3916 6482
695 588 1036 686 ingentem
1074 606 1129 660 in
1159 609 1311 663 cmlis
1337 608 1600 677 accipient
1629 621 1812 661 remu-

83 667 483 793 ξξτριίωθω
525 682 563 722 ³
624 674 915 745 ι)οωὶηο
968 697 1219 750 omnium
1249 706 1409 766 atque
1448 697 1627 764 judice
1655 697 1809 751 vivo-

265 754 354 802 Δί
392 765 804 802 mor-tun"...
885 778 953 802 ι--
1046 801 1054 802 ,
1447 788 1459 802 .
1501 797 1510 802 .
1679 794 1692 802 .
1731 783 1747 802 ι

261 765 354 841 δι.
392 765 836 830 mortuorum.
876 778 957 835 In
1001 801 1210 839 servum
1255 765 1577 841 venundatus
1616 794 1693 840 est
1715 783 1813 839 Jo-

91 826 228 906 ’“"’,-
275 838 377 906 ".
404 846 515 902 see
548 851 621 906 iu
654 862 831 906 main
880 826 1223 906 .....'.Z'§:I=

102 862 831 973 ;;i’_:l:;sffmmn
880 880 1067 973 atque
1096 875 1413 973 impio-actu
1449 892 1551 931 non
1579 879 1813 933 obedivit

278 946 398 1043 fore
426 954 574 997 suae.
607 946 834 1007 Merito
866 969 932 1014 et
969 962 1026 1017 in
1073 967 1232 1019 terris
1269 966 1321 1019 in
1350 964 1583 1037 Egypt!)
1610 1008 1626 1031 .
1675 977 1729 1022 θι
1759 968 1813 1021 in

139 1043 251 1131 ὧν
284 1043 340 1086 ιε
368 1045 428 1086 ιιι
461 1049 761 1131 perpetuo
794 1047 1193 1108 dominabitur
1224 1054 1339 1120 illi,
1369 1070 1487 1123 quas
1520 1056 1708 1110 illicite
1749 1057 1815 1110 ad

170 1138 409 1207 κωεριιε
445 1126 745 1189 dominari
792 1138 930 1195 visa
982 1152 1093 1200 est.
1144 1143 1268 1199 Haec
1316 1146 1518 1201 scilicet
1568 1148 1815 1201 universa

194 1249 285 1301 με,
337 1216 618 1273 bonorum
670 1229 1128 1285 commonitione
1160 1232 1391 1288 diximus
1413 1271 1429 1296 ,
1477 1249 1504 1287 a
1536 1234 1689 1288 beato
1717 1229 1815 1289 .lob

224 1321 384 1371 etiam
413 1326 514 1366 nos
544 1310 615 1368 de
652 1314 750 1370 bis
786 1318 1109 1387 admoniti,
1138 1322 1350 1377 dicente
1378 1338 1444 1377 eo
1490 1325 1767 1379 evidenter
1797 1345 1810 1379 :

232 1405 467 1460 Pusillus
495 1414 543 1459 et
584 1423 821 1476 magnus
853 1411 931 1465 ibi
960 1424 1060 1477 est,
1101 1422 1151 1467 et
1175 1430 1347 1467 servus
1379 1430 1479 1467 non
1507 1415 1688 1467 timens
1725 1415 1814 1466 do-

232 1498 435 1549 minum
478 1511 637 1549 suum
665 1496 739 1553 ν’.
788 1498 1035 1554 Inveniet
1073 1500 1164 1569 qui
1216 1501 1491 1569 inquirere
1523 1500 1810 1561 studuerit,

220 1589 404 1641 etiam
436 1594 632 1641 cetera
658 1587 768 1641 alia
803 1589 893 1643 his
918 1590 1270 1644 consonantia
1295 1629 1310 1655 ,
1337 1599 1392 1644 et
1422 1605 1481 1643 ea
1517 1605 1635 1658 quae
1668 1604 1811 1643 nunc

1206 398 1538 456 APOLOGIA
1576 392 1708 453 PRO
1741 390 2062 456 ORIGENE.
2104 415 2172 434 -δ
2210 386 2548 454 MONITUM.

301 478 545 583 {Ionem
583 498 887 561 gratiam
928 511 1188 572 dominis
1220 518 1332 574 suis
1368 517 1668 573 ostendant.
1699 515 1808 570 llu-
1840 523 1885 579 Α
1915 501 2038 570 istic
2061 526 2157 582 per
2183 513 2423 569 ordinem
2458 553 2475 577 ,
2524 521 2577 568 et
2600 520 2792 568 cuncta
2825 525 2942 583 quae
2990 511 3043 567 in
3077 513 3239 583 priori
3269 520 3451 576 multi-

3342 400 3453 460 5&1

1917 604 2130 674 pliciter
2161 617 2190 655 a
2214 601 2360 671 justo
2391 603 2479 657 illo
2511 610 2634 658 sunt
2661 603 2799 658 dicta
2831 602 2898 658 de
2929 603 3019 659 Dei
3046 606 3407 674 magnitudine
3429 647 3449 676 ,

1914 705 1970 750 et
2020 695 2086 750 de
2113 706 2206 749 sua
2240 694 2519 748 tolerantia
2546 730 2562 758 ,
2597 708 2716 763 quae
2764 695 3015 751 sustinuit
3063 696 3265 765 absque
3294 686 3445 768 culpa

1916 785 2172 839 innocens
2208 784 2259 838 in
2294 793 2579 852 conspectu
2614 783 2703 839 Dei
2727 818 2742 847 ,
2776 792 2829 839 et
2869 800 3051 841 coram
3079 787 3324 843 omnibus
3354 789 3449 844 ho-

1916 873 2146 928 minibus
2170 911 2185 937 ,
2228 888 2345 942 qua:
2374 870 2628 926 sustinuit
2659 885 2779 925 cum
2813 873 3107 941 gratiarum
3149 874 3447 930 actionibus
3524 908 3533 913 ι

1913 975 2075 1033 atque
2106 963 2531 1018 confessionibus
2577 962 2708 1026 Dei,
2741 976 2857 1029 qua:
2900 964 3152 1019 sustinuit
3178 966 3275 1034 pia:
3314 965 3445 1019 tole-

1915 1055 2101 1108 rantiae
2136 1053 2360 1108 formam
2389 1055 2632 1122 praebens
2665 1053 2716 1107 in
2748 1064 3008 1122 perpetuo
3035 1055 3262 1111 cunctis.
3301 1055 3456 1110 Beati

1913 1146 2005 1213 qui
2051 1153 2102 1198 te
2156 1144 2349 1198 iuerint
2406 1144 2640 1208 imitati,
2672 1146 2978 1199 beatissime
3007 1144 3126 1201 Job.
3175 1145 3323 1201 Beati
3352 1145 3446 1215 qui

1914 1243 2003 1286 tua
2054 1233 2274 1303 vestigia
2323 1233 2520 1288 fuerint
2550 1236 2742 1292 secuti.
2793 1235 2940 1290 Beati
2986 1235 3076 1304 qui
3111 1235 3359 1291 similiter
3389 1244 3448 1291 ut

1916 1331 1970 1376 tu
2014 1323 2065 1377 in
2099 1323 2201 1377 lide
2224 1365 2240 1391 ,
2266 1333 2321 1378 et
2351 1324 2545 1393 pietate
2568 1366 2585 1391 ,
2620 1335 2781 1395 atque
2823 1326 2875 1379 in
2905 1326 3140 1381 omnium
3172 1326 3272 1382 sibi
3299 1328 3444 1384 acci-

1909 1413 2144 1466 dentium
2216 1413 2494 1468 tolerantia
2567 1418 2919 1471 consummati
2981 1415 3198 1471 fuerint.
3246 1414 3310 1471 Hi
3358 1431 3445 1471 re-

1907 1502 2184 1569 qniescent
2214 1503 2270 1556 in
2299 1513 2554 1572 perpetuo
2582 1507 2719 1574 apud
2755 1505 2918 1559 Deum
2958 1505 3192 1573 Patrem,
3214 1505 3297 1561 cui
3331 1506 3445 1578 glo-

1916 1590 1993 1643 ria
2019 1588 2070 1643 in
2106 1591 2301 1645 saecula
2334 1591 2670 1649 saeculorum.
2703 1594 2891 1648 Amen.

221 1735 3425 1771 Μ

383 1933 948 2164 0Plilll
1040 1934 1252 2160 All
1344 1931 1813 2159 llllIlil

1915 1933 2177 2159 illi
2280 1933 3330 2165 SPEC’I‘AN'I‘IA.
3425 1917 3428 1921 ’

1468 2463 2263 2578 ADMONITIO

774 2687 886 2748 AD
922 2682 1536 2747 APOLOGETICUM
1580 2681 1970 2742 LIBELLUM
2013 2679 2499 2761 S.___13AMPHlLl
2541 2675 2948 2742 MARTYRIS

1566 2780 1720 2840 PRO
1761 2779 1947 2840 ORIG
1957 2779 2146 2843 ENE.‘

1826 2947 1897 2967 ἡ

277 3106 340 3168 ι.
389 3110 508 3167 Sub
537 3109 705 3164 linem
733 3106 863 3161 anni
894 3104 1065 3174 quinti
1095 3112 1374 3159 commota:
1403 3116 1432 3156 a
1479 3102 1803 3157 Diocletiano

1915 3101 2010 3172 Γὴν
2048 3099 2105 3153 δὲ
2145 3098 2281 3170 ὑπὲρ
2337 3098 2635 3169 Ὦριγένους
2659 3093 3022 3164 Ἀπολογίαν,
3055 3092 3129 3158 ὡς
3167 3094 3391 3166 ἔφημεν,
3421 3095 3452 3152 ὀ

181 3204 577 3274 imperatore
621 3199 892 3252 adversus
940 3194 1237 3250 Ecclesiam
1288 3192 1710 3261 persecutionis,
1754 3190 1807 3244 id

179 3305 290 3353 est
332 3292 556 3349 Christi
590 3289 722 3352 307,
766 3286 1099 3356 Pamphilus,
1135 3284 1347 3338 natione
1375 3282 1623 3347 Phoenix,
1652 3283 1809 3336 domo

185 3381 512 3453 Berytius,
569 3377 769 3441 Pierii,
815 3383 877 3429 ut
924 3372 1114 3428 scribit
1156 3370 1402 3434 Photius,
1439 3369 1810 3425 Alexandrinae

187 3471 498 3527 Ecclesiae
537 3465 856 3538 presbyteri
893 3462 1207 3533 discipulus.
1242 3458 1330 3529 qui
1364 3468 1474 3513 tum
1523 3460 1665 3514 inter
1692 3456 1809 3513 Ca3-

189 3563 504 3619 sariensis
538 3558 806 3614 Ecclesia:
849 3553 1193 3625 presbyteros
1223 3551 1509 3615 eminebat,
1541 3558 1728 3620 captus
1757 3556 1813 3603 et

194 3653 264 3707 in
300 3666 610 3708 carcerem
647 3645 953 3715 conjectus,
998 3643 1201 3697 biennii
1237 3643 1463 3712 spatium
1492 3640 1548 3695 in
1592 3639 1813 3694 vinculis

193 3742 438 3811 exegit.
474 3741 556 3795 Eo
606 3748 858 3806 tempore
887 3733 1151 3789 Eusebius
1184 3733 1411 3787 amicum
1441 3740 1494 3786 et
1525 3731 1811 3785 contuber-

194 3838 417 3894 nalem
455 3847 628 3889 suum
679 3828 922 3884 invisens
972 3824 1211 3887 assidue,
1248 3838 1341 3877 seu
1390 3821 1659 3876 communi
1687 3836 1811 3875 cum

196 3943 281 3983 eo
311 3936 559 3979 carcere
592 3917 860 3976 inclusus,
910 3923 964 3966 ut
994 3912 1071 3965 ait
1104 3910 1338 3972 Photius,
1375 3911 1607 3980 quinque
1645 3909 1813 3964 libros

203 4013 585 4086 D€f¢nsionis
663 4005 911 4074 Origenis
966 4004 1016 4055 in
1071 4015 1288 4055 carcere
1349 4014 1449 4052 una
1510 4014 1632 4053 cum
1686 3998 1812 4064 illo,

203 4118 455 4164 sextum
496 4115 652 4155 vero
696 4107 755 4151 et
814 4095 1059 4148 ultimum
1106 4090 1342 4159 ejusdem
1388 4090 1563 4155 Operis
1621 4088 1814 4143 librum

206 4206 461 4251 morum
506 4194 734 4246 deum!“
788 4183 1021 4239 absolvit
1070 4179 1373 4249 Pamphilo.
1442 4173 1632 4231 Totum
1681 4192 1814 4246 opus

208 4282 659 4340 confessor-ibus
696 4277 765 4328 ad
811 4272 1025 4328 metalla
1064 4269 1359 4324 Palestina:
1406 4267 1719 4338 degentibus
1748 4266 1813 4322 ab

212 4373 479 4429 Eusebio
510 4380 570 4425 et
607 4363 895 4434 Pamphilo
948 4368 1309 4427 nuncupatum
1332 4366 1434 4422 est,
1465 4359 1814 4424 quemadmo-

1909 3190 2188 3261 Πάμφιλος
2242 3190 2335 3243 σὺν
2385 3184 2625 3256 Εὐσεδίῳ
2650 3184 3037 3257 καθειργμένος
3071 3182 3148 3253 τῷ
3195 3184 3451 3254 οἰκήματι

1912 3279 2314 3351 συνεγράψατο,
2372 3276 2467 3330 καὶ
2521 3274 2721 3345 ταύτην
2770 3273 2904 3345 πρὸς
2959 3274 3081 3335 τοὺς
3133 3272 3190 3325 ἐν
3253 3271 3449 3343 μετάλ-

1909 3371 2019 3434 λοις
2048 3370 2135 3423 διὰ
2170 3367 2397 3440 Χριστὸν
2423 3359 2957 3436 ταλαιπωρουμένους
2979 3361 3335 3432 διεπέμψατω
3374 3354 3450 3416 ὧν

1907 3457 1975 3532 ἦν
2000 3459 2061 3513 τὸ
2093 3458 2411 3530 ἀκροθίνιον,
2465 3449 2882 3525 Πατερμούθιος,
2931 3452 2960 3504 ὀ
2986 3451 3120 3523 μετὰ
3148 3450 3319 3522 βραχὺ
3350 3450 3451 3521 τῆς

1910 3549 2189 3621 Παμφίλου
2222 3546 2554 3609 ἀναλύσεως,
2595 3544 2682 3598 διὰ
2709 3543 2875 3613 πυρὸς
2902 3543 2995 3595 καὶ
3018 3538 3177 3605 αὐτὸς
3206 3542 3301 3594 σὺν
3333 3539 3451 3593 ἑτέ-

1913 3656 2025 3713 ροις
2050 3639 2140 3693 τὸν
2187 3636 2297 3710 βίον
2331 3635 2647 3699 τιλειωθείς.
2687 3652 2705 3686 ι
2743 3632 2867 3700 Ejus
2912 3646 3075 3701 porro
3120 3629 3452 3701 Apologiam,

1911 3741 1971 3786 ut
1995 3730 2249 3792 diximus,
2280 3725 2586 3793 Pamphilus
2616 3739 2719 3778 una
2756 3737 2877 3776 cum
2907 3718 3153 3785 Eusebio,
3182 3718 3452 3775 communi

1914 3836 2133 3877 carcere
2168 3818 2360 3874 inclusi
2392 3816 2845 3885 conscripserunt,
2876 3810 3318 3879 eamdemque'ad
3356 3825 3450 3865 eos

1912 3912 2002 3982 qui
2034 3926 2129 3981 pro
2152 3908 2349 3964 Christi
2380 3906 2593 3963 nomine
2618 3906 2685 3959 ad
2729 3904 2941 3959 metalla
2968 3902 3200 3957 damnati
3231 3914 3452 3956 exerce-

1912 4000 2128 4063 bantur,
2176 3995 2525 4053 consolationi
2575 3995 2868 4058 miserunt;
2931 4005 3155 4060 quorum
3203 3990 3450 4058 princeps

1914 4095 2032 4141 erat
2075 4082 2494 4150 Paterniuthius,
2542 4080 2633 4150 Qui
2662 4088 2781 4148 post
2821 4076 3078 4145 Pamphili
3105 4091 3199 4144 per
3250 4086 3452 4145 marty-

1916 4170 2052 4224 rium
2123 4148 2575 4238 emigrationem;
2629 4165 2777 4220 brevi
2843 4164 3123 4233 interiecto
3189 4172 3448 4231 tempore,

1914 4259 2142 4313 ﬂaminis
2180 4270 2233 4312 et
2264 4259 2375 4325 ipse
2420 4270 2540 4311 cum
2572 4254 2692 4308 aliis
2726 4253 2832 4306 vita
2867 4251 3049 4321 pulsus
3092 4260 3191 4305 est.
3227 4268 3247 4303 ι
3280 4249 3450 4321 Hujus

1916 4348 2179 4417 Apologia:
2215 4344 2469 4400 Eusebius
2512 4343 2604 4397 lib.
2639 4358 2690 4396 νι
2721 4341 2859 4395 Hist.
2911 4338 3060 4405 εισι,
3108 4355 3228 4409 cap.
3259 4340 3348 4405 53,
3375 4340 3451 4394 sic

216 4428 375 4519 idum
393 4459 598 4516 scribit
647 4428 790 4509 idem
824 4450 1045 4504 Photius
1076 4446 1376 4499 Bibliomec.
1422 4443 1605 4498 codice
1651 4455 1813 4497 cxvm

1917 4439 2159 4493 meminit
2197 4454 2212 4490 :
2246 4437 2384 4489 Ὅσα
2432 4436 2488 4487 δὲ
2523 4436 2783 4501 ἀναγκαῖα
2810 4431 2915 4484 τῶν
2937 4430 3063 4501 περὶ
3090 4430 3249 4483 αὑτὸν
3278 4428 3453 4501 (Ὠρι-

218 4554 325 4607 his
354 4551 542 4605 verbis
578 4564 593 4599 :
636 4538 976 4608 Ἀνεγνώσθη
1007 4532 1285 4605 Παμφίλου
1310 4532 1401 4584 τοῦ
1432 4531 1700 4602 μάρτυρος
1724 4531 1817 4582 καὶ

218 4641 509 4696 Εὐσεὸίου
561 4635 707 4704 ὑπὲρ
745 4629 1068 4700 Ὠριγὲνους·
1102 4625 1254 4693 τόμοι
1299 4617 1354 4675 δὲ
1397 4622 1456 4673 τὸ
1489 4620 1684 4690 βιϐλίον
1736 4618 1813 4685 ἒξ,

218 4728 309 4786 ὧν
340 4734 391 4785 οἱ
421 4731 525 4801 μὲν
562 4726 755 4784 πέντε,
790 4716 1057 4788 Παμφίλῳ
1077 4714 1137 4767 τὸ
1164 4711 1529 4781 δεσμωτήριον
1552 4708 1813 4770 οἰκοῦντι,

226 4798 640 4894 συμπαρόντος
696 4810 796 4867 καὶ
858 4806 1136 4865 Εὐσεϐίου,
1193 4799 1619 4894 ὲξεπονήθησανῇ·
1670 4800 1697 4850 ὁ
1738 4798 1817 4894 ,δὲ

223 4886 598 4976 ἓκέοςίὲπεὶ
629 4909 660 4959 ὁ
711 4902 921 4973 μάρτυς
956 4897 1094 4964 ξίφει
1119 4892 1211 4947 τοῦ
1261 4892 1356 4961 ζῇν
1393 4887 1671 4958 ἀπαχθεὶς,
1727 4886 1818 4938 ἀνε-

225 5007 406 5061 ἐλυσε
456 5001 605 5072 πρὸς
644 4996 704 5048 ὃν
736 4990 919 5044 ἐπόθει
961 4986 1111 5049 Θεὸν,
1160 4981 1398 5051 Εὑσεὸίῳ
1432 4977 1819 5072 λοιπὸν-ἀπαρ-

208 5096 476 5156 τίζεται.
584 5085 739 5141 Lecti
768 5089 896 5136 sunt
940 5075 1201 5146 Pamphili
1245 5069 1497 5140 martyris
1530 5078 1583 5122 et
1610 5066 1820 5119 Eusebii

194 5194 325 5249 pro
370 5182 630 5249 Origene
664 5172 788 5226 libri
814 5183 932 5231 sex,
957 5179 1182 5234 quorum
1215 5161 1449 5249 quinque
1470 5166 1593 5249 sunt
1613 5172 1642 5209 a
1661 5156 1819 5249 Pam-

180 5244 390 5340 Dbilo
428 5244 510 5326 in_
540 5278 794 5322 carcere,
846 5265 1104 5326 praesente
1147 5253 1307 5307 etiam
1354 5246 1608 5340 Eusebio,
1637 5244 1818 5299 elabo-

176 5334 339 5420 rati
377 5340 401 5416 ξ
434 5367 645 5416 sextus
676 5366 804 5406 vero
832 5357 1111 5417 postquam
1149 5342 1259 5410 jam
1290 5349 1493 5407 martyr
1534 5334 1673 5387 ferro
1710 5335 1820 5401 pri-

167 5456 401 5511 valgus
432 5452 585 5508 vita.
642 5443 711 5496 ad
752 5440 907 5493 unice
937 5434 1294 5491 desideratum
1335 5430 1497 5483 Deum
1542 5423 1817 5492 migrarat,

154 5538 247 5592 ab
331 5538 597 5599 Eusebio
646 5540 735 5586 est
765 5526 1058 5583 absolutus.
1096 5542 1115 5576 ι
1158 5522 1226 5577 Ει
1251 5518 1432 5591 paucis
1475 5512 1817 5580 interjcctis:

230 5716 298 5749 δ”
322 5715 495 5772 Ἔδει.
529 5723 649 5771 civ,
685 5705 770 5757 l7.
843 5701 884 5732 ⁸⁷
915 5699 1009 5755 Job
1038 5714 1126 5762 Ill,
1154 5697 1235 5751 l9.

452 5806 750 5863 ΡΑτιιοι..
796 5793 907 5853 Gn.
956 5789 1147 5851 XVll.

1914 4529 2095 4599 γένην)
2146 4529 2426 4597 διαγνῶναι
2452 4522 2539 4596 ἢν,
2567 4524 2735 4577 ταῦτα
2761 4523 2852 4575 καὶ
2880 4523 2944 4575 ὲκ
2981 4523 3077 4593 τῆς
3123 4520 3261 4591 ὑπὲρ
3291 4519 3451 4574 αὑτοῦ

1917 4617 2289 4688 πεπονημένης
2312 4619 2439 4687 ἡμῖν
2461 4632 2519 4667 τε
2552 4614 2643 4668 καὶ
2670 4613 2747 4684 τῷ
2769 4612 2888 4666 καθ’
2917 4612 3061 4681 ἡμᾶς
3093 4609 3223 4680 ιερῷ
3251 4610 3453 4680 μάρτυ-
3561 4644 3566 4649 -

1918 4724 1971 4777 ρι
2023 4705 2285 4775 Παμφίλῳ
2341 4703 2704 4771 Ἀπολογίας,
2756 4701 3013 4772 πάρεστιν
3064 4698 3449 4764 ἀναλέξασθαιο

1916 4795 1980 4864 ἠν
2015 4794 2120 4846 τῶν
2155 4792 2426 4862 φιλαιτίων
2450 4793 2606 4844 ἕνεκα
2636 4792 3067 4862 συμπονήσαντες
3082 4790 3349 4859 ἀλλήλοις,
3368 4788 3455 4842 διὰ

1920 4882 2147 4951 σπουδῆς
2172 4880 2528 4951 πεποιήμεθα.
2567 4898 2586 4932 ι
2617 4879 2952 4948 Quazcunque
2977 4893 3104 4933 vero
3128 4891 3346 4932 necesse
3371 4885 3455 4931 est

1922 4973 1986 5024 de
2027 4971 2115 5024 illo
2148 4969 2421 5041 (Origene)
2466 4984 2771 5039 agnoscere,
2822 4983 2884 5023 ea
2940 4968 3045 5038 peti
3108 4975 3331 5035 possunt
3387 4981 3454 5018 ex

1922 5059 2249 5129 Apologetico
2305 5062 2395 5127 qui
2447 5076 2476 5112 a
2529 5058 2681 5114 nobis
2731 5066 2786 5112 et
2831 5072 2862 5111 a
2902 5063 3244 5111 sacrosancto
3283 5053 3453 5108 nostri

1927 5150 2180 5217 temporis
2236 5159 2469 5220 martyre
2506 5147 2783 5219 Pamphilo
2827 5161 2929 5218 pro
2973 5146 3117 5200 illius
3152 5141 3456 5196 defensione

1926 5240 2256 5310 conscriptus
2286 5251 2405 5306 est;
2452 5255 2607 5308 quem
2643 5240 2853 5309 quidem
2898 5251 3000 5291 nos
3037 5241 3256 5303 propter
3300 5228 3462 5282 male-

1922 5330 2071 5383 volos
2100 5333 2357 5399 quosdam
2382 5332 2767 5386 obtrectatores
2789 5325 3066 5385 communi
3091 5318 3268 5376 studio
3300 5325 3466 5383 atque

1923 5435 2080 5490 opera
2109 5420 2333 5488 iunctim
2371 5422 2778 5477 elaboravimus.
2831 5440 2849 5471 ι
2905 5419 3160 5473 Socrates
3203 5407 3339 5456 item
3373 5402 3468 5490 lib:

1924 5484 1980 5567 ιιι
2032 5484 2167 5567 Hist.
2201 5512 2405 5579 cedem,
2452 5528 2571 5583 cap.
2616 5506 2648 5565 7
2688 5528 2702 5565 :
2759 5506 3040 5577 Ὠριγένης
3084 5496 3140 5548 δὲ
3187 5484 3478 5555 παντο.χοῦ

3089 5741 3161 5802 17
