3916 6416
606 391 726 446 ’525

1785 367 1842 422 S.
1880 365 2198 421 PAMPHILI
2235 361 2589 419 MARTYRIS
3646 360 3727 418 524

623 506 718 576 μὲν
749 505 803 556 ὲν
833 501 938 562 τοῖς
989 494 1296 566 φερομένοις
1347 489 1506 544 α’ὗτοῦ
1543 488 1763 560 βιϐλίοις
1794 487 2028 558 ἔμψυχον
2057 485 2145 539 τὸν

2247 482 2502 544 exercuit,
2535 478 2734 532 nullam
2767 475 2825 530 in
2859 485 2960 529 suo
2985 469 3240 539 Catalogo
3267 469 3476 523 virorum
3499 470 3728 530 illustrium

620 589 1093 662 ὲνανθρωπήσαντα
1124 579 1256 636 οἶδεν
1281 598 1296 613 ο
1346 580 1524 644 ίδικῶς
1567 580 1622 632 δὲ
1661 581 1690 632 ὁ
1738 579 1826 643 εἰς
1845 577 1961 644 τὴν
1984 577 2155 628 Γένε-

618 697 718 737 σιν
736 676 878 747 αὗτῷ
902 673 1265 743 πεπονημένος
1293 671 1506 734 ἔννατος
1526 671 1706 740 τόμος,
1737 667 1798 721 τδ
1821 667 1946 737 περὶ
1970 666 2153 718 τούτου

620 762 902 834 μυστήριον
956 759 1310 829 ἐφανέρωσεν,
1351 757 1478 811 ἔνθα
1542 755 1709 826 Ἀδὰμ
1762 754 1858 824 μὲν
1887 754 1976 806 τὸν
2027 755 2156 824 Χρι-

615 855 752 918 στὸν,
786 852 927 905 Εὕαν
952 851 1026 915 δὲ,
1045 850 1140 920 τὴν
1171 848 1486 918 Ἐκκλησίαν
1517 844 1650 900 εἷναι
1675 845 1998 916 πλατύτερον
2030 846 2155 897 κατ-

612 943 900 997 εσκεύασεο
954 942 1225 1011 μάρτυρες
1273 939 1473 991 τούτων
1519 937 1832 1001 ἀξιόπιστοι,
1875 937 1981 988 ὅτε
2015 935 2154 1003 ἱερὸς

609 1032 906 1102 Πάμφιλος,
960 1032 1049 1084 οιαὶ
1093 1031 1120 1081 ὁ
1160 1029 1218 1092 ἐξ
1269 1028 1429 1081 αὑτοῦ
1457 1026 1802 1098 χρηματίζων
1855 1026 2149 1088 Εὐσέϐιος·

605 1124 772 1194 ἄμφω
803 1121 910 1193 γὰρ
938 1125 1087 1191 κοινῇ
1116 1121 1202 1173 τὸν
1245 1119 1542 1189 Ὠριγὲνους
1569 1117 1979 1188 παρατιθέμενοι
2020 1115 2149 1185 βίον,

603 1213 703 1264 καὶ
732 1210 865 1280 πρὸς
901 1209 1022 1271 τοὺς
1066 1210 1128 1259 ὲκ
1181 1204 1495 1276 προλήψεως
1519 1202 1983 1273 ἀπεχθανομένους
2020 1199 2152 1270 πρὸς

610 1302 699 1354 τὸν
730 1301 897 1371 ἄνδρα
937 1297 1293 1359 ἁπαντῶντες,
1345 1293 1569 1358 ἐνδόξοις
1615 1291 1832 1362 βιϐλίοις
1864 1289 2150 1358 ἀπολογίαν

603 1392 758 1465 ’ὑπὲρ
797 1388 956 1442 αὑτοῦ
1001 1386 1324 1456 ποιούμενοι,
1370 1383 1429 1435 οὐ
1484 1381 1693 1451 πρῶτον
1738 1381 2012 1452 Ὠριγὲνην
2062 1378 2152 1433 ἐπὶ

523 1535 528 1539 ,
609 1480 807 1551 ταύτην
831 1480 926 1550 τὴν
953 1477 1324 1549 πραγματείαν
1355 1477 1524 1530 ὲλθεῖν
1561 1491 1740 1544 φασιν,
1773 1474 1905 1527 ἀλλὰ
1929 1473 2025 1544 τὴν
2055 1474 2151 1543 τῆς

620 1569 940 1640 Ἐκκλησίας
983 1566 1243 1638 μυστικὴν
1271 1566 1595 1637 ἑρμηνεῦσαι
1620 1563 1926 1635 παράδοσιν.
1969 1581 1987 1612 ι
2025 1563 2147 1617 Ori-

610 1672 772 1726 genes
817 1670 1026 1726 quoque
1073 1656 1128 1710 in
1181 1656 1430 1710 omnibus
1479 1653 1631 1706 libris
1681 1652 1814 1716 suis,
1877 1651 2147 1705 Christum

613 1748 879 1803 hominem
920 1746 1116 1800 factum
1163 1747 1340 1799 anima
1392 1745 1668 1814 praeditum
1707 1758 1824 1796 esse
1858 1741 2143 1808 agnoscit:

2254 572 2574 626 mentionem
2605 566 2748 620 fecit.

2321 661 2382 715 ll.
2415 662 2568 715 Anno
2615 656 2823 710 Christi
2873 652 3002 716 397,
3036 649 3284 712 Ruﬁnus,
3333 663 3363 704 ο
3410 649 3648 705 Ροιωειίηθ
3689 656 3727 708 in

2253 749 2454 803 Italiam
2483 764 2511 801 a
2558 755 2752 800 sancto
2784 738 3123 800 Chromatio,
3154 737 3492 805 Aquileiensis
3531 739 3731 797 Ecclesia:

2253 841 2521 910 episcopo,
2561 844 2840 896 evocatus,
2877 833 2970 886 ubi
3011 832 3238 885 Romam
3291 828 3510 892 advenit,
3549 833 3730 899 primum

2252 930 2408 998 hujus
2438 927 2703 996 Apologiae
2765 924 2964 978 librum
3017 921 3210 976 Latine
3255 919 3431 980 vertit.
3462 928 3512 974 et
3539 921 3622 974 sub
3647 924 3733 980 solo

2253 1019 2501 1088 martyris
2545 1013 2812 1083 Pamphili
2869 1014 3090 1066 nomine
3139 1009 3440 1078 publicavit.
3478 1010 3576 1064 Cur
3598 1022 3733 1067 autem

2254 1109 2304 1162 id
2334 1108 2511 1176 operis
2534 1118 2825 1174 aggressus
2853 1103 2944 1164 sit,
2975 1101 3054 1154 sic.
3078 1100 3190 1168 ipse
3220 1099 3432 1165 exponit
3454 1098 3537 1150 lih.
3559 1115 3574 1152 ι
3598 1101 3736 1153 adrer-

2251 1214 2338 1251 sus
2372 1195 2750 1263 Hieronymum
2775 1206 2794 1244 :
2823 1209 2842 1241 ‹
2874 1188 2973 1242 Vir
3006 1189 3128 1254 ﬁde,
3161 1187 3469 1248 eruditione,
3497 1187 3736 1253 nobilitate,

2250 1286 2356 1338 vita
2385 1284 2564 1338 clarus
2591 1282 2865 1336 Macarius
2902 1294 3024 1334 cum
3071 1276 3321 1346 opuscula
3354 1277 3586 1330 adversus
3611 1278 3736 1332 fatum

2248 1375 2330 1430 vel
2363 1373 2639 1426 mathesim
2677 1372 2908 1426 haberet
2946 1369 3000 1425 in
3055 1367 3322 1430 manibus,
3379 1367 3657 1432 eaque'utili
3698 1379 3737 1422 et

2249 1464 2650 1534 pernecessario
2703 1462 2901 1516 sudore
2957 1467 3304 1527 componeret
3353 1474 3367 1510 :
3417 1457 3464 1509 in
3512 1457 3736 1522 aliquantis

2246 1570 2394 1620 vero,
2422 1555 2544 1622 quia
2578 1563 2698 1607 erat
2729 1549 3060 1622 perdiﬁicilis
3093 1549 3339 1611 materia,
3366 1547 3430 1602 de
3457 1547 3625 1602 divina:
3644 1547 3735 1603 Pro

2247 1646 2495 1699 videmiae
2547 1642 3042 1713 dispensationibus
3087 1639 3382 1701 haesitaret,
3435 1651 3522 1704 per
3547 1652 3735 1705 soporem

2248 1736 2348 1788 sibi
2380 1751 2408 1787 a
2439 1734 2665 1787 Domino
2695 1731 2798 1786 tale
2827 1731 3031 1800 aliquid
3058 1729 3275 1784 dicebat
3303 1736 3598 1781 ostensum:
3632 1729 3734 1795 quod

612 1838 704 1894 sed
737 1838 1035 1907 specialiter
1061 1837 1112 1890 in
1143 1851 1283 1890 nouo
1313 1845 1456 1889 tomo
1491 1833 1989 1888 Commentariorum
2016 1845 2147 1900 quos
2180 1801 2220 1857 Β
2251 1821 2400 1874 navis
2429 1822 2476 1875 ei
2509 1821 2755 1890 quaedam
2791 1820 3259 1873 demonstraretur
3285 1818 3486 1869 eminus
3513 1815 3738 1868 adventare

612 1930 830 1998 scripsit
856 1930 908 1981 in
948 1926 1207 1989 Genesim,
1245 1927 1401 1996 hujus
1455 1925 1530 1979 rei
1567 1931 1955 1978 sacramentum
1986 1936 2150 1990 expo-

611 2018 688 2071 nit
717 2031 869 2084 :~.quo
907 2015 1024 2071 loco
1060 2015 1318 2068 Adamum
1359 2013 1568 2080 quidem
1601 2011 1819 2072 Christi,
1871 2010 2034 2064 Evam
2061 2024 2150 2063 au-

611 2118 714 2162 tem
735 2101 988 2159 Ecclesiae
1017 2114 1198 2174 typum
1226 2117 1408 2172 gerere
1431 2101 1672 2169 pluribus
1692 2100 1866 2153 verbis
1893 2099 2145 2154 asseruit.

611 2195 774 2262 Hujus
799 2195 875 2248 rei
909 2203 1070 2247 testes
1122 2201 1246 2245 sunt
1285 2188 1686 2256 locupletissimi
1739 2188 1798 2242 S.
1839 2185 2147 2255 Pamphilus

607 2295 683 2352 et,
709 2285 796 2352 qui
823 2284 890 2336 ab
929 2282 1019 2336 illo
1057 2295 1248 2335 nomen
1285 2280 1468 2345 traxit,
1495 2278 1774 2333 Eusebius.
1805 2278 1976 2333 Ambo
2005 2279 2145 2332 enim

609 2387 728 2427 cum
761 2371 919 2425 simul
948 2370 1116 2440 juncti
1154 2369 1314 2422 vitam
1362 2367 1604 2436 Origenis
1635 2366 2060 2442 conscriberent,
2094 2375 2147 2419 et

610 2471 678 2525 iis
699 2469 789 2540 qui
825 2483 892 2522 ex
924 2467 1210 2535 anticipata
1264 2463 1493 2532 quadam
1529 2464 1780 2532 opinione
1824 2477 1942 2517 eum
1987 2478 2146 2516 aver-

610 2562 882 2621 sabantur,
912 2557 1311 2626 responderent,
1341 2554 1392 2607 in
1420 2553 1688 2621 praeclaris
1721 2553 1826 2606 illis
1848 2553 1995 2607 libris
2013 2566 2146 2620 quos

611 2666 708 2720 pro
751 2651 864 2720 ejus
904 2647 1209 2702 defensione
1249 2644 1662 2707 elucubrarunt,
1708 2642 1987 2712 Origenem
2036 2657 2143 2696 non

610 2745 837 2812 primum
883 2743 935 2796 in
969 2743 1068 2796 hoc
1107 2747 1415 2809 argumento
1449 2746 1718 2792 versatum
1781 2751 1898 2790 esse
1941 2735 2143 2798 dicunt,

609 2835 701 2890 sed
727 2832 1004 2904 mysticam
1032 2831 1283 2885 Ecclesiae
1310 2829 1647 2882 traditionem
1678 2841 1794 2881 esse
1823 2826 2146 2893 interpreta-

615 2939 743 2980 tum.
775 2943 794 2977 ι
829 2924 1107 2979 Socratem
1134 2922 1374 2992 sequitur
1404 2920 1736 2988 Nicephorus
1766 2918 2014 2972 Callistus
2048 2916 2142 2971 lib.

605 3035 666 3082 δι.
695 3032 815 3086 cap.
859 3015 948 3070 14.
991 3016 1301 3082 Anonymus
1347 3021 1558 3076 auctor,
1602 3011 1693 3080 qui
1747 3019 1894 3062 sexto
1953 3007 2144 3061 seculo

605 3106 860 3190 epistolas
886 3103 1168 3175 synodicas
1219 3115 1248 3155 a
1281 3100 1347 3156 R.
1381 3100 1438 3153 P.
1468 3099 1616 3168 Lupo
1641 3097 1808 3150 editas
1830 3095 2060 3165 collegit,
2091 3097 2142 3149 in
2173 3121 2213 3178 ο

609 3185 721 3252 suis
748 3197 812 3250 ad
841 3193 1119 3264 epistolam
1164 3191 1265 3245 198
1295 3187 1763 3245 observationibus
1793 3185 1952 3254 hujus
1981 3186 2141 3239 etiam

608 3293 688 3345 sic
719 3287 997 3344 mem-init:
1032 3303 1051 3335 ι
1097 3285 1356 3338 Eusebius
1396 3283 1447 3334 in
1486 3292 1646 3350 opere
1678 3277 2007 3346 apologatico
2048 3292 2145 3344 pro

608 3381 836 3449 Origene
861 3386 914 3430 et
935 3375 1267 3444 dogmatibus
1283 3373 1418 3439 ejus,
1446 3372 1498 3425 id
1520 3380 1622 3434 est,
1644 3383 1736 3437 pro
1769 3368 2144 3436 praeexsisten-

613 3470 686 3523 tia
735 3475 792 3522 et
843 3464 1178 3518 restitutione
1225 3460 1546 3528 composito,
1597 3459 1736 3525 quod
1790 3457 2038 3526 martyris
2093 3471 2145 3511 et

612 3558 776 3627 ipsius
811 3553 1023 3609 Eusebii
1061 3551 1404 3606 Caesariensis
1452 3548 1752 3603 nominibus
1794 3555 2141 3615 praenotatur,

612 3645 792 3700 multis
818 3643 972 3698 valde
999 3641 1403 3711 praecedentium
1427 3638 1644 3693 Patrum
1673 3637 1994 3693 testimoniis
2017 3633 2145 3694 usus

610 3745 692 3789 est
723 3749 820 3803 pro
848 3732 1113 3800 praedictis
1148 3731 1438 3784 erroribus.
1479 3747 1496 3780 ι
1531 3728 1680 3794 Quod
1725 3737 1900 3782 autem
1933 3729 2006 3783 ait
2039 3729 2146 3782 Eu-

610 3825 787 3879 sebius
815 3824 950 3877 hanc
970 3836 999 3876 a
1021 3836 1077 3877 se
1099 3831 1154 3875 et
1179 3835 1208 3873 a
1234 3827 1468 3890 martyre
1490 3819 1764 3889 Pamphilo
1789 3818 2143 3887 Defensionem

610 3913 847 3984 Origenis
892 3911 1053 3967 fuisse
1097 3909 1460 3979 conscriptam
1512 3927 1532 3962 ι
1589 3917 1804 3978 propter
1857 3907 2144 3963 malevolos

607 4003 865 4064 quosdam
894 4003 1300 4064 obtrectatores,
1333 4017 1353 4053 ι
1390 3999 1528 4052 haud
1573 3999 1684 4053 scio
1719 4014 1783 4052 an
1817 4013 1922 4052 non
1956 3999 2142 4068 praeci-

610 4109 712 4164 pue
743 4092 992 4161 respiciat
1031 4090 1372 4157 Methodium,
1399 4088 1604 4160 Olympi
1637 4089 1690 4143 in
1744 4087 1905 4158 Lycia
1932 4089 2143 4157 episco—

607 4200 753 4254 pum,
787 4183 877 4253 qui
918 4192 1026 4267 tum
1067 4181 1367 4236 eruditione
1409 4179 1792 4234 celeberrimus
1833 4188 1970 4233 erat.
2009 4178 2140 4231 Nam

610 4272 910 4344 rjEusebius
925 4271 1266 4326 Caesariensis
1297 4270 1576 4339 episcopus
1599 4287 1618 4320 ο
1651 4269 1838 4338 (verba
1863 4279 1988 4323 sunt
2017 4268 2142 4322 Hie-

609 4363 814 4433 ronymi
845 4362 938 4418 lib.
965 4377 982 4414 t
1007 4360 1270 4430 Apologia?
1301 4359 1546 4413 adversus
1577 4355 1847 4426 Ruﬁnum)
1885 4356 1938 4410 in
1989 4367 2141 4411 sexto

2249 1925 2342 1978 per
2385 1910 2628 1978 pelagus,
2683 1924 2804 1978 quae
2865 1924 2992 1963 cum
3045 1916 3258 1976 portum
3297 1905 3483 1958 fuisset
3531 1903 3736 1972 ingressa,

2245 2003 2415 2055 nodos
2439 2016 2550 2054 sua:
2579 2001 2940 2054 haesitationis
2966 1998 3291 2052 absolveret.
3324 1996 3607 2064 Exsurgens
3627 2009 3734 2056 vero,

2245 2105 2364 2143 cum
2394 2089 2460 2142 de
2491 2088 2608 2142 visu
2657 2089 2928 2143 sollicitus
2965 2089 3252 2156 cogitaret,
3297 2099 3391 2139 nos
3436 2083 3738 2152 supervenisse

2245 2179 2421 2233 aiebat
2444 2179 2496 2231 in
2525 2187 2799 2247 tempore:
2829 2179 3031 2247 quibus
3055 2179 3310 2230 continuo
3331 2185 3382 2230 et
3409 2173 3633 2243 opuscula
3653 2187 3740 2236 sua,

2245 2280 2299 2324 et
2344 2270 2749 2339 ambiguitatem
2797 2269 3084 2333 indicavit,
3135 2278 3190 2322 et
3231 2268 3422 2320 visum.
3467 2263 3586 2329 Quid
3622 2275 3740 2330 porro

2244 2363 2518 2429 Origenes,
2544 2375 2703 2428 quem
2740 2361 3188 2428 opinatissitnum
3216 2357 3352 2427 apud
3380 2355 3576 2410 Graecos
3605 2352 3740 2405 audie-

2249 2462 2350 2516 rat,
2389 2451 2616 2518 sentiret
2652 2450 2720 2504 de
2771 2451 2974 2504 talibus
3017 2456 3418 2519 percunctatur,
3465 2446 3739 2511 breviterque

2244 2542 2344 2596 sibi
2401 2534 2514 2607 ejus
2570 2541 2636 2596 de
2698 2542 2935 2611 singulis
2990 2541 3294 2608 quibusque
3338 2538 3606 2593 sententias
3652 2544 3737 2590 orat

2244 2634 2458 2701 exponi.
2486 2633 2596 2702 Ego
2645 2647 2760 2687 rem
2821 2633 3062 2700 primum
3093 2633 3336 2700 dicebam
3373 2630 3505 2684 factu
3529 2643 3628 2684 esse
3645 2623 3737 2681 difﬁ-

2244 2724 2432 2786 cilem;
2482 2733 2726 2777 sanctum
2763 2733 2948 2778 tamen
2986 2723 3324 2793 Pamphilum
3357 2731 3618 2792 martyrem
3659 2716 3737 2770 diti

2244 2815 2472 2881 quadam
2512 2829 2575 2867 ex
2617 2822 2772 2881 parte
2806 2813 2918 2867 tale
2963 2813 3171 2882 aliquid
3206 2813 3381 2881 operis
3424 2809 3739 2878 conscripsisse

2245 2903 2298 2956 in
2332 2903 2664 2972 Apotogerico
2697 2919 2822 2957 suo.
2857 2902 3136 2958 Continuo
3177 2903 3225 2958 id
3255 2904 3354 2957 sibi
3382 2903 3540 2970 poscit
3564 2901 3608 2952 iu
3629 2897 3737 2951 Lati-

2247 3008 2370 3044 num
2408 2993 2562 3046 verti.
2602 2993 2822 3047 Nullum
2845 2994 3097 3047 dicebam
3153 3007 3237 3046 me
3269 3007 3418 3046 usum
3443 2986 3735 3058 hujuscemodi

2245 3082 2422 3151 operis
2447 3083 2718 3147 habuisse,
2742 3092 2802 3137 et
2827 3085 2895 3138 ad
2928 3083 3182 3138 Latinum
3207 3097 3496 3138 sermonem
3523 3077 3735 3134 tricennali

2245 3173 2352 3240 jam
2385 3186 2519 3240 pene
2548 3173 2756 3227 incuria
2801 3176 3099 3244 torpuisse.
3134 3173 3378 3228 Perstitit
3422 3181 3578 3225 tamen
3598 3168 3737 3236 deprec

2245 3278 2373 3318 cans
2399 3264 2762 3331 qualicunque
2791 3279 3055 3320 sermone
3086 3265 3334 3319 notitiam
3357 3264 3452 3318 sibi
3483 3270 3651 3315 tantum
3668 3272 3736 3310 eo-

2247 3368 2360 3405 rum
2394 3368 2510 3422 quae
2557 3353 2838 3421 cupiebat,
2871 3355 3110 3409 ostendi.
3167 3355 3406 3424 Cumque
3454 3353 3501 3407 id
3524 3364 3611 3420 quo
3629 3346 3735 3420 potui

2243 3457 2489 3497 sermone
2527 3441 2805 3507 fecissem,
2852 3445 3046 3512 majori
3092 3446 3359 3501 desiderio
3415 3443 3641 3499 accensus
3679 3445 3737 3493 est

2243 3534 2308 3586 ad
2354 3532 2443 3586 illa
2487 3531 2603 3601 ipsa
2651 3533 2874 3601 plenius
2919 3538 3319 3605 cognoscenda,
3360 3550 3390 3590 e
3417 3534 3590 3604 quibus
3613 3542 3736 3600 pauca

2244 3623 2330 3676 illa
2359 3636 2476 3690 qua:
2523 3623 2917 3678 transtuleram
2958 3626 3288 3681 videbantur
3316 3637 3588 3694 assumpta.
3618 3621 3737 3675 Ereti.

2242 3721 2446 3767 santem
2483 3727 2568 3765 me
2601 3727 2808 3781 urgere
2837 3717 3223 3772 vehementius
3263 3717 3447 3788 coepit,
3491 3725 3540 3769 et
3563 3713 3644 3769 sub
3673 3709 3737 3764 Dei

2246 3802 2545 3858 testimonio
2571 3806 2873 3860 convenire
2903 3822 2971 3861 ne
2997 3807 3100 3861 sibi
3129 3809 3195 3861 ad
3223 3823 3353 3878 opus
3378 3808 3561 3862 bonum
3586 3817 3678 3872 quas
3698 3813 3738 3853 se

2243 3894 2432 3947 auxilia
2475 3894 2667 3962 juvare
2719 3906 2956 3963 possent
3010 3899 3354 3970 denegarem.
3381 3897 3599 3966 Cumque
3627 3891 3738 3944 velte-

2242 3986 2471 4039 menlius
2501 3985 2807 4054 insisteret,
2867 3995 2926 4042 et
2975 3988 3305 4044 desiderium
3355 3988 3464 4056 ejus
3509 3983 3736 4041 secundum

2245 4074 2409 4128 Deum
2434 4089 2552 4130 esse
2577 4078 2953 4145 perspicerem
2969 4117 2985 4142 ,
3018 4079 3268 4149 acquievi
3295 4077 3590 4141 tandem,'et
3616 4074 3736 4126 inter-

2240 4173 2480 4235 pretatus
2510 4179 2650 4221 sum.
2689 4183 2710 4216 ι
2748 4167 2822 4219 At
2847 4183 2976 4223 vero
3003 4167 3365 4240 Hieranymus
3394 4169 3482 4223 lib.
3519 4181 3571 4222 ιιι
3599 4163 3733 4218 adver-

2238 4271 2326 4308 sus
2362 4253 2607 4323 Ruﬁnum
2636 4255 2718 4310 sic
2749 4254 2970 4313 deridet
3011 4259 3156 4314 bane
3194 4259 3370 4314 Ruﬁni
3398 4255 3734 4313 narrationem:

2245 4363 2263 4396 ι
2307 4344 2351 4399 O
2381 4335 2679 4408 triremem,
2715 4347 2918 4416 inquit,
2948 4349 3448 4420 locupletissimum,
3472 4353 3578 4418 (ius
3595 4342 3735 4400 Orien-

609 4451 744 4506 libro
789 4440 889 4520 τῆς
936 4449 1271 4518 Ἀπολογίας
1324 4446 1568 4516 Origenis
1633 4447 1731 4499 hoc
1783 4444 1921 4498 idem
1959 4444 2139 4512 objicit
2169 4447 2212 4500 ι)
2243 4435 2436 4490 talibus
2462 4444 2516 4489 et
2535 4433 2812 4504 Egyptiis
2849 4441 3131 4496 mercibus
3173 4440 3422 4495 Romana:
3447 4438 3580 4493 urbis
3608 4434 3735 4488 ditare

607 4539 871 4596 Metboiin
895 4539 1139 4606 episcopo
1160 4547 1213 4592 et
1244 4537 1483 4607 martyri,
1507 4535 1648 4604 quod
1685 4545 1739 4588 tu
1774 4534 1826 4589 in
1869 4534 2001 4588 meis
2029 4533 2142 4586 latt-

607 4631 762 4686 dibus
800 4627 1135 4693 criminaris;
1166 4637 1220 4683 et
1253 4629 1384 4682 dicit
1416 4646 1430 4682 :
1471 4645 1490 4679 ι
1531 4626 1804 4692 Quomodo
1852 4641 2014 4679 ausus
2061 4634 2143 4679 est

605 4721 901 4778 Methodius
935 4736 1072 4774 nunc
1098 4731 1280 4774 contra
1307 4719 1589 4788 Origenem
1614 4717 1868 4780 scribere,
1908 4715 1997 4784 qui
2031 4715 2143 4769 haec

604 4815 803 4870 uthac
830 4811 896 4864 de
923 4808 1163 4880 Origenis
1212 4810 1422 4864 locutus
1455 4816 1537 4863 est
1583 4805 1961 4875 dogmatibus?
1997 4824 2016 4857 ι
2056 4804 2145 4859 Li-

607 4905 761 4958 brum
788 4899 867 4954 De
906 4901 1274 4967 resurrectione
1315 4900 1532 4969 scripsit
1555 4898 1854 4953 Methodius
1883 4897 2140 4951 adversus

605 5005 914 5076 Origenem,
948 5003 1167 5058 testibus
1194 5003 1516 5071 Hieronymo
1544 5011 1596 5058 et
1615 5002 1912 5072 Epiphanio
1938 5017 1952 5054 :
1981 5011 2142 5066 atque

606 5101 720 5152 haec
743 5107 905 5151 causa
932 5092 1095 5148 fuisse
1117 5095 1327 5150 videtur
1345 5108 1444 5148 cur
1466 5092 1728 5147 Eusebius
1751 5093 1804 5146 in
1830 5092 1939 5144 suis
1967 5089 2142 5144 Histo-

601 5198 699 5250 ria
717 5191 1080 5249 ecclesiastica
1109 5193 1264 5250 libris
1302 5190 1500 5246 nullam
1547 5189 1665 5258 ejus
1697 5189 2026 5244 mentionem
2068 5187 2143 5241 fe-

600 5297 754 5353 cerit.
784 5293 914 5349 Nam
941 5307 1063 5349 cum
1093 5309 1280 5356 omnes
1309 5292 1422 5348 fere
1468 5290 1862 5347 ecclesiasticos
1908 5288 2137 5356 scripto-

601 5399 759 5456 resin
788 5396 888 5452 hoc
913 5410 1075 5466 opere
1099 5393 1356 5468 accurate
1385 5392 1906 5457 commemoraverit,
1932 5391 2140 5446 Metho-

596 5495 735 5554 dium
762 5503 932 5549 tamen
970 5493 1332 5574 deinduguia
1367 5491 1735 5568 praetermisit,
1760 5504 1826 5544 eo
1850 5489 1990 5557 quod
2019 5487 2142 5541 Ori-

593 5607 792 5661 Eenem,
826 5608 977 5666 quem
1003 5600 1123 5676 ipse
1165 5599 1446 5695 prmcipue
1497 5589 1816 5652 mirabatur,
1864 5587 2140 5652 impugna-

591 5693 764 5750 vissel.
796 5697 895 5778 Sic‘
923 5687 1296 5812 Hiemny'mus
1330 5693 1538 5761 Ruﬁni,
1576 5691 1789 5764 quicum
1836 5687 2134 5746 simultates

2242 4535 2461 4581 venerat
2488 4534 2863 4595 paupertatem
2891 4531 2906 4584 !

2950 4621 3030 4676 Tu
3056 4625 3315 4677 maximus
3335 4622 3422 4676 ille
3450 4636 3518 4685 es,

2382 4701 2526 4758 Unus
2553 4705 2643 4774 qui
2673 4707 2825 4762 nobis
2869 4712 3148 4767 scribenda
3177 4713 3406 4767 restituis
3438 4724 3554 4763 rem.

2241 4793 2380 4865 Ergo
2413 4795 2516 4850 nisi
2559 4797 2624 4850 de
2672 4794 2903 4855 Oriente
2958 4803 3201 4857 venisses
3231 4842 3249 4867 ,
3295 4797 3646 4857 eruditissimus
3677 4787 3734 4840 vir

2243 4885 2471 4940 haereret
2521 4885 2698 4941 adhuc
2762 4889 2907 4945 inter
2971 4893 3400 4957 mathematicos,
3452 4899 3500 4944 et
3547 4881 3732 4942 homines

2241 4975 2558 5041 Christiani,
2591 4977 2721 5044 quid
2777 4991 2971 5036 contra
3017 4982 3185 5037 fatum
3216 4983 3543 5042 dissererent,
3570 4976 3733 5042 ignori'

2241 5076 2380 5122 rent.
2419 5086 2438 5120 ι
2473 5065 2959 5127 Eminentissimus
2990 5071 3284 5128 cardinalis
3309 5068 3536 5125 Norisius
3563 5063 3729 5117 Dium.

2239 5159 2424 5212 histor.
2458 5160 2520 5212 de
2561 5158 2751 5226 synod.
2796 5175 2864 5222 ν,
2910 5175 3034 5232 cap.
3077 5163 3179 5228 15,
3226 5171 3282 5216 ut
3325 5158 3483 5230 aperti
3525 5142 3728 5207 mendacii

2242 5248 2492 5301 lluﬁuum
2534 5257 2748 5317 arguat,
2785 5250 2983 5317 objicit
3018 5252 3072 5306 in
3111 5254 3214 5308 hoc
3245 5248 3567 5320 Apologetico
3593 5235 3729 5296 libello

2239 5352 2396 5406 quem
2432 5338 2530 5393 sub
2563 5338 2785 5393 nomine
2828 5341 3096 5412 Pamphili
3133 5341 3382 5412 martyris
3421 5335 3599 5396 edidit,
3629 5321 3725 5382 nihil

2240 5427 2521 5496 probatura
2559 5427 2663 5496 legi
2707 5436 2903 5482 contra
2937 5432 3348 5485 mathematicos
3370 5427 3448 5481 vel
3477 5422 3561 5478 fati
3594 5428 3724 5471 asser-

2244 5525 2416 5582 tores;
2448 5516 2540 5572 sed
2572 5525 2779 5572 tantum
2811 5520 2878 5575 de
2915 5521 3099 5588 Patre,
3131 5523 3198 5578 de
3237 5521 3355 5576 Filii
3387 5503 3723 5573 aeternitatenlc

2243 5604 2476 5671 Spiritus
2503 5607 2675 5661 sancti
2711 5606 3033 5675 divinitate,
3085 5612 3154 5666 de
3195 5610 3349 5668 Verbi
3389 5598 3717 5662 incarnatione.

2242 5709 2304 5748 ac
2356 5695 2569 5752 Christo
2607 5697 2870 5766 Domino,
2921 5702 2987 5756 de
3023 5701 3199 5772 ptenis
3240 5703 3601 5758 damnatorum,
3640 5691 3720 5738 ett.
