  <div class='ocr_page' id='page_1' title='image "/cluster/home/n/w/nwhite01/storage/ocr_20150623/17 (Origenes, pt. 7)/nyp.33433081862348/274.png"; bbox 0 0 3916 6488; ppageno 0'>
   <div class='ocr_carea' id='block_1_1' title="bbox 119 434 1665 582">
    <p class='ocr_par' dir='ltr' id='par_1_1' title="bbox 119 434 1665 582">
     <span class='ocr_line' id='line_1_1' title="bbox 119 434 1665 582; baseline 0.004 -42"><span class='ocrx_word' id='word_1_1' title='bbox 119 434 292 582; x_wconf 51' lang='grc' dir='ltr'>βὶ</span> <span class='ocrx_word' id='word_1_2' title='bbox 377 567 393 582; x_wconf 46' lang='grc' dir='ltr'>ι</span> <span class='ocrx_word' id='word_1_3' title='bbox 1219 493 1554 550; x_wconf 80' lang='lat' dir='ltr'><strong>APOLOGIA</strong></span> <span class='ocrx_word' id='word_1_4' title='bbox 1592 493 1665 547; x_wconf 72' lang='grc' dir='ltr'>ΡΠ</span> 
     </span>
    </p>
   </div>
   <div class='ocr_carea' id='block_1_2' title="bbox 1921 434 3467 582">
    <p class='ocr_par' dir='ltr' id='par_1_2' title="bbox 1921 489 3467 555">
     <span class='ocr_line' id='line_1_2' title="bbox 1921 489 3467 555; baseline 0.002 -11"><span class='ocrx_word' id='word_1_5' title='bbox 1921 490 2070 545; x_wconf 84' lang='lat' dir='ltr'><strong>ENE.</strong></span> <span class='ocrx_word' id='word_1_6' title='bbox 2110 517 2176 532; x_wconf 63' lang='grc' dir='ltr'><strong>-ε-</strong></span> <span class='ocrx_word' id='word_1_7' title='bbox 2215 489 2545 548; x_wconf 74' lang='grc' dir='ltr'><strong>ΜΟΜΤΙΙΜ.</strong></span> <span class='ocrx_word' id='word_1_8' title='bbox 3365 499 3467 555; x_wconf 60' lang='grc' dir='ltr'><strong>δας</strong></span> 
     </span>
    </p>
   </div>
   <div class='ocr_carea' id='block_1_3' title="bbox 158 557 3468 681">
    <p class='ocr_par' dir='ltr' id='par_1_3' title="bbox 158 557 3468 681">
     <span class='ocr_line' id='line_1_3' title="bbox 158 557 3468 681; baseline 0.014 -61"><span class='ocrx_word' id='word_1_9' title='bbox 158 635 186 678; x_wconf 50' lang='grc' dir='ltr'><em>ι</em></span> <span class='ocrx_word' id='word_1_10' title='bbox 253 557 820 681; x_wconf 40' lang='grc' dir='ltr'><strong>ψοὲιιπυβςῑιυτ,</strong></span> <span class='ocrx_word' id='word_1_11' title='bbox 879 597 1087 671; x_wconf 87' lang='lat' dir='ltr'><strong>inquit.</strong></span> <span class='ocrx_word' id='word_1_12' title='bbox 1123 618 1262 674; x_wconf 86' lang='lat' dir='ltr'><strong>opus</strong></span> <span class='ocrx_word' id='word_1_13' title='bbox 1307 615 1492 661; x_wconf 90' lang='lat' dir='ltr'><strong>contra</strong></span> <span class='ocrx_word' id='word_1_14' title='bbox 1533 605 1830 658; x_wconf 86' lang='lat' dir='ltr'><strong>matbema-</strong></span> <span class='ocrx_word' id='word_1_15' title='bbox 1858 620 1903 675; x_wconf 72' lang='grc' dir='ltr'>Α</span> <span class='ocrx_word' id='word_1_16' title='bbox 1933 602 2062 657; x_wconf 91' lang='lat' dir='ltr'><strong>leris</strong></span> <span class='ocrx_word' id='word_1_17' title='bbox 2092 617 2120 654; x_wconf 90' lang='lat' dir='ltr'><strong>a</strong></span> <span class='ocrx_word' id='word_1_18' title='bbox 2151 611 2202 656; x_wconf 91' lang='lat' dir='ltr'><strong>te</strong></span> <span class='ocrx_word' id='word_1_19' title='bbox 2229 601 2669 671; x_wconf 78' lang='lat' dir='ltr'><strong>posse-contingi.</strong></span> <span class='ocrx_word' id='word_1_20' title='bbox 2699 600 2888 656; x_wconf 80' lang='lat' dir='ltr'><strong>Postea</strong></span> <span class='ocrx_word' id='word_1_21' title='bbox 2925 616 3050 658; x_wconf 86' lang='lat' dir='ltr'><strong>vero</strong></span> <span class='ocrx_word' id='word_1_22' title='bbox 3083 618 3178 673; x_wconf 88' lang='lat' dir='ltr'><strong>per</strong></span> <span class='ocrx_word' id='word_1_23' title='bbox 3206 606 3468 681; x_wconf 83' lang='lat' dir='ltr'><strong>interpre-</strong></span> 
     </span>
    </p>
   </div>
   <div class='ocr_carea' id='block_1_4' title="bbox 181 658 3465 762">
    <p class='ocr_par' dir='ltr' id='par_1_4' title="bbox 181 658 3465 762">
     <span class='ocr_line' id='line_1_4' title="bbox 181 658 3465 762; baseline 0.01 -40"><span class='ocrx_word' id='word_1_24' title='bbox 181 658 734 762; x_wconf 30' lang='lat' dir='ltr'><strong>ﬁcosnl’amphilus</strong></span> <span class='ocrx_word' id='word_1_25' title='bbox 781 658 1069 758; x_wconf 74' lang='lat' dir='ltr'><strong>scripsit?</strong></span> <span class='ocrx_word' id='word_1_26' title='bbox 1107 711 1126 744; x_wconf 77' lang='grc' dir='ltr'><strong>ι</strong></span> <span class='ocrx_word' id='word_1_27' title='bbox 1161 658 1280 748; x_wconf 59' lang='grc' dir='ltr'><strong>ἐξά</strong></span> <span class='ocrx_word' id='word_1_28' title='bbox 1331 696 1608 762; x_wconf 85' lang='lat' dir='ltr'><strong>responsio</strong></span> <span class='ocrx_word' id='word_1_29' title='bbox 1655 694 1828 748; x_wconf 77' lang='lat' dir='ltr'><strong>facilis</strong></span> <span class='ocrx_word' id='word_1_30' title='bbox 1858 658 1903 675; x_wconf 55' lang='lat' dir='ltr'><strong>ﬂ</strong></span> <span class='ocrx_word' id='word_1_31' title='bbox 1934 693 2186 746; x_wconf 89' lang='lat' dir='ltr'><strong>tationem</strong></span> <span class='ocrx_word' id='word_1_32' title='bbox 2212 703 2353 745; x_wconf 90' lang='lat' dir='ltr'><strong>tuam</strong></span> <span class='ocrx_word' id='word_1_33' title='bbox 2382 693 2676 760; x_wconf 74' lang='lat' dir='ltr'><strong>qumstione</strong></span> <span class='ocrx_word' id='word_1_34' title='bbox 2696 701 2884 747; x_wconf 88' lang='lat' dir='ltr'><strong>contra</strong></span> <span class='ocrx_word' id='word_1_35' title='bbox 2909 691 3190 762; x_wconf 82' lang='lat' dir='ltr'><strong>Origenem</strong></span> <span class='ocrx_word' id='word_1_36' title='bbox 3213 706 3320 751; x_wconf 90' lang='lat' dir='ltr'><strong>toto</strong></span> <span class='ocrx_word' id='word_1_37' title='bbox 3336 658 3465 755; x_wconf 70' lang='lat' dir='ltr'><strong>orbe</strong></span> 
     </span>
    </p>
   </div>
   <div class='ocr_carea' id='block_1_5' title="bbox 213 753 3463 854">
    <p class='ocr_par' dir='ltr' id='par_1_5' title="bbox 213 753 3463 854">
     <span class='ocr_line' id='line_1_5' title="bbox 213 753 3463 854; baseline 0.009 -37"><span class='ocrx_word' id='word_1_38' title='bbox 213 768 316 842; x_wconf 62' lang='lat' dir='ltr'><strong>69t».</strong></span> <span class='ocrx_word' id='word_1_39' title='bbox 340 753 420 816; x_wconf 71' lang='lat' dir='ltr'><strong>Ut</strong></span> <span class='ocrx_word' id='word_1_40' title='bbox 448 764 609 820; x_wconf 85' lang='lat' dir='ltr'><strong>enim</strong></span> <span class='ocrx_word' id='word_1_41' title='bbox 650 769 865 831; x_wconf 86' lang='lat' dir='ltr'><strong>darem</strong></span> <span class='ocrx_word' id='word_1_42' title='bbox 904 753 959 835; x_wconf 81' lang='lat' dir='ltr'><strong>in</strong></span> <span class='ocrx_word' id='word_1_43' title='bbox 994 783 1168 850; x_wconf 89' lang='lat' dir='ltr'><strong>primo</strong></span> <span class='ocrx_word' id='word_1_44' title='bbox 1211 753 1478 854; x_wconf 71' lang='lat' dir='ltr'><strong>Apologia</strong></span> <span class='ocrx_word' id='word_1_45' title='bbox 1524 785 1658 838; x_wconf 92' lang='lat' dir='ltr'><strong>libro</strong></span> <span class='ocrx_word' id='word_1_46' title='bbox 1694 785 1825 840; x_wconf 85' lang='lat' dir='ltr'><strong>nihil</strong></span> <span class='ocrx_word' id='word_1_47' title='bbox 1929 792 2220 846; x_wconf 88' lang='lat' dir='ltr'><strong>commota,</strong></span> <span class='ocrx_word' id='word_1_48' title='bbox 2269 782 2321 835; x_wconf 92' lang='lat' dir='ltr'><strong>in</strong></span> <span class='ocrx_word' id='word_1_49' title='bbox 2369 753 2672 850; x_wconf 72' lang='lat' dir='ltr'><strong>quaerendis</strong></span> <span class='ocrx_word' id='word_1_50' title='bbox 2722 753 3116 851; x_wconf 82' lang='lat' dir='ltr'><strong>exemplaribus</strong></span> <span class='ocrx_word' id='word_1_51' title='bbox 3161 753 3463 853; x_wconf 76' lang='lat' dir='ltr'><strong>diligentior</strong></span> 
     </span>
    </p>
   </div>
   <div class='ocr_carea' id='block_1_6' title="bbox 236 857 3466 936">
    <p class='ocr_par' dir='ltr' id='par_1_6' title="bbox 236 857 3466 936">
     <span class='ocr_line' id='line_1_6' title="bbox 236 857 3466 936; baseline 0.007 -27"><span class='ocrx_word' id='word_1_52' title='bbox 236 862 414 926; x_wconf 51' lang='lat' dir='ltr'><strong>contra</strong></span> <span class='ocrx_word' id='word_1_53' title='bbox 444 857 904 923; x_wconf 73' lang='lat' dir='ltr'><strong>mathematicos</strong></span> <span class='ocrx_word' id='word_1_54' title='bbox 935 870 1130 936; x_wconf 66' lang='lat' dir='ltr'><strong>fuisse,</strong></span> <span class='ocrx_word' id='word_1_55' title='bbox 1155 883 1211 926; x_wconf 69' lang='grc' dir='ltr'><strong>ει</strong></span> <span class='ocrx_word' id='word_1_56' title='bbox 1235 884 1458 929; x_wconf 53' lang='lat' dir='ltr'><strong>ceteros</strong></span> <span class='ocrx_word' id='word_1_57' title='bbox 1493 876 1632 929; x_wconf 80' lang='lat' dir='ltr'><strong>forte</strong></span> <span class='ocrx_word' id='word_1_58' title='bbox 1660 874 1825 930; x_wconf 73' lang='lat' dir='ltr'><strong>libros</strong></span> <span class='ocrx_word' id='word_1_59' title='bbox 1931 867 2029 932; x_wconf 88' lang='lat' dir='ltr'><strong>fui,</strong></span> <span class='ocrx_word' id='word_1_60' title='bbox 2060 879 2114 924; x_wconf 90' lang='lat' dir='ltr'><strong>et</strong></span> <span class='ocrx_word' id='word_1_61' title='bbox 2147 871 2200 924; x_wconf 93' lang='lat' dir='ltr'><strong>in</strong></span> <span class='ocrx_word' id='word_1_62' title='bbox 2235 870 2547 926; x_wconf 57' lang='lat' dir='ltr'><strong>Caesariensi</strong></span> <span class='ocrx_word' id='word_1_63' title='bbox 2591 869 2913 927; x_wconf 82' lang='lat' dir='ltr'><strong>bibliotheca</strong></span> <span class='ocrx_word' id='word_1_64' title='bbox 2945 873 3159 928; x_wconf 85' lang='lat' dir='ltr'><strong>Eusebii</strong></span> <span class='ocrx_word' id='word_1_65' title='bbox 3189 890 3282 928; x_wconf 83' lang='lat' dir='ltr'><strong>sex</strong></span> <span class='ocrx_word' id='word_1_66' title='bbox 3317 878 3466 931; x_wconf 87' lang='lat' dir='ltr'><strong>volu-</strong></span> 
     </span>
    </p>
   </div>
   <div class='ocr_carea' id='block_1_7' title="bbox 257 952 1803 1031">
    <p class='ocr_par' dir='ltr' id='par_1_7' title="bbox 257 952 1803 1023">
     <span class='ocr_line' id='line_1_7' title="bbox 257 952 1803 1023; baseline 0.01 -20"><span class='ocrx_word' id='word_1_67' title='bbox 257 959 551 1022; x_wconf 50' lang='lat' dir='ltr'><strong>sequentes,</strong></span> <span class='ocrx_word' id='word_1_68' title='bbox 588 952 648 1007; x_wconf 90' lang='lat' dir='ltr'><strong>in</strong></span> <span class='ocrx_word' id='word_1_69' title='bbox 678 957 892 1023; x_wconf 86' lang='lat' dir='ltr'><strong>quibus</strong></span> <span class='ocrx_word' id='word_1_70' title='bbox 922 961 1116 1015; x_wconf 84' lang='lat' dir='ltr'><strong>alicubi</strong></span> <span class='ocrx_word' id='word_1_71' title='bbox 1141 963 1368 1018; x_wconf 73' lang='lat' dir='ltr'><strong>forsitan</strong></span> <span class='ocrx_word' id='word_1_72' title='bbox 1399 964 1495 1018; x_wconf 85' lang='lat' dir='ltr'><strong>fati</strong></span> <span class='ocrx_word' id='word_1_73' title='bbox 1527 974 1803 1019; x_wconf 84' lang='lat' dir='ltr'><strong>assertore:</strong></span> 
     </span>
    </p>
   </div>
   <div class='ocr_carea' id='block_1_8' title="bbox 1911 952 3457 1031">
    <p class='ocr_par' dir='ltr' id='par_1_8' title="bbox 1929 957 3457 1031">
     <span class='ocr_line' id='line_1_8' title="bbox 1929 957 3457 1031; baseline 0.006 -20"><span class='ocrx_word' id='word_1_74' title='bbox 1929 960 2070 1012; x_wconf 87' lang='lat' dir='ltr'><strong>mina</strong></span> <span class='ocrx_word' id='word_1_75' title='bbox 2100 961 2273 1028; x_wconf 85' lang='lat' dir='ltr'><strong>reperi</strong></span> <span class='ocrx_word' id='word_1_76' title='bbox 2299 957 2638 1029; x_wconf 78' lang='grc' dir='ltr'><em>Ἀπολογίας</em></span> <span class='ocrx_word' id='word_1_77' title='bbox 2652 959 2800 1028; x_wconf 77' lang='grc' dir='ltr'><strong>ὑπὲρ</strong></span> <span class='ocrx_word' id='word_1_78' title='bbox 2824 957 3171 1031; x_wconf 80' lang='grc' dir='ltr'><strong>Ὦριγένους.</strong></span> <span class='ocrx_word' id='word_1_79' title='bbox 3191 964 3318 1030; x_wconf 68' lang='lat' dir='ltr'><strong>Quae</strong></span> <span class='ocrx_word' id='word_1_80' title='bbox 3339 981 3457 1020; x_wconf 90' lang='lat' dir='ltr'><strong>cum</strong></span> 
     </span>
    </p>
   </div>
   <div class='ocr_carea' id='block_1_9' title="bbox 263 1043 3460 1123">
    <p class='ocr_par' dir='ltr' id='par_1_9' title="bbox 263 1043 3460 1123">
     <span class='ocr_line' id='line_1_9' title="bbox 263 1043 3460 1123; baseline 0.003 -24"><span class='ocrx_word' id='word_1_81' title='bbox 263 1043 702 1111; x_wconf 77' lang='lat' dir='ltr'><strong>confutabantur,</strong></span> <span class='ocrx_word' id='word_1_82' title='bbox 746 1047 949 1106; x_wconf 82' lang='lat' dir='ltr'><strong>Latine</strong></span> <span class='ocrx_word' id='word_1_83' title='bbox 992 1054 1221 1108; x_wconf 78' lang='lat' dir='ltr'><strong>reddere</strong></span> <span class='ocrx_word' id='word_1_84' title='bbox 1253 1055 1305 1108; x_wconf 77' lang='lat' dir='ltr'><strong>in</strong></span> <span class='ocrx_word' id='word_1_85' title='bbox 1339 1055 1517 1110; x_wconf 82' lang='lat' dir='ltr'><strong>animo</strong></span> <span class='ocrx_word' id='word_1_86' title='bbox 1562 1065 1680 1109; x_wconf 82' lang='lat' dir='ltr'><strong>erat</strong></span> <span class='ocrx_word' id='word_1_87' title='bbox 1710 1055 1820 1108; x_wconf 76' lang='lat' dir='ltr'><strong>Ru-</strong></span> <span class='ocrx_word' id='word_1_88' title='bbox 1928 1048 2198 1118; x_wconf 82' lang='lat' dir='ltr'><strong>legissem,</strong></span> <span class='ocrx_word' id='word_1_89' title='bbox 2239 1051 2468 1119; x_wconf 91' lang='lat' dir='ltr'><strong>primum</strong></span> <span class='ocrx_word' id='word_1_90' title='bbox 2506 1066 2626 1104; x_wconf 92' lang='lat' dir='ltr'><strong>eum</strong></span> <span class='ocrx_word' id='word_1_91' title='bbox 2679 1051 2874 1105; x_wconf 89' lang='lat' dir='ltr'><strong>librum</strong></span> <span class='ocrx_word' id='word_1_92' title='bbox 2909 1053 3270 1120; x_wconf 79' lang='lat' dir='ltr'><strong>deprehendi,</strong></span> <span class='ocrx_word' id='word_1_93' title='bbox 3303 1069 3460 1123; x_wconf 84' lang='lat' dir='ltr'><strong>quem</strong></span> 
     </span>
    </p>
   </div>
   <div class='ocr_carea' id='block_1_10' title="bbox 262 1138 3460 1208">
    <p class='ocr_par' dir='ltr' id='par_1_10' title="bbox 262 1138 3460 1208">
     <span class='ocr_line' id='line_1_10' title="bbox 262 1138 3460 1208; baseline 0.003 -19"><span class='ocrx_word' id='word_1_94' title='bbox 262 1139 391 1201; x_wconf 74' lang='lat' dir='ltr'><strong>ﬁtto,</strong></span> <span class='ocrx_word' id='word_1_95' title='bbox 420 1151 583 1207; x_wconf 83' lang='lat' dir='ltr'><strong>quem</strong></span> <span class='ocrx_word' id='word_1_96' title='bbox 632 1140 704 1192; x_wconf 86' lang='lat' dir='ltr'><strong>ah</strong></span> <span class='ocrx_word' id='word_1_97' title='bbox 746 1140 858 1196; x_wconf 86' lang='lat' dir='ltr'><strong>hoc</strong></span> <span class='ocrx_word' id='word_1_98' title='bbox 905 1141 1089 1198; x_wconf 80' lang='lat' dir='ltr'><strong>labore</strong></span> <span class='ocrx_word' id='word_1_99' title='bbox 1125 1145 1380 1198; x_wconf 77' lang='lat' dir='ltr'><strong>deterruit</strong></span> <span class='ocrx_word' id='word_1_100' title='bbox 1430 1145 1575 1199; x_wconf 74' lang='lat' dir='ltr'><strong>solus</strong></span> <span class='ocrx_word' id='word_1_101' title='bbox 1645 1145 1822 1199; x_wconf 74' lang='lat' dir='ltr'><strong>Maca-</strong></span> <span class='ocrx_word' id='word_1_102' title='bbox 1925 1147 1980 1191; x_wconf 92' lang='lat' dir='ltr'><strong>tu</strong></span> <span class='ocrx_word' id='word_1_103' title='bbox 2013 1138 2158 1193; x_wconf 89' lang='lat' dir='ltr'><strong>solus</strong></span> <span class='ocrx_word' id='word_1_104' title='bbox 2191 1142 2289 1195; x_wconf 87' lang='lat' dir='ltr'><strong>sub</strong></span> <span class='ocrx_word' id='word_1_105' title='bbox 2324 1141 2537 1194; x_wconf 87' lang='lat' dir='ltr'><strong>nomine</strong></span> <span class='ocrx_word' id='word_1_106' title='bbox 2576 1141 2828 1208; x_wconf 77' lang='lat' dir='ltr'><strong>martyris</strong></span> <span class='ocrx_word' id='word_1_107' title='bbox 2862 1141 3096 1204; x_wconf 84' lang='lat' dir='ltr'><strong>edidisti,</strong></span> <span class='ocrx_word' id='word_1_108' title='bbox 3139 1144 3204 1196; x_wconf 89' lang='lat' dir='ltr'><strong>de</strong></span> <span class='ocrx_word' id='word_1_109' title='bbox 3237 1140 3372 1197; x_wconf 84' lang='lat' dir='ltr'><strong>Filio</strong></span> <span class='ocrx_word' id='word_1_110' title='bbox 3405 1157 3460 1198; x_wconf 91' lang='lat' dir='ltr'><strong>et</strong></span> 
     </span>
    </p>
   </div>
   <div class='ocr_carea' id='block_1_11' title="bbox 257 1227 3459 1306">
    <p class='ocr_par' dir='ltr' id='par_1_11' title="bbox 257 1227 3459 1306">
     <span class='ocr_line' id='line_1_11' title="bbox 257 1227 3459 1306; baseline 0.003 -22"><span class='ocrx_word' id='word_1_111' title='bbox 257 1231 374 1285; x_wconf 85' lang='lat' dir='ltr'><strong>rius</strong></span> <span class='ocrx_word' id='word_1_112' title='bbox 395 1230 564 1285; x_wconf 90' lang='lat' dir='ltr'><strong>libros</strong></span> <span class='ocrx_word' id='word_1_113' title='bbox 591 1231 738 1299; x_wconf 79' lang='grc' dir='ltr'><strong>Περὶ</strong></span> <span class='ocrx_word' id='word_1_114' title='bbox 767 1233 971 1302; x_wconf 72' lang='grc' dir='ltr'><strong>ἀρχῶν</strong></span> <span class='ocrx_word' id='word_1_115' title='bbox 1000 1237 1208 1291; x_wconf 84' lang='lat' dir='ltr'><strong>videndi</strong></span> <span class='ocrx_word' id='word_1_116' title='bbox 1252 1239 1496 1306; x_wconf 89' lang='lat' dir='ltr'><strong>cupidus.</strong></span> <span class='ocrx_word' id='word_1_117' title='bbox 1533 1239 1628 1293; x_wconf 85' lang='lat' dir='ltr'><strong>Hic</strong></span> <span class='ocrx_word' id='word_1_118' title='bbox 1655 1241 1818 1303; x_wconf 75' lang='lat' dir='ltr'><strong>enim,</strong></span> <span class='ocrx_word' id='word_1_119' title='bbox 1927 1227 2129 1296; x_wconf 84' lang='lat' dir='ltr'><strong>Spiritu</strong></span> <span class='ocrx_word' id='word_1_120' title='bbox 2175 1240 2360 1283; x_wconf 89' lang='lat' dir='ltr'><strong>sancto</strong></span> <span class='ocrx_word' id='word_1_121' title='bbox 2387 1230 2440 1282; x_wconf 92' lang='lat' dir='ltr'><strong>iu</strong></span> <span class='ocrx_word' id='word_1_122' title='bbox 2470 1231 2661 1282; x_wconf 86' lang='lat' dir='ltr'><strong>bonam</strong></span> <span class='ocrx_word' id='word_1_123' title='bbox 2694 1240 2897 1298; x_wconf 69' lang='lat' dir='ltr'><strong>partem</strong></span> <span class='ocrx_word' id='word_1_124' title='bbox 2926 1232 3189 1302; x_wconf 88' lang='lat' dir='ltr'><strong>plerisque</strong></span> <span class='ocrx_word' id='word_1_125' title='bbox 3211 1233 3459 1305; x_wconf 83' lang='lat' dir='ltr'><strong>blasphe-</strong></span> 
     </span>
    </p>
   </div>
   <div class='ocr_carea' id='block_1_12' title="bbox 251 1317 1797 1396">
    <p class='ocr_par' dir='ltr' id='par_1_12' title="bbox 251 1317 1797 1396">
     <span class='ocr_line' id='line_1_12' title="bbox 251 1317 1797 1396; baseline 0.005 -23"><span class='ocrx_word' id='word_1_126' title='bbox 251 1329 395 1373; x_wconf 75' lang='lat' dir='ltr'><strong>teste</strong></span> <span class='ocrx_word' id='word_1_127' title='bbox 416 1317 620 1372; x_wconf 78' lang='lat' dir='ltr'><strong>Ruﬁno</strong></span> <span class='ocrx_word' id='word_1_128' title='bbox 652 1319 752 1374; x_wconf 89' lang='lat' dir='ltr'><strong>lib.</strong></span> <span class='ocrx_word' id='word_1_129' title='bbox 782 1325 813 1374; x_wconf 78' lang='grc' dir='ltr'><strong>ι’</strong></span> <span class='ocrx_word' id='word_1_130' title='bbox 840 1323 1108 1392; x_wconf 65' lang='lat' dir='ltr'><strong>Apologia</strong></span> <span class='ocrx_word' id='word_1_131' title='bbox 1133 1325 1382 1378; x_wconf 79' lang='lat' dir='ltr'><strong>adversus</strong></span> <span class='ocrx_word' id='word_1_132' title='bbox 1411 1325 1797 1396; x_wconf 80' lang='lat' dir='ltr'><strong>Hieronymum.</strong></span> 
     </span>
    </p>
   </div>
   <div class='ocr_carea' id='block_1_13' title="bbox 1913 1317 3459 1396">
    <p class='ocr_par' dir='ltr' id='par_1_13' title="bbox 1923 1317 3459 1394">
     <span class='ocr_line' id='line_1_13' title="bbox 1923 1317 3459 1394; baseline 0.005 -25"><span class='ocrx_word' id='word_1_133' title='bbox 1923 1317 2046 1370; x_wconf 91' lang='lat' dir='ltr'><strong>miis</strong></span> <span class='ocrx_word' id='word_1_134' title='bbox 2083 1320 2441 1374; x_wconf 85' lang='lat' dir='ltr'><strong>commutatis.</strong></span> <span class='ocrx_word' id='word_1_135' title='bbox 2473 1337 2492 1370; x_wconf 78' lang='grc' dir='ltr'><strong>ι</strong></span> <span class='ocrx_word' id='word_1_136' title='bbox 2523 1317 2666 1374; x_wconf 82' lang='lat' dir='ltr'><strong>ltlem</strong></span> <span class='ocrx_word' id='word_1_137' title='bbox 2725 1321 2881 1374; x_wconf 91' lang='lat' dir='ltr'><strong>habet</strong></span> <span class='ocrx_word' id='word_1_138' title='bbox 2914 1321 3004 1375; x_wconf 92' lang='lat' dir='ltr'><strong>lib.</strong></span> <span class='ocrx_word' id='word_1_139' title='bbox 3037 1339 3050 1376; x_wconf 88' lang='grc' dir='ltr'><strong>ι</strong></span> <span class='ocrx_word' id='word_1_140' title='bbox 3078 1326 3339 1394; x_wconf 73' lang='lat' dir='ltr'><strong>Apologiae</strong></span> <span class='ocrx_word' id='word_1_141' title='bbox 3370 1330 3459 1378; x_wconf 76' lang='lat' dir='ltr'><strong>ad-</strong></span> 
     </span>
    </p>
   </div>
   <div class='ocr_carea' id='block_1_14' title="bbox 239 1403 1785 1488">
    <p class='ocr_par' dir='ltr' id='par_1_14' title="bbox 239 1411 1785 1488">
     <span class='ocr_line' id='line_1_14' title="bbox 239 1411 1785 1488; baseline 0.006 -23"><span class='ocrx_word' id='word_1_142' title='bbox 239 1411 388 1466; x_wconf 82' lang='lat' dir='ltr'><strong>lecta</strong></span> <span class='ocrx_word' id='word_1_143' title='bbox 420 1413 547 1466; x_wconf 90' lang='lat' dir='ltr'><strong>libri</strong></span> <span class='ocrx_word' id='word_1_144' title='bbox 583 1413 746 1482; x_wconf 91' lang='lat' dir='ltr'><strong>primi</strong></span> <span class='ocrx_word' id='word_1_145' title='bbox 783 1415 1108 1486; x_wconf 75' lang='lat' dir='ltr'><strong>Apologetici</strong></span> <span class='ocrx_word' id='word_1_146' title='bbox 1140 1420 1407 1484; x_wconf 80' lang='lat' dir='ltr'><strong>versione,</strong></span> <span class='ocrx_word' id='word_1_147' title='bbox 1447 1438 1468 1472; x_wconf 86' lang='grc'><strong><em>‹</em></strong></span> <span class='ocrx_word' id='word_1_148' title='bbox 1505 1420 1692 1488; x_wconf 87' lang='lat' dir='ltr'><strong>majori</strong></span> <span class='ocrx_word' id='word_1_149' title='bbox 1723 1421 1785 1475; x_wconf 92' lang='lat' dir='ltr'><strong>de</strong></span> 
     </span>
    </p>
   </div>
   <div class='ocr_carea' id='block_1_15' title="bbox 1910 1403 3456 1488">
    <p class='ocr_par' dir='ltr' id='par_1_15' title="bbox 1923 1403 3456 1482">
     <span class='ocr_line' id='line_1_15' title="bbox 1923 1403 3456 1482; baseline 0.007 -23"><span class='ocrx_word' id='word_1_150' title='bbox 1923 1423 2093 1460; x_wconf 79' lang='lat' dir='ltr'><strong>versus</strong></span> <span class='ocrx_word' id='word_1_151' title='bbox 2138 1403 2381 1474; x_wconf 74' lang='lat' dir='ltr'><strong>Ruﬁnum</strong></span> <span class='ocrx_word' id='word_1_152' title='bbox 2407 1424 2426 1461; x_wconf 91' lang='lat'><strong><em>:</em></strong></span> <span class='ocrx_word' id='word_1_153' title='bbox 2467 1427 2485 1459; x_wconf 77' lang='grc' dir='ltr'><strong>ι</strong></span> <span class='ocrx_word' id='word_1_154' title='bbox 2538 1407 2643 1462; x_wconf 90' lang='lat' dir='ltr'><strong>Sex</strong></span> <span class='ocrx_word' id='word_1_155' title='bbox 2689 1409 2873 1474; x_wconf 90' lang='lat' dir='ltr'><strong>libros,</strong></span> <span class='ocrx_word' id='word_1_156' title='bbox 2908 1421 2966 1464; x_wconf 86' lang='lat' dir='ltr'><strong>ut</strong></span> <span class='ocrx_word' id='word_1_157' title='bbox 3008 1421 3132 1466; x_wconf 89' lang='lat' dir='ltr'><strong>ante</strong></span> <span class='ocrx_word' id='word_1_158' title='bbox 3163 1414 3274 1482; x_wconf 89' lang='lat' dir='ltr'><strong>jam</strong></span> <span class='ocrx_word' id='word_1_159' title='bbox 3315 1415 3456 1482; x_wconf 92' lang='lat' dir='ltr'><strong>dixi,</strong></span> 
     </span>
    </p>
   </div>
   <div class='ocr_carea' id='block_1_16' title="bbox 235 1489 1781 1577">
    <p class='ocr_par' dir='ltr' id='par_1_16' title="bbox 235 1489 1781 1577">
     <span class='ocr_line' id='line_1_16' title="bbox 235 1489 1781 1577; baseline 0.005 -23"><span class='ocrx_word' id='word_1_160' title='bbox 235 1499 455 1554; x_wconf 81' lang='lat' dir='ltr'><strong>siderio</strong></span> <span class='ocrx_word' id='word_1_161' title='bbox 501 1516 780 1557; x_wconf 82' lang='lat' dir='ltr'><strong>accensus</strong></span> <span class='ocrx_word' id='word_1_162' title='bbox 814 1513 897 1557; x_wconf 89' lang='lat' dir='ltr'><strong>est</strong></span> <span class='ocrx_word' id='word_1_163' title='bbox 949 1507 1014 1558; x_wconf 89' lang='lat' dir='ltr'><strong>ad</strong></span> <span class='ocrx_word' id='word_1_164' title='bbox 1069 1505 1182 1572; x_wconf 86' lang='lat' dir='ltr'><strong>ipsa</strong></span> <span class='ocrx_word' id='word_1_165' title='bbox 1241 1507 1327 1560; x_wconf 90' lang='lat' dir='ltr'><strong>illa</strong></span> <span class='ocrx_word' id='word_1_166' title='bbox 1377 1489 1585 1576; x_wconf 82' lang='lat' dir='ltr'><strong>plenius</strong></span> <span class='ocrx_word' id='word_1_167' title='bbox 1623 1522 1781 1577; x_wconf 82' lang='lat' dir='ltr'><strong>cogno</strong></span> 
     </span>
    </p>
   </div>
   <div class='ocr_carea' id='block_1_17' title="bbox 1907 1489 3453 1577">
    <p class='ocr_par' dir='ltr' id='par_1_17' title="bbox 1923 1494 3453 1572">
     <span class='ocr_line' id='line_1_17' title="bbox 1923 1494 3453 1572; baseline 0.007 -24"><span class='ocrx_word' id='word_1_168' title='bbox 1923 1494 2184 1550; x_wconf 82' lang='lat' dir='ltr'><strong>Eusebius</strong></span> <span class='ocrx_word' id='word_1_169' title='bbox 2213 1496 2562 1553; x_wconf 73' lang='lat' dir='ltr'><strong>Cmsaricnsis</strong></span> <span class='ocrx_word' id='word_1_170' title='bbox 2602 1499 2903 1568; x_wconf 88' lang='lat' dir='ltr'><strong>episcopus,</strong></span> <span class='ocrx_word' id='word_1_171' title='bbox 2943 1500 3154 1556; x_wconf 60' lang='lat' dir='ltr'><strong>Arianae</strong></span> <span class='ocrx_word' id='word_1_172' title='bbox 3186 1504 3453 1572; x_wconf 85' lang='lat' dir='ltr'><strong>quondam</strong></span> 
     </span>
    </p>
   </div>
   <div class='ocr_carea' id='block_1_18' title="bbox 227 1581 3454 1664">
    <p class='ocr_par' dir='ltr' id='par_1_18' title="bbox 227 1581 3454 1664">
     <span class='ocr_line' id='line_1_18' title="bbox 227 1581 3454 1664; baseline 0.006 -36"><span class='ocrx_word' id='word_1_173' title='bbox 227 1590 468 1651; x_wconf 60' lang='lat' dir='ltr'><strong>scenda,</strong></span> <span class='ocrx_word' id='word_1_174' title='bbox 502 1607 538 1646; x_wconf 68' lang='grc' dir='ltr'>θ</span> <span class='ocrx_word' id='word_1_175' title='bbox 566 1594 770 1660; x_wconf 67' lang='lat' dir='ltr'><strong>quibus</strong></span> <span class='ocrx_word' id='word_1_176' title='bbox 799 1610 965 1662; x_wconf 60' lang='lat' dir='ltr'><strong>pauca</strong></span> <span class='ocrx_word' id='word_1_177' title='bbox 997 1595 1105 1661; x_wconf 55' lang='lat' dir='ltr'><strong>ma,</strong></span> <span class='ocrx_word' id='word_1_178' title='bbox 1136 1612 1256 1664; x_wconf 40' lang='lat' dir='ltr'><strong>quin</strong></span> <span class='ocrx_word' id='word_1_179' title='bbox 1285 1617 1304 1649; x_wconf 84' lang='lat'><strong>,</strong></span> <span class='ocrx_word' id='word_1_180' title='bbox 1339 1599 1682 1653; x_wconf 63' lang='grc' dir='ltr'><strong>ιηηειυιεηι</strong></span> <span class='ocrx_word' id='word_1_181' title='bbox 1712 1599 1821 1652; x_wconf 67' lang='lat' dir='ltr'><strong>an-</strong></span> <span class='ocrx_word' id='word_1_182' title='bbox 1921 1585 2144 1654; x_wconf 79' lang='lat' dir='ltr'><strong>signifer</strong></span> <span class='ocrx_word' id='word_1_183' title='bbox 2177 1581 2448 1652; x_wconf 80' lang='lat' dir='ltr'><strong>factionis,</strong></span> <span class='ocrx_word' id='word_1_184' title='bbox 2479 1604 2576 1657; x_wconf 90' lang='lat' dir='ltr'><strong>pro</strong></span> <span class='ocrx_word' id='word_1_185' title='bbox 2604 1589 2836 1659; x_wconf 86' lang='lat' dir='ltr'><strong>Origene</strong></span> <span class='ocrx_word' id='word_1_186' title='bbox 2871 1592 3107 1660; x_wconf 82' lang='lat' dir='ltr'><strong>scripsit,</strong></span> <span class='ocrx_word' id='word_1_187' title='bbox 3139 1590 3454 1649; x_wconf 89' lang='lat' dir='ltr'><strong>latissimum</strong></span> 
     </span>
    </p>
   </div>
   <div class='ocr_carea' id='block_1_19' title="bbox 227 1676 1773 1754">
    <p class='ocr_par' dir='ltr' id='par_1_19' title="bbox 227 1680 1773 1754">
     <span class='ocr_line' id='line_1_19' title="bbox 227 1680 1773 1754; baseline 0.006 -21"><span class='ocrx_word' id='word_1_188' title='bbox 227 1680 410 1744; x_wconf 84' lang='lat' dir='ltr'><strong>linus,</strong></span> <span class='ocrx_word' id='word_1_189' title='bbox 450 1698 472 1731; x_wconf 72' lang='grc' dir='ltr'><strong>ι</strong></span> <span class='ocrx_word' id='word_1_190' title='bbox 514 1682 852 1736; x_wconf 85' lang='lat' dir='ltr'><strong>videbantur</strong></span> <span class='ocrx_word' id='word_1_191' title='bbox 877 1695 1171 1754; x_wconf 87' lang='lat' dir='ltr'><strong>assumpta.</strong></span> <span class='ocrx_word' id='word_1_192' title='bbox 1207 1706 1225 1737; x_wconf 75' lang='grc' dir='ltr'><strong>ι</strong></span> <span class='ocrx_word' id='word_1_193' title='bbox 1260 1688 1688 1744; x_wconf 90' lang='lat' dir='ltr'><strong>Translationem</strong></span> <span class='ocrx_word' id='word_1_194' title='bbox 1717 1690 1773 1743; x_wconf 77' lang='lat' dir='ltr'><strong>it:</strong></span> 
     </span>
    </p>
   </div>
   <div class='ocr_carea' id='block_1_20' title="bbox 1906 1676 3452 1754">
    <p class='ocr_par' dir='ltr' id='par_1_20' title="bbox 1920 1676 3452 1753">
     <span class='ocr_line' id='line_1_20' title="bbox 1920 1676 3452 1753; baseline 0.005 -24"><span class='ocrx_word' id='word_1_195' title='bbox 1920 1685 1972 1729; x_wconf 91' lang='lat' dir='ltr'><strong>et</strong></span> <span class='ocrx_word' id='word_1_196' title='bbox 2005 1676 2335 1732; x_wconf 89' lang='lat' dir='ltr'><strong>elaboratum</strong></span> <span class='ocrx_word' id='word_1_197' title='bbox 2363 1693 2514 1746; x_wconf 81' lang='lat' dir='ltr'><strong>opus.</strong></span> <span class='ocrx_word' id='word_1_198' title='bbox 2547 1689 2602 1734; x_wconf 91' lang='lat' dir='ltr'><strong>et</strong></span> <span class='ocrx_word' id='word_1_199' title='bbox 2633 1678 2811 1735; x_wconf 90' lang='lat' dir='ltr'><strong>multis</strong></span> <span class='ocrx_word' id='word_1_200' title='bbox 2845 1681 3162 1738; x_wconf 86' lang='lat' dir='ltr'><strong>testimoniis</strong></span> <span class='ocrx_word' id='word_1_201' title='bbox 3185 1688 3452 1753; x_wconf 82' lang='lat' dir='ltr'><strong>approba-</strong></span> 
     </span>
    </p>
   </div>
   <div class='ocr_carea' id='block_1_21' title="bbox 217 1764 3456 1844">
    <p class='ocr_par' dir='ltr' id='par_1_21' title="bbox 217 1764 3456 1844">
     <span class='ocr_line' id='line_1_21' title="bbox 217 1764 3456 1844; baseline 0.008 -39"><span class='ocrx_word' id='word_1_202' title='bbox 217 1785 349 1838; x_wconf 66' lang='lat' dir='ltr'><strong>qne</strong></span> <span class='ocrx_word' id='word_1_203' title='bbox 386 1771 668 1826; x_wconf 64' lang='lat' dir='ltr'><strong>librorum</strong></span> <span class='ocrx_word' id='word_1_204' title='bbox 703 1773 845 1841; x_wconf 65' lang='grc' dir='ltr'><strong>Περὶ</strong></span> <span class='ocrx_word' id='word_1_205' title='bbox 869 1773 1067 1843; x_wconf 70' lang='grc' dir='ltr'><em>ἀρκῶν</em></span> <span class='ocrx_word' id='word_1_206' title='bbox 1103 1777 1316 1844; x_wconf 63' lang='lat' dir='ltr'><strong>aggredi</strong></span> <span class='ocrx_word' id='word_1_207' title='bbox 1351 1787 1565 1832; x_wconf 50' lang='lat' dir='ltr'><strong>coactus</strong></span> <span class='ocrx_word' id='word_1_208' title='bbox 1596 1789 1677 1833; x_wconf 51' lang='lat' dir='ltr'><strong>es;</strong></span> <span class='ocrx_word' id='word_1_209' title='bbox 1707 1778 1818 1832; x_wconf 62' lang='grc' dir='ltr'>[ζα-</span> <span class='ocrx_word' id='word_1_210' title='bbox 1921 1764 2298 1835; x_wconf 84' lang='lat' dir='ltr'><strong>vitOrigenem</strong></span> <span class='ocrx_word' id='word_1_211' title='bbox 2325 1767 2475 1836; x_wconf 85' lang='lat' dir='ltr'><strong>juxta</strong></span> <span class='ocrx_word' id='word_1_212' title='bbox 2503 1783 2561 1822; x_wconf 92' lang='lat' dir='ltr'><strong>se</strong></span> <span class='ocrx_word' id='word_1_213' title='bbox 2592 1770 2933 1834; x_wconf 87' lang='lat' dir='ltr'><strong>catholicum,</strong></span> <span class='ocrx_word' id='word_1_214' title='bbox 2969 1773 3016 1825; x_wconf 86' lang='lat' dir='ltr'><strong>id</strong></span> <span class='ocrx_word' id='word_1_215' title='bbox 3045 1782 3149 1837; x_wconf 82' lang='lat' dir='ltr'><strong>est,</strong></span> <span class='ocrx_word' id='word_1_216' title='bbox 3176 1772 3329 1840; x_wconf 88' lang='lat' dir='ltr'><strong>juxta</strong></span> <span class='ocrx_word' id='word_1_217' title='bbox 3359 1793 3456 1830; x_wconf 88' lang='lat' dir='ltr'><strong>nos</strong></span> 
     </span>
    </p>
   </div>
   <div class='ocr_carea' id='block_1_22' title="bbox 216 1855 3454 1928">
    <p class='ocr_par' dir='ltr' id='par_1_22' title="bbox 216 1855 3454 1928">
     <span class='ocr_line' id='line_1_22' title="bbox 216 1855 3454 1928; baseline 0.004 -24"><span class='ocrx_word' id='word_1_218' title='bbox 216 1859 408 1912; x_wconf 70' lang='lat' dir='ltr'><strong>unus.</strong></span> <span class='ocrx_word' id='word_1_219' title='bbox 1917 1855 2172 1908; x_wconf 87' lang='lat' dir='ltr'><strong>Arianum</strong></span> <span class='ocrx_word' id='word_1_220' title='bbox 2213 1871 2350 1911; x_wconf 92' lang='lat' dir='ltr'><strong>esse.</strong></span> <span class='ocrx_word' id='word_1_221' title='bbox 2407 1857 2609 1911; x_wconf 81' lang='lat' dir='ltr'><strong>Horum</strong></span> <span class='ocrx_word' id='word_1_222' title='bbox 2665 1866 2720 1911; x_wconf 94' lang='lat' dir='ltr'><strong>tu</strong></span> <span class='ocrx_word' id='word_1_223' title='bbox 2772 1859 3000 1928; x_wconf 89' lang='lat' dir='ltr'><strong>primum</strong></span> <span class='ocrx_word' id='word_1_224' title='bbox 3059 1862 3252 1916; x_wconf 90' lang='lat' dir='ltr'><strong>librum</strong></span> <span class='ocrx_word' id='word_1_225' title='bbox 3290 1866 3454 1921; x_wconf 80' lang='lat' dir='ltr'><strong>vertis</strong></span> 
     </span>
    </p>
   </div>
   <div class='ocr_carea' id='block_1_23' title="bbox 305 1945 1851 2022">
    <p class='ocr_par' dir='ltr' id='par_1_23' title="bbox 305 1947 1851 2022">
     <span class='ocr_line' id='line_1_23' title="bbox 305 1947 1851 2022; baseline 0.005 -21"><span class='ocrx_word' id='word_1_226' title='bbox 305 1947 404 2001; x_wconf 86' lang='lat' dir='ltr'><strong>Ill.</strong></span> <span class='ocrx_word' id='word_1_227' title='bbox 443 1947 842 2019; x_wconf 78' lang='lat' dir='ltr'><strong>Hieronymus,</strong></span> <span class='ocrx_word' id='word_1_228' title='bbox 875 1951 1078 2006; x_wconf 88' lang='lat' dir='ltr'><strong>codicis</strong></span> <span class='ocrx_word' id='word_1_229' title='bbox 1117 1951 1324 2018; x_wconf 73' lang='lat' dir='ltr'><strong>Graeci,</strong></span> <span class='ocrx_word' id='word_1_230' title='bbox 1354 1968 1511 2022; x_wconf 90' lang='lat' dir='ltr'><strong>quem</strong></span> <span class='ocrx_word' id='word_1_231' title='bbox 1559 1969 1588 2007; x_wconf 92' lang='lat' dir='ltr'><strong>a</strong></span> <span class='ocrx_word' id='word_1_232' title='bbox 1625 1954 1851 2009; x_wconf 83' lang='lat' dir='ltr'><strong>Rullan</strong></span> 
     </span>
    </p>
   </div>
   <div class='ocr_carea' id='block_1_24' title="bbox 1908 1945 3454 2022">
    <p class='ocr_par' dir='ltr' id='par_1_24' title="bbox 1918 1945 3454 2018">
     <span class='ocr_line' id='line_1_24' title="bbox 1918 1945 3454 2018; baseline 0.007 -20"><span class='ocrx_word' id='word_1_233' title='bbox 1918 1945 2014 1998; x_wconf 89' lang='lat' dir='ltr'><strong>sub</strong></span> <span class='ocrx_word' id='word_1_234' title='bbox 2051 1946 2267 1999; x_wconf 90' lang='lat' dir='ltr'><strong>nomine</strong></span> <span class='ocrx_word' id='word_1_235' title='bbox 2303 1947 2559 2016; x_wconf 88' lang='lat' dir='ltr'><strong>martyris</strong></span> <span class='ocrx_word' id='word_1_236' title='bbox 2595 1986 2608 2000; x_wconf 93' lang='lat'><strong>.</strong></span> <span class='ocrx_word' id='word_1_237' title='bbox 2643 1987 2660 2003; x_wconf 95' lang='lat'><strong>.</strong></span> <span class='ocrx_word' id='word_1_238' title='bbox 2694 1989 2710 2004; x_wconf 96' lang='lat'><strong>.</strong></span> <span class='ocrx_word' id='word_1_239' title='bbox 2747 1987 2761 2000; x_wconf 92' lang='lat'><strong>.</strong></span> <span class='ocrx_word' id='word_1_240' title='bbox 2793 1949 3084 2018; x_wconf 88' lang='lat' dir='ltr'><strong>paucisque</strong></span> <span class='ocrx_word' id='word_1_241' title='bbox 3131 1952 3454 2010; x_wconf 84' lang='lat' dir='ltr'><strong>testimoniis</strong></span> 
     </span>
    </p>
   </div>
   <div class='ocr_carea' id='block_1_25' title="bbox 213 2033 1759 2113">
    <p class='ocr_par' dir='ltr' id='par_1_25' title="bbox 213 2038 1759 2110">
     <span class='ocr_line' id='line_1_25' title="bbox 213 2038 1759 2110; baseline 0.006 -22"><span class='ocrx_word' id='word_1_242' title='bbox 213 2046 536 2090; x_wconf 83' lang='lat' dir='ltr'><strong>mutuatus</strong></span> <span class='ocrx_word' id='word_1_243' title='bbox 561 2047 710 2101; x_wconf 84' lang='lat' dir='ltr'><strong>erat,</strong></span> <span class='ocrx_word' id='word_1_244' title='bbox 745 2038 899 2093; x_wconf 89' lang='lat' dir='ltr'><strong>titulo</strong></span> <span class='ocrx_word' id='word_1_245' title='bbox 931 2040 1088 2094; x_wconf 80' lang='lat' dir='ltr'><strong>fidem</strong></span> <span class='ocrx_word' id='word_1_246' title='bbox 1129 2041 1407 2105; x_wconf 87' lang='lat' dir='ltr'><strong>adhibens,</strong></span> <span class='ocrx_word' id='word_1_247' title='bbox 1439 2043 1662 2110; x_wconf 90' lang='lat' dir='ltr'><strong>primum</strong></span> <span class='ocrx_word' id='word_1_248' title='bbox 1697 2059 1759 2097; x_wconf 23' lang='lat' dir='ltr'><strong>ert</strong></span> 
     </span>
    </p>
   </div>
   <div class='ocr_carea' id='block_1_26' title="bbox 1906 2033 3452 2113">
    <p class='ocr_par' dir='ltr' id='par_1_26' title="bbox 1916 2033 3452 2113">
     <span class='ocr_line' id='line_1_26' title="bbox 1916 2033 3452 2113; baseline 0.008 -27"><span class='ocrx_word' id='word_1_249' title='bbox 1916 2034 1982 2088; x_wconf 89' lang='lat' dir='ltr'><strong>de</strong></span> <span class='ocrx_word' id='word_1_250' title='bbox 2025 2033 2161 2089; x_wconf 86' lang='lat' dir='ltr'><strong>Filio</strong></span> <span class='ocrx_word' id='word_1_251' title='bbox 2208 2036 2298 2089; x_wconf 90' lang='lat' dir='ltr'><strong>Dei</strong></span> <span class='ocrx_word' id='word_1_252' title='bbox 2339 2047 2393 2090; x_wconf 90' lang='lat' dir='ltr'><strong>et</strong></span> <span class='ocrx_word' id='word_1_253' title='bbox 2442 2035 2644 2104; x_wconf 85' lang='lat' dir='ltr'><strong>Spiritu</strong></span> <span class='ocrx_word' id='word_1_254' title='bbox 2691 2049 2878 2093; x_wconf 89' lang='lat' dir='ltr'><strong>sancto</strong></span> <span class='ocrx_word' id='word_1_255' title='bbox 2932 2039 3296 2106; x_wconf 84' lang='lat' dir='ltr'><strong>commutatis,</strong></span> <span class='ocrx_word' id='word_1_256' title='bbox 3335 2061 3452 2113; x_wconf 68' lang='lat' dir='ltr'><strong>qure</strong></span> 
     </span>
    </p>
   </div>
   <div class='ocr_carea' id='block_1_27' title="bbox 209 2125 3451 2204">
    <p class='ocr_par' dir='ltr' id='par_1_27' title="bbox 209 2125 3451 2204">
     <span class='ocr_line' id='line_1_27' title="bbox 209 2125 3451 2204; baseline 0.006 -28"><span class='ocrx_word' id='word_1_257' title='bbox 209 2125 865 2194; x_wconf 71' lang='lat' dir='ltr'><strong>dicieratDefensionem</strong></span> <span class='ocrx_word' id='word_1_258' title='bbox 895 2127 1132 2196; x_wconf 78' lang='lat' dir='ltr'><strong>Origenis</strong></span> <span class='ocrx_word' id='word_1_259' title='bbox 1176 2131 1274 2183; x_wconf 89' lang='lat' dir='ltr'><strong>sub</strong></span> <span class='ocrx_word' id='word_1_260' title='bbox 1309 2132 1521 2185; x_wconf 86' lang='lat' dir='ltr'><strong>nomine</strong></span> <span class='ocrx_word' id='word_1_261' title='bbox 1551 2131 1812 2199; x_wconf 83' lang='lat' dir='ltr'><strong>Pamphili</strong></span> <span class='ocrx_word' id='word_1_262' title='bbox 1913 2125 2122 2180; x_wconf 69' lang='lat' dir='ltr'><strong>SCiebaS</strong></span> <span class='ocrx_word' id='word_1_263' title='bbox 2175 2128 2509 2196; x_wconf 69' lang='grc' dir='ltr'><strong>αἰδρηεῖιητδ</strong></span> <span class='ocrx_word' id='word_1_264' title='bbox 2568 2128 2858 2193; x_wconf 65' lang='lat' dir='ltr'><strong>Romanis.</strong></span> <span class='ocrx_word' id='word_1_265' title='bbox 2911 2142 3104 2185; x_wconf 61' lang='lat' dir='ltr'><strong>“mera</strong></span> <span class='ocrx_word' id='word_1_266' title='bbox 3162 2150 3327 2204; x_wconf 79' lang='lat' dir='ltr'><strong>usque</strong></span> <span class='ocrx_word' id='word_1_267' title='bbox 3385 2135 3451 2190; x_wconf 69' lang='lat' dir='ltr'><strong>ad</strong></span> 
     </span>
    </p>
   </div>
   <div class='ocr_carea' id='block_1_28' title="bbox 208 2214 1754 2289">
    <p class='ocr_par' dir='ltr' id='par_1_28' title="bbox 208 2214 1723 2286">
     <span class='ocr_line' id='line_1_28' title="bbox 208 2214 1723 2286; baseline 0.008 -23"><span class='ocrx_word' id='word_1_268' title='bbox 208 2214 547 2284; x_wconf 73' lang='lat' dir='ltr'><strong>vulgatam,</strong></span> <span class='ocrx_word' id='word_1_269' title='bbox 587 2230 731 2283; x_wconf 87' lang='lat' dir='ltr'><strong>opus</strong></span> <span class='ocrx_word' id='word_1_270' title='bbox 778 2232 897 2270; x_wconf 89' lang='lat' dir='ltr'><strong>esse</strong></span> <span class='ocrx_word' id='word_1_271' title='bbox 943 2219 1213 2272; x_wconf 85' lang='lat' dir='ltr'><strong>diversum</strong></span> <span class='ocrx_word' id='word_1_272' title='bbox 1254 2235 1284 2273; x_wconf 91' lang='lat' dir='ltr'><strong>a</strong></span> <span class='ocrx_word' id='word_1_273' title='bbox 1333 2236 1429 2274; x_wconf 86' lang='lat' dir='ltr'><strong>sex</strong></span> <span class='ocrx_word' id='word_1_274' title='bbox 1461 2221 1723 2286; x_wconf 86' lang='lat' dir='ltr'><strong>Pamphili</strong></span> 
     </span>
    </p>
   </div>
   <div class='ocr_carea' id='block_1_29' title="bbox 1903 2214 3449 2289">
    <p class='ocr_par' dir='ltr' id='par_1_29' title="bbox 1914 2215 3449 2289">
     <span class='ocr_line' id='line_1_29' title="bbox 1914 2215 3449 2289; baseline 0.007 -23"><span class='ocrx_word' id='word_1_275' title='bbox 1914 2215 2072 2268; x_wconf 82' lang='lat' dir='ltr'><strong>tinem</strong></span> <span class='ocrx_word' id='word_1_276' title='bbox 2105 2216 2308 2284; x_wconf 84' lang='lat' dir='ltr'><strong>integra</strong></span> <span class='ocrx_word' id='word_1_277' title='bbox 2346 2217 2617 2273; x_wconf 86' lang='lat' dir='ltr'><strong>dimisisti.</strong></span> <span class='ocrx_word' id='word_1_278' title='bbox 2666 2237 2686 2270; x_wconf 76' lang='grc' dir='ltr'><strong>ι</strong></span> <span class='ocrx_word' id='word_1_279' title='bbox 2729 2221 2794 2274; x_wconf 78' lang='lat' dir='ltr'><strong>At</strong></span> <span class='ocrx_word' id='word_1_280' title='bbox 2821 2236 2946 2273; x_wconf 77' lang='lat' dir='ltr'><strong>vero</strong></span> <span class='ocrx_word' id='word_1_281' title='bbox 2976 2234 3195 2277; x_wconf 88' lang='lat' dir='ltr'><strong>sanctus</strong></span> <span class='ocrx_word' id='word_1_282' title='bbox 3241 2223 3449 2289; x_wconf 90' lang='lat' dir='ltr'><strong>doctor,</strong></span> 
     </span>
    </p>
   </div>
   <div class='ocr_carea' id='block_1_30' title="bbox 210 2303 3448 2380">
    <p class='ocr_par' dir='ltr' id='par_1_30' title="bbox 210 2303 3448 2380">
     <span class='ocr_line' id='line_1_30' title="bbox 210 2303 3448 2380; baseline 0.004 -25"><span class='ocrx_word' id='word_1_283' title='bbox 210 2303 464 2358; x_wconf 78' lang='lat' dir='ltr'><strong>Eusebii</strong></span> <span class='ocrx_word' id='word_1_284' title='bbox 500 2305 670 2359; x_wconf 89' lang='lat' dir='ltr'><strong>libris</strong></span> <span class='ocrx_word' id='word_1_285' title='bbox 700 2322 798 2372; x_wconf 91' lang='lat' dir='ltr'><strong>pro</strong></span> <span class='ocrx_word' id='word_1_286' title='bbox 823 2306 1056 2373; x_wconf 81' lang='lat' dir='ltr'><strong>Origene</strong></span> <span class='ocrx_word' id='word_1_287' title='bbox 1087 2307 1398 2376; x_wconf 86' lang='lat' dir='ltr'><strong>elaboratis,</strong></span> <span class='ocrx_word' id='word_1_288' title='bbox 1434 2311 1813 2380; x_wconf 82' lang='lat' dir='ltr'><strong>propriumque</strong></span> <span class='ocrx_word' id='word_1_289' title='bbox 1913 2303 2004 2372; x_wconf 88' lang='lat' dir='ltr'><strong>qui</strong></span> <span class='ocrx_word' id='word_1_290' title='bbox 2033 2314 2347 2359; x_wconf 89' lang='lat' dir='ltr'><strong>constanter</strong></span> <span class='ocrx_word' id='word_1_291' title='bbox 2379 2306 2508 2360; x_wconf 92' lang='lat' dir='ltr'><strong>locis</strong></span> <span class='ocrx_word' id='word_1_292' title='bbox 2548 2309 2705 2361; x_wconf 93' lang='lat' dir='ltr'><strong>modo</strong></span> <span class='ocrx_word' id='word_1_293' title='bbox 2745 2308 2928 2364; x_wconf 90' lang='lat' dir='ltr'><strong>citatis</strong></span> <span class='ocrx_word' id='word_1_294' title='bbox 2956 2321 3227 2365; x_wconf 83' lang='lat' dir='ltr'><strong>asseverat</strong></span> <span class='ocrx_word' id='word_1_295' title='bbox 3255 2310 3448 2368; x_wconf 90' lang='lat' dir='ltr'><strong>librum</strong></span> 
     </span>
    </p>
   </div>
   <div class='ocr_carea' id='block_1_31' title="bbox 207 2393 3450 2470">
    <p class='ocr_par' dir='ltr' id='par_1_31' title="bbox 207 2393 3450 2470">
     <span class='ocr_line' id='line_1_31' title="bbox 207 2393 3450 2470; baseline 0.004 -22"><span class='ocrx_word' id='word_1_296' title='bbox 207 2394 412 2449; x_wconf 74' lang='lat' dir='ltr'><strong>solius</strong></span> <span class='ocrx_word' id='word_1_297' title='bbox 470 2393 790 2464; x_wconf 86' lang='lat' dir='ltr'><strong>Pamphili,</strong></span> <span class='ocrx_word' id='word_1_298' title='bbox 851 2398 946 2451; x_wconf 90' lang='lat' dir='ltr'><strong>sed</strong></span> <span class='ocrx_word' id='word_1_299' title='bbox 1002 2400 1104 2454; x_wconf 90' lang='lat' dir='ltr'><strong>hac</strong></span> <span class='ocrx_word' id='word_1_300' title='bbox 1151 2401 1486 2468; x_wconf 79' lang='lat' dir='ltr'><strong>postmodum</strong></span> <span class='ocrx_word' id='word_1_301' title='bbox 1535 2401 1812 2470; x_wconf 71' lang='lat' dir='ltr'><strong>Pamphilo</strong></span> <span class='ocrx_word' id='word_1_302' title='bbox 1912 2393 2058 2447; x_wconf 91' lang='lat' dir='ltr'><strong>hunc</strong></span> <span class='ocrx_word' id='word_1_303' title='bbox 2083 2408 2113 2446; x_wconf 88' lang='lat' dir='ltr'><strong>a</strong></span> <span class='ocrx_word' id='word_1_304' title='bbox 2145 2393 2335 2448; x_wconf 79' lang='lat' dir='ltr'><strong>Ruﬁno</strong></span> <span class='ocrx_word' id='word_1_305' title='bbox 2361 2395 2548 2448; x_wconf 90' lang='lat' dir='ltr'><strong>Latine</strong></span> <span class='ocrx_word' id='word_1_306' title='bbox 2582 2396 2921 2463; x_wconf 90' lang='lat' dir='ltr'><strong>translatum,</strong></span> <span class='ocrx_word' id='word_1_307' title='bbox 2946 2413 3066 2454; x_wconf 88' lang='lat' dir='ltr'><strong>esse</strong></span> <span class='ocrx_word' id='word_1_308' title='bbox 3095 2401 3326 2468; x_wconf 89' lang='lat' dir='ltr'><strong>primttm</strong></span> <span class='ocrx_word' id='word_1_309' title='bbox 3354 2417 3450 2460; x_wconf 77' lang='lat' dir='ltr'><strong>sex</strong></span> 
     </span>
    </p>
   </div>
   <div class='ocr_carea' id='block_1_32' title="bbox 209 2481 1755 2560">
    <p class='ocr_par' dir='ltr' id='par_1_32' title="bbox 209 2485 1755 2547">
     <span class='ocr_line' id='line_1_32' title="bbox 209 2485 1755 2547; baseline 0.006 -11"><span class='ocrx_word' id='word_1_310' title='bbox 209 2485 519 2547; x_wconf 85' lang='lat' dir='ltr'><strong>detracta,</strong></span> <span class='ocrx_word' id='word_1_311' title='bbox 558 2499 732 2536; x_wconf 92' lang='lat' dir='ltr'><strong>unum</strong></span> <span class='ocrx_word' id='word_1_312' title='bbox 768 2498 888 2538; x_wconf 91' lang='lat' dir='ltr'><strong>esse</strong></span> <span class='ocrx_word' id='word_1_313' title='bbox 919 2500 982 2540; x_wconf 90' lang='lat' dir='ltr'><strong>ac</strong></span> <span class='ocrx_word' id='word_1_314' title='bbox 1011 2489 1256 2542; x_wconf 89' lang='lat' dir='ltr'><strong>eumdem</strong></span> <span class='ocrx_word' id='word_1_315' title='bbox 1284 2488 1448 2543; x_wconf 85' lang='lat' dir='ltr'><strong>solius</strong></span> <span class='ocrx_word' id='word_1_316' title='bbox 1485 2489 1698 2546; x_wconf 88' lang='lat' dir='ltr'><strong>Eusebii</strong></span> <span class='ocrx_word' id='word_1_317' title='bbox 1736 2493 1755 2546; x_wconf 84' lang='lat' dir='ltr'><strong>l</strong></span> 
     </span>
    </p>
   </div>
   <div class='ocr_carea' id='block_1_33' title="bbox 1897 2481 3443 2560">
    <p class='ocr_par' dir='ltr' id='par_1_33' title="bbox 1911 2481 3443 2560">
     <span class='ocr_line' id='line_1_33' title="bbox 1911 2481 3443 2560; baseline 0.008 -26"><span class='ocrx_word' id='word_1_318' title='bbox 1911 2481 2239 2536; x_wconf 86' lang='lat' dir='ltr'><strong>voluminum</strong></span> <span class='ocrx_word' id='word_1_319' title='bbox 2278 2482 2490 2538; x_wconf 86' lang='lat' dir='ltr'><strong>Eusebii</strong></span> <span class='ocrx_word' id='word_1_320' title='bbox 2534 2483 2884 2554; x_wconf 73' lang='grc' dir='ltr'><strong>Ἀπολογίας</strong></span> <span class='ocrx_word' id='word_1_321' title='bbox 2918 2487 3068 2556; x_wconf 80' lang='grc' dir='ltr'><strong>ὑπὲρ</strong></span> <span class='ocrx_word' id='word_1_322' title='bbox 3090 2489 3443 2560; x_wconf 76' lang='grc' dir='ltr'><strong>Ὠριγένους,</strong></span> 
     </span>
    </p>
   </div>
   <div class='ocr_carea' id='block_1_34' title="bbox 213 2573 3444 2652">
    <p class='ocr_par' dir='ltr' id='par_1_34' title="bbox 213 2573 3444 2652">
     <span class='ocr_line' id='line_1_34' title="bbox 213 2573 3444 2652; baseline 0.006 -36"><span class='ocrx_word' id='word_1_323' title='bbox 213 2581 355 2630; x_wconf 56' lang='lat' dir='ltr'><strong>tum</strong></span> <span class='ocrx_word' id='word_1_324' title='bbox 406 2575 625 2627; x_wconf 66' lang='lat' dir='ltr'><strong>acriter</strong></span> <span class='ocrx_word' id='word_1_325' title='bbox 679 2577 979 2631; x_wconf 68' lang='lat' dir='ltr'><strong>contendit,</strong></span> <span class='ocrx_word' id='word_1_326' title='bbox 1021 2595 1040 2628; x_wconf 72' lang='grc' dir='ltr'><strong><em>ο</em></strong></span> <span class='ocrx_word' id='word_1_327' title='bbox 1085 2577 1235 2632; x_wconf 72' lang='lat' dir='ltr'><strong>Nunc</strong></span> <span class='ocrx_word' id='word_1_328' title='bbox 1286 2587 1488 2633; x_wconf 62' lang='lat' dir='ltr'><strong>tantum</strong></span> <span class='ocrx_word' id='word_1_329' title='bbox 1513 2622 1530 2647; x_wconf 67' lang='lat'><strong>,</strong></span> <span class='ocrx_word' id='word_1_330' title='bbox 1569 2601 1590 2635; x_wconf 67' lang='grc' dir='ltr'><strong>ι</strong></span> <span class='ocrx_word' id='word_1_331' title='bbox 1642 2584 1813 2652; x_wconf 67' lang='lat' dir='ltr'><strong>inqui;</strong></span> <span class='ocrx_word' id='word_1_332' title='bbox 1909 2573 2236 2626; x_wconf 87' lang='lat' dir='ltr'><strong>contrarium</strong></span> <span class='ocrx_word' id='word_1_333' title='bbox 2265 2573 2504 2641; x_wconf 88' lang='lat' dir='ltr'><strong>omnino,</strong></span> <span class='ocrx_word' id='word_1_334' title='bbox 2535 2590 2726 2642; x_wconf 90' lang='lat' dir='ltr'><strong>nempe</strong></span> <span class='ocrx_word' id='word_1_335' title='bbox 2757 2578 2894 2629; x_wconf 90' lang='lat' dir='ltr'><strong>sexti</strong></span> <span class='ocrx_word' id='word_1_336' title='bbox 2924 2577 3048 2632; x_wconf 90' lang='lat' dir='ltr'><strong>libri</strong></span> <span class='ocrx_word' id='word_1_337' title='bbox 3087 2594 3208 2635; x_wconf 90' lang='lat' dir='ltr'><strong>esse</strong></span> <span class='ocrx_word' id='word_1_338' title='bbox 3239 2581 3444 2651; x_wconf 89' lang='lat' dir='ltr'><strong>princi-</strong></span> 
     </span>
    </p>
   </div>
   <div class='ocr_carea' id='block_1_35' title="bbox 210 2661 3449 2738">
    <p class='ocr_par' dir='ltr' id='par_1_35' title="bbox 210 2661 3449 2738">
     <span class='ocr_line' id='line_1_35' title="bbox 210 2661 3449 2738; baseline 0.006 -25"><span class='ocrx_word' id='word_1_339' title='bbox 210 2661 329 2717; x_wconf 84' lang='lat' dir='ltr'><strong>lib.</strong></span> <span class='ocrx_word' id='word_1_340' title='bbox 375 2677 416 2717; x_wconf 89' lang='grc' dir='ltr'><strong>ιι</strong></span> <span class='ocrx_word' id='word_1_341' title='bbox 462 2664 727 2716; x_wconf 74' lang='lat' dir='ltr'><strong>adversus</strong></span> <span class='ocrx_word' id='word_1_342' title='bbox 781 2663 1053 2732; x_wconf 82' lang='lat' dir='ltr'><strong>Ruﬁnum,</strong></span> <span class='ocrx_word' id='word_1_343' title='bbox 1089 2685 1106 2716; x_wconf 80' lang='grc' dir='ltr'><strong>ι</strong></span> <span class='ocrx_word' id='word_1_344' title='bbox 1147 2667 1251 2721; x_wconf 91' lang='lat' dir='ltr'><strong>tuis</strong></span> <span class='ocrx_word' id='word_1_345' title='bbox 1291 2670 1674 2725; x_wconf 89' lang='lat' dir='ltr'><strong>assertionibus</strong></span> <span class='ocrx_word' id='word_1_346' title='bbox 1715 2671 1812 2725; x_wconf 78' lang='lat' dir='ltr'><strong>ob-</strong></span> <span class='ocrx_word' id='word_1_347' title='bbox 1910 2661 2078 2730; x_wconf 64' lang='lat' dir='ltr'><strong>Pium,</strong></span> <span class='ocrx_word' id='word_1_348' title='bbox 2114 2672 2306 2716; x_wconf 64' lang='grc' dir='ltr'><strong>οωιεη</strong></span> <span class='ocrx_word' id='word_1_349' title='bbox 2333 2677 2462 2716; x_wconf 73' lang='lat' dir='ltr'><strong>Vero</strong></span> <span class='ocrx_word' id='word_1_350' title='bbox 2525 2666 2762 2718; x_wconf 71' lang='lat' dir='ltr'><strong>membra</strong></span> <span class='ocrx_word' id='word_1_351' title='bbox 2827 2681 2856 2718; x_wconf 74' lang='lat'><strong>8</strong></span> <span class='ocrx_word' id='word_1_352' title='bbox 2898 2665 3121 2738; x_wconf 85' lang='lat' dir='ltr'><strong>Didymo</strong></span> <span class='ocrx_word' id='word_1_353' title='bbox 3161 2669 3242 2723; x_wconf 66' lang='lat' dir='ltr'><strong>vel</strong></span> <span class='ocrx_word' id='word_1_354' title='bbox 3277 2670 3344 2723; x_wconf 71' lang='lat' dir='ltr'><strong>ab</strong></span> <span class='ocrx_word' id='word_1_355' title='bbox 3370 2671 3449 2724; x_wconf 75' lang='lat' dir='ltr'><strong>al-</strong></span> 
     </span>
    </p>
   </div>
   <div class='ocr_carea' id='block_1_36' title="bbox 211 2751 3443 2823">
    <p class='ocr_par' dir='ltr' id='par_1_36' title="bbox 211 2751 3443 2823">
     <span class='ocr_line' id='line_1_36' title="bbox 211 2751 3443 2823; baseline 0.007 -31"><span class='ocrx_word' id='word_1_356' title='bbox 211 2753 415 2807; x_wconf 64' lang='grc' dir='ltr'><strong>νεοεεε</strong></span> <span class='ocrx_word' id='word_1_357' title='bbox 449 2752 716 2818; x_wconf 65' lang='lat' dir='ltr'><strong>sufﬁciat,</strong></span> <span class='ocrx_word' id='word_1_358' title='bbox 754 2763 808 2807; x_wconf 58' lang='lat' dir='ltr'><strong>et</strong></span> <span class='ocrx_word' id='word_1_359' title='bbox 850 2756 950 2810; x_wconf 74' lang='grc' dir='ltr'><strong>ιιορ</strong></span> <span class='ocrx_word' id='word_1_360' title='bbox 983 2756 1222 2810; x_wconf 65' lang='lat' dir='ltr'><strong>breviter</strong></span> <span class='ocrx_word' id='word_1_361' title='bbox 1261 2757 1574 2823; x_wconf 65' lang='lat' dir='ltr'><strong>prudentem</strong></span> <span class='ocrx_word' id='word_1_362' title='bbox 1609 2758 1812 2814; x_wconf 71' lang='grc' dir='ltr'><strong>ξηειι-υ..</strong></span> <span class='ocrx_word' id='word_1_363' title='bbox 1911 2760 2026 2803; x_wconf 92' lang='lat' dir='ltr'><strong>tero</strong></span> <span class='ocrx_word' id='word_1_364' title='bbox 2047 2751 2282 2818; x_wconf 93' lang='lat' dir='ltr'><strong>quolibet</strong></span> <span class='ocrx_word' id='word_1_365' title='bbox 2314 2752 2490 2806; x_wconf 90' lang='lat' dir='ltr'><strong>addita</strong></span> <span class='ocrx_word' id='word_1_366' title='bbox 2518 2751 2687 2807; x_wconf 71' lang='lat' dir='ltr'><strong>fuisse</strong></span> <span class='ocrx_word' id='word_1_367' title='bbox 2712 2754 2892 2808; x_wconf 88' lang='lat' dir='ltr'><strong>dicere</strong></span> <span class='ocrx_word' id='word_1_368' title='bbox 2924 2756 3136 2811; x_wconf 90' lang='lat' dir='ltr'><strong>videtur</strong></span> <span class='ocrx_word' id='word_1_369' title='bbox 3162 2759 3259 2814; x_wconf 89' lang='lat' dir='ltr'><strong>sub</strong></span> <span class='ocrx_word' id='word_1_370' title='bbox 3286 2760 3443 2816; x_wconf 83' lang='lat' dir='ltr'><strong>linem</strong></span> 
     </span>
    </p>
   </div>
   <div class='ocr_carea' id='block_1_37' title="bbox 210 2839 3441 2910">
    <p class='ocr_par' dir='ltr' id='par_1_37' title="bbox 210 2839 3441 2910">
     <span class='ocr_line' id='line_1_37' title="bbox 210 2839 3441 2910; baseline 0.003 -14"><span class='ocrx_word' id='word_1_371' title='bbox 210 2842 385 2896; x_wconf 63' lang='lat' dir='ltr'><strong>tisse</strong></span> <span class='ocrx_word' id='word_1_372' title='bbox 413 2841 712 2906; x_wconf 89' lang='lat' dir='ltr'><strong>lectorem,</strong></span> <span class='ocrx_word' id='word_1_373' title='bbox 747 2857 834 2896; x_wconf 88' lang='lat' dir='ltr'><strong>me</strong></span> <span class='ocrx_word' id='word_1_374' title='bbox 870 2843 1030 2896; x_wconf 90' lang='lat' dir='ltr'><strong>istum</strong></span> <span class='ocrx_word' id='word_1_375' title='bbox 1083 2841 1298 2908; x_wconf 90' lang='lat' dir='ltr'><strong>librum,</strong></span> <span class='ocrx_word' id='word_1_376' title='bbox 1336 2844 1423 2910; x_wconf 91' lang='lat' dir='ltr'><strong>qui</strong></span> <span class='ocrx_word' id='word_1_377' title='bbox 1459 2845 1557 2899; x_wconf 92' lang='lat' dir='ltr'><strong>sub</strong></span> <span class='ocrx_word' id='word_1_378' title='bbox 1595 2847 1810 2903; x_wconf 89' lang='lat' dir='ltr'><strong>nomine</strong></span> <span class='ocrx_word' id='word_1_379' title='bbox 1909 2841 2070 2909; x_wconf 76' lang='grc' dir='ltr'><strong>ερῑειο</strong></span> <span class='ocrx_word' id='word_1_380' title='bbox 2100 2840 2190 2904; x_wconf 66' lang='grc'><strong>41,</strong></span> <span class='ocrx_word' id='word_1_381' title='bbox 2223 2841 2353 2894; x_wconf 70' lang='lat' dir='ltr'><strong>alias</strong></span> <span class='ocrx_word' id='word_1_382' title='bbox 2381 2841 2470 2901; x_wconf 73' lang='grc'><strong>65.</strong></span> <span class='ocrx_word' id='word_1_383' title='bbox 2497 2843 2563 2895; x_wconf 69' lang='lat' dir='ltr'><strong>ad</strong></span> <span class='ocrx_word' id='word_1_384' title='bbox 2600 2839 3002 2898; x_wconf 75' lang='lat' dir='ltr'><strong>Pammachium</strong></span> <span class='ocrx_word' id='word_1_385' title='bbox 3036 2855 3091 2900; x_wconf 75' lang='lat' dir='ltr'><strong>et</strong></span> <span class='ocrx_word' id='word_1_386' title='bbox 3135 2847 3441 2903; x_wconf 81' lang='lat' dir='ltr'><strong>Oceanum:</strong></span> 
     </span>
    </p>
   </div>
   <div class='ocr_carea' id='block_1_38' title="bbox 212 2923 1758 3008">
    <p class='ocr_par' dir='ltr' id='par_1_38' title="bbox 212 2930 1758 3002">
     <span class='ocr_line' id='line_1_38' title="bbox 212 2930 1758 3002; baseline 0.002 -16"><span class='ocrx_word' id='word_1_387' title='bbox 212 2930 510 3001; x_wconf 80' lang='lat' dir='ltr'><strong>Paphiii</strong></span> <span class='ocrx_word' id='word_1_388' title='bbox 553 2931 863 2997; x_wconf 83' lang='lat' dir='ltr'><strong>ferebatur,</strong></span> <span class='ocrx_word' id='word_1_389' title='bbox 917 2933 1118 2986; x_wconf 85' lang='lat' dir='ltr'><strong>vidisse</strong></span> <span class='ocrx_word' id='word_1_390' title='bbox 1167 2933 1392 3000; x_wconf 90' lang='lat' dir='ltr'><strong>primum</strong></span> <span class='ocrx_word' id='word_1_391' title='bbox 1447 2935 1701 3002; x_wconf 87' lang='lat' dir='ltr'><strong>scriptum</strong></span> <span class='ocrx_word' id='word_1_392' title='bbox 1755 2940 1758 2989; x_wconf 52' lang='grc' dir='ltr'><em>λ</em></span> 
     </span>
    </p>
   </div>
   <div class='ocr_carea' id='block_1_39' title="bbox 1899 2923 3445 3008">
    <p class='ocr_par' dir='ltr' id='par_1_39' title="bbox 1914 2923 3445 3008">
     <span class='ocr_line' id='line_1_39' title="bbox 1914 2923 3445 3008; baseline 0.008 -29"><span class='ocrx_word' id='word_1_393' title='bbox 1914 2947 1933 2979; x_wconf 75' lang='grc' dir='ltr'><strong>ι</strong></span> <span class='ocrx_word' id='word_1_394' title='bbox 1966 2927 2116 2982; x_wconf 89' lang='lat' dir='ltr'><strong>Sexti</strong></span> <span class='ocrx_word' id='word_1_395' title='bbox 2147 2929 2267 2983; x_wconf 88' lang='lat' dir='ltr'><strong>libri</strong></span> <span class='ocrx_word' id='word_1_396' title='bbox 2292 2923 2503 2984; x_wconf 76' lang='lat' dir='ltr'><strong>Eusebii</strong></span> <span class='ocrx_word' id='word_1_397' title='bbox 2527 2946 2684 2998; x_wconf 88' lang='lat' dir='ltr'><strong>super</strong></span> <span class='ocrx_word' id='word_1_398' title='bbox 2704 2931 2942 3000; x_wconf 79' lang='lat' dir='ltr'><strong>Origenis</strong></span> <span class='ocrx_word' id='word_1_399' title='bbox 2968 2931 3275 2998; x_wconf 77' lang='lat' dir='ltr'><strong>Defensione</strong></span> <span class='ocrx_word' id='word_1_400' title='bbox 3296 2940 3445 3008; x_wconf 89' lang='lat' dir='ltr'><strong>priu-</strong></span> 
     </span>
    </p>
   </div>
   <div class='ocr_carea' id='block_1_40' title="bbox 211 3019 3440 3096">
    <p class='ocr_par' dir='ltr' id='par_1_40' title="bbox 211 3019 3440 3096">
     <span class='ocr_line' id='line_1_40' title="bbox 211 3019 3440 3096; baseline 0.004 -27"><span class='ocrx_word' id='word_1_401' title='bbox 211 3021 428 3076; x_wconf 72' lang='lat' dir='ltr'><strong>codice</strong></span> <span class='ocrx_word' id='word_1_402' title='bbox 459 3030 590 3082; x_wconf 85' lang='lat' dir='ltr'><strong>tuo;</strong></span> <span class='ocrx_word' id='word_1_403' title='bbox 634 3029 691 3074; x_wconf 88' lang='lat' dir='ltr'><strong>et</strong></span> <span class='ocrx_word' id='word_1_404' title='bbox 727 3021 854 3089; x_wconf 80' lang='lat' dir='ltr'><strong>quia</strong></span> <span class='ocrx_word' id='word_1_405' title='bbox 901 3035 1010 3074; x_wconf 88' lang='lat' dir='ltr'><strong>non</strong></span> <span class='ocrx_word' id='word_1_406' title='bbox 1049 3031 1167 3074; x_wconf 89' lang='lat' dir='ltr'><strong>erat</strong></span> <span class='ocrx_word' id='word_1_407' title='bbox 1202 3021 1327 3074; x_wconf 90' lang='lat' dir='ltr'><strong>mihi</strong></span> <span class='ocrx_word' id='word_1_408' title='bbox 1365 3037 1504 3081; x_wconf 68' lang='lat' dir='ltr'><strong>cura:</strong></span> <span class='ocrx_word' id='word_1_409' title='bbox 1545 3024 1672 3092; x_wconf 85' lang='lat' dir='ltr'><strong>quid</strong></span> <span class='ocrx_word' id='word_1_410' title='bbox 1713 3039 1809 3092; x_wconf 89' lang='lat' dir='ltr'><strong>pro</strong></span> <span class='ocrx_word' id='word_1_411' title='bbox 1907 3019 2102 3086; x_wconf 88' lang='lat' dir='ltr'><strong>cipium</strong></span> <span class='ocrx_word' id='word_1_412' title='bbox 2136 3033 2304 3087; x_wconf 91' lang='lat' dir='ltr'><strong>usque</strong></span> <span class='ocrx_word' id='word_1_413' title='bbox 2335 3020 2400 3072; x_wconf 90' lang='lat' dir='ltr'><strong>ad</strong></span> <span class='ocrx_word' id='word_1_414' title='bbox 2432 3019 2575 3074; x_wconf 92' lang='lat' dir='ltr'><strong>mille</strong></span> <span class='ocrx_word' id='word_1_415' title='bbox 2605 3021 2771 3074; x_wconf 88' lang='lat' dir='ltr'><strong>ferme</strong></span> <span class='ocrx_word' id='word_1_416' title='bbox 2813 3036 2998 3076; x_wconf 90' lang='lat' dir='ltr'><strong>versus</strong></span> <span class='ocrx_word' id='word_1_417' title='bbox 3030 3023 3169 3078; x_wconf 86' lang='lat' dir='ltr'><strong>liber</strong></span> <span class='ocrx_word' id='word_1_418' title='bbox 3199 3025 3320 3089; x_wconf 88' lang='lat' dir='ltr'><strong>iste,</strong></span> <span class='ocrx_word' id='word_1_419' title='bbox 3349 3038 3440 3096; x_wconf 77' lang='lat' dir='ltr'><strong>qui</strong></span> 
     </span>
    </p>
   </div>
   <div class='ocr_carea' id='block_1_41' title="bbox 215 3107 3444 3183">
    <p class='ocr_par' dir='ltr' id='par_1_41' title="bbox 215 3107 3444 3183">
     <span class='ocr_line' id='line_1_41' title="bbox 215 3107 3444 3183; baseline 0.002 -20"><span class='ocrx_word' id='word_1_420' title='bbox 215 3109 503 3165; x_wconf 74' lang='lat' dir='ltr'><strong>haeretica</strong></span> <span class='ocrx_word' id='word_1_421' title='bbox 534 3109 838 3174; x_wconf 87' lang='lat' dir='ltr'><strong>diceretur,</strong></span> <span class='ocrx_word' id='word_1_422' title='bbox 875 3110 955 3164; x_wconf 85' lang='lat' dir='ltr'><strong>sic</strong></span> <span class='ocrx_word' id='word_1_423' title='bbox 983 3124 1194 3176; x_wconf 87' lang='lat' dir='ltr'><strong>semper</strong></span> <span class='ocrx_word' id='word_1_424' title='bbox 1224 3109 1508 3174; x_wconf 88' lang='lat' dir='ltr'><strong>habuisse,</strong></span> <span class='ocrx_word' id='word_1_425' title='bbox 1539 3112 1693 3180; x_wconf 91' lang='lat' dir='ltr'><strong>quasi</strong></span> <span class='ocrx_word' id='word_1_426' title='bbox 1722 3113 1806 3164; x_wconf 89' lang='lat' dir='ltr'><strong>di-</strong></span> <span class='ocrx_word' id='word_1_427' title='bbox 1907 3107 2166 3175; x_wconf 85' lang='lat' dir='ltr'><strong>Pamphili</strong></span> <span class='ocrx_word' id='word_1_428' title='bbox 2197 3109 2416 3174; x_wconf 88' lang='lat' dir='ltr'><strong>dicitur,</strong></span> <span class='ocrx_word' id='word_1_429' title='bbox 2458 3110 2716 3174; x_wconf 88' lang='lat' dir='ltr'><strong>continet,</strong></span> <span class='ocrx_word' id='word_1_430' title='bbox 2765 3121 2819 3164; x_wconf 92' lang='lat' dir='ltr'><strong>et</strong></span> <span class='ocrx_word' id='word_1_431' title='bbox 2861 3111 2913 3164; x_wconf 91' lang='lat' dir='ltr'><strong>in</strong></span> <span class='ocrx_word' id='word_1_432' title='bbox 2963 3110 3180 3182; x_wconf 88' lang='lat' dir='ltr'><strong>reliquis</strong></span> <span class='ocrx_word' id='word_1_433' title='bbox 3208 3116 3444 3183; x_wconf 86' lang='lat' dir='ltr'><strong>scriptor</strong></span> 
     </span>
    </p>
   </div>
   <div class='ocr_carea' id='block_1_42' title="bbox 213 3197 3445 3270">
    <p class='ocr_par' dir='ltr' id='par_1_42' title="bbox 213 3197 3445 3270">
     <span class='ocr_line' id='line_1_42' title="bbox 213 3197 3445 3270; baseline 0.002 -16"><span class='ocrx_word' id='word_1_434' title='bbox 213 3213 458 3256; x_wconf 80' lang='lat' dir='ltr'><strong>versum</strong></span> <span class='ocrx_word' id='word_1_435' title='bbox 520 3208 678 3254; x_wconf 86' lang='lat' dir='ltr'><strong>esset</strong></span> <span class='ocrx_word' id='word_1_436' title='bbox 731 3214 870 3269; x_wconf 84' lang='lat' dir='ltr'><strong>Opus</strong></span> <span class='ocrx_word' id='word_1_437' title='bbox 914 3199 1178 3269; x_wconf 90' lang='lat' dir='ltr'><strong>Pamphili</strong></span> <span class='ocrx_word' id='word_1_438' title='bbox 1220 3209 1274 3255; x_wconf 91' lang='lat' dir='ltr'><strong>et</strong></span> <span class='ocrx_word' id='word_1_439' title='bbox 1317 3200 1569 3255; x_wconf 87' lang='lat' dir='ltr'><strong>Eusebii:</strong></span> <span class='ocrx_word' id='word_1_440' title='bbox 1620 3213 1804 3266; x_wconf 87' lang='lat' dir='ltr'><strong>postea</strong></span> <span class='ocrx_word' id='word_1_441' title='bbox 1841 3262 1878 3270; x_wconf 92' lang='lat'>_</span> <span class='ocrx_word' id='word_1_442' title='bbox 1908 3197 2140 3262; x_wconf 87' lang='lat' dir='ltr'><strong>ejusdem</strong></span> <span class='ocrx_word' id='word_1_443' title='bbox 2169 3200 2345 3266; x_wconf 90' lang='lat' dir='ltr'><strong>operis</strong></span> <span class='ocrx_word' id='word_1_444' title='bbox 2395 3199 2598 3268; x_wconf 83' lang='lat' dir='ltr'><strong>profert</strong></span> <span class='ocrx_word' id='word_1_445' title='bbox 2646 3200 2969 3265; x_wconf 84' lang='lat' dir='ltr'><strong>testimonia,</strong></span> <span class='ocrx_word' id='word_1_446' title='bbox 3019 3204 3209 3270; x_wconf 90' lang='lat' dir='ltr'><strong>quibus</strong></span> <span class='ocrx_word' id='word_1_447' title='bbox 3255 3205 3445 3260; x_wconf 82' lang='lat' dir='ltr'><strong>nititur</strong></span> 
     </span>
    </p>
   </div>
   <div class='ocr_carea' id='block_1_43' title="bbox 217 3262 3443 3360">
    <p class='ocr_par' dir='ltr' id='par_1_43' title="bbox 217 3262 3443 3360">
     <span class='ocr_line' id='line_1_43' title="bbox 217 3262 3443 3360; baseline 0.002 -18"><span class='ocrx_word' id='word_1_448' title='bbox 217 3305 386 3357; x_wconf 82' lang='lat' dir='ltr'><strong>vero,</strong></span> <span class='ocrx_word' id='word_1_449' title='bbox 422 3291 739 3360; x_wconf 67' lang='lat' dir='ltr'><strong>quaestione</strong></span> <span class='ocrx_word' id='word_1_450' title='bbox 768 3262 930 3342; x_wconf 47' lang='lat' dir='ltr'><strong>-mota</strong></span> <span class='ocrx_word' id='word_1_451' title='bbox 949 3328 968 3353; x_wconf 95' lang='lat'><strong>,</strong></span> <span class='ocrx_word' id='word_1_452' title='bbox 1013 3290 1228 3357; x_wconf 75' lang='lat' dir='ltr'><strong>scriptis</strong></span> <span class='ocrx_word' id='word_1_453' title='bbox 1265 3305 1451 3344; x_wconf 88' lang='lat' dir='ltr'><strong>eorum</strong></span> <span class='ocrx_word' id='word_1_454' title='bbox 1485 3293 1806 3360; x_wconf 89' lang='lat' dir='ltr'><strong>respondere</strong></span> <span class='ocrx_word' id='word_1_455' title='bbox 1833 3262 1878 3320; x_wconf 62' lang='grc' dir='ltr'><strong>θ</strong></span> <span class='ocrx_word' id='word_1_456' title='bbox 1909 3286 2202 3355; x_wconf 86' lang='lat' dir='ltr'><strong>approbare</strong></span> <span class='ocrx_word' id='word_1_457' title='bbox 2227 3285 2507 3354; x_wconf 82' lang='lat' dir='ltr'><strong>Origenem</strong></span> <span class='ocrx_word' id='word_1_458' title='bbox 2537 3287 2706 3343; x_wconf 89' lang='lat' dir='ltr'><strong>fuisse</strong></span> <span class='ocrx_word' id='word_1_459' title='bbox 2733 3289 3074 3346; x_wconf 88' lang='lat' dir='ltr'><strong>catholicum.</strong></span> <span class='ocrx_word' id='word_1_460' title='bbox 3097 3290 3356 3350; x_wconf 88' lang='lat' dir='ltr'><strong>Eusebius</strong></span> <span class='ocrx_word' id='word_1_461' title='bbox 3387 3307 3443 3350; x_wconf 89' lang='lat' dir='ltr'><strong>et</strong></span> 
     </span>
    </p>
   </div>
   <div class='ocr_carea' id='block_1_44' title="bbox 214 3374 3444 3450">
    <p class='ocr_par' dir='ltr' id='par_1_44' title="bbox 214 3374 3444 3450">
     <span class='ocr_line' id='line_1_44' title="bbox 214 3374 3444 3450; baseline 0.002 -16"><span class='ocrx_word' id='word_1_462' title='bbox 214 3381 497 3447; x_wconf 82' lang='lat' dir='ltr'><strong>voluisse,</strong></span> <span class='ocrx_word' id='word_1_463' title='bbox 530 3389 593 3436; x_wconf 89' lang='lat' dir='ltr'><strong>et</strong></span> <span class='ocrx_word' id='word_1_464' title='bbox 627 3382 700 3435; x_wconf 91' lang='lat' dir='ltr'><strong>ob</strong></span> <span class='ocrx_word' id='word_1_465' title='bbox 752 3381 893 3434; x_wconf 90' lang='lat' dir='ltr'><strong>hanc</strong></span> <span class='ocrx_word' id='word_1_466' title='bbox 925 3394 1143 3433; x_wconf 88' lang='lat' dir='ltr'><strong>causam</strong></span> <span class='ocrx_word' id='word_1_467' title='bbox 1174 3379 1367 3446; x_wconf 76' lang='lat' dir='ltr'><strong>legisse</strong></span> <span class='ocrx_word' id='word_1_468' title='bbox 1391 3381 1520 3449; x_wconf 89' lang='lat' dir='ltr'><strong>quid</strong></span> <span class='ocrx_word' id='word_1_469' title='bbox 1551 3395 1648 3449; x_wconf 89' lang='lat' dir='ltr'><strong>pro</strong></span> <span class='ocrx_word' id='word_1_470' title='bbox 1684 3381 1808 3435; x_wconf 77' lang='lat' dir='ltr'><strong>Ori-</strong></span> <span class='ocrx_word' id='word_1_471' title='bbox 1906 3374 2210 3444; x_wconf 89' lang='lat' dir='ltr'><strong>Pamphilus</strong></span> <span class='ocrx_word' id='word_1_472' title='bbox 2244 3387 2442 3430; x_wconf 91' lang='lat' dir='ltr'><strong>tantam</strong></span> <span class='ocrx_word' id='word_1_473' title='bbox 2475 3379 2614 3431; x_wconf 90' lang='lat' dir='ltr'><strong>inter</strong></span> <span class='ocrx_word' id='word_1_474' title='bbox 2642 3392 2702 3432; x_wconf 88' lang='lat' dir='ltr'><strong>se</strong></span> <span class='ocrx_word' id='word_1_475' title='bbox 2733 3379 2966 3435; x_wconf 91' lang='lat' dir='ltr'><strong>habuere</strong></span> <span class='ocrx_word' id='word_1_476' title='bbox 2996 3385 3355 3450; x_wconf 90' lang='lat' dir='ltr'><strong>concordiam,</strong></span> <span class='ocrx_word' id='word_1_477' title='bbox 3385 3395 3444 3440; x_wconf 87' lang='lat' dir='ltr'><strong>ut</strong></span> 
     </span>
    </p>
   </div>
   <div class='ocr_carea' id='block_1_45' title="bbox 213 3465 3438 3541">
    <p class='ocr_par' dir='ltr' id='par_1_45' title="bbox 213 3465 3438 3541">
     <span class='ocr_line' id='line_1_45' title="bbox 213 3465 3438 3541; baseline 0.002 -20"><span class='ocrx_word' id='word_1_478' title='bbox 213 3485 370 3541; x_wconf 69' lang='lat' dir='ltr'><strong>gene</strong></span> <span class='ocrx_word' id='word_1_479' title='bbox 417 3472 813 3539; x_wconf 89' lang='lat' dir='ltr'><strong>unusquisque</strong></span> <span class='ocrx_word' id='word_1_480' title='bbox 867 3469 1124 3530; x_wconf 88' lang='lat' dir='ltr'><strong>sentiret;</strong></span> <span class='ocrx_word' id='word_1_481' title='bbox 1179 3469 1560 3538; x_wconf 90' lang='lat' dir='ltr'><strong>perspicueque</strong></span> <span class='ocrx_word' id='word_1_482' title='bbox 1609 3468 1802 3538; x_wconf 87' lang='lat' dir='ltr'><strong>depre-</strong></span> <span class='ocrx_word' id='word_1_483' title='bbox 1906 3465 2064 3519; x_wconf 88' lang='lat' dir='ltr'><strong>unius</strong></span> <span class='ocrx_word' id='word_1_484' title='bbox 2103 3466 2296 3519; x_wconf 87' lang='lat' dir='ltr'><strong>animae</strong></span> <span class='ocrx_word' id='word_1_485' title='bbox 2328 3465 2577 3522; x_wconf 86' lang='lat' dir='ltr'><strong>homines</strong></span> <span class='ocrx_word' id='word_1_486' title='bbox 2618 3479 2794 3535; x_wconf 91' lang='lat' dir='ltr'><strong>putes,</strong></span> <span class='ocrx_word' id='word_1_487' title='bbox 2843 3469 2990 3524; x_wconf 89' lang='lat' dir='ltr'><strong>etab</strong></span> <span class='ocrx_word' id='word_1_488' title='bbox 3035 3485 3141 3524; x_wconf 92' lang='lat' dir='ltr'><strong>uno</strong></span> <span class='ocrx_word' id='word_1_489' title='bbox 3167 3471 3302 3527; x_wconf 89' lang='lat' dir='ltr'><strong>alter</strong></span> <span class='ocrx_word' id='word_1_490' title='bbox 3341 3491 3438 3527; x_wconf 87' lang='lat' dir='ltr'><strong>no-</strong></span> 
     </span>
    </p>
   </div>
   <div class='ocr_carea' id='block_1_46' title="bbox 215 3547 3440 3630">
    <p class='ocr_par' dir='ltr' id='par_1_46' title="bbox 215 3547 3440 3630">
     <span class='ocr_line' id='line_1_46' title="bbox 215 3547 3440 3630; baseline 0.003 -22"><span class='ocrx_word' id='word_1_491' title='bbox 215 3561 518 3626; x_wconf 72' lang='lat' dir='ltr'><strong>hendisse,</strong></span> <span class='ocrx_word' id='word_1_492' title='bbox 555 3561 710 3630; x_wconf 82' lang='lat' dir='ltr'><strong>quod</strong></span> <span class='ocrx_word' id='word_1_493' title='bbox 748 3561 956 3628; x_wconf 85' lang='lat' dir='ltr'><strong>primus</strong></span> <span class='ocrx_word' id='word_1_494' title='bbox 989 3559 1123 3613; x_wconf 89' lang='lat' dir='ltr'><strong>liber</strong></span> <span class='ocrx_word' id='word_1_495' title='bbox 1143 3572 1237 3612; x_wconf 85' lang='lat' dir='ltr'><strong>sex</strong></span> <span class='ocrx_word' id='word_1_496' title='bbox 1271 3549 1592 3613; x_wconf 89' lang='lat' dir='ltr'><strong>voluminum</strong></span> <span class='ocrx_word' id='word_1_497' title='bbox 1630 3558 1803 3614; x_wconf 82' lang='lat' dir='ltr'><strong>Euse-</strong></span> <span class='ocrx_word' id='word_1_498' title='bbox 1904 3569 2024 3608; x_wconf 89' lang='lat' dir='ltr'><strong>men</strong></span> <span class='ocrx_word' id='word_1_499' title='bbox 2054 3557 2338 3624; x_wconf 88' lang='lat' dir='ltr'><strong>acceperit.</strong></span> <span class='ocrx_word' id='word_1_500' title='bbox 2381 3556 2658 3623; x_wconf 87' lang='lat' dir='ltr'><strong>Quomodo</strong></span> <span class='ocrx_word' id='word_1_501' title='bbox 2694 3558 2855 3626; x_wconf 78' lang='lat' dir='ltr'><strong>igitur</strong></span> <span class='ocrx_word' id='word_1_502' title='bbox 2898 3560 3039 3615; x_wconf 87' lang='lat' dir='ltr'><strong>inter</strong></span> <span class='ocrx_word' id='word_1_503' title='bbox 3071 3547 3130 3615; x_wconf 85' lang='lat' dir='ltr'><strong>se</strong></span> <span class='ocrx_word' id='word_1_504' title='bbox 3157 3562 3440 3619; x_wconf 83' lang='lat' dir='ltr'><strong>dissentire</strong></span> 
     </span>
    </p>
   </div>
   <div class='ocr_carea' id='block_1_47' title="bbox 212 3645 3436 3722">
    <p class='ocr_par' dir='ltr' id='par_1_47' title="bbox 212 3645 3436 3722">
     <span class='ocr_line' id='line_1_47' title="bbox 212 3645 3436 3722; baseline 0.002 -19"><span class='ocrx_word' id='word_1_505' title='bbox 212 3651 298 3706; x_wconf 84' lang='lat' dir='ltr'><strong>bii</strong></span> <span class='ocrx_word' id='word_1_506' title='bbox 341 3653 462 3720; x_wconf 88' lang='lat' dir='ltr'><strong>ipse</strong></span> <span class='ocrx_word' id='word_1_507' title='bbox 505 3658 700 3715; x_wconf 83' lang='lat' dir='ltr'><strong>esset,</strong></span> <span class='ocrx_word' id='word_1_508' title='bbox 737 3649 830 3717; x_wconf 93' lang='lat' dir='ltr'><strong>qui</strong></span> <span class='ocrx_word' id='word_1_509' title='bbox 869 3661 1008 3700; x_wconf 90' lang='lat' dir='ltr'><strong>unus</strong></span> <span class='ocrx_word' id='word_1_510' title='bbox 1045 3645 1144 3700; x_wconf 87' lang='lat' dir='ltr'><strong>sub</strong></span> <span class='ocrx_word' id='word_1_511' title='bbox 1191 3645 1403 3701; x_wconf 90' lang='lat' dir='ltr'><strong>nomine</strong></span> <span class='ocrx_word' id='word_1_512' title='bbox 1443 3645 1702 3716; x_wconf 90' lang='lat' dir='ltr'><strong>Pamphili</strong></span> <span class='ocrx_word' id='word_1_513' title='bbox 1773 3663 1803 3701; x_wconf 91' lang='lat' dir='ltr'><strong>a</strong></span> <span class='ocrx_word' id='word_1_514' title='bbox 1903 3653 2208 3712; x_wconf 88' lang='lat' dir='ltr'><strong>potuerunt,</strong></span> <span class='ocrx_word' id='word_1_515' title='bbox 2241 3656 2296 3699; x_wconf 92' lang='lat' dir='ltr'><strong>ut</strong></span> <span class='ocrx_word' id='word_1_516' title='bbox 2328 3647 2590 3704; x_wconf 88' lang='lat' dir='ltr'><strong>Eusebius</strong></span> <span class='ocrx_word' id='word_1_517' title='bbox 2623 3649 2674 3702; x_wconf 91' lang='lat' dir='ltr'><strong>iu</strong></span> <span class='ocrx_word' id='word_1_518' title='bbox 2707 3658 2818 3703; x_wconf 90' lang='lat' dir='ltr'><strong>toto</strong></span> <span class='ocrx_word' id='word_1_519' title='bbox 2843 3664 3006 3720; x_wconf 84' lang='lat' dir='ltr'><strong>Opere</strong></span> <span class='ocrx_word' id='word_1_520' title='bbox 3031 3667 3127 3706; x_wconf 92' lang='lat' dir='ltr'><strong>suo</strong></span> <span class='ocrx_word' id='word_1_521' title='bbox 3155 3651 3436 3722; x_wconf 88' lang='lat' dir='ltr'><strong>Origenem</strong></span> 
     </span>
    </p>
   </div>
   <div class='ocr_carea' id='block_1_48' title="bbox 212 3733 3434 3814">
    <p class='ocr_par' dir='ltr' id='par_1_48' title="bbox 212 3733 3434 3814">
     <span class='ocr_line' id='line_1_48' title="bbox 212 3733 3434 3814; baseline 0.001 -17"><span class='ocrx_word' id='word_1_522' title='bbox 212 3752 276 3797; x_wconf 74' lang='lat' dir='ltr'><strong>te</strong></span> <span class='ocrx_word' id='word_1_523' title='bbox 303 3743 494 3796; x_wconf 77' lang='lat' dir='ltr'><strong>editus</strong></span> <span class='ocrx_word' id='word_1_524' title='bbox 525 3748 622 3794; x_wconf 79' lang='lat' dir='ltr'><strong>est</strong></span> <span class='ocrx_word' id='word_1_525' title='bbox 659 3747 770 3791; x_wconf 90' lang='lat' dir='ltr'><strong>tam</strong></span> <span class='ocrx_word' id='word_1_526' title='bbox 808 3736 993 3791; x_wconf 60' lang='lat' dir='ltr'><strong>Graace</strong></span> <span class='ocrx_word' id='word_1_527' title='bbox 1033 3750 1193 3804; x_wconf 88' lang='lat' dir='ltr'><strong>quam</strong></span> <span class='ocrx_word' id='word_1_528' title='bbox 1219 3734 1468 3801; x_wconf 79' lang='lat' dir='ltr'><strong>Latine,</strong></span> <span class='ocrx_word' id='word_1_529' title='bbox 1508 3737 1804 3792; x_wconf 84' lang='lat' dir='ltr'><strong>immutatis</strong></span> <span class='ocrx_word' id='word_1_530' title='bbox 1899 3733 2082 3787; x_wconf 84' lang='lat' dir='ltr'><strong>Ariani</strong></span> <span class='ocrx_word' id='word_1_531' title='bbox 2109 3736 2298 3804; x_wconf 88' lang='lat' dir='ltr'><strong>probet</strong></span> <span class='ocrx_word' id='word_1_532' title='bbox 2333 3737 2615 3806; x_wconf 77' lang='lat' dir='ltr'><strong>dogmatis,</strong></span> <span class='ocrx_word' id='word_1_533' title='bbox 2663 3747 2718 3792; x_wconf 90' lang='lat' dir='ltr'><strong>et</strong></span> <span class='ocrx_word' id='word_1_534' title='bbox 2749 3738 3056 3809; x_wconf 88' lang='lat' dir='ltr'><strong>Pamphilus</strong></span> <span class='ocrx_word' id='word_1_535' title='bbox 3085 3741 3312 3799; x_wconf 69' lang='lat' dir='ltr'><strong>Nicaante</strong></span> <span class='ocrx_word' id='word_1_536' title='bbox 3339 3756 3434 3814; x_wconf 81' lang='lat' dir='ltr'><strong>sy-</strong></span> 
     </span>
    </p>
   </div>
   <div class='ocr_carea' id='block_1_49' title="bbox 211 3813 3441 3901">
    <p class='ocr_par' dir='ltr' id='par_1_49' title="bbox 211 3813 3441 3901">
     <span class='ocr_line' id='line_1_49' title="bbox 211 3813 3441 3901; baseline 0 -13"><span class='ocrx_word' id='word_1_537' title='bbox 211 3832 505 3888; x_wconf 76' lang='lat' dir='ltr'><strong>duntaxat</strong></span> <span class='ocrx_word' id='word_1_538' title='bbox 548 3813 812 3884; x_wconf 79' lang='lat' dir='ltr'><strong>sensist</strong></span> <span class='ocrx_word' id='word_1_539' title='bbox 850 3827 918 3880; x_wconf 91' lang='lat' dir='ltr'><strong>de</strong></span> <span class='ocrx_word' id='word_1_540' title='bbox 943 3825 1082 3879; x_wconf 87' lang='lat' dir='ltr'><strong>Filio</strong></span> <span class='ocrx_word' id='word_1_541' title='bbox 1117 3834 1172 3878; x_wconf 91' lang='lat' dir='ltr'><strong>et</strong></span> <span class='ocrx_word' id='word_1_542' title='bbox 1211 3824 1412 3891; x_wconf 85' lang='lat' dir='ltr'><strong>Spiritu</strong></span> <span class='ocrx_word' id='word_1_543' title='bbox 1455 3835 1662 3893; x_wconf 88' lang='lat' dir='ltr'><strong>sancto,</strong></span> <span class='ocrx_word' id='word_1_544' title='bbox 1711 3827 1801 3896; x_wconf 91' lang='lat' dir='ltr'><strong>qui</strong></span> <span class='ocrx_word' id='word_1_545' title='bbox 1902 3823 2048 3887; x_wconf 87' lang='lat' dir='ltr'><strong>nodi,</strong></span> <span class='ocrx_word' id='word_1_546' title='bbox 2089 3839 2208 3892; x_wconf 65' lang='lat' dir='ltr'><strong>quae</strong></span> <span class='ocrx_word' id='word_1_547' title='bbox 2249 3825 2349 3878; x_wconf 87' lang='lat' dir='ltr'><strong>fuit</strong></span> <span class='ocrx_word' id='word_1_548' title='bbox 2376 3836 2584 3894; x_wconf 89' lang='lat' dir='ltr'><strong>postea,</strong></span> <span class='ocrx_word' id='word_1_549' title='bbox 2624 3827 3000 3884; x_wconf 84' lang='lat' dir='ltr'><strong>defensorem?</strong></span> <span class='ocrx_word' id='word_1_550' title='bbox 3028 3831 3104 3886; x_wconf 88' lang='lat' dir='ltr'><strong>Ex</strong></span> <span class='ocrx_word' id='word_1_551' title='bbox 3128 3847 3233 3901; x_wconf 91' lang='lat' dir='ltr'><strong>quo</strong></span> <span class='ocrx_word' id='word_1_552' title='bbox 3255 3813 3441 3890; x_wconf 79' lang='lat' dir='ltr'><strong>osten-</strong></span> 
     </span>
    </p>
   </div>
   <div class='ocr_carea' id='block_1_50' title="bbox 209 3906 3434 3991">
    <p class='ocr_par' dir='ltr' id='par_1_50' title="bbox 209 3906 3434 3991">
     <span class='ocr_line' id='line_1_50' title="bbox 209 3906 3434 3991; baseline 0.001 -16"><span class='ocrx_word' id='word_1_553' title='bbox 209 3930 480 3990; x_wconf 79' lang='lat' dir='ltr'><strong>apertam</strong></span> <span class='ocrx_word' id='word_1_554' title='bbox 533 3917 944 3986; x_wconf 81' lang='lat' dir='ltr'><strong>blasphemiam</strong></span> <span class='ocrx_word' id='word_1_555' title='bbox 1001 3914 1381 3984; x_wconf 67' lang='lat' dir='ltr'><strong>praeferebant.</strong></span> <span class='ocrx_word' id='word_1_556' title='bbox 1439 3915 1588 3970; x_wconf 85' lang='lat' dir='ltr'><strong>Unde</strong></span> <span class='ocrx_word' id='word_1_557' title='bbox 1638 3917 1800 3972; x_wconf 86' lang='lat' dir='ltr'><strong>etiam</strong></span> <span class='ocrx_word' id='word_1_558' title='bbox 1901 3906 2049 3966; x_wconf 76' lang='lat' dir='ltr'><strong>ditur</strong></span> <span class='ocrx_word' id='word_1_559' title='bbox 2071 3913 2152 3967; x_wconf 92' lang='lat' dir='ltr'><strong>vel</strong></span> <span class='ocrx_word' id='word_1_560' title='bbox 2183 3915 2416 3984; x_wconf 84' lang='lat' dir='ltr'><strong>Didymi,</strong></span> <span class='ocrx_word' id='word_1_561' title='bbox 2446 3916 2530 3970; x_wconf 92' lang='lat' dir='ltr'><strong>vel</strong></span> <span class='ocrx_word' id='word_1_562' title='bbox 2556 3917 2836 3985; x_wconf 87' lang='lat' dir='ltr'><strong>cujuslibet</strong></span> <span class='ocrx_word' id='word_1_563' title='bbox 2873 3921 3095 3974; x_wconf 89' lang='lat' dir='ltr'><strong>alterius</strong></span> <span class='ocrx_word' id='word_1_564' title='bbox 3131 3935 3250 3976; x_wconf 88' lang='lat' dir='ltr'><strong>esse</strong></span> <span class='ocrx_word' id='word_1_565' title='bbox 3276 3939 3434 3991; x_wconf 84' lang='lat' dir='ltr'><strong>opus~</strong></span> 
     </span>
    </p>
   </div>
   <div class='ocr_carea' id='block_1_51' title="bbox 210 4002 3436 4075">
    <p class='ocr_par' dir='ltr' id='par_1_51' title="bbox 210 4002 3436 4075">
     <span class='ocr_line' id='line_1_51' title="bbox 210 4002 3436 4075; baseline 0.001 -10"><span class='ocrx_word' id='word_1_566' title='bbox 210 4021 356 4064; x_wconf 83' lang='lat' dir='ltr'><strong>ante</strong></span> <span class='ocrx_word' id='word_1_567' title='bbox 405 4024 595 4064; x_wconf 86' lang='lat' dir='ltr'><strong>annos</strong></span> <span class='ocrx_word' id='word_1_568' title='bbox 647 4007 826 4061; x_wconf 79' lang='lat' dir='ltr'><strong>ferme</strong></span> <span class='ocrx_word' id='word_1_569' title='bbox 866 4007 1089 4069; x_wconf 88' lang='lat' dir='ltr'><strong>decem,</strong></span> <span class='ocrx_word' id='word_1_570' title='bbox 1152 4018 1272 4058; x_wconf 93' lang='lat' dir='ltr'><strong>cum</strong></span> <span class='ocrx_word' id='word_1_571' title='bbox 1347 4005 1540 4058; x_wconf 85' lang='lat' dir='ltr'><strong>Dexter</strong></span> <span class='ocrx_word' id='word_1_572' title='bbox 1595 4005 1802 4058; x_wconf 81' lang='lat' dir='ltr'><strong>amicus</strong></span> <span class='ocrx_word' id='word_1_573' title='bbox 1900 4002 2099 4067; x_wconf 91' lang='lat' dir='ltr'><strong>culum,</strong></span> <span class='ocrx_word' id='word_1_574' title='bbox 2140 4004 2253 4072; x_wconf 90' lang='lat' dir='ltr'><strong>qui,</strong></span> <span class='ocrx_word' id='word_1_575' title='bbox 2292 4005 2429 4059; x_wconf 83' lang='lat' dir='ltr'><strong>sexti</strong></span> <span class='ocrx_word' id='word_1_576' title='bbox 2485 4005 2603 4060; x_wconf 85' lang='lat' dir='ltr'><strong>libri</strong></span> <span class='ocrx_word' id='word_1_577' title='bbox 2647 4009 2817 4075; x_wconf 89' lang='lat' dir='ltr'><strong>capite</strong></span> <span class='ocrx_word' id='word_1_578' title='bbox 2851 4008 3196 4074; x_wconf 80' lang='lat' dir='ltr'><strong>detruncata,</strong></span> <span class='ocrx_word' id='word_1_579' title='bbox 3245 4023 3436 4067; x_wconf 65' lang='lat' dir='ltr'><strong>caetera</strong></span> 
     </span>
    </p>
   </div>
   <div class='ocr_carea' id='block_1_52' title="bbox 208 4093 3430 4170">
    <p class='ocr_par' dir='ltr' id='par_1_52' title="bbox 208 4093 3430 4170">
     <span class='ocr_line' id='line_1_52' title="bbox 208 4093 3430 4170; baseline 0 -19"><span class='ocrx_word' id='word_1_580' title='bbox 208 4117 405 4166; x_wconf 75' lang='lat' dir='ltr'><strong>meus,</strong></span> <span class='ocrx_word' id='word_1_581' title='bbox 441 4100 544 4170; x_wconf 89' lang='lat' dir='ltr'><strong>qui</strong></span> <span class='ocrx_word' id='word_1_582' title='bbox 583 4095 970 4168; x_wconf 61' lang='lat' dir='ltr'><strong>praefecturam</strong></span> <span class='ocrx_word' id='word_1_583' title='bbox 997 4093 1398 4148; x_wconf 86' lang='lat' dir='ltr'><strong>administravit</strong></span> <span class='ocrx_word' id='word_1_584' title='bbox 1427 4094 1684 4160; x_wconf 67' lang='lat' dir='ltr'><strong>praetorii,</strong></span> <span class='ocrx_word' id='word_1_585' title='bbox 1717 4107 1802 4147; x_wconf 93' lang='lat' dir='ltr'><strong>me</strong></span> <span class='ocrx_word' id='word_1_586' title='bbox 1903 4093 2136 4146; x_wconf 88' lang='lat' dir='ltr'><strong>membra</strong></span> <span class='ocrx_word' id='word_1_587' title='bbox 2183 4094 2424 4148; x_wconf 87' lang='lat' dir='ltr'><strong>sociarit.</strong></span> <span class='ocrx_word' id='word_1_588' title='bbox 2482 4112 2502 4146; x_wconf 73' lang='grc' dir='ltr'><strong>ι</strong></span> <span class='ocrx_word' id='word_1_589' title='bbox 2555 4093 2624 4151; x_wconf 90' lang='lat' dir='ltr'><strong>Ut</strong></span> <span class='ocrx_word' id='word_1_590' title='bbox 2672 4095 2888 4150; x_wconf 89' lang='lat' dir='ltr'><strong>tollatur</strong></span> <span class='ocrx_word' id='word_1_591' title='bbox 2922 4108 3106 4164; x_wconf 83' lang='lat' dir='ltr'><strong>aperta</strong></span> <span class='ocrx_word' id='word_1_592' title='bbox 3147 4101 3430 4156; x_wconf 87' lang='lat' dir='ltr'><strong>verborum</strong></span> 
     </span>
    </p>
   </div>
   <div class='ocr_carea' id='block_1_53' title="bbox 211 4182 3432 4260">
    <p class='ocr_par' dir='ltr' id='par_1_53' title="bbox 211 4182 3432 4260">
     <span class='ocr_line' id='line_1_53' title="bbox 211 4182 3432 4260; baseline 0.001 -16"><span class='ocrx_word' id='word_1_593' title='bbox 211 4199 484 4260; x_wconf 78' lang='lat' dir='ltr'><strong>rogasset</strong></span> <span class='ocrx_word' id='word_1_594' title='bbox 519 4200 586 4243; x_wconf 90' lang='lat' dir='ltr'><strong>ut</strong></span> <span class='ocrx_word' id='word_1_595' title='bbox 631 4195 917 4240; x_wconf 89' lang='lat' dir='ltr'><strong>auctorum</strong></span> <span class='ocrx_word' id='word_1_596' title='bbox 950 4194 1148 4237; x_wconf 70' lang='lat' dir='ltr'><strong>nostrae</strong></span> <span class='ocrx_word' id='word_1_597' title='bbox 1187 4183 1462 4252; x_wconf 79' lang='lat' dir='ltr'><strong>religionis</strong></span> <span class='ocrx_word' id='word_1_598' title='bbox 1491 4182 1540 4236; x_wconf 92' lang='lat' dir='ltr'><strong>ei</strong></span> <span class='ocrx_word' id='word_1_599' title='bbox 1569 4183 1798 4237; x_wconf 84' lang='lat' dir='ltr'><strong>indicem</strong></span> <span class='ocrx_word' id='word_1_600' title='bbox 1902 4183 2246 4251; x_wconf 89' lang='lat' dir='ltr'><strong>repugnantia</strong></span> <span class='ocrx_word' id='word_1_601' title='bbox 2275 4223 2290 4246; x_wconf 91' lang='lat'><strong>,</strong></span> <span class='ocrx_word' id='word_1_602' title='bbox 2345 4183 2800 4239; x_wconf 88' lang='lat' dir='ltr'><strong>eminentissimus</strong></span> <span class='ocrx_word' id='word_1_603' title='bbox 2848 4184 3140 4242; x_wconf 87' lang='lat' dir='ltr'><strong>cardiualis</strong></span> <span class='ocrx_word' id='word_1_604' title='bbox 3190 4184 3432 4246; x_wconf 79' lang='lat' dir='ltr'><strong>Norisius</strong></span> 
     </span>
    </p>
   </div>
   <div class='ocr_carea' id='block_1_54' title="bbox 209 4271 3429 4345">
    <p class='ocr_par' dir='ltr' id='par_1_54' title="bbox 209 4271 3429 4345">
     <span class='ocr_line' id='line_1_54' title="bbox 209 4271 3429 4345; baseline -0.002 -10"><span class='ocrx_word' id='word_1_605' title='bbox 209 4292 496 4344; x_wconf 81' lang='lat' dir='ltr'><strong>texerem,</strong></span> <span class='ocrx_word' id='word_1_606' title='bbox 539 4278 696 4331; x_wconf 89' lang='lat' dir='ltr'><strong>inter</strong></span> <span class='ocrx_word' id='word_1_607' title='bbox 739 4281 964 4328; x_wconf 66' lang='lat' dir='ltr'><strong>caeteros</strong></span> <span class='ocrx_word' id='word_1_608' title='bbox 1011 4279 1328 4326; x_wconf 86' lang='lat' dir='ltr'><strong>tractatores</strong></span> <span class='ocrx_word' id='word_1_609' title='bbox 1369 4272 1522 4340; x_wconf 85' lang='lat' dir='ltr'><strong>posui</strong></span> <span class='ocrx_word' id='word_1_610' title='bbox 1569 4280 1623 4326; x_wconf 89' lang='lat' dir='ltr'><strong>et</strong></span> <span class='ocrx_word' id='word_1_611' title='bbox 1658 4273 1800 4328; x_wconf 89' lang='lat' dir='ltr'><strong>hunc</strong></span> <span class='ocrx_word' id='word_1_612' title='bbox 1901 4271 2116 4326; x_wconf 79' lang='lat' dir='ltr'><strong>Dium.</strong></span> <span class='ocrx_word' id='word_1_613' title='bbox 2166 4273 2417 4326; x_wconf 78' lang='lat' dir='ltr'><strong>historica</strong></span> <span class='ocrx_word' id='word_1_614' title='bbox 2447 4274 2509 4327; x_wconf 85' lang='lat' dir='ltr'><strong>de</strong></span> <span class='ocrx_word' id='word_1_615' title='bbox 2556 4277 2751 4342; x_wconf 74' lang='lat' dir='ltr'><strong>synodo</strong></span> <span class='ocrx_word' id='word_1_616' title='bbox 2788 4275 2993 4341; x_wconf 82' lang='lat' dir='ltr'><strong>quinta,</strong></span> <span class='ocrx_word' id='word_1_617' title='bbox 3035 4292 3155 4344; x_wconf 89' lang='lat' dir='ltr'><strong>cap.</strong></span> <span class='ocrx_word' id='word_1_618' title='bbox 3188 4273 3275 4345; x_wconf 81' lang='lat' dir='ltr'><strong>l3,</strong></span> <span class='ocrx_word' id='word_1_619' title='bbox 3311 4296 3429 4334; x_wconf 70' lang='lat' dir='ltr'><strong>ea...</strong></span> 
     </span>
    </p>
   </div>
   <div class='ocr_carea' id='block_1_55' title="bbox 208 4359 3431 4434">
    <p class='ocr_par' dir='ltr' id='par_1_55' title="bbox 208 4359 3431 4434">
     <span class='ocr_line' id='line_1_55' title="bbox 208 4359 3431 4434; baseline 0 -11"><span class='ocrx_word' id='word_1_620' title='bbox 208 4370 424 4424; x_wconf 87' lang='lat' dir='ltr'><strong>librum</strong></span> <span class='ocrx_word' id='word_1_621' title='bbox 470 4385 504 4422; x_wconf 89' lang='lat' dir='ltr'><strong>a</strong></span> <span class='ocrx_word' id='word_1_622' title='bbox 551 4363 869 4433; x_wconf 84' lang='lat' dir='ltr'><strong>Pamphilo,</strong></span> <span class='ocrx_word' id='word_1_623' title='bbox 920 4363 993 4416; x_wconf 91' lang='lat' dir='ltr'><strong>ita</strong></span> <span class='ocrx_word' id='word_1_624' title='bbox 1039 4370 1232 4430; x_wconf 87' lang='lat' dir='ltr'><strong>putans</strong></span> <span class='ocrx_word' id='word_1_625' title='bbox 1269 4375 1388 4415; x_wconf 90' lang='lat' dir='ltr'><strong>esse</strong></span> <span class='ocrx_word' id='word_1_626' title='bbox 1426 4372 1481 4415; x_wconf 91' lang='lat' dir='ltr'><strong>ut</strong></span> <span class='ocrx_word' id='word_1_627' title='bbox 1519 4377 1548 4416; x_wconf 90' lang='lat' dir='ltr'><strong>a</strong></span> <span class='ocrx_word' id='word_1_628' title='bbox 1589 4371 1640 4416; x_wconf 90' lang='lat' dir='ltr'><strong>te</strong></span> <span class='ocrx_word' id='word_1_629' title='bbox 1670 4373 1723 4416; x_wconf 91' lang='lat' dir='ltr'><strong>et</strong></span> <span class='ocrx_word' id='word_1_630' title='bbox 1768 4377 1799 4416; x_wconf 89' lang='lat' dir='ltr'><strong>a</strong></span> <span class='ocrx_word' id='word_1_631' title='bbox 1900 4359 2070 4427; x_wconf 84' lang='lat' dir='ltr'><strong>rejieit</strong></span> <span class='ocrx_word' id='word_1_632' title='bbox 2114 4361 2166 4415; x_wconf 91' lang='lat' dir='ltr'><strong>in</strong></span> <span class='ocrx_word' id='word_1_633' title='bbox 2206 4363 2610 4418; x_wconf 88' lang='lat' dir='ltr'><strong>amauuensium</strong></span> <span class='ocrx_word' id='word_1_634' title='bbox 2647 4379 2908 4427; x_wconf 88' lang='lat' dir='ltr'><strong>errorem,</strong></span> <span class='ocrx_word' id='word_1_635' title='bbox 2945 4367 3034 4434; x_wconf 92' lang='lat' dir='ltr'><strong>qui</strong></span> <span class='ocrx_word' id='word_1_636' title='bbox 3077 4383 3197 4421; x_wconf 92' lang='lat' dir='ltr'><strong>cum</strong></span> <span class='ocrx_word' id='word_1_637' title='bbox 3229 4369 3280 4423; x_wconf 92' lang='lat' dir='ltr'><strong>in</strong></span> <span class='ocrx_word' id='word_1_638' title='bbox 3329 4371 3431 4425; x_wconf 86' lang='lat' dir='ltr'><strong>hac</strong></span> 
     </span>
    </p>
   </div>
   <div class='ocr_carea' id='block_1_56' title="bbox 203 4449 3426 4527">
    <p class='ocr_par' dir='ltr' id='par_1_56' title="bbox 203 4449 3426 4527">
     <span class='ocr_line' id='line_1_56' title="bbox 203 4449 3426 4527; baseline 0.001 -15"><span class='ocrx_word' id='word_1_639' title='bbox 203 4462 334 4515; x_wconf 81' lang='lat' dir='ltr'><strong>tuis</strong></span> <span class='ocrx_word' id='word_1_640' title='bbox 377 4455 682 4526; x_wconf 87' lang='lat' dir='ltr'><strong>discipulis</strong></span> <span class='ocrx_word' id='word_1_641' title='bbox 734 4453 914 4506; x_wconf 87' lang='lat' dir='ltr'><strong>fuerat</strong></span> <span class='ocrx_word' id='word_1_642' title='bbox 970 4450 1318 4519; x_wconf 88' lang='lat' dir='ltr'><strong>divulgatum.</strong></span> <span class='ocrx_word' id='word_1_643' title='bbox 1369 4449 1474 4504; x_wconf 87' lang='lat' dir='ltr'><strong>Sed</strong></span> <span class='ocrx_word' id='word_1_644' title='bbox 1517 4466 1638 4506; x_wconf 92' lang='lat' dir='ltr'><strong>cum</strong></span> <span class='ocrx_word' id='word_1_645' title='bbox 1687 4454 1799 4522; x_wconf 84' lang='lat' dir='ltr'><strong>ipse</strong></span> <span class='ocrx_word' id='word_1_646' title='bbox 1896 4453 1962 4503; x_wconf 91' lang='lat' dir='ltr'><strong>ad</strong></span> <span class='ocrx_word' id='word_1_647' title='bbox 2008 4449 2407 4506; x_wconf 89' lang='lat' dir='ltr'><strong>Pammachium</strong></span> <span class='ocrx_word' id='word_1_648' title='bbox 2439 4462 2493 4506; x_wconf 89' lang='lat' dir='ltr'><strong>et</strong></span> <span class='ocrx_word' id='word_1_649' title='bbox 2519 4451 2788 4507; x_wconf 88' lang='lat' dir='ltr'><strong>Oceanum</strong></span> <span class='ocrx_word' id='word_1_650' title='bbox 2815 4455 3037 4523; x_wconf 91' lang='lat' dir='ltr'><strong>epistola</strong></span> <span class='ocrx_word' id='word_1_651' title='bbox 3070 4456 3304 4527; x_wconf 86' lang='lat' dir='ltr'><strong>legerent</strong></span> <span class='ocrx_word' id='word_1_652' title='bbox 3327 4460 3426 4514; x_wconf 86' lang='lat' dir='ltr'><strong>ab-</strong></span> 
     </span>
    </p>
   </div>
   <div class='ocr_carea' id='block_1_57' title="bbox 203 4537 3428 4631">
    <p class='ocr_par' dir='ltr' id='par_1_57' title="bbox 203 4537 3428 4631">
     <span class='ocr_line' id='line_1_57' title="bbox 203 4537 3428 4631; baseline 0 -27"><span class='ocrx_word' id='word_1_653' title='bbox 203 4552 370 4606; x_wconf 75' lang='lat' dir='ltr'><strong>dicat</strong></span> <span class='ocrx_word' id='word_1_654' title='bbox 411 4545 700 4602; x_wconf 84' lang='lat' dir='ltr'><strong>Eusebius</strong></span> <span class='ocrx_word' id='word_1_655' title='bbox 744 4540 1080 4610; x_wconf 88' lang='lat' dir='ltr'><strong>Pamphilum</strong></span> <span class='ocrx_word' id='word_1_656' title='bbox 1125 4540 1260 4593; x_wconf 87' lang='lat' dir='ltr'><strong>nihil</strong></span> <span class='ocrx_word' id='word_1_657' title='bbox 1305 4540 1604 4610; x_wconf 87' lang='lat' dir='ltr'><strong>scripsisse,</strong></span> <span class='ocrx_word' id='word_1_658' title='bbox 1635 4557 1796 4596; x_wconf 88' lang='lat' dir='ltr'><strong>exce-</strong></span> <span class='ocrx_word' id='word_1_659' title='bbox 1825 4574 1874 4631; x_wconf 78' lang='grc' dir='ltr'><strong>υ</strong></span> <span class='ocrx_word' id='word_1_660' title='bbox 1898 4537 2165 4631; x_wconf 73' lang='lat' dir='ltr'><strong>breviatas</strong></span> <span class='ocrx_word' id='word_1_661' title='bbox 2194 4541 2355 4596; x_wconf 87' lang='lat' dir='ltr'><strong>hasce</strong></span> <span class='ocrx_word' id='word_1_662' title='bbox 2387 4551 2566 4597; x_wconf 82' lang='lat' dir='ltr'><strong>notas:</strong></span> <span class='ocrx_word' id='word_1_663' title='bbox 2606 4562 2625 4593; x_wconf 77' lang='grc' dir='ltr'><strong>ι</strong></span> <span class='ocrx_word' id='word_1_664' title='bbox 2666 4558 2715 4596; x_wconf 86' lang='lat' dir='ltr'><strong>vI</strong></span> <span class='ocrx_word' id='word_1_665' title='bbox 2751 4543 2843 4597; x_wconf 87' lang='lat' dir='ltr'><strong>lib.</strong></span> <span class='ocrx_word' id='word_1_666' title='bbox 2876 4545 3088 4600; x_wconf 80' lang='lat' dir='ltr'><strong>Eusebii</strong></span> <span class='ocrx_word' id='word_1_667' title='bbox 3120 4563 3277 4616; x_wconf 85' lang='lat' dir='ltr'><strong>super</strong></span> <span class='ocrx_word' id='word_1_668' title='bbox 3307 4548 3428 4606; x_wconf 89' lang='lat' dir='ltr'><strong>Ori-</strong></span> 
     </span>
    </p>
   </div>
   <div class='ocr_carea' id='block_1_58' title="bbox 201 4628 3422 4707">
    <p class='ocr_par' dir='ltr' id='par_1_58' title="bbox 201 4628 3422 4707">
     <span class='ocr_line' id='line_1_58' title="bbox 201 4628 3422 4707; baseline 0.005 -30"><span class='ocrx_word' id='word_1_669' title='bbox 201 4640 332 4707; x_wconf 62' lang='grc' dir='ltr'><strong>με,</strong></span> <span class='ocrx_word' id='word_1_670' title='bbox 368 4635 649 4692; x_wconf 72' lang='lat' dir='ltr'><strong>brevibus</strong></span> <span class='ocrx_word' id='word_1_671' title='bbox 700 4631 948 4699; x_wconf 88' lang='lat' dir='ltr'><strong>epistolis</strong></span> <span class='ocrx_word' id='word_1_672' title='bbox 985 4630 1052 4683; x_wconf 87' lang='lat' dir='ltr'><strong>ad</strong></span> <span class='ocrx_word' id='word_1_673' title='bbox 1100 4630 1338 4694; x_wconf 83' lang='lat' dir='ltr'><strong>amicos,</strong></span> <span class='ocrx_word' id='word_1_674' title='bbox 1379 4639 1435 4684; x_wconf 93' lang='lat' dir='ltr'><strong>et</strong></span> <span class='ocrx_word' id='word_1_675' title='bbox 1475 4631 1680 4698; x_wconf 87' lang='lat' dir='ltr'><strong>primus</strong></span> <span class='ocrx_word' id='word_1_676' title='bbox 1722 4631 1790 4685; x_wconf 66' lang='lat' dir='ltr'><strong>lio</strong></span> <span class='ocrx_word' id='word_1_677' title='bbox 1833 4628 1854 4631; x_wconf 64' lang='grc'>⁷</span> <span class='ocrx_word' id='word_1_678' title='bbox 1897 4629 2045 4696; x_wconf 83' lang='lat' dir='ltr'><strong>genis</strong></span> <span class='ocrx_word' id='word_1_679' title='bbox 2076 4628 2387 4685; x_wconf 88' lang='lat' dir='ltr'><strong>defensione</strong></span> <span class='ocrx_word' id='word_1_680' title='bbox 2427 4631 2767 4700; x_wconf 88' lang='lat' dir='ltr'><strong>principium,</strong></span> <span class='ocrx_word' id='word_1_681' title='bbox 2805 4634 2941 4687; x_wconf 87' lang='lat' dir='ltr'><strong>sexti</strong></span> <span class='ocrx_word' id='word_1_682' title='bbox 2977 4635 3096 4690; x_wconf 90' lang='lat' dir='ltr'><strong>libri</strong></span> <span class='ocrx_word' id='word_1_683' title='bbox 3153 4638 3363 4694; x_wconf 85' lang='lat' dir='ltr'><strong>Eusebii</strong></span> <span class='ocrx_word' id='word_1_684' title='bbox 3401 4657 3422 4692; x_wconf 74' lang='grc' dir='ltr'><strong><em>ο</em></strong></span> 
     </span>
    </p>
   </div>
   <div class='ocr_carea' id='block_1_59' title="bbox 201 4717 3424 4794">
    <p class='ocr_par' dir='ltr' id='par_1_59' title="bbox 201 4717 3424 4794">
     <span class='ocr_line' id='line_1_59' title="bbox 201 4717 3424 4794; baseline -0.001 -10"><span class='ocrx_word' id='word_1_685' title='bbox 201 4730 319 4784; x_wconf 75' lang='lat' dir='ltr'><strong>bet</strong></span> <span class='ocrx_word' id='word_1_686' title='bbox 353 4744 449 4782; x_wconf 88' lang='lat' dir='ltr'><strong>sex</strong></span> <span class='ocrx_word' id='word_1_687' title='bbox 481 4722 835 4780; x_wconf 84' lang='lat' dir='ltr'><strong>voluminum</strong></span> <span class='ocrx_word' id='word_1_688' title='bbox 870 4719 1009 4773; x_wconf 89' lang='lat' dir='ltr'><strong>illius</strong></span> <span class='ocrx_word' id='word_1_689' title='bbox 1051 4719 1236 4772; x_wconf 90' lang='lat' dir='ltr'><strong>eadem</strong></span> <span class='ocrx_word' id='word_1_690' title='bbox 1273 4727 1328 4772; x_wconf 90' lang='lat' dir='ltr'><strong>et</strong></span> <span class='ocrx_word' id='word_1_691' title='bbox 1369 4719 1566 4773; x_wconf 88' lang='lat' dir='ltr'><strong>eisdem</strong></span> <span class='ocrx_word' id='word_1_692' title='bbox 1619 4720 1798 4775; x_wconf 82' lang='lat' dir='ltr'><strong>verbis</strong></span> <span class='ocrx_word' id='word_1_693' title='bbox 1897 4717 2259 4786; x_wconf 85' lang='lat' dir='ltr'><strong>reddiderunt,</strong></span> <span class='ocrx_word' id='word_1_694' title='bbox 2292 4735 2410 4774; x_wconf 91' lang='lat' dir='ltr'><strong>cum</strong></span> <span class='ocrx_word' id='word_1_695' title='bbox 2435 4737 2453 4770; x_wconf 78' lang='grc' dir='ltr'><strong>ι</strong></span> <span class='ocrx_word' id='word_1_696' title='bbox 2476 4735 2568 4774; x_wconf 83' lang='lat' dir='ltr'><strong>sex</strong></span> <span class='ocrx_word' id='word_1_697' title='bbox 2596 4720 2851 4776; x_wconf 89' lang='lat' dir='ltr'><strong>librorum</strong></span> <span class='ocrx_word' id='word_1_698' title='bbox 2884 4724 3272 4794; x_wconf 84' lang='lat' dir='ltr'><strong>Eusebiisuper</strong></span> <span class='ocrx_word' id='word_1_699' title='bbox 3302 4729 3424 4783; x_wconf 89' lang='lat' dir='ltr'><strong>Ori-</strong></span> 
     </span>
    </p>
   </div>
   <div class='ocr_carea' id='block_1_60' title="bbox 200 4796 3431 4883">
    <p class='ocr_par' dir='ltr' id='par_1_60' title="bbox 200 4796 3431 4883">
     <span class='ocr_line' id='line_1_60' title="bbox 200 4796 3431 4883; baseline 0.007 -32"><span class='ocrx_word' id='word_1_700' title='bbox 200 4819 505 4872; x_wconf 63' lang='grc' dir='ltr'><strong>ωυιίηεαι</strong></span> <span class='ocrx_word' id='word_1_701' title='bbox 530 4828 666 4883; x_wconf 64' lang='lat' dir='ltr'><strong>qua;</strong></span> <span class='ocrx_word' id='word_1_702' title='bbox 697 4810 798 4866; x_wconf 85' lang='lat' dir='ltr'><strong>sub</strong></span> <span class='ocrx_word' id='word_1_703' title='bbox 825 4809 1040 4864; x_wconf 92' lang='lat' dir='ltr'><strong>nomine</strong></span> <span class='ocrx_word' id='word_1_704' title='bbox 1069 4808 1332 4876; x_wconf 88' lang='lat' dir='ltr'><strong>Pamphili</strong></span> <span class='ocrx_word' id='word_1_705' title='bbox 1363 4823 1391 4860; x_wconf 90' lang='lat' dir='ltr'><strong>a</strong></span> <span class='ocrx_word' id='word_1_706' title='bbox 1421 4818 1471 4862; x_wconf 89' lang='lat' dir='ltr'><strong>te</strong></span> <span class='ocrx_word' id='word_1_707' title='bbox 1499 4809 1620 4862; x_wconf 86' lang='lat' dir='ltr'><strong>ficta</strong></span> <span class='ocrx_word' id='word_1_708' title='bbox 1647 4820 1797 4874; x_wconf 89' lang='lat' dir='ltr'><strong>sunt,</strong></span> <span class='ocrx_word' id='word_1_709' title='bbox 1895 4805 2046 4873; x_wconf 79' lang='lat' dir='ltr'><strong>genis</strong></span> <span class='ocrx_word' id='word_1_710' title='bbox 2070 4807 2378 4864; x_wconf 90' lang='lat' dir='ltr'><strong>defensione</strong></span> <span class='ocrx_word' id='word_1_711' title='bbox 2400 4809 2744 4879; x_wconf 87' lang='lat' dir='ltr'><strong>principium,</strong></span> <span class='ocrx_word' id='word_1_712' title='bbox 2781 4831 2800 4863; x_wconf 71' lang='grc' dir='ltr'><strong>ι</strong></span> <span class='ocrx_word' id='word_1_713' title='bbox 2833 4813 3065 4870; x_wconf 90' lang='lat' dir='ltr'><strong>scribere</strong></span> <span class='ocrx_word' id='word_1_714' title='bbox 3094 4796 3431 4874; x_wconf 67' lang='lat' dir='ltr'><strong>debuissent.</strong></span> 
     </span>
    </p>
   </div>
   <div class='ocr_carea' id='block_1_61' title="bbox 201 4894 3426 4976">
    <p class='ocr_par' dir='ltr' id='par_1_61' title="bbox 201 4894 3426 4976">
     <span class='ocr_line' id='line_1_61' title="bbox 201 4894 3426 4976; baseline -0.001 -15"><span class='ocrx_word' id='word_1_715' title='bbox 201 4910 584 4976; x_wconf 74' lang='lat' dir='ltr'><strong>perspicuum</strong></span> <span class='ocrx_word' id='word_1_716' title='bbox 622 4911 712 4957; x_wconf 87' lang='lat' dir='ltr'><strong>est</strong></span> <span class='ocrx_word' id='word_1_717' title='bbox 744 4911 794 4954; x_wconf 92' lang='lat' dir='ltr'><strong>te</strong></span> <span class='ocrx_word' id='word_1_718' title='bbox 823 4900 1026 4953; x_wconf 90' lang='lat' dir='ltr'><strong>idcirco</strong></span> <span class='ocrx_word' id='word_1_719' title='bbox 1050 4899 1243 4951; x_wconf 89' lang='lat' dir='ltr'><strong>librum</strong></span> <span class='ocrx_word' id='word_1_720' title='bbox 1272 4899 1414 4951; x_wconf 89' lang='lat' dir='ltr'><strong>hunc</strong></span> <span class='ocrx_word' id='word_1_721' title='bbox 1445 4898 1797 4953; x_wconf 88' lang='lat' dir='ltr'><strong>disseminare</strong></span> <span class='ocrx_word' id='word_1_722' title='bbox 1898 4894 1986 4948; x_wconf 88' lang='lat' dir='ltr'><strong>Sic</strong></span> <span class='ocrx_word' id='word_1_723' title='bbox 2005 4895 2164 4948; x_wconf 88' lang='lat' dir='ltr'><strong>etiam</strong></span> <span class='ocrx_word' id='word_1_724' title='bbox 2197 4897 2352 4965; x_wconf 89' lang='lat' dir='ltr'><strong>paulo</strong></span> <span class='ocrx_word' id='word_1_725' title='bbox 2384 4907 2500 4965; x_wconf 92' lang='lat' dir='ltr'><strong>post</strong></span> <span class='ocrx_word' id='word_1_726' title='bbox 2527 4897 2860 4966; x_wconf 85' lang='lat' dir='ltr'><strong>legentibus:</strong></span> <span class='ocrx_word' id='word_1_727' title='bbox 2899 4917 2918 4950; x_wconf 78' lang='grc' dir='ltr'><strong>ι</strong></span> <span class='ocrx_word' id='word_1_728' title='bbox 2940 4901 3026 4967; x_wconf 91' lang='lat' dir='ltr'><strong>qui</strong></span> <span class='ocrx_word' id='word_1_729' title='bbox 3056 4917 3104 4956; x_wconf 87' lang='lat' dir='ltr'><strong>vt</strong></span> <span class='ocrx_word' id='word_1_730' title='bbox 3135 4902 3226 4958; x_wconf 90' lang='lat' dir='ltr'><strong>lib.</strong></span> <span class='ocrx_word' id='word_1_731' title='bbox 3253 4905 3426 4973; x_wconf 88' lang='lat' dir='ltr'><strong>capite</strong></span> 
     </span>
    </p>
   </div>
   <div class='ocr_carea' id='block_1_62' title="bbox 199 4985 3419 5060">
    <p class='ocr_par' dir='ltr' id='par_1_62' title="bbox 199 4985 3419 5060">
     <span class='ocr_line' id='line_1_62' title="bbox 199 4985 3419 5060; baseline 0.005 -26"><span class='ocrx_word' id='word_1_732' title='bbox 199 4999 484 5060; x_wconf 64' lang='grc' dir='ltr'><strong>νοιυίεεθ,</strong></span> <span class='ocrx_word' id='word_1_733' title='bbox 527 5003 594 5048; x_wconf 76' lang='lat' dir='ltr'><strong>ut</strong></span> <span class='ocrx_word' id='word_1_734' title='bbox 632 4993 737 5044; x_wconf 85' lang='lat' dir='ltr'><strong>sub</strong></span> <span class='ocrx_word' id='word_1_735' title='bbox 770 5003 997 5058; x_wconf 89' lang='lat' dir='ltr'><strong>persona</strong></span> <span class='ocrx_word' id='word_1_736' title='bbox 1052 4989 1304 5056; x_wconf 84' lang='lat' dir='ltr'><strong>martyris</strong></span> <span class='ocrx_word' id='word_1_737' title='bbox 1349 4986 1594 5040; x_wconf 64' lang='lat' dir='ltr'><strong>haeresim</strong></span> <span class='ocrx_word' id='word_1_738' title='bbox 1629 4989 1795 5042; x_wconf 85' lang='lat' dir='ltr'><strong>intro—</strong></span> <span class='ocrx_word' id='word_1_739' title='bbox 1895 4985 2803 5046; x_wconf 75' lang='lat' dir='ltr'><strong>detruncato,tnonexscribendum</strong></span> <span class='ocrx_word' id='word_1_740' title='bbox 2822 4989 3419 5058; x_wconf 73' lang='lat' dir='ltr'><strong>eiserat,tsextilibri,t</strong></span> 
     </span>
    </p>
   </div>
   <div class='ocr_carea' id='block_1_63' title="bbox 193 5071 3424 5150">
    <p class='ocr_par' dir='ltr' id='par_1_63' title="bbox 193 5071 3424 5150">
     <span class='ocr_line' id='line_1_63' title="bbox 193 5071 3424 5150; baseline -0.003 -6"><span class='ocrx_word' id='word_1_741' title='bbox 193 5089 474 5144; x_wconf 80' lang='lat' dir='ltr'><strong>dceres.</strong></span> <span class='ocrx_word' id='word_1_742' title='bbox 516 5105 542 5138; x_wconf 72' lang='grc' dir='ltr'><strong>ι</strong></span> <span class='ocrx_word' id='word_1_743' title='bbox 582 5083 735 5137; x_wconf 83' lang='lat' dir='ltr'><strong>Idem</strong></span> <span class='ocrx_word' id='word_1_744' title='bbox 769 5088 953 5132; x_wconf 88' lang='lat' dir='ltr'><strong>narrat</strong></span> <span class='ocrx_word' id='word_1_745' title='bbox 997 5078 1088 5132; x_wconf 92' lang='lat' dir='ltr'><strong>lib.</strong></span> <span class='ocrx_word' id='word_1_746' title='bbox 1122 5094 1178 5132; x_wconf 89' lang='grc' dir='ltr'><strong>ιιι</strong></span> <span class='ocrx_word' id='word_1_747' title='bbox 1230 5077 1476 5130; x_wconf 76' lang='lat' dir='ltr'><strong>adversus</strong></span> <span class='ocrx_word' id='word_1_748' title='bbox 1510 5075 1792 5142; x_wconf 73' lang='lat' dir='ltr'><strong>Ruﬁnum:</strong></span> <span class='ocrx_word' id='word_1_749' title='bbox 1894 5072 2007 5134; x_wconf 86' lang='lat' dir='ltr'><strong>sed,</strong></span> <span class='ocrx_word' id='word_1_750' title='bbox 2034 5089 2052 5121; x_wconf 80' lang='grc' dir='ltr'><strong>ι</strong></span> <span class='ocrx_word' id='word_1_751' title='bbox 2078 5085 2172 5125; x_wconf 85' lang='lat' dir='ltr'><strong>sex</strong></span> <span class='ocrx_word' id='word_1_752' title='bbox 2201 5071 2473 5129; x_wconf 88' lang='lat' dir='ltr'><strong>librorum.</strong></span> <span class='ocrx_word' id='word_1_753' title='bbox 2500 5071 2684 5148; x_wconf 75' lang='lat' dir='ltr'><strong>tQttod</strong></span> <span class='ocrx_word' id='word_1_754' title='bbox 2698 5085 2870 5129; x_wconf 91' lang='lat' dir='ltr'><strong>autem</strong></span> <span class='ocrx_word' id='word_1_755' title='bbox 2890 5079 3424 5150; x_wconf 82' lang='lat' dir='ltr'><strong>additHieronymus,</strong></span> 
     </span>
    </p>
   </div>
   <div class='ocr_carea' id='block_1_64' title="bbox 199 5164 3422 5244">
    <p class='ocr_par' dir='ltr' id='par_1_64' title="bbox 199 5164 3422 5244">
     <span class='ocr_line' id='line_1_64' title="bbox 199 5164 3422 5244; baseline -0.003 -11"><span class='ocrx_word' id='word_1_756' title='bbox 199 5195 226 5232; x_wconf 73' lang='grc' dir='ltr'><strong>ι</strong></span> <span class='ocrx_word' id='word_1_757' title='bbox 273 5179 358 5233; x_wconf 88' lang='lat' dir='ltr'><strong>De</strong></span> <span class='ocrx_word' id='word_1_758' title='bbox 385 5173 672 5244; x_wconf 81' lang='lat' dir='ltr'><strong>Pamphili</strong></span> <span class='ocrx_word' id='word_1_759' title='bbox 713 5171 852 5224; x_wconf 89' lang='lat' dir='ltr'><strong>libro</strong></span> <span class='ocrx_word' id='word_1_760' title='bbox 895 5183 999 5222; x_wconf 92' lang='lat' dir='ltr'><strong>non</strong></span> <span class='ocrx_word' id='word_1_761' title='bbox 1035 5167 1340 5230; x_wconf 90' lang='lat' dir='ltr'><strong>ridiculosa,</strong></span> <span class='ocrx_word' id='word_1_762' title='bbox 1387 5175 1444 5219; x_wconf 90' lang='lat' dir='ltr'><strong>ut</strong></span> <span class='ocrx_word' id='word_1_763' title='bbox 1474 5175 1528 5219; x_wconf 91' lang='lat' dir='ltr'><strong>tu</strong></span> <span class='ocrx_word' id='word_1_764' title='bbox 1575 5167 1790 5233; x_wconf 84' lang='lat' dir='ltr'><strong>scribis,</strong></span> <span class='ocrx_word' id='word_1_765' title='bbox 1899 5182 1918 5216; x_wconf 78' lang='grc' dir='ltr'><strong>ι</strong></span> <span class='ocrx_word' id='word_1_766' title='bbox 1958 5166 2039 5220; x_wconf 90' lang='lat' dir='ltr'><strong>vel</strong></span> <span class='ocrx_word' id='word_1_767' title='bbox 2069 5164 2298 5235; x_wconf 86' lang='lat' dir='ltr'><strong>Didymi,</strong></span> <span class='ocrx_word' id='word_1_768' title='bbox 2335 5165 2416 5219; x_wconf 88' lang='lat' dir='ltr'><strong>vel</strong></span> <span class='ocrx_word' id='word_1_769' title='bbox 2460 5167 2743 5234; x_wconf 88' lang='lat' dir='ltr'><strong>cujuslibet</strong></span> <span class='ocrx_word' id='word_1_770' title='bbox 2787 5171 3006 5227; x_wconf 87' lang='lat' dir='ltr'><strong>alterius</strong></span> <span class='ocrx_word' id='word_1_771' title='bbox 3038 5188 3154 5227; x_wconf 91' lang='lat' dir='ltr'><strong>esse</strong></span> <span class='ocrx_word' id='word_1_772' title='bbox 3191 5187 3422 5238; x_wconf 90' lang='lat' dir='ltr'><strong>opuscu-</strong></span> 
     </span>
    </p>
   </div>
   <div class='ocr_carea' id='block_1_65' title="bbox 190 5254 3422 5324">
    <p class='ocr_par' dir='ltr' id='par_1_65' title="bbox 190 5254 3422 5324">
     <span class='ocr_line' id='line_1_65' title="bbox 190 5254 3422 5324; baseline -0.004 -3"><span class='ocrx_word' id='word_1_773' title='bbox 190 5270 314 5324; x_wconf 65' lang='lat' dir='ltr'><strong>sed</strong></span> <span class='ocrx_word' id='word_1_774' title='bbox 356 5265 604 5322; x_wconf 89' lang='lat' dir='ltr'><strong>ridicula</strong></span> <span class='ocrx_word' id='word_1_775' title='bbox 646 5261 783 5314; x_wconf 92' lang='lat' dir='ltr'><strong>mihi</strong></span> <span class='ocrx_word' id='word_1_776' title='bbox 832 5258 971 5312; x_wconf 77' lang='lat' dir='ltr'><strong>forte</strong></span> <span class='ocrx_word' id='word_1_777' title='bbox 1018 5272 1105 5311; x_wconf 89' lang='lat' dir='ltr'><strong>res</strong></span> <span class='ocrx_word' id='word_1_778' title='bbox 1150 5256 1372 5320; x_wconf 86' lang='lat' dir='ltr'><strong>accidit;</strong></span> <span class='ocrx_word' id='word_1_779' title='bbox 1412 5263 1470 5308; x_wconf 93' lang='lat' dir='ltr'><strong>ut</strong></span> <span class='ocrx_word' id='word_1_780' title='bbox 1510 5266 1791 5324; x_wconf 87' lang='lat' dir='ltr'><strong>postquam</strong></span> <span class='ocrx_word' id='word_1_781' title='bbox 1894 5254 2028 5316; x_wconf 90' lang='lat' dir='ltr'><strong>lum,</strong></span> <span class='ocrx_word' id='word_1_782' title='bbox 2059 5254 2170 5322; x_wconf 92' lang='lat' dir='ltr'><strong>qui,</strong></span> <span class='ocrx_word' id='word_1_783' title='bbox 2199 5268 2291 5308; x_wconf 89' lang='lat' dir='ltr'><strong>sex</strong></span> <span class='ocrx_word' id='word_1_784' title='bbox 2320 5254 2575 5308; x_wconf 92' lang='lat' dir='ltr'><strong>librorum</strong></span> <span class='ocrx_word' id='word_1_785' title='bbox 2619 5258 2791 5324; x_wconf 89' lang='lat' dir='ltr'><strong>capite</strong></span> <span class='ocrx_word' id='word_1_786' title='bbox 2827 5259 3181 5321; x_wconf 79' lang='lat' dir='ltr'><strong>detruncato,</strong></span> <span class='ocrx_word' id='word_1_787' title='bbox 3229 5266 3422 5311; x_wconf 71' lang='lat' dir='ltr'><strong>caetera</strong></span> 
     </span>
    </p>
   </div>
   <div class='ocr_carea' id='block_1_66' title="bbox 188 5344 3425 5419">
    <p class='ocr_par' dir='ltr' id='par_1_66' title="bbox 188 5344 3425 5419">
     <span class='ocr_line' id='line_1_66' title="bbox 188 5344 3425 5419; baseline -0.007 -3"><span class='ocrx_word' id='word_1_788' title='bbox 188 5358 444 5416; x_wconf 74' lang='lat' dir='ltr'><strong>Eusebii</strong></span> <span class='ocrx_word' id='word_1_789' title='bbox 491 5349 845 5419; x_wconf 87' lang='lat' dir='ltr'><strong>asseruerim</strong></span> <span class='ocrx_word' id='word_1_790' title='bbox 875 5362 1014 5411; x_wconf 86' lang='lat' dir='ltr'><strong>esse,</strong></span> <span class='ocrx_word' id='word_1_791' title='bbox 1051 5362 1153 5400; x_wconf 93' lang='lat' dir='ltr'><strong>non</strong></span> <span class='ocrx_word' id='word_1_792' title='bbox 1187 5345 1471 5414; x_wconf 87' lang='lat' dir='ltr'><strong>Pamphili,</strong></span> <span class='ocrx_word' id='word_1_793' title='bbox 1507 5345 1572 5398; x_wconf 86' lang='lat' dir='ltr'><strong>ad</strong></span> <span class='ocrx_word' id='word_1_794' title='bbox 1605 5357 1790 5402; x_wconf 82' lang='lat' dir='ltr'><strong>extre.</strong></span> <span class='ocrx_word' id='word_1_795' title='bbox 1897 5344 2132 5398; x_wconf 89' lang='lat' dir='ltr'><strong>membra</strong></span> <span class='ocrx_word' id='word_1_796' title='bbox 2171 5345 2414 5407; x_wconf 87' lang='lat' dir='ltr'><strong>sociarit,</strong></span> <span class='ocrx_word' id='word_1_797' title='bbox 2453 5364 2472 5396; x_wconf 74' lang='grc' dir='ltr'><strong>ι</strong></span> <span class='ocrx_word' id='word_1_798' title='bbox 2503 5360 2605 5398; x_wconf 93' lang='lat' dir='ltr'><strong>non</strong></span> <span class='ocrx_word' id='word_1_799' title='bbox 2635 5347 2705 5400; x_wconf 89' lang='lat' dir='ltr'><strong>ita</strong></span> <span class='ocrx_word' id='word_1_800' title='bbox 2736 5347 3098 5416; x_wconf 89' lang='lat' dir='ltr'><strong>accipiendum</strong></span> <span class='ocrx_word' id='word_1_801' title='bbox 3128 5353 3228 5406; x_wconf 87' lang='lat' dir='ltr'><strong>est,</strong></span> <span class='ocrx_word' id='word_1_802' title='bbox 3269 5345 3425 5407; x_wconf 86' lang='lat' dir='ltr'><strong>quasi</strong></span> 
     </span>
    </p>
   </div>
   <div class='ocr_carea' id='block_1_67' title="bbox 189 5431 3430 5506">
    <p class='ocr_par' dir='ltr' id='par_1_67' title="bbox 189 5431 3430 5506">
     <span class='ocr_line' id='line_1_67' title="bbox 189 5431 3430 5506; baseline -0.005 -2"><span class='ocrx_word' id='word_1_803' title='bbox 189 5463 366 5504; x_wconf 81' lang='lat' dir='ltr'><strong>mum</strong></span> <span class='ocrx_word' id='word_1_804' title='bbox 396 5444 677 5502; x_wconf 88' lang='lat' dir='ltr'><strong>dixerim,</strong></span> <span class='ocrx_word' id='word_1_805' title='bbox 711 5437 884 5491; x_wconf 87' lang='lat' dir='ltr'><strong>etiam</strong></span> <span class='ocrx_word' id='word_1_806' title='bbox 927 5451 1010 5490; x_wconf 91' lang='lat' dir='ltr'><strong>me</strong></span> <span class='ocrx_word' id='word_1_807' title='bbox 1053 5451 1221 5493; x_wconf 89' lang='lat' dir='ltr'><strong>annos</strong></span> <span class='ocrx_word' id='word_1_808' title='bbox 1254 5436 1511 5506; x_wconf 87' lang='lat' dir='ltr'><strong>plurimos</strong></span> <span class='ocrx_word' id='word_1_809' title='bbox 1544 5435 1642 5488; x_wconf 90' lang='lat' dir='ltr'><strong>hoc</strong></span> <span class='ocrx_word' id='word_1_810' title='bbox 1694 5452 1795 5505; x_wconf 86' lang='lat' dir='ltr'><strong>pu-</strong></span> <span class='ocrx_word' id='word_1_811' title='bbox 1891 5433 2017 5487; x_wconf 90' lang='lat' dir='ltr'><strong>velit</strong></span> <span class='ocrx_word' id='word_1_812' title='bbox 2045 5434 2348 5504; x_wconf 84' lang='lat' dir='ltr'><strong>Apologiam</strong></span> <span class='ocrx_word' id='word_1_813' title='bbox 2379 5451 2472 5502; x_wconf 80' lang='lat' dir='ltr'><strong>pro</strong></span> <span class='ocrx_word' id='word_1_814' title='bbox 2515 5433 2736 5505; x_wconf 75' lang='lat' dir='ltr'><strong>Origene</strong></span> <span class='ocrx_word' id='word_1_815' title='bbox 2768 5451 2800 5490; x_wconf 87' lang='lat' dir='ltr'><strong>a</strong></span> <span class='ocrx_word' id='word_1_816' title='bbox 2840 5436 3032 5489; x_wconf 75' lang='lat' dir='ltr'><strong>Rufino</strong></span> <span class='ocrx_word' id='word_1_817' title='bbox 3069 5436 3164 5488; x_wconf 90' lang='lat' dir='ltr'><strong>sub</strong></span> <span class='ocrx_word' id='word_1_818' title='bbox 3208 5431 3430 5484; x_wconf 81' lang='lat' dir='ltr'><strong>nomine</strong></span> 
     </span>
    </p>
   </div>
   <div class='ocr_carea' id='block_1_68' title="bbox 187 5506 3432 5604">
    <p class='ocr_par' dir='ltr' id='par_1_68' title="bbox 187 5506 3432 5604">
     <span class='ocr_line' id='line_1_68' title="bbox 187 5506 3432 5604; baseline -0.002 -25"><span class='ocrx_word' id='word_1_819' title='bbox 187 5551 385 5603; x_wconf 59' lang='lat' dir='ltr'><strong>um.</strong></span> <span class='ocrx_word' id='word_1_820' title='bbox 425 5533 582 5604; x_wconf 80' lang='lat' dir='ltr'><strong>quod</strong></span> <span class='ocrx_word' id='word_1_821' title='bbox 618 5525 897 5594; x_wconf 88' lang='lat' dir='ltr'><strong>Pamphili</strong></span> <span class='ocrx_word' id='word_1_822' title='bbox 927 5524 1106 5588; x_wconf 90' lang='lat' dir='ltr'><strong>fuerit,</strong></span> <span class='ocrx_word' id='word_1_823' title='bbox 1149 5535 1203 5578; x_wconf 88' lang='lat' dir='ltr'><strong>et</strong></span> <span class='ocrx_word' id='word_1_824' title='bbox 1231 5506 1262 5578; x_wconf 64' lang='grc' dir='ltr'>ά</span> <span class='ocrx_word' id='word_1_825' title='bbox 1292 5533 1343 5579; x_wconf 91' lang='lat' dir='ltr'><strong>te</strong></span> <span class='ocrx_word' id='word_1_826' title='bbox 1373 5523 1641 5592; x_wconf 88' lang='lat' dir='ltr'><strong>exemplar</strong></span> <span class='ocrx_word' id='word_1_827' title='bbox 1690 5527 1792 5579; x_wconf 82' lang='lat' dir='ltr'><strong>hu-</strong></span> <span class='ocrx_word' id='word_1_828' title='bbox 1893 5523 2151 5592; x_wconf 89' lang='lat' dir='ltr'><strong>Pamphili</strong></span> <span class='ocrx_word' id='word_1_829' title='bbox 2197 5527 2427 5590; x_wconf 79' lang='lat' dir='ltr'><strong>editam,</strong></span> <span class='ocrx_word' id='word_1_830' title='bbox 2468 5541 2649 5598; x_wconf 78' lang='lat' dir='ltr'><strong>revera</strong></span> <span class='ocrx_word' id='word_1_831' title='bbox 2681 5540 2803 5580; x_wconf 87' lang='lat' dir='ltr'><strong>esse</strong></span> <span class='ocrx_word' id='word_1_832' title='bbox 2845 5524 3086 5592; x_wconf 87' lang='lat' dir='ltr'><strong>Didymi;</strong></span> <span class='ocrx_word' id='word_1_833' title='bbox 3128 5517 3218 5572; x_wconf 90' lang='lat' dir='ltr'><strong>sed</strong></span> <span class='ocrx_word' id='word_1_834' title='bbox 3239 5517 3432 5604; x_wconf 69' lang='lat' dir='ltr'><strong>expli-</strong></span> 
     </span>
    </p>
   </div>
   <div class='ocr_carea' id='block_1_69' title="bbox 183 5602 3438 5696">
    <p class='ocr_par' dir='ltr' id='par_1_69' title="bbox 183 5602 3438 5696">
     <span class='ocr_line' id='line_1_69' title="bbox 183 5602 3438 5696; baseline -0.002 -31"><span class='ocrx_word' id='word_1_835' title='bbox 183 5630 293 5696; x_wconf 63' lang='lat' dir='ltr'><strong>in,</strong></span> <span class='ocrx_word' id='word_1_836' title='bbox 327 5602 648 5679; x_wconf 59' lang='grc' dir='ltr'><strong>νριιίιῃίιιίε</strong></span> <span class='ocrx_word' id='word_1_837' title='bbox 682 5623 992 5668; x_wconf 87' lang='lat' dir='ltr'><strong>mutuatum</strong></span> <span class='ocrx_word' id='word_1_838' title='bbox 1023 5648 1040 5666; x_wconf 92' lang='lat'><strong>.</strong></span> <span class='ocrx_word' id='word_1_839' title='bbox 1073 5651 1088 5665; x_wconf 94' lang='lat'><strong>.</strong></span> <span class='ocrx_word' id='word_1_840' title='bbox 1122 5651 1139 5668; x_wconf 97' lang='lat'><strong>.</strong></span> <span class='ocrx_word' id='word_1_841' title='bbox 1175 5650 1193 5666; x_wconf 94' lang='lat'><strong>.</strong></span> <span class='ocrx_word' id='word_1_842' title='bbox 1223 5651 1239 5668; x_wconf 93' lang='lat'><strong>.</strong></span> <span class='ocrx_word' id='word_1_843' title='bbox 1277 5651 1290 5666; x_wconf 93' lang='lat'><strong>.</strong></span> <span class='ocrx_word' id='word_1_844' title='bbox 1323 5653 1338 5666; x_wconf 93' lang='lat'><strong>.</strong></span> <span class='ocrx_word' id='word_1_845' title='bbox 1370 5614 1442 5669; x_wconf 90' lang='lat' dir='ltr'><strong>De</strong></span> <span class='ocrx_word' id='word_1_846' title='bbox 1472 5623 1561 5667; x_wconf 91' lang='lat' dir='ltr'><strong>tuo</strong></span> <span class='ocrx_word' id='word_1_847' title='bbox 1600 5618 1793 5671; x_wconf 82' lang='lat' dir='ltr'><strong>codice</strong></span> <span class='ocrx_word' id='word_1_848' title='bbox 1893 5615 2116 5668; x_wconf 88' lang='lat' dir='ltr'><strong>candum</strong></span> <span class='ocrx_word' id='word_1_849' title='bbox 2160 5615 2298 5669; x_wconf 88' lang='lat' dir='ltr'><strong>istud</strong></span> <span class='ocrx_word' id='word_1_850' title='bbox 2327 5625 2406 5669; x_wconf 90' lang='lat' dir='ltr'><strong>est</strong></span> <span class='ocrx_word' id='word_1_851' title='bbox 2427 5629 2491 5668; x_wconf 83' lang='lat' dir='ltr'><strong>ex</strong></span> <span class='ocrx_word' id='word_1_852' title='bbox 2517 5617 2621 5671; x_wconf 88' lang='lat' dir='ltr'><strong>alio</strong></span> <span class='ocrx_word' id='word_1_853' title='bbox 2653 5618 2772 5670; x_wconf 91' lang='lat' dir='ltr'><strong>loco</strong></span> <span class='ocrx_word' id='word_1_854' title='bbox 2802 5627 2959 5681; x_wconf 83' lang='lat' dir='ltr'><strong>supra</strong></span> <span class='ocrx_word' id='word_1_855' title='bbox 2998 5611 3154 5662; x_wconf 89' lang='lat' dir='ltr'><strong>allato</strong></span> <span class='ocrx_word' id='word_1_856' title='bbox 3177 5618 3208 5655; x_wconf 90' lang='lat' dir='ltr'><strong>e</strong></span> <span class='ocrx_word' id='word_1_857' title='bbox 3239 5602 3342 5696; x_wconf 69' lang='lat' dir='ltr'><strong>lib.</strong></span> <span class='ocrx_word' id='word_1_858' title='bbox 3365 5621 3438 5696; x_wconf 62' lang='lat' dir='ltr'><strong>tu</strong></span> 
     </span>
    </p>
   </div>
   <div class='ocr_carea' id='block_1_70' title="bbox 181 5686 3444 5786">
    <p class='ocr_par' dir='ltr' id='par_1_70' title="bbox 181 5686 3444 5786">
     <span class='ocr_line' id='line_1_70' title="bbox 181 5686 3444 5786; baseline -0.004 -33"><span class='ocrx_word' id='word_1_859' title='bbox 181 5686 370 5786; x_wconf 45' lang='lat' dir='ltr'><strong>ilqu</strong></span> <span class='ocrx_word' id='word_1_860' title='bbox 407 5704 701 5777; x_wconf 58' lang='lat' dir='ltr'><strong>pamphili</strong></span> <span class='ocrx_word' id='word_1_861' title='bbox 743 5701 1017 5768; x_wconf 88' lang='lat' dir='ltr'><strong>exemplar</strong></span> <span class='ocrx_word' id='word_1_862' title='bbox 1041 5705 1351 5770; x_wconf 86' lang='lat' dir='ltr'><strong>accepimus.</strong></span> <span class='ocrx_word' id='word_1_863' title='bbox 1383 5702 1586 5757; x_wconf 85' lang='lat' dir='ltr'><strong>Credidi</strong></span> <span class='ocrx_word' id='word_1_864' title='bbox 1613 5704 1786 5759; x_wconf 78' lang='lat' dir='ltr'><strong>Cbt&#39;i-</strong></span> <span class='ocrx_word' id='word_1_865' title='bbox 1891 5704 2158 5772; x_wconf 73' lang='lat' dir='ltr'><strong>Apologiw</strong></span> <span class='ocrx_word' id='word_1_866' title='bbox 2204 5705 2449 5757; x_wconf 73' lang='lat' dir='ltr'><strong>adversus</strong></span> <span class='ocrx_word' id='word_1_867' title='bbox 2489 5703 2754 5770; x_wconf 75' lang='lat' dir='ltr'><strong>Ruﬁnum,</strong></span> <span class='ocrx_word' id='word_1_868' title='bbox 2809 5701 2892 5752; x_wconf 90' lang='lat' dir='ltr'><strong>ubi</strong></span> <span class='ocrx_word' id='word_1_869' title='bbox 2939 5702 3218 5764; x_wconf 86' lang='lat' dir='ltr'><strong>postquam</strong></span> <span class='ocrx_word' id='word_1_870' title='bbox 3258 5686 3444 5786; x_wconf 57' lang='lat' dir='ltr'><strong>dixit:</strong></span> 
     </span>
    </p>
   </div>
   <div class='ocr_carea' id='block_1_71' title="bbox 180 5779 3455 5868">
    <p class='ocr_par' dir='ltr' id='par_1_71' title="bbox 180 5779 3455 5868">
     <span class='ocr_line' id='line_1_71' title="bbox 180 5779 3455 5868; baseline -0.019 19"><span class='ocrx_word' id='word_1_871' title='bbox 180 5779 409 5868; x_wconf 55' lang='grc' dir='ltr'><strong>έ¹ί²¹¹⁰ν</strong></span> <span class='ocrx_word' id='word_1_872' title='bbox 431 5809 492 5856; x_wconf 68' lang='grc'><strong>⁸⁸</strong></span> <span class='ocrx_word' id='word_1_873' title='bbox 519 5790 756 5853; x_wconf 65' lang='lat' dir='ltr'><strong>&quot;edidi</strong></span> <span class='ocrx_word' id='word_1_874' title='bbox 779 5791 1077 5845; x_wconf 75' lang='grc'><strong>¹¹¹⁰¹³²¹⁰¹¹⁰²</strong></span> <span class='ocrx_word' id='word_1_875' title='bbox 1109 5807 1208 5848; x_wconf 78' lang='grc' dir='ltr'><strong>ηοη</strong></span> <span class='ocrx_word' id='word_1_876' title='bbox 1233 5790 1403 5861; x_wconf 59' lang='lat' dir='ltr'><strong>[mulli</strong></span> <span class='ocrx_word' id='word_1_877' title='bbox 1427 5800 1627 5848; x_wconf 64' lang='lat' dir='ltr'><strong>tantum</strong></span> <span class='ocrx_word' id='word_1_878' title='bbox 1663 5808 1791 5848; x_wconf 82' lang='lat' dir='ltr'><strong>sce-</strong></span> <span class='ocrx_word' id='word_1_879' title='bbox 1899 5813 1915 5844; x_wconf 81' lang='grc' dir='ltr'><strong>ι</strong></span> <span class='ocrx_word' id='word_1_880' title='bbox 1951 5793 2134 5848; x_wconf 86' lang='lat' dir='ltr'><strong>Postea</strong></span> <span class='ocrx_word' id='word_1_881' title='bbox 2169 5809 2295 5849; x_wconf 89' lang='lat' dir='ltr'><strong>vero</strong></span> <span class='ocrx_word' id='word_1_882' title='bbox 2324 5807 2419 5862; x_wconf 87' lang='lat' dir='ltr'><strong>per</strong></span> <span class='ocrx_word' id='word_1_883' title='bbox 2441 5789 2935 5859; x_wconf 86' lang='lat' dir='ltr'><strong>interpretationem</strong></span> <span class='ocrx_word' id='word_1_884' title='bbox 2972 5793 3114 5835; x_wconf 90' lang='lat' dir='ltr'><strong>tuam</strong></span> <span class='ocrx_word' id='word_1_885' title='bbox 3137 5779 3455 5843; x_wconf 53' lang='lat' dir='ltr'><strong>quastione</strong></span> 
     </span>
    </p>
   </div>
  </div>
