3916 6474
366 456 465 509 527

1553 447 1610 503 S.
1652 443 1969 502 PAMPIHLI
2012 447 2363 503 MARTYRIS

3678 425 3787 480 528

363 584 541 629 contra
573 568 847 635 Origeuem
883 575 992 619 toto
1018 565 1147 620 orbe
1191 577 1475 631 commota,
1515 568 1565 621 in
1593 570 1897 638 quaerendis
1925 575 1967 629 A
1996 569 2099 623 dici
2146 583 2250 623 non
2296 566 2505 629 debuit,
2556 576 2726 633 quem
2786 558 3068 621 alterius.
3145 561 3456 618 nempe
3508 543 3784 609 ευδθδῖῖς

362 659 748 728 exemplaribus
773 658 1079 726 diligentior
1116 656 1212 721 fui,
1255 666 1309 711 et
1345 658 1398 711 in
1442 657 1752 713 Cazsariensi
1808 661 1889 713 bi-

360 750 614 805 biimheea
649 747 856 801 Eusebii
892 763 982 800 sex
1024 748 1289 805 volumina
1335 748 1506 816 reperi
1541 748 1891 818 Ἀπολογίας

360 841 507 907 ὑπὲρ
537 839 882 907 Ὠριγένους.
905 838 1034 905 Quae
1062 854 1179 893 cum
1210 838 1475 907 legissem,
1504 842 1729 908 primum
1768 856 1888 894 eum

356 930 547 982 librum
576 930 897 996 deprehendi
928 944 1085 995 quem
1121 940 1172 983 tu
1206 928 1349 983 solus
1377 932 1473 983 sub
1508 932 1717 984 nomine
1741 946 1887 983 mar-

358 1018 488 1086 tyris
516 1016 755 1081 edidisti,
787 1016 852 1069 de
889 1016 1025 1069 Filio
1065 1026 1117 1069 et
1151 1016 1349 1084 Spiritu
1382 1026 1569 1069 sancto
1601 1017 1649 1069 in
1697 1017 1899 1105 bonam.

353 1115 555 1174 partem
588 1104 851 1173 plerisque
880 1104 1223 1173 blasphentiis
1248 1105 1611 1169 commutatis,
1641 1123 1659 1156 ι
1698 1106 1844 1159 addit
1869 1120 1882 1157 :

356 1214 377 1249 ι
404 1196 467 1248 Ει
500 1198 601 1250 hoc
631 1197 713 1251 vel
744 1196 1047 1266 Didymum,
1080 1198 1162 1253 vel
1184 1207 1255 1262 te,
1278 1199 1359 1253 vel
1387 1199 1549 1253 alium
1576 1199 1764 1253 fecisse
1795 1213 1887 1253 ne-

351 1288 463 1341 scio
486 1302 663 1355 quem,
686 1288 823 1355 quod
857 1298 909 1341 tu
928 1288 1261 1356 apertissime
1282 1290 1332 1341 ir.
1359 1289 1505 1343 libris
1528 1289 1662 1356 Περὶ
1687 1288 1886 1358 ἀρχῶν·

352 1377 542 1431 fecisse
570 1378 926 1432 convinceris.
960 1396 981 1430 ι
1020 1377 1075 1431 Id
1106 1393 1232 1449 ergo
1262 1395 1422 1433 unum
1454 1381 1740 1449 utrobique
1780 1380 1880 1434 sibi

350 1467 464 1520 vult
496 1466 869 1536 Hieronymus,
906 1467 987 1520 vel
1036 1468 1334 1537 Didymum,
1366 1468 1447 1521 vel
1486 1469 1730 1523 Ruﬁnum
1754 1508 1770 1533 ,
1802 1469 1883 1522 vel

353 1563 511 1617 alium
547 1565 725 1615 nescio
767 1577 923 1629 quem
961 1563 1011 1615 in
1058 1562 1247 1616 bonam
1298 1560 1510 1629 partem
1550 1572 1655 1614 tam
1702 1562 1883 1616 Grzcce

354 1665 509 1718 quam
543 1648 730 1702 Latine
780 1650 1059 1717 plerasque
1119 1650 1479 1717 blasphemias
1527 1661 1882 1704 commutasse

354 1753 471 1807 qua:
514 1739 565 1790 in
620 1736 830 1790 Eusebii
884 1748 1027 1790 textu
1074 1739 1469 1805 comparebant.
1511 1737 1659 1801 Quod
1702 1746 1881 1789 utrum

356 1829 646 1881 verisimile
676 1828 775 1887 sit.
818 1842 937 1880 mox
973 1827 1228 1894 indagare
1263 1828 1601 1880 tentabimus.

422 1917 513 1973 ιγ.
538 1917 654 1972 Jam
681 1933 808 1971 vero
835 1928 890 1970 ut
910 1918 1091 1985 probet
1115 1918 1464 1986 Hieronymus
1486 1916 1877 1985 Apologeticum

352 2009 514 2061 istum
549 2007 780 2060 libellum
816 2021 911 2073 pro
946 2006 1192 2075 Origene,
1227 2022 1329 2058 non
1359 2005 1638 2073 Pamphili,
1670 2007 1763 2060 sed
1795 2020 1881 2058 so-

363 2096 465 2149 lius
493 2097 705 2150 Eusebii
740 2112 875 2159 esse,
896 2096 1011 2149 lucc
1036 2104 1159 2148 sunt
1187 2094 1299 2160 ejus
1315 2105 1623 2163 argumenta
1652 2111 1665 2146 :
1700 2096 1754 2146 1ο
1773 2113 1789 2144 ι
1822 2094 1877 2148 Si

351 2189 452 2240 iste
475 2185 736 2253 Pamphili
765 2185 898 2238 liber
915 2194 1017 2249 est,
1046 2202 1064 2233 ›
1094 2176 1265 2251 inquit
1284 2184 1373 2238 lib.
1405 2184 1648 2252 tApolog.
1677 2187 1875 2238 advers.

350 2274 614 2341 Ruﬁnum,
648 2292 667 2325 ι
705 2274 771 2327 de
799 2288 889 2327 sex
915 2274 1065 2327 libris
1090 2274 1178 2341 qui
1208 2274 1310 2326 erit
1334 2274 1533 2342 primus
1581 2273 1790 2327 Eusebii
1812 2275 1872 2326 τι

354 2364 647 2433 Responsio
673 2363 843 2417 facilis
872 2372 972 2416 est.
1015 2363 1129 2417 Erit
1172 2364 1373 2431 primus
1411 2362 1671 2431 Pamphili
1719 2363 1876 2416 simul

351 2465 404 2508 et
434 2453 682 2515 Eusebii;
712 2453 771 2505 2°
823 2453 982 2505 instat
1030 2454 1220 2506 ibidem
1250 2470 1262 2505 :
1296 2471 1315 2504 ι
1352 2452 1405 2504 lo
1447 2453 1560 2520 ipso
1589 2452 1877 2518 volumine,

352 2545 492 2613 quod
537 2553 590 2597 ιιι
640 2541 899 2612 Pamphili
953 2542 1198 2605 simulas,
1240 2542 1572 2610 sequentium
1624 2542 1875 2595 librorum

346 2634 485 2688 facta
511 2635 707 2687 mentio
739 2642 841 2687 est.
870 2632 926 2685 in
955 2633 1186 2686 secundo
1217 2647 1428 2700 quoque
1462 2641 1512 2684 et
1554 2631 1768 2699 reliquis
1800 2631 1877 2683 di-

346 2725 420 2778 cit
453 2723 711 2777 Eusebius
734 2724 877 2792 quod
924 2722 977 2775 in
1008 2722 1183 2791 primo
1214 2722 1351 2776 libro
1389 2732 1543 2775 antea
1573 2722 1799 2785 dixerat,
1826 2730 1880 2774 et

343 2814 483 2883 quod
515 2814 701 2867 eadem
727 2821 968 2881 repetere
989 2827 1093 2866 non
1129 2813 1338 2865 debeat.
1371 2830 1391 2864 ι
1432 2810 1625 2865 Nullibi
1652 2812 1703 2863 in
1742 2810 1877 2865 libro

342 2906 514 2975 primo
551 2905 617 2959 de
644 2904 851 2959 ezeteris
899 2905 1221 2958 mentionem
1262 2903 1374 2957 fieri
1418 2905 1753 2970 reperimus:
1786 2901 1877 2954 sed

342 3007 459 3067 esto
499 2995 551 3049 in
587 2994 771 3050 Gnaeo
820 2994 956 3048 facta
1001 2993 1180 3055 fuerit,
1224 2992 1349 3061 quid
1395 2991 1632 3045 mirum?
1678 2988 1876 3059 Nempe

343 3086 579 3156 quinque
606 3086 810 3152 priores
837 3100 865 3136 a
909 3082 1187 3151 Pamphilo
1217 3081 1372 3135 simul
1406 3091 1457 3134 et
1494 3081 1719 3134 Eusebio
1762 3079 1875 3133 col-

344 3175 450 3229 lata
476 3190 633 3243 opera
664 3174 873 3228 fuerant
908 3171 1195 3235 elaborati;
1222 3173 1281 3225 '5’
1306 3171 1475 3238 pergit
1502 3170 1693 3222 ibidem
1725 3186 1739 3221 :
1769 3187 1785 3218 ι
1817 3167 1873 3222 Si
1899 3191 1940 3247 ο

339 3272 510 3319 totum
541 3278 673 3331 opus
711 3261 971 3329 Pamphili
1003 3268 1105 3324 est,
1139 3275 1236 3313 cur
1284 3260 1514 3327 reliquos
1560 3258 1729 3312 libros
1768 3274 1873 3311 non

341 3351 642 3405 transfers?
674 3372 694 3402 ι
732 3349 954 3404 Scilicet
990 3349 1163 3403 obfuit
1192 3347 1405 3402 Macarii
1445 3347 1790 3409 desiderium,
1818 3358 1874 3400 ut

334 3439 445 3508 iam
474 3439 702 3515 diximus
747 3457 763 3494 :
807 3440 886 3494 vel
926 3439 1103 3507 potius
1136 3438 1280 3492 nulla
1328 3438 1428 3491 alia
1470 3439 1679 3491 videtur
1710 3436 1873 3492 fuisse

340 3546 522 3591 causa,
554 3545 712 3597 quam
741 3528 880 3599 qttod
912 3527 1085 3582 Ruﬁni
1113 3526 1277 3581 codex
1307 3526 1523 3580 unicum
1553 3525 1709 3591 huius
1735 3526 1874 3593 Apo-

339 3618 492 3685 logia:
526 3618 717 3670 librum
752 3618 982 3686 primum
1030 3615 1130 3671 sub
1174 3616 1386 3673 nomine
1422 3615 1683 3685 Pamphili
1727 3631 1874 3670 mar-

340 3708 475 3779 tyris
506 3708 824 3760 contineret.
845 3704 1003 3760 Certe
1026 3705 1119 3759 lib.
1149 3720 1185 3759 ιι
1221 3706 1420 3759 advers.
1450 3704 1693 3774 Ruﬁnum
1734 3706 1871 3760 fate-

1909 1878 1950 1934 B

339 3805 427 3850 tur
465 3797 576 3866 ipse
622 3796 981 3866 Hieronymus
1025 3810 1082 3849 se
1115 3812 1135 3845 1
1173 3796 1331 3850 istum
1382 3796 1597 3860 librum,
1645 3796 1734 3864 qui
1774 3797 1873 3851 sub

339 3887 550 3941 nomine
576 3886 836 3955 Pamphili
886 3886 1176 3950 ferebatur,
1213 3886 1408 3941 vidisse
1458 3886 1686 3956 primum
1733 3889 1871 3941 scri-

334 3986 482 4046 ptum
532 3977 583 4030 in
632 3976 817 4031 codice
847 3975 1046 4038 Ruﬁni,
1080 3987 1136 4031 et
1163 3975 1288 4045 quia
1333 3990 1436 4029 non
1478 3986 1597 4029 erat
1631 3976 1679 4029 ei
1730 3990 1870 4030 cura:

332 4066 460 4135 quid
503 4082 598 4136 pro
642 4067 890 4122 lueretieo
925 4067 1216 4129 diceretur,
1260 4066 1336 4119 sic
1374 4080 1587 4132 semper
1615 4066 1870 4120 habuisse

332 4159 483 4225 quasi
517 4157 783 4212 diversum
805 4165 945 4211 esset
966 4171 1099 4223 opus
1120 4155 1377 4222 Pamphili
1407 4166 1461 4209 et
1492 4154 1736 4219 Eusebii;
1772 4174 1790 4206 ι
1815 4168 1869 4210 et

331 4246 425 4299 lib.
463 4262 524 4301 ιιι
553 4246 627 4300 ait
658 4261 716 4300 se
742 4261 768 4298 a
790 4245 978 4299 Rufino
1005 4264 1022 4296 1
1056 4244 1322 4312 exemplar
1346 4244 1499 4313 hujus
1529 4244 1861 4309 voluminis,r

334 4336 459 4402 (non
481 4332 571 4389 sex
599 4336 940 4407 voluminum)
970 4334 1133 4388 fuisse
1156 4351 1174 4385 ι
1213 4344 1542 4397 mutuatum;
1574 4353 1595 4385 ι
1628 4334 1686 4387 4°
1717 4333 1861 4403 01)ίί-

331 4427 406 4478 cit
441 4423 793 4493 Hieronymus
849 4424 979 4479 nihil
1038 4423 1240 4493 proprii
1294 4424 1471 4490 aperis
1525 4422 1858 4490 Pamphilum

333 4514 629 4581 scripsisse.
649 4532 667 4564 ι
696 4514 759 4567 Ει
794 4515 908 4583 ipse
932 4514 1142 4583 quidem
1167 4512 1364 4583 proprii
1402 4513 1601 4579 operis,
1631 4531 1651 4564 ι
1683 4513 1856 4582 inquit
1892 4509 1935 4567 D

331 4602 426 4656 lib.
471 4618 488 4655 ι
531 4603 728 4656 advers.
766 4602 1028 4670 Ruﬁnum,
1093 4622 1112 4655 1
1162 4602 1294 4657 nihil
1351 4603 1570 4656 omnino
1616 4604 1857 4673 scripsit,

324 4694 561 4758 exceptis
620 4694 880 4759 epistolis.
933 4708 1067 4759 quas
1115 4694 1178 4746 ad
1238 4693 1441 4745 amicos
1496 4692 1632 4746 forte
1684 4694 1859 4748 mitte-

322 4781 415 4836 bat
444 4782 540 4851 (5),
567 4781 617 4833 in
647 4790 848 4833 tantum
878 4797 937 4835 se
965 4782 1263 4836 humilitate
1294 4782 1579 4851 dejecerat.
1608 4782 1855 4837 Veterum

323 4879 499 4924 autem
529 4878 789 4923 tractatus
827 4870 1150 4938 scriptorum
1196 4870 1401 4938 legebat
1442 4872 1848 4939 studiosissime,

318 4972 375 5015 et
401 4961 452 5014 in
478 4973 663 5013 eorum
690 4959 1035 5012 meditatione
1065 4958 1261 5028 iugiter
1287 4960 1622 5015 versabatur.
1663 4961 1857 5017 Defen-

318 5067 411 5108 sor
438 5049 705 5124 Origenis,
732 5058 784 5102 et
813 5048 1051 5102 laudator
1075 5048 1331 5120 Pamphili
1372 5052 1502 5107 dicit
1524 5053 1855 5121 Pamphilum

319 5143 449 5198 nihil
479 5140 696 5197 omnino
716 5139 1015 5206 scripsisse,
1043 5154 1140 5194 nec
1165 5140 1367 5209 proprii
1393 5143 1683 5211 quidquam
1729 5158 1857 5198 con-

316 5234 515 5287 didisse
535 5228 797 5286 sermonis
832 5243 845 5278 :
874 5236 927 5281 et
960 5228 1059 5281 hoc
1085 5224 1234 5291 dicit,
1264 5228 1371 5292 jam
1408 5230 1686 5300 Pamphilo
1714 5246 1855 5286 mar—

318 5323 456 5395 tyrio
477 5329 750 5397 coronato,
787 5332 854 5371 ne
877 5317 1075 5371 habeas
1102 5315 1388 5385 suffugium
1422 5331 1539 5389 post
1575 5321 1749 5375 editos
1782 5321 1848 5376 ab

317 5411 543 5465 Eusebio
591 5408 757 5463 libros
806 5406 906 5460 hoc
949 5402 1279 5471 Pamphilum
1330 5400 1631 5477 scripsisse.
1684 5428 1703 5463 ι
1741 5411 1845 5465 Sed

314 5502 483 5556 nodus
521 5501 608 5555 hic
628 5513 883 5570 perquam
932 5495 1092 5551 facile
1127 5505 1333 5565 poterat
1373 5511 1403 5551 a
1454 5499 1644 5554 Ruiino
1688 5500 1843 5555 solvi.

314 5587 516 5659 Quippe
565 5590 834 5660 propriutn
875 5584 1137 5657 Pamphili
1170 5600 1315 5656 ropus
1345 5587 1704 5659 Apalogeticus
1753 5588 1855 5645 ille'

381 5755 458 5827 β)
485 5760 675 5818 Euseb.
709 5762 800 5816 lib.
828 5775 883 5815 nt
924 5759 998 5816 De
1027 5761 1128 5815 vita
1161 5756 1453 5829 Pamphili.

1989 674 2148 726 opera
2182 658 2397 724 adjutus
2422 652 2764 709 elaboravit.
2803 649 2933 704 Iluc
2970 647 3143 703 adde
3208 638 3443 711 quod
3482 646 3656 693 totus
3696 638 3791 691 ille

1988 758 2197 803 constat
2230 749 2364 802 locis
2393 745 2657 815 Origenis
2704 758 2777 797 ex
2817 739 3010 794 variis
3070 736 3240 804 ejus
3285 729 3639 800 operibus
3686 744 3787 783 ex-

1988 839 2204 907 cerptis,
2251 838 2295 891 si
2354 836 2518 890 modo
2573 831 2879 903 exceperis
2932 827 3251 887 initium,
3338 820 3539 888 quod
3585 818 3794 888 aliquo

1988 930 2143 983 modo
2167 927 2301 981 nihil
2336 926 2483 980 aliud
2513 932 2602 978 est
2651 937 2825 991 quan;
2858 917 3129 987 epistola
3203 912 3313 967 ad
3382 908 3791 964 confessores

1987 1020 2050 1071 ad
2080 1017 2287 1071 metalla
2313 1019 2604 1069 damnatos
2639 1035 2651 1069 :
2685 1028 2751 1066 ac
2788 1009 3042 1081 proinde
3088 1013 3363 1077 potest
3396 1002 3578 1056 inter
3610 1000 3793 1055 Pam-

1986 1106 2115 1173 phili
2157 1105 2415 1173 epistolas
2443 1105 2627 1159 locum
2659 1103 2969 1166 obtinere;
3006 1099 3084 1154 5'
3129 1117 3153 1149 ι
3237 1095 3476 1156 Date,
3519 1111 3545 1144 ι
3596 1092 3793 1162 inquit

1983 1195 2344 1266 Hieronymus
2365 1196 2528 1265 epist.
2548 1194 2643 1258 65,
2664 1195 2731 1247 ad
2758 1190 3179 1245 Pammachiu
3195 1205 3275 1239 ιιι
3314 1194 3400 1240 et
3437 1184 3794 1249 Oceanum,

1989 1306 2007 1337 1
2045 1288 2315 1355 quodlibet
2351 1286 2497 1338 aliud
2520 1300 2661 1353 Opus
2690 1282 3013 1351 Pamphili.
3052 1279 3468 1347 Nusquam
3521 1277 3792 1343 reperie-

1986 1378 2069 1429 tis.
2100 1375 2212 1427 Hoc
2249 1390 2414 1427 umtm
2457 1384 2565 1427 est.
2622 1372 2785 1427 Unde
2831 1372 3015 1441 igitur
3056 1370 3313 1425 sciant
3373 1367 3567 1436 (ιιιοά
3615 1366 3797 1421 Pam—

1982 1465 2110 1532 phili
2134 1465 2251 1518 sit?
2283 1464 2547 1518 Videlicet
2579 1464 2760 1532 stylus
2793 1470 2852 1515 et
2881 1461 3081 1514 saliva
3154 1460 3469 1513 docere
3521 1472 3629 1512 tne
3683 1474 3793 1528 po—

1984 1555 2154 1611 terit?
2178 1572 2201 1606 ι
2220 1554 2262 1607 E
2283 1555 2423 1624 ston
2443 1554 2663 1622 quidem
2687 1567 2791 1607 nos
2810 1553 2994 1607 hodie
3020 1550 3115 1619 dij
3127 1552 3318 1605 udic
3330 1566 3468 1605 are
3489 1565 3628 1604 non
3645 1565 3792 1621 pos-

1980 1634 2167 1699 sumus
2193 1659 2259 1697 an
2291 1642 2563 1712 Pamphili
2612 1657 2755 1712 opus
2806 1643 2923 1705 sit;
2960 1657 3220 1696 verum
3278 1640 3363 1695 id
3416 1641 3625 1695 facile
3659 1652 3793 1697 erat

1981 1736 2070 1799 iis,
2103 1736 2300 1804 quibus
2334 1735 2466 1788 illud
2499 1749 2626 1788 cum
2664 1733 2788 1801 ejus
2815 1733 3141 1802 epistolis,
3180 1747 3377 1801 qua:
3428 1732 3663 1788 adhuc
3692 1748 3792 1787 su-

1978 1836 2249 1893 pereraut,
2265 1825 2517 1879 conferre
2548 1824 2830 1894 integrum
2862 1832 3022 1878 erat.
3070 1823 3247 1892 Ipse
3295 1823 3789 1894 Hieronymus,

1979 1915 2067 1979 qui
2114 1914 2340 1981 idipsum
2377 1913 2623 1982 profecto
2680 1913 2957 1978 contulit,
2990 1928 3362 1969 asserere
3410 1930 3556 1968 non
3599 1931 3795 1973 ausus

1977 2014 2062 2057 est
2089 2004 2334 2057 eumdem
2360 2018 2485 2057 esse
2512 2003 2639 2057 libri
2671 2002 2842 2071 hujus
2890 2003 3359 2072 Eusebiique
3391 2006 3697 2076 stylum;
3732 2014 3795 2060 et

1980 2094 2153 2161 reipsa
2186 2095 2253 2148 ab
2302 2093 2522 2148 Eusebii
2556 2094 2729 2149 saliva
2794 2093 3133 2163 paululum
3197 2096 3568 2152 diversus
3611 2096 3798 2152 abire

1977 2182 2207 2237 videtur.

2051 2273 2113 2325 V.
2162 2271 2662 2342 Ohjieitprmterea
2717 2274 3149 2346 Hieronymus
3223 2276 3369 2331 lib.
3432 2293 3489 2332 ι1
3544 2279 3792 2333 advers.

1978 2360 2250 2429 Ruﬁnum.
2296 2364 2470 2415 virum
2514 2364 2913 2418 doctissimum
2969 2365 3395 2422 Eusebium
3458 2372 3799 2440 (doctissir

1977 2466 2142 2517 mum,
2178 2467 2284 2506 non
2330 2453 2687 2521 catholicum)
2725 2471 2748 2505 ι
2810 2469 2916 2523 per
2979 2470 3107 2510 sex
3181 2458 3581 2515 volumina
3640 2463 3796 2516 nihil

1977 2540 2118 2595 aliud
2145 2556 2328 2609 agere,
2360 2543 2465 2597 nisi
2514 2553 2573 2597 ut
2623 2544 2934 2614 Origenem
2985 2561 3138 2602 suae
3211 2553 3581 2606 ostendat
3623 2554 3801 2618 fidei,

1976 2631 2027 2685 id
2052 2640 2133 2685 est
2157 2633 2369 2684 Arianae
2409 2633 2697 2699 perfidiae;
2730 2652 2757 2686 ι
2784 2636 3019 2689 nulla'm
3058 2652 3253 2708 ergo
3297 2642 3529 2710 hujus
3573 2647 3797 2715 operis

1976 2730 2181 2788 partem
2229 2722 2293 2773 ad
2334 2720 2686 2791 Pamphilum
2725 2729 3067 2798 martyrein
3133 2734 3573 2803 pertinere,
3612 2736 3803 2806 cujus

1977 2809 2132 2864 fidem
2172 2810 2662 2879 probatEcclesia.
2718 2814 2941 2870 Eadem
2988 2823 3271 2889 repetit
3345 2824 3545 2881 locis
3598 2843 3798 2897 supra

1975 2900 2170 2962 citatis,
2200 2911 2255 2954 et
2285 2902 2410 2955 alibi
2447 2905 2683 2971 passim,
2719 2905 2874 2960 unde
2917 2912 3300 2969 concludit
3362 2916 3645 2974 librum
3682 2922 3807 2976 sub

1974 2988 2234 3058 Pamphili
2294 2992 2514 3047 nomine
2561 2994 2802 3059 editum,
2848 2998 2928 3051 ab
2978 2999 3236 3070 aliquo
3315 3006 3401 3062 in
3446 3006 3805 3066 Trinitate

1975 3080 2235 3173 catholico
2240 3080 2423 3173 fuisse
2448 3084 2829 3173 emendatum,
2861 3088 2969 3156 qui
3006 3090 3423 3166 plerasque
3477 3101 3810 3173 blasphe—

1976 3168 2111 3261 mias
2147 3170 2212 3221 de
2239 3168 2376 3224 Filio
2407 3180 2464 3223 et
2508 3172 2722 3241 Spiritu
2777 3188 2999 3233 saneto
3070 3190 3226 3238 tam
3278 3186 3561 3247 Graece
3591 3168 3795 3261 quam

1974 3257 2162 3311 Latine
2193 3258 2244 3311 in
2293 3260 2491 3315 bonam
2524 3271 2740 3330 partem
2779 3275 3251 3329 eomtnutarit.
3308 3297 3340 3331 ε
3397 3281 3556 3339 Sed
3598 3257 3805 3342 [idem

1972 3346 2059 3400 hic
2082 3345 2406 3417 Hieronymo
2439 3349 2757 3407 habendam
2795 3370 2915 3409 non
2944 3371 3103 3416 esse
3145 3366 3655 3430 validissimis
3689 3393 3798 3431 ar-

1970 3438 2238 3540 gumentis
2273 3440 2451 3540 evinci
2504 3444 2964 3540 potestdiinquit
3002 3449 3253 3511 Bullus
3321 3459 3442 3517 De
3493 3463 3675 3521 Filii
3702 3466 3810 3540 τῷ

1969 3527 2253 3597 ὁμοουσίῳ,
2278 3544 2397 3599 cap.
2420 3529 2478 3595 9,
2508 3541 2617 3586 art.
2641 3532 2764 3601 20).
2794 3536 2949 3592 Nam
2980 3560 2998 3596 :
3047 3542 3121 3596 1ο
3171 3546 3515 3610 Pbotius

2278 3544 2397 3599 cap.
2420 3529 2478 3595 9,
2508 3541 2617 3586 art.
2641 3532 2764 3601 20).
2794 3536 2949 3592 Nam
2980 3560 2998 3596 :
3047 3542 3121 3596 1ο
3171 3546 3521 3610 Pbotius
3557 3527 3801 3615 codice

1969 3632 2132 3713 exvtn
2161 3626 2393 3713 testatur
2420 3634 2482 3674 se
2513 3621 2564 3675 in
2605 3621 2808 3680 Greco
2860 3629 3099 3697 legisse
3142 3635 3553 3713 Paunphili
3622 3664 3805 3706 mar-

1971 3708 2105 3778 tyris
2128 3717 2179 3761 et
2205 3707 2421 3763 Eusebii
2452 3710 2624 3767 libros
2649 3728 2774 3779 sex,
2810 3716 2869 3771 in
2920 3721 3174 3789 quibus
3230 3707 3469 3790 nulla
3516 3741 3809 3797 Ariant

1968 3796 2203 3899 perﬁdia:
2228 3799 2452 3899 vestigia
2484 3811 2925 3899 notat-severus
2951 3810 3062 3867 ille
3087 3830 3415 3891 censor,
3462 3831 3599 3899 qui
3633 3832 3805 3889 alio-

1967 3886 2057 3956 qui
2096 3886 2149 3941 in
2194 3887 2421 3943 aliorum
2472 3892 2697 3961 scriptis
2766 3909 3141 3961 constanter
3198 3886 3424 3970 solet
3490 3886 3809 3979 ἠιίιέεέιᾷε

1967 3990 2189 4046 qumque
2221 3980 2644 4049 reprehendere,
2674 4000 2802 4053 quae
2850 3991 2953 4045 vel
3007 4001 3337 4064 specie-11
3383 4010 3513 4065 Ari

2264 3980 2644 4049 Bprehendere,
2674 4000 2802 4053 quae
2850 3991 2953 4045 vel
3007 4001 3337 4064 specie-11
3383 4010 3810 4071 Arianismi

1966 4080 2076 4134 pra:
2108 4080 2166 4162 se
2204 4066 2420 4135 ferant;
2451 4071 2513 4122 ‘2-
2537 4071 2680 4127 idem
2708 4074 2963 4137 Photius
3004 4088 3150 4142 eod.
3200 4108 3435 4155 (ιιι-ἰι
3480 4066 3807 4162 vetere;

1965 4156 2247 4255 quer-udam
2287 4167 2566 4255 auctorem
2589 4177 2948 4235 anonymum
2996 4156 3807 4255 commemorante-gi;

1981 4212 1999 4223 _
2167 4246 2179 4258 .
2318 4247 2374 4261 Η
2592 4212 2948 4235 ------,,
2997 4212 3634 4253 cuum-canamus
3690 4212 3807 4269 qut

1963 4245 2500 4348 Αροέοοταηιηξιιάειξι
2552 4266 2648 4348 pro
2679 4253 2969 4348 Prom
3022 4278 3646 4348 conscripserat.
3713 4293 3812 4347 ait

1965 4345 2236 4389 auctorem
2283 4336 2429 4391 illum
2458 4339 2513 4392 in
2554 4342 2821 4414 Apologia
2870 4366 2986 4407 sua
3030 4374 3145 4425 pro

1964 4440 2067 4527 que
2114 4426 2398 4525 sententiis
2446 4445 2729 4527 pugnasse
2776 4446 3153 4506 auctoritate
3217 4426 3407 4517 tun:
3474 4426 3808 4527 ᾉῖιεῖἷιῖἷιι

1960 4515 2348 4617 antiquiprumn
2362 4518 2719 4617 scriptorum,
2780 4536 2909 4584 tum
2973 4536 3243 4607 impria,
3258 4548 3334 4603 is
3388 4515 3401 4517 “

1957 4604 2206 4672 martyris
2230 4614 2283 4656 et
2310 4604 2528 4661 Eusebii
2566 4610 2967 4677 Cmsariensis.
3013 4577 3503 4697 M33235:

1957 4692 2059 4722 .2...
2092 4693 2258 4722 1.31...”
2284 4695 2536 4722 L_I.-._.
2604 4701 2688 4722 πμ
2793 4707 2829 4722 η
3458 4688 3479 4709 ⁹

2476 4577 2525 4621 ,η
2704 4577 2719 4589 .
2759 4577 2908 4628 ,ην-
2974 4577 3334 4607 -ι--Ριιιιιιδ
3422 4577 3774 4631 ι-ειιιιριιιι

2566 4610 2967 4722 cies—arterias.
3013 4628 3306 4691 Μᾶλλον
3349 4642 3479 4709 δὲ,
3531 4650 3774 4722 inquit

1950 4693 2567 4806 istiisti“???
2604 4701 2898 4806 Ξῖαμφξδφ
3089 4722 3177 4792 τῷ
3241 4733 3374 4799 μά
3382 4692 3707 4806 prum“.

2048 4780 2059 4796 '
2308 4784 2319 4798 ‘
2400 4784 2426 4796 ω
2516 4760 2550 4805 .-
2699 4760 2711 4774 .
2755 4760 2772 4775 υ
2838 4760 2892 4782 ~.—
2973 4760 3030 4769 —-
3101 4760 3177 4792 -Ψ
3241 4760 3495 4806 Pup“:

1949 4781 2205 4887 ξρειδεῖτῆι
2360 4788 2735 4887 alicae
2778 4797 2837 4851 εει
3023 4826 3045 4858 ε
3075 4825 3214 4878 pm
3250 4835 3495 4884 cane-

2308 4784 2319 4798 .
2400 4784 2426 4796 ω
2516 4760 2550 4805 ..
2699 4760 2711 4774 .
2755 4760 2792 4807 υ.
2838 4760 2892 4782 ~.—
2973 4760 3030 4769 --
3101 4760 3177 4792 ’Ψ
3241 4760 3628 4814 Pup-“’9‘
3671 4760 3805 4803 επ⁴⁵

2259 4798 2330 4835 aut
2360 4788 2735 4887 stanuasﬁ-itp,
2778 4799 2837 4851 id
2870 4814 2989 4867 est,
3023 4826 3045 4858 ι
3075 4825 3214 4878 prin
3250 4833 3591 4887 caeteris
3633 4854 3805 4887 γεω

1951 4868 1991 4923 Ρ
2158 4874 2166 4882 .
2455 4877 2467 4890 .
2497 4878 2508 4889 .
2595 4880 2605 4891 .
2638 4881 2649 4892 .
2682 4854 2729 4861 νγ
2918 4854 2989 4867 ~--
3028 4854 3043 4858 -
3075 4854 3213 4878 r---
3251 4854 3591 4887 ιιιῑιυτιε
3633 4854 3809 4895 vero

1993 4871 2227 4982 amphilo
2242 4885 2468 4943 martyri
2496 4890 2752 4937 innititur
2768 4900 2824 4941 et
2849 4889 3138 4964 Eusebio,
3177 4923 3215 4955 ι
3265 4923 3363 4966 ut
3394 4918 3798 4982 indubiam

1960 4961 2090 5015 mihi
2142 4964 2389 5017 videatur
2441 4982 2784 5040 anonymum
2836 4940 3798 5046 ιιιιιιξνέζξιξάΣ-ᾏΨΪῘῘΪῘῨῙἾ

1961 4998 2090 5015 ..ιιι-ι
2150 4998 2378 5017 nucum-
2441 4998 2584 5023 auun
2630 4998 2784 5029 llllllll
2836 4998 2897 5034 ιιι

1956 5065 2076 5140 cum
2106 5050 2386 5121 Pamphilo
2410 5066 2465 5112 et
2492 4998 2731 5117 Eus’ebio
2759 4998 3799 5140 Origgiietsatllzg::la::rim

1975 5085 2076 5152 Im"
2107 5085 2125 5104 ⁸
2150 5085 2386 5121 ⁶“¹’¹’¹¹¹¹”
2410 5085 2465 5112 ⁵⁸
2492 5085 2731 5165 “se”:
2759 5085 3077 5140 Uflzenetn
3111 5085 3618 5160 defendendi
3669 5125 3792 5165 η..

1950 5147 2611 5260 ifi‘i'i‘.f.‘i°l"‘.’.'£f”fz
2639 5259 2643 5260 ,
2674 5150 2950 5260 “"13"”
2985 5181 3137 5260 -"°'°
3218 5178 3597 5252 Aria-ms
3658 5202 3791 5260 fuit

1949 5232 2298 5339 apolhog'ista?
2341 5235 2489 5294 Nihil
2530 5240 2746 5339 minus.
2788 5247 2936 5305 Nam
2984 5255 3107 5324 ipse
3174 5232 3597 5339 Ριιξξξζξῗ

1951 5321 2149 5390 alioqui
2230 5325 2244 5379 I
2604 5333 2615 5345 ·
2733 5336 2745 5348 ·
3002 5307 3127 5363 rw.
3174 5307 3212 5317 “
3254 5307 3583 5350 ’⁵υι³“δο
3661 5307 3782 5363 qm

1953 5420 2092 5441 ........
2122 5340 2484 5441 λέξωῗῗίὲῗθ
2523 5332 3056 5441 ⁰¹Ῑ¹⁸⁸Ρ¹⁸.⁶ἷ’¹’⁰’ξ⁸
3110 5351 3233 5410 ὐἱ
3314 5372 3639 5441 ιι-ίιιιιίι.
3678 5386 3782 5441 di-

1951 5413 2274 5519 serte‘di'cit,
2302 5423 2443 5519 quod
2476 5424 2621 5519 stipi
2648 5425 2747 5519 τῆς
2772 5428 2950 5519 frias:
2983 5405 3301 5514 Tptésoc
3316 5405 3497 5517 tu};

2235 5426 2274 5483 ιο
2302 5423 2443 5519 and
2476 5424 2621 5519 περι,
2648 5425 2747 5519 τῆς
2772 5428 2950 5519 ἐνίας
2983 5405 3781 5519 τριάδὲςιὶὲὲἓϊιὲῗ

1948 5497 2302 5614 sitia-tl“va
2329 5508 2502 5583 λέγει’
2538 5488 2564 5568 ι’
2591 5515 2658 5571 de
2772 5488 3044 5579 Trinitatis.
3322 5488 3494 5611 11::

2229 5525 2302 5614 ιον
2329 5508 2502 5583 λέγει’
2538 5488 2564 5568 ι’
2591 5515 2658 5571 de
2772 5488 3044 5579 Trittilate

1948 5588 2123 5647 allen.
2151 5613 2175 5647 ι
2203 5578 2492 5667 Quomodo
2518 5617 2694 5665 autem
2714 5607 2999 5680 Orisemml
3028 5578 3768 5712 άείὲίζαῖῖἒ
