3916 6454
741 743 869 789 me
927 757 1187 810 asserit.
1225 761 1294 815 de
1338 743 1615 830 Origene,
1645 761 1774 816 nihil
1821 776 1942 819 eum

741 817 1025 876 ὐοηιης.
1062 846 1143 876 ΑΔ
1165 849 1427 876 *νδ-ειη-
1453 853 1634 876 -..ε-..ι
1681 867 1884 876 μνη---
1923 873 1933 876 -

321 871 449 928 mox
480 843 1027 960 Phanii-“"08"?
1062 846 1144 901 de
1165 849 1430 906 Trinitate
1451 853 1660 918 attinet,
1677 867 1938 908 errasse.»

756 925 792 966 8
832 933 1238 966 Rei-anu.--"
1269 941 1413 966 ut“...
1442 942 1739 966 -..:_-|....:...
1773 944 1938 966 “ms..-

287 925 450 1038 Aeni
820 929 1246 1038 ξξῖίᾷβιοτθηι
1269 941 1415 1038 illum
1440 942 1741 1038 quindecim
1768 944 1942 1012 capita

161 995 168 1003 κ
426 976 438 981 -
567 982 584 996 .
931 976 944 978 -
969 976 1240 1000 ⁷την-ι...-
1270 976 1415 996 ...υιιι
1478 976 1741 996 unum..."
1768 976 1830 997 ι..
1874 976 1936 997 ...ι

144 976 784 1099 λίϐξῗιῖιῡὲξξεὶδν
818 1023 1132 1080 quorum
1180 1029 1280 1083 tria
1312 976 1502 1099 prima,
1533 1032 1796 1085 decimum
1834 976 1936 1087 rer-

233 1041 345 1082 δν
577 1041 635 1054 "

328 1074 374 1094 Δ
416 1077 470 1094 Δ·
519 1077 635 1094 --Ι-ο

234 1067 278 1082 ν,
621 1082 635 1094 ,
844 1067 869 1080 -
935 1067 1132 1080 _-......
1181 1067 1280 1083 .....
1351 1067 1502 1092 .......,
1836 1067 1941 1087 ,νι-

163 1067 377 1192 ἢξθόίῖ
415 1077 834 1192 θὲ-ίξξψιὶωι)
896 1109 985 1162 ad
1035 1067 1344 1172 articulari;
1373 1120 1436 1174 de
1483 1118 1742 1174 Triuitale
1774 1122 1941 1189 perti-

228 1171 768 1272 Icostprobasse
806 1188 1123 1269 διαϐολὰς
1175 1204 1334 1272 εἶναι,
1391 1211 1455 1262 ὲκ
1496 1209 1605 1262 τῶν
1637 1209 1732 1262 τοῦ
1777 1171 1941 1264 Locos

259 1261 491 1349 inf/ww
539 1279 1082 1354 πῖτραμμάτων
1131 1298 1448 1370 ποιούμενον
1495 1299 1618 1362 τοὺς
1657 1299 1938 1369 ἐλέγχους·

315 1399 337 1428 ,
365 1369 552 1461 mei?“
807 1377 1184 1452 calumnias,
1227 1369 1303 1442 exi
1343 1389 1619 1456 ipsiusmet
1652 1389 1941 1461 (Origenis)

323 1455 542 1522 armis
575 1455 776 1516 amitis
801 1476 1200 1538 argumentis.
1233 1495 1250 1530 ι
1289 1477 1542 1531 Eamdem
1585 1455 1743 1546 plane
1778 1455 1944 1531 ratio;

347 1563 469 1606 nem
497 1563 566 1605 ac
595 1552 941 1613 \nethodum
994 1575 1186 1618 servat
1237 1565 1488 1636 Apologia
1544 1567 1640 1619 sub
1680 1565 1940 1635 Pamphili

344 1642 577 1697 nomine
626 1658 657 1697 a
688 1645 904 1704 Ruﬁno
938 1652 1116 1707 edita.
1164 1653 1307 1708 Sane
1332 1669 1397 1706 ex
1443 1655 1527 1709 his
1572 1655 1699 1708 illud
1755 1655 1940 1709 saltem

321 1730 613 1796 efﬁcitur,
641 1749 673 1787 a
696 1733 906 1793 Graeco
935 1741 1208 1811 scriptore
1229 1744 1393 1797 veteri
1427 1745 1516 1812 qui
1548 1743 1600 1798 in
1628 1744 1850 1799 articulo
1877 1745 1942 1798 de

329 1823 420 1876 S-
459 1823 752 1893 Triuitate,
781 1831 874 1884 vel
906 1831 1111 1886 Photio
1145 1833 1348 1901 judice,
1377 1833 1681 1889 catholicus
1715 1833 1836 1900 fuit,
1865 1836 1942 1888 al-

329 1914 406 1968 la
427 1928 483 1969 ta
516 1915 686 1974 fuisse
740 1935 812 1974 ex
859 1921 1000 1990 ipsis
1051 1923 1299 1992 Origenis
1340 1924 1572 1993 scriptis,
1620 1934 1781 1994 prout
1829 1936 1936 1978 tum
1971 1913 2011 1968 Β

318 2006 388 2061 (ἱ
413 2025 566 2064 race
600 2021 915 2078 exstarent,
970 2013 1299 2081 testimonia,
1337 2028 1454 2082 qua:
1483 2015 1798 2069 catholicum
1845 2030 1938 2083 pa-

321 2098 514 2152 riter
556 2099 728 2155 fuisse
759 2100 818 2155 in
868 2102 1059 2156 eodem
1099 2103 1324 2159 articulo
1360 2104 1642 2174 Origenem
1695 2104 1940 2159 ostende-

314 2197 520 2255 rent,
567 2199 740 2260 atque
787 2190 894 2245 hoc
938 2190 1134 2245 fecisse
1178 2202 1450 2273 auctorem
1489 2193 1634 2247 illum
1679 2191 1938 2261 Pamphili

313 2280 636 2352 martyris
679 2289 740 2336 et
789 2281 1006 2336 Eusebii
1057 2282 1322 2351 exemplo,
1369 2297 1658 2352 eorumque
1700 2283 1938 2351 vestigiis

313 2369 750 2426 insistentem.
801 2389 822 2424 ι
858 2371 918 2425 5-
953 2370 1255 2426 Verisimile
1308 2387 1413 2426 non
1465 2381 1547 2426 est
1591 2373 1700 2441 jam
1733 2382 1844 2426 tum
1871 2373 1937 2426 ad

310 2461 382 2515 Α
409 2460 641 2514 rianam
672 2462 926 2516 haeresim
959 2461 1224 2517 defecisse
1248 2461 1555 2528 Eusebium,
1581 2478 1701 2517 cum
1739 2462 1793 2517 in
1818 2478 1939 2530 gra-

315 2549 503 2604 tiam
538 2550 804 2620 Origenis
857 2550 1141 2606 scriberet.
1183 2551 1315 2616 Quis
1341 2550 1482 2604 enim
1513 2551 1719 2617 credat,
1755 2550 1799 2604 si
1826 2551 1935 2619 jam

315 2649 488 2695 tum
527 2639 732 2694 fuisset
760 2641 1019 2704 Arianus,
1049 2639 1100 2694 id
1129 2655 1188 2695 se
1216 2640 1317 2694 sibi
1353 2665 1359 2674 -
1371 2641 1698 2707 probandum
1755 2654 1940 2694 susce-

315 2731 518 2799 pisse
552 2730 626 2784 ab
666 2728 904 2799 Origene
939 2729 1103 2782 statui
1151 2747 1172 2779 ι
1215 2728 1354 2797 quod
1386 2729 1602 2796 aequalis
1647 2717 1722 2783 sit
1761 2727 1940 2782 Triui-

317 2827 453 2874 tas
492 2837 509 2873 :
547 2825 702 2886 quod
733 2833 840 2872 non
877 2833 1044 2888 purus
1071 2817 1252 2882 homo,
1279 2817 1372 2872 sed
1403 2818 1595 2872 divinae
1635 2828 1840 2872 natura:
1865 2817 1936 2872 sit

321 2907 681 2963 Christus:
723 2907 871 2972 quod
904 2917 1060 2960 extra
1102 2905 1269 2964 ullum
1308 2905 1517 2960 initium
1558 2905 1629 2959 sit
1667 2906 1938 2975 generatio

332 2997 501 3052 Filii
536 2997 635 3050 Dei
666 3013 684 3048 :
715 2997 861 3064 quod
896 3010 1002 3048 non
1027 2995 1101 3048 sit
1133 2993 1290 3048 Pater
1315 2998 1598 3061 antequam
1624 2993 1817 3058 Filius,
1846 2997 1936 3050 sed

328 3097 692 3142 coaeternus
727 3085 800 3140 sit
825 3083 997 3137 Filius
1032 3083 1216 3137 Patri:
1247 3083 1388 3153 quod
1415 3099 1520 3137 non
1561 3099 1649 3153 per
1680 3084 1936 3153 prolatio-

1329 460 1665 520 APOLOGiA
1694 453 1826 513 ΡΜ)
1855 459 2178 528 ORIGENE.
2216 502 2283 516 --
2321 473 2653 533 HONITUM.

784 545 1146 670 'Pshﬁtius,
1196 581 1292 634 καὶ
1333 586 1464 656 περὶ
1504 584 1595 639 τοῦ
1641 580 1936 652 Ὠριγένους

2044 591 2227 658 fuisse,
2256 595 2490 665 nunquid
2515 595 2638 649 inde
2663 602 2981 664 sequeretur
3012 607 3114 649 non
3139 594 3302 652 fuisse
3323 606 3580 670 martyris

3473 484 3583 551 530

2045 681 2340 753 Pamphili?
2367 685 2583 740 Minime
2617 684 2876 750 omnium,
2900 683 2986 737 vel
3016 683 3237 752 ipsumet
3259 684 3576 759 llierouymo

2036 771 2260 836 judiceu
2289 773 2391 828 Sed
2416 775 2844 835 concedamusTet
2867 772 3181 842 superfluo»
3216 773 3388 842 inquit
3413 778 3570 844 epist.
3635 793 3639 797 '

2042 862 2128 922 65.
2147 864 2212 917 ad
2243 863 2639 920 Pammachium
2669 875 2723 919 et
2748 863 3038 929 Oceanum,
3058 883 3077 916 ‹
3111 872 3166 916 ιιι
3193 864 3445 931 Pamphili
3470 868 3571 931 sit;

2040 954 2134 1007 sed
2181 957 2407 1009 necdum
2464 957 2734 1026 martyris.
2781 958 2918 1010 Ante
2965 956 3105 1010 enim
3153 956 3366 1022 scripsit
3411 972 3570 1025 quam

2042 1040 2352 1108 martyrium
2409 1049 2793 1108 perpeteretur.
2860 1041 2922 1094 Et
2979 1042 3262 1108 quomodo,
3341 1031 3569 1110 inquies;

2043 1127 2300 1197 martyrio
2341 1128 2532 1198 dignus
2559 1129 2699 1183 fuit?
2737 1131 2954 1185 Scilicet
2997 1139 3054 1182 ut
3091 1131 3346 1200 martyrio
3374 1129 3574 1185 deleret

2041 1232 2300 1284 errorem,
2333 1227 2390 1272 ut
2426 1235 2584 1273 unam
2632 1220 2840 1290 culpam
2891 1221 3160 1289 sanguinis
3199 1221 3278 1274 sui
3317 1219 3571 1274 clTusione

2041 1319 2309 1374 purgaret.
2351 1307 2542 1372 Quanti
2579 1309 2630 1362 in
2661 1310 2792 1364 orbe
2824 1320 3103 1378 martyres,
3139 1319 3416 1376 antequam
3468 1323 3571 1363 ca:-

2039 1395 2310 1459 dereutur,
2379 1398 2543 1451 variis
2589 1397 2900 1464 subjacucrc
2950 1398 3216 1465 peccatis!
3287 1417 3306 1448 ι
3364 1397 3572 1462 Quibus

2039 1485 2214 1538 verbis
2247 1493 2499 1553 tanquam
2531 1486 2757 1556 suffugio
2807 1488 2976 1539 utitur
3019 1487 3391 1556 Hieronymus.
3421 1493 3476 1538 ut
3524 1487 3568 1538 si

2040 1575 2212 1625 minus
2274 1573 2428 1627 ﬁdem
2485 1574 2783 1643 famamque
2843 1575 3019 1629 Ruﬁni
3077 1575 3328 1638 elevaret,
3384 1575 3569 1628 saltem

2037 1659 2299 1730 Pamphili
2335 1663 2614 1732 martyris,
2643 1678 2799 1732 quem
2840 1665 2993 1734 hujus
3015 1663 3279 1733 Apologia:
3303 1673 3570 1717 auctorem

2037 1767 2143 1804 non
2168 1752 2386 1805 omnino
2414 1753 2622 1808 diﬁiteri
2655 1755 2834 1818 audet,
2875 1756 3250 1808 auctoritatem
3286 1755 3568 1808 minueret.

2039 1841 2142 1894 Sed
2173 1857 2238 1895 eo
2272 1842 2536 1896 inﬁrmius
2566 1843 2684 1912 ejus
2716 1852 2796 1899 est
2831 1854 3221 1916 argumentum.
3271 1843 3409 1912 quod
3465 1852 3572 1896 tor-

2037 1942 2216 1985 menta
2245 1931 2466 1999 plurima
2499 1935 2645 2000 prius
2672 1948 2861 2001 passus
2888 1943 3025 1988 esset
3057 1933 3382 2000 Pamphilus.
3415 1948 3570 2001 quam

2038 2023 2332 2088 scriberet;
2366 2023 2604 2089 adeoque
2639 2022 2749 2089 jam
2781 2033 2905 2078 tunc
2933 2039 3057 2078 vere
3088 2032 3203 2078 erat
3233 2033 3456 2093 martyr,
3484 2039 3570 2078 se-

2037 2110 2264 2164 cundum
2296 2110 2564 2180 vulgarem
2594 2112 2708 2180 ejus
2737 2114 2989 2181 temporis
3033 2113 3280 2180 loquendi
3333 2115 3567 2168 moduni.

2035 2198 2358 2271 Hieronymo
2422 2209 2597 2256 autem
2651 2201 2729 2257 sic
2781 2203 3067 2272 respondet
3121 2201 3343 2258 Ruﬁnus
3378 2191 3569 2259 fumi.

2036 2288 2127 2345 lib.
2157 2305 2195 2343 ιι
2223 2307 2237 2342 :
2263 2306 2284 2341 ι
2319 2289 2376 2343 Si
2406 2288 2458 2344 in
2494 2299 2699 2344 tantum
2726 2291 2942 2346 volebas
2969 2291 3258 2356 audere,ut
3284 2301 3568 2364 martyrem

2035 2379 2476 2448 reprehenderes,
2511 2380 2649 2435 dicta
2690 2381 2826 2450 ipsa,
2861 2395 2979 2447 quae
3008 2381 3100 2436 tibi
3139 2380 3453 2436 videbantur
3484 2395 3571 2436 re-

2036 2465 2430 2534 prehensibilia,
2459 2467 2512 2520 in
2537 2467 2766 2520 medimn
2803 2465 3037 2535 proferre
3053 2466 3338 2533 debueras;
3366 2475 3420 2522 et
3448 2477 3574 2521 tunc

2037 2553 2405 2622 unusquisque
2434 2553 2717 2622 legentium
2732 2555 2947 2610 vidisset
2970 2556 3096 2624 quid
3123 2555 3192 2609 ibi
3217 2563 3357 2610 esset
3384 2556 3570 2610 absur-

2035 2641 2181 2702 dum,
2235 2641 2362 2709 quid
2415 2655 2772 2709 consequens,
2807 2642 2933 2710 quid
2972 2643 3239 2711 iniquum,
3271 2643 3397 2711 quid
3425 2652 3571 2697 certe

2031 2739 2217 2785 contra
2251 2730 2571 2798 apostolicus
2599 2731 2807 2799 regulas
2835 2748 2849 2783 :
2879 2732 2970 2786 sed
2998 2739 3200 2784 tantum
3234 2731 3416 2786 nescio
3445 2733 3570 2801 quid

2037 2819 2346 2887 impietatis,
2379 2834 2474 2889 pro
2515 2835 2642 2889 quo,
2673 2827 2730 2872 ut
2753 2819 2907 2882 dicis.
2957 2821 3221 2889 expiando
3260 2822 3567 2890 sanguinem

2037 2926 2188 2964 suum
2220 2909 2418 2964 fuderit
2444 2921 2670 2980 martyr.
2693 2909 2805 2979 Ipsa
2837 2909 2924 2962 illa
2960 2912 3117 2964 verba
3156 2912 3200 2964 si
3231 2909 3568 2981 legeret,jam

2036 3013 2140 3052 non
2169 3007 2280 3064 tua,
2305 2999 2398 3054 sed
2429 3013 2524 3053 sua
2570 2999 2862 3063 sententia,
2888 3008 2978 3051 aut
3009 3013 3222 3054 errasse
3253 3011 3564 3068 martyrem,

2037 3093 2132 3139 aut
2165 3085 2379 3140 nomine
2403 3087 2655 3155 martyris
2673 3085 2957 3138 absurdam
2985 3096 3040 3139 et
3071 3085 3286 3150 impiam
3331 3085 3568 3139 conseri-

333 3191 496 3231 nem
529 3185 698 3230 natus
723 3176 796 3228 sit
823 3174 994 3229 Filius
1022 3192 1036 3226 :
1060 3173 1199 3242 quod
1217 3173 1582 3241 inseparabilis
1607 3174 1676 3227 sit
1699 3174 1932 3230 aPatre:
1963 3215 2004 3270 Ο
2041 3177 2276 3244 ptionem
2319 3177 2386 3230 ab
2438 3175 2545 3228 alio
2595 3176 2798 3230 diceret
2840 3191 2959 3229 esse
2985 3173 3356 3242 compositam.
3421 3174 3571 3227 Nunc

336 3268 518 3336 quod
553 3267 753 3320 eadem
785 3266 860 3318 sit
891 3263 1370 3318 inconvertibilitas
1393 3263 1589 3327 Patris,
1617 3275 1672 3318 et
1713 3263 1852 3328 Filii,
1886 3277 1939 3319 et

339 3357 617 3425 Spiritus
655 3355 835 3409 sancti
874 3372 889 3408 :
927 3353 1067 3422 quod
1099 3353 1235 3406 sicut
1266 3352 1424 3406 Pater
1454 3353 1600 3406 novit
1645 3353 1792 3406 initia
1825 3368 1939 3406 om-

346 3448 527 3502 nium
565 3455 625 3501 et
662 3447 828 3509 lines,
859 3445 942 3499 sic
963 3453 1016 3497 et
1043 3443 1229 3505 Filius,
1256 3444 1334 3497 sic
1352 3453 1406 3496 et
1432 3442 1661 3510 Spiritus
1690 3454 1934 3498 sanctus:

343 3539 516 3607 quod
539 3553 611 3592 ex
645 3537 761 3590 Deo
788 3535 949 3587 Patre
983 3542 1136 3586 natus
1157 3534 1224 3585 sit
1250 3532 1437 3598 Filius,
1463 3547 1528 3586 ac
1545 3534 1700 3588 unius
1723 3543 1774 3588 et
1793 3532 1936 3600 ejus-

343 3633 488 3684 dem
525 3642 660 3682 cum
712 3626 878 3680 Patre
925 3623 1272 3688 substantiae;
1327 3623 1534 3677 alienus
1579 3639 1704 3679 vero
1755 3639 1783 3678 a
1811 3625 1928 3678 sub-

350 3721 593 3776 stantiis
635 3727 1042 3778 creaturarum,
1089 3733 1108 3765 ι
1145 3724 1274 3778 etc.,
1306 3729 1426 3782 quae
1461 3729 1494 3768 e
1522 3715 1784 3769 diametro
1827 3715 1937 3770 hae-

357 3809 476 3864 resi
538 3808 772 3861 Arianae
825 3802 1222 3857 adversantur?
1285 3802 1415 3866 Quis
1463 3802 1567 3856 sibi
1621 3803 1940 3872 persuadeat

353 3913 518 3961 eum,
550 3896 688 3948 dum
743 3891 1160 3963 praeclarissima
1207 3889 1299 3943 illa
1343 3887 1586 3957 Origenis
1635 3890 1936 3946 testimonia

353 3993 710 4055 excerperet
739 3983 883 4036 unde
923 3981 1157 4033 Arianus
1190 3993 1341 4032 error
1383 3979 1708 4045 confoditur,
1738 3981 1935 4034 Ariana

353 4080 504 4150 ipsis
529 4073 865 4132 infersisse?
891 4072 950 4126 4°
991 4070 1188 4124 lnvicte
1226 4070 1560 4124 demonstrat
1596 4071 1939 4127 doctissimus

360 4178 568 4224 noster
589 4167 831 4220 domnus
870 4159 1199 4215 Prudentius
1227 4157 1409 4212 Maran
1438 4159 1490 4212 in
1519 4173 1614 4213 suo
1642 4159 1717 4213 De
1747 4161 1936 4214 diuini-

361 4270 478 4312 tate
537 4254 745 4311 Christi
787 4252 882 4306 lib.
934 4265 1008 4310 tv.
1050 4263 1169 4317 cap.
1221 4248 1405 4312 ιιι-16,
1463 4257 1519 4300 et
1557 4247 1684 4304 alibi
1715 4250 1936 4317 passim,

361 4351 596 4406 Arianae
627 4342 830 4400 haeresi
875 4340 1176 4394 nullatenus
1203 4337 1380 4394 favere
1411 4337 1692 4405 Origenem
1722 4339 1822 4411 (ι),
1844 4341 1936 4394 sed

361 4455 399 4495 e
425 4436 722 4496 contrario
771 4432 1090 4500 scriptorem
1137 4428 1460 4483 catholicum
1504 4430 1936 4498 acerrimumque

2035 3279 2164 3318 vero
2203 3261 2378 3319 sciens
2407 3265 2531 3333 quia
2565 3264 2607 3319 si
2661 3265 2907 3333 lcgantur
2937 3279 2998 3319 ea
3037 3279 3154 3334 quis
3201 3264 3565 3332 reprehendis,

2037 3362 2162 3407 nota
2210 3353 2601 3421 retorquebitur
2642 3353 2692 3406 in
2743 3369 2862 3408 eum
2915 3353 3004 3422 qui
3048 3353 3226 3422 culpat
3257 3354 3468 3422 injuste,
3505 3367 3568 3406 ea

2037 3441 2248 3510 quidem
2277 3456 2395 3510 qua;
2426 3443 2771 3509 reprehendis
2824 3459 2926 3496 non
2973 3442 3198 3511 profers.
3234 3461 3252 3492 ι
3287 3444 3348 3495 Ει
3396 3443 3567 3511 reipsa

2037 3530 2170 3586 nihil
2201 3528 2299 3583 nisi
2326 3531 2619 3599 generatim
2659 3532 2881 3600 protulit
2912 3525 3265 3601 Hieronymus
3315 3532 3569 3583 adversus

2037 3623 2175 3676 hanc
2212 3622 2536 3691 Apologiam.
2582 3620 2692 3675 lmo
2744 3621 3067 3689 promiserat
3113 3620 3207 3674 lib.
3239 3635 3277 3674 ιι
3325 3621 3566 3673 adamas

2038 3709 2302 3778 Ruﬁnum,
2327 3725 2386 3764 se
2410 3710 2461 3763 in
2500 3710 2842 3779 sequentibus
2876 3720 3060 3762 contra
3117 3707 3282 3776 ipsam
3330 3707 3564 3774 scriptu~

2038 3815 2174 3864 rum,
2193 3799 2238 3853 si
2265 3799 2495 3854 dictandi
2522 3799 2748 3868 spatium
2769 3807 2930 3861 esset,
2963 3813 3060 3852 nec
3076 3806 3247 3850 tamen
3285 3798 3566 3864 quidquam

2035 3889 2312 3958 scripsisse
2368 3889 2630 3952 novimus,
2686 3889 2926 3957 quamvis
2964 3888 3137 3956 plures
3177 3903 3342 3941 annos
3385 3895 3566 3954 postea

2036 3979 2245 4032 vixerit.

2105 4066 2189 4120 Vl.
2218 4067 2321 4122 Sed
2349 4076 2526 4120 tamen
2558 4076 2616 4118 ut
2647 4067 3024 4138 Hieronymum
3052 4082 3169 4121 cum
3213 4068 3390 4137 seipso
3441 4084 3570 4122 con-

2035 4154 2230 4220 ciliem,
2254 4170 2358 4208 non
2387 4155 2591 4209 inﬁcias
2622 4155 2772 4208 ierim
2796 4157 2962 4209 videri
2989 4157 3202 4224 quidem
3229 4157 3564 4225 Pamphilum

2037 4254 2089 4298 et
2112 4243 2394 4299 Eusebium
2429 4244 2482 4298 in
2522 4244 2822 4312 Defousione
2855 4243 2942 4297 illa
2974 4247 3212 4310 quaedam
3242 4247 3480 4299 attulisse
3501 4262 3566 4300 ex

2036 4332 2265 4404 Origene
2286 4333 2611 4396 testimonia,
2628 4333 2823 4402 quibus
2845 4333 3048 4388 voculas
3069 4344 3122 4388 et
3146 4335 3284 4388 dicta
3315 4336 3565 4389 nonnulla

2037 4424 2258 4477 admista
2289 4432 2503 4489 essent,
2539 4437 2657 4492 quae
2684 4421 2967 4478 catholicis
3009 4423 3228 4478 auribus
3261 4423 3566 4494 Hieronymi

364 4525 517 4580 sacri
541 4525 615 4579 de
649 4519 929 4574 Trinitate
955 4517 1216 4588 dogmatis
1239 4517 1576 4572 defensorem
1609 4518 1800 4572 haberi
1841 4517 1936 4571 de-
1964 4520 2010 4578 D
2034 4523 2189 4569 aetate
2217 4513 2392 4568 minus
2423 4513 2760 4583 placuerunt,
2797 4523 2979 4584 utpote
3009 4513 3074 4568 ab
3104 4513 3316 4568 Arianis
3365 4523 3472 4565 tmu
3502 4515 3566 4565 ad

369 4617 542 4681 bere;
577 4623 638 4669 et
692 4625 816 4680 quae
864 4609 1216 4676 objiciuntur,
1247 4618 1340 4660 aut
1370 4607 1491 4661 ﬁcta
1543 4622 1665 4662 esse
1688 4615 1741 4660 et
1776 4607 1842 4660 ab
1869 4620 1934 4661 eo

365 4703 583 4768 aliena,
621 4711 724 4755 aut
755 4699 952 4766 partim
991 4695 1458 4766 przcclarissimam
1491 4694 1690 4749 habere
1718 4704 1934 4749 senten-

369 4792 532 4859 tiam,
559 4793 609 4846 si
646 4799 801 4844 recte
834 4785 1223 4854 interpreteris,
1263 4783 1456 4852 partim
1489 4799 1592 4836 non
1639 4783 1934 4839 incommo-

367 4881 526 4944 dam,
557 4880 605 4934 si
657 4892 786 4932 cum
837 4873 956 4927 aliis
997 4872 1114 4942 ejus
1167 4870 1441 4941 principiis
1485 4881 1609 4940 apte
1655 4873 1932 4929 concilies.

366 4968 668 5034 Quomodo
717 4963 888 5031 igitur
927 4959 1186 5015 Eusebius
1232 4962 1284 5014 in
1332 4961 1796 5028 praestantissimis
1828 4961 1935 5016 illis

367 5057 755 5118 eontextibus,
787 5052 979 5120 quibus
1013 5050 1260 5120 Origenis
1312 5051 1608 5105 doctrinam
1642 5047 1708 5103 ab
1735 5055 1934 5106 Ariana

370 5146 499 5202 labe
525 5145 797 5206 vindicat,
833 5139 1130 5208 approbare
1154 5139 1414 5204 potuisset
1443 5139 1614 5207 ipsum
1651 5138 1931 5209 Origenem

373 5238 546 5292 fuisse
587 5231 899 5290 Arianum?
948 5228 1097 5294 Quas
1134 5227 1486 5296 blasphemias
1523 5226 1847 5294 infersisset,
1887 5230 1932 5284 si

375 5328 512 5382 nihil
544 5327 620 5382 sit
650 5325 705 5378 in
736 5321 967 5390 Origene
983 5318 1126 5385 quod
1160 5317 1224 5370 ad
1254 5318 1494 5371 haeresim
1515 5319 1773 5374 Arianam
1796 5323 1932 5379 trahi

379 5417 573 5471 merito
598 5411 804 5483 queat?
827 5409 1096 5464 Caeterum
1132 5405 1272 5472 dato,
1315 5421 1414 5459 non
1446 5417 1613 5462 autem
1641 5423 1931 5476 concesso,

386 5502 794 5575 Apologeticum
823 5497 1066 5550 libellum
1101 5494 1197 5548 sub
1230 5493 1438 5547 nomine
1464 5494 1720 5566 Pamphili
1759 5498 1934 5576 altu-

385 5591 492 5650 ειιο
513 5593 741 5656 editum,
770 5588 976 5643 Ariauo
998 5596 1208 5636 veneno
1228 5581 1280 5636 in
1304 5591 1438 5637 textu
1451 5583 1619 5645 Grieco
1656 5576 1935 5644 infectum

2036 4605 2278 4658 hatresim
2309 4619 2459 4658 suam
2498 4607 2887 4673 propagandam
2919 4613 3209 4674 usurpata:
3240 4619 3373 4673 quas
3406 4601 3567 4656 vocu-

2034 4692 2147 4759 las,
2173 4692 2257 4747 vel
2285 4707 2402 4760 qua:
2441 4693 2576 4746 dicta
2623 4702 2904 4762 propterea
2953 4694 3247 4748 resecuisse
3291 4689 3499 4745 videtur
3540 4706 3565 4743 ι
3644 4713 3648 4718 -

2035 4797 2129 4837 sua
2156 4783 2397 4837 versione
2420 4780 2662 4845 Ruﬁnus,
2680 4791 2738 4835 et
2766 4783 3077 4851 quibusdam
3109 4783 3321 4844 additis,
3344 4782 3563 4850 quibus-

2036 4872 2158 4926 dam
2202 4871 2454 4926 detractis
2493 4872 2776 4933 emollisse.
2811 4881 2867 4924 ιιι
2914 4870 3227 4926 catholicam
3269 4871 3562 4922 doctrinam

2035 4960 2213 5014 verbis
2242 4959 2397 5029 plane
2441 4961 2718 5014 catholicis
2751 4961 3003 5014 traderet.
3039 4957 3189 5025 Quod
3222 4959 3441 5012 inuncre
3488 4958 3564 5010 vi-

2037 5049 2190 5104 detur
2221 5049 2333 5117 ipse
2366 5049 2590 5104 Ruﬁnus
2613 5090 2628 5115 ,
2661 5065 2779 5104 cum
2816 5053 2865 5103 in
2901 5051 3109 5120 epilogo
3153 5051 3217 5102 ad
3262 5047 3565 5101 translatiu-

2035 5154 2154 5193 nem
2183 5154 2333 5194 suam
2359 5141 2423 5193 ad
2445 5141 2738 5204 Macarium
2773 5141 2846 5194 ait
2876 5156 2934 5195 se
2970 5160 2988 5192 ι
3024 5139 3410 5208 Apologeticum
3439 5153 3563 5189 san-

2035 5230 2105 5284 cti
2142 5231 2385 5300 martyris
2425 5229 2681 5297 Pamphili
2708 5271 2722 5294 ,
2751 5241 2905 5298 prout
2940 5233 3142 5296 potuit,
3169 5229 3252 5283 vel
3285 5244 3365 5280 res
3393 5241 3560 5306 popof

2034 5318 2156 5384 scit,
2197 5319 2382 5373 Latino
2413 5335 2656 5374 sermone
2681 5323 2990 5388 digessisse.
3025 5340 3044 5372 ι
3079 5315 3384 5386 Hujusmodi
3420 5328 3556 5367 rese-

2035 5409 2224 5463 ctionis
2295 5409 2584 5463 etiamnum
2661 5411 2936 5478 vestigium
3007 5415 3199 5460 exstat.
3251 5399 3577 5467 Pamphilus,

2037 5501 2190 5570 hujus
2201 5500 2462 5571 Apologia!
2477 5491 2592 5570 cap.
2613 5505 2664 5566 4,
2688 5499 2758 5554 De
2774 5499 2968 5568 Spiritu
2984 5505 3175 5553 sancio,
3202 5487 3558 5542 testimonium

2039 5570 2304 5647 adducite
2331 5570 2447 5661 cap.
2479 5590 2513 5644 δ
2579 5589 2695 5644 libri
2725 5583 2942 5654 ι,Περὶ
2985 5579 3215 5651 ἀρχῶν,
3256 5574 3404 5641 cujus
3449 5570 3561 5629 fra-

450 5769 530 5843 (ι)
573 5765 707 5824 Vide
735 5760 874 5818 infra
906 5763 1074 5810 notas
1111 5754 1164 5810 in
1195 5755 1467 5827 Origenian.
1487 5759 1561 5821 lib.
1583 5781 1656 5834 ιι,
1701 5777 1846 5833 cap.
1873 5761 1929 5832 2,
1956 5770 2137 5833 quast.
2168 5763 2221 5816 2.
