3916 6430
420 399 518 456 531

1491 359 1494 361 Α
1580 385 1637 440 s.
1677 384 1998 439 PAMPHILI
2036 379 2381 436 MARTYRIS

419 507 936 586 gmentumGrmcum
971 504 1184 558 exhibet
1203 503 1492 569 Imperator
1518 499 1848 556 Justinianus
1877 501 1942 554 ad
1975 507 2016 562 Α
2045 499 2135 553 lib.
2161 515 2176 551 ι
2218 498 2422 550 advers.
2445 493 2701 586 Rufinum
2730 488 2818 544 bis
2839 483 3046 586 ver-bis
3079 498 3156 586 ε.
3199 474 3754 586 iisii-

419 602 614 655 calcem
641 594 872 664 epistolae
897 593 961 645 ad
998 591 1227 652 Menam,
1252 590 1390 658 quod
1423 604 1524 642 non
1557 604 1738 657 parum
1765 590 1946 643 crimi-

418 697 609 742 nantur
633 684 747 751 ipse
774 681 1107 735 Justinianns
1128 721 1143 743 ,
1174 679 1497 732 Athanasius
1539 678 1592 731 in
1620 677 1811 732 Matth.
1843 693 1942 742 xu,

413 777 513 842 32;
546 772 866 840 Theophilus
889 772 939 825 in
971 772 1117 837 epist.
1151 777 1174 824 t
1210 769 1476 838 paschali:
1512 768 1860 837 Hieronymus
1892 769 1942 821 in

413 865 568 932 epist.
621 864 686 916 ad
735 861 945 914 Avitum
971 900 988 926 ,
1034 871 1088 914 et
1131 860 1353 913 Photius
1388 859 1632 911 Biblioth.
1679 860 1797 916 cod.
1825 874 1940 914 vm.

411 951 487 1005 En
521 947 612 1002 tibi
653 949 876 1016 ipsamet
911 948 1068 1000 verba
1096 963 1110 1000 :
1143 948 1263 1000 Ὅτι
1289 949 1317 1000 ὁ
1349 948 1447 1017 μὲν
1479 945 1608 1008 Θεὸς
1634 946 1725 998 καὶ
1757 947 1944 1016 Πατὴρ

409 1040 641 1109 συνέχων
666 1038 734 1090 τὰ
764 1039 936 1091 πάντα
960 1036 1145 1105 φθάνει
1171 1039 1249 1099 εἰς
1279 1037 1501 1089 ἕκαστον
1524 1035 1827 1096 τῶνόντων,
1853 1053 1946 1104 με·

405 1115 643 1193 nausea;
661 1129 874 1198 ἑκάστῳ
889 1129 996 1181 ἀπὸ
1015 1126 1105 1180 τοῦ
1133 1127 1260 1180 ἰδίου
1282 1128 1341 1179 τὸ
1362 1123 1498 1180 εἶναι
1517 1141 1530 1154 ·
1557 1124 1632 1178 ὢν
1651 1126 1756 1195 γάρ
1778 1127 1939 1177 ἐστιν.

419 1221 676 1275 Ἑλάττων
703 1219 758 1271 δὲ
780 1220 912 1290 πρὸς
937 1219 1026 1270 τὸν
1047 1219 1258 1288 Πατέρα
1279 1219 1307 1270 ὁ
1327 1216 1450 1278 Υἱὸς
1466 1215 1677 1284 φθάνων
1699 1215 1790 1267 ἐπὶ
1811 1214 1944 1284 μόνα

403 1307 473 1364 τὰ
519 1310 736 1378 λογικά·
766 1308 1009 1380 δεύτερος
1060 1309 1166 1379 γάρ
1204 1309 1317 1360 ἐστι
1350 1305 1441 1358 τοῦ
1486 1305 1693 1376 Πατρός
1717 1321 1730 1334 ·
1772 1303 1850 1356 ἔτι
1888 1305 1944 1357 δὲ

403 1396 562 1472 ἦττον
593 1400 652 1452 τὸ
679 1399 896 1468 Πνεῦμα
927 1399 988 1450 τὸ
1033 1399 1182 1466 ἆγιον
1225 1397 1315 1450 ἐπὶ
1363 1396 1551 1466 μόνους
1593 1397 1716 1457 τοὺς
1759 1394 1943 1461 ἁγίους

403 1489 786 1562 διικνούμενον.
805 1491 962 1542 Ὥστε
987 1487 1123 1541 κατὰ
1147 1487 1298 1538 τοῦτο
1328 1485 1522 1555 μείζων
1548 1487 1580 1556 ή
1607 1485 1825 1554 δύναμις
1850 1483 1942 1536 τοῦ

403 1579 612 1652 Πατρὸς
655 1579 802 1650 παρὰ
840 1578 930 1630 τὸν
980 1577 1104 1630 Υῐδν
1145 1577 1237 1629 καὶ
1280 1575 1338 1628 τὸ
1385 1575 1603 1645 Πνεῦμα
1656 1575 1716 1628 τὸ
1773 1576 1940 1642 ἅγιον.

403 1665 608 1724 msh-iv
639 1666 748 1736 δὲὴ
777 1666 869 1718 τοῦ
897 1664 1021 1718 Υἱοῦ
1051 1664 1197 1734 παρὰ
1224 1664 1282 1716 τὺ
1314 1663 1531 1733 Πνεῦμα
1553 1663 1612 1715 τὸ
1639 1663 1789 1730 ἅγιον
1808 1679 1821 1692 ·
1854 1662 1944 1714 καὶ

405 1756 564 1810 πάλιν
585 1757 906 1826 διαφέρουσα
935 1755 1128 1825 μᾶλλον
1157 1754 1246 1806 τοῦ
1272 1754 1421 1822 ἁγίου
1451 1753 1758 1824 Πνεύματος
1789 1755 1823 1824 ἡ
1849 1753 1941 1806 δύ-

2045 589 2237 643 nioniis
2264 584 2632 647 commutatis,
2653 595 2779 651 qua:
2805 577 3048 634 sciebas
3081 567 3500 640 displicitura
3539 565 3754 619 Roma-

2041 860 2107 913 ad
2137 854 2544 911 Pammachium
2578 863 2633 907 et
2661 851 2984 906 Oceanum.
3019 844 3156 899 lmo
3196 843 3309 895 vix
3352 839 3756 894 continerese

2041 959 2214 1020 potest
2239 947 2290 1001 in
2334 946 2435 1000 hac
2468 945 2660 998 eadem
2691 939 2932 1011 epistola
2957 979 2975 1004 ,
3016 936 3175 1006 quin
3218 931 3306 986 ab
3338 929 3468 985 alio
3497 927 3758 1020 quolibet

2041 1019 2304 1108 Scriptore
2330 1051 2490 1104 quam
2527 1033 2809 1098 Eusebio,
2845 1029 3088 1083 scilicet
3142 1023 3250 1077 vel
3307 1021 3618 1089 Didymo.
3666 1019 3754 1074 vel

2040 1130 2269 1199 ipsemet
2318 1126 2555 1189 Rufino,
2605 1132 2780 1177 totum
2822 1121 2984 1175 hunc
3033 1117 3276 1170 librum
3341 1111 3518 1166 dicat
3575 1108 3755 1165 fuisse

2041 1219 2415 1288 compositum.
2454 1236 2473 1267 ι
2508 1212 2932 1279 Porro,inquit,
2970 1207 3136 1278 quod
3181 1201 3594 1273 Pamphilum
3625 1216 3754 1270 pro-

2040 1311 2221 1366 ferunt
2245 1309 2581 1363 laudatorem
2613 1304 2735 1372 ejus
2768 1300 3099 1374 (Origenis)
3125 1337 3145 1362 ,
3195 1296 3453 1366 gratias
3495 1293 3617 1350 illis
3650 1307 3752 1364 ago

2039 1415 2160 1455 meo
2191 1399 2406 1454 nomine
2430 1437 2445 1462 ,
2474 1397 2621 1466 quod
2655 1395 2886 1465 dignum
2940 1407 3040 1446 me
3092 1396 3552 1458 putaverunt,
3583 1401 3751 1455 quem
3796 1398 3798 1402 '

2039 1503 2160 1542 cum
2188 1497 2426 1556 martyre
2461 1485 2971 1540 calumniarentur.
3015 1480 3080 1535 Si
3115 1480 3305 1534 enim
3357 1477 3441 1530 ab
3497 1475 3753 1533 inimicis

2039 1578 2286 1648 Origenis
2311 1578 2478 1632 libros
2512 1577 2632 1641 ejus
2665 1575 2853 1630 (licitis
2882 1589 3022 1629 esse
3063 1571 3360 1626 violatos
3399 1580 3470 1623 ut
3506 1570 3754 1625 infame.

2040 1678 2246 1732 rentur,
2277 1683 2445 1735 quare
2477 1668 2606 1720 mihi
2639 1681 2747 1720 non
2778 1665 2955 1720 liceat
2992 1665 3222 1718 dicere
3261 1661 3346 1716 ab
3375 1661 3602 1726 amicis
3631 1661 3752 1730 ejus

2039 1767 2089 1814 et
2122 1757 2490 1812 sectatoribus
2521 1756 2894 1824 compositum
2928 1769 3070 1808 esse
3103 1753 3236 1808 sub
3289 1751 3556 1806 nomine
3586 1752 3753 1806 Pam-

403 1863 563 1916 ναμις
592 1847 738 1924 παρὰ
773 1845 840 1898 τὰ
866 1845 996 1900 ἄλλα
1025 1844 1174 1914 ἅγια.
1208 1863 1226 1896 ι
1264 1844 1412 1911 Quod
1453 1843 1594 1898 Deus
1633 1843 1842 1912 quidem
1887 1854 1941 1898 et

2207 1846 2481 1912 volumen,
2517 1846 2662 1914 quod
2695 1845 2849 1899 illum
2905 1844 3290 1899 testimonio
3345 1843 3648 1914 martyris
3681 1843 3749 1899 ab

403 1932 564 1988 Pater
595 1936 770 1992 omnia
803 1945 1082 1988 continens
1111 1936 1176 1988 ad
1218 1948 1647 2002 unumquemque
1677 1933 1933 2000 pervenit,

402 2038 520 2077 esse
565 2025 846 2090 unicuique
897 2024 1204 2090 impertiens
1236 2024 1301 2076 de
1346 2037 1480 2076 suo:
1523 2022 1633 2089 ipse
1678 2023 1818 2075 enim
1856 2031 1938 2075 est

401 2113 488 2180 qui
523 2122 623 2169 est.
654 2113 804 2180 Quod
846 2129 970 2169 vero
1020 2123 1212 2182 przeter
1245 2111 1460 2165 Patrem
1511 2111 1673 2164 Filius
1716 2112 1783 2164 ad
1825 2109 1935 2164 sola

403 2204 734 2258 rationabilis
767 2205 1041 2272 pervenit,
1071 2214 1151 2257 est
1188 2203 1328 2257 enim
1369 2203 1632 2256 secundus
1676 2216 1705 2254 a
1736 2201 1931 2256 Patre:

392 2293 572 2360 adhuc
603 2304 780 2348 autem
831 2297 1003 2348 minor
1044 2295 1274 2364 Spiritus
1311 2306 1528 2348 sanctus
1559 2295 1624 2346 ad
1649 2293 1789 2346 solos
1815 2307 1934 2344 san-

397 2390 516 2437 ctos
539 2384 812 2453 pertingit.
841 2383 918 2437 Ita
950 2400 1013 2438 ex
1047 2385 1144 2438 hoc
1173 2384 1340 2452 major
1359 2393 1439 2437 est
1474 2391 1707 2452 potestas
1735 2382 1929 2444 Patris,

397 2486 555 2539 qnam
577 2472 696 2527 Filii
719 2482 773 2527 et
805 2473 1036 2540 Spiritus
1063 2473 1255 2528 sancti.
1281 2475 1520 2542 Amplior
1545 2476 1671 2527 item
1699 2483 1934 2541 potestas

395 2561 518 2616 Filii
570 2577 680 2630 prae
732 2562 930 2632 Spiritu
977 2573 1205 2628 sancto;
1250 2579 1312 2616 ac
1366 2579 1550 2616 rursus
1595 2561 1934 2632 prmstantior

396 2654 564 2708 sancti
610 2654 844 2725 Spiritus
886 2655 1093 2720 virtus,
1144 2669 1304 2722 quam
1351 2655 1574 2708 aliorum
1622 2662 1929 2706 sanctorum

393 2744 616 2802 entium.
647 2763 666 2795 ι
707 2743 862 2809 Haec,
897 2745 1142 2814 quamvis
1187 2745 1489 2798 duriuscula
1534 2745 1703 2811 prima
1756 2741 1931 2796 fronte

394 2831 695 2894 videantur,
719 2832 762 2884 si
784 2837 906 2899 quis
934 2843 1110 2886 tamen
1141 2831 1205 2886 ad
1238 2841 1467 2886 mentem
1493 2832 1667 2901 potius
1689 2830 1932 2897 Origenis

393 2937 554 2993 quant
583 2922 647 2975 ad
670 2921 828 2975 verba
860 2923 1163 2988 attenderit,
1190 2936 1378 2976 sanum
1408 2923 1666 2992 recipient
1694 2935 1928 2980 sensum,

391 3019 445 3071 et
495 3010 562 3065 ab
609 3011 832 3084 ipsomet
876 3011 1070 3064 lluetio
1122 3021 1446 3067 excusantur
1501 3009 1929 3079 Origenianorum

393 3101 483 3160 lib.
533 3115 592 3160 ll,
623 3114 738 3167 cap.
775 3099 840 3163 2,
875 3111 1062 3170 quzest.
1095 3101 1156 3165 9.,
1195 3117 1342 3154 num.
1368 3101 1435 3153 ‘27
1465 3110 1519 3153 et
1562 3099 1648 3152 28.
1680 3099 1755 3153 Ibi
1787 3099 1926 3150 enim

390 3156 588 3258 agitur:
609 3156 919 3242 de'ratione
957 3156 1239 3257 principii,
1269 3189 1432 3243 fontis
1467 3200 1522 3243 et
1551 3188 1792 3257 originis.
1825 3188 1928 3242 Sed
1955 3156 1996 3212 C

389 3293 451 3331 ea
476 3277 722 3348 Rufinus,
741 3279 867 3345 quia
889 3293 982 3332 sna
1007 3289 1162 3332 aetate
1195 3279 1366 3331 minus
1388 3278 1688 3347 placebant,
1712 3279 1931 3346 quibus-

389 3367 509 3420 dam
558 3369 788 3432 additis,
837 3368 1152 3437 quibusdam
1198 3369 1452 3430 resectis,
1501 3368 1572 3420 ita
1624 3376 1678 3420 et
1724 3369 1774 3420 in
1831 3370 1928 3422 hac

387 3459 641 3528 Apologia
661 3499 677 3521 .
702 3471 754 3513 ct
777 3461 832 3514 in
863 3459 1000 3513 libro
1031 3474 1044 3513 ι
1070 3458 1208 3529 Περὶ
1233 3457 1430 3527 ἀρχῶν
1455 3458 1708 3513 emollivit
1738 3473 1752 3509 :
1777 3477 1794 3510 ι
1830 3460 1928 3512 Ar-

394 3546 563 3598 bitror
587 3547 747 3614 igitur
776 3547 1136 3615 operationem
1165 3547 1375 3614 quidem
1407 3562 1522 3601 esse
1548 3546 1722 3602 Patris
1752 3557 1803 3601 et
1834 3548 1924 3601 Fi-

388 3636 444 3690 lii
477 3647 580 3689 tam
610 3638 663 3690 in
695 3638 896 3693 sanctis
917 3651 1074 3705 quam
1099 3637 1149 3689 in
1180 3639 1584 3707 peccatoribus;
1611 3639 1663 3691 in
1693 3639 1925 3692 rationa-

394 3725 589 3784 liilibus
614 3726 918 3783 hominibus
939 3767 956 3792 ,
988 3735 1041 3781 et
1073 3726 1123 3779 in
1161 3727 1320 3780 nmtis
1351 3727 1707 3792 animalibus;
1737 3729 1826 3782 sed
1871 3738 1925 3781 et

385 3815 440 3868 in
486 3815 567 3868 his
603 3830 724 3883 quae
773 3815 1016 3868 exanima
1050 3824 1210 3879 sunt,
1237 3824 1292 3868 et
1333 3815 1384 3868 in
1429 3817 1678 3870 omnibus
1706 3818 1922 3874 omnino

384 3921 502 3974 quat
527 3915 685 3960 sunt:
710 3907 1071 3972 operationem
1105 3918 1231 3958 vero
1261 3905 1492 3973 Spiritus
1524 3907 1694 3960 sancti
1723 3922 1923 3976 nequa-

383 4011 542 4064 quam
571 4009 789 4056 prorsus
824 3995 1056 4048 incidere
1085 3994 1164 4048 vel
1198 3994 1248 4046 in
1274 4009 1336 4049 ea
1367 4011 1484 4064 quae
1505 3995 1748 4052 exanima
1774 4008 1916 4063 sunt,

382 4084 467 4138 vel
494 4086 544 4138 in
586 4100 648 4138 ea
678 4101 796 4154 quae
830 4085 1120 4141 animantia
1159 4086 1375 4153 quidem
1402 4125 1419 4149 ,
1447 4087 1538 4140 sed
1586 4098 1729 4148 muta
1759 4100 1916 4143 sunt:

381 4176 476 4234 sed
498 4190 564 4228 ne
598 4176 648 4228 in
679 4177 782 4230 illis
807 4176 1019 4246 quidem
1057 4176 1285 4230 inveniri
1313 4178 1404 4244 qui
1431 4178 1772 4233 rationabiles
1795 4181 1916 4248 qui~

382 4267 500 4318 dem
552 4274 706 4327 sunt,
755 4266 846 4322 sed
891 4266 943 4318 in
979 4265 1178 4318 malitia
1221 4267 1421 4336 positi,
1460 4281 1562 4321 nec
1601 4268 1817 4322 omnino
1850 4271 1916 4324 ad

382 4348 602 4401 meliora
635 4352 900 4404 conversi.
938 4351 992 4405 in
1029 4351 1132 4405 illis
1167 4362 1340 4407 autem
1371 4353 1497 4408 solis
1540 4355 1772 4409 arbitror
1798 4371 1915 4411 esse

2039 1935 2252 1989 infamia
2290 1934 2630 1988 vindicaret?
2655 1935 2796 1989 Ecce
2839 1949 2940 1989 vos
2967 1933 3345 1988 emendatis
3380 1933 3445 1986 in
3479 1932 3751 2002 Origenis

2035 2021 2186 2075 libris
2215 2022 2354 2090 quod
2403 2021 2491 2073 ille
2540 2037 2648 2074 non
2683 2021 2956 2090 scripsit;
3006 2029 3068 2074 et
3107 2020 3459 2074 miramini
3513 2021 3566 2074 si
3621 2024 3751 2078 edat

2035 2110 2224 2178 aliquis
2254 2111 2474 2173 librum,
2504 2127 2666 2179 quem
2686 2111 2810 2175 ,ille
2849 2127 2966 2166 non
3019 2113 3229 2166 edidit
3253 2113 3282 2166 ?
3317 2113 3453 2167 Vos
3501 2114 3562 2167 in
3596 2115 3749 2169 edito

2034 2215 2195 2267 opere
2226 2204 2446 2269 potestis
2482 2203 2732 2272 redargui
2761 2221 2777 2257 :
2817 2202 2913 2256 ille
2945 2202 3049 2270 qui
3090 2203 3270 2256 nihil
3331 2204 3510 2258 aliud
3543 2206 3745 2272 edidit,

2035 2289 2241 2343 facilius
2267 2299 2410 2357 patet
2459 2291 2771 2344 calumniae.
2820 2290 2966 2344 Date
2996 2293 3351 2360 quodlibet
3389 2293 3563 2349 aliud
3605 2311 3747 2364 opus

2033 2379 2316 2449 Pamphili.
2345 2379 2617 2449 Nusquam
2648 2382 2972 2450 reperietis.
3006 2381 3143 2439 Hoc
3185 2401 3398 2439 unum
3426 2397 3550 2441 est.
3585 2386 3745 2441 Unde

2032 2469 2194 2538 igitur
2225 2469 2412 2532 sciam,
2438 2472 2580 2537 quod
2613 2470 2885 2540 Pamphili
2916 2473 3046 2527 sit?
3097 2473 3434 2531 Videlicet
3471 2477 3665 2548 stylus
3689 2487 3744 2532 et

2031 2559 2196 2611 saliva
2226 2561 2420 2613 docere
2470 2575 2554 2613 me
2591 2562 2844 2627 poterit?
2876 2563 3211 2633 Nunquam
3275 2567 3548 2622 credam
3591 2571 3740 2638 quod

2031 2649 2218 2703 doctus
2243 2649 2326 2702 vir
2363 2651 2564 2720 primos
2601 2651 2804 2719 ingenii
2852 2653 2939 2707 sui
2993 2653 3254 2712 fructus
3292 2660 3742 2726 quastionibus

2030 2748 2084 2792 et
2107 2737 2336 2791 infamia:
2363 2739 2666 2792 dedicarit.
2701 2779 2717 2794 .
2753 2781 2766 2796 .
2802 2741 2990 2797 Unum
3038 2761 3213 2801 nunc
3253 2749 3617 2816 proferam,
3647 2753 3740 2807 cui

2033 2829 2402 2883 contradicere
2428 2830 2509 2882 vel
2559 2831 2710 2886 stulti
2747 2834 2820 2885 sit
2848 2871 2864 2897 ,
2894 2834 2987 2888 vel
3028 2835 3473 2906 impudentis.
3515 2839 3637 2898 Sex
3669 2843 3740 2898 li-

2029 2918 2246 2972 brorum
2279 2919 2492 2972 Eusebii
2530 2935 2696 2989 super
2739 2921 3003 2993 Origem’s
3061 2926 3462 2997 Defensione
3515 2935 3738 3004 princi-

2029 3008 2173 3076 pium
2209 3023 2374 3077 usque
2427 3011 2495 3063 ad
2549 3011 2696 3066 mille
2720 3027 2920 3070 versus
2973 3015 3134 3073 liber
3200 3021 3360 3088 iste,
3407 3027 3518 3095 qui
3564 3025 3736 3082 Pam-

2029 3096 2156 3191 phili
2206 3097 2437 3191 dicitur,
2495 3103 2777 3166 continet,
2827 3113 2886 3158 et
2937 3107 2997 3160 in
3061 3110 3344 3182 reliquis
3396 3115 3732 3191 (versibus)

2030 3187 2262 3278 scriptor
2287 3189 2522 3257 ejusdem
2559 3195 2741 3260 operis
2786 3197 3006 3264 profert
3043 3204 3433 3262 testimonia
3458 3250 3477 3274 ,
3519 3187 3734 3278 quibus

2030 3276 2216 3329 nititur
2243 3282 2539 3346 approbare
2574 3282 2876 3350 Origenem
2907 3286 3107 3345 fuisse
3148 3276 3585 3354 catholicum.
3627 3303 3734 3356 Eu-

2027 3365 2205 3420 sebius
2235 3380 2291 3421 et
2330 3367 2646 3439 Pamphilus
2681 3384 2894 3431 tantam
2937 3379 3104 3435 inter
3140 3400 3216 3440 se
3251 3387 3558 3447 habuere
3589 3408 3732 3448 con-

2027 3455 2288 3544 cordiam,
2325 3469 2382 3510 ut
2410 3459 2567 3515 unius
2595 3463 2790 3517 anima:
2817 3465 3097 3525 homines
3129 3485 3354 3544 putes,
3399 3490 3467 3536 et
3508 3485 3588 3538 ab
3617 3499 3732 3538 uno

2027 3543 2159 3596 alter
2207 3559 2397 3599 nomen
2449 3554 2744 3619 acceperit.
2787 3553 3100 3620 Quomodo
3171 3566 3386 3633 igitur
3444 3572 3617 3629 inter
3670 3589 3733 3630 se

2025 3635 2309 3733 dissentire
2342 3648 2652 3706 potuerunt,
2687 3654 2746 3697 ut
2779 3645 3070 3705 Eusebius
3111 3654 3174 3709 in
3209 3667 3350 3715 toto
3385 3677 3587 3733 opere
3625 3683 3731 3724 suo

2023 3722 2306 3822 purigenem
2346 3726 2533 3822 Ariani
2582 3733 2775 3798 probet
2827 3735 3178 3810 dogmatis,
3231 3758 3298 3803 et
3353 3722 3730 3822 Pamphilus

2022 3813 2248 3867 Nicaanaa
2276 3816 2458 3883 synodi
2489 3857 2505 3882 ,
2542 3835 2660 3885 qna:
2689 3823 2793 3875 fuit
2835 3837 3040 3893 postea
3076 3872 3092 3896 ,
3137 3813 3613 3900 defensorem?
3642 3848 3726 3902 Ex

2022 3918 2128 3972 quo
2155 3907 2454 3959 ostenditur
2484 3909 2568 3962 vel
2613 3911 2870 3981 Didymi,
2911 3919 3004 3972 vel
3067 3925 3425 3992 cujuslibet
3467 3935 3727 3994 alterius

2021 4007 2140 4046 esse
2165 3999 2610 4066 opusculum,qui
2635 4015 2728 4054 sex
2756 4003 3035 4063 librorum
3063 4016 3269 4082 capite
3305 4021 3722 4096 detruncata,

2017 4097 2209 4140 caatera
2241 4087 2480 4141 membra
2517 4093 2759 4147 sociarit.
2795 4113 2815 4145 ›
2858 4095 3083 4155 Verum
3119 4106 3236 4161 sibi
3302 4127 3439 4167 non
3479 4087 3726 4174 οοηειιξ

2017 4175 2385 4245 Hieronymus.
2413 4177 2543 4231 Nam
2579 4184 2922 4238 contrarium
2949 4195 3204 4250 omnino
3235 4211 3344 4254 διε
3359 4207 3489 4261 mn
3533 4209 3646 4264 lib.
3675 4227 3719 4265 η

2017 4266 2260 4319 adversus
2306 4266 2572 4334 Ruﬁnum,
2628 4271 2719 4324 ubi
2779 4283 3032 4333 testatur
3095 4287 3378 4354 primum
3441 4298 3720 4357 Eusebii

2016 4360 2209 4414 librum
2259 4362 2446 4413 eadem
2482 4369 2535 4414 et
2565 4362 2756 4418 iisdem
2799 4369 2998 4427 verbis
3043 4351 3380 4440 continere
3420 4351 3718 4458 quasi

378 4450 512 4542 Opus
537 4436 767 4542 Spiritus
790 4442 988 4542 sancti,
1130 4441 1245 4542 jam
1269 4457 1326 4542 se
1351 4443 1426 4542 adl
1445 4444 1662 4542 meliora
1691 4461 1914 4499 conver-
1943 4486 1990 4542 Β
2019 4449 2233 4503 nomine
2271 4450 2533 4517 Pamphili
2571 4467 2600 4504 a
2635 4452 2836 4510 Ruﬁno
2870 4461 3033 4518 edita
3072 4436 3376 4536 suntin.

385 4535 519 4586 tnnt.
552 4536 605 4580 et
632 4542 730 4595 per
757 4528 867 4582 vias
893 4529 1016 4584 Jesu
1047 4531 1246 4587 Christi
1273 4534 1546 4596 incedunt,
1586 4535 1634 4587 id
1672 4543 1788 4600 est,
1821 4539 1909 4605 qui

380 4625 503 4670 sunt
527 4615 579 4668 in
613 4618 760 4671 novis
790 4619 993 4672 actibus
1024 4621 1325 4686 incedentes
1350 4663 1365 4686 ,
1389 4633 1442 4676 et
1487 4625 1538 4682 in
1571 4623 1678 4677 Deo
1703 4629 1914 4694 permai-

381 4713 589 4760 nentes.
626 4722 645 4754 ι
677 4702 777 4756 Vix
803 4705 1016 4760 dubium
1045 4720 1126 4762 est
1153 4712 1279 4784 quin
1312 4713 1376 4764 ad
1422 4712 1560 4764 hunc
1580 4720 1911 4776 contextum,

377 4803 433 4848 et
477 4793 544 4846 ad
589 4807 788 4861 paucos
823 4799 1078 4862 quosdam
1121 4797 1351 4853 fortasse
1384 4801 1585 4854 similes
1624 4803 1913 4857 attenderit

376 4881 734 4952 Hieronymus
757 4923 772 4951 ,
808 4898 927 4937 cum
960 4886 1036 4939 ait
1083 4887 1326 4942 Rufinum
1357 4889 1638 4958 plerasque
1669 4891 1912 4962 blasphe-

375 4967 535 5030 mias,
571 4983 691 5036 quae
737 4969 800 5022 de
853 4969 987 5024 Filio
1033 4983 1086 5026 et
1127 4975 1322 5042 Spiritu
1364 4988 1548 5036 sancto
1599 4980 1648 5032 in
1697 4981 1910 5036 Eusebii

378 5065 522 5110 textu
553 5059 952 5124 comparebant,
979 5059 1288 5125 detraxisse,
1323 5072 1376 5117 et
1411 5067 1460 5118 in
1485 5067 1675 5121 bonam
1705 5081 1908 5138 partem

372 5156 753 5200 commutasse.
784 5145 1027 5205 Forsitan
1064 5150 1208 5204 dicas
1240 5152 1351 5205 fieri
1395 5170 1548 5222 posse
1576 5168 1628 5210 ut
1657 5158 1906 5233 Pamphi-

373 5235 457 5288 lus
482 5244 537 5290 et
566 5235 852 5300 Eusebius,
885 5237 1118 5290 nondum
1166 5242 1543 5307 quaestionibus
1594 5248 1660 5302 de
1691 5248 1824 5303 Filio
1857 5259 1910 5304 et

375 5326 576 5394 Spiritu
603 5338 790 5381 sancto
823 5336 1098 5396 tantopere
1127 5344 1221 5382 sua
1251 5341 1407 5385 aetate
1432 5336 1644 5402 agitatis
1667 5377 1682 5402 ,
1710 5339 1907 5394 clario-

375 5429 462 5469 res
480 5417 947 5486 expressioresque
974 5416 1220 5486 Origenis
1247 5420 1312 5474 de
1335 5419 1597 5482 Trinitate
1630 5437 1906 5485 contextus

375 5517 478 5555 non
509 5509 857 5573 extraxerint,
895 5523 1118 5576 quorum
1156 5511 1272 5563 loco
1297 5512 1429 5565 alios
1453 5520 1761 5583 expressius
1783 5537 1905 5576 cou-

375 5593 870 5653 substantialitatem
899 5602 1184 5668 probantes
1205 5600 1428 5656 Ruﬁnus
1457 5602 1591 5660 forte
1615 5610 1905 5666 substitue-

379 5676 466 5734 tit.
487 5679 657 5753 Atque
686 5687 737 5741 id
771 5689 984 5765 quidem
1030 5692 1268 5757 indicare
1307 5691 1514 5750 videtur
1547 5693 1905 5773 ilieronymus

2014 4556 2202 4596 sensus
2248 4543 2505 4596 duntaxat
2542 4546 2610 4600 de
2651 4548 2790 4602 Filio
2839 4564 2897 4606 et
2943 4556 3180 4625 Spiritu
3215 4577 3455 4624 sancto
3486 4573 3717 4628 immu-

2014 4644 2158 4728 tasse
2212 4647 2306 4728 seu
2352 4636 2720 4728 pervertisse,
2753 4642 2848 4708 qui
2903 4658 3179 4712 apertam
3232 4655 3710 4728 blasphelnian.

2011 4716 2383 4822 Ρτπίθξθδθηίο
2415 4739 2432 4770 ⁸
2473 4720 2942 4822 αξξερῑευείιιιο)
2999 4716 3431 4812 deprehendi:
3475 4716 3710 4822 inquit,

2004 4817 2035 4853 ·«
2065 4807 2204 4912 quod
2263 4809 2467 4910 primus
2504 4809 2641 4912 liber
2676 4829 2770 4912 sex
2815 4820 3190 4884 voluminum
3243 4807 3515 4894 Ense-bii

2010 4899 2279 4992 essen-qui
2307 4915 2444 4953 unus
2467 4903 2809 4992 sub_nomine
2853 4909 3151 4984 Pamphili
3183 4937 3218 4976 a
3253 4934 3310 4980 te
3345 4929 3575 4988 editus
3600 4899 3708 4992 ἐει

2013 4993 2118 5078 tam
2151 4985 2336 5041 Graece
2367 5004 2527 5057 quam
2571 4990 2784 5060 Latine,
2821 4997 3158 5064 immutatis
3194 4985 3704 5078 duntaxatiﬁse'r;

2011 5076 2160 5173 sibus
2190 5077 2256 5173 de
2290 5078 2424 5133 Filio
2451 5089 2509 5173 et
2547 5080 2754 5150 Spiritu
2791 5103 3019 5159 sancto,
3071 5102 3173 5168 qui
3217 5117 3514 5173 apertam
3567 5076 3703 5170 bla-

2007 5165 2300 5261 sphemiam
2331 5169 2688 5261 prteferebant
2707 5211 2725 5227 .
2746 5217 2761 5230 .
2787 5216 2802 5230 .
2833 5177 2905 5234 Et
2931 5199 3064 5240 cum
3089 5165 3327 5259 primus
3363 5165 3544 5257 liber
3569 5165 3697 5261 se:

2005 5257 2336 5353 voluminum
2377 5259 2521 5353 illius
2543 5261 2808 5336 (Eusebii)
2858 5275 3064 5330 eadem
3097 5257 3162 5334 et
3206 5284 3445 5344 iisdem
3483 5257 3697 5353 verbis

2007 5345 2276 5399 contineat
2301 5347 2541 5441 quarsub
2588 5355 2816 5409 nomine
2853 5357 3136 5434 Pamphili
3172 5386 3204 5423 a
3241 5383 3303 5428 te
3340 5379 3506 5436 ticta

2009 5451 2374 5540 .ﬂipcumqnc
2407 5438 2472 5493 de
2517 5440 2620 5495 hoc
2650 5442 2770 5540 ipso
2801 5446 2951 5506 libro
2971 5492 2986 5517 ,
3023 5472 3193 5524 quem
3225 5460 3573 5540 Pamphili
3605 5438 3693 5531 si:

2005 5521 2203 5623 mulas,
2225 5525 2392 5623 multa
2424 5533 2780 5600 perverteris,
2814 5547 2872 5591 et
2901 5521 3070 5597 aliter
3103 5545 3158 5600 in
3188 5521 3690 5623 (imagini-iter

2004 5612 2057 5664 in
2088 5612 2279 5710 Latino
2307 5617 2379 5670 sit
2398 5656 2427 5710 ,Δ
2455 5634 2473 5668 ι
2494 5628 2614 5710 etc.
2661 5622 2872 5682 Sensus
2905 5632 3183 5691 duntaxat
3223 5640 3326 5696 ait

2007 5703 2346 5783 pervertisse,
2376 5706 2633 5766 nimirum
2669 5716 2896 5775 verbula
2923 5726 3206 5796 quaedam,
3242 5745 3416 5804 qua:
3455 5703 3689 5800 ιπεὲξῖ-
