3916 6452
153 453 244 520 533
1214 469 1548 533 Apowcnt
1583 463 1720 526 PRO
1756 474 2076 536 omnem.
2117 506 2184 516 -
2217 473 2550 531 MONITUM.

3371 482 3479 540 εει

139 561 381 661 lyr/2's
407 556 678 661 iit-malam
722 568 994 661 lienem
1045 589 1356 657 trahebat,
1383 584 1696 661 quihusdam
1728 591 1825 645 ad-
1855 597 1900 652 Α
1931 592 2112 654 nolim,
2149 591 2289 660 quod
2335 599 2460 645 ante
2486 598 2540 644 et
2576 595 2695 658 post
2727 587 3010 642 conCiliﬂm
3058 587 3326 646 Νδοωηυιη
3364 609 3475 651 ἐισι

131 641 1066 767 άίιὶᾆξηξιξξξξδὶίξ.ξξῗξξιῖετ
1108 678 1190 730 ad
1235 641 1424 736 bonam
1456 679 1823 745 convertisse;

124 753 290 823 "of
335 738 552 804 ἠιεετοε
580 743 892 796 contentis
943 758 1348 823 subtraxisse
1376 779 1430 822 et
1468 769 1598 822 alios
1626 738 1822 822 substi:

142 825 363 931 teuffe-
396 827 460 880 El
484 827 626 931 bal“:
657 829 1218 931 θεεεξιῖρτοηγῐηί
1252 871 1478 916 mentem
1509 861 1825 931 intelligitur

173 912 460 1021 exve-,1"
494 912 1146 1021 ααυεηξιιβυιεηαηλ
1185 912 1485 1006 signa
1509 912 1823 1021 sissis;

177 1019 250 1078 vel
280 1006 581 1110 βυθηξως
617 1009 708 1065 νεὶ
738 1013 935 1110 alin“)
979 1006 1199 1091 nescio
1221 1053 1377 1107 quem
1412 1042 1463 1093 in
1487 1006 1677 1094 bonain
1708 1006 1828 1110 par:

186 1118 273 1160 ιοω
300 1107 426 1152 tam
454 1094 655 1152 Gmce
685 1115 866 1170 quam
898 1106 1141 1174 Latine
1176 1094 1454 1193 plerasque
1474 1094 1829 1193 blasphemias

169 1195 772 1284 com‘flmassegfluae
823 1195 891 1252 in
946 1203 1202 1266 Eusebii
1236 1221 1382 1268 textu
1428 1219 1823 1284 comparebant.

147 1281 348 1375 Md
395 1291 504 1333 non
552 1279 713 1336 aliud
761 1286 1087 1356 Signiﬁcat
1145 1315 1304 1371 quam
1352 1319 1471 1372 qua:
1520 1279 1827 1375 blasphema

133 1374 542 1455 \h'w’olwmo
561 1374 956 1449 Videbm‘m".
985 1389 1114 1445 solo
1141 1393 1423 1448 verborum
1446 1409 1604 1448 sensu
1637 1374 1830 1450 immu-

166 1495 308 1538 ων
333 1501 350 1528 ,
389 1463 458 1517 ad
498 1465 872 1526 catholicum
908 1489 1147 1534 sensum
1174 1482 1480 1539 adduxisse.
1525 1486 1655 1541 Rem
1685 1489 1826 1542 enim

195 1570 456 1634 mquuam
505 1556 564 1611 in
605 1557 823 1616 bonam
872 1579 1101 1636 partem
1135 1584 1498 1638 commutare,
1543 1587 1624 1631 est
1660 1579 1826 1646 ipsam

207 1672 338 1711 ωτι
351 1648 584 1718 demque
623 1665 774 1717 rem,
806 1671 940 1725 quae
984 1662 1126 1714 mala
1157 1663 1237 1716 vel
1265 1673 1400 1729 erat,
1436 1666 1514 1718 vel
1539 1681 1654 1720 esse
1684 1668 1830 1722 vide-

218 1749 416 1803 batur,
438 1742 508 1794 ad
533 1741 754 1797 bonum
789 1761 1148 1807 convertere.
1175 1751 1278 1806 Res
1307 1754 1489 1808 eadem
1513 1769 1824 1824 permanet;

230 1844 411 1889 status
432 1833 509 1885 rei
543 1849 661 1888 non
696 1835 880 1892 idem.

1937 683 2128 737 tholice
2159 683 2358 735 dictum
2390 691 2510 746 est;
2546 680 2686 749 quod
2723 679 3470 751 TheophilusAntiochenus,

1933 773 2072 839 quod
2103 770 2372 838 Justinus,
2417 771 2558 839 quod
2589 770 2840 833 lrenmus,
2879 770 3017 837 quod
3062 767 3363 828 Orientales
3409 777 3469 829 in

1931 865 2178 932 exemplo
2223 865 2342 917 ﬁdei
2395 871 2576 915 contra
2607 860 2919 926 Photinum,
2947 861 3198 930 quodque
3229 860 3468 919 Hilarius

1931 966 1985 1010 et
2005 954 2328 1010 Athanasius
2355 953 2566 1006 Arianae
2598 953 2816 1005 haeresis
2849 952 3098 1005 acerrimi
3127 951 3468 1022 impugnata-

1934 1059 2040 1109 res,
2073 1059 2136 1098 eo
2160 1058 2318 1098 sensu
2349 1057 2454 1110 quo
2481 1041 2761 1110 Origenes,
2786 1041 3052 1104 dixerunt,
3076 1048 3135 1094 ut
3163 1039 3298 1094 infra
3319 1041 3468 1096 vide-

1934 1135 2106 1187 bimus
2134 1133 2184 1185 in
2215 1132 2522 1200 Origenian.
2553 1129 2648 1183 lib.
2681 1145 2740 1195 tt,
2767 1143 2884 1198 cap.
2932 1130 2988 1190 2,
3017 1139 3206 1198 qumst.
3229 1129 3284 1193 2,
3317 1145 3464 1185 num.

1934 1225 2019 1279 14.
2043 1224 2192 1289 Quod
2221 1232 2396 1275 autem
2419 1221 2493 1273 ait
2522 1220 2896 1289 Hieronymus,
2921 1218 3178 1288 Spiritum
3221 1231 3464 1276 sanctum

1935 1313 1986 1366 in
2009 1327 2072 1367 eo
2110 1311 2380 1364 volumine
2411 1325 2514 1364 non
2553 1310 2618 1363 de
2653 1309 2843 1362 eadem
2870 1306 3050 1362 Patris
3087 1308 3312 1378 Filiique
3339 1312 3466 1366 sub-

1932 1403 2120 1460 stantia
2146 1400 2272 1461 dici,
2297 1400 2348 1454 id
2378 1413 2633 1467 nusquam
2671 1397 2828 1451 hodie
2858 1396 3138 1464 reperitur,
3168 1411 3264 1452 nec
3291 1407 3465 1452 tamen

1935 1488 2054 1543 inde
2097 1489 2516 1543 concludendum
2575 1502 2717 1549 reor,
2769 1488 3214 1555 quemadmodum
3247 1487 3468 1556 coniicit

1935 1577 2152 1631 Huetius
2181 1578 2279 1646 (5),
2309 1592 2372 1632 ea
2408 1577 2574 1631 fuisse
2607 1593 2634 1629 a
2681 1576 2872 1629 Rufino
2899 1591 3070 1642 erasa,
3105 1591 3212 1645 quo
3255 1593 3466 1632 omnem

1932 1667 2172 1735 quaerela:
2195 1681 2378 1721 ansam
2408 1666 2740 1736 praesideret.
2775 1663 3017 1733 Nunquid
3049 1666 3190 1719 enim
3221 1665 3464 1729 Ruﬁnus,

1931 1756 2020 1825 qui
2075 1757 2128 1810 in
2165 1756 2254 1810 illo
2301 1757 2415 1825 ipso
2461 1756 2596 1810 libro
2640 1755 2884 1824 religiose
2930 1755 3229 1822 proﬁtetur,
3262 1770 3285 1805 r
3324 1757 3467 1822 quod

1933 1850 2112 1900 saneta
2165 1845 2399 1900 Trinitas
2442 1856 2710 1900 coaeterna
2775 1845 2868 1909 sit,
2915 1853 2971 1898 et
3030 1845 3188 1898 unius
3239 1853 3466 1906 naturae,

313 1920 424 1975 VII.
452 1919 564 1975 Sed
597 1927 851 1980 necdum
879 1928 968 1982 his
997 1939 1282 1985 contentus
1309 1947 1426 2001 quae
1450 1948 1607 2002 supra
1633 1935 1828 2004 objecit
1862 1929 1901 1981 Β
1928 1936 2188 2002 uniusque
2222 1935 2437 1988 virtutis
2458 1944 2509 1988 et
2539 1934 2882 1998 substantiae,
2931 1950 2957 1983 ι
2997 1941 3156 1998 atque
3185 1931 3340 1986 aliter
3371 1932 3468 1986 do-

251 2013 614 2083 Hieronymus
672 2018 745 2070 ad
801 2018 1112 2088 Apologiam
1167 2021 1308 2076 hanc
1360 2034 1544 2085 sancto
1606 2031 1828 2096 martyri

243 2099 525 2170 Pamphilo
542 2104 1008 2177 abjudicandam,
1030 2110 1221 2164 iterum
1253 2111 1420 2167 instat
1440 2113 1531 2167 lib.
1558 2129 1594 2166 ιι
1624 2115 1826 2170 advers.

239 2191 492 2262 Ruﬁnum
549 2199 648 2254 his
690 2201 924 2254 verbis:
965 2217 984 2251 ι
1020 2201 1274 2267 Quamvis
1316 2204 1382 2258 de
1427 2204 1641 2259 Eusebii
1691 2206 1830 2262 libro

244 2285 408 2338 multa
441 2287 837 2352 subtraxerit,
873 2299 928 2344 et
963 2291 1016 2343 in
1049 2291 1243 2344 bonam
1269 2301 1472 2358 partem
1509 2293 1573 2346 de
1603 2291 1740 2347 Filio
1778 2302 1833 2346 et

237 2377 308 2428 de
339 2375 558 2444 Spiritu
588 2390 796 2433 sancto
821 2381 972 2434 uisus
1001 2380 1072 2434 sit
1100 2391 1447 2444 commutare,
1468 2391 1641 2436 tamen
1668 2383 1830 2437 multa

236 2465 292 2518 in
331 2466 421 2519 illo
447 2469 745 2523 scandala
779 2469 1122 2538 reperiuntur
1144 2481 1197 2526 et
1228 2473 1571 2540 apertissima:
1589 2472 1833 2540 blasphe-

238 2556 384 2620 miae,
419 2571 564 2625 qum
622 2558 734 2612 iste
786 2573 886 2612 sua
936 2575 1134 2630 negare
1183 2577 1287 2615 non
1323 2563 1540 2630 poterit,
1570 2564 1832 2616 catholica

233 2662 365 2701 esse
407 2648 833 2715 pronuntians.
885 2647 1026 2702 Dicit
1059 2651 1334 2715 Eusebius,
1372 2651 1498 2713 imo,
1543 2661 1598 2703 ut
1642 2659 1696 2702 tu
1727 2651 1830 2713 vis,

232 2737 581 2806 Pamphilus
647 2739 704 2791 in
760 2740 865 2793 isto
905 2740 1174 2794 volumine
1222 2739 1412 2794 Filium
1457 2740 1631 2795 Patris
1673 2743 1832 2795 mini-

228 2836 448 2894 strum;
488 2829 788 2896 Spiritum
827 2840 1072 2883 sanctum
1098 2845 1200 2882 non
1227 2830 1292 2883 de
1324 2831 1510 2884 eadem
1541 2829 1712 2884 Patris
1740 2830 1831 2884 Fi-

229 2917 404 2986 liique
441 2919 821 2984 substantia;
857 2922 1066 2975 animas
1094 2921 1366 2974 hominum
1413 2920 1585 2987 lapsas
1623 2935 1742 2974 esse
1767 2923 1832 2974 de

229 3011 400 3074 calo,
423 3021 488 3065 et
522 3013 589 3064 in
623 3013 730 3065 hoc
762 3012 909 3079 quod
949 3026 1134 3065 sumus
1177 3010 1244 3064 de
1272 3010 1474 3079 angelis
1497 3011 1829 3075 commutati,

225 3101 286 3154 in
313 3102 697 3156 restitutione
718 3101 963 3155 omnium
987 3101 1216 3169 aequales
1235 3110 1288 3155 et
1309 3101 1544 3170 angelos,
1572 3102 1833 3156 etdazmo-

230 3205 360 3257 nes,
392 3203 449 3246 et
487 3192 766 3246 homines
797 3192 937 3255 fore,
969 3200 1022 3244 et
1053 3192 1154 3244 alia
1181 3200 1285 3244 tam
1333 3191 1494 3258 impia
1527 3198 1578 3246 et
1609 3190 1829 3253 nefaria,

1928 2029 2066 2083 centi
2099 2027 2378 2081 anathema
2400 2025 2696 2088 denuntiat,
2729 2024 2861 2077 adeo
2882 2021 3127 2091 stupidus
3143 2034 3262 2076 esse
3293 2020 3468 2090 potuit

1929 2129 1986 2174 ut
2023 2130 2135 2173 tam
2177 2119 2400 2187 spissam
2450 2114 2832 2184 blasphemiam
2879 2112 2931 2164 in
2965 2126 3059 2166 sua
3107 2110 3464 2166 translatione

1930 2219 2170 2278 poneret,
2218 2217 2273 2262 et
2322 2208 2522 2276 absque
2550 2205 2810 2260 monitore
2851 2202 3172 2272 Hieronymo
3203 2217 3308 2258 non
3352 2202 3470 2258 ani-

1931 2299 2330 2354 madverteret?
2364 2297 2581 2360 Deinde,
2620 2296 2678 2350 si-
2703 2310 2820 2350 eam
2851 2309 2882 2348 e
2912 2294 3185 2350 codicibus
3215 2294 3330 2348 suis
3366 2307 3468 2348 ex-

1930 2385 2133 2450 punxit,
2150 2384 2290 2437 unde
2314 2382 2473 2451 igitur
2494 2383 2670 2436 evenit
2684 2391 2742 2434 ut
2757 2381 2956 2434 nullum
2971 2381 3086 2450 ejus
3102 2383 3280 2450 operis
3295 2395 3469 2436 exem-

1931 2472 2044 2540 plar
2061 2473 2215 2526 hodie
2236 2481 2428 2536 exstet,
2452 2472 2503 2524 in
2526 2486 2632 2540 quo
2664 2469 2988 2538 blasphemia
3021 2471 3108 2524 illa
3140 2470 3471 2539 reperiatur?

1929 2561 2060 2614 Nam
2079 2561 2233 2629 longe
2258 2561 2468 2628 lateque
2491 2561 2730 2628 dispersa
2757 2559 2968 2614 fuerant
3005 2561 3298 2614 Ruﬁnianaa
3335 2575 3465 2614 ver-

1929 2651 2094 2704 siouis
2133 2650 2472 2713 exemplaria,
2505 2660 2787 2718 antequam
2817 2650 2941 2702 illud
2982 2649 3241 2717 obiiceret
3269 2651 3461 2705 Hiero-

1931 2737 2297 2807 nymus.Num
2312 2737 2604 2792 verisimile
2633 2747 2715 2791 est
2735 2737 2979 2792 Ruﬁnum
3015 2741 3246 2808 potuisse
3271 2753 3456 2794 omnes

1932 2828 2050 2881 illos
2079 2828 2282 2896 priores
2303 2828 2518 2882 codices
2548 2829 2659 2883 sive
2685 2830 3038 2898 supprimere,
3073 2830 3188 2884 sive
3217 2834 3468 2883 emenda-

1929 2920 2029 2973 re?
2059 2938 2076 2968 ‹
2114 2918 2247 2984 Quid
2284 2919 2444 2986 igitur
2466 2918 2787 2973 dicendum?
2813 2917 2912 2971 Det
2938 2919 3066 2972 mihi
3094 2919 3260 2973 lector
3281 2934 3465 2987 aequus

1929 3009 2261 3075 conjectandi
2288 3013 2518 3073 veniam,
2546 3009 2716 3077 inquit
2754 3008 2940 3062 Bullus
2968 3008 3291 3074 Defensionis
3340 3008 3465 3076 ﬁdei

1934 3097 2162 3152 Nicaeum
2209 3102 2271 3152 de
2319 3097 2447 3151 Filii
2490 3097 2570 3162 τῷ
2598 3098 2893 3168 ὀμοουσιῳ
2932 3115 3052 3168 cap.
3088 3101 3142 3162 9,
3189 3115 3332 3152 num.
3371 3100 3464 3153 21.

1934 3189 2238 3256 Pamphilus
2269 3203 2436 3257 prope
2474 3189 2634 3244 ﬁnem
2678 3189 2940 3259 Apologia
2977 3205 3004 3242 a
3042 3191 3232 3244 Ruﬁno
3274 3205 3460 3257 versae,

223 3297 361 3351 qua
389 3285 584 3338 etiam
628 3284 902 3352 replicare
931 3283 1001 3335 sit
1031 3282 1292 3335 criminis.
1335 3299 1352 3331 ι
1386 3281 1581 3334 Verum
1601 3281 1690 3335 hic
1712 3297 1831 3335 sau-
1859 3265 1900 3321 (ἶ
1933 3275 2178 3345 Origenis
2223 3292 2460 3332 errorem
2491 3278 2564 3332 de
2593 3279 2888 3331 animarum
2917 3279 3249 3349 προῦπάρξει
3293 3277 3466 3333 defen-

225 3383 360 3428 ctus
406 3374 630 3427 doctor
681 3373 783 3426 sibi
838 3371 938 3440 ipsi
994 3381 1176 3438 aperte
1235 3372 1562 3424 adversatur.
1602 3371 1831 3423 Tantum

226 3464 386 3517 enim
418 3465 603 3518 abest
645 3473 707 3514 ut
734 3461 970 3530 aliquem
996 3461 1059 3513 de
1103 3459 1362 3514 Trinitate
1403 3475 1640 3514 errorem
1672 3460 1724 3512 in
1769 3475 1831 3514 ea

228 3552 428 3608 Ruﬁni
492 3551 976 3620 interpretatione
1016 3551 1292 3616 repererit,
1348 3559 1405 3602 ut
1442 3549 1770 3617 Pamphilum
1802 3564 1833 3604 e

228 3644 540 3698 contrario
571 3649 800 3695 asserat
830 3640 1060 3694 Nicena:
1095 3640 1304 3707 synodi,
1330 3655 1448 3706 quae
1485 3641 1576 3692 fuit
1625 3651 1830 3708 postea,

232 3749 342 3803 per
373 3749 505 3787 eam
545 3730 776 3785 ostendi
802 3729 1160 3788 defensorem,
1203 3735 1256 3780 et
1299 3727 1420 3779 inde
1462 3728 1740 3781 concludat
1765 3727 1834 3780 ab

229 3824 432 3893 aliquo
462 3825 528 3877 in
549 3820 837 3875 Trinitate
861 3817 1132 3872 catholico
1158 3831 1291 3884 opus
1318 3816 1445 3868 illud
1463 3815 1627 3870 fuisse
1653 3831 1831 3869 emeno

228 3915 458 3969 datum.
483 3911 591 3966 Sic
625 3907 775 3962 enim
814 3906 888 3958 ait
913 3905 1013 3958 sub
1037 3902 1190 3954 ﬁnem
1220 3901 1456 3969 epistola:
1499 3900 1568 3954 65
1589 3901 1652 3953 ad
1679 3899 1834 3952 Pam-

230 4005 539 4059 machiutn
603 4009 665 4053 et
715 3995 990 4051 Oceanum
1032 4012 1045 4046 :
1085 4011 1104 4043 ι
1147 3991 1251 4046 Sex
1304 3992 1568 4046 librorum
1619 3991 1830 4044 Eusebii

227 4109 410 4163 super
451 4089 723 4159 Origenis
776 4084 1092 4154 Defensione
1156 4082 1474 4152 principium
1541 4095 1710 4149 usque
1766 4079 1830 4133 ad

235 4185 399 4238 mille
436 4183 633 4236 ferme
664 4190 857 4230 versus
886 4174 1026 4227 liber
1047 4175 1178 4236 iste,
1208 4171 1296 4240 qui
1331 4171 1594 4239 Pamphili
1619 4171 1832 4232 dicitur,

232 4267 672 4331 continet,etin
690 4262 918 4332 reliquis
937 4261 1169 4328 scriptor
1183 4259 1423 4328 ejusdem
1436 4261 1614 4327 operis
1634 4260 1835 4328 profert

233 4359 587 4415 testimonia
621 4354 824 4422 quibus
849 4350 1036 4404 nititur
1064 4349 1356 4418 approbare
1378 4348 1655 4418 Origenem
1677 4348 1835 4402 fuisse

241 4450 641 4504 catholicum.
678 4442 946 4498 Eusebius
985 4449 1040 4494 et
1071 4438 1374 4508 Pamphilus
1394 4447 1596 4492 tantam
1620 4439 1758 4491 inter
1779 4451 1836 4492 se

235 4541 506 4595 habuere
542 4533 928 4595 concordiam,
948 4540 1005 4584 ut
1021 4530 1376 4584 uniusanimaa
1401 4528 1640 4584 homines
1658 4536 1831 4597 putes,

234 4640 300 4686 et
318 4630 396 4684 ab
409 4643 534 4683 uno
549 4626 700 4680 alter
713 4637 907 4677 nomen
926 4619 1212 4687 acceperit.
1227 4619 1503 4684 Quomodo
1516 4619 1681 4688 igitur
1695 4620 1833 4674 inter

237 4735 308 4775 2e
342 4716 668 4774 dissentire
699 4719 1010 4782 potuerunt,
1068 4717 1124 4762 ut
1156 4709 1417 4762 Eusebius
1447 4710 1499 4761 in
1537 4719 1645 4763 tato
1671 4722 1834 4777 opere

237 4825 354 4865 suo
388 4809 706 4876 Origenem
731 4801 917 4854 Ariani
953 4803 1142 4869 probet
1169 4799 1450 4868 dogmatis,
1481 4808 1535 4851 et
1579 4798 1831 4868 Pamphi-

239 4901 338 4955 lus
363 4899 622 4955 Nicaeum
653 4892 868 4963 synodi,
920 4906 1042 4959 quae
1091 4889 1186 4942 fuit
1215 4900 1419 4957 postea,
1449 4888 1780 4943 defensorem
1806 4889 1831 4942 2

250 4989 336 5042 Ex
378 5002 497 5057 quo
536 4984 849 5039 ostenditur
892 4980 975 5034 vel
1022 4979 1246 5047 Didymi,
1280 4979 1359 5031 vel
1384 4977 1664 5042 cujuslibet
1702 4981 1833 5034 alte-

248 5080 381 5134 rius
423 5089 564 5131 esse
617 5071 956 5139 opusculum,
993 5069 1107 5135 qui,
1133 5081 1227 5120 sex
1258 5066 1513 5119 librorum
1538 5065 1712 5132 capite
1738 5067 1834 5120 de-

244 5174 558 5226 truncato,
613 5173 809 5214 czetera
841 5158 1079 5212 membra
1129 5155 1368 5210 sociarit.
1402 5173 1422 5204 ι
1449 5153 1654 5206 Nullam
1706 5169 1832 5224 ergo

251 5255 532 5311 haeresim
568 5252 627 5306 in
661 5264 724 5303 ea
757 5247 932 5302 Ruﬁni
955 5246 1410 5314 interpretatione,
1441 5243 1640 5296 nullum
1678 5259 1834 5301 scan-

253 5346 482 5410 dalum,
511 5341 791 5396 nullamve
813 5337 1201 5406 blasphemiam
1226 5345 1353 5390 tunc
1383 5334 1679 5402 reperiebat
1708 5335 1834 5392 Hie-

250 5446 565 5504 rouymus.
597 5430 829 5485 Exstant
853 5444 1067 5497 quidem
1090 5441 1195 5481 auo
1224 5423 1521 5479 testimonia
1557 5424 1643 5478 ubi
1667 5424 1835 5484 Filius

253 5524 461 5581 Patris
487 5520 745 5577 minister
770 5519 969 5574 dicitur
999 5535 1015 5571 :
1045 5519 1136 5576 sed
1176 5517 1304 5573 illud
1336 5514 1699 5584 blasphemum
1726 5518 1834 5576 dici

336 5639 393 5671 ⁸³
439 5635 644 5706 Ephes.
670 5647 747 5699 tv,
781 5631 872 5686 30.

338 5790 433 5863 (5)
457 5791 772 5862 ονὸῃεηῑαη.
805 5784 902 5840 lib.
937 5799 996 5852 n,
1019 5793 1196 5854 quaest.
1227 5783 1315 5851 ll,
1346 5795 1486 5842 num.
1516 5782 1596 5839 l6.

1933 3368 2084 3431 deus,
2115 3367 2197 3420 vel
2224 3379 2369 3421 certe
2395 3382 2676 3430 excusans,
2703 3379 2995 3436 contraque
3041 3384 3136 3422 eos
3184 3371 3467 3438 disputans

1933 3453 2022 3520 qui
2056 3453 2353 3506 animarum
2383 3453 2774 3508 traductionem
2819 3457 3195 3519 defenderent,
3229 3456 3335 3510 duo
3366 3457 3465 3511 ho-

1937 3559 2053 3598 rum
2095 3557 2292 3611 genera
2339 3542 2590 3595 describit
2625 3557 2638 3594 :
2671 3541 2897 3598 alterum
2943 3559 3128 3598 eorum
3161 3544 3289 3614 qui,
3343 3560 3463 3598 cum

1931 3632 2135 3685 animas
2158 3630 2429 3684 hominum
2455 3644 2521 3684 ex
2555 3633 2772 3686 traduce
2796 3645 2916 3687 esse
2932 3634 3207 3697 docerent,
3240 3633 3462 3702 primani

1935 3729 2108 3774 tamen
2144 3722 2373 3774 animam
2395 3733 2459 3774 ex
2491 3720 2582 3774 Dei
2603 3735 2723 3774 esse
2747 3722 3044 3775 substantia
3072 3721 3421 3777 defenderent
3445 3738 3478 3785 ςι-

1933 3823 2118 3863 eorum
2150 3810 2393 3875 alterum,
2427 3811 2517 3880 qui
2570 3825 2634 3864 ex
2697 3809 2870 3864 nihilo
2900 3812 3092 3865 factam
3119 3827 3235 3868 esse
3287 3828 3318 3866 a
3355 3813 3466 3866 Deo

1932 3899 2162 3952 animam
2185 3899 2326 3953 illam
2364 3901 2588 3968 primam
2625 3911 2949 3956 assererem.
2967 3902 3235 3956 Adversus
3258 3904 3466 3971 priores

1935 3988 2010 4040 ita
2040 3987 2258 4041 disserit
2283 3986 2588 4056 Pamphilus
2616 4007 2630 4041 :
2671 4007 2690 4039 ‹
2717 3988 2836 4042 lam
2865 4004 2992 4044 vero
3014 3990 3087 4044 illi
3117 3992 3206 4060 qui
3252 4006 3319 4046 ex
3351 4002 3464 4046 tra-

1932 4078 2069 4130 duce
2085 4077 2290 4130 animas
2321 4077 2508 4131 venire
2535 4077 2818 4140 afﬁrmant,
2853 4089 2908 4132 et
2933 4081 3090 4133 simul
3121 4096 3241 4134 cum
3268 4097 3465 4151 corpo-

1934 4169 2027 4221 rali
2054 4183 2144 4223 eas
2163 4170 2364 4224 semine
2387 4171 2673 4234 seminari;
2705 4171 2984 4238 siquidem,
3012 4183 3069 4226 ut
3089 4173 3300 4242 quidam
3324 4174 3466 4242 ipso-

1933 4272 2046 4310 rum
2066 4254 2328 4312 afﬁrmare
2363 4258 2553 4323 solent,
2574 4275 2675 4312 non
2703 4259 2846 4313 aliud
2871 4261 3301 4315 dicuntauimam
3319 4277 3464 4326 esse,

1932 4361 2088 4415 quam
2124 4346 2530 4414 insulﬁationem
2585 4348 2816 4416 Spiritus
2863 4351 2980 4414 Dei,
3040 4352 3181 4404 illam
3235 4352 3460 4418 scilicet,

1931 4451 2088 4505 quam
2111 4437 2163 4489 in
2189 4437 2336 4490 initio
2360 4437 2575 4491 factura:
2599 4441 2777 4492 mundi
2797 4439 2933 4493 Deus
2962 4440 3467 4497 iusuﬁlnssedicitur

1935 4528 1987 4578 in
2006 4528 2196 4592 Adam,
2233 4529 2298 4582 de
2325 4529 2435 4596 ipsa
2478 4528 2570 4583 Dei
2596 4545 2713 4583 esse
2735 4544 2853 4584 eam
2884 4531 3176 4585 substantia
3212 4534 3466 4602 proﬁten-

1935 4627 2049 4682 tes;
2081 4619 2346 4686 quomodo
2378 4634 2482 4672 non
2503 4629 2557 4673 et
2584 4622 2677 4675 isti-
2711 4623 3030 4675 videbuntur
3071 4624 3464 4691 quodammodo

1933 4707 2046 4761 haec
2077 4720 2272 4776 praeter
2306 4709 2598 4777 Scriptura:
2652 4713 2884 4781 regulam
2920 4724 2973 4768 et
3006 4717 3264 4770 rationem
3295 4718 3464 4786 pieta-

1933 4797 2000 4850 tis
2051 4812 2309 4862 asserere,
2351 4800 2493 4866 quod
2549 4801 2846 4855 substantia
2897 4802 2991 4857 Dei
3027 4805 3147 4858 est?
3183 4824 3201 4856 ι
3239 4805 3336 4858 Vix
3360 4805 3464 4858 du-

1931 4886 2042 4939 bito
2077 4887 2201 4954 quin
2233 4903 2296 4940 ex
2323 4889 2405 4941 his
2442 4891 2617 4943 verbis
2646 4891 2800 4944 istaut
2836 4890 3110 4962 Pamphilo
3143 4893 3462 4948 calumniam

1931 4977 2186 5028 Struxerit
2208 4975 2579 5046 Hieronymus.
2622 4979 2824 5050 Quippe
2854 4997 2974 5036 cum
3007 4993 3242 5037 veterum
3283 4982 3461 5037 multis

1931 5066 2099 5120 sensit
2149 5065 2525 5137 Hieronymus,
2575 5069 2902 5137 spiraculum
2937 5073 3079 5135 vitae,
3127 5073 3268 5140 quod
3319 5071 3456 5126 Deus

1931 5155 2104 5222 primo
2129 5156 2328 5210 homini
2377 5157 2676 5212 insulllasse
2696 5160 2906 5226 dicitur,
2935 5159 3097 5214 fuisse
3139 5161 3308 5228 ipsum
3337 5160 3460 5226 Spi-

1936 5247 2096 5301 ritum
2136 5255 2374 5301 sanctum
2400 5249 2572 5302 eidem
2628 5249 2832 5304 homini
2870 5266 2972 5303 uua
3000 5265 3119 5305 cum
3143 5251 3319 5302 anima
3346 5247 3470 5309 ejus

1937 5335 2187 5392 infusum.
2201 5339 2290 5394 Sic
2305 5341 2354 5394 in
2372 5338 2759 5394 Commentariis
2772 5343 2821 5395 in
2836 5356 2952 5410 cap.
2971 5356 3018 5394 tv
3029 5339 3193 5407 Epist.
3208 5337 3271 5389 ad
3289 5336 3470 5404 Ephe-

1939 5427 2067 5494 sios,
2086 5430 2150 5484 ad
2164 5429 2319 5486 verba
2336 5430 2453 5485 illa:
2475 5450 2492 5481 α
2519 5430 2690 5487 Nolite
2717 5433 3032 5488 contristare
3049 5427 3304 5493 Spiritum
3332 5438 3470 5479 san-

1940 5530 2083 5577 ctum
2125 5523 2180 5578 in
2221 5537 2330 5594 quo
2353 5523 2547 5595 signati
2574 5525 2703 5582 estis
2733 5525 2786 5581 in
2819 5523 2907 5579 die
2939 5511 3315 5584 redemptionis
3337 5511 3413 5582 ⁸⁸,
3447 5531 3470 5566 ι
