3916 6476
113 456 281 596 ἀΰ)
538 593 554 596 _
1206 498 1551 560 APOLOGIA
1587 501 1719 567 rso
1755 499 2073 558 ORIGENE.
2111 529 2182 541 —
2219 492 2556 556 atomum.
3348 505 3456 559 sas

149 579 572 715 Amr?
863 613 1131 715 πλετεξτοιν
1167 619 1368 715 sese
1387 623 1486 715 es”

1925 622 2044 675 dam
2074 633 2170 673 sua
2207 623 2460 670 testatum
2497 616 2725 686 reliquit.
2757 616 2893 682 Quin
2924 615 3224 686 Pamphilus
3237 631 3456 691 martyr,

169 676 552 782 ἱθβκδῖωῖ
592 687 928 782 Ὦριγέγην
971 703 1040 757 τὰ
1068 676 1194 774 περὶ
1228 707 1323 760 τοῦ
1347 676 1562 779 ’ἀνδρὸς
1589 705 1826 777 ἠκριϐῶ-

1926 720 1978 766 et
2000 709 2088 763 alii
2125 721 2250 763 eum
2275 723 2340 762 eo
2363 676 2695 778 plurimi,res
2723 706 2967 776 Origeuis
2995 676 3189 761 ex-illis
3214 676 3454 778 ipsis

198 785 388 885 dare:
417 771 725 885 ξιαδῗήῖιὲι
780 771 1084 864 μαρτυρίῳ
1123 771 1218 848 τοῦ
1269 796 1387 866 βίου
1436 771 1824 867 ἐξεληλυδέναι,

218 869 307 939 ἐστ’
323 869 496 938 “MC
524 869 634 942 τῆς
658 875 1026 951 Καισαρείας
1049 885 1238 938 Δεκίου
1267 887 1364 957 τὴν
1389 886 1526 940 κατά
1551 886 1657 939 τῶν
1693 887 1827 956 Χρι-

251 957 464 1024 στιανῶν
487 959 767 1036 ὠμότητα
799 975 1081 1037 πνέοντος.
1115 977 1178 1028 Ol.
1213 975 1270 1029 δέ
1309 994 1469 1046 φασιν
1509 975 1666 1029 αὐτὸν
1724 975 1828 1038 ἕως

261 1049 448 1110 Γάλλου
465 1054 565 1106 καὶ
592 1054 971 1116 Βολουσιανοῦ
1002 1065 1374 1135 διαρκέσαντα,
1412 1066 1504 1120 καὶ
1546 1064 1828 1134 ἑξηκοστὸν

263 1147 472 1201 ῑννατον
504 1144 627 1209 ἔτος
657 1148 1018 1221 τῆςμὴλικίας
1043 1155 1260 1222 ἄγοντα,
1287 1157 1344 1208 ἐν
1393 1154 1551 1227 Τύρῳ
1596 1155 1690 1208 καὶ
1739 1171 1827 1206 τε·

261 1238 544 1308 λευτῆσαι,
577 1241 676 1293 καλ⁸
717 1247 869 1314 ταφῇ
916 1245 1298 1316 παραδοθῆναι.
1329 1248 1482 1302 Ἐστι
1527 1246 1584 1298 δέ
1635 1243 1828 1315 μᾶλλον

253 1321 412 1390 οὗτος
437 1331 470 1382 ὁ
491 1329 654 1398 λόγος
677 1330 912 1402 ἀληθὴς,
942 1335 996 1387 et
1017 1351 1080 1404 γε
1103 1336 1158 1387 αἱ
1182 1335 1473 1406 φερόμεναι
1505 1333 1666 1387 αὑτοῦ
1695 1331 1829 1403 μετὰ

246 1418 345 1470 τὸν
376 1419 628 1489 διωγμὸν
653 1421 847 1474 Δεκίου
872 1423 1148 1476 ἐπιστολαὶ
1169 1426 1267 1477 οὐκ
1291 1425 1468 1494 ἔχουσι
1491 1424 1551 1476 τὸ
1574 1423 1824 1476 πλαστόν.

245 1508 471 1571 Παντὸς
499 1509 562 1561 δὲ
588 1509 914 1581 μαθήματος
939 1513 1078 1566 ίδέαν
1109 1514 1267 1567 αὐτόν
1295 1531 1424 1583 φασι
1454 1514 1544 1568 καὶ
1562 1513 1828 1584 μετελθεῖν

239 1599 344 1653 καὶ
395 1600 703 1654 διδάσκειν.
752 1602 952 1656 Τοῦτον
995 1603 1171 1658 τοίνυν
1209 1605 1296 1658 τὸν
1331 1605 1622 1676 Ὠριγένην,
1651 1603 1708 1656 ὃν
1735 1602 1828 1656 καὶ

247 1689 637 1759 ’Δδαμάντιον
661 1692 1090 1763 ἐπονομάζεσθαι
1114 1712 1290 1763 φασιν,
1322 1697 1402 1749 ὃτι
1459 1695 1827 1765 ἀδαμαντίνοις

227 1778 478 1849 δεσμοῖς
501 1779 756 1850 ἐῴκεσαν
783 1782 877 1844 οὒς
897 1783 963 1836 ἀν
994 1783 1172 1854 δήσειε
1195 1785 1402 1852 λόγους,
1435 1785 1704 1855 ἀκροατὴν
1735 1784 1828 1835 καὶ

223 1867 502 1938 διάδοχον
537 1869 768 1938 λέγουσι
816 1871 1065 1938 γενέσθαι
1103 1872 1415 1944 Κλήμεντος
1441 1873 1534 1926 τοῦ
1571 1875 1824 1944 Στρωμα-

1927 799 2194 855 hominem
2245 799 2507 862 viderant,
2543 797 2846 851 accuratius
2870 796 3208 864 perscrutati,
3241 806 3459 850 narrant

1925 904 2047 943 eum
2081 887 2278 943 celebri
2303 887 2560 958 martyrio
2589 896 2698 940 tum
2725 888 2831 940 vita
2855 885 3168 949 decessisse,
3197 900 3318 939 cum
3344 885 3458 939 Cte-

1925 993 2090 1034 sareae
2146 977 2337 1031 Decius
2389 993 2537 1032 suam
2592 977 2642 1030 in
2691 977 3018 1030 Christianos
3087 974 3454 1029 crudelitatem

1923 1066 2235 1122 ell‘underet.
2277 1065 2379 1119 Alii
2412 1076 2584 1119 tamen
2614 1064 2794 1119 volunt
2824 1064 2888 1116 ad
2918 1064 3140 1119 Gallicae
3187 1063 3454 1119 Volusiani

1927 1169 2091 1223 usque
2114 1163 2350 1222 tempora
2380 1154 2717 1224 perdurasse,
2747 1163 2803 1207 et
2847 1153 3230 1223 sexagesimum
3263 1166 3456 1208 nonum

1923 1243 2092 1298 aetatis
2114 1257 2310 1296 annum
2339 1249 2584 1310 agentem
2614 1241 2736 1313 Tyri
2776 1250 3064 1304 mortuum,
3089 1242 3141 1294 in
3165 1240 3457 1307 eademque

1924 1332 2055 1386 urbe
2076 1331 2338 1401 sepultum
2371 1331 2468 1401 (8).
2502 1331 2628 1398 Quae
2655 1331 2867 1399 quidem
2899 1332 3073 1386 verior
3101 1330 3332 1384 narratio
3353 1339 3453 1394 est,

1923 1421 1966 1474 si
1996 1421 2150 1476 modo
2172 1435 2438 1490 germanae
2465 1431 2610 1484 sunt,
2632 1437 2753 1490 quae
2770 1422 3034 1484 feruntur,
3059 1419 3296 1489 cpistola:
3317 1419 3456 1473 illius

1925 1520 2044 1581 post
2067 1511 2209 1565 Decii
2239 1511 2658 1579 persecutionem
2692 1511 3026 1578 conscriptae.
3054 1511 3248 1565 Omnes
3280 1518 3454 1565 autem

1922 1600 2138 1654 omnino
2167 1600 2471 1669 disciplinas
2500 1601 2672 1669 ipsum
2700 1611 2751 1654 et
2788 1600 3109 1669 percepisse,
3133 1608 3186 1654 et
3213 1599 3457 1654 docuisse

1924 1688 2117 1742 lerunt.
2150 1688 2303 1744 Hunc
2334 1690 2458 1743 item
2488 1689 2790 1757 Origenem,
2821 1703 2978 1758 quem
3005 1689 3166 1743 etiam
3190 1688 3456 1750 Adaman-

1923 1779 2051 1830 tium
2084 1779 2509 1846 cognominatum
2550 1793 2614 1830 ex
2670 1792 2734 1832 eo
2771 1777 3004 1840 tradunt,
3029 1777 3166 1845 quod
3225 1776 3456 1830 rationes

1922 1882 2054 1936 quas
2075 1867 2370 1934 colligaret,
2397 1867 2752 1921 adamantinis
2802 1866 3116 1936 quibusdam
3143 1866 3291 1935 quasi
3339 1864 3458 1917 vin-

220 1957 411 2021 τέως,
442 1958 544 2012 καὶ
565 1958 666 2012 τοῦ
703 1960 847 2012 κατά
879 1959 976 2030 τὴν
1014 1959 1406 2032 Ἀλεξάνδρειαν
1456 1960 1824 2030 ἐκκλησιαστι-

1925 1957 2054 2011 culis
2112 1971 2216 2010 non
2251 1956 2524 2011 absimiles
2579 1957 2906 2018 viderentur,
2958 1957 3250 2010 auditorem
3293 1956 3457 2009 fuisse

219 2046 352 2101 κοῦ
383 2048 792 2103 διδασκαλείου.
826 2050 1114 2121 Κλήμεντα
1139 2050 1195 2102 δὲ
1249 2049 1540 2103 Πανταίνου
1581 2049 1825 2118 γενέσθαι

216 2137 293 2190 λιι.
303 2154 474 2205 γουσι
500 2138 601 2192 καὶ
625 2139 924 2210 ἀκροατὴν,
948 2139 1041 2194 καὶ
1065 2139 1158 2192 τοῦ
1181 2139 1544 2193 διδασκαλείου
1568 2140 1821 2210 διάδοχον·

216 2228 560 2282 Πάνταινον
585 2228 668 2292 δέ,
717 2227 828 2281 τῶν
867 2245 926 2282 τε
964 2228 1087 2293 τοὺς
1140 2228 1460 2292 ἀποστόλους
1513 2229 1826 2299 ἑωρακότων

215 2318 673 2389 ἀκροάσασθαι,
705 2318 766 2370 οὐ
793 2318 900 2388 μὴν
928 2318 1062 2371 ἀλλὰ
1093 2317 1186 2371 καί
1213 2335 1371 2371 τινων
1398 2319 1571 2371 αὐτῶν
1608 2317 1826 2373 ἐκείνοιν

213 2407 562 2460 διακοῦσαι.
595 2407 713 2469 Τὰς
734 2407 792 2459 δὲ
828 2406 968 2460 κατά
1002 2407 1300 2477 Ὤριγένους
1342 2409 1578 2478 κινήσεις
1623 2408 1826 2461 ἐκεῖθεν

214 2497 506 2565 λέγουσιν
558 2497 861 2568 ἐκρυῆναν
921 2497 1226 2566 Δημήτριος
1260 2497 1655 2568 Ἀλεξανδρείας
1704 2499 1825 2550 ἐπι-

219 2586 470 2650 σκόπει,
500 2586 564 2649 δς
617 2585 902 2656 Ὠριγὲνην
923 2585 989 2638 δι’
1039 2586 1272 2638 ἐπαίνων
1300 2583 1430 2656 εἶχε,
1455 2587 1547 2638 καὶ
1597 2587 1654 2648 ἐς
1701 2588 1824 2651 τοὺς

219 2675 553 2745 φιλτάτους
581 2674 929 2728 συνέταττεν.
981 2674 1120 2726 Ἀλλ’
1161 2675 1434 2746 Ὠριγὲνης
1465 2675 1716 2746 ἀπαίρειν
1746 2677 1826 2740 είς

231 2765 498 2835 Ἀθήνας
521 2763 704 2833 χωρὶς
734 2763 836 2832 τῆς
885 2761 979 2816 τοῦ
1005 2764 1203 2816 οἰκείου
1242 2763 1459 2834 γνώμης
1510 2764 1822 2832 ἐπισκόπου,

218 2855 320 2916 εἰς
359 2851 748 2922 πρεσϐύτερον
784 2851 845 2904 οὑ
885 2851 1002 2904 δέον
1038 2851 1097 2904 ὃν
1145 2851 1539 2917 ἀναϐιϐάζεται.
1577 2853 1650 2922 (7)
1700 2853 1825 2906 Θεό-

219 2960 442 3007 τεκνος
473 2944 521 2996 δ’
553 2939 650 3012 ἦν.
682 2943 713 2994 ὁ
745 2941 889 2994 κατά
920 2943 1250 3013 Καισάρειαν
1275 2942 1370 3013 τὴν
1415 2943 1472 2996 ἐν
1502 2943 1824 3016 Παλαιστίνῃ

220 3033 336 3086 τὸν
389 3032 791 3103 ἀρχιερατικδν
839 3031 1090 3101 χειρίζων
1134 3030 1314 3101 νόμον,
1341 3032 1370 3083 ὁ
1402 3031 1498 3100 τῆς
1529 3031 1825 3102 Ὠριγένους

221 3123 556 3192 αὐτουργὸς
581 3121 944 3193 χειροτονίας,
976 3120 1113 3191 ἔχων
1150 3119 1557 3174 συνευδοκοῦντα
1605 3121 1699 3173 καὶ
1735 3121 1824 3174 τὸν

1921 2046 2204 2101 Clementis
2228 2045 2364 2114 ejus,
2396 2049 2486 2113 qui
2511 2046 2843 2099 Stromateus
2861 2046 3032 2098 dictus
3063 2054 3164 2108 est,
3188 2043 3454 2110 ejusdem-

1919 2149 2022 2204 que
2057 2137 2108 2189 in
2169 2135 2497 2189 catechetica
2530 2133 2732 2199 schola,
2783 2149 2901 2202 quae
2942 2134 3276 2188 Alexandria:
3317 2141 3455 2197 erat,

1920 2239 2304 2280 successorem.
2371 2224 2698 2280 Clementem
2757 2239 2920 2294 porro
2988 2222 3224 2278 Pantaenl
3290 2223 3456 2278 fuisse

1920 2313 2254 2382 discipulum,
2283 2313 2584 2383 scholaeque
2607 2327 2974 2369 successorem
2999 2329 3013 2365 :
3059 2321 3115 2368 et
3144 2311 3454 2368 Pantmnum

1920 2418 2129 2458 rursum
2161 2403 2228 2458 iis
2245 2418 2396 2458 usum
2423 2403 2712 2473 magistris,
2735 2403 2823 2471 qui
2857 2401 3124 2472 apostolos
3147 2403 3405 2457 vidissent
3435 2420 3452 2458 :

1921 2493 2045 2562 quin
2075 2501 2130 2546 et
2161 2492 2369 2548 illorum
2407 2492 2689 2547 nonnullos
2729 2493 2984 2548 audiisse.
3011 2491 3274 2546 Caeterum
3332 2492 3456 2546 hinc

1921 2583 1973 2637 in
1998 2580 2278 2651 Origenem
2303 2581 2588 2636 excitatam
2638 2595 2852 2636 omnem
2900 2590 3268 2650 tempestatem
3311 2596 3459 2635 com-

1921 2680 2215 2726 memorant
2241 2685 2258 2722 :
2293 2670 2590 2726 Demetrius
2605 2669 2939 2725 Alexandriae
2958 2669 3150 2740 praesul
3172 2671 3453 2739 Origenem

1920 2761 2140 2816 multum
2177 2761 2418 2822 laudans,
2465 2759 2518 2814 in
2557 2759 2738 2828 paucis
2770 2759 3144 2814 charissimum
3203 2761 3452 2816 habebat.

1919 2852 1988 2906 At
2028 2866 2145 2906 cum
2172 2851 2258 2904 hic
2284 2851 2481 2918 absque
2544 2849 2678 2903 bona
2723 2848 2955 2917 episcopi
3016 2850 3166 2901 venia
3219 2849 3456 2904 Athenas

1922 2932 2250 3011 profecturus
2272 2947 2434 3004 esset,
2463 2938 2824 3002 Theotecnus,
2851 2937 3109 2992 Cmsareae
3156 2936 3455 2992 Palaestina:

1922 3041 2031 3084 tum
2083 3029 2514 3098 archiepiscopus
2541 3067 2556 3092 ,
2599 3041 2752 3081 secus
2799 3041 2920 3081 eum
2967 3041 3124 3095 quam
3163 3037 3452 3094 oporteret,

1923 3120 2282 3188 presbyterum
2312 3117 2598 3180 ordinavit,
2625 3133 2727 3170 non
2769 3114 3100 3184 improbante
3131 3115 3329 3168 factum
3355 3115 3455 3168 hoc

236 3212 664 3286 Ἱεροσολύμων
710 3209 1076 3280 Ἀλέξανδρον.
1121 3209 1388 3281 Τρέπεται
1417 3210 1503 3263 διὰ
1535 3211 1692 3264 τοῦτο
1730 3213 1824 3281 Δη-

1925 3208 2220 3263 Alexandro
2237 3207 2683 3275 Jerosolymorum
2711 3205 2976 3274 episcopo.
3021 3205 3156 3259 llinc
3186 3205 3456 3259 Demetrio

229 3304 473 3375 μητρίῳ
501 3303 588 3364 είς
617 3303 799 3372 μῖσος,
835 3300 896 3352 τὸ
921 3299 1165 3370 φίλτρον·
1192 3301 1284 3352 καὶ¹
1315 3302 1362 3353 οί
1401 3300 1607 3354 ἔπαινοι
1631 3343 1647 3368 ,
1690 3301 1822 3372 πρὸς

222 3396 378 3456 τοὺς
405 3393 641 3463 ψόγους.
673 3391 790 3444 Καὶ
818 3388 1030 3452 σύνοδος
1054 3388 1350 3460 ἀθροίζεται
1380 3391 1705 3453 ἐπισκόπων,
1731 3394 1826 3445 καί

225 3501 412 3537 τινων
442 3479 865 3553 πρεσϐυτέρων,
904 3477 1044 3532 κατά
1095 3479 1411 3550 Ὠριγένους.
1463 3481 1526 3534 Ἦ
1566 3481 1642 3545 δέ,
1678 3482 1752 3545 ὡς
1795 3483 1824 3534 ό

226 3571 545 3643 Πάμφιλός
602 3586 767 3641 φησι,
821 3568 1113 3639 ψηφίζεται
1145 3607 1160 3630 ,
1197 3570 1519 3640 μεταστῆναι
1575 3573 1670 3641 μέν
1719 3571 1824 3634 ἀπὸ

240 3661 685 3733 Ἀλεξανδρείας
721 3658 818 3710 τὸν
863 3657 1158 3728 Ὠριγένην,
1188 3659 1280 3712 καὶ
1305 3660 1437 3729 μήτε
1460 3660 1747 3731 διατρίϐειν
1767 3662 1824 3714 ἐν

226 3755 409 3824 αὐτῇ,
440 3753 590 3822 μήτε
611 3749 910 3801 διδάσκειν.
945 3747 1057 3814 Τῆς
1102 3747 1280 3814 μέντοι
1307 3747 1399 3800 τοῦ
1441 3749 1824 3824 πρεσϐυτερίου

225 3843 416 3913 τιμῆς
448 3837 722 3909 οὐδαμῶς
761 3835 1203 3905 άποκεκινῆσθαι.
1245 3837 1381 3889 Ἀλλ’
1405 3839 1496 3906 ὅγε
1523 3823 1826 3910 Δημῆτριος

227 3933 368 4003 ἃμα
393 3931 546 3984 τισὶν
582 3926 909 3988 ἐπισκόποις
937 3925 1270 3993 Αἰγυπτίοις,
1302 3927 1510 3996 καὶτῆς
1535 3929 1827 4001 ἱερωσύνης

227 4018 600 4092 ἀπεκήρυξε,
629 4015 1159 4084 συνυπογραψάντων
1180 4016 1272 4068 καὶ
1317 4018 1381 4086 τῇ
1416 4017 1679 4086 ἀποφάσει
1721 4019 1828 4073 τῶν

231 4113 574 4184 συμψήφων
604 4105 762 4176 αὐτῷ
791 4105 1189 4175 γεγενημένων.
1213 4106 1611 4174 Φυγαδευθέντα
1654 4107 1709 4160 δὲ
1737 4107 1828 4160 τὸν

243 4203 557 4275 Ὠριγένην
593 4199 698 4268 τῆς
732 4195 1151 4265 Ἀλεξανδρείας,
1194 4195 1476 4268 θεότεκνος
1497 4197 1526 4248 ό
1549 4195 1828 4249 Παλαιστί·

229 4313 370 4365 νης,
394 4289 666 4361 ἀσμένως
697 4302 758 4338 τε
779 4285 982 4350 διάγειν
1011 4285 1066 4336 ὲν
1091 4283 1714 4355 Καισαρείᾳιύπεδέξατο,
1739 4285 1830 4337 καὶ

231 4384 346 4442 τοῦ
373 4383 665 4436 διδάσκειν
689 4377 867 4429 πᾶσαν
889 4374 1132 4439 ἐξουσίαν
1154 4375 1461 4446 ἐνεχείρισε.
1491 4375 1598 4427 Καὶ
1616 4374 1711 4438 τάς
1734 4375 1830 4445 μὲν

233 4474 437 4536 αἰτίας
489 4470 556 4535 ἐξ
620 4460 701 4519 ὧν
752 4463 948 4533 συνέϐη
985 4462 1082 4526 τάς
1130 4463 1376 4526 διαϐολάς
1425 4465 1714 4535 ἐκραγῆναι
1755 4464 1830 4535 τῷ

245 4562 570 4634 Ὦριγένει,
601 4555 812 4617 ταύτας
838 4553 990 4623 φησί.
1023 4570 1044 4603 ι
1073 4554 1234 4606 Aiunt
1288 4554 1448 4622 igitur
1507 4553 1832 4623 (Pamphilus

235 4663 301 4704 et
344 4643 656 4708 Eusebius)
701 4641 990 4711 Origenem
1042 4639 1222 4693 Severi
1276 4641 1402 4706 imp.
1462 4641 1831 4706 persecutione

238 4742 524 4799 Menidan
587 4735 734 4804 patri
784 4731 1042 4800 scriptum
1075 4729 1306 4794 misisse,
1334 4743 1439 4797 quo
1488 4729 1555 4782 ad
1592 4728 1827 4798 martyrii

235 4832 613 4890 curriculum
641 4841 769 4882 eum
797 4831 1088 4880 exacueret
1124 4839 1140 4877 :
1167 4832 1222 4876 et
1257 4836 1384 4875 sane
1410 4820 1640 4874 stadium
1679 4820 1830 4874 forti-

237 4938 342 4980 ter
381 4926 704 4980 decurrens
734 4915 822 4969 ille
851 4912 1092 4968 bravium
1122 4911 1350 4979 accepit.
1387 4908 1602 4962 Addunt
1639 4907 1832 4976 ipsum-

235 5026 368 5073 met
393 5015 708 5083 Origenem
737 5019 950 5060 summo
981 5001 1157 5057 studio
1200 5001 1339 5054 idem
1371 5007 1640 5052 certamen
1663 4997 1832 5053 susci-

233 5121 389 5175 pere
420 5109 694 5159 conatum
722 5094 912 5156 fuisse,
948 5092 1043 5146 sed
1079 5098 1303 5144 matrem
1329 5087 1582 5155 impetum
1605 5085 1685 5175 vel
1714 5085 1829 5154 ipso

230 5174 436 5253 invito
482 5188 824 5243 refrenasse.
878 5180 1028 5246 Quod
1093 5179 1263 5248 ipsum
1299 5177 1424 5230 item
1445 5174 1665 5243 epistola
1699 5190 1827 5244 qua-

230 5309 364 5370 lus,
393 5311 598 5371 utpote
647 5295 949 5366 praecipuus
1003 5293 1183 5371 operis
1211 5299 1428 5371 auctor;
1483 5287 1563 5371 vel
1593 5287 1835 5371 _letius

229 5356 523 5433 Ῐδῖίιῖιεῗι
551 5356 915 5433 ὀθιῗεριιιεάι
939 5356 1173 5433 ηιᾳίίυτίί
1200 5361 1381 5433 verm'
1411 5356 1548 5433 gum
1574 5358 1638 5409 de
1663 5357 1834 5433 omni-

229 5426 488 5510 Epeo
512 5435 646 5492 lldei
681 5426 910 5510 veritate
937 5426 1176 5483 toleratis
1206 5426 1546 5510 cruciatibus,
1578 5433 1725 5510 3'ch9
1754 5427 1833 5506 gli-

229 5494 752 5576 ῖίἶῖιῖέίῳιέιηῖίε
810 5501 920 5576 ipsa
979 5512 1081 5549 non
1126 5505 1380 5576 sequatur
1409 5494 1828 5576 utet-5(eq‘enim

455 5559 523 5629 ἱιῖ
563 5568 802 5625 Deciana
828 5559 1005 5640 strage
1035 5559 1606 5640 tuarty'rium.subiisse
1639 5559 1824 5640 origo:-

232 5628 582 5707 ἧῖῖεσιε
603 5641 788 5707 potest
814 5628 1097 5707 dici)’;_vel
1151 5628 1400 5707 memoria
1445 5629 1620 5707 lapsus
1673 5628 1828 5681 Pam-

229 5697 433 5789 iii-Fid
448 5697 633 5766 έιίεηίι
663 5697 1262 5789 3*‘2‘1‘.‘.9}‘P€l.§.‘11“‘f:
1272 5698 1674 5789 liitt'l'ﬁ'llfl‘lfl:
1695 5712 1829 5789 satis

230 5765 1182 5842 Earumentorathfortassedictum
1201 5775 1290 5842 est
1311 5787 1321 5818 ;
1341 5765 1435 5842 vel
1447 5767 1675 5842 denique
1697 5765 1824 5820 illud

235 5831 547 5908 ξιῖιῖιῖἐιέιιι
580 5834 814 5910 intelligi
848 5833 1011 5889 voluit
1035 5833 1353 5909 Patuphilus,
1395 5831 1679 5901 Origeuem
1707 5849 1826 5889 cru-

1924 3314 2072 3353 amor
2102 3299 2154 3352 in
2180 3299 2358 3353 odium
2406 3297 2585 3361 vertit,
2617 3296 2904 3364 laudesque
2933 3310 3052 3350 mox
3082 3311 3200 3348 cum
3247 3294 3455 3362 vitupe-

1926 3390 2128 3442 ratione
2154 3396 2508 3442 commutatze.
2543 3386 2786 3457 Synodus
2816 3388 3036 3454 insuper
3085 3387 3454 3454 episcoporum

1924 3487 2123 3541 coacta,
2157 3486 2212 3532 et
2237 3479 2666 3546 presbyterorum
2691 3476 3043 3544 quorumdam
3069 3485 3253 3529 contra
3281 3475 3459 3543 Orige-

1927 3582 2046 3620 uem
2077 3583 2093 3622 :
2125 3581 2263 3635 qute,
2289 3576 2347 3620 ut
2387 3565 2690 3634 Pamphilus
2743 3564 2936 3630 refert,
2987 3566 3256 3620 decretum
3311 3563 3457 3630 fecit,

1925 3657 2242 3711 Alexandria
2269 3656 2480 3726 quidem
2512 3655 2808 3724 pellendum
2857 3653 3160 3732 Origenem,
3209 3668 3378 3722 neque
3402 3653 3455 3706 iu

1928 3762 1988 3801 ea
2020 3747 2219 3801 versari
2271 3754 2362 3822 aut
2417 3747 2607 3800 docere
2658 3745 3108 3815 permittendum;
3171 3743 3455 3799 sacerdotii

1934 3847 2109 3889 tamen
2141 3835 2394 3902 dignitate
2417 3849 2746 3902 nequaquam
2781 3833 3218 3888 submovendum.
3262 3830 3457 3885 Verum

1933 3923 2228 3978 Demetrius
2280 3937 2382 3975 una
2421 3938 2538 3978 cum
2582 3921 2798 3993 Egypti
2828 3922 3092 3991 episcopis
3114 3921 3346 3988 aliquot,
3382 3935 3463 3972 sa-

1930 4014 2163 4068 cerdotio
2206 4027 2415 4080 quoque
2465 4011 2610 4064 illum
2664 4011 2963 4078 abjudicat,
3005 4010 3460 4065 subscribentibus

1929 4103 2086 4157 etiam
2125 4102 2303 4156 edicto
2355 4100 2514 4166 huic,
2561 4108 2823 4168 quotquot
2875 4107 3028 4152 antea
3085 4096 3356 4164 sullragati
3410 4097 3460 4150 ei

1932 4193 2174 4247 fuissent.
2209 4190 2281 4244 lta
2305 4191 2468 4259 igitur
2501 4190 2817 4244 Alexandria
2865 4189 2916 4242 in
2960 4189 3202 4243 exsilium
3253 4187 3459 4256 pulsum

1930 4282 2231 4352 Origenem,
2266 4279 2600 4335 Theotecnus
2621 4279 2910 4334 Palmstinae
2927 4279 3205 4348 episcopus
3235 4277 3463 4331 libenter

1933 4371 2186 4426 Caesarea:
2213 4379 2267 4424 et
2309 4370 2502 4436 degere
2520 4368 2700 4438 jussit,
2735 4378 2787 4423 et
2807 4369 2876 4422 de
2923 4370 3199 4438 superiore
3231 4366 3348 4423 loco
3377 4367 3464 4420 do-

1933 4462 2084 4515 cendi
2133 4469 2446 4530 potestatem
2479 4459 2626 4514 fecit.
2657 4459 2763 4514 llas
2790 4459 2877 4514 ille
2928 4474 3114 4513 causas
3170 4458 3342 4522 allert,
3397 4471 3463 4511 ex

1862 4585 1906 4639 ο
1933 4549 2124 4618 quibus
2145 4564 2330 4604 omnes
2361 4548 2461 4603 illa;
2507 4548 2789 4602 calumniae
2836 4549 2888 4600 in
2940 4547 3218 4616 Origenem
3270 4561 3464 4615 erupe-

1935 4641 2062 4709 rint.
2113 4655 2133 4690 ι
2197 4637 2460 4693 Praeterea
2513 4637 2777 4691 Eusebius.
2821 4636 2960 4691 Hist.
2992 4637 3083 4690 lib.
3120 4651 3195 4699 vt,
3231 4651 3350 4704 cap.
3374 4635 3466 4700 56,

1934 4728 2110 4782 dicere
2135 4726 2344 4781 videtur
2377 4740 2435 4780 se
2457 4725 2511 4779 in
2541 4735 2694 4780 sexto
2729 4726 2884 4794 hujus
2915 4725 3177 4795 Apologia:
3197 4727 3331 4779 libro
3355 4726 3466 4795 epi-

1932 4816 2117 4880 stolas,
2140 4830 2274 4884 quas
2297 4817 2363 4870 ad
2405 4813 2696 4870 Fabianum
2728 4830 2917 4884 papam
2967 4826 3020 4870 et
3058 4816 3123 4868 ad
3169 4815 3468 4884 complures

1933 4907 2068 4960 alios
2107 4906 2466 4961 Ecclesiarum
2517 4905 2786 4960 antistites
2816 4905 2882 4960 de
2925 4915 3068 4960 recta
3096 4904 3218 4958 lldei
3249 4919 3358 4957 suae
3385 4918 3466 4955 ra-

1933 4997 2076 5050 tione
2112 4995 2369 5066 Origenes
2414 4997 2727 5064 seripserat,
2771 4995 3059 5050 inseruisse
3102 5013 3116 5050 :
3163 4993 3363 5063 Γράφει
3413 4991 3469 5048 δὶ

1934 5085 2027 5140 καὶ⁵
2047 5083 2292 5155 Φαϐιανῷ
2309 5084 2388 5154 τῷ
2411 5085 2552 5139 κατά
2587 5083 2801 5156 Ῥώμην
2831 5085 3108 5154 ἐπισκόπῳ
3135 5122 3150 5147 ,
3185 5082 3384 5152 ἑτέροις
3412 5095 3471 5133 τε.

1931 5173 2197 5237 πλείστοις
2222 5175 2478 5246 ἄρχουσιν
2520 5175 2868 5246 Ἐκκλησιῶν,
2899 5175 3023 5245 περὶ
3047 5175 3145 5243 τῆς
3167 5171 3280 5226 κατ’
3313 5168 3469 5222 αὐτὸν

1943 5287 2171 5342 ciatibus
2198 5304 2262 5342 ac
2287 5289 2522 5343 miseriis
2555 5289 2606 5343 in
2659 5289 2803 5342 Decii
2855 5288 3064 5342 laniena
3105 5284 3312 5342 elisum,
3358 5293 3466 5331 non

1939 5355 2093 5424 longe
2128 5367 2308 5424 postea
2358 5358 2553 5411 vixisse
2599 5376 2616 5412 :
2663 5358 2802 5426 quod
2867 5355 3083 5410 Eusebii
3131 5349 3304 5404 verbis
3361 5361 3465 5399 non

1935 5435 2217 5495 repugnat.

2005 5479 2782 5615 Osdz'exroc.Legendum
2809 5492 3014 5545 videtur
3064 5487 3150 5540 hic
3198 5492 3252 5562 et
3309 5479 3465 5546 infra,

2035 5578 2266 5615 κτιστος.
2300 5564 2372 5615 Ita
2401 5564 2540 5615 enim
2564 5572 2781 5614 vocatur
2804 5561 2871 5612 ab
2905 5555 3126 5609 Eusebio
3159 5549 3356 5602 Hister.
3378 5561 3465 5599 et:-

1933 5549 2266 5626 Θεόκτιστος.
2300 5564 2372 5616 Ita
2401 5549 2781 5615 cuiui‘t'mcatur
2804 5561 2871 5612 ab
2905 5555 3126 5626 Eusebio
3149 5549 3356 5626 grator.
3378 5561 3466 5599 et:-

1933 5634 2053 5699 cles.
2084 5631 2174 5683 lib.
2194 5616 2265 5694 vi,
2295 5646 2415 5699 cap.
2443 5631 2508 5684 27
2543 5639 2597 5684 et
2624 5629 2713 5690 46,
2748 5641 2844 5680 nec
2893 5638 2994 5699 non
3031 5623 3096 5671 ub
3147 5616 3468 5684 Hieronymo

1934 5698 2024 5752 lib.
2060 5699 2134 5752 De
2156 5689 2396 5767 scriptor.
2419 5689 2728 5760 ecclesiastI,
2753 5708 2868 5760 cap.

1999 5745 2093 5838 (‘3)-
2105 5745 2146 5823 ll
2419 5745 2547 5834 ,⁷ῡῖ
2555 5745 2796 5832 Eripis}.
2819 5745 3122 5815 ἓεσίειὶαιιη
3143 5761 3259 5816 cap.
3277 5745 3367 5804 54.
