  <div class='ocr_page' id='page_1' title='image "/cluster/home/n/w/nwhite01/storage/ocr_20150623/17 (Origenes, pt. 7)/nyp.33433081862348/281.png"; bbox 0 0 3916 6410; ppageno 0'>
   <div class='ocr_carea' id='block_1_1' title="bbox 594 448 695 502">
    <p class='ocr_par' dir='ltr' id='par_1_1' title="bbox 594 448 695 502">
     <span class='ocr_line' id='line_1_1' title="bbox 594 448 695 502; baseline -0.02 0"><span class='ocrx_word' id='word_1_1' title='bbox 594 448 695 502; x_wconf 78' lang='grc'><strong>559</strong></span> 
     </span>
    </p>
   </div>
   <div class='ocr_carea' id='block_1_2' title="bbox 1753 438 2560 497">
    <p class='ocr_par' dir='ltr' id='par_1_2' title="bbox 1753 438 2560 497">
     <span class='ocr_line' id='line_1_2' title="bbox 1753 438 2560 497; baseline 0.002 -4"><span class='ocrx_word' id='word_1_2' title='bbox 1753 438 1813 493; x_wconf 87' lang='lat' dir='ltr'><strong>S.</strong></span> <span class='ocrx_word' id='word_1_3' title='bbox 1856 438 2172 495; x_wconf 80' lang='lat' dir='ltr'><strong>PAMPHILI</strong></span> <span class='ocrx_word' id='word_1_4' title='bbox 2212 441 2560 497; x_wconf 80' lang='lat' dir='ltr'><strong>MARTYRIS</strong></span> 
     </span>
    </p>
   </div>
   <div class='ocr_carea' id='block_1_3' title="bbox 3609 444 3687 502">
    <p class='ocr_par' dir='ltr' id='par_1_3' title="bbox 3609 444 3687 502">
     <span class='ocr_line' id='line_1_3' title="bbox 3609 444 3687 502; baseline 0 0"><span class='ocrx_word' id='word_1_5' title='bbox 3609 444 3687 502; x_wconf 69' lang='lat'><strong>540</strong></span> 
     </span>
    </p>
   </div>
   <div class='ocr_carea' id='block_1_4' title="bbox 591 549 2100 630">
    <p class='ocr_par' dir='ltr' id='par_1_4' title="bbox 591 551 2100 630">
     <span class='ocr_line' id='line_1_4' title="bbox 591 551 2100 630; baseline 0 -23"><span class='ocrx_word' id='word_1_6' title='bbox 591 555 901 630; x_wconf 79' lang='grc' dir='ltr'><strong>ὀρθοδοξίας·</strong></span> <span class='ocrx_word' id='word_1_7' title='bbox 919 553 1056 622; x_wconf 76' lang='grc' dir='ltr'><strong>ἔχεις</strong></span> <span class='ocrx_word' id='word_1_8' title='bbox 1082 551 1175 603; x_wconf 74' lang='grc' dir='ltr'><strong>καὶ</strong></span> <span class='ocrx_word' id='word_1_9' title='bbox 1199 551 1400 605; x_wconf 76' lang='grc' dir='ltr'><strong>τούτων</strong></span> <span class='ocrx_word' id='word_1_10' title='bbox 1426 553 1523 617; x_wconf 76' lang='grc' dir='ltr'><strong>τὰς</strong></span> <span class='ocrx_word' id='word_1_11' title='bbox 1546 553 1865 620; x_wconf 76' lang='grc' dir='ltr'><strong>ἀποδείξεις,</strong></span> <span class='ocrx_word' id='word_1_12' title='bbox 1896 556 1953 606; x_wconf 85' lang='grc' dir='ltr'><strong>ὲν</strong></span> <span class='ocrx_word' id='word_1_13' title='bbox 1981 556 2100 625; x_wconf 64' lang='grc' dir='ltr'><strong>ἕκτη</strong></span> 
     </span>
    </p>
   </div>
   <div class='ocr_carea' id='block_1_5' title="bbox 2198 549 3689 630">
    <p class='ocr_par' dir='ltr' id='par_1_5' title="bbox 2217 549 3689 611">
     <span class='ocr_line' id='line_1_5' title="bbox 2217 549 3689 611; baseline 0.001 -2"><span class='ocrx_word' id='word_1_14' title='bbox 2217 566 2280 609; x_wconf 69' lang='lat' dir='ltr'><strong>et~</strong></span> <span class='ocrx_word' id='word_1_15' title='bbox 2298 558 2520 609; x_wconf 86' lang='lat' dir='ltr'><strong>adversa</strong></span> <span class='ocrx_word' id='word_1_16' title='bbox 2561 553 2683 607; x_wconf 84' lang='lat' dir='ltr'><strong>lidei</strong></span> <span class='ocrx_word' id='word_1_17' title='bbox 2711 559 3063 606; x_wconf 88' lang='lat' dir='ltr'><strong>astruentem.</strong></span> <span class='ocrx_word' id='word_1_18' title='bbox 3092 549 3300 603; x_wconf 78' lang='lat' dir='ltr'><strong>Littera:</strong></span> <span class='ocrx_word' id='word_1_19' title='bbox 3346 550 3488 606; x_wconf 87' lang='lat' dir='ltr'><strong>verba</strong></span> <span class='ocrx_word' id='word_1_20' title='bbox 3516 556 3689 611; x_wconf 86' lang='lat' dir='ltr'><strong>tradunt</strong></span> 
     </span>
    </p>
   </div>
   <div class='ocr_carea' id='block_1_6' title="bbox 589 644 2111 716">
    <p class='ocr_par' dir='ltr' id='par_1_6' title="bbox 589 644 2111 716">
     <span class='ocr_line' id='line_1_6' title="bbox 589 644 2111 716; baseline -0.001 -17"><span class='ocrx_word' id='word_1_21' title='bbox 589 648 685 716; x_wconf 80' lang='grc' dir='ltr'><strong>τῆς</strong></span> <span class='ocrx_word' id='word_1_22' title='bbox 727 644 1022 713; x_wconf 77' lang='grc' dir='ltr'><strong>γραφείσης</strong></span> <span class='ocrx_word' id='word_1_23' title='bbox 1075 644 1205 711; x_wconf 75' lang='grc' dir='ltr'><strong>ἡμῖν</strong></span> <span class='ocrx_word' id='word_1_24' title='bbox 1256 645 1381 712; x_wconf 78' lang='grc' dir='ltr'>περὶ</span> <span class='ocrx_word' id='word_1_25' title='bbox 1427 644 1520 696; x_wconf 82' lang='grc' dir='ltr'><strong>τοῦ</strong></span> <span class='ocrx_word' id='word_1_26' title='bbox 1563 644 1751 714; x_wconf 78' lang='grc' dir='ltr'>ἀνδρὸς</span> <span class='ocrx_word' id='word_1_27' title='bbox 1804 645 2111 712; x_wconf 79' lang='grc' dir='ltr'>ἀπολογίας.</span> 
     </span>
    </p>
   </div>
   <div class='ocr_carea' id='block_1_7' title="bbox 589 731 2115 803">
    <p class='ocr_par' dir='ltr' id='par_1_7' title="bbox 589 731 2115 803">
     <span class='ocr_line' id='line_1_7' title="bbox 589 731 2115 803; baseline 0.001 -17"><span class='ocrx_word' id='word_1_28' title='bbox 589 732 868 786; x_wconf 87' lang='lat' dir='ltr'><strong>Testantor</strong></span> <span class='ocrx_word' id='word_1_29' title='bbox 895 733 1055 784; x_wconf 91' lang='lat' dir='ltr'><strong>etiam</strong></span> <span class='ocrx_word' id='word_1_30' title='bbox 1119 732 1367 786; x_wconf 77' lang='lat' dir='ltr'><strong>Socrates</strong></span> <span class='ocrx_word' id='word_1_31' title='bbox 1402 731 1539 785; x_wconf 79' lang='lat' dir='ltr'><strong>Hist.</strong></span> <span class='ocrx_word' id='word_1_32' title='bbox 1565 733 1659 788; x_wconf 87' lang='lat' dir='ltr'><strong>lib.</strong></span> <span class='ocrx_word' id='word_1_33' title='bbox 1694 749 1764 797; x_wconf 91' lang='lat' dir='ltr'><strong>tv,</strong></span> <span class='ocrx_word' id='word_1_34' title='bbox 1798 748 1913 803; x_wconf 86' lang='lat' dir='ltr'><strong>cap.</strong></span> <span class='ocrx_word' id='word_1_35' title='bbox 1945 733 2032 799; x_wconf 75' lang='lat'><strong>27,</strong></span> <span class='ocrx_word' id='word_1_36' title='bbox 2061 744 2115 788; x_wconf 88' lang='lat' dir='ltr'><strong>et</strong></span> 
     </span>
    </p>
   </div>
   <div class='ocr_carea' id='block_1_8' title="bbox 586 820 2111 892">
    <p class='ocr_par' dir='ltr' id='par_1_8' title="bbox 586 820 2111 892">
     <span class='ocr_line' id='line_1_8' title="bbox 586 820 2111 892; baseline 0.003 -18"><span class='ocrx_word' id='word_1_37' title='bbox 586 820 907 887; x_wconf 88' lang='lat' dir='ltr'><strong>Nicephorus</strong></span> <span class='ocrx_word' id='word_1_38' title='bbox 936 820 1025 873; x_wconf 88' lang='lat' dir='ltr'><strong>lib.</strong></span> <span class='ocrx_word' id='word_1_39' title='bbox 1056 838 1131 883; x_wconf 82' lang='lat' dir='ltr'><strong>xr,</strong></span> <span class='ocrx_word' id='word_1_40' title='bbox 1162 838 1279 890; x_wconf 86' lang='lat' dir='ltr'><strong>cap.</strong></span> <span class='ocrx_word' id='word_1_41' title='bbox 1318 823 1400 885; x_wconf 81' lang='lat' dir='ltr'><strong>l9,</strong></span> <span class='ocrx_word' id='word_1_42' title='bbox 1438 822 1583 876; x_wconf 89' lang='lat' dir='ltr'><strong>hisce</strong></span> <span class='ocrx_word' id='word_1_43' title='bbox 1623 824 1773 878; x_wconf 81' lang='lat' dir='ltr'><strong>libris</strong></span> <span class='ocrx_word' id='word_1_44' title='bbox 1807 825 2111 892; x_wconf 88' lang='lat' dir='ltr'><strong>adjunctam</strong></span> 
     </span>
    </p>
   </div>
   <div class='ocr_carea' id='block_1_9' title="bbox 583 908 2112 982">
    <p class='ocr_par' dir='ltr' id='par_1_9' title="bbox 583 908 2112 982">
     <span class='ocr_line' id='line_1_9' title="bbox 583 908 2112 982; baseline 0.003 -20"><span class='ocrx_word' id='word_1_45' title='bbox 583 922 700 962; x_wconf 85' lang='lat' dir='ltr'><strong>esse</strong></span> <span class='ocrx_word' id='word_1_46' title='bbox 735 908 792 962; x_wconf 84' lang='lat' dir='ltr'><strong>S.</strong></span> <span class='ocrx_word' id='word_1_47' title='bbox 815 908 1054 976; x_wconf 82' lang='lat' dir='ltr'><strong>Gregorii</strong></span> <span class='ocrx_word' id='word_1_48' title='bbox 1083 910 1463 982; x_wconf 89' lang='lat' dir='ltr'><strong>Thaumalurgi</strong></span> <span class='ocrx_word' id='word_1_49' title='bbox 1509 915 1870 982; x_wconf 82' lang='lat' dir='ltr'><strong>panegyricam</strong></span> <span class='ocrx_word' id='word_1_50' title='bbox 1917 916 2112 968; x_wconf 82' lang='lat' dir='ltr'><strong>oratio-</strong></span> 
     </span>
    </p>
   </div>
   <div class='ocr_carea' id='block_1_10' title="bbox 582 999 2110 1069">
    <p class='ocr_par' dir='ltr' id='par_1_10' title="bbox 582 999 2110 1069">
     <span class='ocr_line' id='line_1_10' title="bbox 582 999 2110 1069; baseline 0.007 -21"><span class='ocrx_word' id='word_1_51' title='bbox 582 1014 716 1058; x_wconf 86' lang='lat' dir='ltr'><strong>nem,</strong></span> <span class='ocrx_word' id='word_1_52' title='bbox 749 1012 907 1064; x_wconf 87' lang='lat' dir='ltr'><strong>quam</strong></span> <span class='ocrx_word' id='word_1_53' title='bbox 932 999 1018 1052; x_wconf 89' lang='lat' dir='ltr'><strong>ille</strong></span> <span class='ocrx_word' id='word_1_54' title='bbox 1045 999 1109 1051; x_wconf 91' lang='lat' dir='ltr'><strong>ab</strong></span> <span class='ocrx_word' id='word_1_55' title='bbox 1134 1000 1365 1067; x_wconf 81' lang='lat' dir='ltr'><strong>Origene</strong></span> <span class='ocrx_word' id='word_1_56' title='bbox 1388 1002 1664 1056; x_wconf 85' lang='lat' dir='ltr'><strong>discedens</strong></span> <span class='ocrx_word' id='word_1_57' title='bbox 1687 1004 1737 1056; x_wconf 93' lang='lat' dir='ltr'><strong>in</strong></span> <span class='ocrx_word' id='word_1_58' title='bbox 1768 1002 1882 1069; x_wconf 92' lang='lat' dir='ltr'><strong>ejus</strong></span> <span class='ocrx_word' id='word_1_59' title='bbox 1906 1004 2110 1057; x_wconf 91' lang='lat' dir='ltr'><strong>laudem</strong></span> 
     </span>
    </p>
   </div>
   <div class='ocr_carea' id='block_1_11' title="bbox 579 1088 2111 1156">
    <p class='ocr_par' dir='ltr' id='par_1_11' title="bbox 579 1088 2111 1156">
     <span class='ocr_line' id='line_1_11' title="bbox 579 1088 2111 1156; baseline 0.006 -17"><span class='ocrx_word' id='word_1_60' title='bbox 579 1092 895 1154; x_wconf 92' lang='lat' dir='ltr'><strong>composuit.</strong></span> <span class='ocrx_word' id='word_1_61' title='bbox 922 1088 1164 1155; x_wconf 80' lang='lat' dir='ltr'><strong>Ruﬁnus,</strong></span> <span class='ocrx_word' id='word_1_62' title='bbox 1189 1101 1245 1143; x_wconf 91' lang='lat' dir='ltr'><strong>ut</strong></span> <span class='ocrx_word' id='word_1_63' title='bbox 1266 1090 1374 1155; x_wconf 88' lang='lat' dir='ltr'><strong>jam</strong></span> <span class='ocrx_word' id='word_1_64' title='bbox 1424 1092 1679 1156; x_wconf 82' lang='lat' dir='ltr'><strong>diximus,</strong></span> <span class='ocrx_word' id='word_1_65' title='bbox 1711 1094 1801 1147; x_wconf 84' lang='lat' dir='ltr'><strong>lib.</strong></span> <span class='ocrx_word' id='word_1_66' title='bbox 1829 1109 1845 1146; x_wconf 82' lang='lat'>1</span> <span class='ocrx_word' id='word_1_67' title='bbox 1868 1094 2111 1148; x_wconf 72' lang='lat' dir='ltr'><strong>adversus</strong></span> 
     </span>
    </p>
   </div>
   <div class='ocr_carea' id='block_1_12' title="bbox 580 1172 2109 1250">
    <p class='ocr_par' dir='ltr' id='par_1_12' title="bbox 580 1172 2109 1250">
     <span class='ocr_line' id='line_1_12' title="bbox 580 1172 2109 1250; baseline 0.007 -22"><span class='ocrx_word' id='word_1_68' title='bbox 580 1172 969 1245; x_wconf 79' lang='lat' dir='ltr'><strong>Hieronymum,</strong></span> <span class='ocrx_word' id='word_1_69' title='bbox 1006 1180 1135 1233; x_wconf 92' lang='lat' dir='ltr'><strong>dicit</strong></span> <span class='ocrx_word' id='word_1_70' title='bbox 1168 1180 1219 1233; x_wconf 91' lang='lat' dir='ltr'><strong>iu</strong></span> <span class='ocrx_word' id='word_1_71' title='bbox 1253 1183 1352 1234; x_wconf 87' lang='lat' dir='ltr'><strong>hac</strong></span> <span class='ocrx_word' id='word_1_72' title='bbox 1374 1181 1623 1249; x_wconf 80' lang='lat' dir='ltr'><strong>Apologia</strong></span> <span class='ocrx_word' id='word_1_73' title='bbox 1652 1184 1735 1250; x_wconf 91' lang='lat' dir='ltr'><strong>agi</strong></span> <span class='ocrx_word' id='word_1_74' title='bbox 1777 1186 1843 1238; x_wconf 88' lang='lat' dir='ltr'><strong>de</strong></span> <span class='ocrx_word' id='word_1_75' title='bbox 1867 1184 1978 1238; x_wconf 76' lang='lat' dir='ltr'><strong>fato</strong></span> <span class='ocrx_word' id='word_1_76' title='bbox 2014 1198 2109 1239; x_wconf 90' lang='lat' dir='ltr'><strong>seu</strong></span> 
     </span>
    </p>
   </div>
   <div class='ocr_carea' id='block_1_13' title="bbox 578 1266 2106 1341">
    <p class='ocr_par' dir='ltr' id='par_1_13' title="bbox 578 1266 2106 1341">
     <span class='ocr_line' id='line_1_13' title="bbox 578 1266 2106 1341; baseline 0.007 -24"><span class='ocrx_word' id='word_1_77' title='bbox 578 1266 823 1321; x_wconf 90' lang='lat' dir='ltr'><strong>mathesi.</strong></span> <span class='ocrx_word' id='word_1_78' title='bbox 851 1267 1158 1337; x_wconf 87' lang='lat' dir='ltr'><strong>Anonymus</strong></span> <span class='ocrx_word' id='word_1_79' title='bbox 1191 1280 1378 1324; x_wconf 88' lang='lat' dir='ltr'><strong>auctor</strong></span> <span class='ocrx_word' id='word_1_80' title='bbox 1408 1285 1436 1322; x_wconf 89' lang='lat' dir='ltr'><strong>a</strong></span> <span class='ocrx_word' id='word_1_81' title='bbox 1466 1272 1530 1325; x_wconf 84' lang='lat' dir='ltr'><strong>R.</strong></span> <span class='ocrx_word' id='word_1_82' title='bbox 1587 1272 1648 1325; x_wconf 85' lang='lat' dir='ltr'><strong>P.</strong></span> <span class='ocrx_word' id='word_1_83' title='bbox 1705 1271 1855 1341; x_wconf 91' lang='lat' dir='ltr'><strong>Lupo</strong></span> <span class='ocrx_word' id='word_1_84' title='bbox 1910 1274 2106 1339; x_wconf 91' lang='lat' dir='ltr'><strong>editus,</strong></span> 
     </span>
    </p>
   </div>
   <div class='ocr_carea' id='block_1_14' title="bbox 578 1354 2110 1433">
    <p class='ocr_par' dir='ltr' id='par_1_14' title="bbox 578 1354 2110 1433">
     <span class='ocr_line' id='line_1_14' title="bbox 578 1354 2110 1433; baseline 0.008 -26"><span class='ocrx_word' id='word_1_85' title='bbox 578 1354 741 1408; x_wconf 79' lang='lat' dir='ltr'><strong>refert</strong></span> <span class='ocrx_word' id='word_1_86' title='bbox 789 1354 1120 1423; x_wconf 87' lang='lat' dir='ltr'><strong>Pamphilum</strong></span> <span class='ocrx_word' id='word_1_87' title='bbox 1172 1373 1500 1429; x_wconf 87' lang='lat' dir='ltr'><strong>martyrem,</strong></span> <span class='ocrx_word' id='word_1_88' title='bbox 1550 1370 1604 1414; x_wconf 89' lang='lat' dir='ltr'><strong>et</strong></span> <span class='ocrx_word' id='word_1_89' title='bbox 1663 1364 1947 1417; x_wconf 81' lang='lat' dir='ltr'><strong>Eusebium</strong></span> <span class='ocrx_word' id='word_1_90' title='bbox 2014 1382 2110 1433; x_wconf 90' lang='lat' dir='ltr'><strong>pro</strong></span> 
     </span>
    </p>
   </div>
   <div class='ocr_carea' id='block_1_15' title="bbox 577 1444 2109 1520">
    <p class='ocr_par' dir='ltr' id='par_1_15' title="bbox 577 1444 2109 1520">
     <span class='ocr_line' id='line_1_15' title="bbox 577 1444 2109 1520; baseline 0.008 -24"><span class='ocrx_word' id='word_1_91' title='bbox 577 1444 993 1508; x_wconf 69' lang='lat' dir='ltr'><strong>praeexsistentia</strong></span> <span class='ocrx_word' id='word_1_92' title='bbox 1030 1454 1083 1498; x_wconf 93' lang='lat' dir='ltr'><strong>et</strong></span> <span class='ocrx_word' id='word_1_93' title='bbox 1111 1449 1443 1502; x_wconf 80' lang='lat' dir='ltr'><strong>restitutione</strong></span> <span class='ocrx_word' id='word_1_94' title='bbox 1496 1450 1678 1505; x_wconf 92' lang='lat' dir='ltr'><strong>multis</strong></span> <span class='ocrx_word' id='word_1_95' title='bbox 1731 1453 1882 1507; x_wconf 83' lang='lat' dir='ltr'><strong>valde</strong></span> <span class='ocrx_word' id='word_1_96' title='bbox 1914 1469 2109 1520; x_wconf 63' lang='lat' dir='ltr'><strong>praece-</strong></span> 
     </span>
    </p>
   </div>
   <div class='ocr_carea' id='block_1_16' title="bbox 576 1533 2105 1597">
    <p class='ocr_par' dir='ltr' id='par_1_16' title="bbox 576 1533 2105 1597">
     <span class='ocr_line' id='line_1_16' title="bbox 576 1533 2105 1597; baseline 0.008 -12"><span class='ocrx_word' id='word_1_97' title='bbox 576 1533 811 1586; x_wconf 90' lang='lat' dir='ltr'><strong>dentium</strong></span> <span class='ocrx_word' id='word_1_98' title='bbox 842 1534 1056 1589; x_wconf 85' lang='lat' dir='ltr'><strong>Patrum</strong></span> <span class='ocrx_word' id='word_1_99' title='bbox 1085 1537 1400 1591; x_wconf 86' lang='lat' dir='ltr'><strong>testimoniis</strong></span> <span class='ocrx_word' id='word_1_100' title='bbox 1428 1553 1553 1593; x_wconf 92' lang='lat' dir='ltr'><strong>usos</strong></span> <span class='ocrx_word' id='word_1_101' title='bbox 1587 1555 1726 1595; x_wconf 88' lang='lat' dir='ltr'><strong>esse.</strong></span> <span class='ocrx_word' id='word_1_102' title='bbox 1778 1542 1927 1595; x_wconf 83' lang='lat' dir='ltr'><strong>Alter</strong></span> <span class='ocrx_word' id='word_1_103' title='bbox 1956 1544 2105 1597; x_wconf 88' lang='lat' dir='ltr'><strong>deni-</strong></span> 
     </span>
    </p>
   </div>
   <div class='ocr_carea' id='block_1_17' title="bbox 574 1624 2109 1692">
    <p class='ocr_par' dir='ltr' id='par_1_17' title="bbox 574 1624 2109 1692">
     <span class='ocr_line' id='line_1_17' title="bbox 574 1624 2109 1692; baseline 0.009 -19"><span class='ocrx_word' id='word_1_104' title='bbox 574 1636 679 1689; x_wconf 75' lang='lat' dir='ltr'><strong>que</strong></span> <span class='ocrx_word' id='word_1_105' title='bbox 705 1637 995 1692; x_wconf 88' lang='lat' dir='ltr'><strong>auonymus</strong></span> <span class='ocrx_word' id='word_1_106' title='bbox 1024 1639 1052 1677; x_wconf 92' lang='lat' dir='ltr'><strong>a</strong></span> <span class='ocrx_word' id='word_1_107' title='bbox 1077 1624 1362 1680; x_wconf 91' lang='lat' dir='ltr'><strong>Sirmundo</strong></span> <span class='ocrx_word' id='word_1_108' title='bbox 1386 1629 1558 1681; x_wconf 91' lang='lat' dir='ltr'><strong>editus</strong></span> <span class='ocrx_word' id='word_1_109' title='bbox 1594 1631 1690 1682; x_wconf 87' lang='lat' dir='ltr'><strong>sub</strong></span> <span class='ocrx_word' id='word_1_110' title='bbox 1722 1633 1933 1684; x_wconf 90' lang='lat' dir='ltr'><strong>nomine</strong></span> <span class='ocrx_word' id='word_1_111' title='bbox 1961 1631 2109 1686; x_wconf 75' lang='lat' dir='ltr'><strong>Prte—</strong></span> 
     </span>
    </p>
   </div>
   <div class='ocr_carea' id='block_1_18' title="bbox 574 1711 2108 1785">
    <p class='ocr_par' dir='ltr' id='par_1_18' title="bbox 574 1711 2108 1785">
     <span class='ocr_line' id='line_1_18' title="bbox 574 1711 2108 1785; baseline 0.008 -22"><span class='ocrx_word' id='word_1_112' title='bbox 574 1711 835 1775; x_wconf 79' lang='lat' dir='ltr'><strong>deuinati,</strong></span> <span class='ocrx_word' id='word_1_113' title='bbox 862 1728 1014 1780; x_wconf 87' lang='lat' dir='ltr'><strong>quem</strong></span> <span class='ocrx_word' id='word_1_114' title='bbox 1056 1715 1144 1769; x_wconf 88' lang='lat' dir='ltr'><strong>alii</strong></span> <span class='ocrx_word' id='word_1_115' title='bbox 1172 1716 1464 1769; x_wconf 80' lang='lat' dir='ltr'><strong>Arnobium</strong></span> <span class='ocrx_word' id='word_1_116' title='bbox 1498 1717 1762 1785; x_wconf 89' lang='lat' dir='ltr'><strong>juniorem</strong></span> <span class='ocrx_word' id='word_1_117' title='bbox 1789 1757 1806 1783; x_wconf 91' lang='lat'><strong>,</strong></span> <span class='ocrx_word' id='word_1_118' title='bbox 1851 1721 1937 1774; x_wconf 84' lang='lat' dir='ltr'><strong>alii</strong></span> <span class='ocrx_word' id='word_1_119' title='bbox 1993 1722 2108 1775; x_wconf 86' lang='lat' dir='ltr'><strong>Pri-</strong></span> 
     </span>
    </p>
   </div>
   <div class='ocr_carea' id='block_1_19' title="bbox 575 1793 2102 1874">
    <p class='ocr_par' dir='ltr' id='par_1_19' title="bbox 575 1793 2102 1874">
     <span class='ocr_line' id='line_1_19' title="bbox 575 1793 2102 1874; baseline 0.008 -24"><span class='ocrx_word' id='word_1_120' title='bbox 575 1799 798 1852; x_wconf 83' lang='lat' dir='ltr'><strong>masium</strong></span> <span class='ocrx_word' id='word_1_121' title='bbox 828 1815 945 1854; x_wconf 90' lang='lat' dir='ltr'><strong>esse</strong></span> <span class='ocrx_word' id='word_1_122' title='bbox 983 1802 1309 1867; x_wconf 77' lang='lat' dir='ltr'><strong>existimant,</strong></span> <span class='ocrx_word' id='word_1_123' title='bbox 1374 1806 1425 1858; x_wconf 94' lang='lat' dir='ltr'><strong>in</strong></span> <span class='ocrx_word' id='word_1_124' title='bbox 1466 1807 1559 1860; x_wconf 91' lang='lat' dir='ltr'><strong>lib.</strong></span> <span class='ocrx_word' id='word_1_125' title='bbox 1609 1823 1625 1860; x_wconf 87' lang='lat' dir='ltr'><strong>t</strong></span> <span class='ocrx_word' id='word_1_126' title='bbox 1683 1807 1753 1861; x_wconf 86' lang='lat' dir='ltr'><strong>De</strong></span> <span class='ocrx_word' id='word_1_127' title='bbox 1804 1793 2102 1874; x_wconf 70' lang='lat' dir='ltr'><strong>litoresibus,</strong></span> 
     </span>
    </p>
   </div>
   <div class='ocr_carea' id='block_1_20' title="bbox 576 1888 2108 1964">
    <p class='ocr_par' dir='ltr' id='par_1_20' title="bbox 576 1888 2108 1964">
     <span class='ocr_line' id='line_1_20' title="bbox 576 1888 2108 1964; baseline 0.007 -23"><span class='ocrx_word' id='word_1_128' title='bbox 576 1888 758 1944; x_wconf 63' lang='lat' dir='ltr'><strong>haeresi</strong></span> <span class='ocrx_word' id='word_1_129' title='bbox 791 1905 925 1953; x_wconf 74' lang='grc' dir='ltr'><strong>χχιι,</strong></span> <span class='ocrx_word' id='word_1_130' title='bbox 959 1905 1076 1964; x_wconf 54' lang='lat' dir='ltr'><strong>quas</strong></span> <span class='ocrx_word' id='word_1_131' title='bbox 1110 1902 1191 1946; x_wconf 90' lang='lat' dir='ltr'><strong>est</strong></span> <span class='ocrx_word' id='word_1_132' title='bbox 1238 1894 1611 1961; x_wconf 89' lang='lat' dir='ltr'><strong>Apellitarum,</strong></span> <span class='ocrx_word' id='word_1_133' title='bbox 1651 1897 1720 1948; x_wconf 89' lang='lat' dir='ltr'><strong>ita</strong></span> <span class='ocrx_word' id='word_1_134' title='bbox 1755 1898 1825 1949; x_wconf 88' lang='lat' dir='ltr'><strong>ait</strong></span> <span class='ocrx_word' id='word_1_135' title='bbox 1857 1913 1872 1949; x_wconf 91' lang='lat'><strong>:</strong></span> <span class='ocrx_word' id='word_1_136' title='bbox 1945 1917 1963 1949; x_wconf 77' lang='grc' dir='ltr'>ι</span> <span class='ocrx_word' id='word_1_137' title='bbox 2004 1899 2108 1953; x_wconf 85' lang='lat' dir='ltr'><strong>llos</strong></span> 
     </span>
    </p>
   </div>
   <div class='ocr_carea' id='block_1_21' title="bbox 573 1978 2106 2051">
    <p class='ocr_par' dir='ltr' id='par_1_21' title="bbox 573 1978 2106 2051">
     <span class='ocr_line' id='line_1_21' title="bbox 573 1978 2106 2051; baseline 0.005 -18"><span class='ocrx_word' id='word_1_138' title='bbox 573 1978 828 2048; x_wconf 87' lang='lat' dir='ltr'><strong>Origenes</strong></span> <span class='ocrx_word' id='word_1_139' title='bbox 857 1982 927 2034; x_wconf 89' lang='lat' dir='ltr'><strong>ita</strong></span> <span class='ocrx_word' id='word_1_140' title='bbox 981 1981 1214 2048; x_wconf 82' lang='lat' dir='ltr'><strong>perfecte</strong></span> <span class='ocrx_word' id='word_1_141' title='bbox 1264 1983 1554 2051; x_wconf 80' lang='lat' dir='ltr'><strong>superavit,</strong></span> <span class='ocrx_word' id='word_1_142' title='bbox 1584 1994 1639 2036; x_wconf 92' lang='lat' dir='ltr'><strong>ut</strong></span> <span class='ocrx_word' id='word_1_143' title='bbox 1700 2000 1883 2038; x_wconf 89' lang='lat' dir='ltr'><strong>eorum</strong></span> <span class='ocrx_word' id='word_1_144' title='bbox 1948 2001 2106 2040; x_wconf 89' lang='lat' dir='ltr'><strong>causa</strong></span> 
     </span>
    </p>
   </div>
   <div class='ocr_carea' id='block_1_22' title="bbox 573 2068 2108 2143">
    <p class='ocr_par' dir='ltr' id='par_1_22' title="bbox 573 2068 2108 2143">
     <span class='ocr_line' id='line_1_22' title="bbox 573 2068 2108 2143; baseline 0.005 -24"><span class='ocrx_word' id='word_1_145' title='bbox 573 2068 910 2139; x_wconf 75' lang='grc' dir='ltr'>περιοδευτὴς</span> <span class='ocrx_word' id='word_1_146' title='bbox 935 2070 1234 2139; x_wconf 89' lang='lat' dir='ltr'><strong>(circuitor)</strong></span> <span class='ocrx_word' id='word_1_147' title='bbox 1259 2072 1430 2135; x_wconf 85' lang='lat' dir='ltr'><strong>ﬁeret,</strong></span> <span class='ocrx_word' id='word_1_148' title='bbox 1462 2081 1513 2124; x_wconf 90' lang='lat' dir='ltr'><strong>et</strong></span> <span class='ocrx_word' id='word_1_149' title='bbox 1541 2087 1633 2141; x_wconf 87' lang='lat' dir='ltr'><strong>per</strong></span> <span class='ocrx_word' id='word_1_150' title='bbox 1668 2073 1902 2140; x_wconf 83' lang='lat' dir='ltr'><strong>singulas</strong></span> <span class='ocrx_word' id='word_1_151' title='bbox 1946 2090 2108 2143; x_wconf 87' lang='lat' dir='ltr'><strong>quas-</strong></span> 
     </span>
    </p>
   </div>
   <div class='ocr_carea' id='block_1_23' title="bbox 573 2159 2105 2232">
    <p class='ocr_par' dir='ltr' id='par_1_23' title="bbox 573 2159 2105 2232">
     <span class='ocr_line' id='line_1_23' title="bbox 573 2159 2105 2232; baseline 0.005 -23"><span class='ocrx_word' id='word_1_152' title='bbox 573 2174 675 2223; x_wconf 83' lang='lat' dir='ltr'><strong>que</strong></span> <span class='ocrx_word' id='word_1_153' title='bbox 705 2160 861 2212; x_wconf 86' lang='lat' dir='ltr'><strong>urbes</strong></span> <span class='ocrx_word' id='word_1_154' title='bbox 882 2174 990 2226; x_wconf 80' lang='lat' dir='ltr'><strong>per</strong></span> <span class='ocrx_word' id='word_1_155' title='bbox 1014 2159 1281 2213; x_wconf 87' lang='lat' dir='ltr'><strong>Orientem</strong></span> <span class='ocrx_word' id='word_1_156' title='bbox 1305 2163 1477 2215; x_wconf 91' lang='lat' dir='ltr'><strong>eundo</strong></span> <span class='ocrx_word' id='word_1_157' title='bbox 1522 2163 1853 2230; x_wconf 65' lang='lat' dir='ltr'><strong>priedicaret.</strong></span> <span class='ocrx_word' id='word_1_158' title='bbox 1885 2164 1947 2217; x_wconf 87' lang='lat' dir='ltr'><strong>Et</strong></span> <span class='ocrx_word' id='word_1_159' title='bbox 1984 2166 2105 2232; x_wconf 82' lang='lat' dir='ltr'><strong>quia</strong></span> 
     </span>
    </p>
   </div>
   <div class='ocr_carea' id='block_1_24' title="bbox 573 2242 2109 2315">
    <p class='ocr_par' dir='ltr' id='par_1_24' title="bbox 573 2242 2109 2315">
     <span class='ocr_line' id='line_1_24' title="bbox 573 2242 2109 2315; baseline 0.007 -21"><span class='ocrx_word' id='word_1_160' title='bbox 573 2242 974 2298; x_wconf 80' lang='lat' dir='ltr'><strong>innumerabilia</strong></span> <span class='ocrx_word' id='word_1_161' title='bbox 1027 2255 1149 2298; x_wconf 92' lang='lat' dir='ltr'><strong>sunt</strong></span> <span class='ocrx_word' id='word_1_162' title='bbox 1182 2255 1527 2299; x_wconf 90' lang='lat' dir='ltr'><strong>tractatorum</strong></span> <span class='ocrx_word' id='word_1_163' title='bbox 1552 2248 1664 2315; x_wconf 90' lang='lat' dir='ltr'><strong>ejus</strong></span> <span class='ocrx_word' id='word_1_164' title='bbox 1690 2249 1980 2315; x_wconf 83' lang='lat' dir='ltr'><strong>volumina,</strong></span> <span class='ocrx_word' id='word_1_165' title='bbox 2008 2254 2109 2305; x_wconf 64' lang='lat' dir='ltr'><strong>ha?-</strong></span> 
     </span>
    </p>
   </div>
   <div class='ocr_carea' id='block_1_25' title="bbox 574 2330 2108 2399">
    <p class='ocr_par' dir='ltr' id='par_1_25' title="bbox 574 2330 2108 2399">
     <span class='ocr_line' id='line_1_25' title="bbox 574 2330 2108 2399; baseline 0.006 -17"><span class='ocrx_word' id='word_1_166' title='bbox 574 2330 726 2385; x_wconf 90' lang='lat' dir='ltr'><strong>retici</strong></span> <span class='ocrx_word' id='word_1_167' title='bbox 756 2333 987 2399; x_wconf 75' lang='lat' dir='ltr'><strong>superati</strong></span> <span class='ocrx_word' id='word_1_168' title='bbox 1019 2334 1184 2387; x_wconf 88' lang='lat' dir='ltr'><strong>libros</strong></span> <span class='ocrx_word' id='word_1_169' title='bbox 1213 2334 1326 2399; x_wconf 87' lang='lat' dir='ltr'><strong>ejus</strong></span> <span class='ocrx_word' id='word_1_170' title='bbox 1356 2336 1421 2387; x_wconf 91' lang='lat' dir='ltr'><strong>ad</strong></span> <span class='ocrx_word' id='word_1_171' title='bbox 1468 2351 1591 2389; x_wconf 90' lang='lat' dir='ltr'><strong>suos</strong></span> <span class='ocrx_word' id='word_1_172' title='bbox 1622 2337 1797 2389; x_wconf 88' lang='lat' dir='ltr'><strong>libitus</strong></span> <span class='ocrx_word' id='word_1_173' title='bbox 1829 2339 2108 2393; x_wconf 89' lang='lat' dir='ltr'><strong>callidissi-</strong></span> 
     </span>
    </p>
   </div>
   <div class='ocr_carea' id='block_1_26' title="bbox 573 2425 2106 2492">
    <p class='ocr_par' dir='ltr' id='par_1_26' title="bbox 573 2425 2106 2492">
     <span class='ocr_line' id='line_1_26' title="bbox 573 2425 2106 2492; baseline 0.006 -21"><span class='ocrx_word' id='word_1_174' title='bbox 573 2436 655 2472; x_wconf 86' lang='lat' dir='ltr'><strong>ma</strong></span> <span class='ocrx_word' id='word_1_175' title='bbox 684 2425 1139 2489; x_wconf 82' lang='lat' dir='ltr'><strong>argumentatione</strong></span> <span class='ocrx_word' id='word_1_176' title='bbox 1170 2433 1462 2487; x_wconf 89' lang='lat' dir='ltr'><strong>mutarunt,</strong></span> <span class='ocrx_word' id='word_1_177' title='bbox 1501 2437 1708 2492; x_wconf 91' lang='lat' dir='ltr'><strong>utquos</strong></span> <span class='ocrx_word' id='word_1_178' title='bbox 1744 2428 1939 2481; x_wconf 79' lang='lat' dir='ltr'><strong>vellent</strong></span> <span class='ocrx_word' id='word_1_179' title='bbox 1965 2430 2106 2482; x_wconf 91' lang='lat' dir='ltr'><strong>deci-</strong></span> 
     </span>
    </p>
   </div>
   <div class='ocr_carea' id='block_1_27' title="bbox 572 2511 2104 2584">
    <p class='ocr_par' dir='ltr' id='par_1_27' title="bbox 572 2511 2104 2584">
     <span class='ocr_line' id='line_1_27' title="bbox 572 2511 2104 2584; baseline 0.007 -22"><span class='ocrx_word' id='word_1_180' title='bbox 572 2511 987 2578; x_wconf 90' lang='lat' dir='ltr'><strong>pere,dicerent</strong></span> <span class='ocrx_word' id='word_1_181' title='bbox 1052 2514 1121 2566; x_wconf 88' lang='lat' dir='ltr'><strong>ita</strong></span> <span class='ocrx_word' id='word_1_182' title='bbox 1177 2514 1455 2581; x_wconf 87' lang='lat' dir='ltr'><strong>Origenem</strong></span> <span class='ocrx_word' id='word_1_183' title='bbox 1509 2516 1620 2569; x_wconf 92' lang='lat' dir='ltr'><strong>suis</strong></span> <span class='ocrx_word' id='word_1_184' title='bbox 1674 2517 2104 2584; x_wconf 84' lang='lat' dir='ltr'><strong>Expositionibus</strong></span> 
     </span>
    </p>
   </div>
   <div class='ocr_carea' id='block_1_28' title="bbox 570 2597 2100 2671">
    <p class='ocr_par' dir='ltr' id='par_1_28' title="bbox 570 2597 2100 2671">
     <span class='ocr_line' id='line_1_28' title="bbox 570 2597 2100 2671; baseline 0.005 -21"><span class='ocrx_word' id='word_1_185' title='bbox 570 2597 841 2653; x_wconf 76' lang='lat' dir='ltr'><strong>definisse.</strong></span> <span class='ocrx_word' id='word_1_186' title='bbox 886 2599 1033 2654; x_wconf 88' lang='lat' dir='ltr'><strong>Unde</strong></span> <span class='ocrx_word' id='word_1_187' title='bbox 1066 2603 1369 2671; x_wconf 88' lang='lat' dir='ltr'><strong>quicunque</strong></span> <span class='ocrx_word' id='word_1_188' title='bbox 1397 2618 1561 2670; x_wconf 89' lang='lat' dir='ltr'><strong>usque</strong></span> <span class='ocrx_word' id='word_1_189' title='bbox 1609 2605 1768 2658; x_wconf 86' lang='lat' dir='ltr'><strong>hodie</strong></span> <span class='ocrx_word' id='word_1_190' title='bbox 1820 2606 2100 2671; x_wconf 64' lang='lat' dir='ltr'><strong>Origene:-</strong></span> 
     </span>
    </p>
   </div>
   <div class='ocr_carea' id='block_1_29' title="bbox 570 2686 2101 2765">
    <p class='ocr_par' dir='ltr' id='par_1_29' title="bbox 570 2686 2101 2765">
     <span class='ocr_line' id='line_1_29' title="bbox 570 2686 2101 2765; baseline 0.009 -27"><span class='ocrx_word' id='word_1_191' title='bbox 570 2686 716 2755; x_wconf 88' lang='lat' dir='ltr'><strong>legit,</strong></span> <span class='ocrx_word' id='word_1_192' title='bbox 739 2688 782 2742; x_wconf 86' lang='lat' dir='ltr'><strong>si</strong></span> <span class='ocrx_word' id='word_1_193' title='bbox 818 2691 1058 2756; x_wconf 91' lang='lat' dir='ltr'><strong>prudenti</strong></span> <span class='ocrx_word' id='word_1_194' title='bbox 1090 2706 1208 2745; x_wconf 92' lang='lat' dir='ltr'><strong>eum</strong></span> <span class='ocrx_word' id='word_1_195' title='bbox 1237 2693 1381 2745; x_wconf 87' lang='lat' dir='ltr'><strong>novit</strong></span> <span class='ocrx_word' id='word_1_196' title='bbox 1414 2694 1724 2748; x_wconf 85' lang='lat' dir='ltr'><strong>recitatione</strong></span> <span class='ocrx_word' id='word_1_197' title='bbox 1755 2696 2101 2765; x_wconf 66' lang='lat' dir='ltr'><strong>distinguere,</strong></span> 
     </span>
    </p>
   </div>
   <div class='ocr_carea' id='block_1_30' title="bbox 567 2776 2099 2852">
    <p class='ocr_par' dir='ltr' id='par_1_30' title="bbox 567 2776 2099 2852">
     <span class='ocr_line' id='line_1_30' title="bbox 567 2776 2099 2852; baseline 0.007 -23"><span class='ocrx_word' id='word_1_198' title='bbox 567 2776 917 2845; x_wconf 83' lang='lat' dir='ltr'><strong>deprehendit</strong></span> <span class='ocrx_word' id='word_1_199' title='bbox 944 2780 1054 2835; x_wconf 89' lang='lat' dir='ltr'><strong>loca</strong></span> <span class='ocrx_word' id='word_1_200' title='bbox 1078 2784 1143 2837; x_wconf 91' lang='lat' dir='ltr'><strong>ab</strong></span> <span class='ocrx_word' id='word_1_201' title='bbox 1181 2785 1441 2839; x_wconf 73' lang='lat' dir='ltr'><strong>haereticis</strong></span> <span class='ocrx_word' id='word_1_202' title='bbox 1477 2786 1757 2840; x_wconf 84' lang='lat' dir='ltr'><strong>maculata.</strong></span> <span class='ocrx_word' id='word_1_203' title='bbox 1819 2786 1968 2852; x_wconf 84' lang='lat' dir='ltr'><strong>Quod</strong></span> <span class='ocrx_word' id='word_1_204' title='bbox 2029 2789 2099 2841; x_wconf 91' lang='lat' dir='ltr'><strong>ita</strong></span> 
     </span>
    </p>
   </div>
   <div class='ocr_carea' id='block_1_31' title="bbox 567 2872 2100 2947">
    <p class='ocr_par' dir='ltr' id='par_1_31' title="bbox 567 2872 2100 2947">
     <span class='ocr_line' id='line_1_31' title="bbox 567 2872 2100 2947; baseline 0.008 -28"><span class='ocrx_word' id='word_1_205' title='bbox 567 2881 689 2921; x_wconf 90' lang='lat' dir='ltr'><strong>esse</strong></span> <span class='ocrx_word' id='word_1_206' title='bbox 716 2879 928 2924; x_wconf 90' lang='lat' dir='ltr'><strong>sanctus</strong></span> <span class='ocrx_word' id='word_1_207' title='bbox 953 2872 1263 2943; x_wconf 88' lang='lat' dir='ltr'><strong>Pamphilus</strong></span> <span class='ocrx_word' id='word_1_208' title='bbox 1296 2887 1498 2947; x_wconf 80' lang='lat' dir='ltr'><strong>martyr</strong></span> <span class='ocrx_word' id='word_1_209' title='bbox 1522 2880 1571 2931; x_wconf 85' lang='lat' dir='ltr'><strong>in</strong></span> <span class='ocrx_word' id='word_1_210' title='bbox 1620 2892 1715 2931; x_wconf 91' lang='lat' dir='ltr'><strong>suo</strong></span> <span class='ocrx_word' id='word_1_211' title='bbox 1771 2878 2100 2946; x_wconf 83' lang='lat' dir='ltr'><strong>Apologetico</strong></span> 
     </span>
    </p>
   </div>
   <div class='ocr_carea' id='block_1_32' title="bbox 568 2957 2101 3036">
    <p class='ocr_par' dir='ltr' id='par_1_32' title="bbox 568 2957 2101 3036">
     <span class='ocr_line' id='line_1_32' title="bbox 568 2957 2101 3036; baseline 0.01 -29"><span class='ocrx_word' id='word_1_212' title='bbox 568 2957 875 3015; x_wconf 86' lang='lat' dir='ltr'><strong>declaravit.</strong></span> <span class='ocrx_word' id='word_1_213' title='bbox 917 2981 936 3013; x_wconf 82' lang='grc' dir='ltr'><strong><em>ι</em></strong></span> <span class='ocrx_word' id='word_1_214' title='bbox 970 2962 1035 3018; x_wconf 87' lang='lat' dir='ltr'><strong>Et</strong></span> <span class='ocrx_word' id='word_1_215' title='bbox 1066 2966 1254 3019; x_wconf 70' lang='lat' dir='ltr'><strong>Interesi</strong></span> <span class='ocrx_word' id='word_1_216' title='bbox 1286 2983 1439 3034; x_wconf 74' lang='lat' dir='ltr'><strong>mu,</strong></span> <span class='ocrx_word' id='word_1_217' title='bbox 1492 2978 1772 3036; x_wconf 80' lang='lat' dir='ltr'><strong>postquam</strong></span> <span class='ocrx_word' id='word_1_218' title='bbox 1804 2967 1937 3020; x_wconf 82' lang='lat' dir='ltr'><strong>dixit</strong></span> <span class='ocrx_word' id='word_1_219' title='bbox 1993 2979 2101 3022; x_wconf 91' lang='lat' dir='ltr'><strong>tres</strong></span> 
     </span>
    </p>
   </div>
   <div class='ocr_carea' id='block_1_33' title="bbox 569 3044 2097 3125">
    <p class='ocr_par' dir='ltr' id='par_1_33' title="bbox 569 3044 2097 3125">
     <span class='ocr_line' id='line_1_33' title="bbox 569 3044 2097 3125; baseline 0.008 -27"><span class='ocrx_word' id='word_1_220' title='bbox 569 3044 730 3102; x_wconf 80' lang='lat' dir='ltr'><strong>fuisse</strong></span> <span class='ocrx_word' id='word_1_221' title='bbox 758 3048 1029 3119; x_wconf 83' lang='lat' dir='ltr'><strong>Origenes,</strong></span> <span class='ocrx_word' id='word_1_222' title='bbox 1058 3070 1217 3108; x_wconf 92' lang='lat' dir='ltr'><strong>unum</strong></span> <span class='ocrx_word' id='word_1_223' title='bbox 1263 3057 1454 3125; x_wconf 89' lang='lat' dir='ltr'><strong>Syrum</strong></span> <span class='ocrx_word' id='word_1_224' title='bbox 1491 3058 1981 3119; x_wconf 84' lang='lat' dir='ltr'><strong>sceleratissimum,</strong></span> <span class='ocrx_word' id='word_1_225' title='bbox 2012 3059 2097 3124; x_wconf 92' lang='lat' dir='ltr'><strong>qui</strong></span> 
     </span>
    </p>
   </div>
   <div class='ocr_carea' id='block_1_34' title="bbox 568 3137 2100 3211">
    <p class='ocr_par' dir='ltr' id='par_1_34' title="bbox 568 3137 2100 3211">
     <span class='ocr_line' id='line_1_34' title="bbox 568 3137 2100 3211; baseline 0.008 -25"><span class='ocrx_word' id='word_1_226' title='bbox 568 3137 741 3204; x_wconf 89' lang='lat' dir='ltr'><strong>turpia</strong></span> <span class='ocrx_word' id='word_1_227' title='bbox 768 3140 1025 3203; x_wconf 87' lang='lat' dir='ltr'><strong>docuerit,</strong></span> <span class='ocrx_word' id='word_1_228' title='bbox 1057 3143 1279 3195; x_wconf 91' lang='lat' dir='ltr'><strong>alterum</strong></span> <span class='ocrx_word' id='word_1_229' title='bbox 1310 3145 1397 3211; x_wconf 90' lang='lat' dir='ltr'><strong>qui</strong></span> <span class='ocrx_word' id='word_1_230' title='bbox 1448 3154 1500 3199; x_wconf 92' lang='lat' dir='ltr'><strong>et</strong></span> <span class='ocrx_word' id='word_1_231' title='bbox 1531 3156 1854 3199; x_wconf 91' lang='lat' dir='ltr'><strong>mortuorum</strong></span> <span class='ocrx_word' id='word_1_232' title='bbox 1924 3161 2100 3201; x_wconf 61' lang='lat' dir='ltr'><strong>resur.</strong></span> 
     </span>
    </p>
   </div>
   <div class='ocr_carea' id='block_1_35' title="bbox 568 3226 2098 3303">
    <p class='ocr_par' dir='ltr' id='par_1_35' title="bbox 568 3226 2098 3303">
     <span class='ocr_line' id='line_1_35' title="bbox 568 3226 2098 3303; baseline 0.009 -29"><span class='ocrx_word' id='word_1_233' title='bbox 568 3226 852 3280; x_wconf 88' lang='lat' dir='ltr'><strong>rectionem</strong></span> <span class='ocrx_word' id='word_1_234' title='bbox 872 3231 1114 3297; x_wconf 84' lang='lat' dir='ltr'><strong>negabat,</strong></span> <span class='ocrx_word' id='word_1_235' title='bbox 1141 3242 1195 3284; x_wconf 92' lang='lat' dir='ltr'><strong>et</strong></span> <span class='ocrx_word' id='word_1_236' title='bbox 1217 3232 1410 3286; x_wconf 89' lang='lat' dir='ltr'><strong>Christi</strong></span> <span class='ocrx_word' id='word_1_237' title='bbox 1437 3243 1735 3287; x_wconf 88' lang='lat' dir='ltr'><strong>creaturam</strong></span> <span class='ocrx_word' id='word_1_238' title='bbox 1762 3249 1879 3289; x_wconf 88' lang='lat' dir='ltr'><strong>esse</strong></span> <span class='ocrx_word' id='word_1_239' title='bbox 1926 3235 2098 3303; x_wconf 88' lang='lat' dir='ltr'><strong>Spiri-</strong></span> 
     </span>
    </p>
   </div>
   <div class='ocr_carea' id='block_1_36' title="bbox 568 3320 2101 3388">
    <p class='ocr_par' dir='ltr' id='par_1_36' title="bbox 568 3320 2101 3388">
     <span class='ocr_line' id='line_1_36' title="bbox 568 3320 2101 3388; baseline 0.011 -25"><span class='ocrx_word' id='word_1_240' title='bbox 568 3321 677 3365; x_wconf 90' lang='lat' dir='ltr'><strong>tum</strong></span> <span class='ocrx_word' id='word_1_241' title='bbox 726 3327 967 3370; x_wconf 87' lang='lat' dir='ltr'><strong>sanctum</strong></span> <span class='ocrx_word' id='word_1_242' title='bbox 1001 3320 1239 3383; x_wconf 90' lang='lat' dir='ltr'><strong>dicebat,</strong></span> <span class='ocrx_word' id='word_1_243' title='bbox 1295 3323 1593 3388; x_wconf 84' lang='lat' dir='ltr'><strong>paradisum</strong></span> <span class='ocrx_word' id='word_1_244' title='bbox 1626 3332 1800 3375; x_wconf 91' lang='lat' dir='ltr'><strong>autem</strong></span> <span class='ocrx_word' id='word_1_245' title='bbox 1832 3332 1883 3375; x_wconf 92' lang='lat' dir='ltr'><strong>et</strong></span> <span class='ocrx_word' id='word_1_246' title='bbox 1934 3327 2101 3380; x_wconf 62' lang='lat' dir='ltr'><strong>caelos</strong></span> 
     </span>
    </p>
   </div>
   <div class='ocr_carea' id='block_1_37' title="bbox 564 3401 2098 3482">
    <p class='ocr_par' dir='ltr' id='par_1_37' title="bbox 564 3401 2098 3482">
     <span class='ocr_line' id='line_1_37' title="bbox 564 3401 2098 3482; baseline 0.01 -30"><span class='ocrx_word' id='word_1_247' title='bbox 564 3401 847 3469; x_wconf 85' lang='lat' dir='ltr'><strong>allegorice</strong></span> <span class='ocrx_word' id='word_1_248' title='bbox 896 3406 1033 3459; x_wconf 86' lang='lat' dir='ltr'><strong>dicta</strong></span> <span class='ocrx_word' id='word_1_249' title='bbox 1067 3422 1187 3461; x_wconf 90' lang='lat' dir='ltr'><strong>esse</strong></span> <span class='ocrx_word' id='word_1_250' title='bbox 1241 3408 1559 3475; x_wconf 86' lang='lat' dir='ltr'><strong>alllrmabat,</strong></span> <span class='ocrx_word' id='word_1_251' title='bbox 1627 3412 1739 3465; x_wconf 63' lang='lat' dir='ltr'><strong>hinc</strong></span> <span class='ocrx_word' id='word_1_252' title='bbox 1788 3412 2098 3482; x_wconf 85' lang='lat' dir='ltr'><strong>snbjungit:</strong></span> 
     </span>
    </p>
   </div>
   <div class='ocr_carea' id='block_1_38' title="bbox 569 3487 2097 3567">
    <p class='ocr_par' dir='ltr' id='par_1_38' title="bbox 569 3487 2097 3567">
     <span class='ocr_line' id='line_1_38' title="bbox 569 3487 2097 3567; baseline 0.012 -28"><span class='ocrx_word' id='word_1_253' title='bbox 569 3506 590 3539; x_wconf 84' lang='grc'><strong><em>‹</em></strong></span> <span class='ocrx_word' id='word_1_254' title='bbox 621 3487 685 3541; x_wconf 85' lang='lat' dir='ltr'><strong>Hi</strong></span> <span class='ocrx_word' id='word_1_255' title='bbox 717 3492 819 3544; x_wconf 91' lang='lat' dir='ltr'><strong>duo</strong></span> <span class='ocrx_word' id='word_1_256' title='bbox 846 3492 1102 3559; x_wconf 78' lang='lat' dir='ltr'><strong>Origenes</strong></span> <span class='ocrx_word' id='word_1_257' title='bbox 1121 3511 1282 3563; x_wconf 87' lang='lat' dir='ltr'><strong>prava</strong></span> <span class='ocrx_word' id='word_1_258' title='bbox 1312 3513 1533 3567; x_wconf 66' lang='lat' dir='ltr'><strong>quaeque</strong></span> <span class='ocrx_word' id='word_1_259' title='bbox 1577 3500 1925 3566; x_wconf 88' lang='lat' dir='ltr'><strong>scripserunt.</strong></span> <span class='ocrx_word' id='word_1_260' title='bbox 1977 3503 2097 3557; x_wconf 76' lang='lat' dir='ltr'><strong>lite-</strong></span> 
     </span>
    </p>
   </div>
   <div class='ocr_carea' id='block_1_39' title="bbox 567 3579 2099 3657">
    <p class='ocr_par' dir='ltr' id='par_1_39' title="bbox 567 3579 2099 3657">
     <span class='ocr_line' id='line_1_39' title="bbox 567 3579 2099 3657; baseline 0.01 -28"><span class='ocrx_word' id='word_1_261' title='bbox 567 3579 714 3631; x_wconf 91' lang='lat' dir='ltr'><strong>retici</strong></span> <span class='ocrx_word' id='word_1_262' title='bbox 742 3590 794 3633; x_wconf 90' lang='lat' dir='ltr'><strong>et</strong></span> <span class='ocrx_word' id='word_1_263' title='bbox 828 3585 1062 3648; x_wconf 82' lang='lat' dir='ltr'><strong>perversi</strong></span> <span class='ocrx_word' id='word_1_264' title='bbox 1110 3586 1351 3641; x_wconf 88' lang='lat' dir='ltr'><strong>doctores</strong></span> <span class='ocrx_word' id='word_1_265' title='bbox 1379 3597 1561 3642; x_wconf 88' lang='lat' dir='ltr'><strong>nostro</strong></span> <span class='ocrx_word' id='word_1_266' title='bbox 1588 3588 1801 3657; x_wconf 86' lang='lat' dir='ltr'><strong>Origeni</strong></span> <span class='ocrx_word' id='word_1_267' title='bbox 1837 3591 2099 3645; x_wconf 82' lang='lat' dir='ltr'><strong>catholico</strong></span> 
     </span>
    </p>
   </div>
   <div class='ocr_carea' id='block_1_40' title="bbox 567 3663 2100 3746">
    <p class='ocr_par' dir='ltr' id='par_1_40' title="bbox 567 3663 2100 3746">
     <span class='ocr_line' id='line_1_40' title="bbox 567 3663 2100 3746; baseline 0.011 -29"><span class='ocrx_word' id='word_1_268' title='bbox 567 3670 839 3722; x_wconf 82' lang='lat' dir='ltr'><strong>tractatori</strong></span> <span class='ocrx_word' id='word_1_269' title='bbox 872 3663 1218 3737; x_wconf 85' lang='lat' dir='ltr'><strong>miscuerunt,</strong></span> <span class='ocrx_word' id='word_1_270' title='bbox 1248 3677 1700 3744; x_wconf 88' lang='lat' dir='ltr'><strong>ntadimpleretur</strong></span> <span class='ocrx_word' id='word_1_271' title='bbox 1728 3679 1867 3746; x_wconf 89' lang='lat' dir='ltr'><strong>quod</strong></span> <span class='ocrx_word' id='word_1_272' title='bbox 1908 3680 2100 3734; x_wconf 90' lang='lat' dir='ltr'><strong>dicitur</strong></span> 
     </span>
    </p>
   </div>
   <div class='ocr_carea' id='block_1_41' title="bbox 565 3750 2099 3832">
    <p class='ocr_par' dir='ltr' id='par_1_41' title="bbox 565 3750 2099 3832">
     <span class='ocr_line' id='line_1_41' title="bbox 565 3750 2099 3832; baseline 0.01 -25"><span class='ocrx_word' id='word_1_273' title='bbox 565 3770 595 3807; x_wconf 91' lang='lat' dir='ltr'><strong>a</strong></span> <span class='ocrx_word' id='word_1_274' title='bbox 644 3755 865 3813; x_wconf 89' lang='lat' dir='ltr'><strong>Domino</strong></span> <span class='ocrx_word' id='word_1_275' title='bbox 906 3760 959 3813; x_wconf 90' lang='lat' dir='ltr'><strong>in</strong></span> <span class='ocrx_word' id='word_1_276' title='bbox 1011 3762 1367 3832; x_wconf 78' lang='lat' dir='ltr'><strong>Evangeliis”</strong></span> <span class='ocrx_word' id='word_1_277' title='bbox 1400 3784 1414 3819; x_wconf 93' lang='lat'>:</span> <span class='ocrx_word' id='word_1_278' title='bbox 1449 3765 1636 3820; x_wconf 85' lang='lat' dir='ltr'><strong>Nonne</strong></span> <span class='ocrx_word' id='word_1_279' title='bbox 1691 3750 1880 3820; x_wconf 75' lang='lat' dir='ltr'><strong>bonum</strong></span> <span class='ocrx_word' id='word_1_280' title='bbox 1928 3785 2099 3823; x_wconf 80' lang='lat' dir='ltr'><strong>semen</strong></span> 
     </span>
    </p>
   </div>
   <div class='ocr_carea' id='block_1_42' title="bbox 561 3845 2100 3924">
    <p class='ocr_par' dir='ltr' id='par_1_42' title="bbox 561 3845 2100 3924">
     <span class='ocr_line' id='line_1_42' title="bbox 561 3845 2100 3924; baseline 0.013 -30"><span class='ocrx_word' id='word_1_281' title='bbox 561 3845 826 3899; x_wconf 76' lang='lat' dir='ltr'><strong>seminasti</strong></span> <span class='ocrx_word' id='word_1_282' title='bbox 880 3849 932 3901; x_wconf 83' lang='lat' dir='ltr'><strong>in</strong></span> <span class='ocrx_word' id='word_1_283' title='bbox 984 3867 1108 3919; x_wconf 88' lang='lat' dir='ltr'><strong>agro</strong></span> <span class='ocrx_word' id='word_1_284' title='bbox 1158 3855 1284 3907; x_wconf 84' lang='lat' dir='ltr'><strong>tuo?</strong></span> <span class='ocrx_word' id='word_1_285' title='bbox 1335 3853 1482 3908; x_wconf 85' lang='lat' dir='ltr'><strong>Unde</strong></span> <span class='ocrx_word' id='word_1_286' title='bbox 1536 3872 1655 3924; x_wconf 80' lang='lat' dir='ltr'><strong>ergo</strong></span> <span class='ocrx_word' id='word_1_287' title='bbox 1686 3857 1795 3910; x_wconf 76' lang='lat' dir='ltr'><strong>Itth</strong></span> <span class='ocrx_word' id='word_1_288' title='bbox 1840 3858 2100 3914; x_wconf 70' lang='lat' dir='ltr'><strong>zizania.’</strong></span> 
     </span>
    </p>
   </div>
   <div class='ocr_carea' id='block_1_43' title="bbox 562 3930 2082 4016">
    <p class='ocr_par' dir='ltr' id='par_1_43' title="bbox 562 3930 2082 4016">
     <span class='ocr_line' id='line_1_43' title="bbox 562 3930 2082 4016; baseline 0.012 -33"><span class='ocrx_word' id='word_1_289' title='bbox 562 3930 665 3996; x_wconf 82' lang='lat' dir='ltr'><strong>Qui</strong></span> <span class='ocrx_word' id='word_1_290' title='bbox 714 3939 1018 4002; x_wconf 78' lang='lat' dir='ltr'><strong>respondens</strong></span> <span class='ocrx_word' id='word_1_291' title='bbox 1051 3942 1123 3994; x_wconf 80' lang='lat' dir='ltr'><strong>ait</strong></span> <span class='ocrx_word' id='word_1_292' title='bbox 1196 3962 1216 4000; x_wconf 90' lang='lat'><strong><em>:</em></strong></span> <span class='ocrx_word' id='word_1_293' title='bbox 1265 3943 1516 3998; x_wconf 79' lang='lat' dir='ltr'><strong>Inimicus</strong></span> <span class='ocrx_word' id='word_1_294' title='bbox 1569 3947 1722 3998; x_wconf 83' lang='lat' dir='ltr'><strong>homo</strong></span> <span class='ocrx_word' id='word_1_295' title='bbox 1772 3947 1883 3998; x_wconf 65' lang='lat' dir='ltr'><strong>haec</strong></span> <span class='ocrx_word' id='word_1_296' title='bbox 1938 3947 2082 4016; x_wconf 78' lang='lat' dir='ltr'><strong>fecit.</strong></span> 
     </span>
    </p>
   </div>
   <div class='ocr_carea' id='block_1_44' title="bbox 560 4022 2094 4102">
    <p class='ocr_par' dir='ltr' id='par_1_44' title="bbox 560 4022 2094 4102">
     <span class='ocr_line' id='line_1_44' title="bbox 560 4022 2094 4102; baseline 0.011 -28"><span class='ocrx_word' id='word_1_297' title='bbox 560 4022 681 4075; x_wconf 86' lang='lat' dir='ltr'><strong>Ideo</strong></span> <span class='ocrx_word' id='word_1_298' title='bbox 711 4028 852 4079; x_wconf 91' lang='lat' dir='ltr'><strong>enim</strong></span> <span class='ocrx_word' id='word_1_299' title='bbox 893 4030 1175 4099; x_wconf 87' lang='lat' dir='ltr'><strong>Origenem</strong></span> <span class='ocrx_word' id='word_1_300' title='bbox 1239 4033 1473 4102; x_wconf 81' lang='lat' dir='ltr'><strong>legentes</strong></span> <span class='ocrx_word' id='word_1_301' title='bbox 1525 4036 1824 4089; x_wconf 87' lang='lat' dir='ltr'><strong>invenimus</strong></span> <span class='ocrx_word' id='word_1_302' title='bbox 1869 4039 2094 4092; x_wconf 88' lang='lat' dir='ltr'><strong>catholi-</strong></span> 
     </span>
    </p>
   </div>
   <div class='ocr_carea' id='block_1_45' title="bbox 558 4121 2090 4181">
    <p class='ocr_par' dir='ltr' id='par_1_45' title="bbox 558 4121 2090 4181">
     <span class='ocr_line' id='line_1_45' title="bbox 558 4121 2090 4181; baseline 0.012 -19"><span class='ocrx_word' id='word_1_303' title='bbox 558 4125 698 4176; x_wconf 89' lang='lat' dir='ltr'><strong>cum,</strong></span> <span class='ocrx_word' id='word_1_304' title='bbox 729 4125 782 4168; x_wconf 92' lang='lat' dir='ltr'><strong>et</strong></span> <span class='ocrx_word' id='word_1_305' title='bbox 807 4129 990 4172; x_wconf 89' lang='lat' dir='ltr'><strong>contra</strong></span> <span class='ocrx_word' id='word_1_306' title='bbox 1022 4121 1258 4177; x_wconf 70' lang='lat' dir='ltr'><strong>htereses</strong></span> <span class='ocrx_word' id='word_1_307' title='bbox 1293 4125 1631 4177; x_wconf 85' lang='lat' dir='ltr'><strong>dimicantem</strong></span> <span class='ocrx_word' id='word_1_308' title='bbox 1662 4133 1715 4177; x_wconf 93' lang='lat' dir='ltr'><strong>et</strong></span> <span class='ocrx_word' id='word_1_309' title='bbox 1741 4126 2041 4178; x_wconf 88' lang='lat' dir='ltr'><strong>vincentem</strong></span> <span class='ocrx_word' id='word_1_310' title='bbox 2074 4144 2090 4181; x_wconf 86' lang='lat'><strong>:</strong></span> 
     </span>
    </p>
   </div>
   <div class='ocr_carea' id='block_1_46' title="bbox 559 4198 2089 4282">
    <p class='ocr_par' dir='ltr' id='par_1_46' title="bbox 559 4198 2089 4282">
     <span class='ocr_line' id='line_1_46' title="bbox 559 4198 2089 4282; baseline 0.01 -29"><span class='ocrx_word' id='word_1_311' title='bbox 559 4198 843 4259; x_wconf 83' lang='lat' dir='ltr'><strong>identidem</strong></span> <span class='ocrx_word' id='word_1_312' title='bbox 869 4209 1103 4276; x_wconf 86' lang='lat' dir='ltr'><strong>legentes</strong></span> <span class='ocrx_word' id='word_1_313' title='bbox 1129 4211 1409 4281; x_wconf 84' lang='lat' dir='ltr'><strong>Origenem</strong></span> <span class='ocrx_word' id='word_1_314' title='bbox 1441 4214 1739 4268; x_wconf 88' lang='lat' dir='ltr'><strong>invenimus</strong></span> <span class='ocrx_word' id='word_1_315' title='bbox 1761 4215 2089 4282; x_wconf 64' lang='lat' dir='ltr'><strong>haarcticum,</strong></span> 
     </span>
    </p>
   </div>
   <div class='ocr_carea' id='block_1_47' title="bbox 625 4314 1267 4387">
    <p class='ocr_par' dir='ltr' id='par_1_47' title="bbox 625 4314 1267 4387">
     <span class='ocr_line' id='line_1_47' title="bbox 625 4314 1267 4387; baseline 0.016 -20"><span class='ocrx_word' id='word_1_316' title='bbox 625 4314 670 4346; x_wconf 79' lang='lat'><strong>”</strong></span> <span class='ocrx_word' id='word_1_317' title='bbox 694 4315 873 4371; x_wconf 81' lang='lat' dir='ltr'><strong>Matth.</strong></span> <span class='ocrx_word' id='word_1_318' title='bbox 910 4336 1024 4387; x_wconf 83' lang='lat' dir='ltr'><strong>xm,</strong></span> <span class='ocrx_word' id='word_1_319' title='bbox 1060 4324 1148 4387; x_wconf 77' lang='lat'><strong>‘27,</strong></span> <span class='ocrx_word' id='word_1_320' title='bbox 1179 4324 1267 4377; x_wconf 71' lang='lat'><strong>28.</strong></span> 
     </span>
    </p>
   </div>
   <div class='ocr_carea' id='block_1_48' title="bbox 567 4439 2088 4479">
    <p class='ocr_par' dir='ltr' id='par_1_48' title="bbox 567 4439 2088 4479">
     <span class='ocr_line' id='line_1_48' title="bbox 567 4439 2088 4479; baseline 0.009 -13"><span class='ocrx_word' id='word_1_321' title='bbox 567 4439 2088 4479; x_wconf 40' lang='grc' dir='ltr'>Ἥ</span> 
     </span>
    </p>
   </div>
   <div class='ocr_carea' id='block_1_49' title="bbox 2124 3192 2165 3246">
    <p class='ocr_par' dir='ltr' id='par_1_49' title="bbox 2124 3192 2165 3246">
     <span class='ocr_line' id='line_1_49' title="bbox 2124 3192 2165 3246; baseline 0 0"><span class='ocrx_word' id='word_1_322' title='bbox 2124 3192 2165 3246; x_wconf 89' lang='lat' dir='ltr'><strong><em>C</em></strong></span> 
     </span>
    </p>
   </div>
   <div class='ocr_carea' id='block_1_50' title="bbox 2213 639 3689 716">
    <p class='ocr_par' dir='ltr' id='par_1_50' title="bbox 2213 639 3689 716">
     <span class='ocr_line' id='line_1_50' title="bbox 2213 639 3689 716; baseline 0.001 -19"><span class='ocrx_word' id='word_1_323' title='bbox 2213 654 2266 697; x_wconf 92' lang='lat' dir='ltr'><strong>et</strong></span> <span class='ocrx_word' id='word_1_324' title='bbox 2296 659 2484 697; x_wconf 87' lang='lat' dir='ltr'><strong>sensus</strong></span> <span class='ocrx_word' id='word_1_325' title='bbox 2525 660 2539 697; x_wconf 91' lang='lat'><strong>:</strong></span> <span class='ocrx_word' id='word_1_326' title='bbox 2573 644 2617 696; x_wconf 90' lang='lat' dir='ltr'><strong>si</strong></span> <span class='ocrx_word' id='word_1_327' title='bbox 2650 650 2870 710; x_wconf 91' lang='lat' dir='ltr'><strong>possent</strong></span> <span class='ocrx_word' id='word_1_328' title='bbox 2903 650 2958 694; x_wconf 89' lang='lat' dir='ltr'><strong>et</strong></span> <span class='ocrx_word' id='word_1_329' title='bbox 2981 640 3151 692; x_wconf 82' lang='lat' dir='ltr'><strong>facies</strong></span> <span class='ocrx_word' id='word_1_330' title='bbox 3192 639 3491 716; x_wconf 77' lang='lat' dir='ltr'><strong>loquentium</strong></span> <span class='ocrx_word' id='word_1_331' title='bbox 3513 641 3689 698; x_wconf 80' lang='lat' dir='ltr'><strong>demon-</strong></span> 
     </span>
    </p>
   </div>
   <div class='ocr_carea' id='block_1_51' title="bbox 2210 728 3690 796">
    <p class='ocr_par' dir='ltr' id='par_1_51' title="bbox 2210 728 3690 796">
     <span class='ocr_line' id='line_1_51' title="bbox 2210 728 3690 796; baseline 0.003 -13"><span class='ocrx_word' id='word_1_332' title='bbox 2210 741 2401 796; x_wconf 90' lang='lat' dir='ltr'><strong>strare,</strong></span> <span class='ocrx_word' id='word_1_333' title='bbox 2446 746 2683 786; x_wconf 89' lang='lat' dir='ltr'><strong>errorem</strong></span> <span class='ocrx_word' id='word_1_334' title='bbox 2718 729 2899 782; x_wconf 90' lang='lat' dir='ltr'><strong>nullus</strong></span> <span class='ocrx_word' id='word_1_335' title='bbox 2945 736 3154 796; x_wconf 87' lang='lat' dir='ltr'><strong>poterat</strong></span> <span class='ocrx_word' id='word_1_336' title='bbox 3185 728 3248 781; x_wconf 87' lang='lat' dir='ltr'><strong>de</strong></span> <span class='ocrx_word' id='word_1_337' title='bbox 3274 742 3481 794; x_wconf 88' lang='lat' dir='ltr'><strong>persona</strong></span> <span class='ocrx_word' id='word_1_338' title='bbox 3503 732 3690 787; x_wconf 81' lang='lat' dir='ltr'><strong>doctoris</strong></span> 
     </span>
    </p>
   </div>
   <div class='ocr_carea' id='block_1_52' title="bbox 2214 818 3693 885">
    <p class='ocr_par' dir='ltr' id='par_1_52' title="bbox 2214 818 3693 885">
     <span class='ocr_line' id='line_1_52' title="bbox 2214 818 3693 885; baseline -0.002 -12"><span class='ocrx_word' id='word_1_339' title='bbox 2214 822 2509 879; x_wconf 88' lang='lat' dir='ltr'><strong>incurrere.</strong></span> <span class='ocrx_word' id='word_1_340' title='bbox 2538 820 2672 873; x_wconf 89' lang='lat' dir='ltr'><strong>Nam</strong></span> <span class='ocrx_word' id='word_1_341' title='bbox 2701 831 2757 873; x_wconf 89' lang='lat' dir='ltr'><strong>et</strong></span> <span class='ocrx_word' id='word_1_342' title='bbox 2785 818 2917 871; x_wconf 86' lang='lat' dir='ltr'><strong>illud</strong></span> <span class='ocrx_word' id='word_1_343' title='bbox 2955 818 3250 871; x_wconf 88' lang='lat' dir='ltr'><strong>cavendum</strong></span> <span class='ocrx_word' id='word_1_344' title='bbox 3284 828 3378 879; x_wconf 91' lang='lat' dir='ltr'><strong>est,</strong></span> <span class='ocrx_word' id='word_1_345' title='bbox 3429 820 3550 885; x_wconf 79' lang='lat' dir='ltr'><strong>quod</strong></span> <span class='ocrx_word' id='word_1_346' title='bbox 3594 826 3693 874; x_wconf 77' lang='lat' dir='ltr'><strong>Am.</strong></span> 
     </span>
    </p>
   </div>
   <div class='ocr_carea' id='block_1_53' title="bbox 2211 904 3695 977">
    <p class='ocr_par' dir='ltr' id='par_1_53' title="bbox 2211 904 3695 977">
     <span class='ocr_line' id='line_1_53' title="bbox 2211 904 3695 977; baseline 0.001 -14"><span class='ocrx_word' id='word_1_347' title='bbox 2211 910 2475 977; x_wconf 89' lang='lat' dir='ltr'><strong>pullianus</strong></span> <span class='ocrx_word' id='word_1_348' title='bbox 2504 910 2720 977; x_wconf 88' lang='lat' dir='ltr'><strong>quidam</strong></span> <span class='ocrx_word' id='word_1_349' title='bbox 2752 904 3142 960; x_wconf 76' lang='lat' dir='ltr'><strong>Itzeresiarches</strong></span> <span class='ocrx_word' id='word_1_350' title='bbox 3171 904 3451 974; x_wconf 85' lang='lat' dir='ltr'><strong>Bythinius,</strong></span> <span class='ocrx_word' id='word_1_351' title='bbox 3472 908 3548 974; x_wconf 87' lang='lat' dir='ltr'><strong>qui</strong></span> <span class='ocrx_word' id='word_1_352' title='bbox 3571 910 3695 964; x_wconf 78' lang='lat' dir='ltr'><strong>doce-</strong></span> 
     </span>
    </p>
   </div>
   <div class='ocr_carea' id='block_1_54' title="bbox 2210 995 3695 1069">
    <p class='ocr_par' dir='ltr' id='par_1_54' title="bbox 2210 995 3695 1069">
     <span class='ocr_line' id='line_1_54' title="bbox 2210 995 3695 1069; baseline -0.001 -13"><span class='ocrx_word' id='word_1_353' title='bbox 2210 1005 2301 1057; x_wconf 91' lang='lat' dir='ltr'><strong>bat</strong></span> <span class='ocrx_word' id='word_1_354' title='bbox 2338 1010 2454 1069; x_wconf 89' lang='lat' dir='ltr'><strong>post</strong></span> <span class='ocrx_word' id='word_1_355' title='bbox 2510 999 2793 1067; x_wconf 81' lang='lat' dir='ltr'><strong>Origenem</strong></span> <span class='ocrx_word' id='word_1_356' title='bbox 2863 996 3157 1049; x_wconf 72' lang='lat' dir='ltr'><strong>Ecclesium</strong></span> <span class='ocrx_word' id='word_1_357' title='bbox 3221 996 3329 1049; x_wconf 85' lang='lat' dir='ltr'><strong>Dei.</strong></span> <span class='ocrx_word' id='word_1_358' title='bbox 3387 995 3475 1050; x_wconf 87' lang='lat' dir='ltr'><strong>llic</strong></span> <span class='ocrx_word' id='word_1_359' title='bbox 3515 998 3695 1055; x_wconf 84' lang='lat' dir='ltr'><strong>incurrit</strong></span> 
     </span>
    </p>
   </div>
   <div class='ocr_carea' id='block_1_55' title="bbox 2212 1084 3696 1153">
    <p class='ocr_par' dir='ltr' id='par_1_55' title="bbox 2212 1084 3696 1153">
     <span class='ocr_line' id='line_1_55' title="bbox 2212 1084 3696 1153; baseline 0 -10"><span class='ocrx_word' id='word_1_360' title='bbox 2212 1091 2369 1143; x_wconf 86' lang='lat' dir='ltr'><strong>talem</strong></span> <span class='ocrx_word' id='word_1_361' title='bbox 2417 1090 2672 1142; x_wconf 73' lang='lat' dir='ltr'><strong>haereseni</strong></span> <span class='ocrx_word' id='word_1_362' title='bbox 2696 1127 2711 1153; x_wconf 90' lang='lat'><strong>,</strong></span> <span class='ocrx_word' id='word_1_363' title='bbox 2743 1096 2800 1140; x_wconf 91' lang='lat' dir='ltr'><strong>ut</strong></span> <span class='ocrx_word' id='word_1_364' title='bbox 2831 1086 3039 1139; x_wconf 90' lang='lat' dir='ltr'><strong>diceret</strong></span> <span class='ocrx_word' id='word_1_365' title='bbox 3062 1100 3248 1138; x_wconf 89' lang='lat' dir='ltr'><strong>omnes</strong></span> <span class='ocrx_word' id='word_1_366' title='bbox 3289 1084 3577 1141; x_wconf 81' lang='lat' dir='ltr'><strong>criminosas</strong></span> <span class='ocrx_word' id='word_1_367' title='bbox 3603 1104 3696 1143; x_wconf 82' lang='lat' dir='ltr'><strong>cum</strong></span> 
     </span>
    </p>
   </div>
   <div class='ocr_carea' id='block_1_56' title="bbox 2209 1176 3695 1247">
    <p class='ocr_par' dir='ltr' id='par_1_56' title="bbox 2209 1176 3695 1247">
     <span class='ocr_line' id='line_1_56' title="bbox 2209 1176 3695 1247; baseline -0.001 -14"><span class='ocrx_word' id='word_1_368' title='bbox 2209 1179 2420 1234; x_wconf 87' lang='lat' dir='ltr'><strong>diabolo</strong></span> <span class='ocrx_word' id='word_1_369' title='bbox 2442 1188 2495 1233; x_wconf 91' lang='lat' dir='ltr'><strong>et</strong></span> <span class='ocrx_word' id='word_1_370' title='bbox 2516 1178 2798 1232; x_wconf 60' lang='lat' dir='ltr'><strong>daemoniis</strong></span> <span class='ocrx_word' id='word_1_371' title='bbox 2827 1191 2892 1228; x_wconf 92' lang='lat' dir='ltr'><strong>eo</strong></span> <span class='ocrx_word' id='word_1_372' title='bbox 2936 1191 3105 1244; x_wconf 92' lang='lat' dir='ltr'><strong>usque</strong></span> <span class='ocrx_word' id='word_1_373' title='bbox 3131 1178 3180 1228; x_wconf 93' lang='lat' dir='ltr'><strong>in</strong></span> <span class='ocrx_word' id='word_1_374' title='bbox 3221 1176 3448 1244; x_wconf 82' lang='lat' dir='ltr'><strong>gehenna</strong></span> <span class='ocrx_word' id='word_1_375' title='bbox 3499 1180 3695 1247; x_wconf 87' lang='lat' dir='ltr'><strong>decoqui,</strong></span> 
     </span>
    </p>
   </div>
   <div class='ocr_carea' id='block_1_57' title="bbox 2208 1266 3697 1336">
    <p class='ocr_par' dir='ltr' id='par_1_57' title="bbox 2208 1266 3697 1336">
     <span class='ocr_line' id='line_1_57' title="bbox 2208 1266 3697 1336; baseline 0.001 -15"><span class='ocrx_word' id='word_1_376' title='bbox 2208 1282 2485 1336; x_wconf 90' lang='lat' dir='ltr'><strong>usquequo</strong></span> <span class='ocrx_word' id='word_1_377' title='bbox 2539 1267 2657 1334; x_wconf 92' lang='lat' dir='ltr'><strong>puri</strong></span> <span class='ocrx_word' id='word_1_378' title='bbox 2707 1266 2899 1319; x_wconf 87' lang='lat' dir='ltr'><strong>redditi</strong></span> <span class='ocrx_word' id='word_1_379' title='bbox 2949 1266 3158 1332; x_wconf 89' lang='lat' dir='ltr'><strong>possint</strong></span> <span class='ocrx_word' id='word_1_380' title='bbox 3206 1267 3323 1320; x_wconf 88' lang='lat' dir='ltr'><strong>inde</strong></span> <span class='ocrx_word' id='word_1_381' title='bbox 3344 1277 3394 1319; x_wconf 88' lang='lat' dir='ltr'><strong>et</strong></span> <span class='ocrx_word' id='word_1_382' title='bbox 3432 1267 3697 1323; x_wconf 79' lang='lat' dir='ltr'><strong>immaculati</strong></span> 
     </span>
    </p>
   </div>
   <div class='ocr_carea' id='block_1_58' title="bbox 2207 1351 3699 1421">
    <p class='ocr_par' dir='ltr' id='par_1_58' title="bbox 2207 1351 3699 1421">
     <span class='ocr_line' id='line_1_58' title="bbox 2207 1351 3699 1421; baseline -0.001 -12"><span class='ocrx_word' id='word_1_383' title='bbox 2207 1356 2411 1421; x_wconf 80' lang='lat' dir='ltr'><strong>egredi,</strong></span> <span class='ocrx_word' id='word_1_384' title='bbox 2440 1356 2505 1407; x_wconf 88' lang='lat' dir='ltr'><strong>ad</strong></span> <span class='ocrx_word' id='word_1_385' title='bbox 2531 1356 2629 1408; x_wconf 92' lang='lat' dir='ltr'><strong>hoc</strong></span> <span class='ocrx_word' id='word_1_386' title='bbox 2660 1353 2801 1421; x_wconf 91' lang='lat' dir='ltr'><strong>quod</strong></span> <span class='ocrx_word' id='word_1_387' title='bbox 2832 1362 2993 1405; x_wconf 84' lang='lat' dir='ltr'><strong>antea</strong></span> <span class='ocrx_word' id='word_1_388' title='bbox 3021 1351 3234 1404; x_wconf 85' lang='lat' dir='ltr'><strong>fuerant</strong></span> <span class='ocrx_word' id='word_1_389' title='bbox 3260 1353 3408 1405; x_wconf 86' lang='lat' dir='ltr'><strong>alieni</strong></span> <span class='ocrx_word' id='word_1_390' title='bbox 3435 1354 3605 1418; x_wconf 76' lang='lat' dir='ltr'><strong>aculpa</strong></span> <span class='ocrx_word' id='word_1_391' title='bbox 3628 1368 3699 1407; x_wconf 84' lang='lat' dir='ltr'><strong>suo</strong></span> 
     </span>
    </p>
   </div>
   <div class='ocr_carea' id='block_1_59' title="bbox 2209 1442 3700 1527">
    <p class='ocr_par' dir='ltr' id='par_1_59' title="bbox 2209 1442 3700 1527">
     <span class='ocr_line' id='line_1_59' title="bbox 2209 1442 3700 1527; baseline 0 -30"><span class='ocrx_word' id='word_1_392' title='bbox 2209 1446 2398 1498; x_wconf 88' lang='lat' dir='ltr'><strong>iterum</strong></span> <span class='ocrx_word' id='word_1_393' title='bbox 2441 1444 2688 1498; x_wconf 89' lang='lat' dir='ltr'><strong>Creatori</strong></span> <span class='ocrx_word' id='word_1_394' title='bbox 2722 1444 2952 1497; x_wconf 87' lang='lat' dir='ltr'><strong>restitui.</strong></span> <span class='ocrx_word' id='word_1_395' title='bbox 3003 1442 3132 1511; x_wconf 50' lang='lat' dir='ltr'><strong>llic,</strong></span> <span class='ocrx_word' id='word_1_396' title='bbox 3166 1442 3287 1494; x_wconf 91' lang='lat' dir='ltr'><strong>dum</strong></span> <span class='ocrx_word' id='word_1_397' title='bbox 3335 1453 3614 1527; x_wconf 73' lang='lat' dir='ltr'><strong>argueretur</strong></span> <span class='ocrx_word' id='word_1_398' title='bbox 3648 1446 3700 1498; x_wconf 82' lang='lat' dir='ltr'><strong>ab</strong></span> 
     </span>
    </p>
   </div>
   <div class='ocr_carea' id='block_1_60' title="bbox 2206 1531 3699 1601">
    <p class='ocr_par' dir='ltr' id='par_1_60' title="bbox 2206 1531 3699 1601">
     <span class='ocr_line' id='line_1_60' title="bbox 2206 1531 3699 1601; baseline -0.001 -14"><span class='ocrx_word' id='word_1_399' title='bbox 2206 1534 2464 1597; x_wconf 87' lang='lat' dir='ltr'><strong>Ecclesia,</strong></span> <span class='ocrx_word' id='word_1_400' title='bbox 2506 1533 2671 1601; x_wconf 71' lang='lat' dir='ltr'><strong>coepit</strong></span> <span class='ocrx_word' id='word_1_401' title='bbox 2698 1532 2943 1598; x_wconf 79' lang='lat' dir='ltr'><strong>proferre</strong></span> <span class='ocrx_word' id='word_1_402' title='bbox 2973 1531 3142 1585; x_wconf 90' lang='lat' dir='ltr'><strong>libros</strong></span> <span class='ocrx_word' id='word_1_403' title='bbox 3172 1531 3411 1598; x_wconf 79' lang='lat' dir='ltr'><strong>Origenis</strong></span> <span class='ocrx_word' id='word_1_404' title='bbox 3430 1571 3445 1595; x_wconf 95' lang='lat'><strong>,</strong></span> <span class='ocrx_word' id='word_1_405' title='bbox 3465 1548 3582 1601; x_wconf 84' lang='lat' dir='ltr'><strong>quos</strong></span> <span class='ocrx_word' id='word_1_406' title='bbox 3616 1534 3699 1601; x_wconf 78' lang='lat' dir='ltr'><strong>ipso</strong></span> 
     </span>
    </p>
   </div>
   <div class='ocr_carea' id='block_1_61' title="bbox 2207 1621 3698 1692">
    <p class='ocr_par' dir='ltr' id='par_1_61' title="bbox 2207 1621 3698 1692">
     <span class='ocr_line' id='line_1_61' title="bbox 2207 1621 3698 1692; baseline -0.001 -15"><span class='ocrx_word' id='word_1_407' title='bbox 2207 1624 2510 1689; x_wconf 88' lang='lat' dir='ltr'><strong>vitiaverat,</strong></span> <span class='ocrx_word' id='word_1_408' title='bbox 2533 1633 2589 1678; x_wconf 92' lang='lat' dir='ltr'><strong>et</strong></span> <span class='ocrx_word' id='word_1_409' title='bbox 2618 1625 2797 1678; x_wconf 89' lang='lat' dir='ltr'><strong>dicere</strong></span> <span class='ocrx_word' id='word_1_410' title='bbox 2823 1641 2839 1678; x_wconf 90' lang='lat'><strong>:</strong></span> <span class='ocrx_word' id='word_1_411' title='bbox 2876 1625 3015 1678; x_wconf 84' lang='lat' dir='ltr'><strong>Ecce</strong></span> <span class='ocrx_word' id='word_1_412' title='bbox 3037 1625 3162 1692; x_wconf 89' lang='lat' dir='ltr'><strong>quia</strong></span> <span class='ocrx_word' id='word_1_413' title='bbox 3182 1621 3432 1689; x_wconf 81' lang='lat' dir='ltr'><strong>Origenes</strong></span> <span class='ocrx_word' id='word_1_414' title='bbox 3460 1625 3525 1674; x_wconf 86' lang='lat' dir='ltr'><strong>ita</strong></span> <span class='ocrx_word' id='word_1_415' title='bbox 3554 1626 3698 1688; x_wconf 80' lang='lat' dir='ltr'><strong>sensit,</strong></span> 
     </span>
    </p>
   </div>
   <div class='ocr_carea' id='block_1_62' title="bbox 2207 1711 3699 1782">
    <p class='ocr_par' dir='ltr' id='par_1_62' title="bbox 2207 1711 3699 1782">
     <span class='ocr_line' id='line_1_62' title="bbox 2207 1711 3699 1782; baseline -0.001 -15"><span class='ocrx_word' id='word_1_416' title='bbox 2207 1724 2259 1767; x_wconf 89' lang='lat' dir='ltr'><strong>et</strong></span> <span class='ocrx_word' id='word_1_417' title='bbox 2282 1715 2547 1781; x_wconf 68' lang='lat' dir='ltr'><strong>praecipue</strong></span> <span class='ocrx_word' id='word_1_418' title='bbox 2575 1715 2627 1766; x_wconf 93' lang='lat' dir='ltr'><strong>in</strong></span> <span class='ocrx_word' id='word_1_419' title='bbox 2656 1724 2894 1782; x_wconf 84' lang='lat' dir='ltr'><strong>quatuor</strong></span> <span class='ocrx_word' id='word_1_420' title='bbox 2917 1713 3059 1781; x_wconf 82' lang='grc' dir='ltr'><strong>Περὶ</strong></span> <span class='ocrx_word' id='word_1_421' title='bbox 3076 1711 3273 1781; x_wconf 83' lang='grc' dir='ltr'><em>ἀρχῶν</em></span> <span class='ocrx_word' id='word_1_422' title='bbox 3295 1712 3460 1767; x_wconf 92' lang='lat' dir='ltr'><strong>libris.</strong></span> <span class='ocrx_word' id='word_1_423' title='bbox 3504 1712 3593 1766; x_wconf 87' lang='lat' dir='ltr'><strong>Sed</strong></span> <span class='ocrx_word' id='word_1_424' title='bbox 3632 1714 3699 1781; x_wconf 83' lang='lat' dir='ltr'><strong>qui</strong></span> 
     </span>
    </p>
   </div>
   <div class='ocr_carea' id='block_1_63' title="bbox 2206 1801 3700 1870">
    <p class='ocr_par' dir='ltr' id='par_1_63' title="bbox 2206 1801 3700 1870">
     <span class='ocr_line' id='line_1_63' title="bbox 2206 1801 3700 1870; baseline -0.001 -13"><span class='ocrx_word' id='word_1_425' title='bbox 2206 1806 2318 1857; x_wconf 89' lang='lat' dir='ltr'><strong>sani</strong></span> <span class='ocrx_word' id='word_1_426' title='bbox 2352 1819 2541 1857; x_wconf 90' lang='lat' dir='ltr'><strong>sensus</strong></span> <span class='ocrx_word' id='word_1_427' title='bbox 2565 1814 2669 1867; x_wconf 88' lang='lat' dir='ltr'><strong>est,</strong></span> <span class='ocrx_word' id='word_1_428' title='bbox 2701 1815 2753 1857; x_wconf 89' lang='lat' dir='ltr'><strong>et</strong></span> <span class='ocrx_word' id='word_1_429' title='bbox 2785 1804 2952 1857; x_wconf 90' lang='lat' dir='ltr'><strong>habet</strong></span> <span class='ocrx_word' id='word_1_430' title='bbox 2981 1805 3179 1856; x_wconf 81' lang='lat' dir='ltr'><strong>mentis</strong></span> <span class='ocrx_word' id='word_1_431' title='bbox 3221 1802 3513 1870; x_wconf 85' lang='lat' dir='ltr'><strong>splendidos</strong></span> <span class='ocrx_word' id='word_1_432' title='bbox 3537 1801 3700 1862; x_wconf 80' lang='lat' dir='ltr'><strong>acidus,</strong></span> 
     </span>
    </p>
   </div>
   <div class='ocr_carea' id='block_1_64' title="bbox 2140 1879 3699 1959">
    <p class='ocr_par' dir='ltr' id='par_1_64' title="bbox 2140 1879 3699 1959">
     <span class='ocr_line' id='line_1_64' title="bbox 2140 1879 3699 1959; baseline -0.002 -15"><span class='ocrx_word' id='word_1_433' title='bbox 2140 1879 2181 1931; x_wconf 81' lang='grc' dir='ltr'><strong>Β</strong></span> <span class='ocrx_word' id='word_1_434' title='bbox 2210 1892 2285 1945; x_wconf 89' lang='lat' dir='ltr'><strong>sic</strong></span> <span class='ocrx_word' id='word_1_435' title='bbox 2315 1893 2455 1944; x_wconf 89' lang='lat' dir='ltr'><strong>videt</strong></span> <span class='ocrx_word' id='word_1_436' title='bbox 2489 1892 2668 1944; x_wconf 89' lang='lat' dir='ltr'><strong>addita</strong></span> <span class='ocrx_word' id='word_1_437' title='bbox 2699 1891 2754 1947; x_wconf 86' lang='lat' dir='ltr'><strong>in</strong></span> <span class='ocrx_word' id='word_1_438' title='bbox 2808 1890 3066 1959; x_wconf 81' lang='lat' dir='ltr'><strong>Origenis</strong></span> <span class='ocrx_word' id='word_1_439' title='bbox 3132 1890 3398 1958; x_wconf 88' lang='lat' dir='ltr'><strong>opusculis</strong></span> <span class='ocrx_word' id='word_1_440' title='bbox 3450 1890 3571 1942; x_wconf 86' lang='lat' dir='ltr'><strong>mala</strong></span> <span class='ocrx_word' id='word_1_441' title='bbox 3609 1890 3699 1952; x_wconf 85' lang='lat' dir='ltr'><strong>ista,</strong></span> 
     </span>
    </p>
   </div>
   <div class='ocr_carea' id='block_1_65' title="bbox 2208 1980 3705 2050">
    <p class='ocr_par' dir='ltr' id='par_1_65' title="bbox 2208 1980 3705 2050">
     <span class='ocr_line' id='line_1_65' title="bbox 2208 1980 3705 2050; baseline -0.001 -18"><span class='ocrx_word' id='word_1_442' title='bbox 2208 1992 2367 2049; x_wconf 89' lang='lat' dir='ltr'><strong>atque</strong></span> <span class='ocrx_word' id='word_1_443' title='bbox 2393 1981 2690 2049; x_wconf 86' lang='lat' dir='ltr'><strong>cognoscit,</strong></span> <span class='ocrx_word' id='word_1_444' title='bbox 2727 1982 2869 2034; x_wconf 90' lang='lat' dir='ltr'><strong>sicut</strong></span> <span class='ocrx_word' id='word_1_445' title='bbox 2902 1981 2956 2033; x_wconf 90' lang='lat' dir='ltr'><strong>in</strong></span> <span class='ocrx_word' id='word_1_446' title='bbox 2991 1980 3236 2050; x_wconf 72' lang='lat' dir='ltr'><strong>stragulo</strong></span> <span class='ocrx_word' id='word_1_447' title='bbox 3283 1981 3519 2033; x_wconf 85' lang='lat' dir='ltr'><strong>coccineo</strong></span> <span class='ocrx_word' id='word_1_448' title='bbox 3545 1996 3705 2047; x_wconf 84' lang='lat' dir='ltr'><strong>pannos</strong></span> 
     </span>
    </p>
   </div>
   <div class='ocr_carea' id='block_1_66' title="bbox 2207 2065 3700 2135">
    <p class='ocr_par' dir='ltr' id='par_1_66' title="bbox 2207 2065 3700 2135">
     <span class='ocr_line' id='line_1_66' title="bbox 2207 2065 3700 2135; baseline 0.001 -19"><span class='ocrx_word' id='word_1_449' title='bbox 2207 2065 2375 2129; x_wconf 90' lang='lat' dir='ltr'><strong>albos,</strong></span> <span class='ocrx_word' id='word_1_450' title='bbox 2410 2078 2501 2119; x_wconf 87' lang='lat' dir='ltr'><strong>aut</strong></span> <span class='ocrx_word' id='word_1_451' title='bbox 2530 2066 2796 2135; x_wconf 86' lang='lat' dir='ltr'><strong>cujusque</strong></span> <span class='ocrx_word' id='word_1_452' title='bbox 2819 2067 3053 2121; x_wconf 87' lang='lat' dir='ltr'><strong>alterius</strong></span> <span class='ocrx_word' id='word_1_453' title='bbox 3083 2067 3282 2122; x_wconf 87' lang='lat' dir='ltr'><strong>coloris</strong></span> <span class='ocrx_word' id='word_1_454' title='bbox 3311 2076 3486 2121; x_wconf 85' lang='lat' dir='ltr'><strong>cernat</strong></span> <span class='ocrx_word' id='word_1_455' title='bbox 3515 2078 3700 2122; x_wconf 86' lang='lat' dir='ltr'><strong>assutos.</strong></span> 
     </span>
    </p>
   </div>
   <div class='ocr_carea' id='block_1_67' title="bbox 2205 2154 3703 2226">
    <p class='ocr_par' dir='ltr' id='par_1_67' title="bbox 2205 2154 3703 2226">
     <span class='ocr_line' id='line_1_67' title="bbox 2205 2154 3703 2226; baseline 0.003 -21"><span class='ocrx_word' id='word_1_456' title='bbox 2205 2154 2354 2219; x_wconf 82' lang='lat' dir='ltr'><strong>Quod</strong></span> <span class='ocrx_word' id='word_1_457' title='bbox 2386 2156 2458 2207; x_wconf 90' lang='lat' dir='ltr'><strong>ita</strong></span> <span class='ocrx_word' id='word_1_458' title='bbox 2496 2169 2618 2209; x_wconf 90' lang='lat' dir='ltr'><strong>esse</strong></span> <span class='ocrx_word' id='word_1_459' title='bbox 2640 2166 2867 2210; x_wconf 88' lang='lat' dir='ltr'><strong>sanctus</strong></span> <span class='ocrx_word' id='word_1_460' title='bbox 2898 2167 3110 2226; x_wconf 86' lang='lat' dir='ltr'><strong>martyr</strong></span> <span class='ocrx_word' id='word_1_461' title='bbox 3136 2156 3439 2224; x_wconf 89' lang='lat' dir='ltr'><strong>Pamphilus</strong></span> <span class='ocrx_word' id='word_1_462' title='bbox 3467 2158 3614 2218; x_wconf 81' lang='lat' dir='ltr'><strong>docet,</strong></span> <span class='ocrx_word' id='word_1_463' title='bbox 3635 2159 3703 2224; x_wconf 86' lang='lat' dir='ltr'><strong>qui</strong></span> 
     </span>
    </p>
   </div>
   <div class='ocr_carea' id='block_1_68' title="bbox 2206 2245 3705 2316">
    <p class='ocr_par' dir='ltr' id='par_1_68' title="bbox 2206 2245 3705 2316">
     <span class='ocr_line' id='line_1_68' title="bbox 2206 2245 3705 2316; baseline 0.006 -23"><span class='ocrx_word' id='word_1_464' title='bbox 2206 2253 2489 2308; x_wconf 87' lang='lat' dir='ltr'><strong>antequam</strong></span> <span class='ocrx_word' id='word_1_465' title='bbox 2520 2245 2585 2295; x_wconf 89' lang='lat' dir='ltr'><strong>ad</strong></span> <span class='ocrx_word' id='word_1_466' title='bbox 2611 2245 2870 2313; x_wconf 85' lang='lat' dir='ltr'><strong>martyrii</strong></span> <span class='ocrx_word' id='word_1_467' title='bbox 2912 2260 3173 2299; x_wconf 91' lang='lat' dir='ltr'><strong>coronam</strong></span> <span class='ocrx_word' id='word_1_468' title='bbox 3214 2246 3705 2316; x_wconf 84' lang='lat' dir='ltr'><strong>attingeret,irrepre—</strong></span> 
     </span>
    </p>
   </div>
   <div class='ocr_carea' id='block_1_69' title="bbox 2206 2332 3701 2404">
    <p class='ocr_par' dir='ltr' id='par_1_69' title="bbox 2206 2332 3701 2404">
     <span class='ocr_line' id='line_1_69' title="bbox 2206 2332 3701 2404; baseline 0.003 -21"><span class='ocrx_word' id='word_1_469' title='bbox 2206 2332 2537 2385; x_wconf 87' lang='lat' dir='ltr'><strong>hensibiliter</strong></span> <span class='ocrx_word' id='word_1_470' title='bbox 2566 2333 2889 2387; x_wconf 87' lang='lat' dir='ltr'><strong>cathedram</strong></span> <span class='ocrx_word' id='word_1_471' title='bbox 2916 2336 3261 2404; x_wconf 82' lang='lat' dir='ltr'><strong>episcopatus</strong></span> <span class='ocrx_word' id='word_1_472' title='bbox 3293 2339 3538 2401; x_wconf 89' lang='lat' dir='ltr'><strong>obtinuit,</strong></span> <span class='ocrx_word' id='word_1_473' title='bbox 3557 2349 3601 2389; x_wconf 89' lang='lat' dir='ltr'><strong>et</strong></span> <span class='ocrx_word' id='word_1_474' title='bbox 3638 2354 3701 2391; x_wconf 82' lang='lat' dir='ltr'><strong>sa-</strong></span> 
     </span>
    </p>
   </div>
   <div class='ocr_carea' id='block_1_70' title="bbox 2205 2420 3703 2490">
    <p class='ocr_par' dir='ltr' id='par_1_70' title="bbox 2205 2420 3703 2490">
     <span class='ocr_line' id='line_1_70' title="bbox 2205 2420 3703 2490; baseline 0.005 -19"><span class='ocrx_word' id='word_1_475' title='bbox 2205 2434 2324 2471; x_wconf 88' lang='lat' dir='ltr'><strong>nam</strong></span> <span class='ocrx_word' id='word_1_476' title='bbox 2356 2420 2652 2473; x_wconf 89' lang='lat' dir='ltr'><strong>doctrinam</strong></span> <span class='ocrx_word' id='word_1_477' title='bbox 2679 2421 2775 2473; x_wconf 90' lang='lat' dir='ltr'><strong>Dei</strong></span> <span class='ocrx_word' id='word_1_478' title='bbox 2831 2423 3047 2490; x_wconf 87' lang='lat' dir='ltr'><strong>populis</strong></span> <span class='ocrx_word' id='word_1_479' title='bbox 3086 2423 3424 2477; x_wconf 85' lang='lat' dir='ltr'><strong>ministravit.</strong></span> <span class='ocrx_word' id='word_1_480' title='bbox 3464 2424 3549 2477; x_wconf 85' lang='lat' dir='ltr'><strong>llic</strong></span> <span class='ocrx_word' id='word_1_481' title='bbox 3575 2426 3703 2478; x_wconf 85' lang='lat' dir='ltr'><strong>edidit</strong></span> 
     </span>
    </p>
   </div>
   <div class='ocr_carea' id='block_1_71' title="bbox 2202 2508 3701 2584">
    <p class='ocr_par' dir='ltr' id='par_1_71' title="bbox 2202 2508 3701 2584">
     <span class='ocr_line' id='line_1_71' title="bbox 2202 2508 3701 2584; baseline 0.007 -25"><span class='ocrx_word' id='word_1_482' title='bbox 2202 2508 2607 2577; x_wconf 84' lang='lat' dir='ltr'><strong>Apologeticum,</strong></span> <span class='ocrx_word' id='word_1_483' title='bbox 2639 2521 2693 2565; x_wconf 87' lang='lat' dir='ltr'><strong>et</strong></span> <span class='ocrx_word' id='word_1_484' title='bbox 2715 2513 2905 2565; x_wconf 88' lang='lat' dir='ltr'><strong>omnia</strong></span> <span class='ocrx_word' id='word_1_485' title='bbox 2944 2530 3064 2580; x_wconf 64' lang='lat' dir='ltr'><strong>qua:</strong></span> <span class='ocrx_word' id='word_1_486' title='bbox 3119 2515 3185 2567; x_wconf 91' lang='lat' dir='ltr'><strong>de</strong></span> <span class='ocrx_word' id='word_1_487' title='bbox 3232 2513 3453 2584; x_wconf 87' lang='lat' dir='ltr'><strong>Origene</strong></span> <span class='ocrx_word' id='word_1_488' title='bbox 3495 2516 3701 2569; x_wconf 82' lang='lat' dir='ltr'><strong>Catholici</strong></span> 
     </span>
    </p>
   </div>
   <div class='ocr_carea' id='block_1_72' title="bbox 2203 2599 3702 2675">
    <p class='ocr_par' dir='ltr' id='par_1_72' title="bbox 2203 2599 3702 2675">
     <span class='ocr_line' id='line_1_72' title="bbox 2203 2599 3702 2675; baseline 0.007 -25"><span class='ocrx_word' id='word_1_489' title='bbox 2203 2599 2508 2667; x_wconf 86' lang='lat' dir='ltr'><strong>ignorantes</strong></span> <span class='ocrx_word' id='word_1_490' title='bbox 2539 2602 2904 2668; x_wconf 82' lang='lat' dir='ltr'><strong>mentiuntur,</strong></span> <span class='ocrx_word' id='word_1_491' title='bbox 2948 2606 3205 2669; x_wconf 82' lang='lat' dir='ltr'><strong>exclusit,</strong></span> <span class='ocrx_word' id='word_1_492' title='bbox 3229 2610 3502 2661; x_wconf 88' lang='lat' dir='ltr'><strong>ostendens</strong></span> <span class='ocrx_word' id='word_1_493' title='bbox 3528 2623 3702 2675; x_wconf 77' lang='lat' dir='ltr'><strong>ea,qu.&#39;e</strong></span> 
     </span>
    </p>
   </div>
   <div class='ocr_carea' id='block_1_73' title="bbox 2204 2691 3701 2766">
    <p class='ocr_par' dir='ltr' id='par_1_73' title="bbox 2204 2691 3701 2766">
     <span class='ocr_line' id='line_1_73' title="bbox 2204 2691 3701 2766; baseline 0.007 -25"><span class='ocrx_word' id='word_1_494' title='bbox 2204 2691 2645 2758; x_wconf 83' lang='lat' dir='ltr'><strong>reprehensibilia</strong></span> <span class='ocrx_word' id='word_1_495' title='bbox 2678 2692 3040 2749; x_wconf 82' lang='lat' dir='ltr'><strong>inveniuntur</strong></span> <span class='ocrx_word' id='word_1_496' title='bbox 3074 2697 3124 2748; x_wconf 91' lang='lat' dir='ltr'><strong>in</strong></span> <span class='ocrx_word' id='word_1_497' title='bbox 3172 2700 3286 2765; x_wconf 79' lang='lat' dir='ltr'><strong>ejus</strong></span> <span class='ocrx_word' id='word_1_498' title='bbox 3312 2700 3586 2766; x_wconf 79' lang='lat' dir='ltr'><strong>Opusculis,</strong></span> <span class='ocrx_word' id='word_1_499' title='bbox 3616 2699 3701 2753; x_wconf 83' lang='lat' dir='ltr'><strong>Ori-</strong></span> 
     </span>
    </p>
   </div>
   <div class='ocr_carea' id='block_1_74' title="bbox 2200 2783 3700 2859">
    <p class='ocr_par' dir='ltr' id='par_1_74' title="bbox 2200 2783 3700 2859">
     <span class='ocr_line' id='line_1_74' title="bbox 2200 2783 3700 2859; baseline 0.003 -25"><span class='ocrx_word' id='word_1_500' title='bbox 2200 2783 2350 2849; x_wconf 86' lang='lat' dir='ltr'><strong>gcnis</strong></span> <span class='ocrx_word' id='word_1_501' title='bbox 2376 2797 2476 2834; x_wconf 90' lang='lat' dir='ltr'><strong>non</strong></span> <span class='ocrx_word' id='word_1_502' title='bbox 2513 2797 2654 2848; x_wconf 90' lang='lat' dir='ltr'><strong>esse,</strong></span> <span class='ocrx_word' id='word_1_503' title='bbox 2685 2787 2781 2837; x_wconf 92' lang='lat' dir='ltr'><strong>sed</strong></span> <span class='ocrx_word' id='word_1_504' title='bbox 2808 2800 3002 2839; x_wconf 90' lang='lat' dir='ltr'><strong>eorum</strong></span> <span class='ocrx_word' id='word_1_505' title='bbox 3034 2803 3175 2855; x_wconf 87' lang='lat' dir='ltr'><strong>quos</strong></span> <span class='ocrx_word' id='word_1_506' title='bbox 3225 2790 3338 2857; x_wconf 86' lang='lat' dir='ltr'><strong>ipse</strong></span> <span class='ocrx_word' id='word_1_507' title='bbox 3366 2800 3700 2859; x_wconf 84' lang='lat' dir='ltr'><strong>superaverat:</strong></span> 
     </span>
    </p>
   </div>
   <div class='ocr_carea' id='block_1_75' title="bbox 2200 2869 3699 2943">
    <p class='ocr_par' dir='ltr' id='par_1_75' title="bbox 2200 2869 3699 2943">
     <span class='ocr_line' id='line_1_75' title="bbox 2200 2869 3699 2943; baseline 0.007 -22"><span class='ocrx_word' id='word_1_508' title='bbox 2200 2869 2299 2921; x_wconf 87' lang='lat' dir='ltr'><strong>alia</strong></span> <span class='ocrx_word' id='word_1_509' title='bbox 2333 2885 2476 2934; x_wconf 87' lang='lat' dir='ltr'><strong>vero,</strong></span> <span class='ocrx_word' id='word_1_510' title='bbox 2506 2885 2624 2939; x_wconf 61' lang='lat' dir='ltr'><strong>quae</strong></span> <span class='ocrx_word' id='word_1_511' title='bbox 2657 2882 2769 2925; x_wconf 91' lang='lat' dir='ltr'><strong>tota</strong></span> <span class='ocrx_word' id='word_1_512' title='bbox 2812 2889 3070 2940; x_wconf 89' lang='lat' dir='ltr'><strong>perversa</strong></span> <span class='ocrx_word' id='word_1_513' title='bbox 3112 2891 3253 2943; x_wconf 90' lang='lat' dir='ltr'><strong>sunt,</strong></span> <span class='ocrx_word' id='word_1_514' title='bbox 3283 2882 3493 2935; x_wconf 90' lang='lat' dir='ltr'><strong>aliorum</strong></span> <span class='ocrx_word' id='word_1_515' title='bbox 3527 2884 3699 2934; x_wconf 82' lang='lat' dir='ltr'><strong>duarum</strong></span> 
     </span>
    </p>
   </div>
   <div class='ocr_carea' id='block_1_76' title="bbox 2200 2960 3697 3036">
    <p class='ocr_par' dir='ltr' id='par_1_76' title="bbox 2200 2960 3697 3036">
     <span class='ocr_line' id='line_1_76' title="bbox 2200 2960 3697 3036; baseline 0.006 -25"><span class='ocrx_word' id='word_1_516' title='bbox 2200 2960 2574 3014; x_wconf 82' lang='lat' dir='ltr'><strong>haereticorum</strong></span> <span class='ocrx_word' id='word_1_517' title='bbox 2609 2977 2752 3026; x_wconf 86' lang='lat' dir='ltr'><strong>esse,</strong></span> <span class='ocrx_word' id='word_1_518' title='bbox 2779 2967 2872 3033; x_wconf 88' lang='lat' dir='ltr'><strong>qui</strong></span> <span class='ocrx_word' id='word_1_519' title='bbox 2902 2966 3157 3036; x_wconf 83' lang='lat' dir='ltr'><strong>Origenis</strong></span> <span class='ocrx_word' id='word_1_520' title='bbox 3183 2986 3392 3035; x_wconf 87' lang='lat' dir='ltr'><strong>nomen,</strong></span> <span class='ocrx_word' id='word_1_521' title='bbox 3423 2988 3515 3025; x_wconf 88' lang='lat' dir='ltr'><strong>non</strong></span> <span class='ocrx_word' id='word_1_522' title='bbox 3564 2972 3697 3032; x_wconf 84' lang='lat' dir='ltr'><strong>iidem,</strong></span> 
     </span>
    </p>
   </div>
   <div class='ocr_carea' id='block_1_77' title="bbox 2199 3053 3701 3117">
    <p class='ocr_par' dir='ltr' id='par_1_77' title="bbox 2199 3053 3701 3117">
     <span class='ocr_line' id='line_1_77' title="bbox 2199 3053 3701 3117; baseline 0.009 -18"><span class='ocrx_word' id='word_1_523' title='bbox 2199 3062 2294 3102; x_wconf 92' lang='lat' dir='ltr'><strong>nec</strong></span> <span class='ocrx_word' id='word_1_524' title='bbox 2337 3053 2721 3106; x_wconf 86' lang='lat' dir='ltr'><strong>conscientiam</strong></span> <span class='ocrx_word' id='word_1_525' title='bbox 2770 3056 3102 3112; x_wconf 89' lang='lat' dir='ltr'><strong>habuerunt.</strong></span> <span class='ocrx_word' id='word_1_526' title='bbox 3155 3079 3174 3111; x_wconf 75' lang='grc' dir='ltr'><strong>ι</strong></span> <span class='ocrx_word' id='word_1_527' title='bbox 3227 3061 3411 3117; x_wconf 77' lang='lat' dir='ltr'><strong>Nescio</strong></span> <span class='ocrx_word' id='word_1_528' title='bbox 3464 3071 3585 3115; x_wconf 83' lang='lat' dir='ltr'><strong>unde</strong></span> <span class='ocrx_word' id='word_1_529' title='bbox 3619 3064 3701 3115; x_wconf 74' lang='lat' dir='ltr'><strong>hac</strong></span> 
     </span>
    </p>
   </div>
   <div class='ocr_carea' id='block_1_78' title="bbox 2197 3137 3699 3221">
    <p class='ocr_par' dir='ltr' id='par_1_78' title="bbox 2197 3137 3699 3221">
     <span class='ocr_line' id='line_1_78' title="bbox 2197 3137 3699 3221; baseline 0.009 -33"><span class='ocrx_word' id='word_1_530' title='bbox 2197 3137 2436 3193; x_wconf 90' lang='lat' dir='ltr'><strong>hauserit</strong></span> <span class='ocrx_word' id='word_1_531' title='bbox 2457 3156 2760 3211; x_wconf 91' lang='lat' dir='ltr'><strong>auonymus</strong></span> <span class='ocrx_word' id='word_1_532' title='bbox 2791 3157 3010 3209; x_wconf 86' lang='lat' dir='ltr'><strong>auctor,</strong></span> <span class='ocrx_word' id='word_1_533' title='bbox 3040 3150 3134 3201; x_wconf 88' lang='lat' dir='ltr'><strong>sed</strong></span> <span class='ocrx_word' id='word_1_534' title='bbox 3165 3164 3232 3202; x_wconf 78' lang='lat' dir='ltr'><strong>ex</strong></span> <span class='ocrx_word' id='word_1_535' title='bbox 3272 3152 3483 3221; x_wconf 89' lang='lat' dir='ltr'><strong>impuris</strong></span> <span class='ocrx_word' id='word_1_536' title='bbox 3532 3166 3582 3205; x_wconf 84' lang='lat' dir='ltr'><strong>ea</strong></span> <span class='ocrx_word' id='word_1_537' title='bbox 3614 3150 3699 3203; x_wconf 84' lang='lat' dir='ltr'><strong>ion-</strong></span> 
     </span>
    </p>
   </div>
   <div class='ocr_carea' id='block_1_79' title="bbox 2199 3227 3701 3311">
    <p class='ocr_par' dir='ltr' id='par_1_79' title="bbox 2199 3227 3701 3311">
     <span class='ocr_line' id='line_1_79' title="bbox 2199 3227 3701 3311; baseline 0.009 -34"><span class='ocrx_word' id='word_1_538' title='bbox 2199 3227 2338 3281; x_wconf 92' lang='lat' dir='ltr'><strong>tibus</strong></span> <span class='ocrx_word' id='word_1_539' title='bbox 2361 3229 2601 3283; x_wconf 90' lang='lat' dir='ltr'><strong>hausisse</strong></span> <span class='ocrx_word' id='word_1_540' title='bbox 2623 3232 2848 3287; x_wconf 85' lang='lat' dir='ltr'><strong>videtur</strong></span> <span class='ocrx_word' id='word_1_541' title='bbox 2874 3253 2889 3301; x_wconf 93' lang='lat'>;</span> <span class='ocrx_word' id='word_1_542' title='bbox 2915 3248 2969 3289; x_wconf 91' lang='lat' dir='ltr'><strong>et</strong></span> <span class='ocrx_word' id='word_1_543' title='bbox 3005 3253 3198 3292; x_wconf 88' lang='lat' dir='ltr'><strong>vereor</strong></span> <span class='ocrx_word' id='word_1_544' title='bbox 3224 3256 3290 3296; x_wconf 91' lang='lat' dir='ltr'><strong>ne</strong></span> <span class='ocrx_word' id='word_1_545' title='bbox 3320 3243 3409 3311; x_wconf 91' lang='lat' dir='ltr'><strong>qui</strong></span> <span class='ocrx_word' id='word_1_546' title='bbox 3441 3253 3535 3296; x_wconf 88' lang='lat' dir='ltr'><strong>tam</strong></span> <span class='ocrx_word' id='word_1_547' title='bbox 3568 3243 3701 3309; x_wconf 85' lang='lat' dir='ltr'><strong>inepte</strong></span> 
     </span>
    </p>
   </div>
   <div class='ocr_carea' id='block_1_80' title="bbox 2199 3318 3699 3402">
    <p class='ocr_par' dir='ltr' id='par_1_80' title="bbox 2199 3318 3699 3402">
     <span class='ocr_line' id='line_1_80' title="bbox 2199 3318 3699 3402; baseline 0.016 -33"><span class='ocrx_word' id='word_1_548' title='bbox 2199 3318 2529 3386; x_wconf 89' lang='lat' dir='ltr'><strong>Pamphilum</strong></span> <span class='ocrx_word' id='word_1_549' title='bbox 2567 3336 2867 3394; x_wconf 89' lang='lat' dir='ltr'><strong>martyrem</strong></span> <span class='ocrx_word' id='word_1_550' title='bbox 2916 3332 3213 3401; x_wconf 85' lang='lat' dir='ltr'><strong>episcopali</strong></span> <span class='ocrx_word' id='word_1_551' title='bbox 3269 3334 3517 3402; x_wconf 84' lang='lat' dir='ltr'><strong>dignitate</strong></span> <span class='ocrx_word' id='word_1_552' title='bbox 3563 3333 3699 3393; x_wconf 60' lang='lat' dir='ltr'><strong>donah</strong></span> 
     </span>
    </p>
   </div>
   <div class='ocr_carea' id='block_1_81' title="bbox 2199 3408 3701 3496">
    <p class='ocr_par' dir='ltr' id='par_1_81' title="bbox 2199 3408 3701 3496">
     <span class='ocr_line' id='line_1_81' title="bbox 2199 3408 3701 3496; baseline 0.011 -36"><span class='ocrx_word' id='word_1_553' title='bbox 2199 3408 2429 3476; x_wconf 91' lang='lat' dir='ltr'><strong>ineptius</strong></span> <span class='ocrx_word' id='word_1_554' title='bbox 2454 3413 2615 3466; x_wconf 90' lang='lat' dir='ltr'><strong>etiam</strong></span> <span class='ocrx_word' id='word_1_555' title='bbox 2647 3418 2734 3469; x_wconf 87' lang='lat' dir='ltr'><strong>vel</strong></span> <span class='ocrx_word' id='word_1_556' title='bbox 2803 3421 3119 3491; x_wconf 81' lang='lat' dir='ltr'><strong>Apologiam</strong></span> <span class='ocrx_word' id='word_1_557' title='bbox 3149 3427 3387 3496; x_wconf 86' lang='lat' dir='ltr'><strong>quinque</strong></span> <span class='ocrx_word' id='word_1_558' title='bbox 3429 3427 3562 3481; x_wconf 87' lang='lat' dir='ltr'><strong>libris</strong></span> <span class='ocrx_word' id='word_1_559' title='bbox 3603 3441 3701 3480; x_wconf 86' lang='lat' dir='ltr'><strong>con-</strong></span> 
     </span>
    </p>
   </div>
   <div class='ocr_carea' id='block_1_82' title="bbox 2198 3506 3700 3584">
    <p class='ocr_par' dir='ltr' id='par_1_82' title="bbox 2198 3506 3700 3584">
     <span class='ocr_line' id='line_1_82' title="bbox 2198 3506 3700 3584; baseline 0.01 -33"><span class='ocrx_word' id='word_1_560' title='bbox 2198 3508 2427 3553; x_wconf 83' lang='lat' dir='ltr'><strong>stantem</strong></span> <span class='ocrx_word' id='word_1_561' title='bbox 2492 3506 2748 3572; x_wconf 90' lang='lat' dir='ltr'><strong>anonymi</strong></span> <span class='ocrx_word' id='word_1_562' title='bbox 2795 3508 2942 3563; x_wconf 89' lang='lat' dir='ltr'><strong>illius</strong></span> <span class='ocrx_word' id='word_1_563' title='bbox 2991 3513 3058 3566; x_wconf 91' lang='lat' dir='ltr'><strong>de</strong></span> <span class='ocrx_word' id='word_1_564' title='bbox 3101 3532 3210 3584; x_wconf 90' lang='lat' dir='ltr'><strong>quo</strong></span> <span class='ocrx_word' id='word_1_565' title='bbox 3257 3515 3467 3571; x_wconf 84' lang='lat' dir='ltr'><strong>Photius</strong></span> <span class='ocrx_word' id='word_1_566' title='bbox 3506 3516 3700 3569; x_wconf 76' lang='lat' dir='ltr'><strong>Biblioth.</strong></span> 
     </span>
    </p>
   </div>
   <div class='ocr_carea' id='block_1_83' title="bbox 2197 3589 3703 3663">
    <p class='ocr_par' dir='ltr' id='par_1_83' title="bbox 2197 3589 3703 3663">
     <span class='ocr_line' id='line_1_83' title="bbox 2197 3589 3703 3663; baseline 0.01 -21"><span class='ocrx_word' id='word_1_567' title='bbox 2197 3589 2315 3645; x_wconf 90' lang='lat' dir='ltr'><strong>cod.</strong></span> <span class='ocrx_word' id='word_1_568' title='bbox 2355 3604 2519 3656; x_wconf 78' lang='lat' dir='ltr'><strong>cxvn,</strong></span> <span class='ocrx_word' id='word_1_569' title='bbox 2546 3596 2629 3647; x_wconf 87' lang='lat' dir='ltr'><strong>vel</strong></span> <span class='ocrx_word' id='word_1_570' title='bbox 2658 3594 2845 3652; x_wconf 82' lang='lat' dir='ltr'><strong>Ruﬁni</strong></span> <span class='ocrx_word' id='word_1_571' title='bbox 2885 3600 3085 3657; x_wconf 86' lang='lat' dir='ltr'><strong>librum</strong></span> <span class='ocrx_word' id='word_1_572' title='bbox 3115 3605 3190 3659; x_wconf 89' lang='lat' dir='ltr'><strong>De</strong></span> <span class='ocrx_word' id='word_1_573' title='bbox 3205 3610 3567 3663; x_wconf 72' lang='lat' dir='ltr'><strong>adulteralione</strong></span> <span class='ocrx_word' id='word_1_574' title='bbox 3586 3609 3703 3658; x_wconf 81' lang='lat' dir='ltr'><strong>libro-</strong></span> 
     </span>
    </p>
   </div>
   <div class='ocr_carea' id='block_1_84' title="bbox 2198 3679 3700 3767">
    <p class='ocr_par' dir='ltr' id='par_1_84' title="bbox 2198 3679 3700 3767">
     <span class='ocr_line' id='line_1_84' title="bbox 2198 3679 3700 3767; baseline 0.012 -38"><span class='ocrx_word' id='word_1_575' title='bbox 2198 3694 2310 3731; x_wconf 85' lang='lat' dir='ltr'><strong>rum</strong></span> <span class='ocrx_word' id='word_1_576' title='bbox 2344 3679 2585 3748; x_wconf 83' lang='lat' dir='ltr'><strong>Origenis</strong></span> <span class='ocrx_word' id='word_1_577' title='bbox 2610 3702 2707 3753; x_wconf 91' lang='lat' dir='ltr'><strong>pro</strong></span> <span class='ocrx_word' id='word_1_578' title='bbox 2743 3688 2859 3756; x_wconf 86' lang='lat' dir='ltr'><strong>ipsa</strong></span> <span class='ocrx_word' id='word_1_579' title='bbox 2890 3689 3160 3761; x_wconf 88' lang='lat' dir='ltr'><strong>Pamphili</strong></span> <span class='ocrx_word' id='word_1_580' title='bbox 3212 3698 3456 3767; x_wconf 79' lang='lat' dir='ltr'><strong>Apologia</strong></span> <span class='ocrx_word' id='word_1_581' title='bbox 3484 3696 3700 3753; x_wconf 79' lang='lat' dir='ltr'><strong>habuerit.</strong></span> 
     </span>
    </p>
   </div>
   <div class='ocr_carea' id='block_1_85' title="bbox 2202 3767 3703 3855">
    <p class='ocr_par' dir='ltr' id='par_1_85' title="bbox 2202 3767 3703 3855">
     <span class='ocr_line' id='line_1_85' title="bbox 2202 3767 3703 3855; baseline 0.009 -33"><span class='ocrx_word' id='word_1_582' title='bbox 2202 3767 2435 3838; x_wconf 90' lang='lat' dir='ltr'><strong>Uterque</strong></span> <span class='ocrx_word' id='word_1_583' title='bbox 2458 3775 2602 3826; x_wconf 89' lang='lat' dir='ltr'><strong>enim</strong></span> <span class='ocrx_word' id='word_1_584' title='bbox 2632 3777 2807 3831; x_wconf 91' lang='lat' dir='ltr'><strong>libros</strong></span> <span class='ocrx_word' id='word_1_585' title='bbox 2841 3782 3063 3846; x_wconf 90' lang='lat' dir='ltr'><strong>quidem</strong></span> <span class='ocrx_word' id='word_1_586' title='bbox 3090 3783 3341 3855; x_wconf 81' lang='lat' dir='ltr'><strong>Origenis</strong></span> <span class='ocrx_word' id='word_1_587' title='bbox 3374 3789 3437 3841; x_wconf 91' lang='lat' dir='ltr'><strong>ab</strong></span> <span class='ocrx_word' id='word_1_588' title='bbox 3487 3786 3703 3840; x_wconf 62' lang='lat' dir='ltr'><strong>hmreticis</strong></span> 
     </span>
    </p>
   </div>
   <div class='ocr_carea' id='block_1_86' title="bbox 2194 3860 3704 3942">
    <p class='ocr_par' dir='ltr' id='par_1_86' title="bbox 2194 3860 3704 3942">
     <span class='ocr_line' id='line_1_86' title="bbox 2194 3860 3704 3942; baseline 0.007 -31"><span class='ocrx_word' id='word_1_589' title='bbox 2194 3860 2270 3912; x_wconf 87' lang='lat' dir='ltr'><strong>ait</strong></span> <span class='ocrx_word' id='word_1_590' title='bbox 2297 3874 2417 3914; x_wconf 90' lang='lat' dir='ltr'><strong>esse</strong></span> <span class='ocrx_word' id='word_1_591' title='bbox 2444 3863 2695 3931; x_wconf 84' lang='lat' dir='ltr'><strong>vitiatus;</strong></span> <span class='ocrx_word' id='word_1_592' title='bbox 2733 3869 2830 3921; x_wconf 87' lang='lat' dir='ltr'><strong>sed</strong></span> <span class='ocrx_word' id='word_1_593' title='bbox 2871 3871 3066 3925; x_wconf 89' lang='lat' dir='ltr'><strong>nullibi</strong></span> <span class='ocrx_word' id='word_1_594' title='bbox 3101 3874 3434 3942; x_wconf 70' lang='lat' dir='ltr'><strong>Pamphilus;</strong></span> <span class='ocrx_word' id='word_1_595' title='bbox 3471 3876 3562 3929; x_wconf 85' lang='lat' dir='ltr'><strong>nisi</strong></span> <span class='ocrx_word' id='word_1_596' title='bbox 3602 3876 3704 3925; x_wconf 78' lang='lat' dir='ltr'><strong>forte</strong></span> 
     </span>
    </p>
   </div>
   <div class='ocr_carea' id='block_1_87' title="bbox 2196 3950 3705 4033">
    <p class='ocr_par' dir='ltr' id='par_1_87' title="bbox 2196 3950 3705 4033">
     <span class='ocr_line' id='line_1_87' title="bbox 2196 3950 3705 4033; baseline 0.008 -32"><span class='ocrx_word' id='word_1_597' title='bbox 2196 3950 2246 4002; x_wconf 93' lang='lat' dir='ltr'><strong>id</strong></span> <span class='ocrx_word' id='word_1_598' title='bbox 2283 3951 2476 4004; x_wconf 89' lang='lat' dir='ltr'><strong>dixerit</strong></span> <span class='ocrx_word' id='word_1_599' title='bbox 2509 3954 2560 4006; x_wconf 93' lang='lat' dir='ltr'><strong>in</strong></span> <span class='ocrx_word' id='word_1_600' title='bbox 2618 3961 2839 4013; x_wconf 82' lang='lat' dir='ltr'><strong>caeteris</strong></span> <span class='ocrx_word' id='word_1_601' title='bbox 2896 3962 3055 4018; x_wconf 89' lang='lat' dir='ltr'><strong>libris</strong></span> <span class='ocrx_word' id='word_1_602' title='bbox 3093 3975 3389 4033; x_wconf 89' lang='lat' dir='ltr'><strong>temporum</strong></span> <span class='ocrx_word' id='word_1_603' title='bbox 3437 3966 3603 4033; x_wconf 90' lang='lat' dir='ltr'><strong>injuria</strong></span> <span class='ocrx_word' id='word_1_604' title='bbox 3635 3964 3705 4013; x_wconf 65' lang='grc' dir='ltr'><strong>θῑῖςσ</strong></span> 
     </span>
    </p>
   </div>
   <div class='ocr_carea' id='block_1_88' title="bbox 2194 4041 3704 4121">
    <p class='ocr_par' dir='ltr' id='par_1_88' title="bbox 2194 4041 3704 4121">
     <span class='ocr_line' id='line_1_88' title="bbox 2194 4041 3704 4121; baseline 0.019 -30"><span class='ocrx_word' id='word_1_605' title='bbox 2194 4042 2423 4107; x_wconf 89' lang='lat' dir='ltr'><strong>sumptis</strong></span> <span class='ocrx_word' id='word_1_606' title='bbox 2451 4058 2465 4093; x_wconf 87' lang='lat'><strong>:</strong></span> <span class='ocrx_word' id='word_1_607' title='bbox 2496 4041 2561 4094; x_wconf 92' lang='lat' dir='ltr'><strong>de</strong></span> <span class='ocrx_word' id='word_1_608' title='bbox 2590 4058 2698 4108; x_wconf 90' lang='lat' dir='ltr'><strong>quo</strong></span> <span class='ocrx_word' id='word_1_609' title='bbox 2726 4056 2910 4103; x_wconf 89' lang='lat' dir='ltr'><strong>tamen</strong></span> <span class='ocrx_word' id='word_1_610' title='bbox 2944 4068 3046 4106; x_wconf 91' lang='lat' dir='ltr'><strong>nec</strong></span> <span class='ocrx_word' id='word_1_611' title='bbox 3081 4054 3363 4121; x_wconf 87' lang='lat' dir='ltr'><strong>Eusebius,</strong></span> <span class='ocrx_word' id='word_1_612' title='bbox 3385 4070 3477 4109; x_wconf 90' lang='lat' dir='ltr'><strong>nec</strong></span> <span class='ocrx_word' id='word_1_613' title='bbox 3501 4054 3704 4118; x_wconf 76' lang='lat' dir='ltr'><strong>Hieroni&quot;</strong></span> 
     </span>
    </p>
   </div>
   <div class='ocr_carea' id='block_1_89' title="bbox 2196 4129 3702 4205">
    <p class='ocr_par' dir='ltr' id='par_1_89' title="bbox 2196 4129 3702 4205">
     <span class='ocr_line' id='line_1_89' title="bbox 2196 4129 3702 4205; baseline 0.003 -15"><span class='ocrx_word' id='word_1_614' title='bbox 2196 4142 2333 4191; x_wconf 64' lang='lat' dir='ltr'><strong>mus.</strong></span> <span class='ocrx_word' id='word_1_615' title='bbox 2366 4145 2465 4183; x_wconf 91' lang='lat' dir='ltr'><strong>nec</strong></span> <span class='ocrx_word' id='word_1_616' title='bbox 2485 4129 2769 4202; x_wconf 91' lang='lat' dir='ltr'><strong>Socrates,</strong></span> <span class='ocrx_word' id='word_1_617' title='bbox 2797 4153 2901 4193; x_wconf 90' lang='lat' dir='ltr'><strong>nec</strong></span> <span class='ocrx_word' id='word_1_618' title='bbox 2932 4140 3192 4205; x_wconf 86' lang='lat' dir='ltr'><strong>Photius.</strong></span> <span class='ocrx_word' id='word_1_619' title='bbox 3227 4161 3323 4199; x_wconf 91' lang='lat' dir='ltr'><strong>nec</strong></span> <span class='ocrx_word' id='word_1_620' title='bbox 3353 4146 3484 4199; x_wconf 90' lang='lat' dir='ltr'><strong>ullus</strong></span> <span class='ocrx_word' id='word_1_621' title='bbox 3513 4144 3625 4196; x_wconf 84' lang='lat' dir='ltr'><strong>alius</strong></span> <span class='ocrx_word' id='word_1_622' title='bbox 3645 4138 3702 4190; x_wconf 74' lang='lat' dir='ltr'><strong>rel</strong></span> 
     </span>
    </p>
   </div>
   <div class='ocr_carea' id='block_1_90' title="bbox 2194 4219 3003 4289">
    <p class='ocr_par' dir='ltr' id='par_1_90' title="bbox 2194 4219 3003 4289">
     <span class='ocr_line' id='line_1_90' title="bbox 2194 4219 3003 4289; baseline 0.022 -17"><span class='ocrx_word' id='word_1_623' title='bbox 2194 4219 2471 4276; x_wconf 87' lang='lat' dir='ltr'><strong>minimum</strong></span> <span class='ocrx_word' id='word_1_624' title='bbox 2510 4224 2710 4280; x_wconf 87' lang='lat' dir='ltr'><strong>habent</strong></span> <span class='ocrx_word' id='word_1_625' title='bbox 2750 4236 3003 4289; x_wconf 90' lang='lat' dir='ltr'><strong>verbum.</strong></span> 
     </span>
    </p>
   </div>
   <div class='ocr_carea' id='block_1_91' title="bbox 2106 4463 3669 4492">
    <p class='ocr_par' dir='ltr' id='par_1_91' title="bbox 2106 4463 3669 4492">
     <span class='ocr_line' id='line_1_91' title="bbox 2106 4463 3669 4492; baseline 0 -2"><span class='ocrx_word' id='word_1_626' title='bbox 2106 4463 3669 4492; x_wconf 38' lang='grc' dir='ltr'><em>Μ</em></span> 
     </span>
    </p>
   </div>
   <div class='ocr_carea' id='block_1_92' title="bbox 1528 4471 3675 4508">
    <p class='ocr_par' dir='ltr' id='par_1_92' title="bbox 1528 4471 3675 4508">
     <span class='ocr_line' id='line_1_92' title="bbox 1528 4471 3675 4508; baseline 0.007 -17"><span class='ocrx_word' id='word_1_627' title='bbox 1528 4471 3675 4508; x_wconf 43' lang='grc' dir='ltr'>Ἥ</span> 
     </span>
    </p>
   </div>
   <div class='ocr_carea' id='block_1_93' title="bbox 991 4619 3303 4758">
    <p class='ocr_par' dir='ltr' id='par_1_93' title="bbox 991 4619 3303 4758">
     <span class='ocr_line' id='line_1_93' title="bbox 991 4619 3303 4758; baseline 0.014 -30"><span class='ocrx_word' id='word_1_628' title='bbox 991 4619 1137 4731; x_wconf 90' lang='grc' dir='ltr'><strong>ΙΝ</strong></span> <span class='ocrx_word' id='word_1_629' title='bbox 1219 4620 2296 4739; x_wconf 84' lang='lat' dir='ltr'><strong>APOLOGETICUM</strong></span> <span class='ocrx_word' id='word_1_630' title='bbox 2386 4630 2504 4740; x_wconf 92' lang='lat' dir='ltr'><strong>S.</strong></span> <span class='ocrx_word' id='word_1_631' title='bbox 2599 4633 3303 4758; x_wconf 88' lang='lat' dir='ltr'><strong>PAMPHILI</strong></span> 
     </span>
    </p>
   </div>
   <div class='ocr_carea' id='block_1_94' title="bbox 1864 4843 2408 4909">
    <p class='ocr_par' dir='ltr' id='par_1_94' title="bbox 1864 4843 2408 4909">
     <span class='ocr_line' id='line_1_94' title="bbox 1864 4843 2408 4909; baseline 0.015 -7"><span class='ocrx_word' id='word_1_632' title='bbox 1864 4843 2017 4905; x_wconf 79' lang='lat' dir='ltr'><strong>PRO</strong></span> <span class='ocrx_word' id='word_1_633' title='bbox 2061 4845 2408 4909; x_wconf 79' lang='lat' dir='ltr'><strong>ORIGENE</strong></span> 
     </span>
    </p>
   </div>
   <div class='ocr_carea' id='block_1_95' title="bbox 1044 5020 3267 5130">
    <p class='ocr_par' dir='ltr' id='par_1_95' title="bbox 1044 5020 3267 5130">
     <span class='ocr_line' id='line_1_95' title="bbox 1044 5020 3267 5130; baseline 0.013 -26"><span class='ocrx_word' id='word_1_634' title='bbox 1044 5020 1459 5108; x_wconf 82' lang='lat' dir='ltr'><strong>RUFINI</strong></span> <span class='ocrx_word' id='word_1_635' title='bbox 1536 5024 2162 5116; x_wconf 62' lang='lat' dir='ltr'><strong>PRJEFATIO</strong></span> <span class='ocrx_word' id='word_1_636' title='bbox 2232 5026 2378 5114; x_wconf 90' lang='lat' dir='ltr'><strong>AD</strong></span> <span class='ocrx_word' id='word_1_637' title='bbox 2451 5029 3083 5129; x_wconf 82' lang='lat' dir='ltr'><strong>MACARIUM</strong></span> <span class='ocrx_word' id='word_1_638' title='bbox 3156 5026 3267 5130; x_wconf 71' lang='grc' dir='ltr'><strong>(ί).</strong></span> 
     </span>
    </p>
   </div>
   <div class='ocr_carea' id='block_1_96' title="bbox 617 5360 3695 5466">
    <p class='ocr_par' dir='ltr' id='par_1_96' title="bbox 617 5360 3695 5466">
     <span class='ocr_line' id='line_1_96' title="bbox 617 5360 3695 5466; baseline 0.01 -52"><span class='ocrx_word' id='word_1_639' title='bbox 617 5360 990 5430; x_wconf 75' lang='lat' dir='ltr'><strong>Cognoscenda:</strong></span> <span class='ocrx_word' id='word_1_640' title='bbox 1013 5365 1235 5421; x_wconf 76' lang='lat' dir='ltr'><strong>veritatis</strong></span> <span class='ocrx_word' id='word_1_641' title='bbox 1253 5384 1425 5425; x_wconf 86' lang='lat' dir='ltr'><strong>amore</strong></span> <span class='ocrx_word' id='word_1_642' title='bbox 1439 5383 1720 5439; x_wconf 78' lang='lat' dir='ltr'><strong>permotus,</strong></span> <span class='ocrx_word' id='word_1_643' title='bbox 1754 5391 1783 5428; x_wconf 94' lang='lat' dir='ltr'><strong>o</strong></span> <span class='ocrx_word' id='word_1_644' title='bbox 1812 5377 1886 5429; x_wconf 83' lang='lat' dir='ltr'><strong>vir</strong></span> <span class='ocrx_word' id='word_1_645' title='bbox 1920 5378 2291 5432; x_wconf 81' lang='lat' dir='ltr'><strong>desideriorum</strong></span> <span class='ocrx_word' id='word_1_646' title='bbox 2320 5380 2578 5447; x_wconf 81' lang='lat' dir='ltr'><strong>Macltari,</strong></span> <span class='ocrx_word' id='word_1_647' title='bbox 2616 5381 2690 5454; x_wconf 71' lang='grc'><strong>(2)</strong></span> <span class='ocrx_word' id='word_1_648' title='bbox 2713 5385 2953 5458; x_wconf 76' lang='lat' dir='ltr'><strong>injungis</strong></span> <span class='ocrx_word' id='word_1_649' title='bbox 2990 5395 3125 5448; x_wconf 78' lang='lat' dir='ltr'><strong>mihi</strong></span> <span class='ocrx_word' id='word_1_650' title='bbox 3151 5412 3279 5460; x_wconf 88' lang='lat' dir='ltr'><strong>rem,</strong></span> <span class='ocrx_word' id='word_1_651' title='bbox 3301 5412 3414 5466; x_wconf 81' lang='lat' dir='ltr'><strong>qua!</strong></span> <span class='ocrx_word' id='word_1_652' title='bbox 3442 5393 3527 5447; x_wconf 83' lang='lat' dir='ltr'><strong>tibi</strong></span> <span class='ocrx_word' id='word_1_653' title='bbox 3548 5386 3695 5457; x_wconf 63' lang='lat' dir='ltr'><strong>agniti!</strong></span> 
     </span>
    </p>
   </div>
   <div class='ocr_carea' id='block_1_97' title="bbox 615 5477 2076 5598">
    <p class='ocr_par' dir='ltr' id='par_1_97' title="bbox 615 5477 2076 5598">
     <span class='ocr_line' id='line_1_97' title="bbox 615 5477 2076 5598; baseline 0.018 -69"><span class='ocrx_word' id='word_1_654' title='bbox 615 5477 693 5598; x_wconf 47' lang='grc' dir='ltr'><strong>φὶ)</strong></span> <span class='ocrx_word' id='word_1_655' title='bbox 748 5478 893 5561; x_wconf 77' lang='lat' dir='ltr'><strong>Hanc</strong></span> <span class='ocrx_word' id='word_1_656' title='bbox 926 5482 1311 5553; x_wconf 67' lang='lat' dir='ltr'><strong>praefationem,</strong></span> <span class='ocrx_word' id='word_1_657' title='bbox 1361 5489 1745 5557; x_wconf 82' lang='lat' dir='ltr'><strong>Apologeticum</strong></span> <span class='ocrx_word' id='word_1_658' title='bbox 1795 5494 2076 5561; x_wconf 78' lang='lat' dir='ltr'><strong>Pamphili.</strong></span> 
     </span>
     <span class='ocr_line' id='line_1_98' title="bbox 681 5548 2076 5598; baseline 0 0"><span class='ocrx_word' id='word_1_659' title='bbox 681 5548 805 5598; x_wconf 84' lang='lat' dir='ltr'><strong>ttﬁm</strong></span> <span class='ocrx_word' id='word_1_660' title='bbox 834 5549 1022 5598; x_wconf 87' lang='lat' dir='ltr'><strong>lthrmn</strong></span> <span class='ocrx_word' id='word_1_661' title='bbox 1054 5553 1126 5598; x_wconf 62' lang='lat' dir='ltr'><strong>De</strong></span> <span class='ocrx_word' id='word_1_662' title='bbox 1159 5560 1538 5598; x_wconf 75' lang='grc' dir='ltr'><strong>ηΑ.,Ιιο.-ηιὸηηρ</strong></span> <span class='ocrx_word' id='word_1_663' title='bbox 1565 5561 1812 5598; x_wconf 55' lang='lat' dir='ltr'><strong>unum...”</strong></span> <span class='ocrx_word' id='word_1_664' title='bbox 1842 5563 2076 5598; x_wconf 68' lang='grc' dir='ltr'><strong>ηνδηοηῑε</strong></span> 
     </span>
    </p>
   </div>
   <div class='ocr_carea' id='block_1_98' title="bbox 551 5548 2078 5629">
    <p class='ocr_par' dir='ltr' id='par_1_98' title="bbox 551 5548 2078 5629">
     <span class='ocr_line' id='line_1_99' title="bbox 551 5548 2078 5629; baseline 0.013 -34"><span class='ocrx_word' id='word_1_665' title='bbox 551 5557 613 5629; x_wconf 83' lang='lat' dir='ltr'><strong>ac</strong></span> <span class='ocrx_word' id='word_1_666' title='bbox 632 5548 805 5629; x_wconf 54' lang='lat' dir='ltr'><strong>Bullini</strong></span> <span class='ocrx_word' id='word_1_667' title='bbox 834 5548 1022 5605; x_wconf 84' lang='lat' dir='ltr'><strong>librum</strong></span> <span class='ocrx_word' id='word_1_668' title='bbox 1051 5553 1126 5611; x_wconf 86' lang='lat' dir='ltr'><strong>De</strong></span> <span class='ocrx_word' id='word_1_669' title='bbox 1159 5548 1815 5627; x_wconf 43' lang='lat' dir='ltr'><strong>adulteral&#39;ionevlibrorum</strong></span> <span class='ocrx_word' id='word_1_670' title='bbox 1842 5548 2078 5629; x_wconf 62' lang='lat' dir='ltr'><strong>Origem&#39;s</strong></span> 
     </span>
    </p>
   </div>
   <div class='ocr_carea' id='block_1_99' title="bbox 549 5616 2079 5695">
    <p class='ocr_par' dir='ltr' id='par_1_99' title="bbox 549 5616 2079 5695">
     <span class='ocr_line' id='line_1_100' title="bbox 549 5616 2079 5695; baseline 0.013 -32"><span class='ocrx_word' id='word_1_671' title='bbox 549 5616 859 5695; x_wconf 59' lang='lat' dir='ltr'><strong>cpntuliinus</strong></span> <span class='ocrx_word' id='word_1_672' title='bbox 904 5634 1020 5695; x_wconf 65' lang='lat' dir='ltr'><strong>eum</strong></span> <span class='ocrx_word' id='word_1_673' title='bbox 1050 5640 1142 5686; x_wconf 82' lang='lat' dir='ltr'><strong>sex</strong></span> <span class='ocrx_word' id='word_1_674' title='bbox 1186 5616 1794 5693; x_wconf 65' lang='lat' dir='ltr'><strong>mss.unoCorbeiensi,</strong></span> <span class='ocrx_word' id='word_1_675' title='bbox 1825 5616 1977 5685; x_wconf 68' lang='lat' dir='ltr'><strong>hodie</strong></span> <span class='ocrx_word' id='word_1_676' title='bbox 2021 5632 2079 5684; x_wconf 89' lang='lat' dir='ltr'><strong>S.</strong></span> 
     </span>
    </p>
   </div>
   <div class='ocr_carea' id='block_1_100' title="bbox 551 5678 2078 5767">
    <p class='ocr_par' dir='ltr' id='par_1_100' title="bbox 551 5678 2078 5767">
     <span class='ocr_line' id='line_1_101' title="bbox 551 5678 2078 5767; baseline -0.006 -7"><span class='ocrx_word' id='word_1_677' title='bbox 551 5678 795 5767; x_wconf 39' lang='lat'><strong>9.93&quot;“?</strong></span> <span class='ocrx_word' id='word_1_678' title='bbox 834 5703 870 5766; x_wconf 65' lang='lat'><strong>5|</strong></span> <span class='ocrx_word' id='word_1_679' title='bbox 908 5678 1493 5767; x_wconf 38' lang='lat' dir='ltr'><strong>Pratisrnoiiiwsarcitli;</strong></span> <span class='ocrx_word' id='word_1_680' title='bbox 1530 5700 1701 5753; x_wconf 88' lang='lat' dir='ltr'><strong>altero</strong></span> <span class='ocrx_word' id='word_1_681' title='bbox 1742 5678 2078 5767; x_wconf 59' lang='lat' dir='ltr'><strong>[iegiontiun</strong></span> 
     </span>
    </p>
   </div>
   <div class='ocr_carea' id='block_1_101' title="bbox 555 5744 2083 5859">
    <p class='ocr_par' dir='ltr' id='par_1_101' title="bbox 555 5744 2083 5859">
     <span class='ocr_line' id='line_1_102' title="bbox 555 5744 2083 5859; baseline 0.018 -64"><span class='ocrx_word' id='word_1_682' title='bbox 555 5744 705 5814; x_wconf 67' lang='lat' dir='ltr'><strong>um,</strong></span> <span class='ocrx_word' id='word_1_683' title='bbox 736 5750 921 5813; x_wconf 83' lang='lat' dir='ltr'><strong>decimi</strong></span> <span class='ocrx_word' id='word_1_684' title='bbox 964 5744 1102 5832; x_wconf 67' lang='lat' dir='ltr'><strong>tertii</strong></span> <span class='ocrx_word' id='word_1_685' title='bbox 1132 5744 2083 5859; x_wconf 52' lang='grc' dir='ltr'><strong>ξεῖἓίιιῖῖξῖ’ἐοῖὖόἑιίὲόῖἳῖῖεῖ’Ῐιεὶ</strong></span> 
     </span>
    </p>
   </div>
   <div class='ocr_carea' id='block_1_102' title="bbox 2185 5497 3691 5583">
    <p class='ocr_par' dir='ltr' id='par_1_102' title="bbox 2185 5497 3691 5583">
     <span class='ocr_line' id='line_1_103' title="bbox 2185 5497 3691 5583; baseline -0.001 -22"><span class='ocrx_word' id='word_1_686' title='bbox 2185 5497 2331 5583; x_wconf 59' lang='lat' dir='ltr'><strong>guigji</strong></span> <span class='ocrx_word' id='word_1_687' title='bbox 2366 5497 2677 5583; x_wconf 57' lang='lat' dir='ltr'><strong>{teme-usis;</strong></span> <span class='ocrx_word' id='word_1_688' title='bbox 2733 5502 2794 5556; x_wconf 76' lang='grc' dir='ltr'><strong>5ο</strong></span> <span class='ocrx_word' id='word_1_689' title='bbox 2844 5507 2905 5562; x_wconf 91' lang='lat' dir='ltr'><strong>S.</strong></span> <span class='ocrx_word' id='word_1_690' title='bbox 2964 5512 3264 5579; x_wconf 76' lang='lat' dir='ltr'><strong>Vitoni;6°</strong></span> <span class='ocrx_word' id='word_1_691' title='bbox 3302 5514 3356 5566; x_wconf 89' lang='lat' dir='ltr'><strong>s.</strong></span> <span class='ocrx_word' id='word_1_692' title='bbox 3388 5506 3626 5565; x_wconf 77' lang='lat' dir='ltr'><strong>Michaelis</strong></span> <span class='ocrx_word' id='word_1_693' title='bbox 3645 5505 3691 5583; x_wconf 62' lang='grc' dir='ltr'><strong>⁵ξη</strong></span> 
     </span>
    </p>
   </div>
   <div class='ocr_carea' id='block_1_103' title="bbox 2185 5563 3691 5636">
    <p class='ocr_par' dir='ltr' id='par_1_103' title="bbox 2185 5563 3691 5636">
     <span class='ocr_line' id='line_1_104' title="bbox 2185 5563 3691 5636; baseline 0.004 -19"><span class='ocrx_word' id='word_1_694' title='bbox 2185 5563 2427 5636; x_wconf 79' lang='lat' dir='ltr'><strong>Pericula</strong></span> <span class='ocrx_word' id='word_1_695' title='bbox 2474 5569 2636 5622; x_wconf 89' lang='lat' dir='ltr'><strong>maris</strong></span> <span class='ocrx_word' id='word_1_696' title='bbox 2666 5563 2681 5625; x_wconf 66' lang='grc' dir='ltr'>ὲ</span> <span class='ocrx_word' id='word_1_697' title='bbox 2716 5586 2931 5629; x_wconf 90' lang='lat' dir='ltr'><strong>necnon</strong></span> <span class='ocrx_word' id='word_1_698' title='bbox 2976 5563 3047 5633; x_wconf 11' lang='lat' dir='ltr'><strong>et,</strong></span> <span class='ocrx_word' id='word_1_699' title='bbox 3070 5563 3552 5636; x_wconf 11' lang='lat' dir='ltr'><strong>ﬁcu-inviisdeurmss.</strong></span> <span class='ocrx_word' id='word_1_700' title='bbox 3578 5573 3691 5627; x_wconf 83' lang='lat' dir='ltr'><strong>codi-</strong></span> 
     </span>
    </p>
   </div>
   <div class='ocr_carea' id='block_1_104' title="bbox 2186 5633 3687 5754">
    <p class='ocr_par' dir='ltr' id='par_1_104' title="bbox 2186 5633 3687 5754">
     <span class='ocr_line' id='line_1_105' title="bbox 2186 5633 3687 5754; baseline 0.004 -68"><span class='ocrx_word' id='word_1_701' title='bbox 2186 5633 2340 5754; x_wconf 51' lang='lat' dir='ltr'><strong>t‘iiibnus</strong></span> <span class='ocrx_word' id='word_1_702' title='bbox 2357 5637 2421 5689; x_wconf 88' lang='lat' dir='ltr'><strong>ad</strong></span> <span class='ocrx_word' id='word_1_703' title='bbox 2449 5651 2675 5706; x_wconf 89' lang='lat' dir='ltr'><strong>quorum</strong></span> <span class='ocrx_word' id='word_1_704' title='bbox 2717 5639 2882 5696; x_wconf 88' lang='lat' dir='ltr'><strong>lldem</strong></span> <span class='ocrx_word' id='word_1_705' title='bbox 2913 5633 3097 5706; x_wconf 81' lang='lat' dir='ltr'><strong>libros</strong></span> <span class='ocrx_word' id='word_1_706' title='bbox 3111 5633 3459 5720; x_wconf 46' lang='grc' dir='ltr'><strong>Πέρῖᾶῥξῶν</strong></span> <span class='ocrx_word' id='word_1_707' title='bbox 3484 5633 3687 5701; x_wconf 75' lang='lat' dir='ltr'><strong>emenda-</strong></span> 
     </span>
     <span class='ocr_line' id='line_1_106' title="bbox 2207 5715 2380 5754; baseline 0.006 -1"><span class='ocrx_word' id='word_1_708' title='bbox 2207 5715 2216 5722; x_wconf 84' lang='grc'><strong>’</strong></span> <span class='ocrx_word' id='word_1_709' title='bbox 2244 5719 2255 5753; x_wconf 93' lang='grc' dir='ltr'><strong>Ι</strong></span> <span class='ocrx_word' id='word_1_710' title='bbox 2299 5719 2380 5754; x_wconf 76' lang='lat' dir='ltr'><strong>IIS.</strong></span> 
     </span>
    </p>
   </div>
   <div class='ocr_carea' id='block_1_105' title="bbox 2207 5715 2380 5757">
    <p class='ocr_par' dir='ltr' id='par_1_105' title="bbox 2207 5715 2380 5757">
     <span class='ocr_line' id='line_1_107' title="bbox 2207 5715 2380 5757; baseline 0.017 -3"><span class='ocrx_word' id='word_1_711' title='bbox 2207 5715 2380 5757; x_wconf 64' lang='lat' dir='ltr'><strong>rimus.</strong></span> 
     </span>
    </p>
   </div>
   <div class='ocr_carea' id='block_1_106' title="bbox 2248 5770 3687 5857">
    <p class='ocr_par' dir='ltr' id='par_1_106' title="bbox 2248 5770 3687 5857">
     <span class='ocr_line' id='line_1_108' title="bbox 2248 5770 3687 5857; baseline 0.003 -32"><span class='ocrx_word' id='word_1_712' title='bbox 2248 5770 2332 5842; x_wconf 64' lang='grc' dir='ltr'><strong>(ξ)</strong></span> <span class='ocrx_word' id='word_1_713' title='bbox 2361 5772 2509 5840; x_wconf 44' lang='lat' dir='ltr'><strong>Mss”</strong></span> <span class='ocrx_word' id='word_1_714' title='bbox 2539 5772 2768 5846; x_wconf 82' lang='lat' dir='ltr'><strong>injungis</strong></span> <span class='ocrx_word' id='word_1_715' title='bbox 2795 5780 2927 5837; x_wconf 73' lang='lat' dir='ltr'><strong>mihi</strong></span> <span class='ocrx_word' id='word_1_716' title='bbox 2954 5801 3060 5841; x_wconf 88' lang='lat' dir='ltr'><strong>rem</strong></span> <span class='ocrx_word' id='word_1_717' title='bbox 3084 5807 3238 5857; x_wconf 86' lang='lat' dir='ltr'><strong>quam</strong></span> <span class='ocrx_word' id='word_1_718' title='bbox 3284 5788 3459 5845; x_wconf 72' lang='lat' dir='ltr'><strong>videris</strong></span> <span class='ocrx_word' id='word_1_719' title='bbox 3484 5789 3687 5855; x_wconf 62' lang='lat' dir='ltr'><strong>quantum</strong></span> 
     </span>
    </p>
   </div>
  </div>
