3916 6410
614 422 728 479 ’535

1686 470 1702 481 ἢ
1797 402 1855 456 S.
1896 400 2212 456 PAMPHILI
2249 396 2595 454 MARTYBIS
3648 397 3725 456 δα

624 539 796 594 valent
828 544 1013 587 sensus
1037 527 1150 595 ejus
1180 524 1518 580 altitudinem
1569 522 1849 588 contueri;
1889 523 2002 576 sive
2032 537 2157 589 pra-
2186 531 2232 585 Α
2258 535 2373 589 quas
2400 520 2452 571 in
2477 514 2829 585 quaestionem
2850 510 3075 565 veniunt
3098 517 3289 573 movet,
3312 523 3405 563 nec
3420 517 3725 570 tamencum.

621 628 781 680 vitate
808 618 1017 683 mentis,
1056 632 1158 685 qua
1197 615 1429 682 studium
1473 622 1666 681 gerunt
1705 628 1806 664 non
1833 611 2001 665 solum
2022 612 2161 664 dicta

618 716 731 782 ejus
759 709 869 779 (ll)
901 708 1168 768 incusare.
1218 719 1401 759 verum
1446 706 1606 758 etiam
1654 703 1910 757 adversus
1943 717 2033 755 eos
2072 703 2161 770 qui

617 806 727 856 haec
770 800 951 867 legunt
992 795 1216 849 hostiles
1248 795 1557 848 inimicitias
1585 806 1818 855 sumere,
1856 803 1960 845 tam
1991 792 2160 860 perti-

616 889 818 943 naciter
848 886 898 941 id
925 896 1167 954 agentes,
1187 893 1243 937 ut
1272 884 1409 938 nulla
1430 897 1649 952 prorsus
1682 882 1835 935 venia
1862 896 1953 937 eos
1972 881 2162 950 dignos

615 978 796 1035 haberi
846 984 1052 1045 putent,
1098 990 1164 1029 ne
1203 988 1265 1029 ea
1307 975 1523 1044 quidem
1554 970 1667 1040 (l2)
1697 986 1854 1039 quam
1889 971 2162 1038 impertire

614 1069 808 1130 solent,
840 1066 985 1122 verbi
1015 1066 1205 1135 gratia,
1243 1066 1327 1119 his
1368 1065 1456 1133 qui
1488 1064 1569 1115 vel
1595 1062 1904 1116 Graecorum
1940 1061 2162 1115 stecula-

614 1161 751 1214 rium
803 1159 988 1220 libros,
1019 1156 1101 1210 vel
1138 1167 1519 1222 nonnunquam
1565 1152 1727 1205 etiam
1765 1151 2158 1214 hmreticorum,

615 1247 995 1319 percunctandi
1043 1257 1207 1315 atque
1251 1242 1574 1314 agnoscendi
1621 1242 1803 1296 studio
1829 1242 2158 1295 decurrunt:

615 1342 713 1395 sibi
754 1339 883 1394 solis
912 1336 1115 1392 scilicet
1148 1335 1366 1390 concedi
1395 1334 1590 1388 debere
1632 1334 1876 1404 peritiam
1901 1331 2159 1400 probandi

616 1428 877 1483 sermonis
934 1434 1137 1495 putant,
1179 1433 1238 1477 ut
1271 1423 1317 1476 si
1364 1422 1489 1491 quid
1542 1420 1652 1491 (l3)
1708 1422 1843 1476 bene
1891 1420 1957 1474 ab
1986 1419 2161 1489 aliquo

616 1521 812 1574 dictum
845 1528 947 1580 εει,
997 1516 1228 1570 retinere
1271 1515 1467 1579 sciant,
1495 1512 1565 1568 ab
1606 1514 1750 1568 omni
1783 1523 1957 1567 autem
1989 1512 2162 1581 specie

616 1604 751 1659 mala
779 1605 1049 1659 abstinere
1076 1619 1134 1657 se
1155 1604 1435 1658 noverint:
1460 1602 1633 1657 abhis
1657 1617 1783 1656 vero
1800 1603 1887 1669 qui
1919 1601 2162 1670 Origenis

616 1695 779 1748 libros
830 1693 1029 1762 legunt,
1078 1694 1214 1747 istud
1254 1693 1465 1761 penitus
1504 1692 1777 1746 exclusura
1810 1702 2004 1762 putant
2045 1706 2162 1745 esse

616 1785 943 1849 mandatum,
963 1801 1067 1853 quo
1094 1784 1397 1853 probabiles
1418 1781 1675 1848 iubentur
1696 1780 1830 1836 edici
1866 1780 2155 1849 trapezitae,

2258 608 2620 664 absolutiones
2660 602 2933 672 adiungit,
2965 602 3063 656 sed
3100 615 3220 656 cum
3260 600 3395 655 omni
3430 601 3728 661 humilitateet

2257 700 2480 755 veritate
2504 713 2608 750 non
2638 695 2917 750 erubescit
2963 692 3122 748 fateri
3164 693 3275 762 (l8)
3321 694 3425 747 haec
3470 695 3555 748 sibi
3577 712 3660 751 non
3684 699 3730 752 li.

2258 807 2441 862 quere.
2474 789 2792 846 Audivimus
2838 785 3007 840 etiam
3044 783 3170 837 illud
3201 785 3267 837 ab
3288 798 3350 837 eo
3384 784 3645 852 frequenter
3674 790 3731 842 in.

2261 885 2388 948 texi,
2415 883 2559 952 quod
2591 879 2752 934 hodie
2803 890 2875 931 ne
2921 875 3008 929 isti
3044 873 3257 942 quidem
3298 874 3392 943 ipsi
3425 875 3732 943 imperitissimi

2259 974 2497 1026 omnium
2529 972 2932 1025 obtrectatores
2966 962 3083 1031 eius
3122 963 3298 1017 dicere
3346 963 3673 1034 dedignantur,
3694 981 3734 1023 ut

2258 1063 2302 1118 si
2333 1062 2457 1131 quis
2475 1060 2665 1129 melius
2692 1059 2761 1110 de
2776 1057 2863 1110 his
2894 1054 3031 1109 locis
3046 1068 3167 1123 quae
3191 1052 3278 1106 ille
3303 1053 3550 1118 disseruit,
3572 1057 3734 1123 dixerit,

2256 1149 2345 1210 ,vel
2413 1147 2761 1216 ecposuerit,
2832 1144 2911 1199 illi
2973 1143 3153 1213 potius
3199 1143 3289 1212 qui
3356 1144 3537 1200 rectius
3594 1147 3736 1202 dixerit

2259 1252 2419 1306 quam
2456 1235 2561 1290 sibi
2595 1235 2709 1305 (l9)
2729 1240 2876 1289 esset
2905 1230 3329 1286 auscultandum.
3363 1231 3597 1287 Pra~terea
3632 1250 3736 1287 com-

2259 1324 2645 1395 prehendimus
2683 1338 2805 1377 eum
2840 1334 3230 1389 nonnunquam
3276 1320 3500 1376 diversas
3517 1323 3739 1391 expositio-

2259 1431 2355 1470 nes
2386 1412 2497 1485 (ἳο)
2537 1412 2776 1482 ejusdem
2801 1409 3028 1479 capituli
3048 1407 3224 1462 facere
3244 1426 3257 1462 :
3280 1418 3333 1462 et
3352 1424 3467 1462 eum
3488 1409 3612 1462 omni
3640 1425 3740 1465 reve-

2261 1507 2455 1570 rentia,
2477 1505 2632 1573 quasi
2652 1504 2743 1573 qui
2765 1502 2907 1557 sciat
2925 1514 2984 1556 se
2998 1501 3065 1555 de
3086 1500 3283 1555 sanctis
3310 1498 3578 1569 Scripturis
3593 1500 3737 1563 dicere,

2260 1612 2380 1651 cum
2407 1596 2572 1648 multa
2605 1610 2725 1664 qua:
2757 1594 2864 1648 sibi
2893 1602 3255 1648 occurrerunt
3287 1591 3584 1659 exposuerit,
3605 1593 3738 1658 praeci-

2260 1689 2336 1754 pit
2362 1688 2446 1741 his
2472 1686 2562 1754 qui
2589 1685 2799 1752 legunt,
2832 1682 3068 1753 probare
3101 1686 3165 1735 de
3201 1680 3416 1750 singulis
3444 1696 3551 1749 quae
3582 1681 3737 1741 dixerit,

2260 1778 2475 1846 etquod
2504 1776 2707 1830 rectius
2732 1774 2979 1843 prudens
2997 1774 3167 1826 lector
3184 1772 3507 1839 indicaverit,
3533 1772 3740 1824 obtinere:

616 1875 847 1930 scientes
876 1876 1016 1944 quod
1057 1874 1251 1928 bonum
1288 1882 1370 1927 est
1403 1873 1657 1931 retinere,
1688 1872 1754 1925 ab
1798 1871 1940 1925 omni
1975 1879 2151 1924 autem
2189 1854 2231 1907 Β
2262 1871 2497 1940 profecto
2547 1870 2673 1940 quia
2700 1884 2801 1923 nec
2848 1868 3029 1937 ipsum
3080 1867 3276 1920 latebat
3322 1868 3453 1935 quod
3500 1882 3589 1921 non
3614 1866 3740 1919 omnia

614 1963 790 2030 specie
817 1964 951 2016 mala
983 1978 1041 2018 se
1073 1962 1382 2016 abstinere'
1406 1979 1419 2014 :
1448 1961 1539 2015 sed
1568 1960 1934 2014 tantummodo
1957 1958 2000 2013 si
2036 1958 2155 2027 quis

618 2051 791 2119 legere
828 2051 989 2106 libros
1020 2052 1159 2106 illius
1191 2052 1336 2104 visus
1368 2050 1548 2114 fuerit,
1580 2049 1760 2104 statim
1785 2048 1851 2101 ab
1882 2048 1964 2101 bis
1994 2048 2157 2101 haere-

616 2142 842 2196 ticorum
902 2142 1256 2211 perfundetur
1302 2140 1539 2195 infamia.
1592 2140 1833 2208 Denique
1882 2137 1991 2209 (Η)
2035 2153 2153 2193 cum

616 2232 799 2286 multis
826 2230 1061 2285 honestae
1106 2230 1229 2285 vita!
1260 2238 1314 2285 et
1354 2228 1588 2299 religiosi
1623 2228 1881 2299 propositi
1908 2228 2066 2291 viris,
2099 2228 2151 2281 in

615 2321 810 2390 quibus
857 2320 987 2375 nihil
1034 2332 1251 2390 prorsus
1293 2320 1461 2389 culpae
1514 2320 1812 2381 inveniunt,
1849 2317 2156 2372 inimicitias

616 2418 835 2478 propter
866 2408 967 2463 hoc
1000 2407 1167 2463 solum
1217 2408 1417 2463 habent
1460 2408 1504 2462 si
1555 2422 1738 2462 eorum
1779 2406 1890 2477 (l5)
1920 2406 2153 2461 studium

614 2500 756 2554 circa
786 2500 1063 2553 memorati
1102 2498 1201 2551 viri
1237 2498 1404 2551 libros
1443 2497 1759 2568 propensius
1795 2513 1913 2552 esse
1942 2512 2155 2566 perspe-

615 2590 812 2653 xerint,
846 2589 1160 2643 invidiosius
1188 2591 1349 2642 etiam
1380 2587 1477 2641 ista
1499 2589 1776 2656 fingentes,
1805 2590 1944 2655 quod
1975 2586 2042 2642 ab
2072 2586 2157 2642 his

614 2681 669 2735 in
698 2682 815 2736 loco
830 2691 1132 2735 sanctorum
1157 2679 1517 2747 apostolorum
1542 2680 1621 2732 vel
1650 2679 2025 2748 prophetarum
2046 2688 2152 2732 tam

615 2772 730 2841 ipse
758 2786 914 2840 quam
951 2772 1089 2825 dicta
1106 2771 1219 2838 ejus
1244 2770 1560 2825 habeantur.
1591 2770 1693 2822 Sed
1727 2769 1792 2822 de
1826 2770 1927 2822 hoc
1950 2777 2152 2822 certum

617 2878 721 2917 non
772 2861 941 2917 habeo
993 2872 1166 2915 utrum
1215 2861 1575 2915 calumniandi
1622 2870 1746 2914 voto
1790 2860 2156 2914 tantummodo

615 2953 715 3006 ista
742 2953 1011 3022 jactitent,
1038 2969 1103 3006 an
1139 2953 1302 3007 etiam
1339 2952 1405 3005 ab
1440 2952 1707 3020 aliquibus
1743 2949 2156 3021 simplicioribus

614 3051 671 3097 et
696 3044 1042 3112 propensiore
1067 3042 1258 3097 all'ectu
1277 3043 1615 3114 diligentibus
1643 3044 1839 3103 virum,
1870 3038 2157 3109 aliquando

584 3133 857 3189 ‘l’ortassis
914 3136 1016 3188 tale
1065 3134 1261 3203 aliquid
1313 3134 1597 3188 audierint.
1658 3130 1769 3202 (16)
1819 3130 1927 3184 Nos
1979 3142 2153 3182 tamen

615 3224 966 3291 perspicimus
1005 3222 1309 3290 frequenter
1328 3240 1389 3277 ea
1444 3238 1562 3292 qua:
1596 3221 1663 3275 ab
1685 3237 1748 3275 eo
1788 3235 1908 3274 cum
1962 3232 2155 3287 magno

620 3312 811 3364 timore
846 3311 938 3364 Dei
969 3322 1022 3364 et
1051 3327 1170 3365 cum
1214 3311 1359 3365 omni
1395 3311 1690 3363 humilitate
1720 3308 1987 3370 dicuntur,
2034 3321 2154 3359 cum

619 3399 826 3452 veniam
876 3400 1006 3465 petit
1028 3414 1125 3466 pro
1155 3401 1239 3452 his
1268 3413 1386 3465 qua:
1410 3412 1502 3463 per
1532 3397 1747 3450 nimiam
1775 3394 2156 3449 discussiOnem

618 3496 674 3540 et
702 3502 798 3554 per
846 3487 1063 3539 multam
1100 3469 1481 3540 scrutationem
1531 3485 1933 3553 Scripturarum
1984 3482 2161 3535 animo

620 3576 937 3644 disputantis
955 3588 1243 3631 occurrunt
1275 3596 1289 3631 :
1316 3593 1433 3645 quin
1451 3592 1569 3629 cum
1594 3575 1839 3639 exponit,
1859 3573 2164 3641 frequenter

619 3666 815 3718 addere
843 3666 978 3719 solet
998 3676 1052 3719 et
1079 3668 1322 3737 proﬁteri
1352 3684 1409 3722 se
1436 3682 1539 3721 non
1574 3666 1684 3718 haec
1709 3664 1858 3732 quasi
1891 3662 2161 3715 deﬁnitiva

621 3756 966 3824 pronuntiare
1012 3759 1298 3820 sententia,
1348 3772 1446 3810 nec
1478 3765 1679 3810 statuto
1711 3756 1960 3823 dogmate
1986 3752 2164 3806 termi-

621 3860 772 3909 nare,
810 3849 902 3901 sed
931 3850 1199 3918 inquirere
1218 3865 1314 3918 pro
1341 3850 1559 3906 viribus.
1584 3856 1637 3901 et
1661 3860 1873 3899 sensum
1901 3844 2166 3896 discutere

622 3935 1042 4005 Scripturarum,
1091 3955 1189 3995 nec
1245 3951 1420 3995 tamen
1473 3940 1707 4009 proﬁteri
1763 3936 1902 4004 quod
1951 3935 2156 4002 integre

622 4024 958 4096 perfectisque
986 4033 1488 4098 comprehenderit;
1527 4027 1785 4098 suspicari
1815 4025 1983 4092 magis
2008 4040 2065 4075 se
2094 4026 2157 4075 de

620 4120 1023 4187 quamplurimis
1049 4124 1255 4193 dicens,
1295 4138 1392 4176 nec
1443 4131 1616 4176 tamen
1645 4128 1847 4173 certum
1875 4130 1992 4169 esse
2033 4114 2155 4182 quia

622 4206 675 4263 io
700 4211 944 4265 omnibus
983 4214 1124 4281 quod
1176 4212 1470 4281 perfectum
1499 4220 1585 4266 est
1629 4219 1685 4263 et
1727 4208 1986 4275 integrum
2016 4218 2159 4256 asse-

622 4307 777 4351 cutus
802 4299 890 4352 sit.
908 4301 1012 4356 Sed
1032 4312 1085 4355 et
1108 4316 1485 4369 nonnunquam
1504 4300 1801 4354 invenimus
1823 4312 1940 4351 eum
1971 4291 2079 4363 (l7)
2097 4293 2161 4346 de

624 4388 806 4443 multis
844 4392 1045 4447 haerere
1090 4408 1147 4447 se
1173 4391 1531 4462 proﬁtentem,
1561 4391 1612 4444 in
1638 4389 1829 4458 quibus
1861 4400 1921 4438 ea
1948 4382 2159 4452 quidem

649 4530 670 4563 '
697 4530 713 4583 l
750 4530 935 4587 Thess.
977 4550 1026 4599 v,
1059 4535 1147 4596 2|,
1180 4533 1269 4589 22.

2259 1975 2377 2029 quae
2419 1969 2684 2022 moverat,
2726 1958 2808 2012 vel
2850 1959 3209 2018 discusserat,
3264 1956 3538 2026 probabilia
3579 1944 3644 2008 vel
3672 1956 3741 2008 ﬁt:

2260 2050 2443 2103 haberi
2463 2051 2746 2113 deberent,
2777 2064 2877 2117 pro
2903 2063 2969 2103 eo
2991 2049 3137 2118 quod
3169 2047 3331 2103 multa
3356 2046 3561 2117 mystica
3582 2045 3624 2098 in
3646 2042 3745 2099 Scri-

2258 2138 2431 2206 pturis
2458 2138 2687 2202 sanctis,
2717 2139 2843 2193 etin
2862 2146 3075 2193 secreto
3090 2136 3360 2192 recondita
3371 2149 3485 2190 esse
3507 2135 3744 2188 credantur.

2259 2226 2391 2283 lllud
2415 2229 2646 2297 denique
2661 2226 2779 2296 ejus
2798 2229 2846 2283 si
2868 2229 3133 2285 intentius
3153 2228 3639 2295 advertamus,quani
3653 2226 3747 2278 inte-

2259 2334 2352 2390 gre
2367 2327 2420 2373 et
2434 2318 2705 2374 eatholice
2723 2319 2790 2371 de
2804 2319 3062 2374 omnibus
3088 2318 3425 2373 Tractatibus
3436 2318 3533 2371 suis
3548 2317 3593 2371 iu
3617 2318 3734 2385 prada

2260 2411 2404 2464 tione
2416 2424 2601 2462 eorum
2620 2408 2886 2463 librorum
2900 2425 3039 2479 quos
3055 2410 3106 2463 in
3120 2409 3311 2465 Genesi
3319 2424 3366 2462 m
3379 2407 3547 2462 scribit
3559 2418 3744 2475 protesta-

2260 2509 2343 2555 tus
2360 2506 2464 2561 est,
2477 2512 2691 2552 omnem
2706 2499 2827 2569 ejus
2838 2514 3062 2554 sensum
3074 2513 3139 2552 ex
3154 2501 3253 2553 hoc
3265 2496 3416 2568 facile
3425 2512 3745 2567 cognoscemus.

2330 2587 2442 2659 (21)
2490 2589 2792 2643 Οιιιςευεε.
2834 2608 2853 2640 s
2912 2589 3027 2644 Nisi
3051 2591 3371 2644 omnimodis
3398 2588 3520 2659 pigri
3552 2603 3745 2650 essemts,

2260 2694 2323 2734 ac
2372 2678 2607 2740 desides,
2661 2693 2728 2732 ne
2779 2679 2849 2732 ad
2887 2680 3270 2747 inquirendum
3308 2680 3510 2748 quidem
3536 2679 3744 2741 εςωιῑοτε,

2260 2768 2484 2822 Domino
2512 2776 2565 2820 et
2598 2769 2894 2825 Salvatore
2921 2780 3115 2824 nostro
3140 2770 3206 2823 ad
3240 2772 3337 2825 hoc
3368 2784 3458 2823 nos
3478 2776 3744 2837 provocante,

2261 2857 2499 2926 profecto
2528 2875 2949 2915 revocassemus
2988 2864 3204 2929 pedem,
3232 2861 3604 2914 considerantes
3648 2855 3744 2924 quod

2260 2948 2414 3019 longe
2442 2951 2610 3006 simus
2639 2951 2707 3005 ab
2745 2966 2811 3006 ea
2857 2953 3229 3020 magnitudine
3254 2951 3496 3020 spiritalis
3522 2948 3746 3016 intelligen-

2262 3037 2369 3100 tiae,
2418 3037 2528 3106 (2‘2)
2581 3054 2683 3107 qua
2713 3040 2786 3094 de
2816 3050 2929 3094 tam
2969 3042 3181 3111 magnis
3218 3044 3373 3094 rebus
3407 3039 3664 3107 investigari
3687 3039 3747 3089 de-

2259 3126 2382 3180 beat
2404 3128 2729 3182 intellectus.
2762 3147 2782 3181 ι

2324 3215 2647 3272 Passennus.
2682 3219 2750 3272 Et
2772 3220 2935 3288 paulo
2957 3232 3078 3289 post
3111 3222 3218 3277 ait:

2326 3306 2611 3362 ORIGENES.
2633 3328 2652 3360 s
2683 3311 2743 3363 Si
2768 3312 2857 3364 cui
2882 3327 3011 3365 vero
3037 3312 3090 3366 in
3108 3313 3485 3380 disceptatione
3506 3310 3747 3381 profundum

2258 3394 2459 3464 aliquid
2508 3400 2837 3464 occurrerit,
2880 3402 2950 3455 de
2984 3402 3088 3455 hoc
3142 3401 3424 3455 dicendum
3454 3402 3637 3470 quidem
3678 3408 3745 3458 est.

2261 3487 2355 3538 sed
2396 3500 2504 3538 non
2536 3502 2659 3539 cum
2690 3492 2844 3544 omni
2887 3490 3272 3545 allirmatione.
3302 3492 3410 3545 lloc
3451 3492 3576 3545 enim
3604 3497 3675 3540 aut
3697 3501 3749 3538 te-

2260 3575 2473 3627 merarii
2502 3575 2738 3631 hominis
2760 3588 2866 3643 est,
2894 3588 2949 3633 et
2971 3578 3087 3646 ejus
3107 3580 3197 3650 qui
3238 3596 3446 3635 sensum
3479 3582 3678 3633 humanae
3696 3576 3749 3626 in-

2261 3663 2533 3718 ﬁrmitatis
2581 3656 2908 3735 perdiderit,
2956 3671 3268 3738 oblitusque
3294 3672 3375 3725 sui
3407 3672 3472 3725 sit
3505 3687 3519 3721 :
3560 3676 3750 3722 autcene

2263 3754 2625 3822 perfectornm
2671 3762 2944 3824 virorum,
2978 3771 3034 3815 et
3071 3777 3259 3816 eorum
3297 3762 3387 3832 qui
3429 3760 3751 3816 conlidcnlerse

2262 3844 2438 3897 sciant
2466 3845 2534 3898 ab
2552 3846 2668 3913 ipso
2691 3847 2932 3903 Domino
2954 3849 3084 3904 Jesn
3103 3852 3377 3917 didicisse,
3407 3852 3454 3905 id
3477 3860 3568 3915 est,
3588 3863 3611 3900 a
3633 3843 3751 3898 Verbo

2262 3933 2525 3997 veritatis,
2549 3943 2602 3986 et
2627 3934 2695 3988 ab
2730 3936 2852 4004 ipsa
2886 3938 3169 4007 Sapientia
3192 3956 3288 4009 per
3317 3956 3469 4008 quam
3492 3936 3642 3994 omnia
3660 3932 3751 3985 fama

2262 4029 2407 4083 sunt,
2466 4023 2752 4090 agnovisse
2802 4044 2818 4080 :
2876 4026 2964 4080 vel
3010 4042 3199 4082 eorum
3235 4030 3327 4098 qui
3373 4030 3536 4082 divina
3568 4034 3751 4092 restio“sa

2263 4109 2485 4181 ingressi
2538 4112 2811 4167 turbinem
2876 4126 2933 4170 et
2964 4116 3254 4186 caliginem
3305 4119 3389 4172 ubi
3432 4118 3557 4172 Dens
3579 4116 3667 4183 ipse
3686 4119 3752 4170 est,

2262 4199 2470 4253 coalitus
2491 4212 2839 4268 acceperunt,
2876 4205 2929 4258 in
2972 4208 3116 4274 quod
3151 4209 3235 4261 vix
3282 4208 3368 4263 ille
3403 4207 3587 4277 Moyses
3612 4205 3754 4270 ingrcs'

2264 4304 2356 4344 sus
2381 4290 2460 4343 vel
2487 4290 2789 4359 intelligere
2812 4295 2941 4349 talia
2972 4300 3147 4366 potuit
3175 4298 3256 4351 vel
3286 4298 3527 4368 proferre.
3557 4294 3642 4349 Nos
3655 4304 3753 4349 rem.

2265 4395 2361 4447 pro
2408 4395 2472 4434 eo
2514 4379 2628 4435 solo
2671 4384 2821 4450 quod
2860 4388 3214 4445 mediocriter
3254 4390 3376 4444 licet
3402 4390 3527 4458 (ξε),
3558 4383 3755 4439 credimus

695 4647 805 4715 (ll)
850 4645 1118 4702 lncusare.
1170 4650 1260 4703 Sic
1300 4662 1429 4702 mss.
1477 4647 1609 4701 Editi
1655 4655 1831 4698 autem
1865 4655 2162 4710 perperam,
2196 4640 2239 4694 D
2273 4711 2290 4715 _
2336 4636 2449 4715 (lit)
2484 4637 2823 4715 llmc._Deest
2858 4646 2914 4698 in
2947 4657 3107 4701 antea
3131 4649 3309 4714 editis,
3342 4663 3529 4703 necnon
3557 4638 3755 4715 [uulsin-

627 4714 913 4772 incursare.

697 4782 806 4854 (12)
829 4784 991 4850 Alias,
1013 4802 1129 4854 qua:
1171 4785 1421 4852 impertiri
1447 4782 1698 4854 solet_[al.
1725 4796 1879 4850 quam
1910 4776 2166 4854 impertiri

625 4849 838 4923 solent],
881 4849 1034 4907 verbi'
1060 4849 1254 4923 gratia,
1298 4856 1379 4906 Itis
1420 4855 1507 4923 qui
1562 4849 1928 4907 ercorum...
1982 4849 2169 4900 decur-

628 4929 765 4982 rant,
792 4930 896 4974 etc.

696 4990 807 5057 (15)
839 4986 993 5050 Bene,
1022 5004 1226 5045 necnon
1270 5000 1439 5044 autem
1466 4989 1605 5057 quod
1636 5002 1756 5042 mox
1785 4986 2042 5056 sequitur,
2074 4983 2167 5036 de-

626 5068 748 5117 sunt
777 5060 826 5109 in
851 5059 1031 5111 editis.

698 5126 806 5195 (14)
858 5126 947 5179 Sic
982 5141 1080 5181 ms.
1114 5126 1460 5180 Sorbonicus.
1492 5125 1590 5180 Ms.
1631 5142 1757 5179 vero
1786 5124 2010 5195 Regius,
2048 5135 2161 5195 sunt

626 5188 797 5263 insutis
824 5196 969 5246 bona:
999 5195 1110 5247 vita:
1154 5205 1201 5246 et
1234 5196 1454 5262 religiosi
1492 5197 1741 5263 propositi
1778 5188 1943 5263 viris.
1966 5191 2063 5263 Ms.

631 5262 875 5332 Betuigii.
904 5277 1021 5315 enm
1051 5264 1229 5332 inultis
1254 5258 1504 5331 religiosis
1534 5258 1635 5317 vita
1663 5276 1708 5318 et
1744 5258 2160 5332 proposito‘viris.

627 5326 808 5399 Editi:
830 5340 884 5384 et
915 5346 1012 5383 tus.
1047 5326 1415 5396 Corheiensis,
1460 5348 1574 5384 curn
1625 5326 1802 5386 multis
1841 5326 1943 5383 hoc
1991 5326 2165 5399 (editi,

624 5398 803 5471 huius)
829 5400 1016 5471 [ilicet
1045 5402 1296 5471 religiosis
1322 5404 1583 5469 proposito
1608 5404 1751 5457 viris.

697 5467 807 5531 U5)
832 5467 990 5528 Editi,
1012 5467 1207 5526 studia.
1238 5467 1433 5528 omnes
1462 5488 1612 5527 mss..
1640 5472 1887 5523 studium.

696 5533 805 5605 (ίδ)
831 5536 951 5610 Μὸετ
971 5538 1080 5610 fere
1110 5557 1313 5610 omnes,
1329 5553 1383 5599 et
1401 5541 1551 5605 editi,
1571 5539 1681 5593 Nos
1710 5552 1874 5592 tanien
1893 5533 2163 5610 perspectis

629 5603 917 5672 [νεᾴνεηιεν
931 5607 1027 5671 MS.
1062 5624 1168 5673 θιο.
1192 5603 1652 5675 θεαὶ-θειίιιςιηθ.
1680 5616 1888 5661 unusut
1916 5606 1967 5675 in
1991 5612 2160 5675 textu.

699 5675 808 5739 (Π)
832 5676 907 5728 Ita
939 5670 1126 5740 omnes
1156 5670 1295 5750 ius;
1327 5670 1471 5746 Editi
1507 5694 1632 5733 vero
1672 5679 1753 5747 ine
1795 5686 1866 5737 te,
1896 5672 1958 5725 de
1987 5670 2163 5724 multis

699 5743 906 5799 imiimi
927 5752 1250 5816 Proﬁtentem
1274 5764 1367 5816 [ιιι.
1406 5691 1798 5816 oro/irier!!ch-

632 5738 906 5799 ltwrcsibus
927 5738 1751 5847 proﬁtenie'pxial:Vittroﬁcicntcin

2192 4758 2197 4764 .
2268 4708 2517 4787 l'_ra,_ipsi.
2544 4786 2547 4787 ν
2571 4709 2772 4765 Deinde
2803 4730 2911 4768 Ius.
2956 4716 3163 4787 Regius
3198 4708 3356 4772 habet
3395 4708 3656 4786 dignantur.
3678 4709 3755 4759 loco

2269 4778 2639 4843 dedignantur.

2336 4848 2448 4921 (lg)
2480 4845 2607 4921 _Mss.
2640 4847 2891 4917 plerique
2916 4864 2972 4907 et
2995 4854 3154 4919 editi,
3188 4871 3319 4921 esse,
3363 4853 3510 4909 male.

2337 4912 2554 5033 33%)“?
2588 4912 2781 4971 omnes
2801 4912 2948 4975 'mss.
2984 4912 3595 4993 Editi'vero'perperam,
3617 4914 3753 4969 ιίιάιπι

2265 4999 2526 5038 camtutrs.

2329 5003 2568 5129 ῗὲὕυῖιθ
2609 5051 2760 5129 editi.
2814 5054 2947 5111 Mss.
2996 5076 3126 5115 vero
3174 5063 3443 5129 plerique:
3473 5050 3753 5129 Origener'de

2267 5120 2587 5201 Prwfation‘e
2621 5120 2879 5201 librorum
2909 5129 2980 5201 lin
3028 5120 3393 5201 Certe-simum.
3437 5132 3493 5201 de
3520 5120 3753 5201 ρὶᾳξίαιὶριιξ

2267 5189 2780 5270 librorn'anCigenis
2810 5194 2879 5270 in_
2898 5196 3192 5270 (ἐθηράθη).
3227 5189 3339 5252 ινὲἕὶ
3364 5189 3636 5253 omnimodis
3661 5189 3753 5270 ρίθζτ

2267 5268 2431 5337 essent
2463 5258 2554 5330 [aL
2584 5251 2703 5337 {Vici
2736 5264 3059 5337 omnimodis
3102 5251 3317 5335 qiiidain
3354 5251 3478 5337 pigri
3519 5251 3751 5317 essential-

2266 5328 2817 5401 ,iig_ri_es'sentingenii]
2843 5342 2893 5384 et
2921 5328 3151 5401 desides,
3174 5349 3282 5391 etc.

2297 5394 2817 5517 ligi%L.Agiz.quuw-
2836 5403 2902 5456 de
2922 5413 3086 5459 tanta:
3116 5394 3483 5476 magnitudinis
3509 5401 3631 5457 rebus
3651 5394 3753 5445 ἰπνο-

2268 5481 2485 5529 uigore,
2514 5481 2617 5520 etc.

2337 5482 2724 5615 ῗὲἑῖἲξξιῖὶίἰιῖ,
2750 5538 2871 5615 nisi
2891 5543 3039 5615 quod
3065 5544 3271 5615 addant
3292 5543 3505 5615 Christo,
3528 5529 3747 5615 post

2270 5603 2366 5657 Ms.
2403 5603 2809 5680 Sorbonicuset
2838 5603 2924 5662 S.'
2952 5610 3232 5667 Michaelis
3267 5616 3315 5666 in
3343 5603 3572 5680 .Pertcn'lo
3613 5609 3744 5680 ωπιῇ

2273 5690 2363 5725 nro
2386 5690 2443 5727 eo
2473 5674 2584 5726 solo
2613 5674 2747 5735 quod
2778 5679 3122 5734 mediocriter
3155 5684 3273 5735 licet
3300 5674 3599 5735 credidimus,
3624 5675 3747 5721 (enim

2271 5746 2333 5794 de
2360 5741 2575 5795 Donoino
2602 5739 2730 5796 Jesu
2765 5744 3057 5815 loquimur,
3094 5761 3141 5804 et
3183 5754 3318 5820 ejus,
3352 5762 3449 5806 ctc.
3475 5739 3737 5803 Ostorium-
