3916 6460
164 492 244 546 ’ἑιὸ
1458 467 1803 534 ΔΡΟῙΑΟΟΙΑ

1908 480 1979 536 ιο
2014 477 2331 537 ORIGENE.
3356 485 3462 540 5w

175 579 408 651 “me”
427 558 645 665 00mm“.
664 556 808 665 λθειξν
904 563 1045 636 eius
1075 584 1413 651 gloriamur
1429 606 1542 651 esse
1556 586 1834 661 discipuli,
1864 600 1909 655 Α
1936 592 2195 662 proximis
2225 606 2345 647 esse
2376 590 2569 659 quibus
2594 591 2911 649 charitatem
2935 604 2999 644 ex
3026 591 3272 647 mandato
3298 592 3461 649 debe-

189 700 268 739 m
324 651 799 753 ι⁵¹¹¹¹ῗξ¹ᾼ³¹¹⁰ἓ¹¹¹¹¹³
828 651 1031 753 δῖειῖτθ
1056 682 1240 740 Quod
1284 683 1421 738 facie
1445 684 1506 736 ad
1538 651 1730 733 faciem
1763 651 1832 737 ab
1865 651 1909 655 ﬂ
1934 651 2070 747 inus,
2101 691 2155 736 et
2186 651 2489 749 assumptos
2516 681 2677 736 libros
2703 681 2818 750 ejus
2852 680 3088 750 legerem
3118 695 3238 734 cum
3266 696 3328 735 ea
3361 697 3451 737 ve-

201 773 305 839 ,ρω
382 740 639 846 audient.
686 748 1117 846 εξξεῗβετῑξηυε
1179 768 1588 842 intelligentiam
1637 781 1803 824 eorum

1934 740 2225 841 nia,'quam
2252 740 2438 839 ipse-in
2475 740 2882 824 Praelationibus
2901 740 3031 823 vanis
3058 770 3316 839 deposcit,
3345 772 3455 826 sic-

212 830 329 923 ξω
395 833 450 889 in
482 830 673 935 divinis
711 831 869 935 libris
901 838 1265 935 referam“.-
1299 830 1458 926 ,q‘hm
1485 853 1694 923 quidem
1716 868 1832 908 cer-
1939 830 2038 916 ubi?
2072 830 2223 914 venia
2270 830 2488 927 dignum
2544 859 2741 928 aliquid
2780 860 3101 914 invenirent.
3127 830 3456 916 'Nunc-vero

227 922 305 994 ius
336 938 470 989 sum
486 922 623 991 (μιοά
646 937 716 976 ἰθ
740 923 855 993 ipse
876 929 1118 996 quidem
1161 922 1400 1000 mundus
1428 922 1521 1014 pro
1542 944 1739 999 Virtute
1764 959 1803 997 at

1933 966 1964 1004 e
1988 952 2261 1005 contrario
2300 952 2478 1004 videas
2519 965 2608 1005 eos
2640 949 2939 1004 maledictis
2963 951 3174 1018 quidem
3222 950 3456 1017 probris.

225 1021 519 1109 maiesiaif’
557 1028 808 1109 κηδξιξιω
855 1032 1069 1089 calle-Te
1118 1043 1308 1099 petest
1362 1035 1404 1089 ⁸.
1441 1034 1660 1101 Propter
1689 1048 1803 1100 qum

1930 1056 2034 1109 que
2059 1040 2171 1108 (27)
2202 1040 2328 1093 mihi
2366 1053 2468 1093 non
2495 1054 2715 1108 parcere
2743 1057 2757 1092 :
2793 1053 2885 1092 eos
2915 1053 3043 1093 vero
3071 1039 3159 1108 qui
3213 1039 3456 1106 Scriptu-

226 1137 316 1192 1³,ιο
356 1105 595 1161 nuntiare
615 1104 830 1175 quidem
868 1109 939 1164 de
977 1112 1074 1172 his
1108 1135 1236 1188 quas
1279 1124 1520 1187 dicimus,
1543 1121 1830 1190 sicutapo-
1930 1104 2111 1181 rarum
2153 1104 2626 1196 vintelligendarum
2663 1127 2951 1181 secundum
2990 1104 3294 1182 mandatum
3336 1104 3451 1181 ἠυθ-

234 1202 387 1265 ιλοῑῖ
410 1207 711 1270 νοὶιιθτιιῐη,
742 1215 848 1256 non
887 1205 1173 1265 audemus
1206 1229 1222 1266 :
1256 1214 1308 1267 in
1336 1228 1401 1268 eo
1428 1222 1601 1268 autem
1627 1212 1829 1281 gratias
1929 1218 2056 1270 mini
2085 1227 2138 1270 et
2186 1216 2479 1271 Salvatoris
2541 1218 2711 1270 nostri
2759 1217 2992 1271 studium
3041 1228 3251 1286 gertmt,
3303 1234 3332 1271 a
3372 1218 3450 1272 le-

264 1302 493 1367 agunus,
529 1292 669 1362 quod
691 1307 812 1347 cum
839 1295 1004 1352 multi
1032 1300 1360 1370 imperitiam
1387 1319 1534 1358 suam
1564 1303 1824 1365 nesciant,

274 1397 332 1440 et
361 1395 524 1439 motus
550 1398 675 1438 suos
697 1384 1091 1453 incompositos
1111 1400 1165 1444 et
1186 1391 1533 1454 inordinatos,
1561 1391 1824 1445 interdum

269 1476 431 1528 etiam
466 1484 520 1529 et
546 1475 754 1543 ineptos
784 1490 849 1531 ac
873 1476 1175 1540 fabulosos.
1208 1496 1325 1534 cum
1342 1482 1485 1534 omni
1512 1481 1822 1544 intentione,

262 1566 407 1618 sicut
450 1564 559 1620 sibi
603 1564 875 1631 videntur,
906 1568 1061 1634 quasi
1101 1570 1376 1623 verissima
1404 1568 1694 1623 assertione
1729 1584 1826 1622 au-

259 1653 537 1717 nuntient,
588 1667 688 1707 nos
723 1652 789 1706 de
831 1653 994 1707 rebus
1038 1655 1264 1724 magnis,
1303 1663 1356 1707 et
1394 1654 1475 1706 his
1517 1668 1636 1721 qua:
1665 1667 1821 1722 supra

252 1757 361 1796 nos
383 1752 534 1802 sunt.
564 1742 923 1811 ignorantiam
957 1754 1190 1799 nostram
1232 1759 1334 1797 non
1367 1744 1687 1810 ignoramus.
1728 1758 1749 1792 ι

328 1833 672 1887 ΡΑιινιιιιυε.
699 1833 833 1888 Cum
872 1847 1006 1902 ergo
1042 1835 1153 1887 haec
1184 1847 1303 1886 eum
1346 1834 1410 1887 de
1436 1847 1493 1885 se
1522 1832 1695 1885 dicere
1725 1845 1820 1884 au-

1927 1308 2104 1360 ctione
2128 1306 2384 1361 librorum
2421 1306 2536 1373 ejus
2562 1307 2852 1371 deterrere,
2882 1306 3127 1373 quaelibet
3166 1308 3324 1361 etiam
3345 1309 3449 1361 alia

1928 1395 2126 1460 inepta,
2156 1394 2314 1446 etiam
2360 1394 2489 1447 nihil
2532 1395 2827 1463 pro'utura,
2876 1395 3052 1463 potius
3098 1410 3258 1462 quam
3311 1396 3451 1451 illius

1926 1481 2339 1536 commentarios
2386 1482 2486 1550 legi
2528 1483 2721 1537 debere
2765 1482 3105 1537 atlirmantes.
3159 1485 3216 1535 In
3257 1484 3450 1552 quibus

1923 1585 2062 1639 sepe
2108 1571 2265 1624 etiam
2305 1570 2509 1624 ridiculi
2556 1570 2754 1639 aliquid
2804 1570 2910 1639 pati
2949 1573 3138 1625 solent.
3192 1571 3320 1626 Nam
3389 1581 3449 1627 ut

1920 1672 2103 1713 eorum
2141 1658 2470 1712 contentiosa
2513 1660 2875 1726 praesumptio,
2917 1658 3023 1724 vel,
3064 1670 3123 1711 ιιι
3166 1659 3343 1712 verius
3369 1661 3450 1713 di~

1922 1761 2061 1809 eam,
2101 1744 2210 1816 (28)
2244 1745 2583 1814 prmjudicata
2615 1747 2827 1800 vesania
2877 1745 3084 1800 facilius
3124 1747 3446 1813 declaretur,

1923 1834 2165 1889 accidere
2209 1835 2348 1889 solet
2392 1835 2472 1888 vel
2507 1851 2657 1895 casn,
2711 1833 2791 1887 vel
2832 1837 3099 1888 interdum
3141 1837 3339 1902 studio,
3388 1848 3448 1892 ut

245 1922 493 1986 dianms,
542 1931 602 1976 et
660 1921 1028 1990 hujuscemodi
1074 1930 1250 1974 mente
1294 1935 1357 1973 ac
1393 1928 1514 1973 voto
1551 1934 1667 1988 quae
1696 1918 1822 1971 dicit
1852 1912 1895 1965 Β
1925 1923 2136 1975 nomine
2183 1923 2235 1974 in
2281 1921 2462 1975 codice
2508 1936 2610 1974 non
2655 1922 2976 1989 praetitulato
3008 1922 3218 1991 legatur
3247 1923 3444 1992 aliquid

242 2025 528 2073 asserere,
582 2011 850 2064 miramur
910 2011 963 2063 in
1004 2018 1205 2063 tantum
1251 2009 1565 2063 temeritatis
1613 2008 1817 2076 aliquos

1923 2010 2090 2078 ipsius
2122 2011 2174 2064 in
2202 2011 2420 2063 auribus
2451 2010 2869 2063 obtrectatorum
2897 2014 3047 2078 quasi
3078 2011 3299 2066 alterius
3330 2023 3438 2066 tra-

1918 2098 2165 2153 ctatoris.
2207 2097 2354 2164 Quod
2396 2099 2579 2151 tandiu
2616 2098 2788 2165 placet
2816 2107 2869 2152 et
2894 2098 3159 2161 laudatur,
3184 2111 3341 2170 atque
3385 2101 3442 2155 in

1920 2187 2066 2240 omni
2119 2187 2470 2241 admiratione
2516 2187 2763 2249 habetur,
2815 2188 3047 2255 quandiu
3092 2204 3281 2243 nomen
3334 2204 3443 2243 non

1912 2274 2073 2328 fuerit
2113 2276 2421 2329 indicatum.
2468 2277 2535 2329 At
2577 2276 2664 2329 ubi
2712 2274 2957 2345 Origeuis
2996 2279 3203 2347 cognita
3249 2278 3444 2332 fuerint

1911 2386 2029 2425 esse
2051 2387 2168 2440 qua:
2193 2372 2491 2440 placebant,
2543 2372 2725 2424 statim
2778 2372 3080 2439 displicent,
3113 2374 3296 2427 statim
3329 2375 3439 2427 bre-

1914 2461 2079 2513 retica
2112 2476 2231 2514 esse
2268 2462 2552 2515 dicuntur:
2585 2471 2640 2513 et
2672 2477 2732 2515 ea
2755 2476 2872 2529 qua:
2900 2462 3055 2529 paulo
3078 2472 3203 2517 ante
3241 2463 3305 2516 ad
3331 2478 3442 2517 εω-

1912 2548 2019 2601 lum
2072 2563 2241 2616 usque
2282 2548 2611 2611 ferebantur,
2663 2549 2850 2602 iisdem
2892 2551 3109 2604 vocibus
3146 2553 3441 2621 eademque

1909 2636 2087 2705 lingua
2128 2653 2296 2706 usque
2339 2640 2404 2690 ad
2454 2637 2653 2691 inferos
2710 2639 3110 2708 demerguntur.
3170 2639 3434 2696 Praeterea

1908 2726 2065 2777 etiam
2117 2726 2243 2777 illud
2293 2735 2377 2779 est
2419 2726 2677 2791 invenire,
2717 2727 2856 2793 quod
2885 2742 3263 2797 nonnunquam
3294 2729 3429 2784 tales

1907 2820 2028 2865 sunt
2066 2820 2402 2865 accusatores
2444 2811 2581 2878 ejus,
2628 2811 2718 2878 qui
2770 2824 2868 2864 nec
2901 2811 3142 2867 Graecam
3190 2817 3436 2869 noverint

1907 2898 2175 2967 linguam:
2203 2899 2292 2952 alii
2319 2900 2640 2954 omnimodis
2669 2900 2896 2967 imperiti
2920 2917 2936 2966 ;
2962 2902 3196 2956 nonnulli
3225 2905 3433 2958 etiamsi

235 2114 375 2154 esse
425 2111 747 2168 provectos.
802 2111 861 2153 ut
908 2100 997 2166 qui
1041 2114 1100 2153 se
1135 2100 1206 2153 ita
1257 2098 1551 2153 humilitate
1590 2099 1814 2166 judicat,

232 2200 506 2245 astrnant
534 2192 684 2259 quod
730 2192 800 2244 ab
832 2192 950 2245 aliis
985 2192 1124 2245 dicta
1156 2190 1269 2256 ejus
1308 2190 1389 2245 vel
1418 2190 1537 2243 libri
1576 2204 1671 2257 pro
1701 2203 1816 2243 ser-

230 2280 509 2332 monibus
532 2279 850 2346 apostolicis
882 2279 963 2331 vel
993 2278 1145 2332 dictis
1162 2277 1483 2346 propheticis
1498 2278 1812 2339 habeantur,

229 2379 338 2421 aut
381 2370 536 2434 quod
589 2366 683 2421 ille
730 2368 845 2434 ipse
899 2368 981 2419 vel
1016 2366 1289 2434 prophetis
1336 2367 1415 2419 vel
1467 2366 1717 2433 apostolis
1747 2368 1813 2418 ab

227 2456 431 2524 aliquo
489 2465 864 2524 comparetur.
922 2454 989 2508 Et
1036 2455 1247 2523 quidem
1316 2455 1454 2520 quod
1505 2463 1558 2509 et
1613 2454 1814 2507 honore

225 2547 579 2618 presbyterii
633 2548 688 2600 in
739 2544 980 2600 Ecclesia
1029 2544 1280 2611 praeditus
1323 2541 1502 2605 fuerit,
1551 2550 1607 2595 et
1651 2543 1810 2594 vitam

223 2636 783 2689 abstinentissimam
828 2633 996 2701 egerit
1020 2643 1075 2686 et
1124 2632 1275 2685 valde
1329 2631 1440 2701 (21)
1487 2631 1810 2699 philosophi-

219 2740 389 2787 cam,
434 2725 703 2792 quodque
749 2738 936 2790 puram
974 2722 1242 2791 religionis
1261 2720 1623 2777 observaverit
1647 2721 1810 2774 disci-

219 2815 474 2883 plinatn,
549 2823 608 2867 et
675 2828 788 2881 pra:
839 2814 1046 2867 caeteris
1099 2812 1258 2866 verbo
1313 2811 1403 2865 Dei
1457 2821 1512 2866 et
1559 2812 1813 2867 doctrina:

219 2918 470 2973 cperam
510 2903 750 2964 dederit,
788 2903 918 2956 nulli
951 2902 1166 2957 dubium
1193 2910 1274 2957 est
1296 2912 1350 2958 et
1384 2917 1449 2955 ex
1480 2901 1564 2955 his
1590 2916 1708 2970 qua:
1743 2903 1809 2956 ad

220 3006 341 3044 nos
396 2990 607 3045 laboris
639 2999 699 3043 et
751 2990 915 3043 studii
969 2990 1085 3058 ejus
1128 2989 1422 3047 certissima
1464 2989 1808 3058 designantur

218 3081 486 3135 indicia:
551 3078 827 3147 praecipue
878 3094 1006 3133 vero
1069 3094 1164 3148 per
1210 3094 1302 3137 eos
1348 3086 1621 3141 tractatus,
1671 3092 1805 3147 quos

218 3185 380 3241 pene
406 3167 660 3237 quotidie
687 3168 741 3222 in
768 3167 1008 3222 Ecclesia
1045 3168 1273 3222 habebat
1297 3182 1362 3221 ex
1389 3177 1642 3236 tempore,
1671 3182 1803 3236 quos

218 3273 279 3317 et
320 3262 711 3317 describentes
739 3258 938 3313 notarii
992 3258 1057 3311 ad
1091 3259 1473 3313 monimentum
1515 3259 1798 3327 posterita-

219 3353 302 3405 tis
346 3351 674 3404 tradebant.
705 3348 1052 3415 Consequens
1081 3348 1241 3416 igitur
1270 3357 1407 3409 erat,
1440 3362 1507 3401 es
1555 3348 1638 3401 his
1681 3363 1793 3402 om-

217 3441 405 3494 nibus
453 3439 715 3492 laborum
767 3445 824 3491 et
866 3436 1160 3490 studiorum
1208 3448 1425 3495 suorum
1484 3437 1802 3493 testimoniis

215 3529 498 3599 amplecti
550 3527 717 3582 talem
757 3526 931 3580 virum
978 3542 994 3580 :
1048 3534 1103 3580 et
1135 3539 1305 3594 neque
1328 3527 1650 3582 defensionis
1680 3536 1795 3582 stu-

216 3621 321 3676 dio
351 3621 483 3690 plus
514 3620 652 3674 dare
684 3617 800 3689 (25)
834 3617 885 3672 ei
918 3617 1091 3672 meriti
1128 3633 1287 3688 quam
1336 3633 1585 3673 mensura
1630 3618 1798 3687 depo-

217 3712 357 3776 scit,
400 3724 591 3779 neque
626 3722 817 3762 rursus
836 3708 1166 3761 obtrectandi
1199 3708 1327 3762 vitio
1356 3707 1511 3762 facile
1537 3709 1785 3763 condem-

1905 2985 2106 3054 aliquid
2139 2988 2384 3041 videntur
2429 2989 2627 3042 habere
2655 2988 2879 3056 peritiae,
2926 3002 3030 3041 non
3064 2998 3241 3044 tamen
3271 2990 3431 3045 etiam

1903 3075 1956 3129 id
1988 3075 2147 3129 studii
2170 3074 2420 3130 habuisse
2446 3077 2808 3143 inveniuntur,
2838 3090 2891 3131 ut
2915 3078 3062 3132 libris
3085 3078 3199 3146 ejus
3216 3093 3443 3148 operam

1903 3164 2183 3218 dederint:
2218 3174 2311 3219 aut
2352 3166 2395 3219 si
2442 3166 2700 3221 acciderit
2741 3178 2798 3222 ut
2836 3168 2998 3222 etiam
3041 3167 3288 3238 legerint,
3316 3184 3422 3224 non

1901 3254 2151 3308 continuo
2173 3255 2333 3308 etiam
2373 3264 2534 3309 tanta:
2558 3256 2873 3311 eruditionis
2903 3257 3122 3323 fuerint,
3155 3268 3210 3314 ut
3240 3259 3423 3313 altitu-

1902 3344 2081 3397 dinem
2129 3358 2320 3399 sensus
2367 3345 2484 3413 ejus
2527 3346 2738 3413 assequi
2768 3348 3063 3414 quiverint,
3085 3362 3191 3417 quo
3213 3362 3276 3402 ea
3304 3362 3426 3417 qua:

1901 3435 1989 3489 ille
2020 3435 2236 3490 diverso
2257 3446 2544 3504 prospectu
2570 3452 2668 3506 pro
2713 3437 2848 3493 locis
2871 3445 2925 3493 et
2956 3439 3133 3493 causis
3160 3440 3426 3495 disserere

1898 3523 2058 3586 solet,
2098 3525 2375 3580 advertere
2401 3525 2688 3580 valuerint.
2742 3525 2936 3583 Multos
2980 3528 3241 3591 invenias,
3291 3542 3425 3596 quos

1896 3613 1940 3669 si
1985 3614 2279 3685 interroges
2311 3616 2362 3668 in
2392 3615 2585 3684 quibus
2643 3615 2816 3680 libris,
2851 3625 2944 3671 aut
2984 3616 3036 3670 in
3065 3618 3259 3685 quibus
3297 3617 3426 3672 locis

1896 3702 2038 3755 dicta
2087 3703 2194 3757 sint
2246 3703 2358 3757 haec
2406 3719 2527 3772 qua:
2561 3714 2810 3773 arguunt,
2862 3704 2972 3775 (29)
3012 3705 3335 3760 conﬁtentur
3366 3720 3429 3761 se

1896 3791 2108 3857 quidem
2138 3791 2345 3844 nescire
2366 3805 2427 3843 ea
2455 3791 2520 3847 de
2541 3791 2737 3860 quibus
2781 3790 3067 3855 adirtnant,
3100 3807 3197 3847 nec
3229 3793 3432 3863 legisse

1897 3894 2151 3946 unquam,
2175 3880 2387 3933 audisse
2409 3889 2585 3934 autem
2619 3880 2753 3933 alios
2779 3881 3036 3935 dieeutes.
3072 3880 3145 3933 Ex
3173 3896 3280 3949 quo
3304 3882 3426 3936 cui-

1894 3968 1976 4020 vis
2019 3967 2170 4034 plcna
2214 3967 2421 4021 ridiculi
2460 3967 2724 4022 sententia
2767 3983 2952 4023 eorum
2978 3969 3272 4035 videbitur,
3295 3984 3416 4024 cum

1892 4055 1960 4108 de
2010 4055 2093 4108 his
2128 4054 2395 4122 judicant,
2441 4064 2603 4123 atque
2646 4071 2708 4110 ea
2763 4056 3140 4120 condemnant,
3178 4071 3295 4124 quae
3322 4071 3423 4110 nec

1890 4143 2098 4198 discere
2129 4144 2340 4212 quidem
2366 4145 2535 4212 prius,
2570 4160 2631 4199 ac
2664 4161 2820 4200 nosse
2859 4155 3164 4214 potuerunt.
3204 4146 3258 4199 Ιιι
3284 4146 3422 4200 alios

216 3818 390 3865 nare,
447 3812 509 3854 et
560 3799 806 3853 alienum
845 3799 910 3852 ab
940 3796 1301 3852 ecclesiastica
1328 3798 1568 3850 doctrina
1596 3807 1796 3852 temere

214 3891 641 3962 pronuntiare:
679 3902 804 3942 cum
837 3896 1120 3954 utrumque
1143 3886 1279 3939 istud
1300 3887 1645 3953 pracipitium
1671 3902 1789 3955 pro-

214 3981 429 4035 videns
454 3989 589 4032 ante
629 3977 847 4031 divinus
876 3990 1052 4030 sermo
1080 3975 1410 4045 prohibuerit
1436 3975 1618 4028 dicens
1643 3975 1795 4028 :Non

212 4073 286 4124 sit
323 4074 387 4124 in
417 4081 470 4121 te
503 4083 757 4121 mensura
783 4066 973 4134 major.
1007 4078 1164 4132 neque
1182 4079 1419 4116 mensura
1441 4064 1627 4116 mittor.
1658 4064 1797 4116 Abo-

211 4162 490 4215 minadile
530 4169 611 4211 est
638 4159 781 4211 enim
804 4157 861 4209 in
898 4165 1175 4229 conspectu.
1203 4155 1404 4207 Domini
1445 4164 1713 4222 utrumque
1734 4157 1777 4212 ’.

219 4252 557 4319 Unicuique
584 4249 756 4311 enim,
787 4253 945 4315 prout
975 4245 1186 4312 dignum
1212 4253 1316 4307 est,
1356 4244 1608 4307 tribuere,
1636 4243 1794 4311 justi-
1890 4248 2019 4289 vero
2056 4236 2179 4290 novi
2235 4235 2432 4289 furoris
2483 4237 2699 4289 morbus
2744 4243 2798 4289 et
2850 4235 3099 4289 inaudita:
3132 4235 3241 4300 (30)
3274 4234 3422 4288 labes

214 4345 309 4397 tia:
350 4344 469 4397 hoc
506 4338 791 4409 proprium
841 4343 942 4389 est.
983 4333 1209 4402 Pr0pter
1254 4333 1391 4400 quod
1437 4341 1490 4387 et
1547 4346 1792 4387 incusum
1891 4324 2107 4379 incessit
2133 4326 2374 4389 ittsaniaa,
2406 4338 2530 4379 cum
2561 4334 2668 4378 tatn
2712 4325 2871 4378 multa
2898 4325 3012 4392 ejus
3040 4324 3301 4378 volumina
3331 4340 3417 4378 re-

212 4435 470 4502 integra,
536 4437 595 4482 et
651 4425 864 4496 pondus
906 4424 1109 4491 aequale
1160 4423 1487 4491 acceptabite
1537 4432 1620 4478 est
1650 4422 1786 4491 apud
1891 4414 2026 4471 ferta
2057 4416 2215 4471 totius
2245 4416 2489 4470 utilitatis
2517 4424 2572 4470 et
2615 4416 2986 4469 instructionis
3014 4414 3416 4477 habeanturpet

212 4523 423 4583 Deum,
456 4532 572 4574 non
606 4516 711 4569 hoc
744 4515 885 4582 quod
910 4513 1165 4568 mentitur
1190 4512 1494 4576 veritatem,
1532 4527 1627 4580 per
1646 4514 1783 4581 quod
1822 4532 1867 4587 ι)
1892 4506 2024 4559 satis
2050 4521 2169 4559 rara
2195 4518 2249 4559 et
2275 4519 2539 4575 perpauca
2580 4504 2716 4559 forte
2746 4503 2858 4558 loca
2886 4505 3016 4569 sint,
3043 4506 3094 4558 in
3118 4505 3310 4573 quibus
3333 4503 3415 4557 vei

209 4612 295 4667 vel
358 4610 497 4680 plus
535 4608 774 4660 donatur
824 4603 1003 4668 rebus,
1057 4615 1215 4669 quam
1264 4600 1452 4655 merita
1478 4610 1788 4670 exposcunt,
1891 4595 2247 4661 imperitiores
2295 4595 2512 4662 quique,
2566 4593 2670 4658 vel,
2718 4596 2858 4661 quod
2919 4593 3118 4659 verius,
3165 4593 3416 4647 malevoli

211 4700 296 4755 vel
332 4694 703 4753 subtrahitur
739 4690 945 4745 meritis
989 4689 1128 4758 quod
1175 4688 1418 4742 debetur.
1462 4690 1668 4753 Quanto
1707 4705 1793 4745 re-
1889 4699 2044 4756 posse
2089 4684 2188 4739 sibi
2234 4681 2517 4738 videantur
2562 4682 2760 4738 offendi
2812 4701 2825 4737 :
2866 4684 3043 4738 omnia
3072 4684 3283 4753 quidem
3331 4683 3413 4736 illa

211 4792 365 4845 ctius
398 4791 642 4854 agerent
671 4782 1062 4834 obtrectatores
1086 4777 1257 4840 isti,si
1280 4776 1480 4845 absque
1502 4777 1606 4831 ulla
1627 4779 1789 4832 animi
1890 4788 2009 4843 qua:
2051 4783 2104 4828 et
2147 4773 2432 4837 catholica,
2462 4782 2517 4826 et
2560 4771 2625 4825 ad
2669 4772 3070 4827 aediﬁcationem
3096 4773 3305 4836 animae,
3337 4782 3421 4824 at-

210 4875 635 4949 praaventione,
690 4868 803 4940 (26)
840 4881 962 4921 cum
1018 4866 1161 4919 omni
1204 4865 1465 4935 religione
1521 4866 1785 4930 veritatis,
1890 4880 1993 4935 que
2018 4867 2084 4919 ad
2112 4868 2343 4921 scientia:
2370 4864 2775 4920 instructionem
2825 4867 2986 4920 etiam
3038 4867 3139 4935 ipsi
3187 4877 3309 4934 apta
3339 4866 3414 4916 fa-

211 4982 390 5039 quatn
430 4962 695 5019 omnibus
724 4957 984 5026 proximis
1012 4955 1210 5010 nostris
1246 4969 1365 5009 cum
1399 4953 1660 5008 cbaritate
1697 4955 1786 5021 ju-
1893 4965 2094 5020 tentur,
2141 4956 2390 5009 omittunt
2437 4964 2489 5009 et
2528 4957 2833 5025 negligunt;
2881 4970 2979 5009 nec
3033 4955 3228 5023 aliquid
3271 4955 3418 5015 inde,

210 5061 425 5116 bemur
460 5050 800 5123 expendere,
833 5046 1190 5114 intelligerent
1230 5053 1283 5097 et
1324 5043 1493 5111 ipsum
1523 5059 1688 5097 unum
1716 5045 1783 5098 de
1893 5043 2034 5097 unde
2064 5052 2285 5112 possunt
2320 5043 2431 5113 (51)
2456 5052 2509 5097 et
2531 5043 2722 5098 debent
2745 5046 3000 5112 prolicere
3026 5061 3040 5109 ;
3070 5059 3132 5097 ea
3160 5059 3284 5097 vero
3304 5040 3413 5095 sola

281 5154 309 5184 ⁸
336 5147 513 5202 Joan.
546 5140 776 5208 “1,25.
850 5138 872 5169 ’
906 5136 1058 5190 Prov.
1090 5152 1182 5201 xx,
1210 5135 1294 5190 10.

212 5248 435 5303 habent
477 5238 591 5300 alii,
638 5233 974 5295 credidimus,
1011 5230 1118 5295 alii,
1159 5229 1544 5291 crediderimus;
1587 5229 1787 5299 reliqua

1908 5238 2071 5303 tostea
2091 5229 2331 5299 plerique
2358 5230 2553 5286 habent
2595 5233 2863 5298 veritatis;
2894 5246 2998 5286 ms.
3030 5244 3155 5283 vero
3193 5226 3418 5294 Regius.

390 5320 451 5363 ιιι
492 5309 547 5360 ill
580 5298 749 5359 textu.
1226 5368 1231 5369 γ
1494 5365 1505 5369 Δ
1704 5298 1715 5299 7
1886 5298 2170 5369 very—qum:

298 5363 418 5451 (ἐι)
448 5375 667 5451 Mer-lini
695 5371 880 5451 editio,
919 5368 1332 5451 philosoplialem,
1352 5365 1600 5451 hquqdque
1624 5382 1789 5432 put-te.
2288 5364 2606 5451 Restoittt‘itttr
2626 5384 2691 5448 ex
2725 5384 2821 5422 ms.
2852 5363 3180 5451 Corbejensi.

221 5432 622 5507 Geiiehrardus
654 5440 837 5507 habet,
866 5432 1297 5507 ‘p'Itt'losOpAhicam,
1339 5432 1570 5500 quodque
1620 5451 1786 5501 purae.
2110 5435 2268 5507 gtliti,
2295 5435 2712 5505 prwjudicatrix,
2746 5452 2871 5507 mss.
2903 5433 3266 5507 pm'judicatn.

222 5500 362 5574 iss.
382 5500 541 5575 vero,
573 5505 955 5577 philosophum,
980 5504 1111 5577 quod
1138 5520 1231 5572 que
1250 5517 1452 5577 puram.
1624 5500 1648 5577 ⁷.
1676 5569 1688 5577 _

1931 5500 2069 5577 _(29)
2104 5502 2273 5577 βείίιίλ
2295 5500 2673 5572 conﬁteantur,
2716 5505 2869 5557 male.
2902 5500 3063 5555 Paulo
3106 5504 3223 5563 post
3251 5505 3414 5558 tttss.,

303 5568 424 5653 (i5)
467 5568 640 5643 Alias,
672 5568 789 5642 ejus
821 5568 1054 5635 meritis;
1081 5580 1130 5624 et
1148 5568 1307 5640 paulo
1335 5568 1781 5636 post,prwvidens
1889 5568 2322 5653 pleniridieulis.
2356 5640 2366 5653 ι
2549 5642 2560 5653 _
2714 5642 2724 5652 ο
2804 5639 2816 5651 .
2953 5636 2965 5648 .
3063 5627 3164 5653 nm
3256 5634 3309 5653 Μ
3360 5600 3433 5653 ,ην

226 5622 640 5712 carie-fluctu",
673 5622 785 5712 ww:
944 5622 985 5712 ,ί
1035 5622 1050 5635 ’
1092 5622 1235 5712 iuri
1286 5622 1296 5625 ‘
1465 5622 1505 5636 η
1592 5702 1603 5712 _
1889 5622 1902 5639 ⁸
1953 5622 2483 5708 (30)7Editi,ncladia
2542 5642 2744 5693 incessit
2796 5636 3017 5692 insania.
3063 5627 3211 5689 Mss.,
3256 5634 3317 5677 ut
3360 5629 3421 5682 in

299 5702 599 5793 (illam
622 5702 1782 5793 .Omﬂijﬁi'itf'EMLHﬂF8191Emi???“

222 5793 275 5849 in
302 5771 511 5848 Edi'tis,
540 5780 637 5835 sed
671 5777 1002 5831 omittuntur
1046 5774 1096 5826 in
1144 5789 1270 5830 mss.
1302 5771 1516 5834 nostris,
1544 5783 1779 5839 quorum

1886 5716 2063 5847 te???)
2104 5776 2265 5841 Editi,
2295 5786 2340 5831 et
2367 5777 2564 5840 debent,
2591 5774 2837 5842 proﬁcere
2859 5770 3044 5822 volunt.
3075 5759 3170 5814 iis.
3203 5756 3413 5815 Sorho.
