3916 6454
500 460 601 515 547

1653 447 1713 503 S.
1752 445 2070 503 PAMPHILI
2108 446 2458 502 MARTYRIS

3643 433 3738 491 5&8

498 586 619 641 qua
642 569 707 623 ad
747 562 1061 620 calumniam
1109 558 1410 629 proficiant,
1443 573 1654 614 summo
1692 563 1867 615 studio
1912 560 2025 616 edi-
2051 567 2096 622 Α
2123 562 2432 630 gentilibus,
2484 566 2875 628 quantamque
2927 550 3235 610 haereticis
3288 546 3599 641 praebeant,
3624 564 3734 641 cum

496 667 681 716 scunt:
722 654 888 722 utqui
933 651 1055 705 boni
1102 650 1233 704 nihil
1257 662 1488 717 unquam
1520 648 1660 703 forte
1689 649 2016 716 didicerunt,

495 752 604 804 haec
631 759 747 814 quae
781 742 874 811 ipsi
914 756 1018 793 non
1073 754 1193 794 esse
1243 739 1382 792 bona
1407 738 1609 803 dicunt,
1638 740 1878 806 apprime
1910 756 2023 793 me-

492 839 670 891 moria:
694 832 970 886 retinenda
1011 831 1422 885 commendent:
1450 844 1556 897 quo
1574 829 1823 883 videlicet
1854 846 2024 898 prom-

490 927 629 994 ptius
658 940 719 977 ea
745 924 1097 990 proferentes,
1134 920 1247 989 (52)
1276 920 1623 974 exercitatius
1650 921 1864 973 valeant
1891 937 2022 975 con.

488 1015 707 1067 cinnare
731 1011 1051 1065 calumnias.
1104 1011 1262 1063 Aliud
1302 1025 1512 1078 quoque
1545 1019 1629 1063 est
1674 1026 1839 1078 genus
1860 1011 2022 1065 homi-

487 1117 608 1154 num
638 1100 833 1155 fmdum
868 1115 997 1152 sane
1035 1108 1088 1151 et
1114 1106 1285 1166 turpe,
1316 1108 1571 1165 quantum
1600 1098 1710 1167 (55)
1741 1101 1804 1151 ad
1842 1102 2023 1166 prohi-

488 1199 649 1242 tatem
686 1189 923 1257 pertinet
977 1202 1206 1248 morum,
1242 1188 1333 1239 sed
1371 1188 1439 1239 ad
1468 1186 1898 1239 calumniandum
1934 1201 2022 1240 ve-

484 1280 803 1338 hementius,
837 1288 889 1330 et
931 1277 1123 1329 tetrius
1178 1277 1242 1327 ad
1273 1276 1646 1338 incusandum,
1690 1290 1823 1344 quos
1853 1275 2019 1329 Graeci

485 1370 594 1439 (54)
625 1367 1033 1436 φαγολοιδόρους
1082 1365 1412 1433 appellarunt
1452 1383 1465 1417 :
1503 1365 1592 1431 qui
1622 1381 1884 1419 summum
1912 1366 2024 1432 qui-

484 1461 605 1513 dem
634 1459 891 1521 studium,
939 1458 1031 1510 sed
1076 1467 1124 1508 et
1162 1456 1290 1509 satis
1332 1456 1591 1507 intentam
1632 1471 1846 1524 operam
1872 1456 2022 1510 libris

489 1547 603 1612 ejus
654 1546 939 1606 dederunt,
994 1546 1063 1597 ita
1105 1554 1160 1595 ut
1205 1553 1258 1595 et
1302 1544 1557 1610 magistro
1600 1559 1663 1596 eo
1695 1544 1746 1597 in
1776 1545 2021 1598 omnibus

485 1643 785 1697 uterentur,
836 1643 889 1687 et
940 1649 998 1687 se
1042 1634 1089 1686 ei
1141 1643 1394 1698 tanquam
1437 1634 1694 1701 speciales
1734 1635 2021 1702 discipulos

486 1725 856 1791 manciparent
884 1725 1005 1776 :sed
1034 1723 1119 1775 ubi
1154 1722 1219 1774 ad
1254 1723 1302 1776 id
1332 1722 1428 1775 loci
1459 1732 1673 1775 ventum
1705 1733 1812 1789 est,
1839 1725 2019 1790 utjam

485 1828 544 1868 se
592 1815 869 1883 magistros
917 1812 1104 1865 malint
1166 1828 1327 1880 quam
1383 1812 1674 1878 discipulos
1731 1814 2017 1877 nominari,

2122 663 2213 703 eos
2239 664 2371 717 quos
2398 658 2709 702 assertores
2755 642 3075 700 Christiani
3122 640 3414 711 dogmatis
3458 647 3516 693 et
3559 639 3736 694 defen-

2122 750 2274 789 sores
2307 736 2596 803 putabant,
2625 733 2906 788 confutari
2937 747 3093 786 nunc
3121 730 3387 787 videant,
3429 736 3487 780 et
3518 726 3626 794 (59)
3660 743 3735 781 re-

2121 825 2224 879 felli
2256 841 2284 878 a
2318 825 2578 894 propriis,
2604 834 2661 878 et
2694 823 2846 876 velut
2876 822 3029 876 civili
3074 818 3232 873 bello
3263 817 3551 887 gaudeant
3580 817 3740 884 impu-

2120 924 2358 981 gnatum,
2384 927 2547 980 quem
2581 911 2681 979 ipsi
2715 909 3004 964 hostiliter
3038 910 3396 976 impugnare
3439 920 3545 957 unu
3598 913 3731 973 pote-

2118 1012 2257 1057 rant.
2302 1004 2569 1069 Quoniam
2602 1019 2734 1073 ergo
2764 1000 3185 1072 quamplurimi
3221 1014 3293 1051 ex
3331 997 3740 1065 simplicioribus

2121 1093 2420 1160 quibusque
2457 1094 2730 1147 fratribus
2765 1108 2795 1146 a
2837 1107 3012 1160 supra
3069 1090 3256 1144 dictis
3308 1088 3606 1150 laeduntur,
3643 1090 3741 1159 (40)

2122 1198 2223 1235 non
2251 1184 2424 1237 solum
2477 1185 2545 1236 de
2601 1185 2690 1237 his
2734 1185 2829 1249 qui
2874 1184 2944 1237 de
2988 1183 3121 1250 ipso
3168 1179 3326 1235 male
3360 1180 3628 1241 sentiunt.
3660 1183 3741 1234 sed

2120 1274 2278 1326 etiam
2315 1275 2380 1326 de
2407 1274 2493 1327 bis
2523 1275 2617 1342 qui
2649 1274 2836 1327 studio
2864 1273 3132 1327 scientia:
3166 1281 3227 1324 et
3267 1269 3739 1337 intelligendarum

2123 1361 2527 1429 Scripturarum
2587 1362 2734 1415 inter
2790 1372 3038 1415 caeteros
3098 1359 3293 1413 libros
3364 1358 3537 1410 etiam
3593 1359 3742 1426 ipsius

2120 1451 2321 1517 scripta
2373 1451 2742 1519 conspiciunt,
2790 1451 2867 1504 ita
2918 1459 2980 1503 ut
3029 1448 3156 1520 (41)
3226 1463 3335 1501 vos
3389 1461 3615 1515 quoque
3655 1450 3740 1515 ipsi

2120 1540 2173 1593 in
2205 1542 2423 1594 dubium
2458 1542 2742 1606 veneritis,
2795 1558 2865 1595 ne
2904 1540 3067 1595 forte
3127 1539 3222 1594 vel
3285 1539 3629 1592 multitudini
3673 1540 3741 1593 vel

2119 1633 2425 1685 auctoritati
2462 1633 2925 1686 calumniatorum
2976 1633 3129 1685 fides
3163 1630 3378 1683 debeat
3413 1630 3659 1683 adhiberi
3688 1632 3741 1683 de

2120 1722 2206 1775 his
2237 1737 2355 1790 quae
2382 1725 2581 1792 passim
2619 1724 2741 1777 sine
2774 1724 2887 1777 ullo
2928 1733 3214 1792 respectu
3257 1719 3741 1775 diﬂ‘amauturzvi-

2119 1827 2236 1864 sum
2273 1813 2424 1866 nobis
2464 1822 2569 1877 est,
2606 1815 2783 1879 primo
2811 1815 3053 1883 quidem
3112 1828 3337 1866 curare
3387 1813 3739 1879 suspicionem

488 1903 577 1957 ubi
611 1902 722 1972 (55)
757 1903 1013 1956 auditoris
1040 1903 1255 1971 plausus
1282 1903 1477 1955 sectari
1507 1912 1713 1971 emptus
1744 1912 1846 1964 est,
1880 1905 1949 1956 ibi
1970 1904 2012 1957 si
2047 1916 2087 1969 Β
2118 1909 2383 1966 vestram;
2436 1902 2596 1955 simul
2637 1904 2802 1958 etiam
2840 1919 2943 1971 per
2968 1903 3358 1957 occasionem
3417 1902 3609 1965 vestri,
3638 1917 3738 1955 om-

489 1993 626 2045 forte
658 1991 850 2055 aliquis
894 1992 1221 2044 audientium
1283 2005 1400 2057 quae
1448 1989 1731 2042 laudantur
1776 1991 2020 2059 Origenis

484 2078 1113 2144 esseobmurmuraveril,
1145 2096 1212 2134 ne
1232 2081 1313 2134 vel
1351 2080 1504 2132 laude
1532 2082 2016 2149 cedantmagistro,

483 2170 566 2223 vel
595 2171 763 2238 culpa:
779 2171 1003 2237 judicio,
1027 2170 1257 2222 alienqu
1294 2184 1413 2222 esse
1440 2169 1720 2238 Origenem
1768 2170 2019 2222 continuo

486 2266 869 2327 protestantur,
902 2257 1032 2310 nihil
1069 2258 1169 2311 sibi
1201 2272 1319 2311 cum
1365 2258 1530 2326 ipsius
1578 2257 1821 2311 doctrina
1872 2272 2020 2312 com-

486 2361 645 2401 mune
666 2361 785 2401 esse
814 2346 1156 2400 confirmant.
1203 2347 1502 2400 Anathema
1561 2362 1774 2415 quoque
1822 2348 2016 2410 dicere,

484 2451 606 2490 eum
659 2451 764 2491 non
810 2435 1052 2489 dubitant
1105 2436 1366 2504 improbe,
1410 2446 1464 2489 et
1507 2437 1709 2491 inferre
1738 2436 2017 2491 maledicta

490 2539 597 2578 non
636 2533 903 2592 parcunt;
956 2540 1023 2579 ne
1070 2524 1218 2578 illum
1269 2524 1482 2592 quidem
1524 2526 1869 2594 apostolicum
1912 2541 2022 2579 ser-

493 2627 703 2667 monem
746 2621 990 2667 verentes
1036 2628 1141 2681 quo
1173 2613 1440 2682 designat,
1473 2615 1597 2683 quia
1646 2616 1887 2670 maledici
1936 2632 2021 2669 re-

487 2718 649 2772 gnum
701 2702 794 2757 Dei
846 2717 949 2756 non
1007 2703 1350 2772 possidebunt
1390 2704 1455 2760 ιθ.
1494 2704 1555 2757 In
1598 2714 1801 2757 tantum
1840 2714 2015 2759 autem

483 2794 696 2857 horum,
745 2794 810 2846 de
862 2793 1056 2859 quibus
1107 2791 1217 2861 (56)
1267 2807 1425 2861 supra
1458 2793 1711 2856 diximus,
1738 2807 2015 2861 progressa

480 2882 681 2935 malitia
710 2891 813 2946 est,
844 2892 901 2934 ut
934 2881 1148 2947 quidam
1185 2881 1347 2933 etiam
1381 2882 1732 2935 conscribere
1759 2881 2017 2935 adversus

482 2987 603 3025 eum
632 2973 745 3025 ausi
775 2973 903 3035 sint,
931 2981 984 3024 et
1021 2971 1215 3025 libellis
1267 2971 1425 3025 editis
1476 2971 1735 3040 derogare
1782 2972 1831 3025 ei
1880 2973 2016 3036 viro,

482 3060 572 3128 qui
601 3075 695 3129 per
727 3070 804 3114 tot
850 3074 1020 3113 annos
1071 3060 1330 3129 magister
1361 3059 1613 3112 Ecclesia:
1660 3059 1779 3123 fuit,
1826 3060 1916 3129 qui
1964 3062 2016 3112 in

485 3147 724 3203 Ecclesia
764 3149 874 3217 (ὅτ)
928 3148 1188 3201 catholica
1239 3150 1437 3210 senuit,
1484 3136 1574 3215 qui
1626 3150 1883 3202 adversus
1926 3164 2017 3203 eas

2126 1988 2268 2040 nium
2294 1990 2382 2055 qui
2417 1991 2465 2041 ei
2498 1991 2815 2045 obtrectant
2841 1992 3165 2045 confutare
3215 1990 3569 2044 calumnias.
3608 1990 3739 2055 Quod

2124 2078 2194 2128 ita
2236 2078 2392 2131 nobis
2432 2082 2690 2149 prosequi
2744 2084 2951 2135 rectius
2999 2083 3204 2134 visum
3254 2091 3373 2144 est,
3418 2081 3535 2152 (42)
3572 2091 3739 2135 utnon

2124 2166 2319 2220 nostris
2350 2169 2529 2223 verbis
2577 2179 2632 2223 et
2677 2171 3104 2225 assertionibus
3156 2170 3564 2224 defensionem
3609 2185 3742 2239 pare-

2126 2269 2267 2317 mus,
2316 2256 2409 2308 sed
2459 2270 2524 2309 ex
2572 2243 2691 2312 suis
2742 2259 2991 2327 propriis
3060 2260 3342 2324 vocibus,
3399 2259 3601 2329 quibus
3645 2262 3741 2331 ipse

2123 2343 2299 2396 aliena
2354 2344 2455 2397 sibi
2505 2347 2622 2401 htec
2664 2362 2813 2411 esse,
2855 2364 2984 2416 quae
3043 2350 3145 2403 i'sti
3199 2351 3505 2414 objiciunt,
3547 2352 3741 2419 proprio

2122 2446 2370 2485 sermone
2397 2443 2652 2501 testatur,
2687 2437 2739 2490 id
2764 2447 2872 2503 est,
2907 2454 3093 2492 ontne
3130 2439 3418 2507 quidquid
3453 2450 3649 2509 praster
3686 2440 3738 2493 ll-

2124 2523 2243 2574 dem
2290 2525 2613 2579 catholicam
2650 2529 3016 2595 praedicatur:
3062 2530 3206 2598 quia
3245 2532 3296 2584 si
3334 2533 3545 2586 nostris
3578 2534 3737 2586 verbis

2123 2610 2234 2663 haec
2301 2627 2543 2667 asserere
2591 2616 2848 2681 velimus,
2911 2619 3321 2684 suspiciosum
3393 2620 3567 2673 videri
3621 2619 3738 2673 forte

2123 2702 2307 2769 possit,
2361 2718 2429 2756 eo
2477 2708 2621 2773 quod
2671 2721 2774 2760 nos
2812 2722 3013 2761 amore
3076 2709 3205 2778 (45)
3255 2710 3383 2778 ejus
3412 2711 3458 2764 si
3495 2712 3617 2778 quid
3642 2711 3738 2779 ipse

2124 2805 2285 2858 prave
2324 2794 2555 2847 senserit
2585 2795 2983 2851 celaverimus.
3026 2796 3151 2853 Ubi
3208 2811 3409 2853 autem
3441 2801 3560 2868 ejus
3592 2799 3737 2868 ipsius

2121 2881 2210 2947 qui
2235 2891 2525 2936 accusatur
2548 2886 2777 2939 vocibus
2815 2888 3067 2954 utimur,
3130 2900 3191 2943 et
3241 2892 3314 2945 ad
3357 2906 3552 2945 omnes
3605 2889 3735 2957 obje-

2130 2970 2333 3024 ctioues
2379 2987 2756 3027 accusatorum
2790 2977 2912 3031 suis
2965 2981 3178 3033 verbis
3223 2997 3388 3046 eum,
3426 2997 3531 3035 non
3572 2990 3733 3035 nostra

2121 3060 2438 3126 assertione,
2500 3063 2867 3129 defendimus,
2928 3083 3069 3135 quae
3154 3072 3310 3127 ultra
3378 3073 3608 3142 relinqui
3654 3088 3733 3139 ρος

2123 3156 2225 3200 test
2251 3148 2363 3217 (44)
2389 3151 2789 3206 criminationis
2828 3159 3097 3223 occasio,
3136 3160 3354 3215 saltem
3392 3162 3480 3215 his
3505 3162 3630 3227 ipsis
3655 3161 3731 3229 qui

486 3238 733 3303 haereses,
758 3221 998 3305 qute'illo
1025 3246 1265 3303 tempore
1287 3236 1582 3289 Ecclesiam
1615 3238 2014 3307 impugnabant,
2044 3245 2084 3301 C
2120 3252 2221 3290 non
2260 3239 2367 3291 veri
2399 3240 2599 3303 studio,
2629 3242 2904 3298 sedvelut
2932 3221 3192 3304 libidine
3215 3252 3469 3320 quadam
3500 3221 3728 3321 culpandi

484 3326 557 3379 ita
600 3335 930 3388 constanter,
993 3324 1063 3376 ita
1123 3323 1333 3377 fortiter
1382 3324 1677 3388 dimicavit,
1728 3333 1786 3377 ut
1836 3328 2015 3378 omnia

488 3430 673 3470 eorum
734 3416 1008 3468 diabolica:
1051 3417 1462 3471 machinationis
1510 3415 1849 3472 fundamenta
1897 3420 2024 3472 sub.

483 3504 728 3565 verterit,
757 3517 864 3556 non
892 3503 1193 3556 studiorum
1222 3498 1479 3573 laborem,
1513 3519 1616 3557 non
1646 3507 2019 3573 continentiae,

485 3607 591 3647 non
616 3594 987 3657 institutionis,
1014 3609 1117 3647 non
1148 3595 1487 3659 humilitatis;
1515 3610 1633 3662 quae
1672 3608 1832 3664 super
1858 3607 2019 3650 caete-

486 3697 575 3736 ras
599 3697 786 3737 omnes
816 3684 1041 3737 virtutes
1060 3683 1174 3751 ejus
1192 3685 1479 3737 maximam
1504 3685 1730 3753 gratiam
1761 3689 2017 3753 continet,

486 3785 592 3824 non
616 3771 743 3824 illud
778 3781 926 3825 certe
954 3773 1359 3827 considerantes
1402 3776 1544 3841 quod
1578 3775 1895 3843 presbyterii
1942 3778 2021 3830 di-

485 3860 685 3927 gnitate
710 3860 761 3914 in
796 3860 1029 3915 Ecclesia
1059 3863 1351 3916 honoratus
1376 3874 1480 3916 est.
1509 3864 1637 3928 Quae
1657 3863 1703 3916 si
1732 3864 1911 3916 omnia
1944 3866 2009 3918 ad

489 3952 842 4004 revocandam
889 3950 1145 4018 linguam.
1210 3954 1774 4022 comprimendumque
1821 3968 2024 4008 sermo-

489 4054 608 4093 nem
650 4042 896 4095 sufﬁcere
946 4057 1049 4095 non
1102 4053 1342 4110 possunt,
1395 4042 1519 4095 illud
1566 4042 1752 4097 saltem
1786 4054 2024 4099 contem-

483 4128 620 4197 plari
661 4130 970 4196 debuerant,
1011 4142 1266 4200 quautam
1321 4133 1435 4203 (58)
1489 4134 1697 4188 ridendi
1743 4138 2021 4189 materiam

560 4289 655 4361 "il
684 4292 909 4362 Cor.'_vt,
939 4294 1026 4349 10.

2119 3340 2328 3393 semper
2375 3327 2678 3394 agitantur?
2718 3331 2798 3384 Et
2832 3337 3119 3401 quoniam
3158 3340 3231 3393 de
3264 3355 3335 3394 eo
3389 3356 3536 3393 nunc
3575 3354 3730 3394 sermo

2119 3422 2219 3477 est,
2268 3415 2358 3481 qui
2409 3417 2595 3484 utique
2636 3422 2779 3487 apud
2831 3422 3116 3482 homines
3178 3429 3492 3485 defunctus
3524 3441 3623 3496 est,
3649 3430 3728 3500 qui

2122 3505 2258 3573 apud
2294 3504 2406 3574 (45)
2447 3520 2635 3560 omnes
2680 3509 2903 3578 judices
2959 3530 3072 3582 pro
3131 3519 3413 3574 defuncto
3463 3521 3652 3575 fortius
3686 3528 3731 3573 et

2124 3593 2328 3735 firmius
2375 3596 2552 3736 ;alere
2600 3598 2783 3667 debet,
2831 3618 3008 3672 quam
3065 3617 3132 3662 et
3178 3609 3416 3675 litterae,
3454 3622 3510 3666 et
3552 3612 3728 3681 scripta

2124 3684 2188 3736 de
2215 3684 2358 3736 uncti

2124 3684 2358 3737 defuncti

2124 3970 2229 4024 pue
2282 3956 2439 4010 libris
2503 3959 2814 4013 testimonia
2866 3970 3393 4039 congregabimus,
3450 3973 3564 4043 (46)
3612 3988 3728 4041 quos

2128 4057 2468 4103 accusatores
2491 4049 2607 4118 ejus
2639 4066 2801 4118 quam
2827 4056 3087 4111 maxime
3119 4062 3531 4127 criminantur,
3563 4065 3611 4117 id
3636 4073 3728 4126 est,

2126 4152 2262 4205 quos
2314 4154 2413 4208 per
2460 4141 2692 4208 spatium
2735 4151 2794 4197 et
2830 4146 3095 4213 quietem
3149 4152 3208 4206 in
3244 4165 3473 4210 secreto
3504 4155 3729 4211 conscri-

483 4414 974 4517 n‘icustetOdebeut
1018 4434 1285 4505 proﬁcere,
1327 4445 1624 4489 assumunt.
1659 4434 1850 4490 Cancri
1890 4450 2013 4492 vero
2040 4451 2090 4511 ι)
2116 4435 2554 4517 ωξξ.“ι)[ιξτὶίζμς,
2605 4438 2773 4517 ipsius
2801 4442 3023 4517 _scripta
3060 4450 3403 4517 conﬁciunt,
3443 4454 3602 4507 male.

485 4502 641 4562 mss,
669 4509 727 4552 ut
760 4501 811 4554 iu
843 4512 1012 4557 textu.

554 4566 666 4639 (52)
706 4568 910 4642 Merlini
940 4573 1098 4642 editio
1127 4587 1404 4642 perperam
1440 4573 1622 4639 habet,
1666 4573 1891 4625 exterius
1922 4590 2012 4626 va-

485 4634 625 4717 leant
648 4634 945 4717 continuare
977 4634 1285 4697 calumnias.
1316 4634 1669 4717 Mss._ltabent
1709 4642 2009 4706 exercitius,

488 4714 593 4773 pro,
612 4708 959 4773 exercitatius,
983 4719 1177 4763 caetera
1207 4726 1335 4765 vero
1363 4720 1419 4763 ut
1447 4711 1497 4762 in
1537 4720 1700 4763 textu.

704 4770 1090 4845 Genebrardus,
1114 4779 1181 4829 ad
1204 4780 1575 4845 probationem,
1630 4778 1786 4831 male.

559 4840 670 4908 (58)
710 4840 783 4894 lta
837 4844 1109 4911 legendum
1156 4840 1382 4900 videtur.
1427 4840 1631 4900 Merliui
1682 4862 1808 4899 vero
1851 4846 2015 4900 editio

491 4908 776 4985 μάᾳτιγας.
806 4908 978 4985 Codes
1016 4914 1365 4985 S_orbon_icus.
1392 4915 1870 4985 Pliaugoloedoras.
1902 4916 2017 4969 Cae-

490 4979 1463 5050 teri_ntss._etediti,Phagoloedoros.
1548 4979 1567 4985 ⁷
1651 5046 1653 5048 η

553 5045 668 5118 (55)
708 5047 831 5102 Mss.
857 5051 1094 5117 quidam,
1123 5045 1466 5117 duditoribus,
1495 5052 1566 5105 al.
1598 5046 1660 5105 ab
1691 5052 2015 5104 auditoribus

487 5114 583 5190 [alL
613 5114 959 5190 auditorum].
1009 5119 1209 5171 Deinde
1253 5120 1412 5173 iidem
1452 5114 1605 5187 tnss.,
1648 5122 1837 5190 aliquis
1867 5137 2016 5173 acce-

486 5187 802 5239 dentium...
826 5187 1247 5239 obmurmuravit.

555 5254 664 5326 (ὅᾷ)
706 5254 893 5326 Supra.
925 5256 1083 5326 Deest
1116 5255 1167 5305 in
1199 5255 1377 5326 editis,
1404 5263 1456 5309 et
1476 5257 1749 5326 suppletur
1778 5273 1843 5312 ex
1885 5271 2015 5311 mss.

553 5325 665 5390 (57)
706 5322 993 5377 Catholica.
1024 5323 1460 5378 Praetermittitur
1487 5322 1738 5379 ἱιῖἑιιιιίε.

555 5391 666 5458 (58)
717 5393 852 5446 Editi
890 5391 1186 5454 irridendi;
1229 5391 1419 5445 deinde
1456 5392 1852 5459 Genebrardus,
1912 5394 2012 5445 tri-

487 5456 642 5511 buant
669 5476 764 5529 pro
816 5459 1074 5530 prazbeant
1098 5473 1116 5511 .'
1138 5470 1192 5512 et
1217 5459 1373 5527 paulo
1415 5471 1537 5530 post
1571 5478 1670 5515 ms.
1695 5456 2020 5517 unus'habet

484 5528 679 5597 putant
697 5545 792 5597 pro
822 5528 1093 5597 putabant.

552 5596 663 5729 (59)
702 5596 776 5651 Ita
805 5596 1100 5660 mss.,editi
1138 5610 1283 5663 vero,
1321 5597 1515 5666 repelli.

576 5663 662 5729 40)
698 5664 786 5720 Sic
809 5676 952 5720 recte
980 5679 1110 5719 mss.
1146 5665 1515 5729 quidam.C:et

576 5663 662 5733 40)
698 5664 786 5720 Sic
809 5676 952 5720 recte
980 5679 1110 5734 mss.
1146 5663 1386 5733 quidam.
1405 5665 1595 5722 Caneri
1615 5684 1760 5734 vero,
1791 5679 1845 5722 et
1868 5666 2016 5730 editi,

490 5742 585 5781 non
609 5734 773 5788 solum
795 5746 848 5790 ut
871 5734 965 5808 [aL
979 5732 1090 5805 qui]
1103 5732 1175 5788 de
1189 5735 1296 5805 ipso
1318 5736 1451 5791 male
1465 5739 1707 5794 sentiant.
1727 5732 1887 5793 Paulo
1904 5736 2029 5806 post

2154 4504 2295 4585 .(41)
2317 4503 2552 4590 Merlini
2572 4505 2763 4590 editio,
2794 4509 2873 4590 ita
2916 4503 2977 4590 ut
3009 4530 3120 4590 nos
3170 4503 3402 4590 quoque,
3639 4522 3725 4574 du-

2114 4575 2580 4645 biumpenerimus,
2606 4589 2671 4645 ne
2698 4576 2837 4642 forte
2862 4581 2941 4632 vel
2974 4575 3419 4645 multitudini...
3443 4575 3620 4644 debeat
3647 4594 3725 4642 ad-

2110 4641 2294 4713 hiberi.
2349 4639 2447 4713 Ms.
2495 4639 2834 4713 Sorbonicus
2885 4659 2943 4702 et
3000 4651 3068 4709 S.
3134 4639 3723 4713 Michaelis-inﬁmii-

2112 4711 2710 4794 culomaris,‘ti’mentes
2734 4724 2788 4764 ut
2812 4725 2862 4794 et
2893 4734 3258 4794 _vos__quoque
3292 4711 3405 4794 ipsi
3419 4711 3484 4782 vin
3513 4711 3718 4781 dubium

2112 4778 2369 4857 ueniretis,
2403 4792 2464 4829 ne
2489 4778 2622 4842 forte
2658 4790 2713 4832 ut
2745 4778 3181 4845 multitudini":
3211 4778 3721 4851 deberetiadliiberi.

2112 4845 2311 4929 Cinlpt‘i
2337 4861 2492 4929 ιιιεες,
2520 4857 2575 4897 αι
2598 4864 2695 4929 398
2727 4866 2941 4929 quoque
2974 4856 3086 4929 ipsi
3117 4864 3176 4914 in
3208 4845 3442 4917 uitii};
3475 4845 3719 4926 ἰξίιῖἱῶἰῇ

2115 4915 2341 4987 nefurte
2370 4925 2459 4987 aut
2500 4915 2929 4987 multitudini...
2968 4915 3198 4982 deberet
3237 4915 3719 4987 adhiberiilleinde

2296 4985 2588 5071 passim-et
2630 4986 2739 5038 sine
2792 5004 3068 5071 respectu.
3130 4998 3315 5054 Paulo
3526 4984 3717 5055 ﬁerlitti

2115 5051 2300 5130 editio,
2330 5052 2676 5138 suspicionem
2696 5051 2963 5125 nostram,
3009 5051 3206 5118 simul?
3229 5051 3428 5122 etiarn
3441 5051 3718 5138 vpervﬁﬁa.

2116 5134 2313 5171 sionem
2344 5130 2532 5178 nostri,
2567 5131 2672 5174 etc.

2184 5187 2479 5273 (i2)riltllss.
2527 5190 2861 5273 sorboni‘cus
2909 5208 2967 5250 et
3010 5201 3093 5273 AS.
3155 5204 3481 5273 Michaelis,
3534 5216 3590 5259 ut
3624 5221 3714 5257 non

2119 5255 2290 5332 nostri:
2317 5255 2409 5332 (al.
2441 5257 2621 5329 vestri]
2657 5262 2794 5314 verbi
2818 5255 3402 5332 assertionibus:

2318 5319 2497 5410 βίαι,
2523 5336 2578 5379 et
2602 5319 2765 5410 paulo
2793 5319 2954 5401 post,
3480 5342 3711 5401 inedflisc

2344 5394 2416 5469 ita
2458 5411 2587 5449 mss.
2606 5394 2763 5451 Εόιιί
2793 5394 2961 5464 ’νει-ό.
2988 5394 3480 5469 criminatoribus.

2191 5464 2617 5553 dvenae?
2646 5481 2775 5553 298.5.
2811 5470 2959 5528 εαίιί
2990 5491 3153 5543 vero.
3186 5464 3705 5553 ιιυίηέιὶὶἴῑυάίεετ·

2120 5529 2390 5601 Μαι-ιίίιυβΔ
2410 5533 2608 5586 omittit
2632 5533 2861 5601 judices.

2192 5595 2698 5689 {fﬁrthﬁtflOSIt‘L
2724 5622 2843 5689 qua?
2883 5627 3247 5689 accusatores
3288 5621 3504 5689 ejus....
3544 5620 3595 5671 id
3623 5625 3705 5689 (με

2120 5685 2377 5792 ἓῗιξυρῖέχ
2388 5673 2712 5793 martium...
2738 5673 2860 5733 lucc
2882 5684 3054 5754 enim,
3079 5698 3195 5743 etc.
3226 5673 3572 5747 sedfrectius
3590 5673 3707 5742 editi
