3916 6462
137 485 246 555 sta!

1456 460 1786 520 APOLOGIA
1824 458 1960 514 PRO
1993 451 2292 512 ORIGENE

3355 448 3464 506 550

175 609 290 673 We
333 567 491 673 alios
709 566 985 640 aséerunt
1007 585 1244 640 maxime
1270 601 1300 638 a
1329 582 1704 655 pmdicatione
1731 596 1822 636 ec—
1850 587 1889 636 Α
1917 575 2080 637 Enos.
2107 572 2310 640 Enoch,
2360 569 2494 673 tice,
2539 569 2687 635 Sem,
2719 555 3024 673 Abraham,
3075 567 3243 673 lsaac,
3267 566 3456 633 Jacob,

198 661 528 741 g\es'\astica
554 663 934 739 discrepare:
962 688 1029 728 ex
1053 673 1139 728 his
1161 675 1428 743 praecipue
1467 671 1642 732 libris,
1686 685 1822 738 quos

228 756 366 835 Περὶ
385 752 602 824 ἀρχῶν
653 759 996 827 attitulavit,
1033 763 1086 816 in
1117 763 1314 831 quibus
1357 760 1742 831 quamplurima
1788 774 1818 812 a

241 848 737 910 calumniatoribus
773 853 1123 907 iucusantur.
1157 852 1211 905 In
1248 853 1330 906 his
1373 867 1502 921 ergo
1543 848 1652 918 (47)
1694 849 1821 918 ipsis

248 943 387 995 inter
421 938 695 1009 principia
727 943 878 1012 quali
909 943 1248 1011 expositione
1279 942 1399 994 lidei
1433 955 1557 993 usus
1589 941 1658 993 sit
1697 952 1820 1006 pro-

252 1031 540 1084 feremus:
579 1038 695 1082 tum
730 1030 936 1087 deinde
987 1041 1042 1087 et
1081 1047 1148 1086 ex
1195 1033 1283 1085 his
1329 1045 1446 1099 qua:
1475 1031 1698 1097 sparsim
1739 1030 1818 1082 vel

249 1134 352 1188 per
403 1119 556 1188 ipsos
614 1119 788 1173 libros
837 1120 924 1174 vel
951 1132 1176 1176 czeteros
1213 1121 1403 1183 sensit,
1433 1119 1821 1188 assignabimus

241 1223 379 1262 eum
433 1211 888 1278 praedicationem
956 1212 1300 1280 apostolicam
1369 1211 1678 1264 custodisse.
1725 1209 1822 1262 Est

237 1313 383 1366 ergo
410 1298 582 1354 lectio
620 1317 687 1354 ex
717 1303 893 1369 primo
920 1302 1056 1356 libro
1096 1304 1232 1371 Περὶ
1249 1301 1463 1370 ἀρχῶν,
1514 1316 1670 1370 quam
1693 1315 1819 1368 pro-

233 1389 531 1453 misimus,
559 1389 703 1444 hmc.
851 1435 856 1440 .

905 1479 1128 1536 CAPUT
1166 1479 1207 1534 l.

469 1567 772 1638 Catalogus
807 1569 1172 1623 ecclesiastica:
1206 1569 1612 1636 prmdicatiouis.

305 1655 630 1712 ORIGBNES.
662 1659 776 1728 (48)
815 1677 834 1710 ι
873 1659 1024 1712 Sicut
1046 1659 1211 1721 enim,
1243 1657 1422 1711 multis
1449 1657 1585 1724 apud
1607 1656 1821 1710 Graecos

220 1758 286 1814 et
328 1749 620 1804 barbaros
669 1749 1042 1817 pollicentibus
1073 1749 1363 1809 veritatem,
1397 1747 1505 1818 (49)
1533 1748 1822 1802 desivimus

221 1838 387 1904 apud
419 1851 631 1891 omnes
659 1851 778 1890 eam
809 1851 1053 1906 quaerere
1081 1837 1170 1904 qui
1203 1851 1320 1889 eam
1368 1835 1516 1889 falsis
1559 1835 1820 1904 epinioui-

1925 665 2203 719 duodecim
2238 663 2689 730 patriarcharum,
2719 660 2916 730 Moysis
2945 669 3001 715 et
3027 659 3411 728 prophetarum
3439 677 3453 712 :

1925 763 1982 808 et
2017 753 2157 821 quod
2197 751 2282 805 hic
2338 751 2476 804 Deus
2513 750 2566 803 in
2611 750 2919 803 novissimis
2946 747 3153 810 diebus,
3191 747 3333 801 sicut
3363 763 3460 815 per

1926 844 2209 912 prophetas
2245 855 2370 895 suos
2419 849 2545 894 ante
2586 839 2922 907 promiserat,
2975 839 3120 892 misit
3167 839 3448 891 Dominum

1925 931 2105 985 Jesum
2145 930 2442 993 Christum,
2467 929 2643 997 primo
2671 928 2886 1009 quidem
2911 939 3220 981 vocaturum
3269 927 3454 992 Israel,

1925 1020 2156 1073 secundo
2187 1031 2313 1070 vero
2359 1018 2520 1069 etiam
2569 1023 2751 1084 gentes
2797 1025 2916 1082 post
2957 1017 3232 1082 perlidiam
3279 1015 3457 1082 populi

1925 1109 2106 1163 lsrael.
2141 1109 2237 1162 Hic
2265 1107 2401 1161 Deus
2427 1107 2601 1175 justus
2630 1116 2682 1160 et
2711 1107 2904 1167 bonus,
2937 1103 3097 1160 Pater
3123 1107 3328 1159 Domini
3357 1120 3458 1160 no-

1933 1202 2030 1255 stri
2055 1197 2180 1252 Jesu
2225 1198 2448 1262 Christi,
2482 1198 2669 1264 legem,
2711 1207 2762 1250 et
2795 1198 3100 1265 prophetas,
3137 1208 3188 1248 et
3223 1198 3459 1267 Evange-

1933 1290 2000 1342 lia
2040 1291 2150 1357 ipse
2177 1289 2338 1352 dedit,
2373 1289 2462 1355 qui
2490 1299 2542 1341 et
2563 1287 2921 1356 apostolorum
2959 1287 3098 1340 Deus
3135 1297 3235 1352 est,
3275 1297 3330 1342 et
3357 1288 3459 1341 Ve-

1927 1380 2055 1443 teris
2081 1388 2135 1430 et
2173 1377 2300 1432 Novi
2331 1378 2677 1432 'l‘estamenti.
2727 1376 2862 1430 Tum
2904 1377 3099 1430 deinde
3145 1379 3268 1445 quia
3300 1378 3456 1432 Chri-

1923 1476 2037 1520 stus
2083 1465 2237 1521 Jesus
2272 1468 2386 1536 ipse
2433 1468 2525 1534 qui
2573 1467 2736 1529 venit,
2759 1476 2882 1520 ante
2906 1481 3118 1519 onmem
3157 1475 3456 1520 creaturam

1927 1569 2083 1612 natus
2108 1574 2172 1612 ex
2195 1558 2352 1612 Patre
2381 1569 2483 1611 est.
2515 1557 2614 1624 Qui
2658 1573 2776 1612 cum
2805 1559 2857 1611 in
2884 1557 3122 1610 omnium
3157 1558 3460 1611 conditione

1927 1648 2068 1702 Patri
2098 1649 2454 1702 ministrasset
2483 1647 2594 1717 (per
2637 1649 2806 1715 ipsum
2851 1663 3082 1716 namque
3112 1649 3285 1700 omnia
3321 1647 3460 1716 facta

1925 1751 2041 1791 sunt
2073 1739 2161 1807 ι⁸)
2193 1738 2497 1792 novissimis
2535 1739 2859 1806 temporibus
2883 1741 3113 1806 selpsum
3149 1739 3460 1793 exinaniens

1877 1877 1880 1880 .
1927 1829 2085 1882 homo
2117 1828 2288 1882 factus
2322 1838 2445 1894 est;
2479 1829 2791 1882 incarnatus
2835 1839 2917 1882 est
2957 1843 3078 1882 cum
3108 1828 3246 1883 Deus
3288 1837 3456 1895 esset,

223 1925 345 1974 bus
420 1923 786 1984 asserebant,
839 1931 1186 1990 posteaquam
1247 1921 1572 1976 credidimus
1630 1921 1820 1974 Filium
1851 1915 1893 1968 Β
1921 1930 1974 1972 et
2001 1920 2157 1972 homo
2190 1919 2361 1972 factus
2416 1921 2611 1972 mansit
2641 1920 2780 1987 quod
2809 1929 2924 1972 erat
2948 1920 3105 1972 Deus.
3134 1919 3338 1986 Corpus
3374 1933 3462 1974 as-

215 2025 370 2064 essc
397 2010 492 2064 Dei
528 2009 854 2073 Christum,
909 2020 966 2063 et
1017 2010 1083 2063 ab
1126 2010 1240 2078 ipso
1270 2010 1423 2063 nobis
1452 2008 1588 2062 hanc
1615 2009 1823 2062 discen-

217 2101 370 2153 dam
417 2113 549 2153 esse
601 2098 975 2166 persuasimus
1018 2120 1034 2153 ;
1073 2099 1165 2164 ita,
1189 2113 1309 2151 cum
1343 2097 1491 2150 multi
1517 2099 1622 2151 sint
1651 2099 1741 2166 qui
1766 2113 1824 2152 se

215 2197 439 2256 putant
471 2189 692 2240 sentire
721 2201 846 2255 quas
873 2186 1072 2240 Christi
1103 2195 1247 2252 sunt,
1273 2195 1331 2240 et
1361 2186 1598 2240 nonnulli
1629 2199 1816 2240 eorum

211 2277 459 2330 diversa
517 2291 549 2328 a
600 2275 879 2345 prioribus
929 2276 1190 2340 sentiant,
1232 2283 1472 2329 servetur
1501 2288 1628 2329 vero
1653 2275 1826 2328 eccle-

212 2365 468 2418 siastica
529 2363 856 2431 praedicatio
901 2376 1002 2430 per
1045 2362 1406 2416 successionis
1453 2362 1695 2417 ordinem
1756 2365 1824 2417 ab

213 2455 516 2521 apostolis
548 2451 778 2516 tradita,
813 2460 868 2506 et
892 2465 1063 2520 usque
1091 2451 1156 2504 ad
1194 2466 1426 2519 praesens
1473 2453 1524 2504 in
1567 2451 1822 2506 Ecclesiis

216 2557 613 2612 permanens,
667 2541 761 2594 illa
812 2540 923 2594 sola
955 2541 1218 2594 credenda
1246 2549 1327 2593 est
1356 2540 1577 2604 veritas,
1606 2555 1722 2608 qua:
1761 2542 1812 2594 in

219 2634 384 2687 nullo
419 2635 495 2685 ab
527 2632 902 2686 ecclesiastica
929 2631 1222 2684 traditione
1269 2630 1565 2684 discordat.
1600 2631 1712 2700 (50)
1758 2631 1824 2683 ll-

219 2722 321 2776 lud
366 2731 570 2775 autem
607 2721 754 2775 scire
795 2728 1030 2789 Oportet,
1081 2720 1334 2789 quoniam
1383 2720 1554 2774 sancti
1599 2721 1822 2788 apostoli

225 2812 402 2867 ﬁdem
447 2811 668 2866 Christi
713 2810 1084 2880 praedicantes.
1129 2811 1196 2863 de
1243 2810 1554 2878 quibusdam
1610 2811 1819 2878 quidem

219 2915 601 2973 quaecunque
649 2899 961 2954 necessaria
1015 2899 1360 2952 crediderunt
1411 2899 1658 2951 omnibus
1703 2913 1824 2951 cre-

227 2991 536 3054 dentibus,
587 2990 753 3044 etiam
811 2989 896 3042 his
935 2988 1023 3057 qui
1067 2989 1330 3057 pigriores
1368 3000 1492 3058 erga
1525 2989 1825 3056 inquisitio-

228 3096 360 3136 nem
437 3081 651 3134 divina:
710 3078 952 3132 scientia:
1001 3077 1339 3142 videbantur,
1395 3076 1826 3132 manifestissime

1921 2009 2148 2076 sumpsit
2177 2020 2360 2062 nostro
2406 2009 2621 2076 corpori
2680 2009 2878 2072 simile,
2925 2024 2991 2063 eo
3019 2009 3134 2063 solo
3183 2008 3457 2072 dill‘ereus,

1920 2100 2058 2167 quod
2085 2108 2238 2150 natus
2279 2113 2344 2151 ex
2397 2096 2615 2167 Virgine
2659 2107 2713 2151 et
2737 2144 2739 2146 .
2765 2097 2968 2166 Spiritu
3007 2107 3199 2152 sancto
3239 2108 3342 2152 est.
3393 2098 3460 2152 Et

1921 2185 2166 2254 quoniam
2197 2186 2283 2240 hic
2311 2185 2468 2240 Jesus
2495 2186 2739 2239 Christus
2789 2197 2945 2239 natus
2987 2196 3042 2239 et
3086 2201 3272 2254 passus
3293 2197 3374 2240 est
3404 2188 3459 2240 in

1920 2276 2162 2337 veritate,
2210 2283 2264 2327 et
2315 2289 2418 2328 non
2473 2289 2567 2342 per
2611 2275 2924 2342 imaginem,
2957 2275 3072 2343 (55)
3121 2291 3460 2330 communem

1922 2363 2059 2417 hanc
2089 2374 2311 2416 mortem
2346 2365 2606 2417 sustinuit
2653 2379 2776 2417 vere
2823 2375 3110 2419 mortuus:
3145 2379 3270 2418 vere
3312 2368 3458 2419 enim

1921 2462 2027 2505 eta
2062 2453 2284 2507 mortuis
2330 2454 2626 2507 resurrexit
2675 2469 2690 2506 :
2742 2463 2796 2507 et
2842 2465 2959 2521 post
3014 2454 3458 2510 resurrectionem

1923 2551 2272 2596 conversatus
2323 2558 2442 2596 cum
2503 2542 2780 2611 discipulis
2823 2545 2959 2605 suis,
3008 2555 3310 2612 assumptus
3354 2556 3456 2599 est.

1923 2632 2056 2686 Tum
2086 2632 2280 2686 deinde
2328 2631 2532 2686 honore
2562 2648 2624 2686 ac
2657 2634 2919 2701 dignitate
2948 2632 3090 2687 Patri
3119 2644 3172 2686 et
3199 2634 3333 2688 Filio
3372 2650 3460 2688 so-

1927 2722 2124 2775 ciatum
2162 2720 2492 2775 tradiderunt
2527 2720 2788 2788 Spiritum
2819 2731 3086 2775 sanctum.
3129 2724 3186 2775 In
3217 2723 3318 2776 hoc
3353 2739 3456 2776 non

1918 2810 2027 2878 jam
2081 2812 2362 2866 manifeste
2398 2811 2725 2865 discernitur
2753 2820 2933 2865 utrum
2974 2823 3128 2867 natus
3155 2813 3246 2878 sit,
3276 2831 3342 2867 an
3377 2815 3461 2868 in.

1926 2911 2102 2956 natus.
2135 2919 2156 2952 ι

1995 2990 2310 3045 Purmws.
2351 2990 2451 3056 Qui
2481 2991 2546 3045 de
2578 2998 2704 3044 nato
2734 2989 2817 3043 vel
2848 2989 3035 3044 innato
3059 2992 3300 3059 requirit,
3338 2993 3457 3048 sine

1923 3080 2086 3134 dubio
2135 3089 2397 3134 creaturae
2450 3080 2502 3132 in
2555 3093 2618 3133 eo
2667 3079 2863 3133 nullam
2921 3080 3081 3134 habet
3131 3081 3455 3150 opinionem,

230 3171 631 3233 tradiderunt,
685 3168 954 3221 rationem
1014 3165 1223 3220 scilicet
1267 3166 1582 3220 assertionis
1633 3179 1818 3220 eorum
1854 3233 1886 3241 _
1923 3169 2154 3237 alioquin
2187 3179 2242 3222 et
2285 3170 2384 3223 hoc
2419 3168 2727 3223 adduxisset
2771 3169 2838 3222 ad
2892 3169 3310 3239 inquisitionem.
3341 3170 3457 3241 (δι)

227 3261 644 3328 relinquentes
684 3258 754 3312 ab
802 3257 887 3310 his
920 3256 1294 3324 inquirendam
1327 3255 1439 3325 (51)
1472 3256 1559 3323 qui
1589 3255 1818 3324 Spiritus
1846 3233 1888 3289 (ἶ
1921 3256 1985 3309 Et
2010 3233 2249 3324 adjungit
2277 3270 2294 3308 :

232 3355 377 3406 dona
409 3348 777 3410 excellentia,
809 3355 864 3401 et
903 3347 1167 3413 praecipue
1199 3345 1483 3411 sermonis,
1520 3347 1817 3414 sapientiae,

229 3447 288 3493 et
317 3439 583 3494 scientia:
621 3451 722 3504 per
748 3436 924 3503 ipsum
955 3433 1212 3501 Spiritum
1248 3443 1493 3486 sanctum
1539 3435 1820 3503 percipere

238 3530 660 3584 merebantur:
697 3527 764 3580 de
803 3524 927 3577 aliis
973 3537 1101 3577 vero
1141 3523 1392 3577 dixerunt
1433 3525 1645 3592 quidem
1697 3525 1819 3594 quia

235 3619 372 3679 sint,
423 3614 721 3684 quomodo
767 3621 970 3674 autem,
1017 3619 1109 3664 aut
1153 3611 1291 3666 unde
1336 3611 1463 3677 sint,
1516 3613 1818 3667 siluerunt:

239 3707 501 3776 profecto
539 3713 604 3758 ut
629 3701 992 3758 studiosiores
1015 3701 1210 3769 quique
1235 3715 1302 3753 es
1327 3703 1556 3768 posteris
1575 3703 1687 3757 suis
1704 3704 1820 3774 (52)

239 3807 536 3851 amatores
567 3793 856 3860 sapientiae
886 3801 941 3845 et
974 3789 1234 3854 scientiae,
1261 3792 1576 3846 exercitium
1623 3793 1822 3848 habere

237 3892 492 3950 possent,
525 3882 584 3934 in
611 3893 724 3948 quo
753 3878 955 3946 ingenii
991 3877 1074 3932 sui
1104 3875 1336 3932 fructum
1367 3881 1651 3934 ostendere
1677 3881 1822 3935 vale-

239 3983 386 4037 rent,
425 3973 486 4026 hi
521 3969 789 4024 videlicet
815 3967 908 4036 qui
948 3967 1140 4037 dignos
1165 3979 1224 4020 se
1257 3974 1312 4020 et
1344 3980 1567 4035 capaces
1614 3971 1824 4038 sapien-

240 4063 332 4116 tia:
361 4067 784 4132 praepararent.
806 4057 1028 4126 Species
1064 4070 1189 4110 vero
1218 4070 1401 4110 eorum
1429 4071 1548 4125 quae
1572 4072 1668 4127 per
1692 4074 1824 4127 pra:-

239 4153 590 4207 dicationem
621 4146 979 4218 apostolicam
1032 4144 1318 4200 manifeste
1371 4145 1676 4213 traduntur,
1709 4148 1823 4202 istae

242 4251 390 4295 sunt.
422 4239 628 4294 Primo
662 4237 806 4307 quod
837 4250 975 4290 unus
998 4243 1083 4290 est
1104 4235 1243 4289 Deus
1264 4235 1357 4304 qui
1391 4233 1572 4290 omnia
1599 4237 1820 4301 creavit,

242 4340 412 4400 atque
443 4327 791 4398 composuit,
842 4327 1044 4395 quique
1088 4339 1156 4380 ex
1197 4325 1358 4380 nullis
1389 4339 1509 4380 esse
1542 4325 1671 4380 fecit
1701 4329 1821 4382 uui-

241 4439 404 4480 versa
463 4423 537 4484 “,
599 4421 747 4474 Deus
805 4433 835 4472 a
889 4419 1061 4488 prima
1112 4427 1358 4472 creatura
1411 4427 1464 4472 et
1521 4420 1825 4477 conditione

241 4513 435 4569 mundi
472 4510 732 4566 omnium
767 4507 1036 4576 iustorum
1068 4507 1226 4571 Deus,
1254 4508 1446 4575 Adam,
1482 4507 1638 4575 Abel,
1667 4509 1820 4578 Setb,

319 4623 366 4654 η
407 4617 457 4673 ll
483 4617 748 4673 Machab.
780 4631 880 4683 vn,
910 4615 1006 4669 28.
1078 4615 1122 4646 ¹¹
1151 4611 1304 4669 Joan.
1339 4629 1376 4678 ι,
1407 4615 1461 4668 3.

1987 3345 2276 3403 Omen-mss.
2316 3363 2334 3397 ι
2366 3346 2457 3401 Vel
2487 3346 2652 3401 Filius
2693 3347 2852 3401 etiam
2879 3347 2993 3417 ipse
3039 3347 3134 3403 Dei
3184 3347 3459 3404 habendus

1919 3438 2007 3501 sit,
2055 3451 2241 3490 necne.
2295 3434 2400 3489 Sed
2440 3436 2755 3504 inquirenda
2801 3437 2910 3504 jam
2955 3438 3056 3492 ista
3101 3452 3198 3506 pro
3243 3438 3456 3492 viribus

1919 3535 2043 3578 sunt
2071 3525 2136 3579 de
2174 3535 2358 3580 sancta
2412 3525 2710 3593 Scriptura,
2759 3537 2813 3579 et
2862 3527 3040 3595 sagaci
3071 3527 3459 3596 perquisitione

1920 3611 2312 3681 investiganda.
2394 3612 2537 3667 Sane
2593 3611 2735 3682 quod
2799 3613 2903 3668 iste
2965 3613 3197 3683 Spiritus
3242 3625 3460 3669 sanctus

1919 3714 2348 3769 unumquemque
2404 3711 2714 3757 sanctorum
2766 3703 2851 3756 vel
2907 3703 3330 3772 prophetarum,
3377 3704 3459 3759 vel

1921 3789 2278 3855 apostolorum
2310 3789 2420 3860 (55)
2451 3790 2810 3857 inspiraverit,
2839 3801 2894 3845 et
2923 3806 3028 3845 non
3063 3792 3200 3846 alius
3230 3792 3460 3860 Spiritus

1922 3877 1974 3930 in
2005 3878 2294 3940 veteribus,
2321 3878 2456 3931 alius
2473 3893 2600 3932 vero
2627 3879 2681 3932 in
2710 3879 2794 3932 his
2819 3880 2908 3948 qui
2932 3879 2986 3932 in
3010 3881 3238 3932 adventu
3262 3879 3458 3934 Christi

1923 3966 2164 4035 inspirati
2195 3973 2338 4030 sunt,
2388 3968 2592 4033 fuerit,
2627 3968 3065 4024 manifestissime
3117 3949 3172 4022 ίῖι
3209 3968 3462 4023 Ecclesiis

1925 4055 2278 4123 praedicatur.
2301 4057 2425 4110 Post
2451 4057 2562 4112 haec
2594 4057 2703 4127 jam
2731 4061 2869 4126 quod
2899 4059 3078 4112 anima
3105 4059 3459 4115 substantiam

1921 4145 2193 4212 vitamque
2246 4144 2452 4200 habeas
2505 4147 2801 4216 propriam,
2853 4162 2973 4202 cum
3025 4161 3091 4201 ex
3137 4148 3238 4203 hoc
3262 4149 3462 4202 mundo

1922 4232 2262 4296 discesserit,
2313 4248 2411 4302 pro
2475 4235 2586 4289 suis
2636 4235 2847 4290 meritis
2895 4237 3294 4305 dispensabitur
3345 4237 3461 4292 sive

1921 4335 2134 4377 aeterna:
2155 4325 2276 4378 vitae
2302 4341 2364 4379 ac
2394 4326 2740 4381 beatitudinis
2763 4327 3076 4382 haereditate
3117 4329 3374 4398 petitura,
3409 4329 3458 4386 sl

1923 4418 2025 4472 hoc
2079 4417 2127 4472 ei
2173 4433 2268 4472 sua
2315 4428 2463 4488 gesta
2517 4419 2863 4488 praestiterint
2899 4435 2915 4474 :
2945 4420 3062 4475 sive
3099 4421 3210 4490 igni
3257 4430 3462 4478 artemo

1927 4524 1990 4562 ac
2015 4507 2286 4577 suppliciis
2309 4510 2680 4577 rnatucipanda,
2720 4509 2766 4565 si
2803 4510 2856 4566 in
2896 4510 2999 4564 hoc
3032 4524 3151 4566 eam
3195 4510 3460 4567 scelerum

309 4709 433 4780 (ΓΙ)
475 4705 698 4780 Merlini
740 4703 1112 4780 editio,_ipsis,
1150 4701 1336 4780 quibus
1379 4702 1516 4780 inter
1559 4706 1813 4775 principia
1849 4719 1888 4774 υ
1913 4724 2037 4780 gnos
2071 4715 2452 4780 seetﬁcapaces
2489 4706 2561 4780 all
2593 4707 2955 4780 recipiendam?
2981 4707 3291 4776 sapientiam
3317 4724 3456 4776 prte-

413 4771 426 4778 ”
447 4777 786 4857 επροξὶιίοιξᾳ
826 4773 948 4837 ﬁdei
988 4787 1113 4857 “mf
1130 4771 1621 4857 fff3_-l_{l'9fff¢muf
1649 4789 1670 4837 ;
1693 4771 1813 4857 fuit!
1850 4771 1875 4774 ⁷
1909 4771 2176 4857 pararent.
2201 4776 2304 4856 Sed
2333 4790 2522 4857 clunes
2551 4771 2722 4857 Ιιυλιιέ.
2739 4777 3005 4857 Apologia:
3031 4771 3156 4857 (uss:
3179 4788 3234 4830 et
3254 4771 3457 4857 ed'ttiut

241 4839 471 4902 indm...
505 4839 896 4910 assignabimus
911 4857 1029 4894 eum
1052 4839 1478 4909 medicationem
1506 4843 1815 4898 auctoritate

244 4915 556 4985 apostoliga
588 4910 992 4985 custodissez“;
1169 4979 1216 4985 _
1280 4975 1292 4985 _
1347 4975 1360 4985 _
1455 4973 1482 4985 _

313 4983 440 5055 με)
481 4981 561 5035 De
592 4977 1119 5048 prwfatione'libror.
1160 4975 1298 5044 Περὶ
1329 4975 1546 5044 ἀρχῶν,
1581 4993 1725 5032 num.
1781 4979 1818 5032 2

242 5059 298 5106 es
326 5066 456 5119 seq.

314 5120 443 5187 (49)
483 5115 569 5171 Ita
617 5128 751 5168 mss.
782 5112 924 5167 Editi
957 5127 1110 5176 vero,
1139 5113 1476 5167 desueuimus.

314 5207 438 5280 (50)
479 5202 631 5260 Editi
669 5210 726 5256 et
764 5214 894 5256 mss.
949 5200 1190 5270 plerique
1218 5240 1236 5266 ,
1287 5199 1432 5254 Illud
1481 5209 1652 5256 tamen
1686 5205 1816 5260 scire

242 5284 815 5413 ορῒέίῗοδίοηριηηεε
857 5335 1014 5413 huius
1061 5336 1326 5413 ᾼροίορίω
1358 5352 1509 5413 ηιεεη,
1551 5347 1610 5413 et
1640 5339 1764 5393 editi
1791 5359 1805 5413 ς

243 5405 388 5467 mss.
418 5405 559 5464 'vero
587 5405 1019 5477 librorum__IIt-:gl
1051 5405 1246 5472 ἀρχῶν
1268 5420 1450 5460 omnes
1481 5406 1808 5477 habentzqui

243 5481 495 5547 Spiritus
535 5480 691 5547 dona
734 5474 1410 5547 excellentiaangerentur,
1448 5482 1496 5524 et
1549 5474 1809 5547 pragcipue

242 5543 532 5609 sémonis,
573 5543 868 5608 sapientior,
904 5551 950 5592 et
985 5543 1218 5612 scientia:
1259 5545 1484 5610 gratiam
1511 5556 1604 5612 per
1639 5543 1807 5612 ipsum

245 5616 513 5683 Spiritum
549 5620 794 5683 sanctam
823 5610 1180 5683 percepissent.
1265 5609 1275 5610 ί
1324 5679 1353 5683 __
1388 5680 1398 5683 _
1521 5609 1530 5618 ’

321 5684 447 5766 ίδί)
484 5677 650 5766 “bii.
688 5676 1410 5766 9?-_’i".'l€‘£‘ff,lanE'lE
1436 5692 1802 5766 ἔρδωμεν

1915 4844 1964 4901 in
2001 4855 2166 4911 textu,
2195 4846 2295 4899 nisi
2325 4846 2462 4912 quod
2482 4859 2579 4898 ms.
2602 4844 2943 4901 Corbeiensis
2973 4845 3196 4913 omittit,
3214 4858 3261 4900 et
3287 4849 3456 4901 scies-

1912 4917 2019 4970 tite.

1984 4980 2092 5054 (55)
2132 4980 2221 5054 Sic
2255 4997 2383 5036 mss.
2401 4980 2758 5054 Sol-bonicus,
2803 4992 2857 5038 et
2907 4981 3099 5054 Montis
3118 4983 3189 5054 β.
3215 4983 3454 5036 Michae-

1917 5050 2002 5114 lis,
2038 5066 2102 5103 ac
2123 5050 2213 5104 alii
2243 5065 2371 5104 mss.
2399 5051 2654 5104 librorum
2684 5051 2758 5104 De
2790 5053 3081 5118 principiis.
3107 5050 3295 5104 Caeteri
3327 5065 3457 5104 vero

1918 5135 2046 5176 mss.
2076 5119 2233 5186 hujus
2258 5119 2542 5187 Apologiuz,
2567 5130 2620 5172 et
2648 5119 2921 5182 Merlinus,
2956 5134 3277 5172 communem
3322 5119 3458 5170 hanc

1919 5199 2134 5241 mortem
2181 5203 2298 5240 vere
2333 5202 2587 5241 mortuus.
2623 5187 3022 5249 Geuebrardus,
3060 5187 3318 5238 communi
3358 5187 3457 5236 hac

1915 5266 2078 5330 morte
2105 5271 2218 5308 uere
2240 5265 2496 5330 mortuus,
2530 5258 2740 5330 omisso
2777 5256 3048 5310 sustinuit.
3082 5252 3218 5306 Tum
3261 5252 3460 5330 deinde

1913 5327 2073 5394 editi,
2090 5335 2142 5378 et
2183 5340 2284 5381 ms.
2321 5319 2666 5388 Sorbonicus,
2714 5336 3052 5379 conversatus
3095 5332 3170 5394 est
3206 5332 3326 5372 cum
3364 5319 3465 5394 di-

1913 5393 2124 5460 scipulis
2145 5395 2274 5459 suis,
2297 5405 2343 5448 et
2369 5405 2662 5466 assumptus
2688 5409 2787 5449 est.
2821 5395 2926 5448 Sed
2948 5391 3126 5447 caeteri
3159 5401 3289 5440 mss.
3321 5393 3380 5434 ut
3408 5391 3466 5435 in

1911 5473 2079 5518 testu.

1977 5532 2091 5603 (54)
2132 5534 2198 5588 Et
2229 5535 2492 5605 adjungit.
2524 5535 2646 5590 Haec
2667 5536 2830 5588 verba
2854 5545 2970 5598 quae
2999 5525 3284 5606 proferunt
3307 5519 3479 5582 editi,

1910 5615 2014 5654 non
2044 5615 2356 5672 comparent
2387 5607 2436 5657 in
2466 5607 2712 5659 omnibus
2744 5605 3127 5672 tttss._nostrts.

2744 5645 2996 5734 17.1fm
3015 5645 3282 5710 "aduentu.
3339 5645 3500 5747 Mss.

246 5742 340 5821 qui
372 5742 650 5821 urlaatores
679 5753 848 5797 essent
877 5742 1168 5821 sapientiae,
1203 5742 1591 5821 segnitiam...
1619 5749 1678 5821 iri
1696 5742 1804 5821 qui.)
1907 5743 2264 5813 inspiraoerit.
2283 5785 2298 5798 .
2325 5781 2371 5800 ..
2399 5743 2487 5811 qui
2525 5742 2581 5796 in
2611 5744 2916 5796 adventum.

249 5814 463 5891 ingenii
497 5819 583 5872 sui
606 5814 839 5882 fructum
868 5814 1212 5881 ostenderent,
1249 5815 1301 5867 hi
1335 5814 1566 5869 uidelicet
1595 5819 1680 5883 qui
1706 5814 1804 5871 ’ἀὲ-
