3916 6414
592 377 684 432 551

591 492 741 558 culpa
767 487 1068 544 deterserit.
1118 484 1221 539 Sed
1258 492 1313 538 et
1350 482 1474 553 quia
1504 482 1613 538 erit
1639 490 1851 552 tempus
1883 498 2125 539 resurre-

588 581 778 635 ctionis
824 588 1169 639 mortuorum,
1196 590 1316 628 cum
1342 588 1534 643 corpus
1554 574 1678 637 hoc,
1708 573 1847 642 quod
1870 575 1924 628 in
1946 591 2116 628 corru-

585 672 747 735 ptione
765 666 1064 729 sanciantur,
1088 675 1263 731 surget
1295 664 1352 718 in
1383 662 1825 730 incorruptione“
1856 672 1949 718 :et
1980 664 2123 732 quod

582 764 871 820 seminatur
901 762 956 815 in
979 761 1285 828 ignominia,
1324 769 1497 830 surget
1536 760 1590 813 in
1620 759 1791 827 gloria
1820 759 1885 813 ιδ.
1926 760 2020 815 Est
2068 770 2121 814 et

582 851 705 905 illud
722 849 997 903 deﬁnitum
1018 848 1068 902 in
1095 847 1459 902 ecclesiastica
1486 846 1887 915 praedicatione,
1908 860 2122 901 omnem

578 939 811 993 animam
839 952 957 991 esse
985 937 1383 1001 rationabilem,
1420 936 1573 990 liberi
1604 936 1815 991 arbitrii
1845 948 1899 992 et
1931 936 2122 991 volun-

578 1029 703 1082 tatis
735 1045 750 1081 :
782 1044 904 1083 esse
941 1043 1155 1096 quoque
1186 1028 1233 1082 ei
1266 1038 1537 1082 certamen
1572 1028 1830 1083 adversus
1856 1026 2121 1082 diabolum

575 1127 630 1171 et
658 1117 875 1187 angelos
904 1118 1041 1187 ejus,
1069 1117 1483 1185 contrariosque
1503 1117 1761 1179 virtutes,
1794 1131 1859 1170 ex
1890 1131 1956 1171 eo
1983 1116 2122 1185 quod

576 1208 651 1261 illi
687 1207 918 1276 peccatis
943 1222 1060 1260 eam
1099 1220 1326 1260 onerare
1351 1206 1701 1270 contendant,
1755 1221 1853 1260 nos
1903 1197 2049 1268 vero,
2076 1203 2119 1257 si

578 1308 721 1352 recte
767 1296 1113 1364 consulteque
1170 1296 1435 1360 vivamus,
1484 1295 1549 1348 ab
1583 1296 1945 1365 hujuscemodi
2009 1294 2120 1366 (56)

575 1403 739 1441 onere
758 1403 954 1442 exuere
985 1402 1082 1441 nos
1113 1401 1387 1441 conemur.
1418 1386 1569 1441 Unde
1598 1394 1653 1439 et
1683 1400 2015 1454 consequens
2041 1395 2122 1439 est

579 1478 881 1548 intelligere
930 1493 1035 1532 non
1088 1493 1185 1531 nos
1237 1476 1542 1532 necessitati
1573 1490 1694 1531 esse
1725 1477 2019 1547 subjectos,
2066 1487 2124 1528 ttt

576 1568 719 1622 omni
751 1568 923 1632 modo.
958 1567 1118 1623 etiam
1147 1568 1190 1620 si
1221 1568 1470 1631 nolimus,
1511 1564 1595 1619 vel
1636 1566 1771 1620 bona
1792 1604 1809 1630 ,
1854 1565 1937 1619 vel
1983 1564 2120 1620 mala

578 1673 739 1727 agere
766 1673 1042 1727 cogamur.
1077 1658 1132 1712 Si
1164 1658 1306 1711 enim
1335 1657 1503 1711 nostri
1533 1656 1744 1710 arbitrii
1777 1671 1995 1722 sumus,
2024 1657 2124 1710 im-

581 1763 819 1817 pugnare
866 1762 964 1801 nos
1017 1746 1247 1801 fortasse
1301 1754 1528 1817 possunt
1563 1745 1753 1815 aliqua:
1786 1746 2012 1799 virtutes
2053 1745 2119 1798 ad

577 1846 879 1906 peccatum,
909 1846 963 1891 ct
992 1836 1315 1904 aliaajuvare
1358 1835 1422 1889 ad
1468 1834 1738 1899 salutem,
1786 1850 1892 1888 non
1942 1844 2118 1888 tamen

580 1928 897 1982 necessitate
920 1927 1160 1993 cogimur
1186 1926 1269 1980 vel
1308 1935 1455 1979 recte
1474 1939 1651 1992 agere.
1676 1924 1756 1979 vel
1779 1924 1939 1980 male.
1971 1923 2120 1990 Quod

578 2018 693 2073 ﬁeri
726 2017 1059 2071 arbitrantur
1105 2016 1195 2085 qui
1243 2014 1520 2069 Stellarum
1575 2028 1791 2068 cursum
1842 2022 1899 2068 et
1945 2025 2120 2067 motus

576 2122 791 2160 causam
847 2107 1029 2158 dicunt
1087 2106 1439 2158 humanorum
1497 2109 1951 2171 esse'gestorum,
2016 2117 2118 2156 non

574 2209 761 2250 eorum
792 2211 909 2263 qua:
935 2203 1086 2248 extra
1116 2193 1324 2246 arbitrii
1358 2192 1608 2245 accidunt
1636 2192 1933 2246 libertatem
1956 2232 1972 2256 ,
2022 2190 2117 2246 sed

576 2300 768 2340 eorum
817 2300 936 2352 qua:
992 2285 1045 2337 in
1099 2292 1281 2337 nostra
1332 2292 1456 2336 sunt
1501 2284 1668 2351 posita
1715 2292 1995 2351 potestate.
2046 2283 2120 2337 De

576 2379 752 2430 anima
785 2390 939 2438 vero,
980 2374 1090 2443 (57)
1147 2384 1321 2427 utrum
1356 2388 1420 2426 ex
1461 2373 1679 2427 seminis
1710 2374 1929 2430 traduce
1958 2374 2118 2429 duca-

580 2478 685 2529 tur,
725 2467 794 2520 ita
836 2477 891 2517 ut
926 2464 1059 2518 ratio
1090 2464 1258 2533 ipsius
1305 2462 1385 2516 vel
1430 2461 1726 2517 substantia
1758 2464 1960 2518 inserta
1991 2465 2119 2533 ipsis

576 2555 942 2626 corporalibus
1005 2552 1298 2608 seminibus
1347 2552 1627 2617 habeatur,
1687 2567 1754 2606 an
1802 2568 1929 2609 vero
1976 2554 2117 2609 aliud

578 2647 787 2702 initium
820 2645 1011 2698 habeat
1042 2662 1055 2698 :
1087 2653 1140 2695 et
1184 2643 1285 2696 hoc
1323 2642 1494 2710 ipsum
1542 2642 1752 2696 initium
1798 2643 1843 2696 si
1878 2644 2116 2713 genitum

576 2744 681 2796 est,
705 2742 795 2787 aut
822 2747 922 2785 non
961 2732 1218 2802 genitum,
1258 2730 1343 2785 vel
1373 2740 1520 2785 certe
1549 2731 1593 2785 si
1626 2731 1961 2787 extrinsecus
1994 2749 2118 2789 cor-

578 2826 694 2894 pori
742 2824 961 2887 inditur,
1010 2835 1196 2881 necne.
1248 2836 1352 2875 nou
1385 2820 1519 2876 satis
1546 2820 1826 2876 manifesta
1860 2824 2116 2890 praedica-

576 2914 724 2973 tione
753 2910 1122 2979 distinguitur.
1153 2908 1226 2961 De
1248 2910 1481 2973 diabolo,
1510 2918 1564 2964 et
1592 2911 1798 2980 angelis
1827 2911 1964 2980 ejus,
1986 2928 2115 2969 con-

579 3002 867 3070 trariisque
898 2998 1185 3053 virtutibus
1209 2998 1576 3053 ecclesiastica
1605 3001 1915 3068 praedicatio
1934 3002 2116 3059 docuit

574 3094 830 3165 quoniam
866 3093 974 3147 sint
1020 3090 1236 3161 quidem
1284 3091 1395 3145 haec
1429 3108 1443 3144 :
1475 3106 1593 3159 qua:
1642 3102 1818 3147 autem
1864 3093 1991 3167 sint,
2034 3095 2116 3150 vel

574 3185 842 3254 quomodo
880 3183 1008 3246 sint,
1041 3196 1145 3234 non
1173 3179 1306 3234 satis
1343 3180 1487 3235 clare
1516 3183 1786 3251 exposuit.
1816 3184 1970 3254 Apud
1999 3184 2116 3253 plu-

574 3276 742 3331 rimos
791 3286 968 3327 tamen
1022 3272 1124 3326 ista
1174 3270 1406 3325 habetur
1449 3271 1651 3340 opinio.
1699 3274 1843 3343 quod
1896 3276 2115 3345 angelus

572 3364 736 3423 fuerit
778 3366 880 3419 iste
918 3361 1179 3429 diabolus,
1210 3373 1265 3417 et
1296 3371 1541 3432 apostata
1578 3360 1799 3418 eﬁ‘ectus
1834 3365 2115 3434 quampluo

572 3458 741 3513 rimos
765 3456 1077 3526 angelorum
1112 3469 1294 3509 secum
1322 3453 1593 3509 declinare
1614 3454 1945 3520 persuaserit
1969 3496 1985 3522 ,
2022 3456 2113 3524 qui

572 3559 627 3605 et
677 3566 819 3605 nunc
866 3562 1035 3617 usque
1086 3544 1257 3616 angeli
1314 3544 1483 3614 ipsius
1549 3550 1945 3614 nuncupantur.
2018 3546 2112 3602 Est

572 3650 831 3709 praeterea
854 3649 908 3694 et
937 3640 1062 3694 illud
1086 3639 1138 3692 in
1159 3637 1519 3694 ecclesiastica
1544 3634 1941 3704 praedicatione,
1968 3638 2112 3705 quod

573 3730 803 3783 mundus
832 3728 1026 3782 iste'sit
1053 3728 1254 3789 factus,
1278 3736 1335 3780 et
1364 3740 1394 3777 a
1428 3732 1579 3779 certo
1606 3731 1847 3792 tempore
1866 3724 2110 3792 coeperit,

572 3827 629 3872 et
676 3819 747 3872 sit
781 3832 878 3886 pro
909 3817 1022 3885 ipsa
1078 3815 1160 3869 sui
1216 3812 1559 3883 corruptione
1605 3810 1892 3866 solvendus
1927 3829 1940 3864 :
1971 3814 2098 3881 quid

573 3918 749 3963 tamen
795 3918 919 3963 ante
957 3908 1101 3961 hunc
1153 3905 1405 3959 mundum
1442 3903 1631 3969 fuerit,
1685 3912 1779 3957 aut
1831 3902 1957 3970 quid
1994 3911 2112 3973 post

573 3997 826 4051 mundum
848 3997 973 4060 erit,
991 3996 1101 4065 jatn
1131 4013 1233 4050 non
1276 4007 1373 4062 pro
1418 3991 1706 4046 manifesto
1738 3989 1918 4045 multis
1952 3991 2112 4044 inno-

571 4089 673 4142 tuit
702 4104 717 4139 :
744 4103 849 4142 non
904 4088 1046 4159 enim
1089 4086 1371 4141 evidenter
1401 4085 1467 4138 de
1516 4084 1597 4138 his
1642 4083 1695 4136 in
1739 4081 2106 4137 ecclesiastica

572 4179 944 4245 przcdicatione
993 4191 1169 4231 sermo
1217 4174 1511 4244 profertur.
1563 4171 1697 4227 Tum
1728 4172 1920 4227 deinde
1966 4174 2107 4241 quod

572 4280 669 4335 per
700 4265 950 4334 Spiritum
1012 4266 1101 4320 Dei
1160 4264 1453 4332 Scriptura:
1501 4263 1819 4332 conscripta:
1874 4262 2009 4327 sint,
2054 4270 2110 4315 et

570 4368 786 4408 sensum
813 4355 1064 4417 habeant,
1105 4370 1211 4408 non
1251 4369 1371 4409 eum
1400 4352 1571 4408 solum
1603 4352 1695 4421 qui
1735 4353 1789 4406 in
1822 4350 2106 4406 manifesto

570 4453 672 4504 est,
703 4443 795 4496 sed
818 4452 871 4496 et
890 4444 1049 4497 alium
1073 4443 1356 4513 quemdam
1380 4443 1633 4497 latentem
1660 4442 2105 4511 quamplurimos.

568 4530 775 4587 Formm
795 4533 933 4586 enim
964 4544 1087 4587 sunt
1118 4536 1228 4589 haec
1259 4548 1377 4603 quae
1399 4533 1597 4601 scripta
1624 4541 1751 4586 sunt
1786 4546 2100 4586 sacramen-

570 4632 743 4678 torum
782 4624 1149 4690 quorumdam,
1180 4632 1234 4678 et
1257 4623 1569 4678 divinarum
1600 4637 1780 4678 rerum
1806 4622 2101 4692 imagines’:

568 4712 760 4779 dequo
793 4712 952 4765 totius
977 4711 1229 4767 Ecclesia:
1267 4727 1407 4768 unus
1446 4721 1526 4767 est
1562 4726 1752 4768 sensus
1776 4750 1793 4777 ,
1835 4728 1955 4768 esse
1988 4714 2106 4782 qui—

567 4795 687 4855 dein
711 4813 916 4852 omnem
945 4800 1115 4868 legem
1143 4801 1439 4870 spiritalem
1466 4842 1482 4869 ,
1535 4818 1639 4857 non
1688 4811 1864 4857 tamen
1896 4818 1958 4856 ea
1987 4819 2106 4871 quse

568 4893 737 4960 spirat
763 4889 868 4951 lex.
893 4905 1009 4943 esse
1042 4892 1289 4946 omnibus
1322 4902 1475 4959 nota,
1509 4893 1610 4947 nisi
1655 4894 1737 4947 his
1760 4893 1886 4948 solis
1909 4893 2103 4961 quibus

564 4980 735 5051 gratia
761 4977 986 5045 Spiritus
1003 4981 1172 5035 sancti
1199 4980 1250 5034 in
1270 4974 1437 5037 verbo
1471 4983 1747 5053 sapientiae
1775 4998 1839 5039 ac
1866 4985 2103 5039 scientia:

561 5072 907 5128 contionatur.
946 5087 965 5120 ι

633 5162 677 5195 ³³
704 5160 725 5214 l
749 5160 870 5215 Cor.
903 5175 987 5220 xv.
1017 5161 1107 5218 42.
1181 5163 1223 5195 "
1245 5164 1370 5219 ibid.
1399 5166 1485 5220 45.
1561 5165 1604 5197 ⁸⁸
1647 5165 1769 5222 Ose.
1815 5182 1868 5231 κ,
1914 5166 2001 5222 12.

633 5253 901 5327 tsiitMSs.
931 5254 1166 5327 plerique
1208 5258 1458 5311 omittunt
1508 5274 1681 5323 onere,
1729 5260 1868 5327 quod
1915 5269 2092 5315 exstat

562 5326 615 5378 in
642 5322 822 5377 editis.
851 5322 947 5378 bis.
971 5322 1313 5389 Sorbonicus,
1345 5336 1399 5380 et
1428 5327 1562 5379 alter
1586 5329 1645 5380 S.
1688 5322 1862 5381 Vi'toni
1895 5329 2093 5383 habent

560 5393 706 5445 clade
735 5405 829 5457 pro
866 5410 1036 5455 onere.
1086 5397 1286 5453 Deinde
1325 5411 1424 5447 uts.
1462 5396 1790 5450 Sorbonious
1814 5436 1829 5460 ,
1861 5399 2085 5451 necessi-

560 5471 801 5531 tateiessc
828 5462 1081 5531 subjectos
1106 5486 1126 5525 :
1153 5464 1333 5524 cmteri
1365 5478 1493 5517 vero
1542 5478 1670 5518 mss.
1718 5476 1772 5519 et
1796 5467 1963 5530 editi,
2002 5481 2091 5520 ne-

560 5530 925 5609 “9319‘s.”?
942 5538 1224 5609 ενιλεειοεο

627 5595 736 5673 (5η
763 5595 1013 5673 Merlinus
1030 5595 1216 5673 Ῑιξιδρι,
1254 5613 1431 5667 utrum
1456 5614 1519 5673 ea:
1540 5601 1729 5673 semine
1758 5603 2088 5673 traducatur.

560 5658 922 5742 Gciiebrardus
944 5714 957 5740 ,
991 5658 1295 5738 afﬁgi“
1339 5669 1531 5724 semine
1566 5671 1798 5723 traducis
1843 5671 2085 5724 ducatur.

1749 366 1807 423 S.
1844 364 2164 425 PAMPHIU
2203 360 2555 424 MARTYRIS

2154 489 2200 544 Α
2296 486 2626 541 Ρλιιιιηιιιιιιε.
2652 482 2719 537 Ει
2751 490 2871 551 post
2901 494 3070 551 pauca
3104 480 3178 535 ait
3210 496 3224 535 :

2291 577 2577 632 Ontcsnss.
2606 591 2625 625 ι
2652 572 2752 627 Est
2780 574 2943 626 etiam
2975 573 3102 627 illud
3129 573 3183 627 in
3205 571 3541 631 ecclesiastica
3559 582 3710 645 praui.

2223 668 2474 728 catione,
2525 678 2649 719 esse
2700 661 2929 731 angelos
2979 662 3074 716 Dei
3119 664 3392 731 quosdam,
3433 676 3484 720 et
3528 669 3712 733 virtutes

2222 756 2410 819 bonas,
2445 755 2536 823 qui
2561 753 2611 806 ei
2648 750 2968 805 ministrent
2994 753 3060 805 ad
3099 752 3317 807 salutem
3347 754 3591 811 hominum
3615 776 3712 817 con-

2222 845 2592 899 summandam
2611 863 2623 895 :
2643 844 2739 899 sed
2754 843 2973 912 quando
2988 840 3074 895 isti
3094 842 3253 897 creati
3281 842 3400 903 sint.
3414 845 3515 913 (58)
3532 848 3600 899 vel
3614 864 3715 916 qua-

2223 935 2319 997 les,
2352 946 2446 989 aut
2468 936 2745 1004 quomodo
2767 933 2901 997 sint,
2924 948 3028 987 non
3064 932 3194 986 satis
3219 934 3270 987 in
3292 934 3548 990 manifesto
3567 936 3715 994 distin-

2222 1028 2422 1094 guitur.
2479 1027 2553 1079 De
2578 1026 2693 1080 sole
2722 1037 2938 1087 autem,
2986 1034 3040 1079 et
3072 1026 3217 1087 luna,
3265 1034 3319 1078 et
3361 1025 3534 1089 stellis,
3575 1039 3715 1085 utrum

2224 1117 2519 1170 animantia
2545 1117 2676 1177 sint.
2703 1133 2773 1170 an
2805 1118 3079 1179 exanima,
3104 1115 3376 1170 manifeste
3403 1132 3498 1171 non
3519 1120 3715 1177 traditur.

2223 1208 2449 1276 Oportet
2480 1207 2646 1277 igitur
2675 1207 2825 1261 velut
2853 1206 3137 1261 elementis
3178 1222 3240 1259 ac
3283 1206 3609 1261 fundamentis
3639 1210 3714 1263 hu-

2219 1297 2448 1364 jusmodi
2480 1296 2581 1360 ttti,
2605 1296 2908 1351 secundum
2941 1296 3248 1349 mandatum
3275 1297 3414 1363 quod
3434 1296 3551 1350 dicit
3574 1314 3585 1349 ε
3610 1296 3714 1351 ills-

2222 1390 2416 1439 minate
2445 1387 2587 1438 vobis
2613 1386 2790 1437 lumen
2820 1384 3057 1437 scientia:
3076 1383 3144 1450 η,
3163 1398 3282 1435 eum
3311 1384 3394 1450 qui
3417 1384 3547 1451 cupit
3565 1386 3714 1438 serium

2222 1477 2511 1543 quamdam
2564 1485 2619 1529 et
2669 1490 2869 1541 corpus
2915 1488 2981 1527 ex
3028 1474 3221 1527 horum
3275 1474 3499 1527 omnium
3554 1476 3715 1529 ratione

2222 1566 2515 1631 conﬁcere,
2540 1574 2601 1619 ut
2626 1566 2931 1621 manifestis
2965 1576 3021 1621 et
3054 1565 3373 1622 necessariis
3393 1565 3717 1620 assertionibus

2221 1654 2286 1709 de
2314 1654 2542 1724 singulis
2575 1656 2881 1725 quibusque
2906 1655 3035 1725 quid
3081 1654 3152 1708 sit
3188 1655 3241 1708 in
3283 1669 3407 1709 vero
3438 1654 3649 1718 rimetur,
3676 1664 3715 1708 et

2223 1763 2409 1813 unum,
2447 1756 2503 1801 ut
2535 1747 2795 1811 diximus,
2820 1760 3022 1816 corpus
3052 1745 3250 1798 efﬁciat
3283 1745 3526 1813 exemplis
3550 1754 3595 1799 et
3619 1745 3717 1799 δαῖτ-

2222 1839 2575 1904 mationibus,
2611 1836 2698 1890 vel
2726 1836 2809 1891 Itis
2834 1851 2974 1904 quas
3002 1837 3055 1889 in
3090 1836 3292 1891 sanctis
3313 1834 3581 1903 Scripturis
3605 1836 3713 1890 inve-

2221 1932 2380 1993 nerit,
2407 1930 2490 1983 vel
2522 1943 2660 1997 quas
2693 1943 2760 1980 ex
2790 1928 3198 1997 consequentia:
3226 1926 3389 1996 ipsius
3416 1927 3648 1997 indagine.
3672 1944 3716 1983 ac

2221 2022 2353 2075 recti
2388 2031 2577 2075 tenore
2608 2020 2902 2091 repererit.
2945 2040 2965 2073 s

2289 2109 2619 2168 PAIPIIILUS.
2676 2110 2789 2182 (59)
2846 2109 2973 2164 [late
3036 2109 3253 2179 quidem
3318 2108 3453 2162 inter
3506 2106 3716 2176 principia

2221 2200 2377 2270 primi
2408 2201 2530 2255 libri
2558 2202 2697 2269 Περὶ
2717 2199 2923 2271 ἀρχῶν
2953 2201 3232 2266 disseruit,
3262 2208 3317 2252 ιιι
3342 2198 3613 2253 ostenderet
3630 2211 3719 2265 qua:

2219 2288 2326 2343 sint
2350 2289 2437 2343 illa
2463 2305 2584 2359 qua:
2613 2290 2905 2345 manifeste
2942 2290 2997 2343 in
3026 2288 3386 2344 ecclesiastica
3410 2286 3718 2356 prmdicatione

2220 2380 2413 2433 tradita
2442 2390 2587 2443 sunt,
2621 2390 2676 2435 et
2706 2396 2831 2449 quae
2861 2381 2973 2435 sint
3007 2396 3130 2450 qua:
3161 2394 3263 2433 non
3308 2389 3482 2448 aperte
3509 2376 3718 2432 deﬁniun-

2220 2471 2329 2515 tur.
2368 2464 2441 2518 De
2466 2464 2667 2531 quibus
2697 2463 2937 2533 singulis
2970 2463 3269 2518 secundum
3293 2476 3407 2516 eam
3429 2460 3715 2525 divisionem,

2219 2566 2383 2621 quam
2415 2567 2582 2621 supra
2626 2555 2913 2620 ostendit,
2946 2554 3183 2621 sparsim
3230 2552 3460 2620 disputat
3486 2550 3534 2605 in
3559 2549 3718 2617 reliquo

2219 2655 2446 2709 corpore
2479 2641 2768 2706 librorum,
2802 2656 2868 2697 ea
2903 2644 3125 2712 quidem
3166 2657 3285 2711 qua:
3305 2656 3369 2696 ex
3398 2640 3593 2695 deﬁnito
3614 2654 3715 2709 pne-

2216 2728 2386 2783 dicari
2412 2729 2482 2783 ab
2512 2730 2759 2785 Ecclesia
2786 2745 2961 2801 supra
3005 2730 3215 2795 docuit,
3246 2730 3487 2785 omnibus
3515 2727 3717 2784 adhibitis

2217 2821 2610 2890 probamentis,
2657 2837 2723 2876 ex
2753 2822 3067 2892 Scripturis
3102 2822 3307 2878 sanctis
3349 2820 3646 2877 manifestius
3678 2828 3718 2873 et

2215 2909 2553 2964 constantius
2575 2923 2835 2964 asserens
2859 2928 2875 2976 ;
2912 2912 2982 2965 de
3004 2911 3095 2966 his
3128 2925 3254 2967 vero
3285 2912 3351 2964 de
3378 2908 3556 2978 quibus
3582 2916 3717 2961 osten-

2217 3001 2296 3056 dit
2331 3015 2439 3056 nou
2469 3000 2780 3066 manifeste,
2832 3016 3015 3071 neque
3072 3018 3139 3058 ex
3187 3002 3406 3058 deﬁnito
3452 3001 3501 3056 in
3529 2996 3715 3054 Ecclesia

2142 3129 2185 3189 α
2218 3091 2518 3189 praedicari,
2544 3091 2908 3189 opinionibus
2940 3093 3140 3189 magis,
3276 3092 3361 3148 his
3402 3091 3617 3147 sensibus
3648 3085 3715 3156 qui

2220 3182 2516 3252 disputanti
2548 3183 2597 3235 ei
2620 3190 2678 3236 et
2705 3182 2979 3238 tractanti
3012 3184 3081 3237 de
3128 3183 3323 3239 talibus
3354 3193 3610 3237 occurrere
3645 3190 3717 3246 po.

2150 1805 2193 1861 Β

2219 3281 2459 3339 tuerunt,
2488 3286 2648 3341 quam
2677 3275 2852 3329 certis
2884 3274 3165 3343 aliquibus
3187 3288 3251 3330 ac
3278 3272 3503 3328 deﬁnitis
3522 3267 3718 3325 assertio-

2217 3363 2376 3417 nibus
2404 3362 2595 3424 utitur,
2626 3360 2678 3414 id
2708 3371 2822 3425 est,
2852 3363 3155 3419 discutiens
3174 3370 3229 3418 et
3255 3369 3569 3433 pertractans
3587 3355 3719 3427 potius

2216 3467 2376 3523 quam
2420 3449 2713 3506 afﬁrmans.
2758 3450 2825 3507 In
2878 3455 3137 3510 omnibus
3173 3465 3349 3509 tamen
3397 3450 3632 3508 sermonis
3660 3444 3717 3499 ssi

2218 3540 2482 3605 meminit,
2512 3540 2630 3609 ejus
2668 3556 2839 3610 quem
2864 3558 3035 3612 supra
3069 3545 3343 3613 exposuit,
3380 3556 3496 3599 cum
3518 3542 3585 3595 ait
3610 3538 3718 3593 illaut

2217 3631 2383 3687 solam
2421 3630 2789 3698 recipiendam
2842 3644 2902 3688 et
2950 3633 3279 3690 credendam
3326 3648 3443 3691 esse
3478 3631 3718 3687 veritatem.

2216 3736 2336 3792 qua:
2374 3721 2427 3776 in
2476 3721 2621 3775 nullo
2655 3724 2983 3790 apostolicis
3020 3735 3078 3780 et
3106 3723 3485 3781 ecclesiasticis
3516 3716 3720 3791 degenti-

2216 3814 2314 3868 bus
2342 3813 2660 3868 advcrsatur
2696 3830 2711 3867 :
2739 3821 2799 3867 et
2844 3830 2954 3869 non
2986 3815 3164 3871 solum
3200 3817 3254 3871 iu
3280 3816 3363 3871 bis
3379 3814 3517 3870 libris
3544 3820 3718 3879 quorum

2215 3917 2380 3973 supra
2417 3902 2643 3958 fecimus
2679 3905 3025 3961 mentionem
3047 3946 3065 3974 ,
3107 3907 3201 3962 sed
3230 3916 3285 3961 et
3309 3907 3362 3961 iu
3390 3903 3611 3961 omnibus
3633 3910 3719 3967 qu:

2215 3996 2284 4050 de
2331 3994 2631 4064 Scripturis
2658 3999 2916 4063 exponit,
2967 3999 3073 4054 hac
3105 4000 3373 4054 sententia
3413 3995 3486 4051 uti
3519 3992 3651 4053 solet,
3682 3995 3719 4039 et

2215 4083 2271 4137 in
2313 4082 2399 4138 his
2435 4083 2705 4151 pra:cipue
2749 4081 2807 4138 in
2872 4086 3077 4154 quibus
3123 4087 3306 4156 plures
3352 4085 3503 4140 unius
3548 4073 3717 4163 capituli

2214 4173 2685 4242 interpretationes
2717 4176 2980 4243 exponit,
3022 4176 3129 4232 hoc
3164 4191 3438 4239 asserens,
3470 4188 3524 4229 se
3549 4167 3715 4240 quidem

2213 4279 2281 4319 ne
2308 4263 2436 4331 quid
2460 4265 2602 4331 quod
2627 4263 2737 4316 dici
2772 4268 2959 4332 possit
2992 4269 3296 4333 omitteret,
3326 4266 3471 4336 plura
3502 4260 3575 4317 vel
3592 4260 3717 4314 diu-r-

2214 4367 2295 4415 sa,
2327 4361 2485 4422 prout
2533 4353 2738 4407 sentire
2790 4358 3002 4424 potuit,
3052 4357 3375 4428 protulisse;
3426 4350 3541 4409 illud
3582 4358 3717 4402 autem

2137 4464 2182 4519 ι)
2213 4443 2409 4497 debere
2444 4444 2616 4497 teneri
2641 4446 2793 4513 quod
2831 4450 3175 4518 apostolicus
3197 4459 3359 4519 atque
3386 4437 3719 4503 ecclesiasticus

2211 4533 2380 4588 lector
2409 4532 2681 4602 probaret.
2720 4534 2845 4593 Hoc
2883 4540 3028 4595 idem
3065 4541 3381 4597 facitetiam
3416 4551 3526 4593 cum
3550 4527 3716 4589 haereti-

2210 4638 2397 4679 corum
2431 4624 2650 4679 discutit
2682 4637 2870 4686 sectas
2909 4652 2921 4686 :
2958 4634 3162 4701 quibus
3204 4632 3451 4687 omnibus
3486 4616 3716 4681 confutatis

2210 4724 2371 4783 atque
2403 4715 2685 4780 convictis,
2716 4733 2888 4774 unam
2924 4723 3127 4790 solam,
3171 4736 3395 4792 eamque
3420 4730 3565 4787 quam
3596 4721 3715 4775 sui”?

2208 4803 2476 4872 exposuit,
2506 4804 2801 4865 catholica:
2830 4812 3090 4866 veritatis
3134 4811 3451 4867 sententiam
3487 4808 3625 4859 tenet.
3663 4796 3715 4848 De

2209 4893 2403 4962 quibus
2444 4892 2667 4962 singulis
2716 4898 2963 4963 qualiter
3017 4900 3357 4971 responderit
3398 4889 3644 4951 haereticis,
3677 4886 3714 4933 Ci

2208 4986 2476 5054 quomodo
2506 4987 2759 5043 universa
2791 5003 2990 5046 eorum
3037 4994 3291 5062 dogmata
3324 4990 3608 5045 destruens,
3632 4978 3714 5043 ἰρεθ

2206 5088 2421 5143 semper
2439 5077 2790 5144 apostolicam
2821 5083 3232 5139 conﬁrmaverit
3267 5082 3450 5142 Iidem,
3473 5074 3513 5129 si
3533 5069 3712 5125 velimus

2198 5260 2303 5315 Sed
2331 5275 2518 5314 omnes
2558 5276 2687 5315 mss.
2719 5272 2776 5316 ut
2825 5265 2880 5319 in
2935 5278 3124 5322 nostro
3184 5277 3351 5321 textu.
3410 5257 3586 5318 Deinde
3625 5263 3702 5325 "'i'

2198 5330 2529 5383 Sorbonicus
2551 5368 2565 5393 ,
2595 5334 2802 5396 corpori
2829 5336 3103 5400 induitur,
3159 5352 3251 5389 nec
3296 5350 3376 5398 ne,
3426 5330 3537 5385 satis
3574 5332 3704 5376 mant-

2195 5400 2727 5475 [est‘anprafdicatione
2757 5404 3126 5475 distinguitur.
3389 5470 3401 5475 Α

2265 5458 2378 5546 (5s)
2420 5465 2508 5546 νει
2535 5469 2734 5536 quales.
2780 5458 3332 5529 litucvdesiderantur
3388 5470 3437 5525 in
3478 5458 3699 5521 editis,“

2196 5544 2548 5610 restituuntur
2576 5554 2639 5590 ex
2678 5554 2808 5610 tttss.
3477 5604 3488 5610 ,
3600 5594 3610 5606 ,
3648 5588 3677 5610 _,

2233 5602 2377 5683 .(59)
2406 5604 2477 5657 “il
2512 5621 2642 5662 mss-
2694 5608 2837 5665 Editi
2869 5625 3021 5678 vero,
3078 5609 3206 5667 Htcc
3240 5610 3437 5680 quidem
3472 5604 3520 5658 in
3542 5602 3696 5671 μήνιεν

2190 5686 2297 5739 pro,
2329 5684 2436 5727 etc.
