  <div class='ocr_page' id='page_1' title='image "/cluster/home/n/w/nwhite01/storage/ocr_20150623/17 (Origenes, pt. 7)/nyp.33433081862348/289.png"; bbox 0 0 3916 6430; ppageno 0'>
   <div class='ocr_carea' id='block_1_1' title="bbox 560 419 658 472">
    <p class='ocr_par' dir='ltr' id='par_1_1' title="bbox 560 419 658 472">
     <span class='ocr_line' id='line_1_1' title="bbox 560 419 658 472; baseline 0.01 -3"><span class='ocrx_word' id='word_1_1' title='bbox 560 419 658 472; x_wconf 61' lang='grc'><strong>355</strong></span> 
     </span>
    </p>
   </div>
   <div class='ocr_carea' id='block_1_2' title="bbox 1717 392 2516 452">
    <p class='ocr_par' dir='ltr' id='par_1_2' title="bbox 1717 392 2516 452">
     <span class='ocr_line' id='line_1_2' title="bbox 1717 392 2516 452; baseline -0.009 0"><span class='ocrx_word' id='word_1_2' title='bbox 1717 398 1772 452; x_wconf 91' lang='lat' dir='ltr'><strong>S.</strong></span> <span class='ocrx_word' id='word_1_3' title='bbox 1810 393 2131 450; x_wconf 75' lang='lat' dir='ltr'><strong>PAMPHILI</strong></span> <span class='ocrx_word' id='word_1_4' title='bbox 2171 392 2516 446; x_wconf 76' lang='lat' dir='ltr'><strong>MARTYBIS</strong></span> 
     </span>
    </p>
   </div>
   <div class='ocr_carea' id='block_1_3' title="bbox 3713 373 3801 430">
    <p class='ocr_par' dir='ltr' id='par_1_3' title="bbox 3713 373 3801 430">
     <span class='ocr_line' id='line_1_3' title="bbox 3713 373 3801 430; baseline 0 0"><span class='ocrx_word' id='word_1_5' title='bbox 3713 373 3801 430; x_wconf 80' lang='lat'><strong>556</strong></span> 
     </span>
    </p>
   </div>
   <div class='ocr_carea' id='block_1_4' title="bbox 558 486 3801 592">
    <p class='ocr_par' dir='ltr' id='par_1_4' title="bbox 558 486 3801 592">
     <span class='ocr_line' id='line_1_4' title="bbox 558 486 3801 592; baseline -0.013 -9"><span class='ocrx_word' id='word_1_6' title='bbox 558 547 646 583; x_wconf 68' lang='lat' dir='ltr'><strong>«eos</strong></span> <span class='ocrx_word' id='word_1_7' title='bbox 679 526 762 592; x_wconf 88' lang='lat' dir='ltr'><strong>qni</strong></span> <span class='ocrx_word' id='word_1_8' title='bbox 803 521 1066 582; x_wconf 80' lang='lat' dir='ltr'><strong>hominem</strong></span> <span class='ocrx_word' id='word_1_9' title='bbox 1106 518 1290 572; x_wconf 87' lang='lat' dir='ltr'><strong>dicunt</strong></span> <span class='ocrx_word' id='word_1_10' title='bbox 1329 514 1610 568; x_wconf 89' lang='lat' dir='ltr'><strong>Dominum</strong></span> <span class='ocrx_word' id='word_1_11' title='bbox 1659 511 1835 565; x_wconf 83' lang='lat' dir='ltr'><strong>Jesnm</strong></span> <span class='ocrx_word' id='word_1_12' title='bbox 1877 524 2075 576; x_wconf 65' lang='lat' dir='ltr'><strong>praeco-</strong></span> <span class='ocrx_word' id='word_1_13' title='bbox 2107 510 2150 564; x_wconf 77' lang='grc' dir='ltr'><strong>Α</strong></span> <span class='ocrx_word' id='word_1_14' title='bbox 2179 508 2346 560; x_wconf 90' lang='lat' dir='ltr'><strong>virum</strong></span> <span class='ocrx_word' id='word_1_15' title='bbox 2388 522 2511 560; x_wconf 88' lang='lat' dir='ltr'><strong>cum</strong></span> <span class='ocrx_word' id='word_1_16' title='bbox 2559 505 2650 559; x_wconf 91' lang='lat' dir='ltr'><strong>his</strong></span> <span class='ocrx_word' id='word_1_17' title='bbox 2678 503 2942 557; x_wconf 90' lang='lat' dir='ltr'><strong>omnibus</strong></span> <span class='ocrx_word' id='word_1_18' title='bbox 2997 509 3135 564; x_wconf 63' lang='lat' dir='ltr'><strong>quae</strong></span> <span class='ocrx_word' id='word_1_19' title='bbox 3187 505 3371 560; x_wconf 82' lang='lat' dir='ltr'><strong>supra</strong></span> <span class='ocrx_word' id='word_1_20' title='bbox 3424 486 3801 558; x_wconf 80' lang='lat' dir='ltr'><strong>exposuimus,</strong></span> 
     </span>
    </p>
   </div>
   <div class='ocr_carea' id='block_1_5' title="bbox 557 603 2074 690">
    <p class='ocr_par' dir='ltr' id='par_1_5' title="bbox 557 603 2074 690">
     <span class='ocr_line' id='line_1_5' title="bbox 557 603 2074 690; baseline -0.013 -18"><span class='ocrx_word' id='word_1_21' title='bbox 557 622 752 690; x_wconf 57' lang='lat' dir='ltr'><strong>genitum</strong></span> <span class='ocrx_word' id='word_1_22' title='bbox 787 624 837 667; x_wconf 88' lang='lat' dir='ltr'><strong>et</strong></span> <span class='ocrx_word' id='word_1_23' title='bbox 865 610 1315 681; x_wconf 64' lang='lat' dir='ltr'><strong>praedestinatum,</strong></span> <span class='ocrx_word' id='word_1_24' title='bbox 1345 607 1434 675; x_wconf 87' lang='lat' dir='ltr'><strong>qui</strong></span> <span class='ocrx_word' id='word_1_25' title='bbox 1480 613 1602 657; x_wconf 88' lang='lat' dir='ltr'><strong>ante</strong></span> <span class='ocrx_word' id='word_1_26' title='bbox 1643 603 1923 655; x_wconf 89' lang='lat' dir='ltr'><strong>adventum</strong></span> <span class='ocrx_word' id='word_1_27' title='bbox 1958 616 2074 653; x_wconf 85' lang='lat' dir='ltr'><strong>car-</strong></span> 
     </span>
    </p>
   </div>
   <div class='ocr_carea' id='block_1_6' title="bbox 555 688 2076 763">
    <p class='ocr_par' dir='ltr' id='par_1_6' title="bbox 555 688 2076 763">
     <span class='ocr_line' id='line_1_6' title="bbox 555 688 2076 763; baseline -0.013 -3"><span class='ocrx_word' id='word_1_28' title='bbox 555 688 718 760; x_wconf 83' lang='lat' dir='ltr'><strong>nalem</strong></span> <span class='ocrx_word' id='word_1_29' title='bbox 751 697 1167 756; x_wconf 85' lang='lat' dir='ltr'><strong>substantialiter</strong></span> <span class='ocrx_word' id='word_1_30' title='bbox 1192 705 1244 750; x_wconf 92' lang='lat' dir='ltr'><strong>et</strong></span> <span class='ocrx_word' id='word_1_31' title='bbox 1284 694 1496 763; x_wconf 86' lang='lat' dir='ltr'><strong>proprie</strong></span> <span class='ocrx_word' id='word_1_32' title='bbox 1527 706 1628 744; x_wconf 92' lang='lat' dir='ltr'><strong>non</strong></span> <span class='ocrx_word' id='word_1_33' title='bbox 1654 691 1951 752; x_wconf 84' lang='lat' dir='ltr'><strong>exstiterit,</strong></span> <span class='ocrx_word' id='word_1_34' title='bbox 1984 688 2076 741; x_wconf 88' lang='lat' dir='ltr'><strong>sed</strong></span> 
     </span>
    </p>
   </div>
   <div class='ocr_carea' id='block_1_7' title="bbox 554 778 2079 864">
    <p class='ocr_par' dir='ltr' id='par_1_7' title="bbox 554 778 2079 864">
     <span class='ocr_line' id='line_1_7' title="bbox 554 778 2079 864; baseline -0.01 -17"><span class='ocrx_word' id='word_1_35' title='bbox 554 794 688 864; x_wconf 90' lang='lat' dir='ltr'><strong>quod</strong></span> <span class='ocrx_word' id='word_1_36' title='bbox 719 794 873 846; x_wconf 91' lang='lat' dir='ltr'><strong>homo</strong></span> <span class='ocrx_word' id='word_1_37' title='bbox 914 799 1066 844; x_wconf 89' lang='lat' dir='ltr'><strong>natus</strong></span> <span class='ocrx_word' id='word_1_38' title='bbox 1104 788 1278 841; x_wconf 78' lang='lat' dir='ltr'><strong>Patris</strong></span> <span class='ocrx_word' id='word_1_39' title='bbox 1319 786 1484 841; x_wconf 88' lang='lat' dir='ltr'><strong>solam</strong></span> <span class='ocrx_word' id='word_1_40' title='bbox 1520 784 1572 837; x_wconf 93' lang='lat' dir='ltr'><strong>in</strong></span> <span class='ocrx_word' id='word_1_41' title='bbox 1613 797 1669 836; x_wconf 91' lang='lat' dir='ltr'><strong>se</strong></span> <span class='ocrx_word' id='word_1_42' title='bbox 1699 782 1939 835; x_wconf 88' lang='lat' dir='ltr'><strong>habuerit</strong></span> <span class='ocrx_word' id='word_1_43' title='bbox 1967 778 2079 849; x_wconf 71' lang='lat'><strong>(72)</strong></span> 
     </span>
    </p>
   </div>
   <div class='ocr_carea' id='block_1_8' title="bbox 561 873 2079 948">
    <p class='ocr_par' dir='ltr' id='par_1_8' title="bbox 561 873 2079 948">
     <span class='ocr_line' id='line_1_8' title="bbox 561 873 2079 948; baseline -0.011 -7"><span class='ocrx_word' id='word_1_44' title='bbox 561 887 830 947; x_wconf 81' lang='lat' dir='ltr'><strong>deitatem,</strong></span> <span class='ocrx_word' id='word_1_45' title='bbox 865 898 928 936; x_wconf 92' lang='lat' dir='ltr'><strong>nc</strong></span> <span class='ocrx_word' id='word_1_46' title='bbox 953 881 1071 935; x_wconf 92' lang='lat' dir='ltr'><strong>illos</strong></span> <span class='ocrx_word' id='word_1_47' title='bbox 1094 880 1305 948; x_wconf 88' lang='lat' dir='ltr'><strong>quidem</strong></span> <span class='ocrx_word' id='word_1_48' title='bbox 1335 879 1446 932; x_wconf 85' lang='lat' dir='ltr'><strong>sine</strong></span> <span class='ocrx_word' id='word_1_49' title='bbox 1466 876 1699 946; x_wconf 92' lang='lat' dir='ltr'><strong>periculo</strong></span> <span class='ocrx_word' id='word_1_50' title='bbox 1725 884 1806 928; x_wconf 91' lang='lat' dir='ltr'><strong>est</strong></span> <span class='ocrx_word' id='word_1_51' title='bbox 1832 873 2079 928; x_wconf 68' lang='lat' dir='ltr'><strong>Ecclesiae</strong></span> 
     </span>
    </p>
   </div>
   <div class='ocr_carea' id='block_1_9' title="bbox 552 961 2079 1035">
    <p class='ocr_par' dir='ltr' id='par_1_9' title="bbox 552 961 2079 1035">
     <span class='ocr_line' id='line_1_9' title="bbox 552 961 2079 1035; baseline -0.009 -7"><span class='ocrx_word' id='word_1_52' title='bbox 552 988 775 1028; x_wconf 89' lang='lat' dir='ltr'><strong>numero</strong></span> <span class='ocrx_word' id='word_1_53' title='bbox 793 972 986 1026; x_wconf 89' lang='lat' dir='ltr'><strong>sociari</strong></span> <span class='ocrx_word' id='word_1_54' title='bbox 1015 971 1179 1025; x_wconf 87' lang='lat' dir='ltr'><strong>:sicut</strong></span> <span class='ocrx_word' id='word_1_55' title='bbox 1200 977 1254 1022; x_wconf 92' lang='lat' dir='ltr'><strong>et</strong></span> <span class='ocrx_word' id='word_1_56' title='bbox 1276 967 1392 1020; x_wconf 92' lang='lat' dir='ltr'><strong>illos</strong></span> <span class='ocrx_word' id='word_1_57' title='bbox 1415 966 1501 1035; x_wconf 88' lang='lat' dir='ltr'><strong>qui</strong></span> <span class='ocrx_word' id='word_1_58' title='bbox 1527 963 1894 1032; x_wconf 85' lang='lat' dir='ltr'><strong>superstitiose</strong></span> <span class='ocrx_word' id='word_1_59' title='bbox 1914 961 2079 1031; x_wconf 85' lang='lat' dir='ltr'><strong>magis</strong></span> 
     </span>
    </p>
   </div>
   <div class='ocr_carea' id='block_1_10' title="bbox 551 1051 2082 1132">
    <p class='ocr_par' dir='ltr' id='par_1_10' title="bbox 551 1051 2082 1132">
     <span class='ocr_line' id='line_1_10' title="bbox 551 1051 2082 1132; baseline -0.008 -16"><span class='ocrx_word' id='word_1_60' title='bbox 551 1078 704 1132; x_wconf 87' lang='lat' dir='ltr'><strong>quam</strong></span> <span class='ocrx_word' id='word_1_61' title='bbox 724 1062 990 1131; x_wconf 79' lang='lat' dir='ltr'><strong>religiose,</strong></span> <span class='ocrx_word' id='word_1_62' title='bbox 1005 1059 1078 1113; x_wconf 91' lang='lat' dir='ltr'><strong>uti</strong></span> <span class='ocrx_word' id='word_1_63' title='bbox 1107 1073 1173 1112; x_wconf 91' lang='lat' dir='ltr'><strong>ne</strong></span> <span class='ocrx_word' id='word_1_64' title='bbox 1193 1058 1470 1110; x_wconf 86' lang='lat' dir='ltr'><strong>videantur</strong></span> <span class='ocrx_word' id='word_1_65' title='bbox 1487 1056 1618 1108; x_wconf 85' lang='lat' dir='ltr'><strong>duos</strong></span> <span class='ocrx_word' id='word_1_66' title='bbox 1635 1054 1762 1106; x_wconf 91' lang='lat' dir='ltr'><strong>deos</strong></span> <span class='ocrx_word' id='word_1_67' title='bbox 1785 1051 2082 1118; x_wconf 65' lang='lat' dir='ltr'><strong>dicere,fne—</strong></span> 
     </span>
    </p>
   </div>
   <div class='ocr_carea' id='block_1_11' title="bbox 551 1146 2081 1230">
    <p class='ocr_par' dir='ltr' id='par_1_11' title="bbox 551 1146 2081 1230">
     <span class='ocr_line' id='line_1_11' title="bbox 551 1146 2081 1230; baseline -0.012 -17"><span class='ocrx_word' id='word_1_68' title='bbox 551 1174 652 1230; x_wconf 85' lang='lat' dir='ltr'><strong>que</strong></span> <span class='ocrx_word' id='word_1_69' title='bbox 680 1171 884 1211; x_wconf 90' lang='lat' dir='ltr'><strong>rursum</strong></span> <span class='ocrx_word' id='word_1_70' title='bbox 903 1167 1101 1222; x_wconf 87' lang='lat' dir='ltr'><strong>negare</strong></span> <span class='ocrx_word' id='word_1_71' title='bbox 1128 1149 1422 1204; x_wconf 88' lang='lat' dir='ltr'><strong>Salvatoris</strong></span> <span class='ocrx_word' id='word_1_72' title='bbox 1447 1146 1718 1207; x_wconf 90' lang='lat' dir='ltr'><strong>deitatem,</strong></span> <span class='ocrx_word' id='word_1_73' title='bbox 1759 1159 1915 1197; x_wconf 90' lang='lat' dir='ltr'><strong>unam</strong></span> <span class='ocrx_word' id='word_1_74' title='bbox 1936 1159 2081 1197; x_wconf 89' lang='lat' dir='ltr'><strong>eam-</strong></span> 
     </span>
    </p>
   </div>
   <div class='ocr_carea' id='block_1_12' title="bbox 552 1234 2079 1316">
    <p class='ocr_par' dir='ltr' id='par_1_12' title="bbox 552 1234 2079 1316">
     <span class='ocr_line' id='line_1_12' title="bbox 552 1234 2079 1316; baseline -0.011 -16"><span class='ocrx_word' id='word_1_75' title='bbox 552 1251 777 1316; x_wconf 80' lang='lat' dir='ltr'><strong>demque</strong></span> <span class='ocrx_word' id='word_1_76' title='bbox 795 1246 901 1315; x_wconf 76' lang='grc'><strong>(75)</strong></span> <span class='ocrx_word' id='word_1_77' title='bbox 923 1239 1316 1297; x_wconf 90' lang='lat' dir='ltr'><strong>subsistentiam</strong></span> <span class='ocrx_word' id='word_1_78' title='bbox 1337 1235 1509 1291; x_wconf 85' lang='lat' dir='ltr'><strong>Patris</strong></span> <span class='ocrx_word' id='word_1_79' title='bbox 1527 1250 1586 1288; x_wconf 92' lang='lat' dir='ltr'><strong>ac</strong></span> <span class='ocrx_word' id='word_1_80' title='bbox 1610 1234 1730 1288; x_wconf 86' lang='lat' dir='ltr'><strong>Filii</strong></span> <span class='ocrx_word' id='word_1_81' title='bbox 1751 1240 2079 1294; x_wconf 84' lang='lat' dir='ltr'><strong>asseverant,</strong></span> 
     </span>
    </p>
   </div>
   <div class='ocr_carea' id='block_1_13' title="bbox 553 1319 2081 1399">
    <p class='ocr_par' dir='ltr' id='par_1_13' title="bbox 553 1319 2081 1399">
     <span class='ocr_line' id='line_1_13' title="bbox 553 1319 2081 1399; baseline -0.013 -9"><span class='ocrx_word' id='word_1_82' title='bbox 553 1338 604 1390; x_wconf 94' lang='lat' dir='ltr'><strong>id</strong></span> <span class='ocrx_word' id='word_1_83' title='bbox 637 1346 738 1397; x_wconf 89' lang='lat' dir='ltr'><strong>est,</strong></span> <span class='ocrx_word' id='word_1_84' title='bbox 768 1335 868 1387; x_wconf 90' lang='lat' dir='ltr'><strong>duo</strong></span> <span class='ocrx_word' id='word_1_85' title='bbox 892 1330 1103 1399; x_wconf 88' lang='lat' dir='ltr'><strong>quidem</strong></span> <span class='ocrx_word' id='word_1_86' title='bbox 1139 1327 1349 1380; x_wconf 89' lang='lat' dir='ltr'><strong>nomina</strong></span> <span class='ocrx_word' id='word_1_87' title='bbox 1392 1323 1681 1378; x_wconf 89' lang='lat' dir='ltr'><strong>secundum</strong></span> <span class='ocrx_word' id='word_1_88' title='bbox 1717 1319 2081 1374; x_wconf 87' lang='lat' dir='ltr'><strong>diversitatem</strong></span> 
     </span>
    </p>
   </div>
   <div class='ocr_carea' id='block_1_14' title="bbox 554 1411 2082 1488">
    <p class='ocr_par' dir='ltr' id='par_1_14' title="bbox 554 1411 2082 1488">
     <span class='ocr_line' id='line_1_14' title="bbox 554 1411 2082 1488; baseline -0.012 -8"><span class='ocrx_word' id='word_1_89' title='bbox 554 1438 830 1481; x_wconf 82' lang='lat' dir='ltr'><strong>causarum</strong></span> <span class='ocrx_word' id='word_1_90' title='bbox 894 1420 1272 1488; x_wconf 87' lang='lat' dir='ltr'><strong>recipientem,</strong></span> <span class='ocrx_word' id='word_1_91' title='bbox 1330 1431 1486 1469; x_wconf 90' lang='lat' dir='ltr'><strong>unam</strong></span> <span class='ocrx_word' id='word_1_92' title='bbox 1549 1423 1725 1467; x_wconf 90' lang='lat' dir='ltr'><strong>tamen</strong></span> <span class='ocrx_word' id='word_1_93' title='bbox 1794 1411 2082 1464; x_wconf 79' lang='grc' dir='ltr'><strong>ὑπόστασιν</strong></span> 
     </span>
    </p>
   </div>
   <div class='ocr_carea' id='block_1_15' title="bbox 554 1500 2088 1576">
    <p class='ocr_par' dir='ltr' id='par_1_15' title="bbox 554 1500 2088 1576">
     <span class='ocr_line' id='line_1_15' title="bbox 554 1500 2088 1576; baseline -0.012 -5"><span class='ocrx_word' id='word_1_94' title='bbox 554 1517 860 1576; x_wconf 87' lang='lat' dir='ltr'><strong>subsistere,</strong></span> <span class='ocrx_word' id='word_1_95' title='bbox 912 1512 962 1564; x_wconf 89' lang='lat' dir='ltr'><strong>id</strong></span> <span class='ocrx_word' id='word_1_96' title='bbox 1005 1518 1086 1562; x_wconf 88' lang='lat' dir='ltr'><strong>est</strong></span> <span class='ocrx_word' id='word_1_97' title='bbox 1123 1522 1276 1561; x_wconf 89' lang='lat' dir='ltr'><strong>unam</strong></span> <span class='ocrx_word' id='word_1_98' title='bbox 1310 1519 1591 1573; x_wconf 88' lang='lat' dir='ltr'><strong>personam</strong></span> <span class='ocrx_word' id='word_1_99' title='bbox 1615 1503 1816 1558; x_wconf 92' lang='lat' dir='ltr'><strong>duobus</strong></span> <span class='ocrx_word' id='word_1_100' title='bbox 1863 1500 2088 1556; x_wconf 87' lang='lat' dir='ltr'><strong>nomini-</strong></span> 
     </span>
    </p>
   </div>
   <div class='ocr_carea' id='block_1_16' title="bbox 555 1587 2084 1671">
    <p class='ocr_par' dir='ltr' id='par_1_16' title="bbox 555 1587 2084 1671">
     <span class='ocr_line' id='line_1_16' title="bbox 555 1587 2084 1671; baseline -0.013 -11"><span class='ocrx_word' id='word_1_101' title='bbox 555 1609 654 1660; x_wconf 86' lang='lat' dir='ltr'><strong>bus</strong></span> <span class='ocrx_word' id='word_1_102' title='bbox 682 1603 1077 1671; x_wconf 72' lang='lat' dir='ltr'><strong>subiacentem,</strong></span> <span class='ocrx_word' id='word_1_103' title='bbox 1111 1595 1198 1663; x_wconf 90' lang='lat' dir='ltr'><strong>qni</strong></span> <span class='ocrx_word' id='word_1_104' title='bbox 1252 1595 1435 1647; x_wconf 80' lang='lat' dir='ltr'><strong>Latine</strong></span> <span class='ocrx_word' id='word_1_105' title='bbox 1478 1590 1855 1660; x_wconf 89' lang='lat' dir='ltr'><strong>Patripassiani</strong></span> <span class='ocrx_word' id='word_1_106' title='bbox 1907 1587 2084 1658; x_wconf 86' lang='lat' dir='ltr'><strong>appel-</strong></span> 
     </span>
    </p>
   </div>
   <div class='ocr_carea' id='block_1_17' title="bbox 557 1681 2085 1762">
    <p class='ocr_par' dir='ltr' id='par_1_17' title="bbox 557 1681 2085 1762">
     <span class='ocr_line' id='line_1_17' title="bbox 557 1681 2085 1762; baseline -0.011 -14"><span class='ocrx_word' id='word_1_107' title='bbox 557 1697 752 1748; x_wconf 85' lang='lat' dir='ltr'><strong>lantur.</strong></span> <span class='ocrx_word' id='word_1_108' title='bbox 789 1691 894 1762; x_wconf 76' lang='lat'><strong>(74)</strong></span> <span class='ocrx_word' id='word_1_109' title='bbox 943 1689 1045 1744; x_wconf 88' lang='lat' dir='ltr'><strong>Sed</strong></span> <span class='ocrx_word' id='word_1_110' title='bbox 1091 1697 1143 1741; x_wconf 88' lang='lat' dir='ltr'><strong>et</strong></span> <span class='ocrx_word' id='word_1_111' title='bbox 1181 1686 1224 1740; x_wconf 91' lang='lat' dir='ltr'><strong>si</strong></span> <span class='ocrx_word' id='word_1_112' title='bbox 1273 1684 1362 1753; x_wconf 88' lang='lat' dir='ltr'><strong>qui</strong></span> <span class='ocrx_word' id='word_1_113' title='bbox 1394 1693 1516 1737; x_wconf 90' lang='lat' dir='ltr'><strong>sunt</strong></span> <span class='ocrx_word' id='word_1_114' title='bbox 1547 1683 1636 1751; x_wconf 92' lang='lat' dir='ltr'><strong>qni</strong></span> <span class='ocrx_word' id='word_1_115' title='bbox 1670 1681 1926 1751; x_wconf 88' lang='lat' dir='ltr'><strong>Spiritum</strong></span> <span class='ocrx_word' id='word_1_116' title='bbox 1963 1694 2085 1733; x_wconf 83' lang='lat' dir='ltr'><strong>san-</strong></span> 
     </span>
    </p>
   </div>
   <div class='ocr_carea' id='block_1_18' title="bbox 558 1768 2080 1848">
    <p class='ocr_par' dir='ltr' id='par_1_18' title="bbox 558 1768 2080 1848">
     <span class='ocr_line' id='line_1_18' title="bbox 558 1768 2080 1848; baseline -0.014 -8"><span class='ocrx_word' id='word_1_117' title='bbox 558 1797 700 1840; x_wconf 91' lang='lat' dir='ltr'><strong>ctum</strong></span> <span class='ocrx_word' id='word_1_118' title='bbox 727 1783 885 1836; x_wconf 92' lang='lat' dir='ltr'><strong>alium</strong></span> <span class='ocrx_word' id='word_1_119' title='bbox 912 1779 1122 1848; x_wconf 87' lang='lat' dir='ltr'><strong>quidem</strong></span> <span class='ocrx_word' id='word_1_120' title='bbox 1152 1777 1338 1830; x_wconf 92' lang='lat' dir='ltr'><strong>dicunt</strong></span> <span class='ocrx_word' id='word_1_121' title='bbox 1363 1787 1478 1827; x_wconf 88' lang='lat' dir='ltr'><strong>esse</strong></span> <span class='ocrx_word' id='word_1_122' title='bbox 1511 1772 1601 1841; x_wconf 91' lang='lat' dir='ltr'><strong>qui</strong></span> <span class='ocrx_word' id='word_1_123' title='bbox 1628 1770 1726 1824; x_wconf 80' lang='lat' dir='ltr'><strong>fuit</strong></span> <span class='ocrx_word' id='word_1_124' title='bbox 1771 1769 1822 1823; x_wconf 92' lang='lat' dir='ltr'><strong>in</strong></span> <span class='ocrx_word' id='word_1_125' title='bbox 1852 1768 2080 1838; x_wconf 88' lang='lat' dir='ltr'><strong>prophe-</strong></span> 
     </span>
    </p>
   </div>
   <div class='ocr_carea' id='block_1_19' title="bbox 561 1857 2077 1940">
    <p class='ocr_par' dir='ltr' id='par_1_19' title="bbox 561 1857 2077 1940">
     <span class='ocr_line' id='line_1_19' title="bbox 561 1857 2077 1940; baseline -0.015 -10"><span class='ocrx_word' id='word_1_126' title='bbox 561 1878 650 1940; x_wconf 86' lang='lat' dir='ltr'><strong>tis,</strong></span> <span class='ocrx_word' id='word_1_127' title='bbox 681 1877 838 1927; x_wconf 91' lang='lat' dir='ltr'><strong>alium</strong></span> <span class='ocrx_word' id='word_1_128' title='bbox 867 1881 1037 1925; x_wconf 87' lang='lat' dir='ltr'><strong>autem</strong></span> <span class='ocrx_word' id='word_1_129' title='bbox 1073 1867 1161 1936; x_wconf 87' lang='lat' dir='ltr'><strong>qui</strong></span> <span class='ocrx_word' id='word_1_130' title='bbox 1192 1865 1289 1919; x_wconf 79' lang='lat' dir='ltr'><strong>fuit</strong></span> <span class='ocrx_word' id='word_1_131' title='bbox 1319 1865 1372 1918; x_wconf 91' lang='lat' dir='ltr'><strong>in</strong></span> <span class='ocrx_word' id='word_1_132' title='bbox 1405 1861 1658 1932; x_wconf 86' lang='lat' dir='ltr'><strong>apostolis</strong></span> <span class='ocrx_word' id='word_1_133' title='bbox 1679 1859 1884 1913; x_wconf 88' lang='lat' dir='ltr'><strong>Domini</strong></span> <span class='ocrx_word' id='word_1_134' title='bbox 1915 1857 2077 1910; x_wconf 87' lang='lat' dir='ltr'><strong>nostri</strong></span> 
     </span>
    </p>
   </div>
   <div class='ocr_carea' id='block_1_20' title="bbox 554 1946 2076 2023">
    <p class='ocr_par' dir='ltr' id='par_1_20' title="bbox 554 1946 2076 2023">
     <span class='ocr_line' id='line_1_20' title="bbox 554 1946 2076 2023; baseline -0.012 -5"><span class='ocrx_word' id='word_1_135' title='bbox 554 1965 678 2018; x_wconf 84' lang='lat' dir='ltr'><strong>Jesu</strong></span> <span class='ocrx_word' id='word_1_136' title='bbox 706 1961 922 2023; x_wconf 82' lang='lat' dir='ltr'><strong>Christi,</strong></span> <span class='ocrx_word' id='word_1_137' title='bbox 957 1973 1116 2010; x_wconf 91' lang='lat' dir='ltr'><strong>unum</strong></span> <span class='ocrx_word' id='word_1_138' title='bbox 1148 1964 1305 2023; x_wconf 88' lang='lat' dir='ltr'><strong>atque</strong></span> <span class='ocrx_word' id='word_1_139' title='bbox 1337 1952 1476 2005; x_wconf 88' lang='lat' dir='ltr'><strong>idem</strong></span> <span class='ocrx_word' id='word_1_140' title='bbox 1503 1949 1750 2004; x_wconf 84' lang='lat' dir='ltr'><strong>delictum</strong></span> <span class='ocrx_word' id='word_1_141' title='bbox 1787 1946 2076 2015; x_wconf 82' lang='lat' dir='ltr'><strong>impietatis</strong></span> 
     </span>
    </p>
   </div>
   <div class='ocr_carea' id='block_1_21' title="bbox 555 2037 2082 2114">
    <p class='ocr_par' dir='ltr' id='par_1_21' title="bbox 555 2037 2082 2114">
     <span class='ocr_line' id='line_1_21' title="bbox 555 2037 2082 2114; baseline -0.014 -8"><span class='ocrx_word' id='word_1_142' title='bbox 555 2051 860 2112; x_wconf 86' lang='lat' dir='ltr'><strong>admittunt,</strong></span> <span class='ocrx_word' id='word_1_143' title='bbox 895 2046 1035 2114; x_wconf 86' lang='lat' dir='ltr'><strong>quod</strong></span> <span class='ocrx_word' id='word_1_144' title='bbox 1063 2044 1160 2108; x_wconf 87' lang='lat' dir='ltr'><strong>illi,</strong></span> <span class='ocrx_word' id='word_1_145' title='bbox 1196 2041 1312 2110; x_wconf 88' lang='lat' dir='ltr'><strong>qni,</strong></span> <span class='ocrx_word' id='word_1_146' title='bbox 1341 2047 1594 2108; x_wconf 87' lang='lat' dir='ltr'><strong>quantum</strong></span> <span class='ocrx_word' id='word_1_147' title='bbox 1627 2037 1678 2090; x_wconf 89' lang='lat' dir='ltr'><strong>in</strong></span> <span class='ocrx_word' id='word_1_148' title='bbox 1709 2050 1768 2090; x_wconf 84' lang='lat' dir='ltr'><strong>se</strong></span> <span class='ocrx_word' id='word_1_149' title='bbox 1796 2044 1898 2098; x_wconf 89' lang='lat' dir='ltr'><strong>est,</strong></span> <span class='ocrx_word' id='word_1_150' title='bbox 1930 2041 2082 2087; x_wconf 90' lang='lat' dir='ltr'><strong>natu-</strong></span> 
     </span>
    </p>
   </div>
   <div class='ocr_carea' id='block_1_22' title="bbox 557 2125 2084 2202">
    <p class='ocr_par' dir='ltr' id='par_1_22' title="bbox 557 2125 2084 2202">
     <span class='ocr_line' id='line_1_22' title="bbox 557 2125 2084 2202; baseline -0.012 -6"><span class='ocrx_word' id='word_1_151' title='bbox 557 2158 667 2196; x_wconf 91' lang='lat' dir='ltr'><strong>ram</strong></span> <span class='ocrx_word' id='word_1_152' title='bbox 697 2140 906 2195; x_wconf 85' lang='lat' dir='ltr'><strong>deitatis</strong></span> <span class='ocrx_word' id='word_1_153' title='bbox 936 2145 1138 2196; x_wconf 88' lang='lat' dir='ltr'><strong>secant,</strong></span> <span class='ocrx_word' id='word_1_154' title='bbox 1162 2143 1214 2188; x_wconf 92' lang='lat' dir='ltr'><strong>et</strong></span> <span class='ocrx_word' id='word_1_155' title='bbox 1252 2133 1361 2202; x_wconf 80' lang='lat'><strong>(75)</strong></span> <span class='ocrx_word' id='word_1_156' title='bbox 1395 2129 1646 2186; x_wconf 90' lang='lat' dir='ltr'><strong>scindunt</strong></span> <span class='ocrx_word' id='word_1_157' title='bbox 1679 2141 1839 2180; x_wconf 92' lang='lat' dir='ltr'><strong>unum</strong></span> <span class='ocrx_word' id='word_1_158' title='bbox 1872 2125 2007 2194; x_wconf 92' lang='lat' dir='ltr'><strong>legis</strong></span> <span class='ocrx_word' id='word_1_159' title='bbox 2030 2131 2084 2177; x_wconf 91' lang='lat' dir='ltr'><strong>et</strong></span> 
     </span>
    </p>
   </div>
   <div class='ocr_carea' id='block_1_23' title="bbox 557 2217 2084 2299">
    <p class='ocr_par' dir='ltr' id='par_1_23' title="bbox 557 2217 2084 2299">
     <span class='ocr_line' id='line_1_23' title="bbox 557 2217 2084 2299; baseline -0.012 -13"><span class='ocrx_word' id='word_1_160' title='bbox 557 2231 958 2299; x_wconf 79' lang='lat' dir='ltr'><strong>Evangeliorum</strong></span> <span class='ocrx_word' id='word_1_161' title='bbox 1014 2228 1196 2280; x_wconf 90' lang='lat' dir='ltr'><strong>Deum.</strong></span> <span class='ocrx_word' id='word_1_162' title='bbox 1259 2222 1360 2276; x_wconf 90' lang='lat' dir='ltr'><strong>Sed</strong></span> <span class='ocrx_word' id='word_1_163' title='bbox 1412 2229 1466 2274; x_wconf 92' lang='lat' dir='ltr'><strong>et</strong></span> <span class='ocrx_word' id='word_1_164' title='bbox 1509 2219 1583 2273; x_wconf 92' lang='lat' dir='ltr'><strong>illi</strong></span> <span class='ocrx_word' id='word_1_165' title='bbox 1629 2217 1720 2286; x_wconf 86' lang='lat' dir='ltr'><strong>qui</strong></span> <span class='ocrx_word' id='word_1_166' title='bbox 1755 2231 1855 2269; x_wconf 91' lang='lat' dir='ltr'><strong>non</strong></span> <span class='ocrx_word' id='word_1_167' title='bbox 1897 2228 2084 2268; x_wconf 87' lang='lat' dir='ltr'><strong>omnes</strong></span> 
     </span>
    </p>
   </div>
   <div class='ocr_carea' id='block_1_24' title="bbox 557 2310 2082 2382">
    <p class='ocr_par' dir='ltr' id='par_1_24' title="bbox 557 2310 2082 2382">
     <span class='ocr_line' id='line_1_24' title="bbox 557 2310 2082 2382; baseline -0.012 -8"><span class='ocrx_word' id='word_1_168' title='bbox 557 2325 812 2376; x_wconf 87' lang='lat' dir='ltr'><strong>humanas</strong></span> <span class='ocrx_word' id='word_1_169' title='bbox 851 2319 1056 2372; x_wconf 83' lang='lat' dir='ltr'><strong>animas</strong></span> <span class='ocrx_word' id='word_1_170' title='bbox 1114 2314 1271 2366; x_wconf 89' lang='lat' dir='ltr'><strong>unius</strong></span> <span class='ocrx_word' id='word_1_171' title='bbox 1319 2311 1428 2382; x_wconf 84' lang='lat'><strong>(76)</strong></span> <span class='ocrx_word' id='word_1_172' title='bbox 1483 2310 1824 2378; x_wconf 84' lang='lat' dir='ltr'><strong>ejusdemque</strong></span> <span class='ocrx_word' id='word_1_173' title='bbox 1880 2313 2082 2358; x_wconf 59' lang='lat' dir='ltr'><strong>natura:</strong></span> 
     </span>
    </p>
   </div>
   <div class='ocr_carea' id='block_1_25' title="bbox 554 2398 2082 2467">
    <p class='ocr_par' dir='ltr' id='par_1_25' title="bbox 554 2398 2082 2467">
     <span class='ocr_line' id='line_1_25' title="bbox 554 2398 2082 2467; baseline -0.012 -1"><span class='ocrx_word' id='word_1_174' title='bbox 554 2414 734 2466; x_wconf 90' lang='lat' dir='ltr'><strong>dicunt</strong></span> <span class='ocrx_word' id='word_1_175' title='bbox 763 2425 878 2467; x_wconf 86' lang='lat' dir='ltr'><strong>esse</strong></span> <span class='ocrx_word' id='word_1_176' title='bbox 915 2407 996 2462; x_wconf 89' lang='lat' dir='ltr'><strong>vel</strong></span> <span class='ocrx_word' id='word_1_177' title='bbox 1042 2403 1388 2465; x_wconf 65' lang='lat' dir='ltr'><strong>substantiae,</strong></span> <span class='ocrx_word' id='word_1_178' title='bbox 1434 2401 1528 2453; x_wconf 86' lang='lat' dir='ltr'><strong>sed</strong></span> <span class='ocrx_word' id='word_1_179' title='bbox 1579 2398 1818 2451; x_wconf 77' lang='lat' dir='ltr'><strong>diversas</strong></span> <span class='ocrx_word' id='word_1_180' title='bbox 1861 2402 2082 2448; x_wconf 87' lang='lat' dir='ltr'><strong>naturas</strong></span> 
     </span>
    </p>
   </div>
   <div class='ocr_carea' id='block_1_26' title="bbox 556 2485 2084 2563">
    <p class='ocr_par' dir='ltr' id='par_1_26' title="bbox 556 2485 2084 2563">
     <span class='ocr_line' id='line_1_26' title="bbox 556 2485 2084 2563; baseline -0.014 -7"><span class='ocrx_word' id='word_1_181' title='bbox 556 2503 875 2563; x_wconf 89' lang='lat' dir='ltr'><strong>animarum,</strong></span> <span class='ocrx_word' id='word_1_182' title='bbox 912 2499 1049 2552; x_wconf 92' lang='lat' dir='ltr'><strong>inter</strong></span> <span class='ocrx_word' id='word_1_183' title='bbox 1080 2510 1171 2550; x_wconf 87' lang='lat' dir='ltr'><strong>eas</strong></span> <span class='ocrx_word' id='word_1_184' title='bbox 1203 2496 1429 2548; x_wconf 62' lang='lat' dir='ltr'><strong>haereses</strong></span> <span class='ocrx_word' id='word_1_185' title='bbox 1468 2485 1783 2544; x_wconf 88' lang='lat' dir='ltr'><strong>numerandi</strong></span> <span class='ocrx_word' id='word_1_186' title='bbox 1813 2493 1938 2538; x_wconf 86' lang='lat' dir='ltr'><strong>sunt</strong></span> <span class='ocrx_word' id='word_1_187' title='bbox 1966 2497 2084 2549; x_wconf 80' lang='lat' dir='ltr'><strong>qua:</strong></span> 
     </span>
    </p>
   </div>
   <div class='ocr_carea' id='block_1_27' title="bbox 555 2573 2086 2662">
    <p class='ocr_par' dir='ltr' id='par_1_27' title="bbox 555 2573 2086 2662">
     <span class='ocr_line' id='line_1_27' title="bbox 555 2573 2086 2662; baseline -0.016 -15"><span class='ocrx_word' id='word_1_188' title='bbox 555 2593 888 2662; x_wconf 76' lang='lat' dir='ltr'><strong>iniquitatem</strong></span> <span class='ocrx_word' id='word_1_189' title='bbox 933 2591 984 2644; x_wconf 91' lang='lat' dir='ltr'><strong>in</strong></span> <span class='ocrx_word' id='word_1_190' title='bbox 1036 2587 1311 2642; x_wconf 80' lang='lat' dir='ltr'><strong>Excelsum</strong></span> <span class='ocrx_word' id='word_1_191' title='bbox 1363 2583 1648 2651; x_wconf 90' lang='lat' dir='ltr'><strong>loquuntur</strong></span> <span class='ocrx_word' id='word_1_192' title='bbox 1684 2577 1751 2640; x_wconf 80' lang='grc'><strong>²¹,</strong></span> <span class='ocrx_word' id='word_1_193' title='bbox 1800 2584 1958 2641; x_wconf 91' lang='lat' dir='ltr'><strong>atque</strong></span> <span class='ocrx_word' id='word_1_194' title='bbox 2003 2573 2086 2626; x_wconf 88' lang='lat' dir='ltr'><strong>in-</strong></span> 
     </span>
    </p>
   </div>
   <div class='ocr_carea' id='block_1_28' title="bbox 552 2664 2082 2755">
    <p class='ocr_par' dir='ltr' id='par_1_28' title="bbox 552 2664 2082 2755">
     <span class='ocr_line' id='line_1_28' title="bbox 552 2664 2082 2755; baseline -0.014 -19"><span class='ocrx_word' id='word_1_195' title='bbox 552 2683 806 2755; x_wconf 86' lang='lat' dir='ltr'><strong>justitiam</strong></span> <span class='ocrx_word' id='word_1_196' title='bbox 865 2679 1302 2748; x_wconf 86' lang='lat' dir='ltr'><strong>iniquitatemque</strong></span> <span class='ocrx_word' id='word_1_197' title='bbox 1363 2673 1478 2741; x_wconf 83' lang='lat' dir='ltr'><strong>ejus</strong></span> <span class='ocrx_word' id='word_1_198' title='bbox 1535 2675 1806 2723; x_wconf 89' lang='lat' dir='ltr'><strong>accusant.</strong></span> <span class='ocrx_word' id='word_1_199' title='bbox 1869 2664 2082 2717; x_wconf 86' lang='lat' dir='ltr'><strong>Necnon</strong></span> 
     </span>
    </p>
   </div>
   <div class='ocr_carea' id='block_1_29' title="bbox 559 2757 2085 2841">
    <p class='ocr_par' dir='ltr' id='par_1_29' title="bbox 559 2757 2085 2841">
     <span class='ocr_line' id='line_1_29' title="bbox 559 2757 2085 2841; baseline -0.014 -11"><span class='ocrx_word' id='word_1_200' title='bbox 559 2785 612 2830; x_wconf 84' lang='lat' dir='ltr'><strong>et</strong></span> <span class='ocrx_word' id='word_1_201' title='bbox 666 2775 741 2828; x_wconf 92' lang='lat' dir='ltr'><strong>illi</strong></span> <span class='ocrx_word' id='word_1_202' title='bbox 798 2774 885 2841; x_wconf 86' lang='lat' dir='ltr'><strong>qui</strong></span> <span class='ocrx_word' id='word_1_203' title='bbox 946 2771 1095 2824; x_wconf 87' lang='lat' dir='ltr'><strong>liberi</strong></span> <span class='ocrx_word' id='word_1_204' title='bbox 1151 2768 1355 2822; x_wconf 87' lang='lat' dir='ltr'><strong>arbitrii</strong></span> <span class='ocrx_word' id='word_1_205' title='bbox 1401 2772 1714 2833; x_wconf 87' lang='lat' dir='ltr'><strong>potestatem</strong></span> <span class='ocrx_word' id='word_1_206' title='bbox 1766 2775 1830 2813; x_wconf 81' lang='lat' dir='ltr'><strong>ex</strong></span> <span class='ocrx_word' id='word_1_207' title='bbox 1881 2757 2085 2810; x_wconf 88' lang='lat' dir='ltr'><strong>anima-</strong></span> 
     </span>
    </p>
   </div>
   <div class='ocr_carea' id='block_1_30' title="bbox 557 2847 2086 2923">
    <p class='ocr_par' dir='ltr' id='par_1_30' title="bbox 557 2847 2086 2923">
     <span class='ocr_line' id='line_1_30' title="bbox 557 2847 2086 2923; baseline -0.014 -1"><span class='ocrx_word' id='word_1_208' title='bbox 557 2869 654 2922; x_wconf 86' lang='lat' dir='ltr'><strong>bus</strong></span> <span class='ocrx_word' id='word_1_209' title='bbox 717 2866 923 2920; x_wconf 85' lang='lat' dir='ltr'><strong>aul&#39;erre</strong></span> <span class='ocrx_word' id='word_1_210' title='bbox 965 2863 1210 2915; x_wconf 90' lang='lat' dir='ltr'><strong>nituntur</strong></span> <span class='ocrx_word' id='word_1_211' title='bbox 1267 2856 1405 2909; x_wconf 90' lang='lat' dir='ltr'><strong>velut</strong></span> <span class='ocrx_word' id='word_1_212' title='bbox 1449 2853 1566 2923; x_wconf 68' lang='grc' dir='ltr'><strong>⁸(Τι’)</strong></span> <span class='ocrx_word' id='word_1_213' title='bbox 1637 2848 1938 2919; x_wconf 89' lang='lat' dir='ltr'><strong>perniciosa</strong></span> <span class='ocrx_word' id='word_1_214' title='bbox 1987 2847 2086 2901; x_wconf 90' lang='lat' dir='ltr'><strong>do-</strong></span> 
     </span>
    </p>
   </div>
   <div class='ocr_carea' id='block_1_31' title="bbox 565 2938 2090 3026">
    <p class='ocr_par' dir='ltr' id='par_1_31' title="bbox 565 2938 2090 3026">
     <span class='ocr_line' id='line_1_31' title="bbox 565 2938 2090 3026; baseline -0.016 -14"><span class='ocrx_word' id='word_1_215' title='bbox 565 2967 758 3026; x_wconf 80' lang='lat' dir='ltr'><strong>gmata,</strong></span> <span class='ocrx_word' id='word_1_216' title='bbox 795 2952 1058 3010; x_wconf 72' lang='lat' dir='ltr'><strong>communi</strong></span> <span class='ocrx_word' id='word_1_217' title='bbox 1088 2951 1330 3003; x_wconf 65' lang='lat' dir='ltr'><strong>humana:</strong></span> <span class='ocrx_word' id='word_1_218' title='bbox 1357 2946 1496 3009; x_wconf 73' lang='lat' dir='ltr'><strong>vitze,</strong></span> <span class='ocrx_word' id='word_1_219' title='bbox 1521 2951 1573 2998; x_wconf 91' lang='lat' dir='ltr'><strong>et</strong></span> <span class='ocrx_word' id='word_1_220' title='bbox 1602 2939 1782 2994; x_wconf 91' lang='lat' dir='ltr'><strong>virtuti</strong></span> <span class='ocrx_word' id='word_1_221' title='bbox 1814 2938 2090 2991; x_wconf 82' lang='lat' dir='ltr'><strong>continen-</strong></span> 
     </span>
    </p>
   </div>
   <div class='ocr_carea' id='block_1_32' title="bbox 557 3027 2089 3112">
    <p class='ocr_par' dir='ltr' id='par_1_32' title="bbox 557 3027 2089 3112">
     <span class='ocr_line' id='line_1_32' title="bbox 557 3027 2089 3112; baseline -0.015 -11"><span class='ocrx_word' id='word_1_222' title='bbox 557 3049 645 3102; x_wconf 69' lang='lat' dir='ltr'><strong>tiae</strong></span> <span class='ocrx_word' id='word_1_223' title='bbox 671 3046 842 3099; x_wconf 82' lang='lat' dir='ltr'><strong>labem</strong></span> <span class='ocrx_word' id='word_1_224' title='bbox 881 3042 1165 3112; x_wconf 86' lang='lat' dir='ltr'><strong>quamdam</strong></span> <span class='ocrx_word' id='word_1_225' title='bbox 1203 3037 1397 3090; x_wconf 80' lang='lat' dir='ltr'><strong>inferre</strong></span> <span class='ocrx_word' id='word_1_226' title='bbox 1428 3031 1697 3100; x_wconf 79' lang='lat' dir='ltr'><strong>iudicandi</strong></span> <span class='ocrx_word' id='word_1_227' title='bbox 1727 3037 1872 3094; x_wconf 90' lang='lat' dir='ltr'><strong>sunt,</strong></span> <span class='ocrx_word' id='word_1_228' title='bbox 1897 3043 1964 3080; x_wconf 91' lang='lat' dir='ltr'><strong>ne</strong></span> <span class='ocrx_word' id='word_1_229' title='bbox 1990 3027 2089 3080; x_wconf 85' lang='lat' dir='ltr'><strong>hu-</strong></span> 
     </span>
    </p>
   </div>
   <div class='ocr_carea' id='block_1_33' title="bbox 2187 578 3802 652">
    <p class='ocr_par' dir='ltr' id='par_1_33' title="bbox 2187 578 3802 652">
     <span class='ocr_line' id='line_1_33' title="bbox 2187 578 3802 652; baseline -0.013 0"><span class='ocrx_word' id='word_1_230' title='bbox 2187 599 2345 652; x_wconf 89' lang='lat' dir='ltr'><strong>etiam</strong></span> <span class='ocrx_word' id='word_1_231' title='bbox 2385 597 2450 650; x_wconf 91' lang='lat' dir='ltr'><strong>de</strong></span> <span class='ocrx_word' id='word_1_232' title='bbox 2486 605 2835 649; x_wconf 91' lang='lat' dir='ltr'><strong>mortuorum</strong></span> <span class='ocrx_word' id='word_1_233' title='bbox 2877 583 3321 643; x_wconf 90' lang='lat' dir='ltr'><strong>resurrectione</strong></span> <span class='ocrx_word' id='word_1_234' title='bbox 3372 578 3558 644; x_wconf 79' lang='lat' dir='ltr'><strong>ﬁdes,</strong></span> <span class='ocrx_word' id='word_1_235' title='bbox 3605 578 3668 632; x_wconf 89' lang='lat' dir='ltr'><strong>de</strong></span> <span class='ocrx_word' id='word_1_236' title='bbox 3710 595 3802 648; x_wconf 82' lang='lat' dir='ltr'><strong>qua</strong></span> 
     </span>
    </p>
   </div>
   <div class='ocr_carea' id='block_1_34' title="bbox 2175 674 3804 756">
    <p class='ocr_par' dir='ltr' id='par_1_34' title="bbox 2175 674 3804 756">
     <span class='ocr_line' id='line_1_34' title="bbox 2175 674 3804 756; baseline -0.009 -13"><span class='ocrx_word' id='word_1_237' title='bbox 2175 699 2405 744; x_wconf 90' lang='lat' dir='ltr'><strong>sanctus</strong></span> <span class='ocrx_word' id='word_1_238' title='bbox 2453 686 2744 756; x_wconf 87' lang='lat' dir='ltr'><strong>apostolus</strong></span> <span class='ocrx_word' id='word_1_239' title='bbox 2793 682 3007 737; x_wconf 88' lang='lat' dir='ltr'><strong>Paulus</strong></span> <span class='ocrx_word' id='word_1_240' title='bbox 3060 680 3145 734; x_wconf 88' lang='lat' dir='ltr'><strong>ita</strong></span> <span class='ocrx_word' id='word_1_241' title='bbox 3183 674 3571 746; x_wconf 81' lang='lat' dir='ltr'><strong>pronuntiat,</strong></span> <span class='ocrx_word' id='word_1_242' title='bbox 3619 674 3735 742; x_wconf 87' lang='lat' dir='ltr'><strong>quia</strong></span> <span class='ocrx_word' id='word_1_243' title='bbox 3767 677 3804 728; x_wconf 94' lang='lat' dir='ltr'><strong>si</strong></span> 
     </span>
    </p>
   </div>
   <div class='ocr_carea' id='block_1_35' title="bbox 2175 774 3804 848">
    <p class='ocr_par' dir='ltr' id='par_1_35' title="bbox 2175 774 3804 848">
     <span class='ocr_line' id='line_1_35' title="bbox 2175 774 3804 848; baseline -0.009 -15"><span class='ocrx_word' id='word_1_244' title='bbox 2175 781 2294 848; x_wconf 89' lang='lat' dir='ltr'><strong>quis</strong></span> <span class='ocrx_word' id='word_1_245' title='bbox 2356 787 2514 847; x_wconf 80' lang='lat' dir='ltr'><strong>negat</strong></span> <span class='ocrx_word' id='word_1_246' title='bbox 2581 774 3066 830; x_wconf 83' lang='lat' dir='ltr'><strong>resurrectionem</strong></span> <span class='ocrx_word' id='word_1_247' title='bbox 3144 775 3522 822; x_wconf 86' lang='lat' dir='ltr'><strong>mortuorum</strong></span> <span class='ocrx_word' id='word_1_248' title='bbox 3558 803 3574 827; x_wconf 92' lang='lat'><strong>,</strong></span> <span class='ocrx_word' id='word_1_249' title='bbox 3632 778 3804 819; x_wconf 84' lang='lat' dir='ltr'><strong>conse-</strong></span> 
     </span>
    </p>
   </div>
   <div class='ocr_carea' id='block_1_36' title="bbox 2174 852 3806 938">
    <p class='ocr_par' dir='ltr' id='par_1_36' title="bbox 2174 852 3806 938">
     <span class='ocr_line' id='line_1_36' title="bbox 2174 852 3806 938; baseline -0.009 -18"><span class='ocrx_word' id='word_1_250' title='bbox 2174 883 2340 938; x_wconf 91' lang='lat' dir='ltr'><strong>quens</strong></span> <span class='ocrx_word' id='word_1_251' title='bbox 2366 879 2447 922; x_wconf 92' lang='lat' dir='ltr'><strong>est</strong></span> <span class='ocrx_word' id='word_1_252' title='bbox 2464 876 2522 920; x_wconf 91' lang='lat' dir='ltr'><strong>ut</strong></span> <span class='ocrx_word' id='word_1_253' title='bbox 2546 865 2755 921; x_wconf 88' lang='lat' dir='ltr'><strong>Christi</strong></span> <span class='ocrx_word' id='word_1_254' title='bbox 2785 859 3286 918; x_wconf 87' lang='lat' dir='ltr'><strong>resurrectionem</strong></span> <span class='ocrx_word' id='word_1_255' title='bbox 3307 865 3482 923; x_wconf 84' lang='lat' dir='ltr'><strong>neget</strong></span> <span class='ocrx_word' id='word_1_256' title='bbox 3499 853 3569 904; x_wconf 80' lang='grc'><strong>¹³.</strong></span> <span class='ocrx_word' id='word_1_257' title='bbox 3588 852 3697 922; x_wconf 79' lang='lat'><strong>(79)</strong></span> <span class='ocrx_word' id='word_1_258' title='bbox 3715 852 3806 906; x_wconf 81' lang='lat' dir='ltr'><strong>Ha-</strong></span> 
     </span>
    </p>
   </div>
   <div class='ocr_carea' id='block_1_37' title="bbox 2176 943 3809 1013">
    <p class='ocr_par' dir='ltr' id='par_1_37' title="bbox 2176 943 3809 1013">
     <span class='ocr_line' id='line_1_37' title="bbox 2176 943 3809 1013; baseline -0.009 -1"><span class='ocrx_word' id='word_1_259' title='bbox 2176 959 2362 1013; x_wconf 87' lang='lat' dir='ltr'><strong>beatur</strong></span> <span class='ocrx_word' id='word_1_260' title='bbox 2390 955 2752 1010; x_wconf 89' lang='lat' dir='ltr'><strong>nihilominus</strong></span> <span class='ocrx_word' id='word_1_261' title='bbox 2780 954 2835 1007; x_wconf 93' lang='lat' dir='ltr'><strong>in</strong></span> <span class='ocrx_word' id='word_1_262' title='bbox 2872 947 3298 1006; x_wconf 90' lang='lat' dir='ltr'><strong>ecclesiastico</strong></span> <span class='ocrx_word' id='word_1_263' title='bbox 3327 944 3536 998; x_wconf 86' lang='lat' dir='ltr'><strong>ordine</strong></span> <span class='ocrx_word' id='word_1_264' title='bbox 3561 943 3722 996; x_wconf 90' lang='lat' dir='ltr'><strong>etiam</strong></span> <span class='ocrx_word' id='word_1_265' title='bbox 3755 944 3809 997; x_wconf 88' lang='lat' dir='ltr'><strong>de</strong></span> 
     </span>
    </p>
   </div>
   <div class='ocr_carea' id='block_1_38' title="bbox 2177 1033 3807 1110">
    <p class='ocr_par' dir='ltr' id='par_1_38' title="bbox 2177 1033 3807 1110">
     <span class='ocr_line' id='line_1_38' title="bbox 2177 1033 3807 1110; baseline -0.009 -9"><span class='ocrx_word' id='word_1_266' title='bbox 2177 1047 2389 1102; x_wconf 90' lang='lat' dir='ltr'><strong>diabolo</strong></span> <span class='ocrx_word' id='word_1_267' title='bbox 2423 1047 2584 1110; x_wconf 80' lang='lat' dir='ltr'><strong>ratio,</strong></span> <span class='ocrx_word' id='word_1_268' title='bbox 2617 1053 2674 1099; x_wconf 91' lang='lat' dir='ltr'><strong>et</strong></span> <span class='ocrx_word' id='word_1_269' title='bbox 2703 1045 2771 1098; x_wconf 92' lang='lat' dir='ltr'><strong>de</strong></span> <span class='ocrx_word' id='word_1_270' title='bbox 2808 1041 2965 1097; x_wconf 89' lang='lat' dir='ltr'><strong>omni</strong></span> <span class='ocrx_word' id='word_1_271' title='bbox 3003 1038 3143 1108; x_wconf 87' lang='lat' dir='ltr'><strong>ejus</strong></span> <span class='ocrx_word' id='word_1_272' title='bbox 3186 1035 3494 1097; x_wconf 77' lang='lat' dir='ltr'><strong>exercitu,</strong></span> <span class='ocrx_word' id='word_1_273' title='bbox 3526 1033 3668 1100; x_wconf 86' lang='lat' dir='ltr'><strong>quod</strong></span> <span class='ocrx_word' id='word_1_274' title='bbox 3696 1048 3807 1102; x_wconf 85' lang='lat' dir='ltr'><strong>ago-</strong></span> 
     </span>
    </p>
   </div>
   <div class='ocr_carea' id='block_1_39' title="bbox 2180 1123 3809 1207">
    <p class='ocr_par' dir='ltr' id='par_1_39' title="bbox 2180 1123 3809 1207">
     <span class='ocr_line' id='line_1_39' title="bbox 2180 1123 3809 1207; baseline -0.01 -14"><span class='ocrx_word' id='word_1_275' title='bbox 2180 1154 2273 1193; x_wconf 91' lang='lat' dir='ltr'><strong>nes</strong></span> <span class='ocrx_word' id='word_1_276' title='bbox 2301 1138 2559 1207; x_wconf 85' lang='lat' dir='ltr'><strong>quosdam</strong></span> <span class='ocrx_word' id='word_1_277' title='bbox 2604 1145 2661 1190; x_wconf 92' lang='lat' dir='ltr'><strong>et</strong></span> <span class='ocrx_word' id='word_1_278' title='bbox 2702 1132 3018 1189; x_wconf 81' lang='lat' dir='ltr'><strong>certamina</strong></span> <span class='ocrx_word' id='word_1_279' title='bbox 3064 1129 3395 1183; x_wconf 87' lang='lat' dir='ltr'><strong>adversum</strong></span> <span class='ocrx_word' id='word_1_280' title='bbox 3433 1138 3633 1178; x_wconf 90' lang='lat' dir='ltr'><strong>omnes</strong></span> <span class='ocrx_word' id='word_1_281' title='bbox 3655 1123 3809 1178; x_wconf 91' lang='lat' dir='ltr'><strong>homi-</strong></span> 
     </span>
    </p>
   </div>
   <div class='ocr_carea' id='block_1_40' title="bbox 2181 1211 3808 1297">
    <p class='ocr_par' dir='ltr' id='par_1_40' title="bbox 2181 1211 3808 1297">
     <span class='ocr_line' id='line_1_40' title="bbox 2181 1211 3808 1297; baseline -0.008 -15"><span class='ocrx_word' id='word_1_282' title='bbox 2181 1243 2275 1283; x_wconf 88' lang='lat' dir='ltr'><strong>nes</strong></span> <span class='ocrx_word' id='word_1_283' title='bbox 2299 1269 2314 1294; x_wconf 93' lang='lat'><strong>,</strong></span> <span class='ocrx_word' id='word_1_284' title='bbox 2363 1227 2636 1297; x_wconf 76' lang='lat' dir='ltr'><strong>przecipue</strong></span> <span class='ocrx_word' id='word_1_285' title='bbox 2669 1236 2852 1278; x_wconf 90' lang='lat' dir='ltr'><strong>tamen</strong></span> <span class='ocrx_word' id='word_1_286' title='bbox 2890 1223 3186 1276; x_wconf 89' lang='lat' dir='ltr'><strong>adversus</strong></span> <span class='ocrx_word' id='word_1_287' title='bbox 3225 1211 3336 1270; x_wconf 84' lang='lat' dir='ltr'><strong>eos</strong></span> <span class='ocrx_word' id='word_1_288' title='bbox 3371 1216 3476 1285; x_wconf 88' lang='lat' dir='ltr'><strong>qui</strong></span> <span class='ocrx_word' id='word_1_289' title='bbox 3510 1215 3739 1270; x_wconf 90' lang='lat' dir='ltr'><strong>credunt</strong></span> <span class='ocrx_word' id='word_1_290' title='bbox 3763 1215 3808 1269; x_wconf 90' lang='lat' dir='ltr'><strong>in</strong></span> 
     </span>
    </p>
   </div>
   <div class='ocr_carea' id='block_1_41' title="bbox 2183 1308 3813 1372">
    <p class='ocr_par' dir='ltr' id='par_1_41' title="bbox 2183 1308 3813 1372">
     <span class='ocr_line' id='line_1_41' title="bbox 2183 1308 3813 1372; baseline -0.008 0"><span class='ocrx_word' id='word_1_291' title='bbox 2183 1319 2466 1372; x_wconf 91' lang='lat' dir='ltr'><strong>Dominum</strong></span> <span class='ocrx_word' id='word_1_292' title='bbox 2518 1325 2766 1370; x_wconf 90' lang='lat' dir='ltr'><strong>nostrum</strong></span> <span class='ocrx_word' id='word_1_293' title='bbox 2799 1313 2996 1368; x_wconf 86' lang='lat' dir='ltr'><strong>Jesum</strong></span> <span class='ocrx_word' id='word_1_294' title='bbox 3047 1308 3379 1365; x_wconf 86' lang='lat' dir='ltr'><strong>Christum</strong></span> <span class='ocrx_word' id='word_1_295' title='bbox 3409 1345 3428 1370; x_wconf 92' lang='lat'><strong>,</strong></span> <span class='ocrx_word' id='word_1_296' title='bbox 3486 1312 3813 1360; x_wconf 79' lang='lat' dir='ltr'><strong>moventzet</strong></span> 
     </span>
    </p>
   </div>
   <div class='ocr_carea' id='block_1_42' title="bbox 2180 1395 3814 1478">
    <p class='ocr_par' dir='ltr' id='par_1_42' title="bbox 2180 1395 3814 1478">
     <span class='ocr_line' id='line_1_42' title="bbox 2180 1395 3814 1478; baseline -0.007 -16"><span class='ocrx_word' id='word_1_297' title='bbox 2180 1409 2322 1478; x_wconf 90' lang='lat' dir='ltr'><strong>quod</strong></span> <span class='ocrx_word' id='word_1_298' title='bbox 2359 1408 2739 1462; x_wconf 87' lang='lat' dir='ltr'><strong>necessitatem</strong></span> <span class='ocrx_word' id='word_1_299' title='bbox 2771 1406 3000 1474; x_wconf 88' lang='lat' dir='ltr'><strong>quidem</strong></span> <span class='ocrx_word' id='word_1_300' title='bbox 3051 1401 3380 1470; x_wconf 87' lang='lat' dir='ltr'><strong>imponere</strong></span> <span class='ocrx_word' id='word_1_301' title='bbox 3440 1395 3704 1465; x_wconf 87' lang='lat' dir='ltr'><strong>peccandi</strong></span> <span class='ocrx_word' id='word_1_302' title='bbox 3735 1411 3814 1465; x_wconf 85' lang='lat' dir='ltr'><strong>per</strong></span> 
     </span>
    </p>
   </div>
   <div class='ocr_carea' id='block_1_43' title="bbox 2183 1486 3812 1568">
    <p class='ocr_par' dir='ltr' id='par_1_43' title="bbox 2183 1486 3812 1568">
     <span class='ocr_line' id='line_1_43' title="bbox 2183 1486 3812 1568; baseline -0.006 -16"><span class='ocrx_word' id='word_1_303' title='bbox 2183 1513 2380 1568; x_wconf 89' lang='lat' dir='ltr'><strong>agones</strong></span> <span class='ocrx_word' id='word_1_304' title='bbox 2400 1508 2455 1552; x_wconf 88' lang='lat' dir='ltr'><strong>et</strong></span> <span class='ocrx_word' id='word_1_305' title='bbox 2477 1498 2782 1553; x_wconf 88' lang='lat' dir='ltr'><strong>certamina</strong></span> <span class='ocrx_word' id='word_1_306' title='bbox 2825 1509 2939 1548; x_wconf 90' lang='lat' dir='ltr'><strong>non</strong></span> <span class='ocrx_word' id='word_1_307' title='bbox 2971 1491 3178 1546; x_wconf 88' lang='lat' dir='ltr'><strong>valent</strong></span> <span class='ocrx_word' id='word_1_308' title='bbox 3205 1527 3225 1555; x_wconf 88' lang='lat'><strong>,</strong></span> <span class='ocrx_word' id='word_1_309' title='bbox 3257 1486 3622 1557; x_wconf 86' lang='lat' dir='ltr'><strong>persuadere</strong></span> <span class='ocrx_word' id='word_1_310' title='bbox 3660 1495 3812 1542; x_wconf 86' lang='lat' dir='ltr'><strong>tamen</strong></span> 
     </span>
    </p>
   </div>
   <div class='ocr_carea' id='block_1_44' title="bbox 2181 1576 3811 1652">
    <p class='ocr_par' dir='ltr' id='par_1_44' title="bbox 2181 1576 3811 1652">
     <span class='ocr_line' id='line_1_44' title="bbox 2181 1576 3811 1652; baseline -0.006 -15"><span class='ocrx_word' id='word_1_311' title='bbox 2181 1593 2234 1639; x_wconf 93' lang='lat' dir='ltr'><strong>et</strong></span> <span class='ocrx_word' id='word_1_312' title='bbox 2264 1584 2514 1652; x_wconf 91' lang='lat' dir='ltr'><strong>decipere</strong></span> <span class='ocrx_word' id='word_1_313' title='bbox 2543 1583 2611 1637; x_wconf 89' lang='lat' dir='ltr'><strong>ad</strong></span> <span class='ocrx_word' id='word_1_314' title='bbox 2645 1582 3080 1637; x_wconf 88' lang='lat' dir='ltr'><strong>subversionem</strong></span> <span class='ocrx_word' id='word_1_315' title='bbox 3141 1585 3413 1647; x_wconf 88' lang='lat' dir='ltr'><strong>possunt</strong></span> <span class='ocrx_word' id='word_1_316' title='bbox 3465 1590 3567 1630; x_wconf 88' lang='lat' dir='ltr'><strong>eos</strong></span> <span class='ocrx_word' id='word_1_317' title='bbox 3598 1576 3687 1644; x_wconf 90' lang='lat' dir='ltr'><strong>qui</strong></span> <span class='ocrx_word' id='word_1_318' title='bbox 3727 1592 3811 1629; x_wconf 90' lang='lat' dir='ltr'><strong>non</strong></span> 
     </span>
    </p>
   </div>
   <div class='ocr_carea' id='block_1_45' title="bbox 2182 1663 3813 1738">
    <p class='ocr_par' dir='ltr' id='par_1_45' title="bbox 2182 1663 3813 1738">
     <span class='ocr_line' id='line_1_45' title="bbox 2182 1663 3813 1738; baseline -0.003 -13"><span class='ocrx_word' id='word_1_319' title='bbox 2182 1672 2325 1726; x_wconf 91' lang='lat' dir='ltr'><strong>omni</strong></span> <span class='ocrx_word' id='word_1_320' title='bbox 2356 1671 2601 1725; x_wconf 89' lang='lat' dir='ltr'><strong>custodia</strong></span> <span class='ocrx_word' id='word_1_321' title='bbox 2651 1685 2749 1724; x_wconf 87' lang='lat' dir='ltr'><strong>sua</strong></span> <span class='ocrx_word' id='word_1_322' title='bbox 2797 1668 2976 1738; x_wconf 75' lang='lat' dir='ltr'><strong>corda</strong></span> <span class='ocrx_word' id='word_1_323' title='bbox 3029 1665 3482 1735; x_wconf 61' lang='lat' dir='ltr'><strong>praemuniunt.</strong></span> <span class='ocrx_word' id='word_1_324' title='bbox 3522 1663 3813 1720; x_wconf 83' lang='lat' dir='ltr'><strong>llahendum</strong></span> 
     </span>
    </p>
   </div>
   <div class='ocr_carea' id='block_1_46' title="bbox 2184 1755 3813 1823">
    <p class='ocr_par' dir='ltr' id='par_1_46' title="bbox 2184 1755 3813 1823">
     <span class='ocr_line' id='line_1_46' title="bbox 2184 1755 3813 1823; baseline -0.003 -9"><span class='ocrx_word' id='word_1_325' title='bbox 2184 1769 2268 1814; x_wconf 91' lang='lat' dir='ltr'><strong>est</strong></span> <span class='ocrx_word' id='word_1_326' title='bbox 2308 1769 2487 1814; x_wconf 90' lang='lat' dir='ltr'><strong>autem</strong></span> <span class='ocrx_word' id='word_1_327' title='bbox 2521 1761 2572 1814; x_wconf 92' lang='lat' dir='ltr'><strong>in</strong></span> <span class='ocrx_word' id='word_1_328' title='bbox 2606 1758 3009 1814; x_wconf 86' lang='lat' dir='ltr'><strong>ecclesiasticis</strong></span> <span class='ocrx_word' id='word_1_329' title='bbox 3063 1755 3650 1820; x_wconf 85' lang='lat' dir='ltr'><strong>observationibus,</strong></span> <span class='ocrx_word' id='word_1_330' title='bbox 3697 1760 3813 1823; x_wconf 83' lang='lat' dir='ltr'><strong>quod</strong></span> 
     </span>
    </p>
   </div>
   <div class='ocr_carea' id='block_1_47' title="bbox 2186 1846 3814 1920">
    <p class='ocr_par' dir='ltr' id='par_1_47' title="bbox 2186 1846 3814 1920">
     <span class='ocr_line' id='line_1_47' title="bbox 2186 1846 3814 1920; baseline -0.003 -15"><span class='ocrx_word' id='word_1_331' title='bbox 2186 1866 2357 1920; x_wconf 89' lang='lat' dir='ltr'><strong>neque</strong></span> <span class='ocrx_word' id='word_1_332' title='bbox 2403 1852 2684 1905; x_wconf 91' lang='lat' dir='ltr'><strong>hominum</strong></span> <span class='ocrx_word' id='word_1_333' title='bbox 2714 1852 2839 1920; x_wconf 90' lang='lat' dir='ltr'><strong>quis</strong></span> <span class='ocrx_word' id='word_1_334' title='bbox 2882 1864 2914 1902; x_wconf 93' lang='lat' dir='ltr'><strong>a</strong></span> <span class='ocrx_word' id='word_1_335' title='bbox 2957 1851 3080 1903; x_wconf 92' lang='lat' dir='ltr'><strong>Deo</strong></span> <span class='ocrx_word' id='word_1_336' title='bbox 3142 1846 3204 1900; x_wconf 92' lang='lat' dir='ltr'><strong>in</strong></span> <span class='ocrx_word' id='word_1_337' title='bbox 3247 1846 3647 1914; x_wconf 87' lang='lat' dir='ltr'><strong>perditionem</strong></span> <span class='ocrx_word' id='word_1_338' title='bbox 3676 1847 3814 1900; x_wconf 84' lang='lat' dir='ltr'><strong>tradi-</strong></span> 
     </span>
    </p>
   </div>
   <div class='ocr_carea' id='block_1_48' title="bbox 2183 1938 3813 2012">
    <p class='ocr_par' dir='ltr' id='par_1_48' title="bbox 2183 1938 3813 2012">
     <span class='ocr_line' id='line_1_48' title="bbox 2183 1938 3813 2012; baseline -0.004 -14"><span class='ocrx_word' id='word_1_339' title='bbox 2183 1955 2268 1999; x_wconf 91' lang='lat' dir='ltr'><strong>tus</strong></span> <span class='ocrx_word' id='word_1_340' title='bbox 2294 1954 2396 2008; x_wconf 88' lang='lat' dir='ltr'><strong>est,</strong></span> <span class='ocrx_word' id='word_1_341' title='bbox 2428 1945 2523 1998; x_wconf 91' lang='lat' dir='ltr'><strong>sed</strong></span> <span class='ocrx_word' id='word_1_342' title='bbox 2555 1943 2935 2012; x_wconf 81' lang='lat' dir='ltr'><strong>unusquisque</strong></span> <span class='ocrx_word' id='word_1_343' title='bbox 2981 1939 3383 2009; x_wconf 90' lang='lat' dir='ltr'><strong>pereuntium</strong></span> <span class='ocrx_word' id='word_1_344' title='bbox 3419 1953 3526 1991; x_wconf 91' lang='lat' dir='ltr'><strong>sua</strong></span> <span class='ocrx_word' id='word_1_345' title='bbox 3560 1938 3813 2008; x_wconf 82' lang='lat' dir='ltr'><strong>negligen-</strong></span> 
     </span>
    </p>
   </div>
   <div class='ocr_carea' id='block_1_49' title="bbox 2179 2028 3815 2104">
    <p class='ocr_par' dir='ltr' id='par_1_49' title="bbox 2179 2028 3815 2104">
     <span class='ocr_line' id='line_1_49' title="bbox 2179 2028 3815 2104; baseline -0.005 -16"><span class='ocrx_word' id='word_1_346' title='bbox 2179 2033 2254 2088; x_wconf 90' lang='lat' dir='ltr'><strong>tia</strong></span> <span class='ocrx_word' id='word_1_347' title='bbox 2288 2043 2476 2104; x_wconf 89' lang='lat' dir='ltr'><strong>pereat</strong></span> <span class='ocrx_word' id='word_1_348' title='bbox 2501 2043 2556 2088; x_wconf 91' lang='lat' dir='ltr'><strong>et</strong></span> <span class='ocrx_word' id='word_1_349' title='bbox 2588 2033 2749 2100; x_wconf 91' lang='lat' dir='ltr'><strong>culpa</strong></span> <span class='ocrx_word' id='word_1_350' title='bbox 2781 2071 2796 2095; x_wconf 94' lang='lat'><strong>,</strong></span> <span class='ocrx_word' id='word_1_351' title='bbox 2825 2032 2918 2101; x_wconf 91' lang='lat' dir='ltr'><strong>qui</strong></span> <span class='ocrx_word' id='word_1_352' title='bbox 2952 2029 3198 2086; x_wconf 85' lang='lat' dir='ltr'><strong>habens</strong></span> <span class='ocrx_word' id='word_1_353' title='bbox 3233 2028 3479 2083; x_wconf 87' lang='lat' dir='ltr'><strong>arbitrii</strong></span> <span class='ocrx_word' id='word_1_354' title='bbox 3515 2029 3815 2091; x_wconf 87' lang='lat' dir='ltr'><strong>libertatem,</strong></span> 
     </span>
    </p>
   </div>
   <div class='ocr_carea' id='block_1_50' title="bbox 2179 2119 3819 2196">
    <p class='ocr_par' dir='ltr' id='par_1_50' title="bbox 2179 2119 3819 2196">
     <span class='ocr_line' id='line_1_50' title="bbox 2179 2119 3819 2196; baseline -0.004 -16"><span class='ocrx_word' id='word_1_355' title='bbox 2179 2127 2377 2196; x_wconf 82' lang='lat' dir='ltr'><strong>eligere</strong></span> <span class='ocrx_word' id='word_1_356' title='bbox 2406 2126 2543 2194; x_wconf 90' lang='lat' dir='ltr'><strong>quod</strong></span> <span class='ocrx_word' id='word_1_357' title='bbox 2590 2125 2791 2178; x_wconf 88' lang='lat' dir='ltr'><strong>bonum</strong></span> <span class='ocrx_word' id='word_1_358' title='bbox 2842 2133 2929 2177; x_wconf 90' lang='lat' dir='ltr'><strong>est</strong></span> <span class='ocrx_word' id='word_1_359' title='bbox 2983 2131 3045 2176; x_wconf 93' lang='lat' dir='ltr'><strong>et</strong></span> <span class='ocrx_word' id='word_1_360' title='bbox 3087 2122 3303 2192; x_wconf 87' lang='lat' dir='ltr'><strong>potuit</strong></span> <span class='ocrx_word' id='word_1_361' title='bbox 3350 2129 3414 2173; x_wconf 90' lang='lat' dir='ltr'><strong>et</strong></span> <span class='ocrx_word' id='word_1_362' title='bbox 3447 2119 3660 2174; x_wconf 89' lang='lat' dir='ltr'><strong>debuit.</strong></span> <span class='ocrx_word' id='word_1_363' title='bbox 3690 2119 3819 2185; x_wconf 86' lang='lat' dir='ltr'><strong>Quod</strong></span> 
     </span>
    </p>
   </div>
   <div class='ocr_carea' id='block_1_51' title="bbox 2181 2211 3818 2284">
    <p class='ocr_par' dir='ltr' id='par_1_51' title="bbox 2181 2211 3818 2284">
     <span class='ocr_line' id='line_1_51' title="bbox 2181 2211 3818 2284; baseline -0.005 -14"><span class='ocrx_word' id='word_1_364' title='bbox 2181 2218 2340 2270; x_wconf 90' lang='lat' dir='ltr'><strong>etiam</strong></span> <span class='ocrx_word' id='word_1_365' title='bbox 2375 2215 2442 2270; x_wconf 89' lang='lat' dir='ltr'><strong>de</strong></span> <span class='ocrx_word' id='word_1_366' title='bbox 2489 2216 2607 2284; x_wconf 90' lang='lat' dir='ltr'><strong>ipso</strong></span> <span class='ocrx_word' id='word_1_367' title='bbox 2641 2214 2859 2266; x_wconf 87' lang='lat' dir='ltr'><strong>diabolo</strong></span> <span class='ocrx_word' id='word_1_368' title='bbox 2893 2213 3292 2267; x_wconf 85' lang='lat' dir='ltr'><strong>sentiendum</strong></span> <span class='ocrx_word' id='word_1_369' title='bbox 3341 2219 3461 2274; x_wconf 89' lang='lat' dir='ltr'><strong>est,</strong></span> <span class='ocrx_word' id='word_1_370' title='bbox 3498 2211 3592 2278; x_wconf 92' lang='lat' dir='ltr'><strong>qui</strong></span> <span class='ocrx_word' id='word_1_371' title='bbox 3625 2212 3676 2263; x_wconf 91' lang='lat' dir='ltr'><strong>in</strong></span> <span class='ocrx_word' id='word_1_372' title='bbox 3705 2225 3818 2263; x_wconf 89' lang='lat' dir='ltr'><strong>con-</strong></span> 
     </span>
    </p>
   </div>
   <div class='ocr_carea' id='block_1_52' title="bbox 2181 2302 3819 2375">
    <p class='ocr_par' dir='ltr' id='par_1_52' title="bbox 2181 2302 3819 2375">
     <span class='ocr_line' id='line_1_52' title="bbox 2181 2302 3819 2375; baseline -0.002 -16"><span class='ocrx_word' id='word_1_373' title='bbox 2181 2316 2366 2375; x_wconf 87' lang='lat' dir='ltr'><strong>spectu</strong></span> <span class='ocrx_word' id='word_1_374' title='bbox 2419 2304 2631 2359; x_wconf 90' lang='lat' dir='ltr'><strong>Domini</strong></span> <span class='ocrx_word' id='word_1_375' title='bbox 2689 2303 3111 2372; x_wconf 86' lang='lat' dir='ltr'><strong>omnipotentis</strong></span> <span class='ocrx_word' id='word_1_376' title='bbox 3177 2303 3559 2357; x_wconf 82' lang='lat' dir='ltr'><strong>describitur</strong></span> <span class='ocrx_word' id='word_1_377' title='bbox 3613 2302 3819 2357; x_wconf 85' lang='lat' dir='ltr'><strong>restitis-</strong></span> 
     </span>
    </p>
   </div>
   <div class='ocr_carea' id='block_1_53' title="bbox 2182 2392 3817 2462">
    <p class='ocr_par' dir='ltr' id='par_1_53' title="bbox 2182 2392 3817 2462">
     <span class='ocr_line' id='line_1_53' title="bbox 2182 2392 3817 2462; baseline -0.003 -12"><span class='ocrx_word' id='word_1_378' title='bbox 2182 2407 2239 2450; x_wconf 89' lang='lat' dir='ltr'><strong>se</strong></span> <span class='ocrx_word' id='word_1_379' title='bbox 2261 2395 2329 2461; x_wconf 75' lang='lat'><strong>“,</strong></span> <span class='ocrx_word' id='word_1_380' title='bbox 2360 2405 2414 2449; x_wconf 88' lang='lat' dir='ltr'><strong>et</strong></span> <span class='ocrx_word' id='word_1_381' title='bbox 2442 2397 2752 2449; x_wconf 90' lang='lat' dir='ltr'><strong>deseruisse</strong></span> <span class='ocrx_word' id='word_1_382' title='bbox 2801 2402 3018 2447; x_wconf 86' lang='lat' dir='ltr'><strong>statum</strong></span> <span class='ocrx_word' id='word_1_383' title='bbox 3051 2409 3242 2447; x_wconf 86' lang='lat' dir='ltr'><strong>suum</strong></span> <span class='ocrx_word' id='word_1_384' title='bbox 3279 2394 3337 2447; x_wconf 91' lang='lat' dir='ltr'><strong>in</strong></span> <span class='ocrx_word' id='word_1_385' title='bbox 3375 2408 3500 2462; x_wconf 90' lang='lat' dir='ltr'><strong>quo</strong></span> <span class='ocrx_word' id='word_1_386' title='bbox 3538 2392 3713 2446; x_wconf 81' lang='lat' dir='ltr'><strong>fuerat</strong></span> <span class='ocrx_word' id='word_1_387' title='bbox 3735 2393 3817 2445; x_wconf 86' lang='lat' dir='ltr'><strong>im-</strong></span> 
     </span>
    </p>
   </div>
   <div class='ocr_carea' id='block_1_54' title="bbox 2183 2484 3812 2554">
    <p class='ocr_par' dir='ltr' id='par_1_54' title="bbox 2183 2484 3812 2554">
     <span class='ocr_line' id='line_1_54' title="bbox 2183 2484 3812 2554; baseline -0.002 -13"><span class='ocrx_word' id='word_1_388' title='bbox 2183 2487 2479 2541; x_wconf 87' lang='lat' dir='ltr'><strong>maculatus</strong></span> <span class='ocrx_word' id='word_1_389' title='bbox 2505 2488 2550 2518; x_wconf 78' lang='grc'><strong>³⁸</strong></span> <span class='ocrx_word' id='word_1_390' title='bbox 2585 2507 2597 2541; x_wconf 89' lang='lat'>:</span> <span class='ocrx_word' id='word_1_391' title='bbox 2626 2487 2718 2554; x_wconf 89' lang='lat' dir='ltr'><strong>qui</strong></span> <span class='ocrx_word' id='word_1_392' title='bbox 2749 2486 2938 2554; x_wconf 89' lang='lat' dir='ltr'><strong>utique</strong></span> <span class='ocrx_word' id='word_1_393' title='bbox 2969 2485 3285 2553; x_wconf 87' lang='lat' dir='ltr'><strong>potuisset</strong></span> <span class='ocrx_word' id='word_1_394' title='bbox 3342 2484 3404 2538; x_wconf 92' lang='lat' dir='ltr'><strong>in</strong></span> <span class='ocrx_word' id='word_1_395' title='bbox 3449 2486 3558 2539; x_wconf 91' lang='lat' dir='ltr'><strong>hoc</strong></span> <span class='ocrx_word' id='word_1_396' title='bbox 3597 2492 3730 2538; x_wconf 83' lang='lat' dir='ltr'><strong>statu</strong></span> <span class='ocrx_word' id='word_1_397' title='bbox 3772 2485 3812 2537; x_wconf 92' lang='lat' dir='ltr'><strong>in</strong></span> 
     </span>
    </p>
   </div>
   <div class='ocr_carea' id='block_1_55' title="bbox 2183 2574 3815 2646">
    <p class='ocr_par' dir='ltr' id='par_1_55' title="bbox 2183 2574 3815 2646">
     <span class='ocr_line' id='line_1_55' title="bbox 2183 2574 3815 2646; baseline -0.001 -18"><span class='ocrx_word' id='word_1_398' title='bbox 2183 2592 2290 2646; x_wconf 92' lang='lat' dir='ltr'><strong>quo</strong></span> <span class='ocrx_word' id='word_1_399' title='bbox 2320 2576 2389 2630; x_wconf 89' lang='lat' dir='ltr'><strong>ab</strong></span> <span class='ocrx_word' id='word_1_400' title='bbox 2439 2577 2590 2630; x_wconf 89' lang='lat' dir='ltr'><strong>initio</strong></span> <span class='ocrx_word' id='word_1_401' title='bbox 2617 2577 2715 2628; x_wconf 90' lang='lat' dir='ltr'><strong>l&#39;uit</strong></span> <span class='ocrx_word' id='word_1_402' title='bbox 2741 2616 2757 2641; x_wconf 96' lang='lat'><strong>,</strong></span> <span class='ocrx_word' id='word_1_403' title='bbox 2811 2590 2994 2645; x_wconf 84' lang='lat' dir='ltr'><strong>usque</strong></span> <span class='ocrx_word' id='word_1_404' title='bbox 3026 2576 3088 2627; x_wconf 90' lang='lat' dir='ltr'><strong>in</strong></span> <span class='ocrx_word' id='word_1_405' title='bbox 3129 2574 3324 2629; x_wconf 82' lang='lat' dir='ltr'><strong>ﬁnem</strong></span> <span class='ocrx_word' id='word_1_406' title='bbox 3367 2589 3734 2643; x_wconf 86' lang='lat' dir='ltr'><strong>perseverare</strong></span> <span class='ocrx_word' id='word_1_407' title='bbox 3779 2577 3815 2628; x_wconf 94' lang='lat' dir='ltr'><strong>si</strong></span> 
     </span>
    </p>
   </div>
   <div class='ocr_carea' id='block_1_56' title="bbox 2184 2666 3815 2735">
    <p class='ocr_par' dir='ltr' id='par_1_56' title="bbox 2184 2666 3815 2735">
     <span class='ocr_line' id='line_1_56' title="bbox 2184 2666 3815 2735; baseline -0.001 -16"><span class='ocrx_word' id='word_1_408' title='bbox 2184 2667 2455 2720; x_wconf 88' lang='lat' dir='ltr'><strong>voluisset.</strong></span> <span class='ocrx_word' id='word_1_409' title='bbox 2490 2667 2816 2735; x_wconf 81' lang='lat' dir='ltr'><strong>Designatus</strong></span> <span class='ocrx_word' id='word_1_410' title='bbox 2839 2705 2854 2730; x_wconf 91' lang='lat'><strong>,</strong></span> <span class='ocrx_word' id='word_1_411' title='bbox 2894 2675 2957 2718; x_wconf 93' lang='lat' dir='ltr'><strong>ut</strong></span> <span class='ocrx_word' id='word_1_412' title='bbox 2991 2667 3306 2730; x_wconf 88' lang='lat' dir='ltr'><strong>arbitror,</strong></span> <span class='ocrx_word' id='word_1_413' title='bbox 3349 2666 3522 2721; x_wconf 86' lang='lat' dir='ltr'><strong>nobis</strong></span> <span class='ocrx_word' id='word_1_414' title='bbox 3548 2674 3656 2730; x_wconf 86' lang='lat' dir='ltr'><strong>est,</strong></span> <span class='ocrx_word' id='word_1_415' title='bbox 3685 2676 3815 2734; x_wconf 87' lang='lat' dir='ltr'><strong>prout</strong></span> 
     </span>
    </p>
   </div>
   <div class='ocr_carea' id='block_1_57' title="bbox 2184 2756 3814 2826">
    <p class='ocr_par' dir='ltr' id='par_1_57' title="bbox 2184 2756 3814 2826">
     <span class='ocr_line' id='line_1_57' title="bbox 2184 2756 3814 2826; baseline -0.001 -16"><span class='ocrx_word' id='word_1_416' title='bbox 2184 2757 2451 2825; x_wconf 90' lang='lat' dir='ltr'><strong>potuimus</strong></span> <span class='ocrx_word' id='word_1_417' title='bbox 2481 2793 2496 2819; x_wconf 90' lang='lat'><strong>,</strong></span> <span class='ocrx_word' id='word_1_418' title='bbox 2539 2765 2595 2808; x_wconf 91' lang='lat' dir='ltr'><strong>et</strong></span> <span class='ocrx_word' id='word_1_419' title='bbox 2641 2757 2957 2824; x_wconf 85' lang='lat' dir='ltr'><strong>descriptus</strong></span> <span class='ocrx_word' id='word_1_420' title='bbox 2991 2757 3140 2824; x_wconf 89' lang='lat' dir='ltr'><strong>quis</strong></span> <span class='ocrx_word' id='word_1_421' title='bbox 3181 2764 3248 2810; x_wconf 86' lang='lat' dir='ltr'><strong>et</strong></span> <span class='ocrx_word' id='word_1_422' title='bbox 3297 2759 3500 2826; x_wconf 86' lang='lat' dir='ltr'><strong>qualis</strong></span> <span class='ocrx_word' id='word_1_423' title='bbox 3555 2766 3696 2812; x_wconf 90' lang='lat' dir='ltr'><strong>esset</strong></span> <span class='ocrx_word' id='word_1_424' title='bbox 3727 2756 3814 2824; x_wconf 82' lang='lat'><strong>(80)</strong></span> 
     </span>
    </p>
   </div>
   <div class='ocr_carea' id='block_1_58' title="bbox 2186 2845 3818 2918">
    <p class='ocr_par' dir='ltr' id='par_1_58' title="bbox 2186 2845 3818 2918">
     <span class='ocr_line' id='line_1_58' title="bbox 2186 2845 3818 2918; baseline 0.001 -18"><span class='ocrx_word' id='word_1_425' title='bbox 2186 2847 2507 2910; x_wconf 66' lang='lat' dir='ltr'><strong>haereticus,</strong></span> <span class='ocrx_word' id='word_1_426' title='bbox 2543 2856 2598 2899; x_wconf 88' lang='lat' dir='ltr'><strong>et</strong></span> <span class='ocrx_word' id='word_1_427' title='bbox 2627 2860 2748 2913; x_wconf 70' lang='lat' dir='ltr'><strong>qua:</strong></span> <span class='ocrx_word' id='word_1_428' title='bbox 2775 2845 2862 2898; x_wconf 85' lang='lat' dir='ltr'><strong>vel</strong></span> <span class='ocrx_word' id='word_1_429' title='bbox 2893 2848 2949 2899; x_wconf 92' lang='lat' dir='ltr'><strong>in</strong></span> <span class='ocrx_word' id='word_1_430' title='bbox 3009 2848 3250 2916; x_wconf 85' lang='lat' dir='ltr'><strong>quibus</strong></span> <span class='ocrx_word' id='word_1_431' title='bbox 3282 2847 3420 2916; x_wconf 81' lang='lat' dir='ltr'><strong>ejus</strong></span> <span class='ocrx_word' id='word_1_432' title='bbox 3451 2849 3704 2918; x_wconf 77' lang='lat' dir='ltr'><strong>dogmata</strong></span> <span class='ocrx_word' id='word_1_433' title='bbox 3740 2848 3818 2902; x_wconf 79' lang='lat' dir='ltr'><strong>fal-</strong></span> 
     </span>
    </p>
   </div>
   <div class='ocr_carea' id='block_1_59' title="bbox 2185 2935 3817 3008">
    <p class='ocr_par' dir='ltr' id='par_1_59' title="bbox 2185 2935 3817 3008">
     <span class='ocr_line' id='line_1_59' title="bbox 2185 2935 3817 3008; baseline 0 -16"><span class='ocrx_word' id='word_1_434' title='bbox 2185 2951 2363 3004; x_wconf 56' lang='lat' dir='ltr'><strong>saeque</strong></span> <span class='ocrx_word' id='word_1_435' title='bbox 2397 2935 2681 3004; x_wconf 88' lang='lat' dir='ltr'><strong>opiniones</strong></span> <span class='ocrx_word' id='word_1_436' title='bbox 2727 2935 3078 3002; x_wconf 86' lang='lat' dir='ltr'><strong>habeantur,</strong></span> <span class='ocrx_word' id='word_1_437' title='bbox 3109 2945 3178 2991; x_wconf 90' lang='lat' dir='ltr'><strong>et</strong></span> <span class='ocrx_word' id='word_1_438' title='bbox 3226 2953 3374 3008; x_wconf 84' lang='lat' dir='ltr'><strong>quae</strong></span> <span class='ocrx_word' id='word_1_439' title='bbox 3408 2941 3485 2994; x_wconf 90' lang='lat' dir='ltr'><strong>sit</strong></span> <span class='ocrx_word' id='word_1_440' title='bbox 3517 2938 3817 2994; x_wconf 84' lang='lat' dir='ltr'><strong>ecclesiasti-</strong></span> 
     </span>
    </p>
   </div>
   <div class='ocr_carea' id='block_1_60' title="bbox 2187 3025 2986 3093">
    <p class='ocr_par' dir='ltr' id='par_1_60' title="bbox 2187 3025 2986 3093">
     <span class='ocr_line' id='line_1_60' title="bbox 2187 3025 2986 3093; baseline -0.008 -11"><span class='ocrx_word' id='word_1_441' title='bbox 2187 3041 2263 3082; x_wconf 74' lang='lat' dir='ltr'><strong>cae</strong></span> <span class='ocrx_word' id='word_1_442' title='bbox 2297 3025 2650 3079; x_wconf 64' lang='lat' dir='ltr'><strong>observantiae</strong></span> <span class='ocrx_word' id='word_1_443' title='bbox 2689 3025 2924 3093; x_wconf 87' lang='lat' dir='ltr'><strong>puritas.</strong></span> <span class='ocrx_word' id='word_1_444' title='bbox 2963 3042 2986 3076; x_wconf 68' lang='grc' dir='ltr'><strong>ι</strong></span> 
     </span>
    </p>
   </div>
   <div class='ocr_carea' id='block_1_61' title="bbox 557 3115 3530 3204">
    <p class='ocr_par' dir='ltr' id='par_1_61' title="bbox 557 3115 3530 3204">
     <span class='ocr_line' id='line_1_61' title="bbox 557 3115 3530 3204; baseline -0.005 -13"><span class='ocrx_word' id='word_1_445' title='bbox 557 3137 696 3191; x_wconf 92' lang='lat' dir='ltr'><strong>mani</strong></span> <span class='ocrx_word' id='word_1_446' title='bbox 727 3133 980 3204; x_wconf 90' lang='lat' dir='ltr'><strong>propositi</strong></span> <span class='ocrx_word' id='word_1_447' title='bbox 1011 3145 1095 3184; x_wconf 91' lang='lat' dir='ltr'><strong>res</strong></span> <span class='ocrx_word' id='word_1_448' title='bbox 1121 3136 1335 3195; x_wconf 91' lang='lat' dir='ltr'><strong>putetur</strong></span> <span class='ocrx_word' id='word_1_449' title='bbox 1365 3123 1565 3177; x_wconf 90' lang='lat' dir='ltr'><strong>bonum</strong></span> <span class='ocrx_word' id='word_1_450' title='bbox 1594 3121 1720 3188; x_wconf 89' lang='lat' dir='ltr'><strong>quid</strong></span> <span class='ocrx_word' id='word_1_451' title='bbox 1752 3119 1834 3172; x_wconf 89' lang='lat' dir='ltr'><strong>vel</strong></span> <span class='ocrx_word' id='word_1_452' title='bbox 1869 3116 2046 3170; x_wconf 85' lang='lat' dir='ltr'><strong>facere</strong></span> <span class='ocrx_word' id='word_1_453' title='bbox 2070 3157 2085 3182; x_wconf 93' lang='lat'><strong>,</strong></span> <span class='ocrx_word' id='word_1_454' title='bbox 2113 3127 2156 3187; x_wconf 68' lang='grc' dir='ltr'>(ι</span> <span class='ocrx_word' id='word_1_455' title='bbox 2256 3116 2578 3171; x_wconf 64' lang='lat' dir='ltr'><strong>Paupmws.</strong></span> <span class='ocrx_word' id='word_1_456' title='bbox 2613 3115 2678 3168; x_wconf 86' lang='lat' dir='ltr'><strong>Et</strong></span> <span class='ocrx_word' id='word_1_457' title='bbox 2708 3125 2830 3181; x_wconf 90' lang='lat' dir='ltr'><strong>post</strong></span> <span class='ocrx_word' id='word_1_458' title='bbox 2860 3129 3049 3183; x_wconf 90' lang='lat' dir='ltr'><strong>pauca</strong></span> <span class='ocrx_word' id='word_1_459' title='bbox 3080 3117 3334 3173; x_wconf 89' lang='lat' dir='ltr'><strong>addidit</strong></span> <span class='ocrx_word' id='word_1_460' title='bbox 3369 3121 3530 3176; x_wconf 60' lang='lat' dir='ltr'><strong>hac:</strong></span> 
     </span>
    </p>
   </div>
   <div class='ocr_carea' id='block_1_62' title="bbox 556 3211 2086 3288">
    <p class='ocr_par' dir='ltr' id='par_1_62' title="bbox 556 3211 2086 3288">
     <span class='ocr_line' id='line_1_62' title="bbox 556 3211 2086 3288; baseline -0.015 -5"><span class='ocrx_word' id='word_1_461' title='bbox 556 3229 640 3282; x_wconf 88' lang='lat' dir='ltr'><strong>vel</strong></span> <span class='ocrx_word' id='word_1_462' title='bbox 671 3227 846 3280; x_wconf 88' lang='lat' dir='ltr'><strong>dicere</strong></span> <span class='ocrx_word' id='word_1_463' title='bbox 871 3264 886 3288; x_wconf 93' lang='lat'><strong>,</strong></span> <span class='ocrx_word' id='word_1_464' title='bbox 926 3221 1007 3275; x_wconf 89' lang='lat' dir='ltr'><strong>vel</strong></span> <span class='ocrx_word' id='word_1_465' title='bbox 1035 3218 1231 3274; x_wconf 90' lang='lat' dir='ltr'><strong>sentire</strong></span> <span class='ocrx_word' id='word_1_466' title='bbox 1259 3233 1272 3269; x_wconf 89' lang='lat'><strong>:</strong></span> <span class='ocrx_word' id='word_1_467' title='bbox 1305 3229 1368 3268; x_wconf 80' lang='lat' dir='ltr'><strong>ex</strong></span> <span class='ocrx_word' id='word_1_468' title='bbox 1400 3227 1506 3282; x_wconf 88' lang='lat' dir='ltr'><strong>quo</strong></span> <span class='ocrx_word' id='word_1_469' title='bbox 1533 3211 1596 3264; x_wconf 90' lang='lat' dir='ltr'><strong>ad</strong></span> <span class='ocrx_word' id='word_1_470' title='bbox 1634 3216 1993 3276; x_wconf 91' lang='lat' dir='ltr'><strong>contemptum</strong></span> <span class='ocrx_word' id='word_1_471' title='bbox 2025 3221 2086 3260; x_wconf 89' lang='lat' dir='ltr'><strong>ac</strong></span> 
     </span>
    </p>
   </div>
   <div class='ocr_carea' id='block_1_63' title="bbox 557 3297 2088 3386">
    <p class='ocr_par' dir='ltr' id='par_1_63' title="bbox 557 3297 2088 3386">
     <span class='ocr_line' id='line_1_63' title="bbox 557 3297 2088 3386; baseline -0.014 -15"><span class='ocrx_word' id='word_1_472' title='bbox 557 3315 931 3386; x_wconf 80' lang='lat' dir='ltr'><strong>negligentiam</strong></span> <span class='ocrx_word' id='word_1_473' title='bbox 968 3309 1131 3363; x_wconf 81' lang='lat' dir='ltr'><strong>divini</strong></span> <span class='ocrx_word' id='word_1_474' title='bbox 1175 3304 1356 3374; x_wconf 80' lang='lat' dir='ltr'><strong>iudicii</strong></span> <span class='ocrx_word' id='word_1_475' title='bbox 1397 3315 1544 3354; x_wconf 87' lang='lat' dir='ltr'><strong>mens</strong></span> <span class='ocrx_word' id='word_1_476' title='bbox 1568 3301 1798 3353; x_wconf 89' lang='lat' dir='ltr'><strong>humana</strong></span> <span class='ocrx_word' id='word_1_477' title='bbox 1831 3297 2088 3350; x_wconf 81' lang='lat' dir='ltr'><strong>formabi-</strong></span> 
     </span>
    </p>
   </div>
   <div class='ocr_carea' id='block_1_64' title="bbox 560 3385 2088 3459">
    <p class='ocr_par' dir='ltr' id='par_1_64' title="bbox 560 3385 2088 3459">
     <span class='ocr_line' id='line_1_64' title="bbox 560 3385 2088 3459; baseline -0.014 -1"><span class='ocrx_word' id='word_1_478' title='bbox 560 3385 664 3459; x_wconf 67' lang='lat' dir='ltr'><strong>tur.</strong></span> <span class='ocrx_word' id='word_1_479' title='bbox 697 3403 779 3454; x_wconf 84' lang='lat' dir='ltr'><strong>Sit</strong></span> <span class='ocrx_word' id='word_1_480' title='bbox 810 3413 984 3453; x_wconf 89' lang='lat' dir='ltr'><strong>autem</strong></span> <span class='ocrx_word' id='word_1_481' title='bbox 1012 3396 1064 3448; x_wconf 93' lang='lat' dir='ltr'><strong>iu</strong></span> <span class='ocrx_word' id='word_1_482' title='bbox 1087 3392 1446 3448; x_wconf 70' lang='lat' dir='ltr'><strong>eccleSiastico</strong></span> <span class='ocrx_word' id='word_1_483' title='bbox 1468 3388 1654 3443; x_wconf 90' lang='lat' dir='ltr'><strong>ordine</strong></span> <span class='ocrx_word' id='word_1_484' title='bbox 1685 3387 1843 3438; x_wconf 90' lang='lat' dir='ltr'><strong>etiam</strong></span> <span class='ocrx_word' id='word_1_485' title='bbox 1872 3385 1936 3437; x_wconf 88' lang='lat' dir='ltr'><strong>de</strong></span> <span class='ocrx_word' id='word_1_486' title='bbox 1965 3397 2088 3452; x_wconf 92' lang='lat' dir='ltr'><strong>pec-</strong></span> 
     </span>
    </p>
   </div>
   <div class='ocr_carea' id='block_1_65' title="bbox 561 3474 2084 3557">
    <p class='ocr_par' dir='ltr' id='par_1_65' title="bbox 561 3474 2084 3557">
     <span class='ocr_line' id='line_1_65' title="bbox 561 3474 2084 3557; baseline -0.015 -9"><span class='ocrx_word' id='word_1_487' title='bbox 561 3503 798 3550; x_wconf 83' lang='lat' dir='ltr'><strong>catorum</strong></span> <span class='ocrx_word' id='word_1_488' title='bbox 831 3487 1101 3557; x_wconf 66' lang='lat' dir='ltr'><strong>suppliciis</strong></span> <span class='ocrx_word' id='word_1_489' title='bbox 1135 3485 1298 3545; x_wconf 83' lang='lat' dir='ltr'><strong>ildes,</strong></span> <span class='ocrx_word' id='word_1_490' title='bbox 1330 3491 1384 3534; x_wconf 90' lang='lat' dir='ltr'><strong>et</strong></span> <span class='ocrx_word' id='word_1_491' title='bbox 1421 3480 1486 3533; x_wconf 91' lang='lat' dir='ltr'><strong>de</strong></span> <span class='ocrx_word' id='word_1_492' title='bbox 1513 3479 1594 3532; x_wconf 93' lang='lat' dir='ltr'><strong>his</strong></span> <span class='ocrx_word' id='word_1_493' title='bbox 1625 3477 1710 3545; x_wconf 91' lang='lat' dir='ltr'><strong>qui</strong></span> <span class='ocrx_word' id='word_1_494' title='bbox 1743 3474 1956 3544; x_wconf 66' lang='grc' dir='ltr'><strong>ιιι-αξιηίε</strong></span> <span class='ocrx_word' id='word_1_495' title='bbox 1989 3476 2084 3526; x_wconf 81' lang='lat' dir='ltr'><strong>ho—</strong></span> 
     </span>
    </p>
   </div>
   <div class='ocr_carea' id='block_1_66' title="bbox 559 3562 2090 3637">
    <p class='ocr_par' dir='ltr' id='par_1_66' title="bbox 559 3562 2090 3637">
     <span class='ocr_line' id='line_1_66' title="bbox 559 3562 2090 3637; baseline -0.013 0"><span class='ocrx_word' id='word_1_496' title='bbox 559 3599 640 3637; x_wconf 68' lang='lat' dir='ltr'><strong>nec</strong></span> <span class='ocrx_word' id='word_1_497' title='bbox 685 3577 1102 3634; x_wconf 86' lang='lat' dir='ltr'><strong>conversationis</strong></span> <span class='ocrx_word' id='word_1_498' title='bbox 1155 3582 1208 3626; x_wconf 87' lang='lat' dir='ltr'><strong>et</strong></span> <span class='ocrx_word' id='word_1_499' title='bbox 1242 3571 1362 3624; x_wconf 67' lang='lat' dir='ltr'><strong>vita:</strong></span> <span class='ocrx_word' id='word_1_500' title='bbox 1395 3570 1448 3622; x_wconf 88' lang='lat' dir='ltr'><strong>in</strong></span> <span class='ocrx_word' id='word_1_501' title='bbox 1479 3581 1639 3634; x_wconf 79' lang='lat' dir='ltr'><strong>regno</strong></span> <span class='ocrx_word' id='word_1_502' title='bbox 1689 3563 1897 3617; x_wconf 90' lang='lat' dir='ltr'><strong>Domini</strong></span> <span class='ocrx_word' id='word_1_503' title='bbox 1944 3562 2090 3628; x_wconf 63' lang='lat' dir='ltr'><strong>justo</strong></span> 
     </span>
    </p>
   </div>
   <div class='ocr_carea' id='block_1_67' title="bbox 559 3654 2086 3740">
    <p class='ocr_par' dir='ltr' id='par_1_67' title="bbox 559 3654 2086 3740">
     <span class='ocr_line' id='line_1_67' title="bbox 559 3654 2086 3740; baseline -0.015 -12"><span class='ocrx_word' id='word_1_504' title='bbox 559 3673 675 3740; x_wconf 88' lang='lat' dir='ltr'><strong>ejus</strong></span> <span class='ocrx_word' id='word_1_505' title='bbox 709 3669 909 3738; x_wconf 84' lang='lat' dir='ltr'><strong>judicio</strong></span> <span class='ocrx_word' id='word_1_506' title='bbox 943 3661 1203 3732; x_wconf 87' lang='lat' dir='ltr'><strong>recepturi</strong></span> <span class='ocrx_word' id='word_1_507' title='bbox 1253 3669 1394 3714; x_wconf 92' lang='lat' dir='ltr'><strong>sunt.</strong></span> <span class='ocrx_word' id='word_1_508' title='bbox 1447 3656 1501 3711; x_wconf 91' lang='lat' dir='ltr'><strong>Si</strong></span> <span class='ocrx_word' id='word_1_509' title='bbox 1556 3655 1676 3724; x_wconf 89' lang='lat' dir='ltr'><strong>quis</strong></span> <span class='ocrx_word' id='word_1_510' title='bbox 1718 3668 1847 3721; x_wconf 76' lang='lat' dir='ltr'><strong>ergo</strong></span> <span class='ocrx_word' id='word_1_511' title='bbox 1899 3654 2086 3706; x_wconf 86' lang='lat' dir='ltr'><strong>horum</strong></span> 
     </span>
    </p>
   </div>
   <div class='ocr_carea' id='block_1_68' title="bbox 563 3747 2088 3832">
    <p class='ocr_par' dir='ltr' id='par_1_68' title="bbox 563 3747 2088 3832">
     <span class='ocr_line' id='line_1_68' title="bbox 563 3747 2088 3832; baseline -0.011 -15"><span class='ocrx_word' id='word_1_512' title='bbox 563 3762 760 3832; x_wconf 90' lang='lat' dir='ltr'><strong>a.iquid</strong></span> <span class='ocrx_word' id='word_1_513' title='bbox 788 3799 802 3824; x_wconf 92' lang='lat'><strong>,</strong></span> <span class='ocrx_word' id='word_1_514' title='bbox 852 3773 970 3826; x_wconf 69' lang='lat' dir='ltr'><strong>qua:</strong></span> <span class='ocrx_word' id='word_1_515' title='bbox 1017 3769 1174 3822; x_wconf 89' lang='lat' dir='ltr'><strong>supra</strong></span> <span class='ocrx_word' id='word_1_516' title='bbox 1212 3749 1554 3819; x_wconf 76' lang='lat' dir='ltr'><strong>exposuimus</strong></span> <span class='ocrx_word' id='word_1_517' title='bbox 1577 3789 1593 3813; x_wconf 94' lang='lat'><strong>,</strong></span> <span class='ocrx_word' id='word_1_518' title='bbox 1626 3756 1956 3799; x_wconf 86' lang='lat' dir='ltr'><strong>commutare</strong></span> <span class='ocrx_word' id='word_1_519' title='bbox 2004 3747 2088 3800; x_wconf 93' lang='lat' dir='ltr'><strong>vel</strong></span> 
     </span>
    </p>
   </div>
   <div class='ocr_carea' id='block_1_69' title="bbox 562 3840 2092 3916">
    <p class='ocr_par' dir='ltr' id='par_1_69' title="bbox 562 3840 2092 3916">
     <span class='ocr_line' id='line_1_69' title="bbox 562 3840 2092 3916; baseline -0.013 -8"><span class='ocrx_word' id='word_1_520' title='bbox 562 3853 870 3908; x_wconf 85' lang='lat' dir='ltr'><strong>subvertere</strong></span> <span class='ocrx_word' id='word_1_521' title='bbox 898 3847 1005 3916; x_wconf 80' lang='lat'><strong>(78)</strong></span> <span class='ocrx_word' id='word_1_522' title='bbox 1024 3853 1263 3906; x_wconf 87' lang='lat' dir='ltr'><strong>conatur,</strong></span> <span class='ocrx_word' id='word_1_523' title='bbox 1290 3840 1432 3892; x_wconf 88' lang='lat' dir='ltr'><strong>velut</strong></span> <span class='ocrx_word' id='word_1_524' title='bbox 1459 3853 1739 3902; x_wconf 81' lang='lat' dir='ltr'><strong>perversus,</strong></span> <span class='ocrx_word' id='word_1_525' title='bbox 1775 3847 1827 3887; x_wconf 90' lang='lat' dir='ltr'><strong>et</strong></span> <span class='ocrx_word' id='word_1_526' title='bbox 1857 3853 1887 3889; x_wconf 90' lang='lat' dir='ltr'><strong>a</strong></span> <span class='ocrx_word' id='word_1_527' title='bbox 1916 3846 2092 3890; x_wconf 83' lang='lat' dir='ltr'><strong>semel-</strong></span> 
     </span>
    </p>
   </div>
   <div class='ocr_carea' id='block_1_70' title="bbox 561 3925 2084 4007">
    <p class='ocr_par' dir='ltr' id='par_1_70' title="bbox 561 3925 2084 4007">
     <span class='ocr_line' id='line_1_70' title="bbox 561 3925 2084 4007; baseline -0.011 -13"><span class='ocrx_word' id='word_1_528' title='bbox 561 3943 673 4007; x_wconf 81' lang='lat' dir='ltr'><strong>ipso</strong></span> <span class='ocrx_word' id='word_1_529' title='bbox 717 3940 1013 3997; x_wconf 78' lang='lat' dir='ltr'><strong>danmntus,</strong></span> <span class='ocrx_word' id='word_1_530' title='bbox 1047 3935 1331 3986; x_wconf 79' lang='lat' dir='ltr'><strong>secundum</strong></span> <span class='ocrx_word' id='word_1_531' title='bbox 1379 3928 1694 3982; x_wconf 88' lang='lat' dir='ltr'><strong>sententiam</strong></span> <span class='ocrx_word' id='word_1_532' title='bbox 1741 3925 1977 3993; x_wconf 87' lang='lat' dir='ltr'><strong>Apostoli</strong></span> <span class='ocrx_word' id='word_1_533' title='bbox 2019 3927 2084 3990; x_wconf 82' lang='lat'><strong>&quot;,</strong></span> 
     </span>
    </p>
   </div>
   <div class='ocr_carea' id='block_1_71' title="bbox 560 4014 2090 4091">
    <p class='ocr_par' dir='ltr' id='par_1_71' title="bbox 560 4014 2090 4091">
     <span class='ocr_line' id='line_1_71' title="bbox 560 4014 2090 4091; baseline -0.01 -6"><span class='ocrx_word' id='word_1_534' title='bbox 560 4033 718 4086; x_wconf 88' lang='lat' dir='ltr'><strong>etiam</strong></span> <span class='ocrx_word' id='word_1_535' title='bbox 755 4043 783 4080; x_wconf 92' lang='lat' dir='ltr'><strong>a</strong></span> <span class='ocrx_word' id='word_1_536' title='bbox 829 4026 982 4080; x_wconf 89' lang='lat' dir='ltr'><strong>nobis</strong></span> <span class='ocrx_word' id='word_1_537' title='bbox 1015 4031 1274 4091; x_wconf 65' lang='lat' dir='ltr'><strong>praecepto</strong></span> <span class='ocrx_word' id='word_1_538' title='bbox 1307 4017 1718 4086; x_wconf 86' lang='lat' dir='ltr'><strong>obsequentihus</strong></span> <span class='ocrx_word' id='word_1_539' title='bbox 1749 4014 1863 4083; x_wconf 81' lang='lat' dir='ltr'><strong>ejus</strong></span> <span class='ocrx_word' id='word_1_540' title='bbox 1890 4057 1905 4081; x_wconf 96' lang='lat'><strong>,</strong></span> <span class='ocrx_word' id='word_1_541' title='bbox 1941 4018 2090 4070; x_wconf 88' lang='lat' dir='ltr'><strong>simi-</strong></span> 
     </span>
    </p>
   </div>
   <div class='ocr_carea' id='block_1_72' title="bbox 560 4106 2085 4178">
    <p class='ocr_par' dir='ltr' id='par_1_72' title="bbox 560 4106 2085 4178">
     <span class='ocr_line' id='line_1_72' title="bbox 560 4106 2085 4178; baseline -0.009 -3"><span class='ocrx_word' id='word_1_542' title='bbox 560 4121 681 4175; x_wconf 87' lang='lat' dir='ltr'><strong>liter</strong></span> <span class='ocrx_word' id='word_1_543' title='bbox 714 4116 982 4172; x_wconf 88' lang='lat' dir='ltr'><strong>hahendus</strong></span> <span class='ocrx_word' id='word_1_544' title='bbox 1013 4123 1115 4166; x_wconf 87' lang='lat' dir='ltr'><strong>est.</strong></span> <span class='ocrx_word' id='word_1_545' title='bbox 1163 4111 1407 4178; x_wconf 79' lang='lat' dir='ltr'><strong>Designet</strong></span> <span class='ocrx_word' id='word_1_546' title='bbox 1453 4117 1627 4159; x_wconf 87' lang='lat' dir='ltr'><strong>autem</strong></span> <span class='ocrx_word' id='word_1_547' title='bbox 1662 4106 2085 4162; x_wconf 87' lang='lat' dir='ltr'><strong>ecclesiasticum</strong></span> 
     </span>
    </p>
   </div>
   <div class='ocr_carea' id='block_1_73' title="bbox 628 4249 1706 4315">
    <p class='ocr_par' dir='ltr' id='par_1_73' title="bbox 628 4249 1706 4315">
     <span class='ocr_line' id='line_1_73' title="bbox 628 4249 1706 4315; baseline -0.01 -2"><span class='ocrx_word' id='word_1_548' title='bbox 628 4262 669 4292; x_wconf 74' lang='grc' dir='ltr'><strong>’ί</strong></span> <span class='ocrx_word' id='word_1_549' title='bbox 711 4259 904 4312; x_wconf 75' lang='lat' dir='ltr'><strong>Psalm.</strong></span> <span class='ocrx_word' id='word_1_550' title='bbox 936 4269 1102 4315; x_wconf 79' lang='lat' dir='ltr'><strong>Lxxn,</strong></span> <span class='ocrx_word' id='word_1_551' title='bbox 1142 4251 1198 4305; x_wconf 87' lang='lat'><strong>8.</strong></span> <span class='ocrx_word' id='word_1_552' title='bbox 1299 4253 1341 4283; x_wconf 81' lang='lat'>“</span> <span class='ocrx_word' id='word_1_553' title='bbox 1372 4250 1474 4302; x_wconf 86' lang='lat' dir='ltr'><strong>Tit.</strong></span> <span class='ocrx_word' id='word_1_554' title='bbox 1503 4265 1583 4312; x_wconf 89' lang='grc' dir='ltr'>ιιι,</span> <span class='ocrx_word' id='word_1_555' title='bbox 1621 4249 1706 4303; x_wconf 82' lang='lat' dir='ltr'><strong>ll.</strong></span> 
     </span>
    </p>
   </div>
   <div class='ocr_carea' id='block_1_74' title="bbox 561 4318 1514 4391">
    <p class='ocr_par' dir='ltr' id='par_1_74' title="bbox 561 4318 1514 4391">
     <span class='ocr_line' id='line_1_74' title="bbox 561 4318 1514 4391; baseline -0.014 -8"><span class='ocrx_word' id='word_1_556' title='bbox 561 4329 606 4359; x_wconf 80' lang='lat'>“</span> <span class='ocrx_word' id='word_1_557' title='bbox 629 4329 728 4382; x_wconf 88' lang='lat' dir='ltr'><strong>lsa.</strong></span> <span class='ocrx_word' id='word_1_558' title='bbox 755 4343 853 4380; x_wconf 76' lang='lat' dir='ltr'><strong>va</strong></span> <span class='ocrx_word' id='word_1_559' title='bbox 876 4365 892 4391; x_wconf 91' lang='lat'><strong>,</strong></span> <span class='ocrx_word' id='word_1_560' title='bbox 925 4325 977 4378; x_wconf 84' lang='lat'><strong>5.</strong></span> <span class='ocrx_word' id='word_1_561' title='bbox 1072 4324 1112 4354; x_wconf 79' lang='grc'><strong>³⁷</strong></span> <span class='ocrx_word' id='word_1_562' title='bbox 1152 4319 1286 4375; x_wconf 79' lang='lat' dir='ltr'><strong>Psal.</strong></span> <span class='ocrx_word' id='word_1_563' title='bbox 1319 4334 1438 4382; x_wconf 66' lang='grc' dir='ltr'>οη,</span> <span class='ocrx_word' id='word_1_564' title='bbox 1461 4318 1514 4370; x_wconf 82' lang='grc'><strong>5.</strong></span> 
     </span>
    </p>
   </div>
   <div class='ocr_carea' id='block_1_75' title="bbox 1803 4248 2283 4312">
    <p class='ocr_par' dir='ltr' id='par_1_75' title="bbox 1803 4248 2283 4312">
     <span class='ocr_line' id='line_1_75' title="bbox 1803 4248 2283 4312; baseline 0.004 -10"><span class='ocrx_word' id='word_1_565' title='bbox 1803 4249 1847 4280; x_wconf 78' lang='grc'><strong>⁸³</strong></span> <span class='ocrx_word' id='word_1_566' title='bbox 1874 4248 1894 4301; x_wconf 89' lang='grc'><strong>1</strong></span> <span class='ocrx_word' id='word_1_567' title='bbox 1919 4248 2040 4305; x_wconf 88' lang='lat' dir='ltr'><strong>Cor.</strong></span> <span class='ocrx_word' id='word_1_568' title='bbox 2074 4266 2164 4312; x_wconf 82' lang='lat' dir='ltr'><strong>xv,</strong></span> <span class='ocrx_word' id='word_1_569' title='bbox 2198 4251 2283 4304; x_wconf 76' lang='grc'><strong>15.</strong></span> 
     </span>
    </p>
   </div>
   <div class='ocr_carea' id='block_1_76' title="bbox 2259 3205 3814 3281">
    <p class='ocr_par' dir='ltr' id='par_1_76' title="bbox 2259 3205 3814 3281">
     <span class='ocr_line' id='line_1_76' title="bbox 2259 3205 3814 3281; baseline 0.001 -20"><span class='ocrx_word' id='word_1_570' title='bbox 2259 3206 2542 3262; x_wconf 75' lang='lat' dir='ltr'><strong>ORIGENES.</strong></span> <span class='ocrx_word' id='word_1_571' title='bbox 2606 3223 2623 3255; x_wconf 82' lang='grc' dir='ltr'><strong>ι</strong></span> <span class='ocrx_word' id='word_1_572' title='bbox 2681 3205 3098 3274; x_wconf 83' lang='lat' dir='ltr'><strong>Requisiernnt</strong></span> <span class='ocrx_word' id='word_1_573' title='bbox 3157 3221 3322 3264; x_wconf 86' lang='lat' dir='ltr'><strong>sane</strong></span> <span class='ocrx_word' id='word_1_574' title='bbox 3379 3212 3616 3281; x_wconf 88' lang='lat' dir='ltr'><strong>quidam</strong></span> <span class='ocrx_word' id='word_1_575' title='bbox 3666 3220 3814 3265; x_wconf 87' lang='lat' dir='ltr'><strong>utrum</strong></span> 
     </span>
    </p>
   </div>
   <div class='ocr_carea' id='block_1_77' title="bbox 2192 3296 3816 3369">
    <p class='ocr_par' dir='ltr' id='par_1_77' title="bbox 2192 3296 3816 3369">
     <span class='ocr_line' id='line_1_77' title="bbox 2192 3296 3816 3369; baseline 0 -16"><span class='ocrx_word' id='word_1_576' title='bbox 2192 3299 2464 3360; x_wconf 68' lang='lat' dir='ltr'><strong>haeresim,</strong></span> <span class='ocrx_word' id='word_1_577' title='bbox 2504 3296 2633 3366; x_wconf 66' lang='lat' dir='ltr'><strong>(8l)&#39;</strong></span> <span class='ocrx_word' id='word_1_578' title='bbox 2657 3312 2723 3348; x_wconf 90' lang='lat' dir='ltr'><strong>an</strong></span> <span class='ocrx_word' id='word_1_579' title='bbox 2763 3297 3018 3352; x_wconf 90' lang='lat' dir='ltr'><strong>schisma</strong></span> <span class='ocrx_word' id='word_1_580' title='bbox 3066 3311 3373 3368; x_wconf 86' lang='lat' dir='ltr'><strong>oporteat</strong></span> <span class='ocrx_word' id='word_1_581' title='bbox 3409 3305 3607 3357; x_wconf 87' lang='lat' dir='ltr'><strong>vocari</strong></span> <span class='ocrx_word' id='word_1_582' title='bbox 3635 3318 3721 3357; x_wconf 90' lang='lat' dir='ltr'><strong>eos</strong></span> <span class='ocrx_word' id='word_1_583' title='bbox 3745 3302 3816 3369; x_wconf 89' lang='lat' dir='ltr'><strong>qui</strong></span> 
     </span>
    </p>
   </div>
   <div class='ocr_carea' id='block_1_78' title="bbox 2191 3385 3817 3460">
    <p class='ocr_par' dir='ltr' id='par_1_78' title="bbox 2191 3385 3817 3460">
     <span class='ocr_line' id='line_1_78' title="bbox 2191 3385 3817 3460; baseline -0.002 -16"><span class='ocrx_word' id='word_1_584' title='bbox 2191 3387 2540 3456; x_wconf 72' lang='lat' dir='ltr'><strong>Cataphrygre</strong></span> <span class='ocrx_word' id='word_1_585' title='bbox 2587 3385 2968 3450; x_wconf 89' lang='lat' dir='ltr'><strong>nominantur,</strong></span> <span class='ocrx_word' id='word_1_586' title='bbox 3022 3387 3480 3445; x_wconf 85' lang='lat' dir='ltr'><strong>observantes.</strong></span> <span class='ocrx_word' id='word_1_587' title='bbox 3509 3390 3674 3445; x_wconf 80' lang='lat' dir='ltr'><strong>falsos</strong></span> <span class='ocrx_word' id='word_1_588' title='bbox 3715 3405 3817 3460; x_wconf 81' lang='lat' dir='ltr'><strong>pro-</strong></span> 
     </span>
    </p>
   </div>
   <div class='ocr_carea' id='block_1_79' title="bbox 2193 3470 3817 3546">
    <p class='ocr_par' dir='ltr' id='par_1_79' title="bbox 2193 3470 3817 3546">
     <span class='ocr_line' id='line_1_79' title="bbox 2193 3470 3817 3546; baseline -0.003 -18"><span class='ocrx_word' id='word_1_589' title='bbox 2193 3477 2380 3543; x_wconf 90' lang='lat' dir='ltr'><strong>phetas</strong></span> <span class='ocrx_word' id='word_1_590' title='bbox 2427 3483 2479 3525; x_wconf 93' lang='lat' dir='ltr'><strong>et</strong></span> <span class='ocrx_word' id='word_1_591' title='bbox 2528 3473 2771 3525; x_wconf 84' lang='lat' dir='ltr'><strong>dicentes</strong></span> <span class='ocrx_word' id='word_1_592' title='bbox 2807 3489 2820 3524; x_wconf 91' lang='lat'><strong>:</strong></span> <span class='ocrx_word' id='word_1_593' title='bbox 2852 3470 2940 3524; x_wconf 89' lang='lat' dir='ltr'><strong>Ne</strong></span> <span class='ocrx_word' id='word_1_594' title='bbox 2973 3478 3241 3528; x_wconf 80' lang='lat' dir='ltr'><strong>accedas</strong></span> <span class='ocrx_word' id='word_1_595' title='bbox 3301 3477 3381 3529; x_wconf 87' lang='lat' dir='ltr'><strong>ad</strong></span> <span class='ocrx_word' id='word_1_596' title='bbox 3437 3493 3560 3542; x_wconf 86' lang='lat' dir='ltr'><strong>me,</strong></span> <span class='ocrx_word' id='word_1_597' title='bbox 3603 3477 3817 3546; x_wconf 73' lang='lat' dir='ltr'><strong>quoniam</strong></span> 
     </span>
    </p>
   </div>
   <div class='ocr_carea' id='block_1_80' title="bbox 2190 3563 3818 3638">
    <p class='ocr_par' dir='ltr' id='par_1_80' title="bbox 2190 3563 3818 3638">
     <span class='ocr_line' id='line_1_80' title="bbox 2190 3563 3818 3638; baseline -0.002 -17"><span class='ocrx_word' id='word_1_598' title='bbox 2190 3566 2408 3621; x_wconf 83' lang='lat' dir='ltr'><strong>mundus</strong></span> <span class='ocrx_word' id='word_1_599' title='bbox 2442 3580 2554 3616; x_wconf 82' lang='lat' dir='ltr'><strong>sum</strong></span> <span class='ocrx_word' id='word_1_600' title='bbox 2577 3563 2622 3593; x_wconf 85' lang='grc'>²⁶</span> <span class='ocrx_word' id='word_1_601' title='bbox 2652 3581 2666 3616; x_wconf 87' lang='lat'><strong>:</strong></span> <span class='ocrx_word' id='word_1_602' title='bbox 2705 3577 2812 3615; x_wconf 93' lang='lat' dir='ltr'><strong>non</strong></span> <span class='ocrx_word' id='word_1_603' title='bbox 2844 3564 2998 3616; x_wconf 83' lang='lat' dir='ltr'><strong>enim</strong></span> <span class='ocrx_word' id='word_1_604' title='bbox 3037 3565 3173 3634; x_wconf 65' lang='lat'><strong>(8‘2)</strong></span> <span class='ocrx_word' id='word_1_605' title='bbox 3212 3570 3430 3638; x_wconf 79' lang='lat' dir='ltr'><strong>accepi</strong></span> <span class='ocrx_word' id='word_1_606' title='bbox 3470 3583 3718 3631; x_wconf 80' lang='lat' dir='ltr'><strong>uxorcm,</strong></span> <span class='ocrx_word' id='word_1_607' title='bbox 3742 3579 3818 3619; x_wconf 84' lang='lat' dir='ltr'><strong>nec</strong></span> 
     </span>
    </p>
   </div>
   <div class='ocr_carea' id='block_1_81' title="bbox 2189 3653 3819 3722">
    <p class='ocr_par' dir='ltr' id='par_1_81' title="bbox 2189 3653 3819 3722">
     <span class='ocr_line' id='line_1_81' title="bbox 2189 3653 3819 3722; baseline -0.002 -10"><span class='ocrx_word' id='word_1_608' title='bbox 2189 3666 2270 3712; x_wconf 90' lang='lat' dir='ltr'><strong>est</strong></span> <span class='ocrx_word' id='word_1_609' title='bbox 2299 3653 2594 3722; x_wconf 82' lang='lat' dir='ltr'><strong>sepulcrum</strong></span> <span class='ocrx_word' id='word_1_610' title='bbox 2627 3662 2818 3719; x_wconf 87' lang='lat' dir='ltr'><strong>patens</strong></span> <span class='ocrx_word' id='word_1_611' title='bbox 2844 3663 3048 3719; x_wconf 84' lang='lat' dir='ltr'><strong>guttur</strong></span> <span class='ocrx_word' id='word_1_612' title='bbox 3091 3672 3307 3710; x_wconf 87' lang='lat' dir='ltr'><strong>meum</strong></span> <span class='ocrx_word' id='word_1_613' title='bbox 3334 3698 3351 3722; x_wconf 92' lang='lat'><strong>,</strong></span> <span class='ocrx_word' id='word_1_614' title='bbox 3389 3660 3496 3713; x_wconf 90' lang='lat' dir='ltr'><strong>sed</strong></span> <span class='ocrx_word' id='word_1_615' title='bbox 3527 3673 3648 3713; x_wconf 88' lang='lat' dir='ltr'><strong>sum</strong></span> <span class='ocrx_word' id='word_1_616' title='bbox 3675 3657 3819 3711; x_wconf 79' lang='lat' dir='ltr'><strong>Naza-</strong></span> 
     </span>
    </p>
   </div>
   <div class='ocr_carea' id='block_1_82' title="bbox 2191 3743 3488 3804">
    <p class='ocr_par' dir='ltr' id='par_1_82' title="bbox 2191 3743 3488 3804">
     <span class='ocr_line' id='line_1_82' title="bbox 2191 3743 3488 3804; baseline -0.008 -2"><span class='ocrx_word' id='word_1_617' title='bbox 2191 3762 2326 3802; x_wconf 75' lang='lat' dir='ltr'><strong>rteus</strong></span> <span class='ocrx_word' id='word_1_618' title='bbox 2357 3745 2473 3804; x_wconf 87' lang='lat' dir='ltr'><strong>Dei,</strong></span> <span class='ocrx_word' id='word_1_619' title='bbox 2509 3758 2612 3796; x_wconf 93' lang='lat' dir='ltr'><strong>non</strong></span> <span class='ocrx_word' id='word_1_620' title='bbox 2643 3743 2834 3797; x_wconf 88' lang='lat' dir='ltr'><strong>bibens</strong></span> <span class='ocrx_word' id='word_1_621' title='bbox 2859 3745 3060 3797; x_wconf 89' lang='lat' dir='ltr'><strong>vinum</strong></span> <span class='ocrx_word' id='word_1_622' title='bbox 3097 3747 3272 3802; x_wconf 72' lang='lat' dir='ltr'><strong>sicut</strong></span> <span class='ocrx_word' id='word_1_623' title='bbox 3309 3749 3420 3802; x_wconf 81' lang='lat' dir='ltr'><strong>illi,</strong></span> <span class='ocrx_word' id='word_1_624' title='bbox 3465 3767 3488 3802; x_wconf 66' lang='grc' dir='ltr'><strong>ι</strong></span> 
     </span>
    </p>
   </div>
   <div class='ocr_carea' id='block_1_83' title="bbox 2261 3833 3818 3908">
    <p class='ocr_par' dir='ltr' id='par_1_83' title="bbox 2261 3833 3818 3908">
     <span class='ocr_line' id='line_1_83' title="bbox 2261 3833 3818 3908; baseline 0.001 -17"><span class='ocrx_word' id='word_1_625' title='bbox 2261 3838 2577 3892; x_wconf 66' lang='grc' dir='ltr'>Ρλιιριιιιιιε.</span> <span class='ocrx_word' id='word_1_626' title='bbox 2633 3833 2754 3888; x_wconf 65' lang='lat' dir='ltr'><strong>Istae</strong></span> <span class='ocrx_word' id='word_1_627' title='bbox 2789 3837 2956 3888; x_wconf 84' lang='lat' dir='ltr'><strong>voces</strong></span> <span class='ocrx_word' id='word_1_628' title='bbox 2991 3845 3139 3890; x_wconf 89' lang='lat' dir='ltr'><strong>sunt</strong></span> <span class='ocrx_word' id='word_1_629' title='bbox 3173 3839 3316 3907; x_wconf 87' lang='lat' dir='ltr'><strong>ejus</strong></span> <span class='ocrx_word' id='word_1_630' title='bbox 3353 3840 3458 3908; x_wconf 91' lang='lat' dir='ltr'><strong>qui</strong></span> <span class='ocrx_word' id='word_1_631' title='bbox 3492 3841 3648 3894; x_wconf 86' lang='lat' dir='ltr'><strong>velut</strong></span> <span class='ocrx_word' id='word_1_632' title='bbox 3674 3841 3818 3894; x_wconf 70' lang='lat' dir='ltr'><strong>haere-</strong></span> 
     </span>
    </p>
   </div>
   <div class='ocr_carea' id='block_1_84' title="bbox 2197 3926 3818 4000">
    <p class='ocr_par' dir='ltr' id='par_1_84' title="bbox 2197 3926 3818 4000">
     <span class='ocr_line' id='line_1_84' title="bbox 2197 3926 3818 4000; baseline -0.009 -17"><span class='ocrx_word' id='word_1_633' title='bbox 2197 3930 2330 3983; x_wconf 89' lang='lat' dir='ltr'><strong>ticus</strong></span> <span class='ocrx_word' id='word_1_634' title='bbox 2373 3934 2680 3986; x_wconf 87' lang='lat' dir='ltr'><strong>accusatur,</strong></span> <span class='ocrx_word' id='word_1_635' title='bbox 2730 3933 2787 3976; x_wconf 90' lang='lat' dir='ltr'><strong>et</strong></span> <span class='ocrx_word' id='word_1_636' title='bbox 2835 3926 3154 3994; x_wconf 85' lang='lat' dir='ltr'><strong>corruptio</strong></span> <span class='ocrx_word' id='word_1_637' title='bbox 3193 3945 3274 3985; x_wconf 90' lang='lat' dir='ltr'><strong>ac</strong></span> <span class='ocrx_word' id='word_1_638' title='bbox 3327 3933 3590 4000; x_wconf 60' lang='lat' dir='ltr'><strong>perditio</strong></span> <span class='ocrx_word' id='word_1_639' title='bbox 3639 3933 3818 3985; x_wconf 61' lang='lat' dir='ltr'><strong>anima.</strong></span> 
     </span>
    </p>
   </div>
   <div class='ocr_carea' id='block_1_85' title="bbox 2193 4013 3821 4080">
    <p class='ocr_par' dir='ltr' id='par_1_85' title="bbox 2193 4013 3821 4080">
     <span class='ocr_line' id='line_1_85' title="bbox 2193 4013 3821 4080; baseline -0.002 -9"><span class='ocrx_word' id='word_1_640' title='bbox 2193 4032 2331 4078; x_wconf 90' lang='lat' dir='ltr'><strong>rum,</strong></span> <span class='ocrx_word' id='word_1_641' title='bbox 2365 4014 2434 4067; x_wconf 90' lang='lat' dir='ltr'><strong>ab</strong></span> <span class='ocrx_word' id='word_1_642' title='bbox 2462 4014 2546 4066; x_wconf 87' lang='lat' dir='ltr'><strong>his</strong></span> <span class='ocrx_word' id='word_1_643' title='bbox 2570 4013 2662 4079; x_wconf 90' lang='lat' dir='ltr'><strong>qui</strong></span> <span class='ocrx_word' id='word_1_644' title='bbox 2698 4025 3060 4080; x_wconf 86' lang='lat' dir='ltr'><strong>nequaquam</strong></span> <span class='ocrx_word' id='word_1_645' title='bbox 3091 4019 3332 4073; x_wconf 88' lang='lat' dir='ltr'><strong>ostium</strong></span> <span class='ocrx_word' id='word_1_646' title='bbox 3364 4023 3458 4075; x_wconf 90' lang='lat' dir='ltr'><strong>ori</strong></span> <span class='ocrx_word' id='word_1_647' title='bbox 3491 4037 3599 4077; x_wconf 86' lang='lat' dir='ltr'><strong>suo</strong></span> <span class='ocrx_word' id='word_1_648' title='bbox 3623 4031 3677 4076; x_wconf 77' lang='lat' dir='ltr'><strong>ei</strong></span> <span class='ocrx_word' id='word_1_649' title='bbox 3700 4020 3821 4075; x_wconf 84' lang='lat' dir='ltr'><strong>clau-</strong></span> 
     </span>
    </p>
   </div>
   <div class='ocr_carea' id='block_1_86' title="bbox 2193 4101 3819 4177">
    <p class='ocr_par' dir='ltr' id='par_1_86' title="bbox 2193 4101 3819 4177">
     <span class='ocr_line' id='line_1_86' title="bbox 2193 4101 3819 4177; baseline -0.001 -16"><span class='ocrx_word' id='word_1_650' title='bbox 2193 4116 2301 4162; x_wconf 89' lang='lat' dir='ltr'><strong>stra</strong></span> <span class='ocrx_word' id='word_1_651' title='bbox 2352 4103 2504 4158; x_wconf 87' lang='lat' dir='ltr'><strong>labiis</strong></span> <span class='ocrx_word' id='word_1_652' title='bbox 2529 4101 2642 4156; x_wconf 81' lang='lat' dir='ltr'><strong>suis</strong></span> <span class='ocrx_word' id='word_1_653' title='bbox 2669 4101 2956 4169; x_wconf 89' lang='lat' dir='ltr'><strong>imponere</strong></span> <span class='ocrx_word' id='word_1_654' title='bbox 2990 4118 3023 4156; x_wconf 89' lang='lat' dir='ltr'><strong>a</strong></span> <span class='ocrx_word' id='word_1_655' title='bbox 3083 4104 3403 4177; x_wconf 82' lang='lat' dir='ltr'><strong>PrOpheta</strong></span> <span class='ocrx_word' id='word_1_656' title='bbox 3439 4109 3819 4166; x_wconf 83' lang='lat' dir='ltr'><strong>didicerunt&quot;.</strong></span> 
     </span>
    </p>
   </div>
   <div class='ocr_carea' id='block_1_87' title="bbox 2389 4244 3821 4317">
    <p class='ocr_par' dir='ltr' id='par_1_87' title="bbox 2389 4244 3821 4317">
     <span class='ocr_line' id='line_1_87' title="bbox 2389 4244 3821 4317; baseline 0 -16"><span class='ocrx_word' id='word_1_657' title='bbox 2389 4247 2434 4278; x_wconf 74' lang='lat'>“</span> <span class='ocrx_word' id='word_1_658' title='bbox 2461 4244 2668 4301; x_wconf 90' lang='lat' dir='ltr'><strong>Daniel.</strong></span> <span class='ocrx_word' id='word_1_659' title='bbox 2711 4261 2768 4308; x_wconf 79' lang='grc' dir='ltr'>ιι,</span> <span class='ocrx_word' id='word_1_660' title='bbox 2799 4244 2897 4310; x_wconf 79' lang='grc'><strong>15;</strong></span> <span class='ocrx_word' id='word_1_661' title='bbox 2928 4247 3187 4315; x_wconf 87' lang='lat' dir='ltr'><strong>Apocal.</strong></span> <span class='ocrx_word' id='word_1_662' title='bbox 3225 4267 3340 4317; x_wconf 80' lang='lat' dir='ltr'><strong>xu,</strong></span> <span class='ocrx_word' id='word_1_663' title='bbox 3375 4252 3432 4306; x_wconf 89' lang='lat'><strong>7.</strong></span> <span class='ocrx_word' id='word_1_664' title='bbox 3542 4255 3590 4285; x_wconf 81' lang='lat'><strong>&quot;</strong></span> <span class='ocrx_word' id='word_1_665' title='bbox 3625 4252 3740 4308; x_wconf 75' lang='lat' dir='ltr'><strong>Iud.</strong></span> <span class='ocrx_word' id='word_1_666' title='bbox 3779 4251 3821 4302; x_wconf 82' lang='lat'><strong>6.</strong></span> 
     </span>
    </p>
   </div>
   <div class='ocr_carea' id='block_1_88' title="bbox 565 4427 3820 4506">
    <p class='ocr_par' dir='ltr' id='par_1_88' title="bbox 565 4427 3820 4506">
     <span class='ocr_line' id='line_1_88' title="bbox 565 4427 3820 4506; baseline -0.005 -7"><span class='ocrx_word' id='word_1_667' title='bbox 565 4445 640 4499; x_wconf 86' lang='lat' dir='ltr'><strong>De</strong></span> <span class='ocrx_word' id='word_1_668' title='bbox 677 4445 835 4498; x_wconf 90' lang='lat' dir='ltr'><strong>hacce</strong></span> <span class='ocrx_word' id='word_1_669' title='bbox 872 4442 1061 4495; x_wconf 60' lang='lat' dir='ltr'><strong>ha‘resi</strong></span> <span class='ocrx_word' id='word_1_670' title='bbox 1095 4437 1212 4492; x_wconf 82' lang='lat' dir='ltr'><strong>vide</strong></span> <span class='ocrx_word' id='word_1_671' title='bbox 1257 4435 1398 4503; x_wconf 87' lang='lat' dir='ltr'><strong>quod</strong></span> <span class='ocrx_word' id='word_1_672' title='bbox 1437 4433 1665 4486; x_wconf 79' lang='lat' dir='ltr'><strong>diximus</strong></span> <span class='ocrx_word' id='word_1_673' title='bbox 1713 4429 2077 4500; x_wconf 84' lang='lat' dir='ltr'><strong>Origenianor.</strong></span> <span class='ocrx_word' id='word_1_674' title='bbox 2112 4437 2154 4489; x_wconf 80' lang='grc' dir='ltr'>ι)</span> <span class='ocrx_word' id='word_1_675' title='bbox 2184 4432 2317 4484; x_wconf 76' lang='lat' dir='ltr'><strong>inter</strong></span> <span class='ocrx_word' id='word_1_676' title='bbox 2357 4444 2443 4482; x_wconf 86' lang='lat' dir='ltr'><strong>eos</strong></span> <span class='ocrx_word' id='word_1_677' title='bbox 2475 4427 2746 4506; x_wconf 61' lang='lat' dir='ltr'><strong>hereticos</strong></span> <span class='ocrx_word' id='word_1_678' title='bbox 2798 4432 3142 4484; x_wconf 80' lang='lat' dir='ltr'><strong>numerandi</strong></span> <span class='ocrx_word' id='word_1_679' title='bbox 3206 4443 3354 4488; x_wconf 83' lang='lat' dir='ltr'><strong>sunt</strong></span> <span class='ocrx_word' id='word_1_680' title='bbox 3393 4438 3499 4506; x_wconf 81' lang='lat' dir='ltr'><strong>qui</strong></span> <span class='ocrx_word' id='word_1_681' title='bbox 3514 4477 3532 4503; x_wconf 84' lang='lat'><strong>,</strong></span> <span class='ocrx_word' id='word_1_682' title='bbox 3582 4446 3691 4492; x_wconf 82' lang='lat' dir='ltr'><strong>etc.</strong></span> <span class='ocrx_word' id='word_1_683' title='bbox 3735 4434 3820 4488; x_wconf 86' lang='lat' dir='ltr'><strong>Sed</strong></span> 
     </span>
    </p>
   </div>
   <div class='ocr_carea' id='block_1_89' title="bbox 561 4510 1158 4578">
    <p class='ocr_par' dir='ltr' id='par_1_89' title="bbox 561 4510 1158 4578">
     <span class='ocr_line' id='line_1_89' title="bbox 561 4510 1158 4578; baseline -0.013 -10"><span class='ocrx_word' id='word_1_684' title='bbox 561 4515 654 4568; x_wconf 91' lang='lat' dir='ltr'><strong>lib.</strong></span> <span class='ocrx_word' id='word_1_685' title='bbox 686 4530 723 4574; x_wconf 86' lang='grc' dir='ltr'>ι,</span> <span class='ocrx_word' id='word_1_686' title='bbox 757 4526 868 4578; x_wconf 83' lang='lat' dir='ltr'><strong>cap.</strong></span> <span class='ocrx_word' id='word_1_687' title='bbox 892 4513 945 4572; x_wconf 84' lang='grc'><strong>5,</strong></span> <span class='ocrx_word' id='word_1_688' title='bbox 972 4520 1070 4561; x_wconf 89' lang='lat' dir='ltr'><strong>art.</strong></span> <span class='ocrx_word' id='word_1_689' title='bbox 1105 4510 1158 4562; x_wconf 91' lang='lat'><strong>8.</strong></span> 
     </span>
    </p>
   </div>
   <div class='ocr_carea' id='block_1_90' title="bbox 633 4567 2084 4651">
    <p class='ocr_par' dir='ltr' id='par_1_90' title="bbox 633 4567 2084 4651">
     <span class='ocr_line' id='line_1_90' title="bbox 633 4567 2084 4651; baseline -0.009 -17"><span class='ocrx_word' id='word_1_690' title='bbox 633 4567 740 4651; x_wconf 54' lang='lat'><strong>(79:)</strong></span> <span class='ocrx_word' id='word_1_691' title='bbox 774 4567 1294 4651; x_wconf 53' lang='grc' dir='ltr'>Ιιὶῖιιιιξιιὶινὶηὶιᾳιεηι,</span> <span class='ocrx_word' id='word_1_692' title='bbox 1326 4588 1386 4651; x_wconf 75' lang='lat' dir='ltr'><strong>ne</strong></span> <span class='ocrx_word' id='word_1_693' title='bbox 1410 4575 1545 4651; x_wconf 69' lang='lat' dir='ltr'><strong>ipsos</strong></span> <span class='ocrx_word' id='word_1_694' title='bbox 1579 4567 1780 4635; x_wconf 83' lang='lat' dir='ltr'><strong>quidem</strong></span> <span class='ocrx_word' id='word_1_695' title='bbox 1813 4567 2084 4651; x_wconf 45' lang='lat' dir='ltr'><strong>sineIperi-</strong></span> 
     </span>
    </p>
   </div>
   <div class='ocr_carea' id='block_1_91' title="bbox 562 4634 2084 4717">
    <p class='ocr_par' dir='ltr' id='par_1_91' title="bbox 562 4634 2084 4717">
     <span class='ocr_line' id='line_1_91' title="bbox 562 4634 2084 4717; baseline -0.011 -13"><span class='ocrx_word' id='word_1_696' title='bbox 562 4634 676 4704; x_wconf 63' lang='lat' dir='ltr'><strong>cuia</strong></span> <span class='ocrx_word' id='word_1_697' title='bbox 707 4634 813 4703; x_wconf 64' lang='lat' dir='ltr'><strong>esse</strong></span> <span class='ocrx_word' id='word_1_698' title='bbox 845 4634 1236 4717; x_wconf 76' lang='lat' dir='ltr'><strong>(Genelira_rdu_s</strong></span> <span class='ocrx_word' id='word_1_699' title='bbox 1273 4634 1470 4717; x_wconf 78' lang='lat' dir='ltr'><strong>omittit</strong></span> <span class='ocrx_word' id='word_1_700' title='bbox 1507 4634 1651 4690; x_wconf 83' lang='lat' dir='ltr'><strong>esse:</strong></span> <span class='ocrx_word' id='word_1_701' title='bbox 1681 4652 1780 4689; x_wconf 88' lang='lat' dir='ltr'><strong>ms.</strong></span> <span class='ocrx_word' id='word_1_702' title='bbox 1801 4634 2084 4717; x_wconf 46' lang='lat' dir='ltr'><strong>_Sorbtlmi-</strong></span> 
     </span>
    </p>
   </div>
   <div class='ocr_carea' id='block_1_92' title="bbox 467 4705 2083 4788">
    <p class='ocr_par' dir='ltr' id='par_1_92' title="bbox 467 4705 2083 4788">
     <span class='ocr_line' id='line_1_92' title="bbox 467 4705 2083 4788; baseline -0.009 -15"><span class='ocrx_word' id='word_1_703' title='bbox 467 4726 474 4735; x_wconf 89' lang='lat'><strong>&#39;</strong></span> <span class='ocrx_word' id='word_1_704' title='bbox 564 4735 660 4772; x_wconf 89' lang='lat' dir='ltr'><strong>cus</strong></span> <span class='ocrx_word' id='word_1_705' title='bbox 685 4735 826 4788; x_wconf 80' lang='lat' dir='ltr'><strong>passe</strong></span> <span class='ocrx_word' id='word_1_706' title='bbox 851 4705 951 4785; x_wconf 47' lang='lat' dir='ltr'><strong>‘pro</strong></span> <span class='ocrx_word' id='word_1_707' title='bbox 997 4713 1146 4782; x_wconf 82' lang='lat' dir='ltr'><strong>esse),</strong></span> <span class='ocrx_word' id='word_1_708' title='bbox 1177 4711 1419 4788; x_wconf 62' lang='lat' dir='ltr'><strong>Ecclesia:</strong></span> <span class='ocrx_word' id='word_1_709' title='bbox 1449 4722 1658 4788; x_wconf 67' lang='lat' dir='ltr'><strong>nutriere</strong></span> <span class='ocrx_word' id='word_1_710' title='bbox 1707 4705 1915 4756; x_wconf 83' lang='lat' dir='ltr'><strong>sociari.</strong></span> <span class='ocrx_word' id='word_1_711' title='bbox 1969 4705 2083 4758; x_wconf 68' lang='lat' dir='ltr'><strong>(Ire-</strong></span> 
     </span>
    </p>
   </div>
   <div class='ocr_carea' id='block_1_93' title="bbox 563 4777 2079 4846">
    <p class='ocr_par' dir='ltr' id='par_1_93' title="bbox 563 4777 2079 4846">
     <span class='ocr_line' id='line_1_93' title="bbox 563 4777 2079 4846; baseline -0.011 -5"><span class='ocrx_word' id='word_1_712' title='bbox 563 4789 659 4841; x_wconf 74' lang='lat' dir='ltr'><strong>tcri</strong></span> <span class='ocrx_word' id='word_1_713' title='bbox 685 4777 812 4841; x_wconf 70' lang='lat' dir='ltr'><strong>inss.</strong></span> <span class='ocrx_word' id='word_1_714' title='bbox 845 4777 899 4838; x_wconf 70' lang='lat' dir='ltr'><strong>tit</strong></span> <span class='ocrx_word' id='word_1_715' title='bbox 925 4788 972 4838; x_wconf 88' lang='lat' dir='ltr'><strong>in</strong></span> <span class='ocrx_word' id='word_1_716' title='bbox 1005 4777 1167 4843; x_wconf 75' lang='lat' dir='ltr'><strong>textu,</strong></span> <span class='ocrx_word' id='word_1_717' title='bbox 1201 4781 1299 4833; x_wconf 84' lang='lat' dir='ltr'><strong>nisi</strong></span> <span class='ocrx_word' id='word_1_718' title='bbox 1327 4779 1464 4846; x_wconf 89' lang='lat' dir='ltr'><strong>quod</strong></span> <span class='ocrx_word' id='word_1_719' title='bbox 1502 4777 1724 4828; x_wconf 89' lang='lat' dir='ltr'><strong>habeant</strong></span> <span class='ocrx_word' id='word_1_720' title='bbox 1751 4789 1856 4826; x_wconf 75' lang='lat' dir='ltr'><strong>esse</strong></span> <span class='ocrx_word' id='word_1_721' title='bbox 1880 4787 1974 4841; x_wconf 89' lang='lat' dir='ltr'><strong>pro</strong></span> <span class='ocrx_word' id='word_1_722' title='bbox 2005 4784 2079 4825; x_wconf 81' lang='lat' dir='ltr'><strong>est</strong></span> 
     </span>
    </p>
   </div>
   <div class='ocr_carea' id='block_1_94' title="bbox 561 4852 1245 4927">
    <p class='ocr_par' dir='ltr' id='par_1_94' title="bbox 561 4852 1245 4927">
     <span class='ocr_line' id='line_1_94' title="bbox 561 4852 1245 4927; baseline -0.013 -19"><span class='ocrx_word' id='word_1_723' title='bbox 561 4859 699 4927; x_wconf 91' lang='lat' dir='ltr'><strong>quod</strong></span> <span class='ocrx_word' id='word_1_724' title='bbox 725 4857 992 4927; x_wconf 70' lang='lat' dir='ltr'><strong>legendum</strong></span> <span class='ocrx_word' id='word_1_725' title='bbox 1025 4852 1245 4927; x_wconf 67' lang='lat' dir='ltr'><strong>videtur.</strong></span> 
     </span>
    </p>
   </div>
   <div class='ocr_carea' id='block_1_95' title="bbox 631 4910 2079 4994">
    <p class='ocr_par' dir='ltr' id='par_1_95' title="bbox 631 4910 2079 4994">
     <span class='ocr_line' id='line_1_95' title="bbox 631 4910 2079 4994; baseline -0.01 -18"><span class='ocrx_word' id='word_1_726' title='bbox 631 4927 737 4994; x_wconf 83' lang='grc'><strong>(75)</strong></span> <span class='ocrx_word' id='word_1_727' title='bbox 767 4910 889 4994; x_wconf 60' lang='lat' dir='ltr'><strong>Mss.</strong></span> <span class='ocrx_word' id='word_1_728' title='bbox 914 4919 1312 4994; x_wconf 57' lang='lat' dir='ltr'><strong>subsidentium.</strong></span> <span class='ocrx_word' id='word_1_729' title='bbox 1347 4914 1479 4994; x_wconf 80' lang='lat' dir='ltr'><strong>Etl_i_ti</strong></span> <span class='ocrx_word' id='word_1_730' title='bbox 1498 4910 2079 4994; x_wconf 30' lang='grc' dir='ltr'><strong>,.ξιψδιᾳοιιςέαιηηῖιιιξιιιε⁸</strong></span> 
     </span>
    </p>
   </div>
   <div class='ocr_carea' id='block_1_96' title="bbox 630 4979 2082 5061">
    <p class='ocr_par' dir='ltr' id='par_1_96' title="bbox 630 4979 2082 5061">
     <span class='ocr_line' id='line_1_96' title="bbox 630 4979 2082 5061; baseline -0.012 -14"><span class='ocrx_word' id='word_1_731' title='bbox 630 4979 740 5061; x_wconf 66' lang='lat'><strong>(74&#39;,</strong></span> <span class='ocrx_word' id='word_1_732' title='bbox 791 4993 885 5045; x_wconf 81' lang='lat' dir='ltr'><strong>Ms.</strong></span> <span class='ocrx_word' id='word_1_733' title='bbox 918 4987 1276 5061; x_wconf 58' lang='lat' dir='ltr'><strong>Cut&#39;beiensis,</strong></span> <span class='ocrx_word' id='word_1_734' title='bbox 1311 4994 1364 5036; x_wconf 84' lang='lat' dir='ltr'><strong>ct.</strong></span> <span class='ocrx_word' id='word_1_735' title='bbox 1399 4982 1606 5061; x_wconf 66' lang='lat' dir='ltr'><strong>illerlinj</strong></span> <span class='ocrx_word' id='word_1_736' title='bbox 1641 4981 1844 5061; x_wconf 78' lang='lat' dir='ltr'><strong>editio,</strong></span> <span class='ocrx_word' id='word_1_737' title='bbox 1887 4979 1990 5033; x_wconf 86' lang='lat' dir='ltr'><strong>Sed</strong></span> <span class='ocrx_word' id='word_1_738' title='bbox 2035 4990 2082 5058; x_wconf 76' lang='lat' dir='ltr'><strong>et</strong></span> 
     </span>
    </p>
   </div>
   <div class='ocr_carea' id='block_1_97' title="bbox 552 5049 2078 5133">
    <p class='ocr_par' dir='ltr' id='par_1_97' title="bbox 552 5049 2078 5133">
     <span class='ocr_line' id='line_1_97' title="bbox 552 5049 2078 5133; baseline -0.012 -18"><span class='ocrx_word' id='word_1_739' title='bbox 552 5049 646 5133; x_wconf 78' lang='lat' dir='ltr'><strong>qui</strong></span> <span class='ocrx_word' id='word_1_740' title='bbox 672 5049 786 5116; x_wconf 68' lang='lat' dir='ltr'><strong>sunt</strong></span> <span class='ocrx_word' id='word_1_741' title='bbox 814 5062 921 5133; x_wconf 80' lang='lat' dir='ltr'><strong>qui,</strong></span> <span class='ocrx_word' id='word_1_742' title='bbox 963 5067 1065 5108; x_wconf 86' lang='lat' dir='ltr'><strong>etc.</strong></span> <span class='ocrx_word' id='word_1_743' title='bbox 1089 5055 1514 5133; x_wconf 44' lang='lat' dir='ltr'><strong>.Genehrardus,</strong></span> <span class='ocrx_word' id='word_1_744' title='bbox 1560 5049 1660 5102; x_wconf 85' lang='lat' dir='ltr'><strong>Sed</strong></span> <span class='ocrx_word' id='word_1_745' title='bbox 1707 5059 1773 5133; x_wconf 43' lang='lat' dir='ltr'><strong>et.</strong></span> <span class='ocrx_word' id='word_1_746' title='bbox 1803 5058 1920 5133; x_wconf 48' lang='lat' dir='ltr'><strong>s‘u‘nt</strong></span> <span class='ocrx_word' id='word_1_747' title='bbox 1969 5049 2078 5116; x_wconf 84' lang='lat' dir='ltr'><strong>qui,</strong></span> 
     </span>
    </p>
   </div>
   <div class='ocr_carea' id='block_1_98' title="bbox 561 5117 2083 5198">
    <p class='ocr_par' dir='ltr' id='par_1_98' title="bbox 561 5117 2083 5198">
     <span class='ocr_line' id='line_1_98' title="bbox 561 5117 2083 5198; baseline -0.009 -16"><span class='ocrx_word' id='word_1_748' title='bbox 561 5117 686 5193; x_wconf 66' lang='grc' dir='ltr'><strong>έιο..</strong></span> <span class='ocrx_word' id='word_1_749' title='bbox 713 5117 851 5198; x_wconf 77' lang='lat' dir='ltr'><strong>quod</strong></span> <span class='ocrx_word' id='word_1_750' title='bbox 875 5117 1193 5198; x_wconf 75' lang='lat' dir='ltr'><strong>contrarium</strong></span> <span class='ocrx_word' id='word_1_751' title='bbox 1212 5132 1328 5174; x_wconf 83' lang='lat' dir='ltr'><strong>erat</strong></span> <span class='ocrx_word' id='word_1_752' title='bbox 1358 5121 1438 5198; x_wconf 83' lang='lat' dir='ltr'><strong>lt_is</strong></span> <span class='ocrx_word' id='word_1_753' title='bbox 1465 5134 1579 5186; x_wconf 68' lang='lat' dir='ltr'><strong>qua:</strong></span> <span class='ocrx_word' id='word_1_754' title='bbox 1614 5117 1801 5198; x_wconf 76' lang='lat' dir='ltr'><strong>sc_rib_it</strong></span> <span class='ocrx_word' id='word_1_755' title='bbox 1824 5117 2083 5182; x_wconf 67' lang='lat' dir='ltr'><strong>Origenes</strong></span> 
     </span>
    </p>
   </div>
   <div class='ocr_carea' id='block_1_99' title="bbox 563 5186 2080 5260">
    <p class='ocr_par' dir='ltr' id='par_1_99' title="bbox 563 5186 2080 5260">
     <span class='ocr_line' id='line_1_99' title="bbox 563 5186 2080 5260; baseline -0.013 -8"><span class='ocrx_word' id='word_1_756' title='bbox 563 5186 747 5253; x_wconf 73' lang='grc' dir='ltr'>ιιι›.ἰι“</span> <span class='ocrx_word' id='word_1_757' title='bbox 773 5198 846 5248; x_wconf 81' lang='lat' dir='ltr'><strong>De</strong></span> <span class='ocrx_word' id='word_1_758' title='bbox 882 5192 1168 5260; x_wconf 83' lang='lat' dir='ltr'><strong>principiis.</strong></span> <span class='ocrx_word' id='word_1_759' title='bbox 1216 5204 1333 5255; x_wconf 83' lang='lat' dir='ltr'><strong>cap.</strong></span> <span class='ocrx_word' id='word_1_760' title='bbox 1378 5188 1617 5260; x_wconf 80' lang='lat' dir='ltr'><strong>7,_num.</strong></span> <span class='ocrx_word' id='word_1_761' title='bbox 1657 5186 1709 5260; x_wconf 76' lang='lat'><strong>1,</strong></span> <span class='ocrx_word' id='word_1_762' title='bbox 1746 5187 1882 5260; x_wconf 71' lang='lat' dir='ltr'><strong>Duos</strong></span> <span class='ocrx_word' id='word_1_763' title='bbox 1911 5196 2080 5235; x_wconf 81' lang='lat' dir='ltr'><strong>autem</strong></span> 
     </span>
    </p>
   </div>
   <div class='ocr_carea' id='block_1_100' title="bbox 564 5253 2080 5332">
    <p class='ocr_par' dir='ltr' id='par_1_100' title="bbox 564 5253 2080 5332">
     <span class='ocr_line' id='line_1_100' title="bbox 564 5253 2080 5332; baseline -0.013 -11"><span class='ocrx_word' id='word_1_764' title='bbox 564 5269 788 5332; x_wconf 77' lang='lat' dir='ltr'><strong>Spiritus</strong></span> <span class='ocrx_word' id='word_1_765' title='bbox 818 5253 1019 5316; x_wconf 54' lang='lat' dir='ltr'><strong>sanctos</strong></span> <span class='ocrx_word' id='word_1_766' title='bbox 1046 5253 1309 5332; x_wconf 68' lang='lat' dir='ltr'><strong>nunquam</strong></span> <span class='ocrx_word' id='word_1_767' title='bbox 1338 5257 1634 5332; x_wconf 67' lang='lat' dir='ltr'><strong>audivimus</strong></span> <span class='ocrx_word' id='word_1_768' title='bbox 1654 5254 1716 5305; x_wconf 83' lang='lat' dir='ltr'><strong>ab</strong></span> <span class='ocrx_word' id='word_1_769' title='bbox 1749 5253 1918 5320; x_wconf 80' lang='lat' dir='ltr'><strong>aliquo</strong></span> <span class='ocrx_word' id='word_1_770' title='bbox 1945 5267 2080 5317; x_wconf 72' lang='lat' dir='ltr'><strong>pra:-</strong></span> 
     </span>
    </p>
   </div>
   <div class='ocr_carea' id='block_1_101' title="bbox 547 5322 2076 5389">
    <p class='ocr_par' dir='ltr' id='par_1_101' title="bbox 547 5322 2076 5389">
     <span class='ocr_line' id='line_1_101' title="bbox 547 5322 2076 5389; baseline -0.01 -2"><span class='ocrx_word' id='word_1_771' title='bbox 547 5322 751 5388; x_wconf 73' lang='grc' dir='ltr'>-ιιέειιι-ὶ.</span> <span class='ocrx_word' id='word_1_772' title='bbox 810 5336 912 5387; x_wconf 88' lang='lat' dir='ltr'><strong>Sed</strong></span> <span class='ocrx_word' id='word_1_773' title='bbox 960 5329 1136 5382; x_wconf 67' lang='lat' dir='ltr'><strong>ueteri</strong></span> <span class='ocrx_word' id='word_1_774' title='bbox 1167 5322 1304 5378; x_wconf 58' lang='lat' dir='ltr'><strong>&#39;ntss.</strong></span> <span class='ocrx_word' id='word_1_775' title='bbox 1347 5327 1508 5375; x_wconf 86' lang='lat' dir='ltr'><strong>nostri</strong></span> <span class='ocrx_word' id='word_1_776' title='bbox 1550 5323 1635 5389; x_wconf 93' lang='lat' dir='ltr'><strong>qui</strong></span> <span class='ocrx_word' id='word_1_777' title='bbox 1681 5333 1820 5374; x_wconf 80' lang='lat' dir='ltr'><strong>recte</strong></span> <span class='ocrx_word' id='word_1_778' title='bbox 1860 5322 2076 5383; x_wconf 69' lang='lat' dir='ltr'><strong>habent,</strong></span> 
     </span>
    </p>
   </div>
   <div class='ocr_carea' id='block_1_102' title="bbox 470 5390 2079 5464">
    <p class='ocr_par' dir='ltr' id='par_1_102' title="bbox 470 5390 2079 5464">
     <span class='ocr_line' id='line_1_102' title="bbox 470 5390 2079 5464; baseline -0.014 -4"><span class='ocrx_word' id='word_1_779' title='bbox 470 5435 477 5438; x_wconf 89' lang='lat'><strong><em>-</em></strong></span> <span class='ocrx_word' id='word_1_780' title='bbox 550 5404 666 5458; x_wconf 60' lang='grc' dir='ltr'><strong>,δραι</strong></span> <span class='ocrx_word' id='word_1_781' title='bbox 679 5415 726 5457; x_wconf 84' lang='lat' dir='ltr'><strong>et</strong></span> <span class='ocrx_word' id='word_1_782' title='bbox 757 5405 802 5456; x_wconf 89' lang='lat' dir='ltr'><strong>si</strong></span> <span class='ocrx_word' id='word_1_783' title='bbox 827 5402 913 5464; x_wconf 85' lang='lat' dir='ltr'><strong>qui</strong></span> <span class='ocrx_word' id='word_1_784' title='bbox 932 5407 1050 5451; x_wconf 82' lang='lat' dir='ltr'><strong>sunt</strong></span> <span class='ocrx_word' id='word_1_785' title='bbox 1077 5395 1183 5461; x_wconf 84' lang='lat' dir='ltr'><strong>qui,</strong></span> <span class='ocrx_word' id='word_1_786' title='bbox 1202 5404 1329 5464; x_wconf 69' lang='lat' dir='ltr'><strong>ctc_.,</strong></span> <span class='ocrx_word' id='word_1_787' title='bbox 1351 5401 1586 5459; x_wconf 69' lang='lat' dir='ltr'><strong>apertam</strong></span> <span class='ocrx_word' id='word_1_788' title='bbox 1612 5390 2079 5464; x_wconf 79' lang='lat' dir='ltr'><strong>c0t_ttratlictionetti</strong></span> 
     </span>
    </p>
   </div>
   <div class='ocr_carea' id='block_1_103' title="bbox 562 5459 1956 5526">
    <p class='ocr_par' dir='ltr' id='par_1_103' title="bbox 562 5459 1956 5526">
     <span class='ocr_line' id='line_1_103' title="bbox 562 5459 1956 5526; baseline -0.012 0"><span class='ocrx_word' id='word_1_789' title='bbox 562 5476 791 5526; x_wconf 84' lang='lat' dir='ltr'><strong>solvunt.</strong></span> <span class='ocrx_word' id='word_1_790' title='bbox 820 5459 889 5523; x_wconf 81' lang='lat' dir='ltr'><strong>lbi</strong></span> <span class='ocrx_word' id='word_1_791' title='bbox 925 5467 1062 5519; x_wconf 86' lang='lat' dir='ltr'><strong>enim</strong></span> <span class='ocrx_word' id='word_1_792' title='bbox 1088 5459 1190 5515; x_wconf 80' lang='lat' dir='ltr'><strong>non</strong></span> <span class='ocrx_word' id='word_1_793' title='bbox 1216 5460 1525 5519; x_wconf 80' lang='lat' dir='ltr'><strong>aﬂirtnatnr,</strong></span> <span class='ocrx_word' id='word_1_794' title='bbox 1553 5461 1644 5510; x_wconf 85' lang='lat' dir='ltr'><strong>sed</strong></span> <span class='ocrx_word' id='word_1_795' title='bbox 1671 5459 1956 5510; x_wconf 82' lang='lat' dir='ltr'><strong>dubitatur.</strong></span> 
     </span>
    </p>
   </div>
   <div class='ocr_carea' id='block_1_104' title="bbox 631 5523 2080 5608">
    <p class='ocr_par' dir='ltr' id='par_1_104' title="bbox 631 5523 2080 5608">
     <span class='ocr_line' id='line_1_104' title="bbox 631 5523 2080 5608; baseline -0.017 -12"><span class='ocrx_word' id='word_1_796' title='bbox 631 5523 857 5608; x_wconf 13' lang='lat' dir='ltr'><strong>&#39;(75V)VSic</strong></span> <span class='ocrx_word' id='word_1_797' title='bbox 879 5548 1060 5608; x_wconf 81' lang='lat' dir='ltr'><strong>omnes</strong></span> <span class='ocrx_word' id='word_1_798' title='bbox 1088 5547 1215 5583; x_wconf 83' lang='lat' dir='ltr'><strong>mss.</strong></span> <span class='ocrx_word' id='word_1_799' title='bbox 1245 5528 1379 5608; x_wconf 59' lang='grc' dir='ltr'>μιλιιί</span> <span class='ocrx_word' id='word_1_800' title='bbox 1419 5541 1576 5608; x_wconf 62' lang='lat' dir='ltr'><strong>vero,</strong></span> <span class='ocrx_word' id='word_1_801' title='bbox 1614 5527 1956 5608; x_wconf 47' lang='lat' dir='ltr'><strong>et&#39;scinduu&#39;t,</strong></span> <span class='ocrx_word' id='word_1_802' title='bbox 1997 5523 2080 5573; x_wconf 85' lang='lat' dir='ltr'><strong>di-</strong></span> 
     </span>
    </p>
   </div>
   <div class='ocr_carea' id='block_1_105' title="bbox 557 5592 2075 5668">
    <p class='ocr_par' dir='ltr' id='par_1_105' title="bbox 557 5592 2075 5668">
     <span class='ocr_line' id='line_1_105' title="bbox 557 5592 2075 5668; baseline -0.012 -8"><span class='ocrx_word' id='word_1_803' title='bbox 557 5592 736 5661; x_wconf 22' lang='lat' dir='ltr'><strong>Cei‘lit’rsl</strong></span> <span class='ocrx_word' id='word_1_804' title='bbox 759 5592 913 5659; x_wconf 71' lang='lat' dir='ltr'><strong>unum</strong></span> <span class='ocrx_word' id='word_1_805' title='bbox 945 5603 1110 5668; x_wconf 77' lang='lat' dir='ltr'><strong>Legs,</strong></span> <span class='ocrx_word' id='word_1_806' title='bbox 1137 5609 1181 5652; x_wconf 86' lang='lat' dir='ltr'><strong>et</strong></span> <span class='ocrx_word' id='word_1_807' title='bbox 1207 5593 1854 5668; x_wconf 59' lang='lat' dir='ltr'><strong>alterum_Evnngeliorum</strong></span> <span class='ocrx_word' id='word_1_808' title='bbox 1895 5592 2075 5667; x_wconf 76' lang='lat' dir='ltr'><strong>Deum.</strong></span> 
     </span>
    </p>
   </div>
   <div class='ocr_carea' id='block_1_106' title="bbox 632 5661 2079 5745">
    <p class='ocr_par' dir='ltr' id='par_1_106' title="bbox 632 5661 2079 5745">
     <span class='ocr_line' id='line_1_106' title="bbox 632 5661 2079 5745; baseline -0.015 -16"><span class='ocrx_word' id='word_1_809' title='bbox 632 5679 739 5745; x_wconf 78' lang='lat'><strong>(76)</strong></span> <span class='ocrx_word' id='word_1_810' title='bbox 770 5677 842 5728; x_wconf 83' lang='lat' dir='ltr'><strong>lla</strong></span> <span class='ocrx_word' id='word_1_811' title='bbox 876 5688 974 5745; x_wconf 87' lang='lat' dir='ltr'><strong>ms.</strong></span> <span class='ocrx_word' id='word_1_812' title='bbox 1007 5661 1221 5737; x_wconf 72' lang='lat' dir='ltr'><strong>Regius.</strong></span> <span class='ocrx_word' id='word_1_813' title='bbox 1264 5664 1451 5745; x_wconf 40' lang='lat' dir='ltr'><strong>Clzeteri</strong></span> <span class='ocrx_word' id='word_1_814' title='bbox 1473 5677 1623 5745; x_wconf 37' lang='grc' dir='ltr'><strong>,γυψὶ</strong></span> <span class='ocrx_word' id='word_1_815' title='bbox 1659 5678 1783 5745; x_wconf 74' lang='lat' dir='ltr'><strong>mss.</strong></span> <span class='ocrx_word' id='word_1_816' title='bbox 1816 5671 1867 5713; x_wconf 86' lang='lat' dir='ltr'><strong>et</strong></span> <span class='ocrx_word' id='word_1_817' title='bbox 1912 5661 2079 5745; x_wconf 61' lang='lat' dir='ltr'><strong>editi,</strong></span> 
     </span>
    </p>
   </div>
   <div class='ocr_carea' id='block_1_107' title="bbox 561 5727 2076 5810">
    <p class='ocr_par' dir='ltr' id='par_1_107' title="bbox 561 5727 2076 5810">
     <span class='ocr_line' id='line_1_107' title="bbox 561 5727 2076 5810; baseline -0.012 -14"><span class='ocrx_word' id='word_1_818' title='bbox 561 5727 884 5810; x_wconf 58' lang='lat' dir='ltr'><strong>ejiisde&#39;nigue</strong></span> <span class='ocrx_word' id='word_1_819' title='bbox 903 5727 1209 5797; x_wconf 44' lang='lat' dir='ltr'><strong>dicuntsine</strong></span> <span class='ocrx_word' id='word_1_820' title='bbox 1231 5730 1550 5790; x_wconf 63' lang='lat' dir='ltr'><strong>substantiis.</strong></span> <span class='ocrx_word' id='word_1_821' title='bbox 1586 5727 1747 5784; x_wconf 82' lang='lat' dir='ltr'><strong>Paulo</strong></span> <span class='ocrx_word' id='word_1_822' title='bbox 1777 5737 1894 5797; x_wconf 80' lang='lat' dir='ltr'><strong>post</strong></span> <span class='ocrx_word' id='word_1_823' title='bbox 1925 5727 2076 5792; x_wconf 86' lang='lat' dir='ltr'><strong>editi,</strong></span> 
     </span>
    </p>
   </div>
   <div class='ocr_carea' id='block_1_108' title="bbox 2184 4497 2899 4552">
    <p class='ocr_par' dir='ltr' id='par_1_108' title="bbox 2184 4497 2899 4552">
     <span class='ocr_line' id='line_1_108' title="bbox 2184 4497 2899 4552; baseline -0.003 -1"><span class='ocrx_word' id='word_1_824' title='bbox 2184 4514 2368 4552; x_wconf 90' lang='lat' dir='ltr'><strong>omnes</strong></span> <span class='ocrx_word' id='word_1_825' title='bbox 2396 4511 2525 4550; x_wconf 88' lang='lat' dir='ltr'><strong>mss.</strong></span> <span class='ocrx_word' id='word_1_826' title='bbox 2555 4509 2613 4548; x_wconf 91' lang='grc' dir='ltr'><strong>ιιι</strong></span> <span class='ocrx_word' id='word_1_827' title='bbox 2645 4497 2695 4547; x_wconf 91' lang='lat' dir='ltr'><strong>in</strong></span> <span class='ocrx_word' id='word_1_828' title='bbox 2723 4507 2899 4549; x_wconf 81' lang='lat' dir='ltr'><strong>textu.</strong></span> 
     </span>
    </p>
   </div>
   <div class='ocr_carea' id='block_1_109' title="bbox 2251 4565 3824 4645">
    <p class='ocr_par' dir='ltr' id='par_1_109' title="bbox 2251 4565 3824 4645">
     <span class='ocr_line' id='line_1_109' title="bbox 2251 4565 3824 4645; baseline 0.005 -32"><span class='ocrx_word' id='word_1_829' title='bbox 2251 4565 2361 4645; x_wconf 58' lang='lat'><strong>(77)</strong></span> <span class='ocrx_word' id='word_1_830' title='bbox 2393 4565 2482 4645; x_wconf 72' lang='lat' dir='ltr'><strong>Sic</strong></span> <span class='ocrx_word' id='word_1_831' title='bbox 2517 4565 2878 4645; x_wconf 48' lang='lat' dir='ltr'><strong>Iussunpstri,</strong></span> <span class='ocrx_word' id='word_1_832' title='bbox 2934 4565 3051 4621; x_wconf 89' lang='lat' dir='ltr'><strong>nisi</strong></span> <span class='ocrx_word' id='word_1_833' title='bbox 3097 4572 3263 4645; x_wconf 79' lang='lat' dir='ltr'><strong>quod</strong></span> <span class='ocrx_word' id='word_1_834' title='bbox 3308 4572 3606 4637; x_wconf 83' lang='lat' dir='ltr'><strong>habeant,</strong></span> <span class='ocrx_word' id='word_1_835' title='bbox 3639 4572 3824 4627; x_wconf 75' lang='lat' dir='ltr'><strong>virtutis</strong></span> 
     </span>
    </p>
   </div>
   <div class='ocr_carea' id='block_1_110' title="bbox 2182 4633 3820 4714">
    <p class='ocr_par' dir='ltr' id='par_1_110' title="bbox 2182 4633 3820 4714">
     <span class='ocr_line' id='line_1_110' title="bbox 2182 4633 3820 4714; baseline -0.005 -10"><span class='ocrx_word' id='word_1_836' title='bbox 2182 4633 2530 4714; x_wconf 63' lang='grc' dir='ltr'><strong>εοηιέηεηέίωο</strong></span> <span class='ocrx_word' id='word_1_837' title='bbox 2573 4633 2753 4714; x_wconf 41' lang='lat' dir='ltr'><strong>Editi,</strong></span> <span class='ocrx_word' id='word_1_838' title='bbox 2783 4647 2916 4686; x_wconf 71' lang='grc' dir='ltr'><strong>νθνο</strong></span> <span class='ocrx_word' id='word_1_839' title='bbox 2939 4673 2954 4696; x_wconf 68' lang='grc' dir='ltr'><strong>ν</strong></span> <span class='ocrx_word' id='word_1_840' title='bbox 3027 4633 3378 4714; x_wconf 59' lang='grc' dir='ltr'><strong>Ρςιῖηὶρὶοεο</strong></span> <span class='ocrx_word' id='word_1_841' title='bbox 3440 4633 3725 4710; x_wconf 68' lang='lat' dir='ltr'><strong>dogmate.</strong></span> <span class='ocrx_word' id='word_1_842' title='bbox 3744 4677 3760 4693; x_wconf 95' lang='lat'><strong>.</strong></span> <span class='ocrx_word' id='word_1_843' title='bbox 3779 4675 3820 4695; x_wconf 81' lang='lat'><strong>.-</strong></span> 
     </span>
    </p>
   </div>
   <div class='ocr_carea' id='block_1_111' title="bbox 2181 4708 3824 4825">
    <p class='ocr_par' dir='ltr' id='par_1_111' title="bbox 2181 4708 3824 4825">
     <span class='ocr_line' id='line_1_111' title="bbox 2181 4708 3824 4825; baseline -0.006 -69"><span class='ocrx_word' id='word_1_844' title='bbox 2181 4708 2452 4825; x_wconf 50' lang='lat' dir='ltr'><strong>lezlzirtzt‘:</strong></span> <span class='ocrx_word' id='word_1_845' title='bbox 2468 4708 2801 4755; x_wconf 62' lang='lat' dir='ltr'><strong>continentiae</strong></span> <span class='ocrx_word' id='word_1_846' title='bbox 2824 4738 2839 4752; x_wconf 93' lang='lat'><strong>.</strong></span> <span class='ocrx_word' id='word_1_847' title='bbox 2867 4740 2881 4754; x_wconf 95' lang='lat'><strong>.</strong></span> <span class='ocrx_word' id='word_1_848' title='bbox 2901 4740 2916 4754; x_wconf 93' lang='lat'><strong>.</strong></span> <span class='ocrx_word' id='word_1_849' title='bbox 2939 4740 2955 4754; x_wconf 94' lang='lat'><strong>.</strong></span> <span class='ocrx_word' id='word_1_850' title='bbox 2979 4720 3050 4758; x_wconf 85' lang='lat' dir='ltr'><strong>ne</strong></span> <span class='ocrx_word' id='word_1_851' title='bbox 3081 4708 3340 4762; x_wconf 66' lang='lat' dir='ltr'><strong>[summai</strong></span> <span class='ocrx_word' id='word_1_852' title='bbox 3389 4708 3662 4781; x_wconf 70' lang='grc' dir='ltr'><strong>ρνορωειί</strong></span> <span class='ocrx_word' id='word_1_853' title='bbox 3695 4727 3824 4778; x_wconf 61' lang='grc' dir='ltr'><strong>κρυ.</strong></span> 
     </span>
    </p>
   </div>
   <div class='ocr_carea' id='block_1_112' title="bbox 2323 4807 2474 4833">
    <p class='ocr_par' dir='ltr' id='par_1_112' title="bbox 2323 4807 2474 4833">
     <span class='ocr_line' id='line_1_112' title="bbox 2323 4807 2474 4833; baseline 0.007 -11"><span class='ocrx_word' id='word_1_854' title='bbox 2323 4811 2337 4833; x_wconf 51' lang='grc' dir='ltr'><strong>ς</strong></span> <span class='ocrx_word' id='word_1_855' title='bbox 2368 4807 2474 4823; x_wconf 67' lang='grc' dir='ltr'><strong>νιν.</strong></span> 
     </span>
    </p>
   </div>
   <div class='ocr_carea' id='block_1_113' title="bbox 2251 4835 3820 4909">
    <p class='ocr_par' dir='ltr' id='par_1_113' title="bbox 2251 4835 3820 4909">
     <span class='ocr_line' id='line_1_113' title="bbox 2251 4835 3820 4909; baseline 0.006 -18"><span class='ocrx_word' id='word_1_856' title='bbox 2251 4841 2363 4909; x_wconf 84' lang='grc'><strong>(78)</strong></span> <span class='ocrx_word' id='word_1_857' title='bbox 2392 4839 2514 4893; x_wconf 87' lang='lat' dir='ltr'><strong>Mss.</strong></span> <span class='ocrx_word' id='word_1_858' title='bbox 2564 4835 2939 4909; x_wconf 83' lang='lat' dir='ltr'><strong>Sorhonicus,</strong></span> <span class='ocrx_word' id='word_1_859' title='bbox 2983 4850 3045 4895; x_wconf 91' lang='lat' dir='ltr'><strong>et</strong></span> <span class='ocrx_word' id='word_1_860' title='bbox 3106 4844 3334 4902; x_wconf 84' lang='lat' dir='ltr'><strong>Montis</strong></span> <span class='ocrx_word' id='word_1_861' title='bbox 3375 4848 3443 4902; x_wconf 90' lang='lat' dir='ltr'><strong>S.</strong></span> <span class='ocrx_word' id='word_1_862' title='bbox 3507 4847 3820 4907; x_wconf 81' lang='lat' dir='ltr'><strong>Michaelis,</strong></span> 
     </span>
    </p>
   </div>
   <div class='ocr_carea' id='block_1_114' title="bbox 2181 4908 3822 4987">
    <p class='ocr_par' dir='ltr' id='par_1_114' title="bbox 2181 4908 3822 4987">
     <span class='ocr_line' id='line_1_114' title="bbox 2181 4908 3822 4987; baseline -0.008 -27"><span class='ocrx_word' id='word_1_863' title='bbox 2181 4920 2420 4970; x_wconf 79' lang='lat' dir='ltr'><strong>conatur,</strong></span> <span class='ocrx_word' id='word_1_864' title='bbox 2448 4917 2619 4987; x_wconf 66' lang='lat' dir='ltr'><strong>peccat</strong></span> <span class='ocrx_word' id='word_1_865' title='bbox 2646 4908 2784 4969; x_wconf 80' lang='lat' dir='ltr'><strong>velut</strong></span> <span class='ocrx_word' id='word_1_866' title='bbox 2807 4925 3104 4987; x_wconf 46' lang='lat' dir='ltr'><strong>perversa;</strong></span> <span class='ocrx_word' id='word_1_867' title='bbox 3126 4928 3180 4966; x_wconf 77' lang='grc' dir='ltr'>ει</span> <span class='ocrx_word' id='word_1_868' title='bbox 3211 4933 3250 4967; x_wconf 79' lang='grc' dir='ltr'><em>α</em></span> <span class='ocrx_word' id='word_1_869' title='bbox 3279 4921 3594 4987; x_wconf 49' lang='lat' dir='ltr'><strong>semetipso</strong></span> <span class='ocrx_word' id='word_1_870' title='bbox 3620 4921 3822 4971; x_wconf 59' lang='lat' dir='ltr'><strong>damna,</strong></span> 
     </span>
    </p>
   </div>
   <div class='ocr_carea' id='block_1_115' title="bbox 2181 4976 3823 5098">
    <p class='ocr_par' dir='ltr' id='par_1_115' title="bbox 2181 4976 3823 5098">
     <span class='ocr_line' id='line_1_115' title="bbox 2181 4976 3823 5098; baseline 0.002 -64"><span class='ocrx_word' id='word_1_871' title='bbox 2181 4987 2358 5098; x_wconf 60' lang='lat' dir='ltr'><strong>:2;,&quot;et</strong></span> <span class='ocrx_word' id='word_1_872' title='bbox 2381 4976 2683 5040; x_wconf 81' lang='lat' dir='ltr'><strong>secundum,</strong></span> <span class='ocrx_word' id='word_1_873' title='bbox 2708 4988 2818 5030; x_wconf 92' lang='lat' dir='ltr'><strong>etc.</strong></span> <span class='ocrx_word' id='word_1_874' title='bbox 2852 4977 2964 5032; x_wconf 90' lang='lat' dir='ltr'><strong>Sed</strong></span> <span class='ocrx_word' id='word_1_875' title='bbox 3003 4985 3214 5038; x_wconf 77' lang='lat' dir='ltr'><strong>caeteri</strong></span> <span class='ocrx_word' id='word_1_876' title='bbox 3245 5001 3401 5040; x_wconf 90' lang='lat' dir='ltr'><strong>mss.</strong></span> <span class='ocrx_word' id='word_1_877' title='bbox 3441 4976 3504 5042; x_wconf 71' lang='lat' dir='ltr'><strong>ei</strong></span> <span class='ocrx_word' id='word_1_878' title='bbox 3538 4990 3672 5042; x_wconf 86' lang='lat' dir='ltr'><strong>editi</strong></span> <span class='ocrx_word' id='word_1_879' title='bbox 3708 4990 3823 5040; x_wconf 88' lang='lat' dir='ltr'><strong>utin</strong></span> 
     </span>
     <span class='ocr_line' id='line_1_116' title="bbox 2313 5062 2348 5098; baseline 0.114 -4"><span class='ocrx_word' id='word_1_880' title='bbox 2313 5062 2348 5098; x_wconf 90' lang='grc'>1.</span> 
     </span>
    </p>
   </div>
   <div class='ocr_carea' id='block_1_116' title="bbox 2249 5111 3822 5197">
    <p class='ocr_par' dir='ltr' id='par_1_116' title="bbox 2249 5111 3822 5197">
     <span class='ocr_line' id='line_1_117' title="bbox 2249 5111 3822 5197; baseline 0.004 -33"><span class='ocrx_word' id='word_1_881' title='bbox 2249 5115 2358 5197; x_wconf 64' lang='lat'><strong>(79)</strong></span> <span class='ocrx_word' id='word_1_882' title='bbox 2391 5112 2464 5197; x_wconf 74' lang='lat' dir='ltr'><strong>l_ta</strong></span> <span class='ocrx_word' id='word_1_883' title='bbox 2501 5127 2631 5197; x_wconf 85' lang='lat' dir='ltr'><strong>mss.</strong></span> <span class='ocrx_word' id='word_1_884' title='bbox 2667 5111 2956 5197; x_wconf 57' lang='lat' dir='ltr'><strong>plerique;</strong></span> <span class='ocrx_word' id='word_1_885' title='bbox 2995 5118 3130 5197; x_wconf 38' lang='lat' dir='ltr'><strong>.nisi</strong></span> <span class='ocrx_word' id='word_1_886' title='bbox 3182 5124 3355 5197; x_wconf 83' lang='lat' dir='ltr'><strong>quod</strong></span> <span class='ocrx_word' id='word_1_887' title='bbox 3399 5125 3639 5197; x_wconf 80' lang='lat' dir='ltr'><strong>quidam</strong></span> <span class='ocrx_word' id='word_1_888' title='bbox 3683 5121 3822 5193; x_wconf 83' lang='lat' dir='ltr'><strong>paulo</strong></span> 
     </span>
    </p>
   </div>
   <div class='ocr_carea' id='block_1_117' title="bbox 2181 5183 3820 5260">
    <p class='ocr_par' dir='ltr' id='par_1_117' title="bbox 2181 5183 3820 5260">
     <span class='ocr_line' id='line_1_118' title="bbox 2181 5183 3820 5260; baseline 0.005 -25"><span class='ocrx_word' id='word_1_889' title='bbox 2181 5195 2297 5260; x_wconf 66' lang='lat' dir='ltr'><strong>post</strong></span> <span class='ocrx_word' id='word_1_890' title='bbox 2331 5185 2591 5236; x_wconf 89' lang='lat' dir='ltr'><strong>habeant:</strong></span> <span class='ocrx_word' id='word_1_891' title='bbox 2638 5189 2688 5260; x_wconf 72' lang='lat' dir='ltr'><strong>et</strong></span> <span class='ocrx_word' id='word_1_892' title='bbox 2715 5183 2779 5232; x_wconf 85' lang='lat' dir='ltr'><strong>de</strong></span> <span class='ocrx_word' id='word_1_893' title='bbox 2808 5187 3115 5260; x_wconf 73' lang='lat' dir='ltr'><strong>omnijure</strong></span> <span class='ocrx_word' id='word_1_894' title='bbox 3143 5183 3450 5248; x_wconf 55' lang='lat' dir='ltr'><strong>eiercitii&#39;.</strong></span> <span class='ocrx_word' id='word_1_895' title='bbox 3506 5195 3654 5246; x_wconf 78' lang='lat' dir='ltr'><strong>Edtti</strong></span> <span class='ocrx_word' id='word_1_896' title='bbox 3684 5183 3820 5251; x_wconf 56' lang='lat' dir='ltr'><strong>&#39;vero,</strong></span> 
     </span>
    </p>
   </div>
   <div class='ocr_carea' id='block_1_118' title="bbox 2185 5249 3818 5330">
    <p class='ocr_par' dir='ltr' id='par_1_118' title="bbox 2185 5249 3818 5330">
     <span class='ocr_line' id='line_1_119' title="bbox 2185 5249 3818 5330; baseline -0.002 -30"><span class='ocrx_word' id='word_1_897' title='bbox 2185 5249 2538 5330; x_wconf 38' lang='lat' dir='ltr'><strong>Habentur...&quot;</strong></span> <span class='ocrx_word' id='word_1_898' title='bbox 2562 5252 2791 5328; x_wconf 62' lang='lat' dir='ltr'><strong>rationes</strong></span> <span class='ocrx_word' id='word_1_899' title='bbox 2840 5249 2991 5319; x_wconf 47' lang='lat' dir='ltr'><strong>(nis:</strong></span> <span class='ocrx_word' id='word_1_900' title='bbox 3018 5259 3444 5330; x_wconf 55' lang='lat' dir='ltr'><strong>§m~bonicus.,</strong></span> <span class='ocrx_word' id='word_1_901' title='bbox 3496 5249 3818 5316; x_wconf 52' lang='lat' dir='ltr'><strong>&quot;abe‘urm;</strong></span> 
     </span>
    </p>
   </div>
   <div class='ocr_carea' id='block_1_119' title="bbox 2183 5321 3301 5389">
    <p class='ocr_par' dir='ltr' id='par_1_119' title="bbox 2183 5321 3301 5389">
     <span class='ocr_line' id='line_1_120' title="bbox 2183 5321 3301 5389; baseline 0.013 -20"><span class='ocrx_word' id='word_1_902' title='bbox 2183 5321 2338 5389; x_wconf 86' lang='lat' dir='ltr'><strong>ratio)</strong></span> <span class='ocrx_word' id='word_1_903' title='bbox 2378 5321 2509 5389; x_wconf 59' lang='lat' dir='ltr'><strong>etde</strong></span> <span class='ocrx_word' id='word_1_904' title='bbox 2541 5321 2678 5371; x_wconf 82' lang='lat' dir='ltr'><strong>omni</strong></span> <span class='ocrx_word' id='word_1_905' title='bbox 2717 5321 2832 5389; x_wconf 70' lang='lat' dir='ltr'><strong>ejus</strong></span> <span class='ocrx_word' id='word_1_906' title='bbox 2865 5327 3138 5389; x_wconf 68' lang='lat' dir='ltr'><strong>exercitu,</strong></span> <span class='ocrx_word' id='word_1_907' title='bbox 3173 5339 3301 5385; x_wconf 78' lang='lat' dir='ltr'><strong>etc.</strong></span> 
     </span>
    </p>
   </div>
   <div class='ocr_carea' id='block_1_120' title="bbox 2251 5387 3816 5471">
    <p class='ocr_par' dir='ltr' id='par_1_120' title="bbox 2251 5387 3816 5471">
     <span class='ocr_line' id='line_1_121' title="bbox 2251 5387 3816 5471; baseline 0.01 -34"><span class='ocrx_word' id='word_1_908' title='bbox 2251 5387 2362 5471; x_wconf 52' lang='grc' dir='ltr'><strong>(βο)</strong></span> <span class='ocrx_word' id='word_1_909' title='bbox 2400 5387 2716 5471; x_wconf 62' lang='grc' dir='ltr'>μιςιιοειιειιε.</span> <span class='ocrx_word' id='word_1_910' title='bbox 2759 5388 3052 5471; x_wconf 63' lang='grc' dir='ltr'>Οιιιιιιιιιιι·</span> <span class='ocrx_word' id='word_1_911' title='bbox 3101 5387 3155 5447; x_wconf 83' lang='lat' dir='ltr'><strong>in</strong></span> <span class='ocrx_word' id='word_1_912' title='bbox 3198 5399 3523 5471; x_wconf 78' lang='lat' dir='ltr'><strong>plerisque</strong></span> <span class='ocrx_word' id='word_1_913' title='bbox 3548 5415 3706 5458; x_wconf 84' lang='lat' dir='ltr'><strong>utss..</strong></span> <span class='ocrx_word' id='word_1_914' title='bbox 3739 5398 3816 5464; x_wconf 83' lang='lat' dir='ltr'><strong>qui</strong></span> 
     </span>
    </p>
   </div>
   <div class='ocr_carea' id='block_1_121' title="bbox 2181 5457 3811 5539">
    <p class='ocr_par' dir='ltr' id='par_1_121' title="bbox 2181 5457 3811 5539">
     <span class='ocr_line' id='line_1_122' title="bbox 2181 5457 3811 5539; baseline -0.004 -30"><span class='ocrx_word' id='word_1_915' title='bbox 2181 5467 2361 5539; x_wconf 75' lang='lat' dir='ltr'><strong>postea</strong></span> <span class='ocrx_word' id='word_1_916' title='bbox 2400 5457 2741 5539; x_wconf 41' lang='lat' dir='ltr'><strong>habentlcum</strong></span> <span class='ocrx_word' id='word_1_917' title='bbox 2777 5459 2968 5539; x_wconf 73' lang='lat' dir='ltr'><strong>editis,</strong></span> <span class='ocrx_word' id='word_1_918' title='bbox 2991 5457 3551 5536; x_wconf 53' lang='lat' dir='ltr'><strong>eorum&#39;dogmhgm</strong></span> <span class='ocrx_word' id='word_1_919' title='bbox 3603 5457 3709 5524; x_wconf 60' lang='lat' dir='ltr'><strong>Sed</strong></span> <span class='ocrx_word' id='word_1_920' title='bbox 3739 5457 3811 5520; x_wconf 55' lang='lat' dir='ltr'><strong>fc-</strong></span> 
     </span>
    </p>
   </div>
   <div class='ocr_carea' id='block_1_122' title="bbox 2179 5525 3718 5607">
    <p class='ocr_par' dir='ltr' id='par_1_122' title="bbox 2179 5525 3718 5607">
     <span class='ocr_line' id='line_1_123' title="bbox 2179 5525 3718 5607; baseline -0.001 -32"><span class='ocrx_word' id='word_1_921' title='bbox 2179 5525 2858 5607; x_wconf 33' lang='lat' dir='ltr'><strong>ctitt‘s-‘msLSorhonicus,</strong></span> <span class='ocrx_word' id='word_1_922' title='bbox 2893 5529 3012 5597; x_wconf 84' lang='lat' dir='ltr'><strong>ejus</strong></span> <span class='ocrx_word' id='word_1_923' title='bbox 3039 5525 3363 5607; x_wconf 66' lang='grc' dir='ltr'><strong>μοςηιαιιῖ,</strong></span> <span class='ocrx_word' id='word_1_924' title='bbox 3707 5576 3718 5587; x_wconf 64' lang='grc'>,</span> 
     </span>
    </p>
   </div>
   <div class='ocr_carea' id='block_1_123' title="bbox 2179 5596 3815 5711">
    <p class='ocr_par' dir='ltr' id='par_1_123' title="bbox 2179 5596 3815 5711">
     <span class='ocr_line' id='line_1_124' title="bbox 2179 5596 3815 5711; baseline 0.008 -64"><span class='ocrx_word' id='word_1_925' title='bbox 2179 5658 2219 5711; x_wconf 76' lang='lat' dir='ltr'><em>C</em></span> <span class='ocrx_word' id='word_1_926' title='bbox 2251 5596 2362 5662; x_wconf 72' lang='lat' dir='ltr'><strong>(Si)</strong></span> <span class='ocrx_word' id='word_1_927' title='bbox 2395 5596 2556 5658; x_wconf 76' lang='lat' dir='ltr'><strong>Editi,</strong></span> <span class='ocrx_word' id='word_1_928' title='bbox 2594 5610 2660 5645; x_wconf 87' lang='lat' dir='ltr'><strong>an</strong></span> <span class='ocrx_word' id='word_1_929' title='bbox 2688 5597 3003 5653; x_wconf 73' lang='lat' dir='ltr'><strong>schismata.</strong></span> <span class='ocrx_word' id='word_1_930' title='bbox 3035 5596 3262 5658; x_wconf 72' lang='lat' dir='ltr'><strong>Deinde</strong></span> <span class='ocrx_word' id='word_1_931' title='bbox 3301 5623 3456 5664; x_wconf 85' lang='lat' dir='ltr'><strong>mss.</strong></span> <span class='ocrx_word' id='word_1_932' title='bbox 3501 5608 3708 5678; x_wconf 80' lang='lat' dir='ltr'><strong>plures,</strong></span> <span class='ocrx_word' id='word_1_933' title='bbox 3734 5602 3815 5674; x_wconf 71' lang='lat' dir='ltr'><strong>qui</strong></span> 
     </span>
     <span class='ocr_line' id='line_1_125' title="bbox 2224 5665 2694 5711; baseline 0 0"><span class='ocrx_word' id='word_1_934' title='bbox 2224 5665 2563 5711; x_wconf 68' lang='lat' dir='ltr'><strong>atanhrtmas-</strong></span> <span class='ocrx_word' id='word_1_935' title='bbox 2591 5673 2694 5711; x_wconf 82' lang='lat' dir='ltr'><strong>etc.</strong></span> 
     </span>
    </p>
   </div>
   <div class='ocr_carea' id='block_1_124' title="bbox 2224 5665 2694 5731">
    <p class='ocr_par' dir='ltr' id='par_1_124' title="bbox 2224 5665 2694 5731">
     <span class='ocr_line' id='line_1_126' title="bbox 2224 5665 2694 5731; baseline 0 -18"><span class='ocrx_word' id='word_1_936' title='bbox 2224 5665 2564 5731; x_wconf 73' lang='lat' dir='ltr'><strong>atapltrygas,</strong></span> <span class='ocrx_word' id='word_1_937' title='bbox 2591 5673 2694 5716; x_wconf 86' lang='lat' dir='ltr'><strong>etc.</strong></span> 
     </span>
    </p>
   </div>
   <div class='ocr_carea' id='block_1_125' title="bbox 2185 5731 3252 5807">
    <p class='ocr_par' dir='ltr' id='par_1_125' title="bbox 2185 5731 3252 5807">
     <span class='ocr_line' id='line_1_127' title="bbox 2185 5731 3252 5807; baseline 0.008 -22"><span class='ocrx_word' id='word_1_938' title='bbox 2185 5796 2197 5801; x_wconf 29' lang='grc' dir='ltr'>θ</span> <span class='ocrx_word' id='word_1_939' title='bbox 2253 5731 2364 5801; x_wconf 71' lang='grc'><strong>(82)</strong></span> <span class='ocrx_word' id='word_1_940' title='bbox 2404 5734 2552 5802; x_wconf 62' lang='grc' dir='ltr'><strong>Μεδι,</strong></span> <span class='ocrx_word' id='word_1_941' title='bbox 2580 5734 2774 5804; x_wconf 81' lang='lat' dir='ltr'><strong>accepi.</strong></span> <span class='ocrx_word' id='word_1_942' title='bbox 2805 5734 2975 5804; x_wconf 89' lang='lat' dir='ltr'><strong>Editi,</strong></span> <span class='ocrx_word' id='word_1_943' title='bbox 3009 5739 3252 5807; x_wconf 84' lang='lat' dir='ltr'><strong>accipio.</strong></span> 
     </span>
    </p>
   </div>
  </div>
