3916 6428
107 442 166 497 351
1347 434 1680 493 APOLOGIA
1718 436 1852 492 PRO
1891 436 2202 494 ORIGENE.

3237 437 3338 493 558

124 557 205 620 9m
247 523 504 606 quidem
553 549 679 594 non
736 543 796 598 in
823 547 1038 618 publico
1064 549 1132 603 ab
1176 565 1244 606 eo
1293 554 1432 608 dicta
1466 564 1586 608 sunt
1613 592 1626 617 ,
1659 554 1710 607 id
1740 561 1783 616 Α
1812 556 1923 617 des.
1956 553 2292 609 iuell‘abiliter
2335 563 2388 606 et
2418 553 2856 609 inaestimabiliter
2897 553 3083 610 melior
3121 561 3174 606 et
3205 568 3339 621 prae-

121 640 255 700 εςιίτ,
287 627 594 681 communi
630 629 909 692 Ecclesiae
962 640 1226 694 auditorio
1251 683 1266 707 ,
1299 660 1365 698 ne
1401 645 1534 698 forte
1561 653 1708 712 putc-

123 748 180 790 ιω.
211 722 476 801 p,ropter
525 720 836 781 audientes
876 727 1220 783 favorabilem
1256 741 1464 800 aptasse
1507 747 1708 786 sermo-

123 839 210 877 m,
230 825 301 872 ς
331 804 426 859 sed
451 820 521 862 ex
571 809 688 867 illis
737 815 860 872 haec
894 818 1039 872 libris
1067 819 1384 886 protulimus
1408 863 1422 885 ,
1454 836 1588 889 quos
1643 821 1693 874 in

144 909 339 959 sereno
369 895 512 962 apud
541 901 907 970 semetipsum
932 904 1075 956 nullo
1104 906 1306 958 arbitro
1332 908 1698 960 intercedente

150 991 396 1049 dictabat.
417 991 475 1042 lu
506 1005 616 1059 quo
644 994 914 1048 attentius
941 1011 1032 1049 vos
1065 996 1187 1049 illttd
1210 997 1328 1052 volo
1355 997 1694 1052 considerare

147 1082 254 1152 quod
301 1079 471 1144 dixit,
507 1082 637 1149 quia
662 1083 708 1136 si
747 1085 873 1152 quis
901 1085 1090 1139 horum
1121 1087 1321 1155 aliquid
1350 1095 1708 1141 commutave-

140 1175 224 1234 rit,
254 1170 583 1223 lutereticus
616 1181 700 1224 est
723 1212 739 1236 ,
784 1182 838 1227 et
871 1185 1061 1243 peccat
1092 1177 1143 1228 in
1194 1176 1538 1230 subversione
1569 1177 1708 1242 posi-

138 1271 236 1321 tus,
263 1266 349 1308 et
401 1273 436 1308 α
470 1259 754 1325 semetipso
784 1261 1067 1314 damnatus
1093 1300 1108 1323 ,
1147 1263 1434 1315 secundum
1468 1263 1705 1330 Apostoli

128 1345 469 1404 sententiam
506 1347 556 1376 ’⁸
585 1364 600 1399 :
632 1348 788 1416 cujus
819 1361 873 1400 et
919 1365 1017 1404 nos
1051 1351 1362 1404 auctoritati
1411 1352 1706 1419 obsequen-

131 1454 192 1497 tes
221 1436 450 1492 eadem
510 1437 721 1490 sentire
772 1437 1048 1492 debemus.
1085 1439 1216 1494 Cum
1252 1455 1378 1505 ergo
1412 1440 1521 1493 haec
1549 1439 1619 1492 ita
1649 1453 1707 1493 se

129 1531 272 1586 habea
305 1509 407 1587 ut,“
433 1525 555 1594 (83)
588 1541 927 1595 consequens
960 1527 1194 1581 arbitror
1227 1528 1555 1596 interrogare
1579 1529 1706 1581 istos

126 1624 247 1689 ipsos
269 1625 669 1668 accusatores
697 1616 816 1682 ejus
838 1654 852 1676 ,
889 1616 935 1668 si
979 1617 1077 1684 ipsi
1103 1616 1264 1668 aliter
1293 1631 1449 1684 quam
1475 1615 1589 1684 ejus
1615 1630 1707 1668 vo-

128 1711 260 1764 cibus
305 1703 674 1770 designatum
701 1713 807 1768 est,
835 1704 920 1757 vel
949 1705 1012 1758 de
1050 1704 1298 1758 hzeretico
1335 1704 1592 1766 sentiunt,
1621 1703 1702 1756 vel

1809 646 2036 698 stantior
2079 643 2204 698 solis
2233 651 2314 696 est
2341 643 2642 708 splendor?
2687 643 2763 697 Ita
2797 659 2948 698 mens
2994 653 3174 697 nostra
3218 658 3337 697 cum

1811 734 1948 786 intra
1980 732 2158 786 carnis
2203 739 2258 783 et
2299 731 2572 800 sanguinis
2606 733 2835 786 claustra
2882 732 3246 796 concluditur,
3281 743 3340 786 et

1809 837 1902 890 pro
1933 821 2050 874 talis
2071 822 2304 875 materiae
2334 821 2740 888 participatione
2777 822 3016 875 hebetior
3056 833 3214 890 atque
3234 823 3338 875 ob-

1809 911 1975 964 tusior
2007 910 2244 964 redditur
2267 951 2283 974 ,
2317 908 2430 979 (87)
2461 907 2585 960 licet
2612 907 2677 959 ad
2705 910 3154 976 comparationem
3184 921 3339 964 natu-

1807 1013 1880 1051 ra:
1906 1013 2172 1066 corporeae
2195 998 2346 1063 longe
2377 995 2682 1064 praecellens
2711 996 2985 1061 habeatur,
3016 1007 3187 1053 tamen
3213 1015 3333 1054 cum

1807 1087 1870 1139 ad
1908 1087 2221 1155 incorporea
2260 1089 2466 1150 nititur,
2495 1095 2652 1152 atque
2678 1099 2858 1138 eOrum
2888 1087 3220 1143 intuitionem
3259 1091 3335 1144 ri-

1807 1184 2002 1238 matur,
2041 1183 2164 1228 tunc
2196 1174 2437 1229 scintilla:
2473 1173 2695 1241 alicujus
2723 1171 2832 1242 (88)
2859 1183 2949 1225 aut
2977 1173 3209 1230 lucerna:
3245 1176 3332 1230 vix

1813 1264 2021 1318 obtinet
2051 1264 2244 1318 locum.
2284 1263 2417 1328 Quid
2449 1272 2622 1316 autem
2653 1263 2704 1315 in
2735 1263 2976 1316 omnibus
3009 1263 3337 1320 intellectua-

1806 1353 1944 1409 libus
1972 1395 1986 1417 ,
2023 1356 2072 1408 id
2114 1364 2195 1409 est
2249 1354 2572 1421 incorporeis
2596 1395 2610 1418 ,
2664 1362 2767 1406 tam
2795 1362 3048 1421 prastaus
3071 1357 3336 1422 omnibus,

1814 1453 1915 1498 tam
1970 1445 2302 1498 inell‘abiliter
2345 1456 2500 1510 atque
2552 1442 2988 1496 intestiutabiliter
3034 1446 3338 1512 praecellens

1806 1543 1906 1598 est,
1938 1549 2096 1603 quam
2125 1532 2264 1588 Deus
2289 1535 2311 1587 ἲ
2336 1532 2499 1602 Cujus
2529 1533 2708 1600 utique
2741 1543 2924 1585 natura
2955 1535 3069 1588 acie
3097 1536 3339 1590 humanae

1807 1622 2001 1676 mentis
2025 1621 2220 1674 intendi
2253 1630 2409 1688 atque
2440 1621 2650 1683 intueri,
2685 1620 2934 1688 quamvis
2963 1622 3032 1675 sit
3053 1625 3336 1691 purissima

1811 1725 1959 1764 mens
1985 1725 2044 1763 ac
2072 1709 2435 1776 limpidissima
2463 1749 2477 1771 ,
2510 1724 2610 1763 non
2642 1718 2835 1775 potest.
2872 1710 3066 1764 Verum
3111 1727 3214 1766 non
3259 1713 3339 1768 vi-

134 1800 192 1850 de
211 1791 527 1848 caLbolico.
590 1791 786 1845 Dicant
834 1792 934 1860 ipsi
972 1807 1088 1859 quae
1131 1792 1232 1844 alia
1282 1800 1402 1845 sunt
1449 1790 1704 1844 ecclesia-
1736 1789 1778 1844 B
1809 1799 1962 1852 detur
1989 1799 2297 1860 absurdum,
2340 1799 2383 1850 si
2416 1796 2482 1850 ad
2521 1798 2897 1850 evidentiorem
2922 1799 2996 1852 rei
3027 1801 3338 1858 manifesta-

151 1887 278 1938 stica
313 1881 570 1949 dogmata
593 1920 611 1946 ,
656 1880 702 1934 si
731 1881 845 1935 haec
883 1897 985 1934 non
1027 1891 1148 1935 sunt
1196 1896 1310 1947 quae
1357 1880 1597 1948 superius
1629 1881 1696 1933 ab

155 1973 241 2026 illo
292 1971 493 2038 digesta
550 1979 729 2023 sunt.-
763 1971 827 2024 Et
876 1971 989 2024 haec
1038 1971 1242 2038 quidem
1288 1970 1601 2039 generaliter
1644 1971 1708 2024 de

153 2061 397 2114 omnibus
459 2060 856 2115 ecclesiasticis
909 2061 1242 2130 dogmatibus
1309 2062 1374 2114 ab
1430 2059 1518 2113 illo
1569 2062 1709 2116 dicta

149 2151 274 2202 sint.

212 2235 514 2304 Pergamus
544 2244 728 2290 autem
757 2245 810 2290 et
842 2249 961 2304 quae
992 2236 1297 2305 Specialiter
1326 2237 1391 2291 de
1436 2237 1659 2306 singulis
1689 2276 1705 2300 ,

153 2334 205 2378 et
233 2325 470 2378 maxime
519 2324 589 2378 de
639 2323 1022 2394 principalibus
1066 2327 1263 2390 rebus,
1311 2327 1372 2379 de
1416 2337 1596 2380 saneta
1647 2339 1710 2380 ac

144 2415 297 2466 beata
324 2412 602 2468 Trinitate
625 2453 640 2479 ,
697 2413 749 2466 id
782 2419 866 2467 est
921 2411 986 2464 de
1013 2411 1169 2466 Patre
1195 2453 1209 2477 ,
1236 2424 1288 2466 et
1319 2413 1452 2466 Filio
1474 2453 1489 2479 ,
1513 2423 1564 2466 et
1586 2413 1707 2482 Spi-

143 2503 246 2555 ritu
266 2513 465 2556 sancto
483 2502 724 2558 senserit
749 2503 1060 2565 indicantes,
1088 2511 1141 2556 et
1165 2502 1490 2571 proferentes
1519 2503 1569 2557 in
1596 2518 1708 2557 me-

139 2590 284 2642 dium
327 2606 391 2644 ea
426 2605 554 2660 qua:
586 2591 641 2644 in
668 2590 899 2645 diversis
930 2591 1009 2644 sui
1039 2592 1213 2660 operis
1242 2592 1595 2647 voluminibus
1630 2593 1710 2646 iu-

137 2691 280 2734 serta
326 2682 614 2742 mandavit
639 2721 654 2746 ,
700 2691 756 2736 et
785 2690 842 2734 ut
873 2683 1037 2750 ipsius
1080 2683 1342 2735 sententia
1372 2684 1436 2736 de
1466 2683 1711 2736 maximis

135 2780 186 2823 et
226 2771 435 2824 divinis
491 2773 659 2825 rebus
699 2787 817 2840 qua:
863 2773 1022 2826 fuerit
1055 2772 1391 2835 ostendatur,
1421 2778 1475 2824 et
1504 2771 1707 2825 duobus

137 2860 223 2914 vel
257 2861 438 2916 tribus
488 2875 686 2914 vocum
740 2876 958 2915 suarum
1008 2862 1225 2915 testibus
1261 2859 1370 2928 (84)
1403 2868 1505 2912 stet
1553 2874 1709 2914 omne

133 2949 360 3000 verbum
390 2947 735 3002 defensionis
757 2946 875 3014 ejus
893 2948 956 3000 ”.
979 2947 1183 3001 Iudicat
1211 2961 1337 3013 ergo
1363 2947 1489 3015 quid
1523 2947 1584 3000 de
1604 2945 1710 3001 Deo

131 3037 299 3091 Patre
329 3039 718 3107 omnipotente
764 3038 996 3092 senserit
1046 3039 1097 3092 in
1129 3037 1208 3090 his
1238 3037 1362 3104 ipsis
1388 3037 1537 3090 libris
1560 3075 1576 3100 ,
1619 3037 1706 3105 qui

129 3143 297 3194 quam
327 3128 572 3182 maxime
601 3126 670 3179 ab
699 3123 1104 3180 accusatoribus
1127 3122 1236 3194 (85)
1277 3121 1631 3186 celebrantur,

129 3225 232 3281 est,
273 3216 422 3284 Περὶ
451 3214 681 3284 ἀρχῶν,
713 3214 962 3270 scribens
992 3212 1104 3266 haec
1144 3230 1157 3266 :

761 3303 990 3358 CAPUT
1038 3302 1102 3356 ll.

535 3392 613 3448 De
644 3393 753 3447 Deo
791 3391 952 3446 Patre
979 3392 1335 3460 omnipotente.

196 3483 508 3541 ORIGENES.
551 3483 666 3554 (86)
697 3500 716 3534 t
749 3481 906 3538 Omni
938 3482 1098 3551 igitur
1119 3496 1278 3536 sensu
1299 3482 1388 3550 qui
1427 3481 1701 3550 corporale

127 3574 342 3644 aliquid
375 3577 444 3629 de
474 3573 591 3627 Deo
643 3569 877 3638 intelligi
904 3570 1178 3638 suggerit,
1224 3579 1376 3637 prout
1400 3570 1666 3637 potuimus
1689 3606 1704 3631 ,

121 3667 456 3729 confutato,
528 3661 766 3717 dicimus
816 3660 1108 3713 secundum
1163 3661 1444 3713 veritatem
1491 3660 1702 3728 quidem

120 3752 307 3806 Deum
351 3748 974 3819 incomprehensibilem
1012 3762 1131 3801 esse
1171 3757 1330 3815 atque
1365 3748 1705 3801 inaestimabi-

118 3844 257 3898 lem.
305 3845 360 3898 Si
391 3845 530 3912 quid
558 3841 710 3894 enim
759 3838 885 3892 illud
911 3847 996 3891 est
1023 3838 1162 3905 quod
1207 3837 1406 3890 sentire
1434 3836 1514 3889 vel
1545 3836 1704 3890 intel—

118 3933 304 4001 ligere
326 3934 393 3988 de
430 3934 548 3986 Deo
581 3929 918 3999 potuerimus
942 3969 956 3992 ,
986 3927 1164 3980 multis
1193 3926 1346 3995 longe
1372 3925 1541 3979 modis
1583 3941 1702 3980 eum

115 4025 424 4092 meliorem
479 4035 612 4075 esse
643 4020 712 4072 ab
742 4032 810 4072 eo
853 4016 992 4088 quod
1026 4016 1320 4081 sensimus,
1370 4030 1585 4070 necesse
1625 4026 1706 4070 est

117 4117 308 4169 credi.
343 4116 504 4169 Sicut
533 4111 683 4166 enim
738 4111 782 4164 si
823 4109 1098 4162 videamus
1137 4106 1362 4174 aliquem
1413 4106 1499 4159 vix
1553 4120 1706 4174 posse

116 4206 432 4258 scintillam
473 4201 706 4256 luminis
730 4238 745 4259 ,
780 4208 872 4250 aut
898 4196 1224 4251 brevissimae
1273 4194 1500 4247 lucerna:
1531 4193 1704 4246 lumen

117 4295 402 4363 aspicere,
443 4303 506 4347 et
529 4305 657 4345 eum
684 4289 837 4356 cujus
868 4287 1011 4340 acies
1033 4284 1310 4339 oculorum
1346 4283 1463 4351 plus
1492 4282 1705 4336 luminis

1657 3088 1776 3174 ac

1811 1888 2006 1940 tionem
2039 1888 2199 1940 etiam
2235 1886 2337 1939 alia
2369 1895 2579 1941 utamur
2609 1889 2969 1943 similitudine.
3018 1888 3130 1960 (89)
3172 1891 3337 1946 Inter.

1807 1975 1931 2029 dum
1964 1972 2102 2028 oculi
2131 1973 2298 2027 nostri
2325 1974 2488 2042 ipsam
2517 1985 2758 2029 naturam
2790 1977 2922 2032 lueis
2949 2017 2963 2042 ,
2994 1977 3045 2031 id
3073 1987 3180 2042 est,
3211 1981 3336 2035 sub-

1807 2065 2057 2120 stantiam
2105 2063 2232 2118 solis
2271 2064 2464 2117 intueri
2514 2079 2614 2118 non
2663 2075 2882 2134 possunt
2928 2084 2941 2120 :
2991 2067 3326 2136 splendorem

1808 2166 1934 2204 vero
1963 2149 2111 2217 ejus,
2145 2151 2226 2204 vel
2266 2151 2441 2203 radios
2483 2150 2736 2207 fenestris
2780 2153 2936 2218 forte,
2984 2157 3069 2209 vel
3118 2156 3339 2225 quibus.

1815 2240 1944 2295 libet
1974 2241 2230 2294 luminum
2254 2240 2498 2295 brevibus
2521 2244 2868 2312 receptaculis
2909 2243 3106 2300 infusos
3130 2246 3338 2301 intuen-

1810 2337 1908 2396 tes,
1937 2330 2274 2383 considerare
2299 2345 2578 2398 possumus
2604 2330 2772 2386 fomes
2797 2333 2907 2401 ipse
2927 2337 3006 2388 vel
3035 2335 3153 2390 fons
3173 2350 3312 2405 quau

1811 2427 1892 2472 tus
1929 2419 1996 2472 sit
2023 2419 2264 2486 corporei
2317 2419 2548 2473 luminis.
2583 2419 2660 2474 Ita
2691 2437 2817 2491 ergo
2861 2423 3012 2491 quasi
3047 2423 3178 2478 radii
3209 2423 3332 2492 qui-

1807 2511 1926 2561 dam
1953 2517 2077 2563 sunt
2109 2509 2200 2562 Dei
2230 2518 2428 2563 natura:
2473 2525 2632 2578 opera
2662 2512 2850 2564 divinae
2880 2512 3251 2576 Providentia,
3279 2521 3338 2569 et

1809 2611 1896 2650 ars
1925 2596 2286 2650 universitatis
2311 2595 2486 2663 hujus,
2517 2599 2580 2650 ad
2629 2599 3076 2667 comparationem
3109 2598 3218 2669 (90)
3253 2599 3334 2667 ipp

1809 2684 1918 2739 sius
1948 2684 2255 2739 substantia:
2287 2699 2349 2738 ac
2374 2695 2597 2740 naturae.
2631 2685 2764 2752 Quia
2807 2702 2936 2756 ergo
2963 2703 3113 2742 mens
3152 2697 3334 2748 nostra

1809 2772 1976 2841 ipsum
2013 2789 2106 2842 per
2130 2775 2358 2842 seipsam
2403 2773 2566 2828 Deum
2611 2776 2750 2829 sicut
2777 2785 2857 2829 est
2885 2791 2988 2830 non
3021 2785 3193 2844 potest
3247 2777 3332 2832 in-

1811 2862 1948 2934 tueri.
1972 2903 1988 2927 ,
2019 2877 2085 2916 ex
2117 2863 2505 2930 pulchritudine
2529 2879 2748 2932 operum
2776 2903 2792 2927 ,
2824 2875 2876 2919 et
2909 2867 3097 2920 decore
3123 2876 3337 2922 creatu-

1812 2964 2012 3014 rarum,
2046 2959 2320 3019 parentem
2368 2951 2729 3006 universitatis
2753 2952 3017 3022 intelligit.
3051 2954 3160 3008 Non
3206 2969 3335 3026 ergo

1811 3054 2002 3108 corpus
2035 3041 2246 3109 aliquod
2276 3081 2290 3104 ,
2325 3050 2417 3094 aut
2452 3043 2504 3096 iu
2540 3058 2764 3112 corpore
2795 3059 2917 3100 esse
2942 3047 3205 3112 putandus
3252 3057 3337 3106 est

1807 3128 1964 3194 Deus,
1990 3129 2082 3182 sed
2119 3131 2489 3185 intellectualis
2521 3143 2705 3186 natura
2731 3174 2746 3200 ,
2775 3134 2995 3201 simplex
3021 3173 3038 3199 ,
3065 3136 3193 3190 nihil
3221 3151 3336 3191 om-

1808 3218 1933 3270 nino
1977 3219 2025 3271 in
2058 3233 2116 3272 se
2171 3219 2527 3287 adjunctionis
2572 3222 2897 3287 admittens,
2945 3223 3020 3278 uti
3051 3239 3116 3279 ne
3165 3227 3336 3292 maius

1807 3307 2002 3376 aliquid
2083 3317 2136 3363 et
2187 3310 2408 3365 inferius
2461 3313 2511 3365 in
2577 3328 2635 3367 se
2681 3313 2875 3369 habere
2924 3315 3188 3380 credatur,
3241 3319 3334 3370 sed

1806 3404 1865 3449 ut
1906 3397 1976 3449 sit
2018 3410 2083 3450 ex
2114 3400 2256 3452 omni
2313 3409 2462 3468 parte
2517 3401 2726 3470 μονὰς,
2760 3413 2852 3466 et,
2897 3411 2955 3456 ut
3003 3403 3076 3456 ita
3121 3405 3291 3459 dicam
3318 3444 3337 3471 ,

1804 3484 1947 3550 ὲνὰς,
1975 3496 2028 3539 et
2052 3501 2200 3540 mens
2221 3528 2238 3553 ,
2278 3503 2337 3542 ac
2364 3489 2484 3544 fons
2517 3506 2578 3544 ex
2611 3506 2716 3559 quo
2747 3491 2953 3544 initium
2991 3492 3162 3546 totius
3187 3492 3339 3546 intel-

1806 3573 2045 3629 lectualis
2078 3584 2280 3629 natura:
2307 3577 2388 3630 vel
2423 3579 2616 3633 mentis
2651 3587 2754 3632 est.
2804 3577 2950 3634 Meus
2991 3594 3118 3634 vero
3145 3589 3202 3633 ut
3223 3595 3337 3635 mo-

1805 3672 1987 3716 veatur
2009 3663 2090 3718 vel
2118 3673 2384 3732 operetur,
2422 3681 2522 3723 non
2558 3667 2756 3736 indiget
2787 3666 2905 3722 loco
2936 3681 3214 3736 corporeo,
3239 3683 3336 3723 ne-

1805 3766 1906 3820 que
1937 3753 2173 3807 sensibili
2206 3754 2596 3822 magnitudine,
2627 3755 2706 3808 vel
2733 3755 2996 3823 corporali
3028 3756 3336 3813 habituaut

1806 3841 2004 3906 colore,
2035 3857 2205 3910 neque
2236 3843 2339 3896 alio
2365 3843 2472 3897 ullo
2506 3860 2725 3913 prorsus
2775 3847 2974 3916 indiget
3006 3848 3192 3901 horum
3217 3863 3334 3918 qua:

1805 3931 2040 3999 corporis
2087 3931 2194 4000 (9|)
2245 3931 2325 3984 vel
2379 3936 2611 3986 materiae
2658 3935 2869 4002 pr0pria
2922 3945 3064 3994 sunt.
3112 3935 3335 4005 Propter

1804 4019 1941 4082 quod
1973 4027 2157 4072 natura
2186 4019 2270 4074 illa
2315 4020 2535 4089 simplex
2557 4058 2570 4083 ,
2593 4029 2647 4075 et
2691 4031 2799 4075 tota
2831 4036 3000 4084 meus,
3031 4032 3088 4076 ut
3120 4038 3334 4077 movea-

1806 4115 1890 4158 tur
1924 4106 2005 4160 vel
2051 4117 2300 4174 operetur
2324 4109 2522 4176 aliquid
2546 4149 2562 4174 ,
2597 4111 2726 4164 nihil
2759 4112 3023 4165 dilationis
3056 4121 3148 4166 aut
3200 4128 3332 4166 cun,

1806 4196 2051 4250 ctationis
2086 4197 2282 4252 habere
2324 4208 2537 4267 potest,
2573 4213 2636 4254 ne
2664 4215 2759 4268 per
2789 4201 3087 4270 hujusmodi
3137 4203 3326 4271 adjun-

1805 4288 2030 4338 ctionem
2065 4287 2426 4342 circumscribi
2461 4289 2542 4341 vel
2590 4289 2815 4342 inhiberi
2862 4289 3194 4358 aliquatenus
3243 4291 3326 4345 vi-

118 4399 334 4453 capere
369 4396 542 4453 quam
585 4392 749 4446 supra
778 4377 1030 4434 diximus.
1064 4389 1166 4428 non
1200 4372 1356 4436 valet,
1404 4371 1448 4424 si
1485 4371 1703 4426 velimus
1735 4391 1776 4444 υ
1805 4375 1989 4427 deatur
2038 4376 2224 4430 divina:
2275 4388 2476 4432 natura:
2517 4379 2868 4448 simplicitas,
2928 4382 3004 4433 ιιιί
3061 4395 3128 4434 ne
3187 4380 3324 4448 quod

115 4474 190 4528 de
223 4475 490 4528 claritate
514 4480 573 4526 et
605 4466 898 4538 splendore
929 4463 1052 4517 solis
1075 4461 1318 4523 edocere,
1349 4464 1520 4513 nbnne
1541 4474 1699 4527 opor-

119 4563 270 4616 tebit
307 4578 404 4617 nos
437 4563 492 4616 ei
526 4560 736 4621 dicere,
780 4554 906 4623 quia
933 4552 1075 4607 omni
1105 4551 1204 4605 hoc
1231 4547 1428 4602 lumine
1455 4549 1595 4622 quod
1623 4549 1701 4602 vi-

199 4699 251 4733 ”
292 4699 399 4754 Tit.
426 4715 519 4764 ιιι,
538 4697 634 4750 ﬂ.
709 4695 752 4726 ”
778 4691 966 4746 Matth.
990 4703 1145 4752 xvtn,
1173 4686 1258 4741 16.

199 4861 326 4932 (83)
355 4861 532 4932 Editi,
567 4856 899 4932 conveniens.
923 4850 1070 4932 Mss,
1097 4863 1427 4932 consequens.

351 4917 540 4994 Editi,
578 4928 672 4994 βαι
725 4939 822 4992 pro
849 4930 983 4985 stet,
1012 4921 1150 4986 quod
1202 4917 1486 4986 praeferunt
1522 4928 1705 4969 omnes

114 5016 329 5139 ms($8.5)
357 5069 450 5122 Sic
478 5063 897 5139 editi,_etnmss.
917 5054 1199 5139 plerique:
1349 5067 1475 5106 vero
1505 5051 1704 5106 Sorbe-

112 5123 326 5197 uicus:
349 5147 402 5190 et
435 5135 585 5188 alter
626 5123 684 5183 S.
723 5124 974 5197 Remigii,
1006 5123 1347 5197 infamantur.

197 5187 328 5274 ἰδὲ)
355 5187 562 5274 Extu-
593 5197 720 5274 ιρε
754 5187 1243 5274 ranarum-.1,
1275 5187 1499 5274 cum-.5:

197 5257 330 5346 ξεῖ)
372 5257 560 5346 misi,
612 5257 884 5346 ,ιβεειζντς
925 5259 1387 5346 ςρξιρξιῑξξξρξξςη
1429 5257 1694 5346 ηεξίίειξξξξζ·

112 5323 271 5398 bis-‘5‘.
307 5323 442 5394 ίιὶἆὶ
475 5323 574 5408 [δι’.
606 5323 1430 5408 illico]'ad_comparetionem....
1465 5323 1694 5376 habetur.

117 5416 240 5468 Sed
275 5401 562 5478 legendum
593 5403 818 5478 videtur
846 5401 987 5478 utnin

195 5459 471 5550 (aspis.
486 5468 689 5550 rosis?
712 5504 730 5525 ν
748 5461 1251 5550 _?E-e‘.‘3i‘_91‘.‘.‘.‘_‘".'3!
1276 5470 1388 5550 3'39-
1402 5459 1555 5550 iii."
1589 5459 1699 5513 ¹¹³⁸⁰

115 5528 255 5604 ποῖ(
275 5528 452 5599 e’xiitat
480 5544 537 5593 in
566 5536 870 5604 aliisAtuss.
895 5528 1151 5604 librorum
1179 5528 1250 5580 De
1271 5530 1558 5604 principiis.

195 5593 448 5684 ῑεέῑᾶίὲἱ
473 5600 857 5684 5°!"’°“‘_“:‘.‘§:
867 5593 1388 5684 _.’.'i{“_'3"1'3'.29'3_‘_i-“
1411 5598 1690 5684 famas:

113 5663 1336 5750 infnsérintuenturamus}!!quIggstfﬁmtts
1360 5675 1531 5750 ,_etc.,
1557 5665 1694 5743 qttod

117 5730 454 5808 inlata.”
483 5734 699 5798 theri
737 5743 876 5782 mss.
913 5744 964 5781 et
1003 5730 1118 5784 editi
1167 5739 1225 5782 ut
1272 5732 1326 5785 in
1379 5742 1522 5788 textu
1549 5772 1562 5798 ,
1594 5733 1695 5786 nisi

1805 4474 1886 4516 e5t
1934 4465 2250 4534 principium
2298 4469 2533 4521 omnium
2568 4506 2584 4532 ,
2630 4468 2978 4535 compositqu
3029 4468 3328 4525 inveniatur

1805 4563 1860 4604 et
1911 4553 2216 4619 diversum,
2269 4556 2399 4625 (92)
2457 4567 2510 4609 et
2567 4557 2636 4610 sit
2701 4557 2908 4621 multa,
2961 4571 3063 4613 non
3130 4572 3332 4624 unum,

1810 4846 1947 4916 quod
1969 4860 2096 4916 mss.
2125 4845 2374 4916 emittant
2404 4845 2585 4916 nostri,
2612 4853 2725 4916 post
2748 4842 2902 4916 oculi.

1877 4914 1986 4981 (90)
2010 4912 2118 4966 Vox
2143 4915 2302 4980 ipsius
2337 4915 2483 4967 deest
2505 4913 2555 4964 in
2574 4914 2750 4975 editis,
2786 4922 2836 4981 et
2861 4913 2911 4962 in
2945 4925 3072 4981 mss.
3106 4910 3331 4981 nostris;

1807 4977 1896 5037 sed
1929 4977 2102 5035 exstat
2131 4977 2179 5032 in
2221 4997 2345 5034 mss.
2395 4981 2646 5033 librorum
2678 4980 2813 5046 Περὶ
2848 4977 3062 5046 ἀρχῶν,
3093 4987 3144 5032 et
3177 4980 3332 5031 resti-

1806 5051 1996 5105 tuenda
2027 5049 2254 5102 videtur.
2285 5050 2481 5102 Deinde
2509 5049 2634 5100 editi
2663 5088 2678 5108 ,
2726 5050 2891 5113 ipsum
2923 5063 3012 5113 per
3044 5061 3096 5098 se
3143 5046 3324 5098 Deum.

1807 5119 1932 5172 Mss.
1964 5119 2126 5170 nostri
2161 5155 2174 5178 ,
2204 5119 2368 5185 ipsum
2393 5133 2482 5183 per
2523 5133 2576 5168 se
2620 5119 2784 5183 ipsum
2833 5116 3029 5176 Deum;
3075 5115 3176 5185 sed
3197 5129 3324 5165 mss.

1809 5188 2061 5240 librorum
2082 5185 2172 5254 De
2201 5180 2465 5253 principiis
2484 5224 2500 5249 ,
2536 5180 2703 5254 ipsum
2734 5199 2822 5252 per
2850 5199 2902 5236 se
2945 5185 3106 5251 ipsum
3137 5180 3322 5242 Deum,

1801 5256 1938 5324 quod
1967 5253 2162 5324 rectius
2193 5255 2417 5324 videtur.

1869 5323 1976 5393 (9i)
2006 5321 2161 5382 Editi,
2192 5322 2266 5393 vel
2290 5323 2508 5390 propria:
2535 5323 2767 5376 materiae
2807 5319 3013 5388 prapria
3032 5323 3170 5370 sunt.
3217 5313 3322 5365 Sed

1797 5391 1983 5445 omnes
2010 5405 2138 5444 mss.
2168 5400 2222 5445 ut
2251 5391 2302 5442 in
2337 5400 2505 5445 textu.

1867 5458 1974 5530 (92)
2004 5458 2198 5530 omnes
2228 5458 2381 5523 hujus
2398 5458 2657 5530 Apologite
2683 5472 2811 5511 mss.
2837 5464 2886 5507 et
2915 5450 3146 5530 simillia
3167 5486 3182 5508 ,
3212 5460 3317 5530 gen

1801 5516 2118 5595 unnnt'quid,
2144 5516 2359 5594 apartEt,
2384 5516 2488 5581 etc.
2523 5516 2656 5580 Εἷιίιί
2684 5541 2830 5586 vero,
2857 5533 2914 5595 et
2937 5521 3052 5575 libri
3084 5516 3153 5566 De
3173 5516 3319 5595 Prii!"

1799 5599 1948 5662 cipiis
1976 5591 2080 5648 tam
2113 5591 2238 5648 editi
2269 5610 2425 5662 quam
2473 5611 2622 5658 mss.,
2646 5605 2689 5646 et
2719 5594 2780 5645 sit
2811 5591 2973 5643 multa
3003 5600 3101 5662 non
3133 5592 3314 5662 afaf;

1797 5649 1930 5733 qdod
1971 5673 2164 5730 oportet
2194 5705 2209 5729 ,
2237 5649 2339 5719 et'c.
2383 5649 2628 5718 Judicent
2658 5663 2878 5715 lectores
2909 5668 3024 5722 quae
3053 5649 3206 5703 Ιεοιίο
3248 5649 3317 5698 ⁸ῖὲ

1797 5733 2141 5801 praeferenda.
