3916 6420
90 471 160 529 561
1349 474 1681 530 APOLOGIA
1717 474 1846 530 PRO
1881 475 2192 532 ORIGENE.
3226 475 3330 532 ειθά

96 603 175 638 non
211 562 426 634 sla‘im
472 583 560 624 ει
611 589 744 646 quo
791 594 919 639 sunt
987 585 1063 656 τῷ
1101 584 1321 656 δύναμις
1366 591 1456 644 τοῦ
1505 592 1714 660 Πατέρα

1815 591 1955 653 beat,
1978 606 2094 644 cum
2135 606 2290 646 omne
2337 592 2476 658 quod
2519 607 2824 662 corporeum
2857 603 2955 658 est,
3000 593 3079 647 vel
3117 593 3325 659 habitu,

113 675 237 724 etiam
287 665 504 750 patres
567 679 721 725 esse
783 689 916 743 pos-
988 675 1142 728 αὐτὸν
1189 671 1361 742 εἶναι,
1422 681 1512 732 καὶ
1554 682 1710 734 καλὸν

1814 680 1890 733 vel
1926 687 2120 739 colore,
2147 679 2228 732 vel
2252 683 2604 747 magnitudine
2631 684 2952 750 designetur.
2987 682 3050 736 Et
3076 684 3195 750 quis
3230 697 3329 735 un-

122 761 228 812 sint.
283 746 344 802 Si
427 752 608 809 enim
692 776 920 832 semper
987 768 1141 822 αὐτὸν
1184 765 1319 822 εἶναι
1373 773 1584 842 Πατέρα
1619 771 1710 825 τοῦ

1814 785 1963 837 quam
1992 771 2102 823 sani
2139 784 2323 822 sensus
2366 770 2595 823 habitum
2631 771 2710 824 vel
2766 773 3012 834 colorem,
3059 781 3149 824 aut
3188 785 3330 825 men-

134 843 380 934 perlecttts
409 851 546 934 est.
589 845 783 908 Deus.
821 867 918 907 nec
985 859 1218 912 τοιούτου
1274 862 1431 924 Υἱοῧ,
1489 864 1538 915 τε
1589 865 1712 916 ἀνα-ι

1814 875 1948 914 surae
1996 861 2406 930 magnitudinem
2459 862 2509 914 in
2558 861 2828 928 Sapientia
2878 863 3181 930 requisivit,
3237 875 3330 928 per

150 928 278 977 deest
300 927 345 1017 ei
367 927 571 984 virtus
602 949 728 1000 qua
757 937 919 992 Pater
988 948 1252 1012 ϐάλλεται,
1286 953 1377 1003 καὶ
1405 952 1589 1004 ἑαυτὸν
1621 953 1710 1006 τοῦ

1814 951 1948 1016 quod
1987 927 2253 1016 Sapientia
2292 951 2406 1004 est?
2452 927 2727 1012 Quomodo
2772 927 3128 1014 antemvextra
3172 927 3326 1017 hujus

117 1021 196 1091 sit,
217 1028 268 1076 et
300 1014 502 1073 bonum
530 1033 626 1076 est
645 1041 784 1082 esse
796 1045 917 1083 eum
988 1038 1149 1091 κα.λοῦ
1211 1042 1477 1111 στερίσκει
1498 1083 1513 1106 ,
1582 1044 1673 1096 καὶ
1697 1085 1710 1108 ,

1814 1037 2091 1106 Sapientiae
2114 1040 2503 1107 generationem
2544 1037 2703 1092 fuisse
2731 1038 3008 1104 aliquando
3041 1040 3201 1094 Deum
3229 1041 3327 1092 l'a-

93 1124 240 1184 Patre
281 1126 338 1164 'm
381 1112 522 1166 ῐθιῖε
552 1114 693 1170 Filii
721 1158 738 1182 .
787 1121 918 1188 quid
987 1127 1060 1191 ὡς
1081 1129 1225 1182 ἔστιν
1250 1133 1438 1193 εἰπεῖν,
1465 1131 1520 1197 ἐξ
1551 1127 1608 1185 οὗ
1635 1133 1715 1184 δύ-

1814 1137 1964 1189 trem,
1999 1128 2078 1180 vel
2105 1130 2167 1180 ad
2191 1139 2441 1196 punctum
2475 1127 2724 1182 momenti
2759 1128 2981 1196 alicujus
3015 1139 3183 1197 potest
3210 1130 3325 1197 quis

99 1211 331 1269 Μετ’,
358 1207 617 1274 aulmtid
643 1209 756 1264 hoc
779 1211 920 1266 bono
989 1237 1140 1274 ναται
1172 1222 1353 1292 Πατὴρ
1394 1218 1524 1275 εἶναι
1552 1223 1710 1282 Υἱοῦς

1814 1222 2007 1275 sentire
2040 1221 2120 1276 vel
2169 1224 2404 1286 credere,
2461 1222 2550 1290 qui
2613 1231 2786 1273 tamen
2839 1223 2977 1288 pium
3032 1223 3226 1289 aliquid
3265 1224 3326 1276 de

123 1299 486 1359 seis-ntuli“.
547 1308 608 1353 ει
654 1317 767 1355 ιιοη
812 1312 922 1356 Sla-
990 1313 1061 1364 Τὸ
1105 1313 1233 1365 αὐτὸ
1312 1314 1551 1384 μέντοιγε
1624 1319 1715 1369 καὶ

1814 1310 1921 1363 Deo
1944 1311 2236 1379 intelligere
2266 1310 2490 1371 noverit,
2517 1309 2599 1362 vel
2640 1309 2872 1362 sentire?
2901 1310 3004 1362 Aut
3039 1309 3176 1363 enim
3225 1324 3326 1360 non

130 1390 298 1452 tim,si
331 1387 404 1439 ita
421 1387 920 1460 dicipotest.(98‘)
990 1403 1113 1471 περὶ
1146 1401 1236 1454 τοῦ
1279 1402 1428 1470 ἁγίου
1471 1403 1714 1474 Ilva-tipa-

1814 1398 2045 1464 potuisse
2075 1399 2231 1450 Deum
2256 1398 2391 1449 dicet
2420 1412 2666 1465 generare
2700 1397 3021 1464 Sapientiam
3050 1406 3327 1461 antequam

134 1496 194 1534 ex
217 1488 340 1543 quo
370 1485 563 1542 potest
584 1491 716 1531 esse
737 1477 919 1544 Pater,
988 1506 1077 1552 τος
1099 1489 1329 1544 λεκτέον,

1814 1497 2108 1556 generaret,
2145 1497 2200 1540 ut
2241 1501 2378 1550 eam,
2422 1503 2535 1554 qua:
2569 1503 2670 1540 non
2713 1497 2851 1551 erat,
2894 1485 2994 1558 (2‘)
3027 1495 3205 1552 postea
3251 1498 3328 1552 ge-

136 1571 376 1623 ellicitur
419 1564 638 1620 Pater?
686 1568 920 1636 ldipsnm
1813 1577 1984 1629 nuerit
2021 1587 2076 1630 ut
2101 1588 2242 1632 esset
2269 1593 2281 1629 :
2307 1587 2395 1630 aut
2423 1579 2650 1646 potuisse
2691 1580 2922 1647 quidem,
2957 1579 3044 1632 sed
3076 1578 3232 1645 (quod
3267 1588 3328 1630 ne

150 1669 334 1712 autem
381 1658 554 1711 etiam
598 1660 668 1712 de
717 1658 920 1727 Spiritu
1817 1665 1915 1718 dici
1949 1667 2155 1733 quidem
2206 1667 2271 1720 de
2326 1668 2430 1720 Deo
2489 1667 2570 1720 fas
2620 1669 2719 1736 est)
2761 1668 2986 1721 noluisse
3032 1681 3327 1736 generare:

149 1756 346 1802 sancto
367 1747 668 1801 dicendum
694 1759 798 1806 est.
843 1769 862 1802 ›
1812 1755 1950 1823 quod
1984 1764 2264 1822 utrumque
2302 1767 2352 1809 et
2383 1756 2664 1810 absurdum
2683 1771 2820 1819 esse,
2849 1767 2901 1810 et
2936 1756 3150 1822 impium
3168 1755 3310 1809 omni

221 1836 564 1893 Puemws.
621 1841 781 1896 Aliud
826 1843 1191 1900 testimonium
1222 1847 1286 1902 de
1323 1847 1504 1902 eadem
1548 1863 1604 1902 re
1649 1864 1711 1904 ex
1814 1843 1912 1895 bus
1947 1850 2107 1908 Ρθιθῑν
2133 1841 2207 1911 (⁵)
2265 1842 2315 1894 id
2341 1851 2439 1903 εειν
2477 1854 2533 1894 ιιι
2557 1851 2644 1894 θυι
2670 1857 2734 1895 ex
2763 1857 2826 1895 θο
2857 1844 2995 1908 (μιοά
3029 1857 3130 1894 ηοη
3163 1843 3327 1909 Dom"

143 1926 318 1981 libris
350 1927 616 1994 Epistolis
640 1932 709 1983 ad
739 1933 1003 1987 Hrbrtzos.
1747 1930 1786 1983 Β
1818 1931 1973 1992 Deus,
1999 1928 2276 1997 proliceret
2301 1939 2356 1982 ut
2382 1939 2562 1998 posset
2589 1947 2604 1992 ;
2644 1939 2729 1982 aut
2774 1944 2834 1983 ex
2870 1945 2931 1982 eo
2962 1946 3078 1984 cum
3129 1940 3328 1998 posset,

217 2016 532 2072 Omcmes.
568 2019 685 2089 (99)
737 2038 755 2071 ι
799 2021 913 2075 Lux
973 2034 1148 2076 autem
1193 2033 1386 2078 aeterna
1414 2026 1537 2093 quid
1580 2026 1716 2080 aliud
1814 2019 2166 2074 dissimularet
2192 2034 2443 2088 generare
2467 2018 2810 2086 Sapientiam.
2837 2021 3052 2087 Propter
3073 2019 3209 2086 quod
3237 2035 3327 2072 nos

134 2108 507 2164 sentiendum
537 2117 650 2170 est,
683 2124 844 2176 quam
901 2111 1041 2165 Deus
1074 2112 1252 2177 Pater,
1309 2115 1395 2181 qui
1453 2129 1714 2181 nunquam
1815 2122 2022 2176 semper
2058 2108 2218 2161 Deum
2263 2107 2472 2161 Patrem
2525 2108 2763 2162 novimus
2800 2108 3048 2177 nnigeniti
3094 2107 3213 2162 Filii
3249 2109 3328 2160 sui

134 2198 246 2250 fuit
274 2197 512 2266 quando
547 2197 642 2250 lux
673 2197 889 2264 quidem
913 2209 1078 2259 esset,
1100 2202 1349 2268 splendor
1380 2217 1504 2256 vero
1531 2203 1578 2256 ei
1613 2218 1715 2257 non
1817 2212 1879 2251 ex
1912 2197 2023 2265 ipso
2058 2198 2268 2264 quidem
2299 2199 2427 2262 nati,
2453 2207 2504 2251 et
2534 2197 2673 2266 quod
2699 2204 2781 2249 est
2813 2197 2878 2249 ab
2910 2197 3025 2264 ipso
3051 2196 3329 2257 trahentis.

132 2287 410 2342 adesset?
461 2284 656 2357 Neque
692 2287 834 2340 enim
873 2287 958 2340 lux
1005 2289 1118 2342 sine
1157 2291 1432 2358 Splendore
1477 2307 1570 2345 suo
1617 2308 1716 2345 un-
1815 2289 1929 2344 sine
1963 2287 2068 2340 ullo
2118 2296 2294 2340 tamen
2328 2288 2498 2354 initio,
2536 2303 2636 2341 non
2677 2287 2846 2342 solum
2875 2301 2937 2340 eo
2962 2285 3100 2356 quod
3149 2285 3311 2353 aliqui

129 2390 314 2445 quam
350 2373 594 2442 intelligi
627 2382 824 2443 potest.
858 2374 1006 2439 Quod
1029 2377 1070 2427 si
1105 2390 1288 2429 verum
1311 2386 1413 2438 est,
1445 2393 1709 2446 nunquam
1813 2377 1910 2431 bus
1944 2387 2235 2444 temporum
2279 2377 2465 2443 spatiis
2501 2377 2746 2445 distingui
2777 2385 2969 2444 potest,
3011 2375 3100 2429 sed
3143 2390 3208 2428 ne
3238 2373 3329 2426 illo

127 2472 224 2518 est.
260 2462 410 2532 (99’)
475 2463 700 2530 quando
734 2460 897 2515 Filius
924 2477 1028 2516 non
1064 2461 1225 2516 Filius
1250 2464 1372 2516 fuit.
1397 2465 1712 2520 Eratautem
1815 2463 2024 2530 qnidem
2071 2464 2209 2529 quod
2255 2464 2363 2517 sola
2399 2465 2534 2532 apud
2578 2464 2915 2532 semetipsam
2956 2478 3104 2517 mens
3142 2459 3330 2516 intueri

126 2569 280 2618 non,
319 2551 571 2609 sicut'de
590 2561 794 2604 aeterna
817 2551 936 2605 luce
973 2553 1223 2614 diximus,
1253 2554 1486 2621 innatus,
1513 2571 1578 2608 ne
1603 2559 1707 2610 duo
1815 2553 1966 2616 solet,
2016 2560 2068 2606 et
2110 2552 2268 2616 nudo,
2322 2561 2381 2605 ut
2440 2555 2511 2605 ita
2550 2554 2793 2617 dixerim,
2854 2555 3125 2608 intellectu
3176 2562 3330 2622 atque

123 2642 423 2712 principia
461 2642 608 2696 lucis
643 2641 921 2695 videamus
954 2641 1222 2706 inducere,
1258 2643 1350 2696 sed
1391 2644 1524 2697 sicut
1571 2646 1718 2715 inge—
1814 2641 1990 2693 animo
2020 2642 2337 2709 conspicari.
2369 2641 2528 2695 Extra
2559 2655 2714 2694 omne
2745 2657 2873 2710 ergo
2903 2643 3042 2711 quod
3082 2643 3162 2696 Vel
3205 2643 3330 2709 dici,

122 2735 270 2788 nitas
303 2733 451 2788 lucis
472 2731 756 2799 splendor,
782 2732 951 2798 ipsam
989 2731 1128 2784 illam
1162 2731 1329 2785 lucem
1371 2733 1574 2788 initium
1619 2735 1713 2787 ha-
1812 2730 1896 2783 vel
1930 2730 2148 2799 intelligi
2179 2739 2350 2797 potest
2374 2731 2603 2796 initium,
2639 2740 2939 2800 generatam
2963 2745 3080 2785 esse
3107 2732 3330 2785 credena

123 2823 279 2876 bens
306 2837 376 2874 ac
412 2819 655 2884 fontem,
703 2827 864 2874 natus
907 2822 1120 2888 quidem
1173 2838 1236 2875 ex
1280 2823 1427 2892 ipsa;
1475 2823 1566 2877 sed
1614 2838 1714 2877 non
1812 2818 1936 2870 dum
1963 2817 2408 2886 estSapientiam.
2457 2836 2475 2868 ι

118 2922 258 2964 erat
307 2912 542 2978 quando
571 2925 680 2963 non
709 2919 847 2966 erat.
889 2927 907 2960 ι
1881 2906 2198 2961 PAMPHILUS.
2222 2908 2373 2960 Aliud
2396 2905 2751 2960 testimonium
2791 2905 2888 2974 (3‘)
2917 2905 2980 2959 de
3017 2905 3234 2959 eisdem.

199 2997 566 3053 PAIPIIILUS.
620 2997 778 3050 Aliud
824 2997 1184 3052 teStimonium
1234 2999 1300 3054 de
1340 3001 1522 3056 eadem
1565 3017 1621 3056 re
1652 3004 1717 3057 de
1882 2994 2160 3050 ORIGENES-
2187 2993 2259 3062 (4)
2294 3012 2312 3044 ι
2361 2994 2456 3059 Ωιιὶ
2489 3003 2662 3047 amem
2697 2994 3198 3049 illiliumdalverbo
3220 2993 3330 3058 Dei.

118 3085 303 3140 libris
343 3083 616 3152 Epistolw
642 3085 712 3136 ad
749 3083 1030 3138 Romanos.
1816 3085 1898 3138 vel
1925 3083 2206 3153 Sapientiae
2231 3084 2344 3146 Dei,
2365 3084 2458 3153 (i‘)
2480 3084 2686 3138 intuere
2714 3099 2777 3137 ne
2807 3085 3040 3152 magisin
3064 3085 3230 3153 ipsum
3253 3084 3330 3136 in-

201 3175 527 3229 Umor-mss.
601 3171 681 3243 (1)
734 3193 753 3224 ι
803 3173 953 3238 Quod
992 3175 1324 3238 promiserat,
1373 3174 1569 3244 inquit,
1627 3194 1716 3246 per
1744 3230 1780 3246 Λ
1814 3175 2044 3244 genitum
2075 3175 2281 3228 Patrem
2311 3173 2632 3242 impietatem
2673 3189 2819 3227 suam
2847 3173 3028 3240 jactet,
3057 3190 3174 3228 cum
3210 3190 3330 3228 eum

114 3263 434 3332 prophetas
479 3279 610 3315 suos
650 3263 706 3315 in
731 3261 1014 3329 Scripturis
1045 3264 1233 3316 sanctis
1255 3265 1316 3316 de
1341 3261 1477 3317 Filio
1502 3281 1595 3318 suo
1627 3265 1714 3333 qui
1742 3261 1782 3286 ν
1818 3275 1970 3334 neget
2000 3279 2206 3332 semper
2225 3263 2431 3318 Patrem
2454 3263 2634 3327 fuisse,
2650 3273 2702 3316 et
2727 3265 2974 3333 genuisse
3001 3265 3248 3330 Verbum,
3277 3275 3332 3319 et

117 3355 446 3405 secundum
485 3367 704 3404 carnem
747 3351 917 3419 factus
964 3362 1036 3405 est
1085 3369 1148 3405 ea;
1193 3355 1381 3406 semine
1437 3354 1601 3407 David
1649 3355 1714 3409 ³⁸.
1817 3354 2060 3408 habuisse
2081 3354 2400 3424 Sapientiam
2424 3355 2773 3410 anteriorihus
2794 3356 2870 3408 vel
2894 3358 3235 3425 temporibus,
3253 3357 3332 3411 vel

117 3442 350 3495 Factus
391 3451 483 3495 est
523 3441 668 3508 quod
731 3451 858 3495 ante
908 3457 1008 3495 non
1063 3451 1195 3496 erat.
1261 3443 1592 3500 Manifestum
1639 3453 1720 3500 est
1814 3444 2036 3507 sarculis,
2070 3444 2148 3498 vel
2166 3445 2208 3498 si
2229 3446 2351 3512 quid
2377 3446 2500 3499 illud
2523 3446 2758 3514 estquod
2787 3447 3040 3500 nominari
3074 3455 3263 3515 potest.
3312 3465 3332 3499 ι

115 3532 290 3584 enim
329 3531 465 3599 quia
510 3530 818 3584 secundum
853 3518 1066 3584 carnem
1102 3549 1203 3586 non
1248 3541 1362 3587 erat
1398 3534 1542 3601 prius
1580 3550 1594 3586 :
1630 3549 1715 3588 se-
1883 3532 2197 3589 Pitumnus.
2273 3533 2397 3589 ltem
2459 3534 2600 3589 aliud
2667 3535 3024 3591 testimonium
3091 3538 3156 3592 de
3227 3537 3332 3592 eis-

115 3621 387 3673 cundum
407 3619 675 3687 spiritum
702 3633 833 3674 vero
857 3628 972 3674 erat
991 3631 1134 3687 ante,
1164 3631 1216 3675 et
1245 3636 1345 3676 non
1376 3623 1715 3692 eratquando
1813 3622 1952 3676 dem.

112 3722 241 3761 IlOﬂ
276 3724 375 3761 era
385 3716 428 3760 ι.
468 3724 489 3757 ι
1296 3754 1301 3759 .

197 3795 565 3851 Ρωινωωε.
631 3794 768 3849 ltem
845 3795 898 3848 in
970 3795 1106 3849 libro
1177 3797 1349 3864 primo
1409 3797 1546 3866 Περὶ
1616 3800 1718 3867 dp-

111 3887 291 3954 χῶν.
329 3886 497 3951 Quod
530 3897 691 3940 extra
725 3884 890 3938 ullum
929 3885 1135 3938 initium
1173 3895 1256 3941 est
1287 3890 1554 3956 generatio
1596 3889 1717 3944 Filii

113 3975 260 4029 Dei.

1881 3731 2164 3789 ORIGENES.
2219 3733 2295 3804 (5)
2345 3752 2364 3786 ‹
2400 3733 2632 3788 Eﬂicitur
2680 3750 2805 3805 ergo
2851 3736 3018 3789 virtus
3060 3735 3226 3788 altera
3281 3735 3333 3788 in

1815 3834 1906 3874 sua
1927 3822 2249 3890 proprietate
2286 3825 2606 3889 subsistens,
2637 3827 2786 3878 utait
2821 3840 2995 3878 sermo
3025 3824 3330 3891 Scriptum,

1814 3924 1973 3978 vapor
1994 3911 2204 3979 quidam
2227 3913 2404 3980 prima:
2425 3923 2477 3967 et
2504 3915 2744 3982 ingenitae
2768 3915 2976 3967 virtutis
2995 3913 3085 3965 Dei
3108 3913 3194 3978 κ’,
3229 3915 3332 3966 hoc

1815 4004 2023 4071 quidem
2060 4006 2196 4072 quod
2244 4015 2346 4071 est,
2391 4007 2514 4061 inde
2553 4009 2767 4062 trahens
2822 4026 2835 4061 :
2885 4023 2988 4062 non
3031 4019 3112 4061 est
3157 4015 3332 4060 autem

197 4084 527 4140 Garamas.
568 4083 722 4153 (1').
752 4082 808 4136 Si
837 4097 963 4152 ergo
999 4082 1160 4136 semel
1185 4092 1324 4137 recte
1345 4094 1611 4153 receptum
1638 4098 1719 4140 est
1814 4093 2023 4161 quando
2080 4108 2181 4148 non
2229 4094 2406 4149 fuerit.
2467 4095 2523 4150 Si
2566 4097 2706 4149 enim
2745 4095 2864 4164 quis
2902 4095 3126 4150 voluerit
3158 4096 3333 4148 dicere

111 4176 498 4245 unigenitum
554 4173 754 4226 Filium
789 4172 879 4225 Dei
917 4171 1230 4240 sapientiam
1277 4173 1389 4241 ejus
1432 4188 1552 4228 esse
1593 4175 1720 4227 sub-
1815 4181 1962 4248 quasi
1997 4183 2142 4249 prius
2169 4199 2269 4236 non
2299 4184 2578 4246 exstiterit,
2627 4184 2722 4238 sed
2747 4194 2930 4252 postea
2984 4185 3049 4238 ad
3079 4183 3174 4255 (5‘)
3204 4185 3333 4238 sub-

112 4263 492 4315 stantialiter
523 4261 938 4324 subsistentem,
973 4262 1152 4315 nescio
1189 4261 1235 4314 Si
1262 4260 1372 4330 jam
1409 4262 1546 4315 ultra
1594 4277 1719 4316 eva-
1815 4269 2108 4322 sistenliam
2165 4273 2389 4336 venerit,
2438 4273 2577 4325 dicat,
2621 4288 2836 4328 causam
2879 4287 3043 4341 quare
3083 4274 3171 4338 qui
3216 4288 3330 4325 eam

113 4353 255 4418 gari
331 4369 544 4407 sensus
579 4362 769 4405 noster
817 4354 1011 4407 debeat
1057 4353 1120 4406 ad
1149 4354 1519 4420 suspicandum
1547 4354 1618 4425 (Ξ)
1655 4369 1719 4409 ne
1815 4355 2082 4411 substituit
2114 4357 2288 4423 Pater,
2325 4371 2447 4416 ante
2481 4363 2581 4416 hoc
2620 4377 2720 4416 non
2750 4363 2953 4418 fecerit.
2988 4363 3134 4428 Quod
3166 4365 3207 4418 si
3237 4366 3328 4415 ali-

114 4436 286 4492 forte
314 4441 437 4507 ipsa
471 4439 836 4493 subsistentia
882 4437 996 4506 ejus
1040 4454 1348 4507 corporeum
1381 4440 1576 4508 aliquid
1625 4442 1717 4495 ba-
1815 4449 1952 4514 quod
1984 4461 2163 4500 semen
2189 4448 2395 4502 initium
2426 4450 2630 4504 dederit
2657 4464 2759 4518 quo
2787 4464 2950 4518 vapor
2997 4452 3096 4504 iste
3132 4465 3196 4503 ex
3243 4451 3334 4504 Dei

199 4550 259 4581 ³⁸
287 4549 457 4606 Rom.
489 4567 530 4617 ι,
567 4549 627 4616 2,
666 4549 722 4604 5.
797 4549 864 4581 ³⁸·
900 4549 1028 4618 Sap.
1054 4549 1259 4614 "1,25.

202 4665 355 4734 (98‘)
373 4665 485 4738 _Sic
519 4662 695 4738 editi;
720 4676 862 4738 mss;
875 4677 1020 4738 vero,
1041 4679 1092 4716 se
1115 4661 1272 4719 Pater
1297 4666 1445 4738 edicit
1493 4658 1701 4714 Patrem
1742 4673 1786 4726 1)
1814 4664 2073 4738 omittunt
2086 4683 2213 4730 esse,
2245 4668 2378 4738 sicut
2401 4676 2452 4721 et
2486 4667 2757 4723 Merlinus.
2791 4668 3162 4723 Genebrardus
3187 4685 3332 4734 vero,

117 4729 794 4807 [allAse'lytreefﬁcitur
818 4729 1018 4807 Pater].
1045 4798 1081 4807 __
1122 4800 1132 4807 _
1278 4792 1283 4797 ε
1329 4729 1349 4738 ⁷
1812 4742 1866 4786 et
1888 4733 2009 4788 libri
2048 4735 2122 4789 De
2158 4729 2424 4806 principiis
2473 4746 2576 4790 tam
2624 4738 2747 4791 editi
2799 4753 2956 4807 quam
3014 4753 3139 4792 mss.
3188 4750 3245 4793 ut
3282 4729 3334 4793 in

205 4802 330 4870 (99)
388 4801 471 4853 Ex
497 4799 920 4870 librtsinAEpiSt.
945 4798 1016 4870 ad
1037 4798 1296 4855 Hebraeos.
1815 4813 1974 4856 textu.

205 4867 355 4946 (99")
382 4870 464 4923 Ita
482 4867 1162 4946 nis...Sorbon'icu_s.Ezeteﬂ
1189 4885 1312 4924 vero
1334 4887 1485 4946 mssﬂ
1509 4877 1713 4944 quando
1879 4871 1952 4936 (5)
2002 4871 2092 4946 Sic
2127 4888 2255 4946 mss.
2295 4873 2432 4946 Editj
2474 4889 2617 4936 vero,
2647 4875 2702 4926 id
2733 4883 2829 4937 est,
2879 4891 2979 4928 non
3019 4891 3081 4929 ex
3106 4893 3164 4929 eo
3196 4878 3330 4946 quod

118 4933 451 5012 ξ’ἕβὶιωήοη
479 4934 660 4988 Filius
685 4951 791 5012 non
815 4933 954 5012 fuit.
981 4935 1140 4997 Editi,
1181 4944 1384 5006 quando
1423 4933 1591 4998 Filius
1615 4961 1713 4998 non
1811 4933 2092 5004 nonpotuit
2137 4942 2270 4994 Deus
2303 4943 2540 5010 perﬁcere
2588 4933 2640 4995 ut
2684 4933 2868 5009 posset,
2910 4953 2956 4997 et
2994 4961 3056 4997 ea:
3113 4963 3171 4998 eo
3207 4933 3331 4997 'cum

117 5006 240 5073 fui;
282 5023 296 5057 :
327 5016 383 5056 et
409 5013 598 5070 postea
634 5004 906 5073 ciuilium
937 5004 1161 5073 innatus.
1193 5004 1199 5006 ⁷

1814 5015 1996 5073 posset,
2033 5020 2136 5061 etc.

238 5074 299 5148 it
555 5086 569 5122 l
603 5068 875 5148 ἔνι-ἱερὰς.
906 5068 1169 5148 adflant"
1195 5089 1337 5148 Itum.
1361 5077 1393 5128 4
1420 5077 1541 5148 et
1809 5068 1819 5073 ⁷
1878 5074 2013 5148 βυ*
2034 5077 2226 5148 Qtnnes
2248 5093 2404 5148 inss.,
2429 5079 2490 5130 de
2520 5080 2728 5133 eisdem.
2758 5080 2916 5144 Editi,
2949 5080 3193 5148 ejusdem.

237 5142 309 5215 ς)
347 5142 425 5215 lix
452 5141 550 5192 lib.
589 5153 606 5190 ι
647 5137 731 5215 De
757 5137 1064 5215 principiis,
1095 5156 1208 5208 cap.
1235 5144 1289 5204 2,
1310 5160 1454 5196 num.
1476 5147 1532 5199 2.
1877 5137 2046 5215 (illis
2071 5145 2159 5198 lib.
2193 5161 2207 5198 ι
2236 5145 2306 5197 De
2324 5137 2611 5214 principiis,
2644 5165 2760 5215 cap.
2780 5151 2835 5204 2.
2863 5137 3005 5203 ιιίιιιῖ.
3040 5152 3091 5203 5.

367 5211 436 5280 lia
484 5222 620 5280 mss.
676 5204 958 5280 plerique.
992 5204 1173 5280 .Mss.‘
1203 5225 1325 5263 vero
1369 5215 1603 5279 quidam,
1649 5224 1701 5269 et
1875 5204 2120 5280 (Flalss.
2175 5204 2396 5280 aliquot,
2450 5204 2757 5269 intuenturi
2787 5219 2978 5270 Deinde
3017 5215 3333 5278 editi,velsi

117 5273 545 5352 gditi,_neforle
584 5275 709 5352 ἱραί
728 5273 1051 5352 substantia
1067 5276 1196 5342 ejus,
1220 5289 1348 5352 _etc.
1387 5273 1526 5352 Libri
1578 5273 1704 5336 editi

1814 5273 1929 5352 Μία
1957 5273 2100 5333 aliud
2125 5293 2213 5333 est.
2241 5273 2354 5336 Sed.
2379 5273 2570 5338 'OIIIIICS
2607 5301 2732 5339 mss.
2779 5296 2831 5338 et
2869 5287 2987 5338 libri
3029 5287 3101 5337 De
3141 5273 3329 5352 priuet-

125 5342 212 5417 ρε
236 5338 509 5411 principiis
531 5381 548 5404 ,
577 5338 645 5390 ne
678 5338 827 5417 forte
853 5338 972 5417 ipsa
1001 5338 1125 5394 ideo:
1147 5338 1426 5417 substantia
1443 5350 1572 5417 ejus,
1600 5361 1701 5403 etc.
1807 5338 1903 5412 piis
1939 5360 1992 5400 ut
2020 5351 2067 5400 in
2099 5359 2262 5403 textu.

307 5403 430 5466 vero
479 5403 1145 5490 eulrutudejl:Allibforum
1168 5451 1182 5470 ,
1233 5428 1291 5463 ne
1336 5403 1485 5490 [artat
1519 5403 1704 5470 ΙΠΙΥΑ
1807 5403 1818 5412 ⁷
1877 5418 1952 5490 (ᾇ)
1979 5417 2052 5490 Ei
2192 5434 2217 5471 ις
2241 5419 2309 5490 De
2331 5421 2594 5489 principiis
2623 5439 2735 5490 cap.
2755 5423 2809 5487 2,
2840 5436 2982 5474 num.
3009 5421 3061 5473 9.
3230 5482 3240 5490 _
3319 5479 3330 5489 .

111 5477 440 5556 é'ité‘if'raatc,
473 5477 553 5556 .id
591 5480 677 5549 est
721 5470 1028 5556 substantia
1051 5470 1375 5556 ._ej_us,.et_c'.,
1402 5485 1487 5536 ubi
1527 5501 1705 5540 vocent

1879 5470 1976 5553 (5")
2018 5485 2174 5548 eam,
2227 5470 3080 5556 natusetsif;'é‘:".:5..i.;'ssa,
3107 5482 3240 5551 quod
3287 5479 3328 5530 si

105 5544 1303 5626 inﬁnitnnnibusrnihilaliud
1334 5564 1447 5626 esse
1472 5557 1708 5626 suspicor
1812 5544 2218 5626 oliqttod_semel,
2255 5567 2357 5608 etc.
2395 5560 2497 5609 Sed
2544 5544 2668 5612 tn'ss.
2697 5544 2943 5626 plerique.
2976 5544 3324 5626 ut‘inltexltl.

65 5621 472 5721 cizzlga'ipsua":
500 5619 688 5676 quam
723 5617 926 5654 νοεειη
977 5615 1200 5678 ""Periti
1248 5615 1444 5670 librarii
1472 5615 1706 5675 Graecast;
1815 5615 1975 5721 Libri.
2016 5622 2086 5703 De
2129 5627 2389 5691 principiis
2452 5628 2644 5681 habent
2698 5615 2972 5679 subsistere
3029 5617 3171 5685 fecit,
3231 5626 3328 5680 pro

243 5702 354 5721 ...η
453 5716 468 5721 -

165 5690 469 5747 ξῖδιιεΐηηίο
534 5741 547 5747 -
631 5737 644 5747 .
1817 5692 2094 5744 substituit.

132 5735 425 5828 ξὲΐίῖιεε,
482 5737 802 5812 plerique,
845 5747 1026 5799 postea
1054 5752 1283 5812 genuerit
1321 5767 1445 5805 esse.
1488 5755 1710 5820 Quidam
