3916 6438
162 470 244 522 εδει

1435 469 1760 527 ΑΡοιοοιΑ
1798 471 1929 527 PRO
1967 469 2279 527 ORIGENE.

3321 472 3422 525 566

190 565 450 657 ὶυειιοεξιιὶ
510 557 900 657 Ρξηειριιιιτι
974 581 1268 637 numinavit
1319 586 1382 639 δ’.
1440 587 1586 640 Sicut
1647 587 1786 639 enim
1818 597 1859 647 Α
1890 589 2056 640 lucem
2118 578 2316 640 certum
2388 596 2468 641 est
2533 589 2671 656 quod
2730 588 2956 643 tenebra
3017 601 3119 642 non
3184 601 3411 657 compre

208 665 339 715 idem
379 650 507 750 ipse
562 650 763 750 Deli}.
822 675 994 736 atque
1050 670 1186 724 idem
1234 673 1345 741 ipse
1401 674 1673 736 Christus,
1730 677 1799 728 ita

228 750 353 801 idem
398 747 524 809 ipse
552 754 615 799 et
674 747 935 819 Spiritus
973 769 1188 814 sanctus
1240 771 1351 825 est,
1405 764 1491 832 qui
1537 765 1694 817 etiam
1743 763 1795 817 in

217 832 500 909 prophetis
562 845 624 889 et
670 837 731 892 in
772 845 1039 912 apostolis
1081 846 1202 909 fuit,
1233 847 1283 901 id
1317 858 1418 910 est,
1456 850 1565 903 sive
1611 850 1661 901 in
1700 849 1803 905 illis

208 933 292 1007 qui
343 931 468 978 ante
493 925 811 984 adventum
856 933 1060 988 Christi
1093 935 1200 989 Deo
1228 937 1584 999 crediderunt,
1613 936 1725 991 sive
1749 938 1799 991 in

205 1027 299 1080 Ἐκ,
362 1014 450 1085 qui
477 1030 585 1085 per
636 1019 928 1078 Christum
982 1025 1333 1095 confugerunt
1383 1026 1448 1080 ad
1501 1026 1684 1080 Deum.
1739 1028 1801 1081 Et

246 1114 385 1165 unus
401 1109 618 1178 quidem
653 1110 803 1169 Deos
832 1115 1141 1170 audivimus
1179 1131 1337 1171 ausos
1379 1131 1496 1172 esse
1527 1119 1802 1174 luereticos

252 1199 457 1265 dicere,
496 1210 555 1254 et
597 1201 740 1257 duos
765 1203 1006 1273 Christos
1030 1223 1044 1260 :
1072 1205 1178 1278 (l7)
1207 1207 1339 1261 duos
1365 1216 1538 1263 autem
1577 1208 1803 1277 Spiritus

250 1300 462 1343 sanctos
489 1305 775 1359 nunquam
813 1295 1112 1366 audivimus
1137 1297 1204 1351 ab
1235 1296 1408 1365 aliquo
1453 1297 1744 1366 pranlicari.
1776 1317 1794 1351 ι

320 1379 651 1436 Puenrws.
729 1383 886 1450 Quod
950 1357 1134 1440 eadem
1208 1387 1279 1440 sit
1320 1357 1803 1442 'incoiivertihilitas

243 1468 479 1536 Spiritus
503 1473 685 1527 sancti
716 1488 840 1542 qua:
880 1473 1051 1533 Patris
1076 1483 1128 1530 et
1163 1475 1303 1529 Filii.
1340 1476 1413 1531 De
1454 1477 1586 1531 libro
1626 1477 1801 1544 ιπερὶ

236 1560 470 1629 ἀρχῶν.

313 1649 619 1709 οιιεεηεε.
653 1655 767 1726 (l8)
793 1675 812 1707 ι
844 1655 994 1710 Nulla
1023 1671 1149 1728 ergo
1177 1667 1360 1713 natura
1383 1670 1482 1723 est,
1519 1668 1801 1718 secundum

235 1743 392 1810 quod
431 1758 536 1798 nos
563 1746 855 1810 sentimus,
886 1761 1006 1815 quae
1057 1762 1158 1801 non
1204 1748 1370 1816 possit
1419 1750 1652 1819 recipere
1693 1767 1803 1805 ma-

231 1831 355 1886 lum
392 1852 408 1887 :
453 1833 575 1904 (l9)
610 1837 706 1891 sed
743 1852 850 1892 non
887 1838 1163 1903 continuo,
1205 1840 1327 1907 quia
1358 1840 1585 1895 dicimus
1607 1841 1797 1894 nullam

1905 675 2160 729 heudant.
2184 673 2441 729 Similiter
2465 685 2641 729 autem
2670 686 2723 729 et
2751 684 2939 729 natura
2971 675 3199 741 Spiritus
3226 675 3415 740 sancti,

1900 781 2018 834 qua;
2066 774 2248 819 sancta
2301 774 2405 828 est,
2440 779 2546 817 non
2583 764 2772 832 recipit
2799 764 3161 832 pollutionem.
3189 761 3413 816 Natura-

1902 858 2021 911 liter
2040 857 2209 921 enim,
2240 855 2318 909 vel
2341 854 2760 909 substantialiter
2787 863 2967 909 sancta
2996 866 3098 909 est.
3122 854 3175 909 Si
3198 868 3299 923 qua
3321 868 3414 906 au-

1903 958 2005 1002 tem
2042 947 2145 1001 alia
2190 956 2375 998 natura
2421 955 2603 999 sancta
2654 950 2756 1005 est,
2799 958 2860 996 es
2909 944 3269 1012 assumptione
3295 943 3412 1004 hoc,

1902 1036 1979 1090 vel
2012 1034 2358 1103 inspiratione
2392 1032 2623 1101 Spiritus
2649 1031 2815 1085 sancti
2847 1032 3004 1087 habet
3031 1042 3090 1085 ut
3115 1031 3413 1086 sanctitice-

1902 1135 2006 1188 tur,
2042 1140 2142 1179 non
2182 1139 2244 1177 ex
2294 1138 2389 1177 sua
2440 1132 2628 1177 natura
2662 1122 2762 1175 hoc
2804 1121 3104 1191 possidens,
3140 1123 3229 1176 sed
3274 1123 3412 1176 acci-

1900 1218 2064 1281 dens;
2095 1225 2311 1284 pr0pter
2331 1214 2468 1282 quod
2495 1221 2549 1268 et
2569 1212 2812 1267 decidere
2834 1220 3008 1302 po}est
3037 1213 3174 1280 quod
3198 1212 3409 1266 accidit.

1901 1306 1974 1359 lta
2009 1316 2061 1359 et
2084 1305 2342 1372 justitiam
2370 1304 2697 1359 accidentem
2729 1302 2849 1373 quis
2880 1302 3074 1356 habere
3099 1310 3292 1369 potest,
3317 1317 3413 1354 uu-

1901 1394 1965 1447 de
1992 1402 2045 1447 et
2072 1394 2314 1447 decidere
2340 1406 2456 1446 eam
2488 1391 2740 1460 possibile
2762 1400 2861 1445 est.
2887 1391 2991 1445 Sed
3020 1400 3074 1444 et
3102 1389 3411 1458 sapientiam

1899 1480 2019 1551 quis
2060 1479 2402 1535 accidentem‘
2440 1476 2784 1530 nihilominus
2832 1475 3016 1537 habet,
3068 1474 3313 1542 quamvis
3359 1473 3413 1525 in

1901 1579 2083 1625 nostra
2119 1572 2192 1623 sit
2230 1568 2457 1636 positum
2496 1575 2757 1636 potestate
2800 1566 2975 1618 studio
3005 1572 3183 1617 nostro
3213 1570 3265 1617 et
3295 1562 3414 1616 vita:

1900 1658 2110 1722 merito,
2140 1655 2184 1711 si
2211 1655 2483 1723 sapientis:
2514 1667 2728 1722 operam
2753 1653 2956 1714 demus,
2974 1650 3104 1705 elﬁci
3128 1650 3413 1718 sapientes;

1899 1757 1951 1803 et
1972 1749 2016 1803 si
2048 1759 2255 1814 semper
2284 1745 2335 1799 id
2365 1744 2520 1798 studii
2549 1756 2814 1813 geramus,
2846 1739 2956 1810 (23)
2979 1753 3188 1808 semper
3214 1738 3414 1807 sapien.

1904 1839 1988 1893 tite
2031 1837 2438 1906 participemus;
2490 1843 2546 1888 et
2587 1834 2637 1887 id
2683 1832 2835 1886 nobis
2868 1830 2950 1884 vel
2985 1829 3102 1899 plus
3131 1828 3215 1881 vel
3244 1829 3415 1883 minus

228 1903 651 1981 essenaturam
688 1943 807 1997 qum
844 1944 946 1982 non
989 1931 1153 1998 possit
1182 1903 1416 2000 recipere
1462 1932 1676 1996 malum,
1711 1933 1792 1987 id-
1831 1903 1871 1955 Β
1899 1903 2102 1983 accidat
2144 1903 2236 1981 vel
2253 1940 2346 1989 pro
2383 1922 2504 1977 vitae
2546 1922 2755 1985 merito,
2785 1920 2867 1975 vel
2896 1934 2990 1989 pro
3021 1918 3178 1974 studii
3207 1919 3415 1987 quanti-

224 2013 395 2068 circo
422 2015 822 2072 conﬁrmamus
852 2033 1062 2073 omnem
1106 2029 1350 2073 naturam
1393 2022 1651 2089 recepisse
1686 2038 1795 2076 ma-

220 2102 374 2167 lum,
413 2105 468 2158 id
491 2113 604 2171 est,
641 2108 837 2161 malam
864 2105 1105 2161 eli‘ectam
1140 2126 1152 2162 :
1182 2109 1272 2162 sed
1317 2108 1457 2163 sicut
1482 2120 1562 2163 est
1598 2110 1792 2177 dicere,

218 2193 362 2261 quia
395 2196 587 2249 omnis
622 2198 857 2251 hominis
891 2207 1077 2251 natura
1117 2198 1303 2266 recipit
1348 2209 1405 2254 ut
1453 2204 1619 2269 possit
1649 2206 1795 2257 navi-

218 2297 387 2351 gare,
427 2299 544 2338 non
577 2298 756 2340 tamen
800 2302 864 2341 ex
891 2302 955 2342 eo
992 2287 1148 2342 etiam
1188 2287 1359 2341 omnis
1400 2290 1558 2345 homo
1586 2293 1797 2361 naviga-

220 2373 345 2440 bit;
376 2384 440 2428 et
461 2374 665 2429 iterum
685 2379 831 2429 omni
862 2377 1062 2431 homini
1090 2380 1341 2447 possibile
1366 2388 1448 2434 est
1478 2381 1681 2436 discere
1704 2397 1794 2436 ar-

224 2474 342 2517 tem
370 2465 821 2533 grammaticam,
859 2467 942 2522 vel
987 2468 1320 2535 medicinam,
1359 2484 1461 2523 non
1509 2479 1679 2525 tamen
1717 2473 1794 2525 id-

220 2553 383 2609 circo
427 2552 745 2608 ostenditur
769 2555 943 2608 omnis
981 2556 1138 2611 homo
1178 2557 1256 2611 vel
1298 2559 1527 2613 medicus
1568 2574 1682 2614 esse
1714 2560 1795 2615 vel

222 2643 685 2710 grammaticus:
716 2642 792 2696 ita
834 2643 879 2698 si
909 2643 1132 2700 dicimus
1175 2646 1369 2700 nullam
1406 2660 1523 2702 esse
1558 2660 1791 2712 naturam

222 2743 355 2799 quae
380 2744 497 2783 non
525 2730 701 2798 possit
731 2731 969 2800 recipere
998 2734 1218 2797 malum,
1268 2748 1370 2787 non
1420 2745 1590 2789 tamen
1622 2737 1793 2790 conti-

222 2835 342 2875 nuo
377 2820 556 2874 etiam
607 2821 880 2888 recepisse
929 2822 1124 2875 malum
1172 2822 1493 2890 designatur.
1541 2843 1560 2875 ι
1589 2823 1698 2895 (30)
1732 2825 1795 2879 Et

225 2923 458 2962 rursum
496 2926 512 2963 :
552 2927 572 2959 ι
600 2907 755 2962 Nulla
789 2921 977 2964 natura
1016 2920 1100 2966 est
1143 2926 1261 2979 quae
1300 2928 1402 2967 non
1448 2913 1664 2982 recipiat
1704 2917 1797 2969 bo-

223 3010 360 3049 num
408 3015 423 3049 :
459 3013 565 3051 nec
599 3006 780 3050 tamen
805 2998 1007 3053 idcirco
1049 2999 1220 3053 omnis
1266 3010 1450 3055 natura
1489 3002 1794 3070 probabitur

224 3084 520 3151 recepisse
547 3086 690 3152 quod
730 3086 928 3140 bonmu
958 3096 1056 3140 est.
1094 3106 1113 3139 ι

298 3171 652 3227 ΡΑιριιιιῐις.
689 3173 753 3226 Ει
783 3184 900 3240 post
931 3189 1095 3242 pauca
1120 3174 1350 3229 addidit:

298 3262 613 3316 Demens.
649 3279 669 3312 ι
699 3261 856 3315 Nulla
884 3276 1012 3330 ergo
1042 3273 1230 3316 natura
1261 3272 1341 3317 est
1376 3279 1491 3333 quae
1520 3279 1622 3319 non
1652 3266 1788 3320 reci-

224 3350 341 3420 piat
372 3352 613 3416 tnalum,
648 3358 875 3419 excepta
903 3351 992 3404 Dei
1026 3361 1236 3417 natura,
1265 3353 1375 3422 (2|)
1404 3368 1519 3422 quze
1551 3354 1666 3410 foris
1695 3355 1789 3408 bo-

227 3454 432 3493 norum
465 3439 718 3493 omnium
754 3450 859 3505 est,
886 3449 936 3492 et
971 3439 1189 3496 Christi.
1223 3439 1491 3510 Sapientia
1521 3445 1659 3497 enim
1686 3455 1788 3508 est,

225 3539 282 3584 et
312 3529 600 3597 sapientia
632 3529 817 3596 utique
839 3529 1115 3582 stultitiam
1143 3530 1372 3597 recipere
1395 3548 1493 3584 non
1514 3518 1702 3601 potest.
1725 3535 1792 3587 Et

220 3613 442 3683 iustitia
468 3623 557 3666 est
582 3630 598 3677 ;
625 3613 837 3682 justitia
857 3624 1029 3667 autem
1050 3630 1312 3683 nunquam
1336 3608 1792 3686 profectoinjusti-

227 3702 360 3756 tiam
415 3703 626 3770 capiet.
665 3702 734 3755 Et
764 3700 990 3758 Verbum
1025 3713 1126 3769 est,
1152 3703 1231 3755 vel
1280 3705 1433 3769 ratio,
1460 3722 1573 3774 qua:
1614 3708 1793 3775 utique

224 3792 638 3847 irrationabilis
664 3790 799 3846 edici
830 3807 930 3847 non
959 3802 1148 3861 potest.
1174 3792 1283 3863 (εἰ)
1301 3794 1400 3848 Sed
1418 3805 1471 3849 et
1501 3795 1586 3848 lus
1614 3807 1715 3857 est.
1740 3806 1793 3852 et

294 3910 345 3941 δ’
371 3907 545 3963 Joan.
582 3920 697 3974 xxv,
728 3904 818 3959 26.
914 3905 960 3937 ⁵³
983 3904 1120 3960 Psal.
1152 3921 1204 3968 ι..
1235 3906 1320 3963 13.
1414 3906 1459 3939 ⁸⁸
1486 3907 1614 3965 Dan.
1651 3923 1722 3974 iv,
1746 3907 1798 3963 6.

223 3978 273 4010 ⁵⁸
297 3979 429 4031 Act.
462 3990 589 4036 vm,
617 3973 706 4026 18.

293 4066 805 4140 (Πλυιιοξᾳαιιιεηι
838 4063 1063 4140 Spiritus
1088 4077 1310 4127 sanctos.
1336 4076 1437 4140 etc.
1481 4066 1534 4140 in
1567 4068 1701 4140 libro
1742 4086 1782 4124 ιι

230 4132 312 4191 υἱ
347 4132 645 4203 principiis
700 4132 871 4203 locum
932 4132 1074 4203 hunc
1128 4136 1447 4187 contrarium
1475 4137 1697 4203 diximus
1739 4140 1785 4193 ei

226 4200 390 4272 quem
424 4216 624 4269 supra,
640 4215 772 4272 cap;
790 4200 840 4272 ι,
869 4200 1360 4272 ιθῖθιι-Ριιηιρὲιιιιιε
1384 4217 1449 4255 ex
1470 4202 1786 4272 Commenta-

226 4267 301 4325 rio
332 4267 690 4339 Urigéuisin
730 4267 894 4339 Epist.
929 4267 996 4320 ad
1026 4269 1130 4339 Tit.
1163 4267 1240 4332 tu,
1277 4272 1360 4331 10.
1399 4271 1483 4323 ubi
1520 4272 1668 4339 juitia
1691 4272 1793 4326 Ge-

227 4336 587 4414 nebrart'lurn
616 4338 690 4389 ita
730 4336 1002 4414 legebatur
1026 4354 1040 4391 :
1065 4336 1165 4389 Sed
1198 4350 1242 4390 et
1283 4347 1400 4414 sunt
1423 4341 1508 4414 qui
1522 4336 1791 4414 Spiritum

225 4421 479 4462 sanctum
509 4405 681 4475 alium
712 4404 917 4472 quidem
949 4406 1122 4475 dicunt
1157 4422 1267 4459 esse
1305 4409 1393 4475 qui
1427 4407 1525 4475 fuit
1567 4404 1621 4460 in
1662 4425 1786 4471 pro—

1895 2028 2278 2160 lal;;:leLUS.
2323 2102 2473 2169 Quod
2532 2101 2751 2170 aequalis
2811 2099 2910 2154 sibi
2958 2097 3026 2153 sit
3075 2097 3329 2160 Trinitas.
3363 2108 3416 2152 et

1894 2199 2030 2266 quod
2074 2196 2301 2264 Spiritus
2342 2204 2557 2249 sanctus
2602 2207 2708 2247 non
2755 2191 2824 2246 sit
2858 2198 3121 2245 creatura.
3165 2190 3239 2245 De
3279 2190 3414 2245 libro

1895 2286 2062 2355 primo
2091 2282 2229 2352 Περὶ
2261 2281 2474 2351 ἀρχῶν.

1961 2373 2245 2429 Οιιιςειιεθ.
2279 2373 2390 2442 (24)
2434 2390 2452 2422 ι
2484 2369 2557 2424 De
2600 2369 2797 2437 Spiritu
2845 2383 2975 2423 vero
3028 2376 3244 2432 sancto,
3290 2365 3412 2435 quia

1893 2474 1994 2527 est,
2040 2464 2218 2518 multa;
2262 2479 2358 2517 nos
2399 2462 2694 2529 Scriptura;
2734 2463 3039 2522 docuerunt,
3084 2460 3221 2514 sicut
3253 2458 3414 2513 David

1894 2555 1944 2607 in
1978 2551 2410 2621 quinquagesimo
2435 2550 2638 2618 psalmo
2686 2551 2852 2604 dicit:
2894 2549 2959 2604 Et
2994 2549 3248 2618 Spiritum
3291 2564 3414 2602 san-

1892 2651 2027 2695 ctum
2079 2651 2222 2692 tuum
2268 2656 2329 2692 ne
2373 2638 2582 2707 auferas
2611 2656 2641 2691 α
2678 2638 2833 2691 me”.
2857 2638 2922 2690 Et
2953 2639 3003 2690 in
3036 2637 3250 2692 Dauiele
3285 2636 3413 2691 dici-

1893 2738 2015 2781 tur:
2048 2726 2269 2795 Spiritus
2303 2735 2512 2780 sanctus
2547 2725 2635 2794 qui
2662 2726 2716 2778 in
2753 2732 2817 2778 te
2838 2734 2914 2778 est
2935 2724 2999 2777 “.
3027 2724 3082 2778 In
3113 2724 3265 2778 Novo
3286 2738 3411 2778 vero

1892 2817 2232 2871 Testamento
2288 2814 2678 2870 abundantibus
2737 2814 3059 2870 testimoniis
3103 2814 3408 2876 edocemur,

1892 2923 2008 2962 cum
2049 2906 2277 2975 Spiritus
2329 2914 2546 2960 sanctus
2578 2919 2738 2973 super
2766 2903 3035 2959 Christum
3071 2902 3411 2957 descendisse

1893 2996 2259 3064 perscribitur,
2289 3007 2343 3048 et
2389 3009 2507 3048 cum
2561 2994 2672 3063 ipse
2728 2993 2979 3047 Dominus
3026 2991 3308 3045 insumavit
3356 2991 3409 3042 in

1892 3087 2155 3155 apostolos
2203 3092 2319 3154 post
2373 3082 2843 3146 resurrectionem,
2910 3082 3090 3135 dicens
3131 3098 3145 3133 :
3183 3078 3412 3144 Accipite
3498 3102 3501 3105 η

1894 3174 2149 3241 Spiritum
2194 3171 2502 3227 sanctum“.
2542 3170 2605 3224 Et
2629 3172 2694 3222 ad
2737 3168 2955 3222 Mariam
2983 3168 3178 3222 dicitur
3209 3169 3275 3222 ab
3307 3182 3406 3219 au-

1893 3262 2045 3332 gelo:
2075 3262 2302 3330 Spiritus
2341 3269 2550 3314 sanctus
2582 3259 2693 3328 (25)
2729 3261 2889 3312 reniet
2928 3273 3083 3325 super
3112 3268 3158 3310 te
3174 3257 3236 3310 “.
3266 3257 3406 3310 Pau-

1894 3350 1976 3404 lus
2007 3365 2130 3404 vero
2164 3350 2334 3413 docet,
2383 3349 2504 3417 quia
2546 3361 2688 3400 nemo
2726 3355 2887 3415 potest
2934 3347 3102 3398 dicere
3132 3345 3407 3399 Dominum

1892 3439 2090 3503 Iesum,
2126 3441 2225 3492 nisi
2253 3440 2307 3491 in
2352 3436 2546 3506 Spiritu
2572 3447 2747 3489 sancto
2765 3436 2829 3488 ⁸⁷.
2860 3435 2923 3488 Et
2956 3434 3009 3487 in
3040 3433 3258 3488 Actibus
3283 3447 3411 3501 api-

1893 3529 2145 3584 stolorum
2173 3543 2265 3596 per
2291 3528 2679 3596 impositionem
2719 3540 2966 3579 manuum
3002 3522 3406 3591 apostolicarum

1892 3619 2120 3687 Spiritus
2144 3629 2360 3671 sanctus
2399 3618 2626 3670 dabatur
2655 3617 2704 3669 in
2737 3614 2997 3683 baptismo
3018 3613 3080 3666 ⁸⁸.
3115 3612 3188 3664 Ex
3219 3612 3410 3680 quibus

1889 3711 2129 3764 omnibus
2181 3708 2461 3761 didicimus
2511 3716 2669 3759 tanta:
2722 3719 2839 3759 esse
2888 3712 2942 3757 et
2994 3700 3328 3757 auctoritatis
3355 3711 3410 3754 et

1890 3798 2161 3868 dignitatis
2190 3797 2535 3851 substantiam
2577 3793 2745 3847 sancti
2786 3793 3035 3861 Spiritus,
3072 3802 3131 3846 ut
3176 3791 3410 3845 salutare

1899 3909 1943 3941 “
1970 3892 2120 3964 Joan.
2157 3925 2246 3972 xx,
2301 3908 2389 3961 2‘2.
2462 3907 2507 3939 ⁸⁸
2539 3907 2666 3962 Luc.
2714 3924 2753 3971 ι,
2791 3906 2878 3960 '55.
2953 3906 2994 3937 "’
3023 3906 3041 3959 ι
3070 3903 3191 3959 Cor.
3233 3920 3329 3971 xu,
3355 3905 3407 3959 5.

1882 4071 2019 4124 bitur
2050 4070 2290 4136 recepisse
2323 4069 2457 4136 quod
2493 4070 2673 4121 bonum
2703 4078 2796 4122 est.
2824 4066 2943 4120 Hmc
2976 4081 3075 4119 non
3104 4075 3408 4136 comparent

1883 4138 2069 4204 inloco
2093 4135 2255 4190 citato
2289 4135 2405 4189 libri
2441 4137 2591 4204 primi
2636 4137 2707 4188 De
2740 4136 3022 4202 principiis.
3049 4136 3135 4186 ubi
3176 4149 3275 4204 pro
3306 4135 3409 4187 illis

1884 4199 2057 4260 verbis
2090 4205 2319 4272 legitur:
2354 4199 2646 4257 Secundum
2692 4199 2781 4256 nos
2820 4199 3034 4270 namque
3073 4217 3134 4255 ne
3165 4199 3407 4272 diabolus

1883 4276 2084 4342 quidem
2119 4269 2231 4339 ipse
2268 4275 2489 4340 incupax
2517 4274 2612 4339 fuit
2661 4273 2779 4323 boni
2806 4287 2823 4324 :
2848 4269 2959 4323 non
2993 4281 3164 4342 tamen
3214 4269 3405 4342 idcirco

1885 4338 2006 4409 quia
2040 4338 2206 4409 potuit
2236 4338 2454 4402 recipere
2486 4343 2695 4402 bonum,
2725 4342 2879 4392 etiam
2923 4338 3101 4409 voluit,
3130 4341 3205 4391 uel
3228 4338 3404 4409 virtuti

1889 4406 2093 4476 operam
2120 4412 2279 4462 ded.t.
2311 4409 2476 4462 Aliter
2505 4410 2723 4461 fortasse
2749 4409 2946 4475 legerat
2979 4410 3029 4460 in
3064 4406 3250 4476 Girazcn
3279 4406 3405 4458 llic-

226 4477 427 4558 pltetis,
454 4473 671 4558 Iulium.
720 4475 1025 4558 quietaqui
1064 4472 1189 4558 (fuit;
1212 4478 1264 4554 in
1291 4472 1560 4558 (apostolis.
1585 4475 1790 4558 Domini
1821 4498 1863 4552 ο
1890 4472 2160 4547 ronymus,
2192 4479 2278 4558 qui
2316 4477 2629 4558 iii-epistola
2670 4477 2736 4530 ad
2776 4472 2986 4554 ᾇγὶιιιιῐι
3032 4475 3192 4529 refert
3218 4472 3407 4553 Orige-

228 4541 403 4598 nostri
436 4541 579 4595 Iesu
609 4541 828 4611 Christi.
866 4541 971 4593 Sed
1002 4556 1129 4595 mss.
1170 4543 1257 4611 qui
1290 4542 1484 4604 ferunt,
1521 4545 1625 4597 Sed
1657 4555 1703 4596 et
1745 4548 1788 4598 si

296 4615 315 4664 i
346 4610 641 4678 sunt,qui,
669 4617 799 4678 etc.7.
820 4617 1058 4673 apertam
1085 4610 1555 4666 contradictionem
1581 4612 1784 4666 tollunt.

296 4630 314 4664 ι
346 4630 641 4678 δαημᾳιιι,
669 4630 799 4665 ειυ..
820 4630 1058 4673 apertam
1085 4630 1555 4666 coutrautcuouettt
1581 4630 1784 4666 ιοιιιιιιι.

227 4630 302 4734 flii
337 4683 497 4735 enim
548 4693 658 4730 non
705 4677 1018 4740 alﬁrmatur,
1063 4678 1154 4731 sed
1186 4679 1473 4731 dubitatur.
1529 4678 1785 4734 Cteterum

228 4763 351 4802 cum
390 4747 554 4800 libris
594 4743 739 4810 Περὶ
765 4742 964 4811 ἀρχῶν
1001 4746 1259 4811 posterior
1289 4747 1357 4800 sit
1387 4747 1786 4800 Commentarius

231 4817 283 4869 in
336 4815 521 4883 Epist.
564 4817 636 4883 ad
694 4812 885 4883 Titum,
916 4814 1125 4866 interim
1175 4813 1350 4868 forsan
1395 4816 1576 4883 audire
1621 4818 1788 4883 potuit

192 4892 199 4899 ’
230 4881 509 4953 Origenes
538 4881 979 4953 pluresSpiritus
1028 4891 1244 4936 sanctos
1276 4898 1304 4935 a
1337 4881 1645 4953 quibusdam
1677 4885 1784 4937 hit"

234 4949 426 5007 felicis
453 4949 769 5021 praedicari.
822 4949 888 5021 Et
913 4958 1057 5002 certe
1099 4965 1335 5021 canones
1356 4949 1646 5021 apostolici
1680 4954 1782 5021 (qui

234 5021 398 5076 tertio
426 5016 663 5073 circiter
701 5018 917 5086 saeculo,
940 5032 1022 5086 (ac
1048 5018 1265 5084 proinde
1292 5016 1428 5070 circa
1464 5019 1573 5084 ipsa
1603 5016 1779 5086 Orige-

232 5090 313 5143 nis
350 5100 613 5154 tempora
643 5084 873 5138 confecti
903 5084 1167 5154 videntur,
1191 5087 1439 5154 damnant
1468 5101 1671 5141 canone
1693 5084 1779 5151 ll,

228 5173 353 5211 eum
390 5152 489 5224 qui
544 5154 904 5220 baptizaverit
940 5152 993 5205 in
1038 5161 1144 5206 tres
1189 5153 1369 5217 Filios,
1430 5163 1519 5206 aut
1572 5154 1622 5207 iu
1677 5166 1783 5211 tres

228 5225 746 5296 Spiri_tus_sa_u_ctos.

323 5294 420 5354 I8)
454 5291 535 5344 Ex
566 5289 662 5344 lib.
698 5304 711 5341 ι
745 5288 822 5340 De
853 5287 1092 5355 princip.,
1127 5304 1242 5357 cap.
1265 5289 1317 5351 8,
1344 5304 1485 5343 num.
1517 5290 1568 5343 5.

323 5361 419 5431 19)
448 5359 563 5414 Sed
601 5373 707 5410 non
731 5359 997 5431 continuo,
1032 5358 1154 5431 quia
1190 5359 1408 5431 dicimus
1448 5359 1640 5431 nullam
1664 5375 1781 5431 esse

225 5424 488 5483 naiurbm
511 5440 764 5495 quianon
798 5424 954 5487 possit
978 5428 1213 5495 recipere
1248 5426 1457 5478 malum.
1491 5425 1612 5480 Haec
1645 5429 1778 5482 desi-

226 5501 499 5551 derantur
523 5492 582 5563 in
610 5493 766 5563 libris
798 5501 902 5543 tam
928 5492 1081 5545 editis
1119 5509 1274 5563 quam
1304 5509 1432 5546 mss.
1471 5495 1623 5563 hujus
1651 5497 1778 5563 Apa-

227 5567 420 5636 logiaz;
475 5562 575 5636 sed
626 5558 978 5636 restituuntur
1006 5574 1068 5612 ex
1110 5558 1354 5636 omnibus
1388 5558 1669 5636 codicibus
1694 5558 1775 5616 'li-

227 5628 457 5688 [urorum
504 5630 583 5681 De
603 5628 903 5693 principiis,
924 5634 976 5676 et
1006 5630 1320 5681 restituenda
1353 5631 1614 5683 videntur.

297 5700 416 5770 (20)
456 5696 528 5750 Et
560 5689 812 5770 rursum;
845 5689 1024 5770 Nulltr
1048 5708 1227 5770 natura
1261 5706 1334 5770 est
1375 5715 1488 5765 quia
1516 5715 1611 5750 non
1647 5702 1771 5753 reci.

226 5762 340 5837 pitit
365 5762 572 5820 bonum
601 5778 622 5816 :
650 5774 744 5811 nec
776 5767 941 5811 tamen
974 5762 1159 5816 idcirco
1190 5768 1353 5818 omnis
1377 5762 1561 5820 natura
1592 5771 1770 5833 proba-

1893 4545 2010 4599 nem
2043 4547 2331 4600 asseruisse
2360 4546 2618 4597 diabolum
2644 4561 2745 4597 non
2784 4545 3074 4609 incapacem
3115 4559 3223 4595 esse
3244 4545 3405 4596 virtu-

1890 4614 1973 4672 tis.
1998 4623 2044 4666 et
2079 4624 2245 4666 tamen
2279 4620 2493 4666 necdum
2525 4613 2645 4665 velle
2666 4628 2843 4677 capere
2870 4613 3120 4676 rirtutem,
3151 4614 3297 4677 quasi
3320 4611 3406 4666 hic

1891 4682 2134 4734 iunueret
2171 4683 2518 4734 Adamantius
2566 4682 2677 4734 iure
2713 4690 2771 4734 ut
2812 4682 3094 4748 aliquando
3132 4680 3257 4733 velit
3294 4681 3405 4732 dia-

1890 4749 2040 4803 holus
2086 4761 2276 4818 capere
2329 4750 2594 4802 virtutem.
2653 4749 2780 4803 Vide
2830 4750 3131 4818 Origenian.
3187 4749 3278 4801 lib.
3330 4763 3399 4812 ιι,

1889 4827 2078 4884 quiest.
2105 4816 2158 4876 5,
2186 4832 2328 4874 uuln.
2356 4818 2441 4880 ll,
2477 4820 2560 4877 η,
2582 4818 2667 4880 l5,
2695 4818 2781 4873 14.

1959 4884 2068 4968 (ει)
2103 4885 2245 4937 Libri
2277 4886 2432 4966 hujus
2472 4889 2736 4968 Apuloque
2764 4886 3209 4968 tameditilqtiam
3247 4899 3399 4968 mss.,

1885 4952 1998 5026 qua:
2026 4955 2139 5026 [σπι
2166 4956 2504 5026 omniumest,
2540 4966 2583 5007 et
2611 4952 2802 5008 Christi
2824 4954 2914 5026 [aL
2945 4964 3006 5026 Aet
3029 4952 3406 5026 AChristusjsa-f

1883 5022 2075 5092 pientis
2100 5030 2267 5092 esu-fet
2303 5024 2554 5089 sapientia
2587 5035 2778 5092 utique,
2803 5021 2906 5078 e'tc.
2939 5023 3045 5077 Sed
3067 5023 3260 5077 rectius
3277 5021 3401 5075 libri

1885 5089 1961 5142 De
1982 5090 2270 5157 principiis,
2300 5101 2355 5142 ut
2389 5094 2438 5143 in
2478 5101 2658 5145 nostro
2675 5089 2846 5145 textu.

1955 5157 2062 5238 (ξέ)
2099 5156 2276 5240 Plures
2308 5174 2434 5240 mss.
2481 5160 3020 5240 liabcntdumen'pro
3064 5160 3246 5240 lucent.
3302 5156 3395 5240 iis.

1884 5225 2112 5293 Regius:
2147 5226 2249 5278 Sed
2281 5238 2324 5279 et
2369 5229 2460 5280 tua:
2494 5237 2565 5281 est
2595 5241 2640 5280 et
2679 5229 2866 5283 lumen.
2893 5225 3097 5282 Certant
3125 5236 3199 5279 est
3230 5234 3396 5278 autem

1880 5296 2252 5365 quodtenebnc
2271 5297 2438 5365 lumen
2476 5313 2577 5348 non
2611 5296 3054 5365 comprehendunt.

1951 5362 2059 5433 (25)
2092 5362 2212 5433 MSS;
2238 5364 2432 5429 Plures,
2461 5367 2505 5418 si
2531 5361 3029 5433 semper'sapientiw.
3061 5361 3253 5433 Deinde
3282 5372 3393 5410 oui-
3442 5364 3449 5371 '

1880 5429 1995 5492 nes,
2024 5429 2408 5501 participantus,
2437 5443 2482 5485 et
2514 5433 2566 5483 id
2591 5429 2731 5487 nobis
2753 5429 2828 5487 vel
2856 5435 2972 5501 plus
3002 5429 3272 5501 vclntiuns
3304 5440 3391 5501 nc-

1878 5502 2044 5561 cedut,
2078 5508 2179 5551 etc.
2217 5498 2319 5552 Sed
2353 5502 2500 5568 editi,
2534 5511 2588 5554 et
2619 5502 2736 5555 libri
2772 5497 3148 5567 De'principiis
3198 5497 3393 5545 rectius

1878 5578 1933 5621 ut
1958 5569 2008 5620 in
2045 5578 2223 5620 nostro
2250 5578 2415 5624 textu.
3433 5572 3440 5613 .'

1945 5637 2053 5707 (ῃ)
2081 5636 2160 5687 lix
2189 5636 2275 5690 lib.
2307 5656 2320 5691 ι
2350 5636 2423 5692 De
2451 5639 2692 5707 princip.,
2721 5651 2838 5707 cap.
2871 5634 2923 5697 3,
2951 5646 3091 5707 num.
3117 5627 3208 5707 2."
3240 5694 3251 5706 .

1944 5697 2052 5773 (‘25)
2078 5706 2167 5756 Sic
2212 5720 2338 5762 mss.
2373 5697 2627 5775 pictique:
2656 5697 2841 5760 Cit-teri
2873 5713 3014 5762 vero,
3043 5705 3094 5750 et
3127 5697 3276 5760 editi,
3300 5710 3392 5746 su-

1875 5776 2123 5842 perveniet
2151 5775 2201 5825 in
2231 5783 2298 5832 lc.
