3916 6410
601 410 698 463 567

1769 391 1824 445 S.
1868 386 2184 443 PAMPHILI
2225 378 2574 436 MARTYRIS
3025 425 3028 427 .
3637 363 3716 418 568

602 521 851 590 baptisma
884 532 984 570 non
1035 515 1185 570 aliter
1222 514 1324 568 nisi
1378 510 1834 567 excellentissima:
1881 508 2115 562 omnium
2147 501 2297 566 A.vel
2330 500 2472 561 Filii,
2501 496 2701 551 salvari
2735 493 2856 547 sine
2883 489 3086 560 Spiritu
3118 492 3320 539 sancto.
3347 482 3414 534 De
3441 481 3608 551 quibus
3627 484 3714 537 dis-

601 609 873 664 Trinitatis
897 607 1228 670 auctoritate,
1277 604 1328 658 id
1358 611 1440 656 est
1469 602 1661 663 Patris,
1691 609 1743 654 et
1769 599 1908 661 Filii,
1931 607 1983 652 et
2007 597 2123 664 Spi-

603 704 732 752 ritus
769 697 937 752 sancti
985 693 1446 764 cognominatione
1482 690 1834 757 compleatur,
1863 699 1915 741 et
1942 688 2121 739 innato

601 787 704 839 Deo
741 785 906 849 Patri,
938 794 991 838 et
1021 784 1295 852 unigenito
1333 781 1447 850 ejus
1490 779 1646 843 Filio,
1678 794 1867 833 nomen
1911 788 2122 844 quoque

600 875 830 941 Spiritus
855 875 1024 930 sancti
1067 875 1359 942 copuletur.
1398 871 1526 936 Quis
1563 885 1690 940 ergo
1737 883 1836 923 non
1865 871 2119 937 obstupe-

597 973 709 1019 scat
739 972 936 1034 quanta
981 963 1226 1029 majestas
1256 963 1327 1016 sit
1359 959 1590 1029 Spiritus
1627 960 1816 1023 saneti,
1855 973 1972 1011 cum
2003 971 2122 1010 eum

598 1056 684 1124 qui
715 1056 908 1110 dixerit
939 1053 1155 1108 verbum
1206 1053 1256 1104 in
1319 1051 1510 1104 Filium
1546 1049 1772 1104 hominis
1799 1049 1977 1100 audiat
2007 1060 2124 1113 spe-

599 1161 720 1200 rare
750 1147 959 1199 veniam
986 1157 1138 1212 posse
1168 1156 1325 1207 ;eum
1350 1156 1474 1196 vero
1499 1140 1589 1208 qui
1624 1139 1674 1192 in
1707 1138 1961 1207 Spiritum
1994 1149 2122 1187 sau-

598 1243 739 1290 ctum
796 1223 1262 1302 blasphemav‘erit,
1295 1231 1504 1284 veniam
1555 1243 1660 1282 non
1712 1227 1906 1282 habere
1956 1238 2124 1294 neque

599 1325 650 1378 in
690 1323 935 1392 praesenti
968 1321 1183 1384 seculo,
1214 1335 1384 1389 neque
1413 1320 1462 1374 in
1493 1319 1671 1372 futuro
1686 1319 1728 1348 ⁸⁹
1751 1317 1773 1369 ?
1793 1335 1811 1367 ι

665 1413 984 1466 ΡΑιίΡιιιιυε.
1015 1411 1079 1464 Ει
1111 1419 1229 1479 post
1267 1425 1431 1480 pauca
1461 1407 1653 1478 adjecit
1695 1424 1708 1460 :

666 1503 943 1554 ORIGENES.
982 1518 1001 1550 t
1026 1500 1398 1562 Verumtamen
1435 1511 1600 1564 usque
1631 1498 1697 1550 ad
1734 1505 1966 1563 praesens
2008 1491 2126 1544 nul-

600 1593 705 1645 lum
733 1605 1032 1646 sermonem
1063 1591 1114 1643 in
1150 1589 1438 1656 Scripturis
1459 1588 1658 1642 sanctis
1686 1585 1920 1638 invenire
1953 1581 2127 1652 potui-

601 1701 738 1748 mus,
776 1700 870 1754 per
900 1699 1056 1752 quem
1092 1680 1320 1748 Spiritus
1373 1686 1586 1734 sanctus
1625 1674 1832 1728 factura
1884 1686 2001 1726 esse
2043 1671 2126 1724 vel

599 1787 841 1831 creatura
873 1777 1154 1829 diceretur.
1181 1792 1198 1824 )

668 1865 983 1920 Psurmws.
1035 1865 1094 1918 Et
1124 1862 1340 1917 insertis
1391 1858 1755 1928 compluribus
1802 1854 2123 1911 testimoniis

599 1955 665 2009 de
687 1955 884 2008 virtute
910 1953 1139 2023 Spiritus
1165 1950 1359 2015 sancti,
1385 1957 1502 2018 post
1523 1947 1792 2016 aliquanta
1819 1946 1981 2000 etiam
2013 1945 2124 1998 lucc

599 2045 789 2112 adjecit
814 2063 826 2098 :

667 2135 950 2190 Datames.
985 2154 1003 2185 ‹
1030 2133 1085 2188 Si
1117 2134 1385 2188 revelante
1421 2130 1557 2186 Filio
1597 2128 1869 2197 cognoscit
1913 2128 2124 2182 Patrem

600 2227 830 2295 Spiritus
875 2231 1109 2284 sanctus,
1137 2237 1262 2291 ergo
1298 2236 1364 2274 ex
1399 2219 1695 2289 ignorantia
1745 2217 1812 2270 ad
1840 2217 2118 2271 scientiam

601 2317 747 2370 venit
779 2334 792 2368 :
821 2315 959 2382 quod
991 2313 1169 2379 utique
1217 2318 1270 2365 et
1299 2309 1517 2378 impium
1569 2307 1770 2376 pariter
1800 2314 1853 2361 et
1900 2306 2118 2360 stultum

598 2415 699 2468 est,
733 2403 988 2472 Spiritum
1035 2411 1274 2454 sanctum
1305 2397 1564 2462 conliteri,
1593 2405 1644 2450 et
1677 2395 2026 2465 ignorantiam
2073 2396 2120 2450 ei

599 2495 885 2554 ascribere.
921 2491 1034 2545 Non
1087 2489 1226 2544 enim
1263 2503 1380 2543 cum
1428 2486 1568 2539 aliud
1616 2486 1816 2553 aliquid
1845 2493 1988 2538 esset
2025 2499 2126 2538 an-

602 2594 685 2636 tea
712 2596 867 2650 quam
908 2578 1137 2647 Spiritus
1172 2585 1408 2636 sanctus,
1443 2590 1536 2642 per
1575 2571 1868 2643 profectum
1897 2572 2037 2626 venit
2067 2573 2122 2625 in

604 2674 704 2725 hoc
731 2680 788 2723 ut
817 2679 959 2723 esset
987 2666 1217 2736 Spiritus
1242 2673 1455 2718 sanctus
1480 2679 1492 2715 :
1525 2673 1580 2716 ut
1608 2664 1727 2731 quis
1759 2663 1950 2716 audeat
1979 2662 2128 2716 dice-

605 2777 680 2826 re,
709 2761 832 2830 quia
883 2771 1007 2814 tuttc
1039 2756 1252 2826 quidem
1297 2770 1416 2808 cum
1467 2754 1699 2807 nondum
1728 2761 1868 2807 esset
1898 2753 2130 2821 Spiritus

603 2862 844 2913 sanctus,
869 2848 1143 2919 ignorabat
1187 2846 1400 2901 Patrem
1431 2861 1445 2896 :
1475 2853 1655 2913 postea
1686 2859 1812 2900 vero
1841 2859 1998 2912 quam
2044 2857 2130 2898 re-

603 2943 739 3012 cepit
771 2939 1071 3002 scientiam,
1095 2937 1256 2992 etiam
1285 2935 1518 3003 Spiritus
1548 2944 1764 2988 sanctus
1784 2932 2001 2988 eliectus
2025 2925 2128 2988 est.

603 3032 752 3098 Quod
769 3032 812 3084 si
842 3039 1000 3095 esset,
1033 3041 1295 3096 nunquam
1322 3025 1503 3092 utique
1526 3023 1578 3076 in
1607 3023 1806 3078 unitate
1830 3023 2125 3090 Trinitatis,

2223 592 2509 649 cutientes,
2547 587 2665 638 sine
2713 581 2877 636 dubio
2937 573 3295 631 necessarium
3332 572 3428 626 erit
3471 582 3520 624 ut
3559 586 3712 638 opera-

2224 683 2420 734 tionem
2450 671 2741 743 specialem
2781 665 3021 735 Spiritus
3047 660 3237 720 saucti,
3273 656 3536 724 specialem
3557 654 3718 719 Patris,

2222 770 2303 823 vel
2332 765 2480 827 Filii,
2513 760 2914 814 describamus.
2947 750 3194 806 Arbitror
3227 747 3386 817 igitur
3418 744 3721 815 Operatiouem

2293 915 2561 987 (27)"01:
2614 912 2643 963 ὁ
2693 907 2789 979 μὲν
2845 903 2978 966 Θεὸς
3053 901 3267 969 quidem
3319 911 3432 952 esse
3474 896 3646 963 Patris,
3686 909 3728 952 et

2223 1012 2315 1064 καὶ
2373 1009 2561 1076 Πατὴρ
2611 1003 2850 1071 συνέχων
2908 997 2978 1050 τὰ
3053 992 3206 1054 Filii,
3271 999 3374 1042 tam
3453 988 3501 1041 itt
3566 988 3728 1041 sanctis

2223 1101 2401 1153 πάντα
2460 1096 2652 1164 φθάνει
2706 1094 2784 1154 εἰς
2853 1089 2981 1141 ἓκα-
3051 1097 3212 1150 quam
3271 1081 3320 1133 itt
3373 1078 3728 1148 peccatoribus,

3053 1174 3106 1227 in
3168 1167 3553 1225 rationabilibus
3593 1169 3732 1220 homi-

3057 1264 3218 1318 nibus
3257 1261 3382 1314 etin
3406 1259 3554 1311 mutis
3569 1257 3732 1311 anima-

3053 1357 3225 1420 libus;
3249 1353 3342 1409 sed
3370 1363 3421 1406 et
3460 1351 3507 1404 in
3547 1351 3621 1404 bis
3644 1365 3732 1419 qua

3053 1447 3300 1502 exanima
3348 1452 3484 1506 sunt,
3519 1442 3628 1496 etin
3648 1455 3734 1495 oat-

3057 1541 3219 1594 nibus
3245 1536 3459 1591 omnino
3485 1549 3591 1603 qua
3611 1543 3732 1588 sunt:

3059 1629 3434 1699 operationem
3463 1639 3581 1679 vero
3606 1624 3736 1692 Spiri-

3060 1730 3148 1775 tus
3216 1718 3384 1773 sancti
3459 1729 3736 1784 nequaquam

3058 1827 3284 1882 prorsus
3333 1808 3556 1862 incidere
3600 1806 3668 1860 vel
3698 1806 3735 1858 in

3057 1920 3120 1960 ea
3173 1918 3292 1972 quae
3341 1901 3572 1957 exanima
3625 1907 3736 1962 sunt,

3058 2001 3142 2056 vel
3172 2001 3224 2051 in
3251 2012 3311 2051 ea
3345 2010 3460 2064 qua:
3501 1993 3737 2046 animantia

3059 2089 3300 2158 quidem,
3327 2086 3417 2140 sed
3449 2093 3582 2138 muta
3606 2091 3738 2136 sunt:

3058 2182 3155 2235 sed
3211 2193 3278 2232 ne
3328 2179 3380 2230 in
3435 2175 3534 2229 illis
3573 2173 3738 2242 quidem

3060 2268 3294 2324 inveniri
3323 2268 3413 2337 qui
3455 2263 3742 2319 rationabiles

3058 2362 3276 2431 quidem
3303 2367 3444 2416 sunt.
3471 2357 3557 2411 sed
3582 2356 3626 2409 in
3655 2369 3742 2407 ma-

3058 2450 3174 2504 litia
3231 2448 3408 2519 positi,
3443 2461 3532 2501 nec
3571 2443 3742 2503 omttino

2225 1204 2348 1242 στον
2387 1186 2496 1238 τῶν
2549 1184 2718 1236 ὄντων
2771 1177 2982 1250 μεταδι-

2221 1281 2344 1352 δοὺς
2372 1278 2584 1346 ἑκάστῳ
2601 1272 2708 1327 ἀπὸ
2728 1271 2821 1324 τοῦ
2849 1270 2981 1322 ἰδίου

2222 1370 2282 1422 τὸ
2315 1353 2486 1422 εἶναι’
2531 1365 2606 1418 ὢν
2655 1363 2762 1433 γάρ
2794 1365 2976 1414 ἐστιν·

2224 1463 2458 1516 ἐλάττων
2487 1461 2545 1513 δὲ
2575 1458 2712 1528 πρὸς
2745 1453 2834 1509 τὸν
2866 1454 2982 1505 Ha-

2223 1556 2356 1626 τέρα
2396 1556 2424 1606 ὁ
2458 1551 2588 1613 Υἱὸς
2622 1549 2836 1618 φθάνων
2888 1544 2983 1596 ἐπὶ

2229 1649 2364 1718 μόνα
2391 1648 2461 1699 τὰ
2487 1644 2706 1710 λογικά-
2731 1639 2985 1708 δεύτερος

2225 1739 2332 1809 γάρ
2363 1739 2478 1789 ἐστι
2500 1734 2592 1788 τοῦ
2629 1729 2844 1802 Πατρός
2864 1746 2878 1758 ⁶
2899 1728 2985 1780 ἔτι

2227 1830 2281 1882 δὲ
2337 1825 2496 1900 ἦττον
2538 1825 2598 1878 τὸ
2660 1823 2887 1892 Πνεῦμα
2922 1819 2985 1871 τὸ

2225 1919 2376 1987 ἅγιον
2429 1916 2522 1968 ἐπὶ
2604 1913 2798 1984 μόνους
2854 1909 2984 1971 τοὺς

2223 2013 2408 2080 ἁγίους
2433 2007 2815 2078 διικνούμενον·
2837 2002 2982 2056 ὥστε

2224 2102 2363 2156 κατὰ
2388 2101 2544 2155 τοῦτο
2601 2099 2799 2170 μείζων
2827 2099 2862 2167 ἡ
2891 2095 2984 2147 δύ-

2224 2211 2386 2265 ναμις
2429 2191 2520 2245 τοῦ
2580 2189 2795 2260 Πατρδς
2828 2187 2987 2258 παρὰ

2226 2283 2315 2335 τὶν
2367 2281 2493 2332 Υἱὸν
2522 2278 2616 2332 καὶ
2656 2277 2714 2328 τὸ
2753 2274 2986 2344 Πνεῦμα

2229 2372 2290 2423 τὸ
2320 2371 2472 2438 ἆγιον
2490 2386 2504 2400 ο
2541 2367 2736 2420 πλείων
2753 2364 2807 2418 δὲ
2828 2367 2862 2434 ὴ
2883 2363 2982 2416 τοῦ

2229 2463 2360 2514 Υἱοῦ
2424 2459 2573 2531 παρὰ
2623 2458 2682 2511 τὸ
2746 2456 2982 2524 Πνεῦμα

2227 2551 2288 2604 τὸ
2319 2551 2503 2618 ἅγιον·
2529 2549 2620 2602 καὶ
2665 2544 2828 2599 πάλιν
2862 2545 2985 2596 δια-
3059 2543 3128 2595 ad
3165 2541 3389 2595 meliora
3441 2536 3674 2591 conversi.
3699 2531 3740 2585 lu

2230 2640 2465 2711 φέρουσα
2499 2635 2691 2707 μᾶλλον
2704 2632 2800 2686 τοῦ
2821 2632 2986 2700 ἁγίου
3061 2632 3172 2687 illis
3200 2640 3377 2686 autem
3409 2627 3528 2683 solis
3559 2626 3744 2680 arbitror

2229 2731 2541 2800 Πνεῦματος
2567 2727 2846 2798 ἡδύναμις
2877 2741 2989 2776 πα-
3062 2737 3184 2778 εεεε
3227 2733 3358 2789 opus
3394 2717 3604 2786 Spiritus
3647 2728 3740 2767 san-

2233 2824 2300 2895 ρὰ
2327 2823 2394 2874 τὰ
2420 2820 2550 2875 ἄλλα
2576 2820 2724 2886 ἅγια.
3062 2814 3162 2878 cti,
3193 2812 3282 2882 qui
3311 2810 3419 2880 jam
3465 2823 3520 2864 se
3552 2807 3622 2862 ad
3662 2819 3743 2860 me-

2231 2937 2362 2990 liora
2393 2941 2734 2996 convertnnt,
2774 2940 2830 2984 et
2857 2945 2956 3000 per
2989 2928 3111 2982 vias
3139 2927 3340 2983 Christi
3373 2925 3492 2980 Jesu
3526 2921 3742 2983 incedunt,

2231 3029 2283 3082 id
2311 3039 2414 3092 est,
2447 3025 2558 3096 (‘28)
2589 3023 2672 3092 qui
2709 3031 2842 3074 sunt
2877 3022 2933 3074 in
2985 3020 3146 3074 novis
3207 3018 3421 3072 actibus
3475 3015 3742 3073 incedentes,

604 3121 658 3175 id
714 3129 817 3185 εει,
869 3119 961 3171 Dei
1014 3116 1186 3169 Patris
1233 3111 1673 3205 inconvertibilis,
1707 3120 1760 3165 et
1815 3107 1934 3165 Filii
1991 3111 2129 3180 ejus,
2160 3128 2289 3205 cet
2319 3119 2371 3170 in
2415 3117 2520 3169 Deo
2555 3121 2964 3181 permanentes.
3020 3109 3298 3176 Quoniam
3349 3116 3519 3160 autem
3556 3099 3742 3172 operatio

603 3212 762 3264 etiam
799 3211 911 3277 ipse
938 3208 1168 3277 Spiritus
1213 3213 1430 3260 sanctus
1463 3203 1772 3266 haberetur.
1797 3202 1898 3256 nisi
1929 3203 2052 3272 quia
2083 3211 2137 3258 et
2163 3189 2208 3205 “
2235 3205 2410 3260 Patris
2445 3212 2499 3258 et
2529 3201 2649 3255 Filii
2685 3209 2768 3254 est
2793 3207 2853 3252 et
2886 3199 2942 3252 in
2975 3197 3216 3262 sanctis,
3251 3207 3307 3250 et
3335 3195 3388 3249 in
3414 3189 3742 3263 peccatoribus,

605 3301 716 3368 ipse
740 3312 949 3362 semper
974 3303 1089 3348 erat
1117 3294 1346 3359 Spiritus
1377 3299 1614 3344 sanctus.
1650 3306 1668 3338 ι

678 3389 999 3441 Ρλιιριιιιιτε.
1025 3385 1089 3436 Et
1117 3394 1233 3450 post
1265 3395 1430 3450 pauca
1455 3379 1646 3446 adjecit
1675 3395 1690 3432 :

673 3476 953 3531 Onmsues.
987 3492 1006 3525 ι
1037 3474 1252 3526 Rectum
1289 3480 1462 3523 tamen
1491 3470 1700 3522 videtur
1724 3468 1990 3536 inquirere
2012 3469 2138 3537 quid

612 3582 786 3622 causae
815 3568 882 3620 sit
910 3565 1048 3632 quod
1076 3563 1164 3632 qui
1198 3569 1535 3631 regeneratur
1565 3573 1660 3625 per
1694 3558 1858 3611 Deum
1898 3561 1952 3614 in
1999 3561 2140 3615 salu-

611 3669 738 3718 tem,
771 3669 901 3722 opus
931 3654 1088 3707 habet
1117 3661 1169 3704 et
1198 3649 1376 3711 Patre,
1410 3657 1463 3702 et
1494 3646 1647 3710 Filio,
1681 3655 1734 3701 et
1777 3645 1979 3716 Spiritu
2009 3663 2138 3703 sau-

613 3757 720 3812 cto,
761 3760 861 3798 non
897 3753 1238 3812 percepturus
1272 3739 1517 3800 salutem,
1552 3736 1650 3790 nisi
1682 3735 1752 3788 sit
1782 3735 1989 3806 integra
2017 3737 2139 3791 Tri-

615 3839 794 3892 nitas:
825 3834 934 3904 (26)
961 3847 1056 3886 nec
1099 3829 1348 3899 possibile
1387 3829 1455 3882 sit
1497 3812 1802 3895 participem
1835 3826 1919 3880 vel
1945 3825 2136 3892 Patris,

679 3931 724 3964 δ’
759 3929 945 3983 Matth.
968 3943 1064 3992 ιιι,
1092 3925 1191 3992 52;
1217 3925 1345 3977 Luc.
1369 3937 1472 3987 stt,
1505 3920 1589 3974 10.
1663 3919 1708 3951 ⁸⁸
1739 3919 1904 3973 Exod.
1939 3935 2020 3985 tu,
2053 3923 2139 3977 i4.

680 4024 790 4093 (26)
815 4022 969 4093 E_u_liti,
1009 4036 1098 4093 nec
1141 4017 1382 4093 possibile
1419 4023 1490 4068 est
1529 4012 1997 4093 participemjeri
2029 4011 2138 4067 Pa-

613 4081 703 4150 tris
743 4081 789 4146 ei
836 4081 981 4153 Filii,
1020 4081 1362 4154 sins'Spiritu
1407 4093 1602 4154 sancta.
1652 4081 1778 4154 Mss.
1814 4082 2138 4154 plures,_nec

612 4161 849 4234 possibile
880 4160 940 4212 sit
968 4151 1075 4234 esse
1104 4151 1398 4234 participem
1435 4151 1549 4234 (aliti
1575 4151 1811 4234 quidam,
1837 4152 2032 4234 ellhilibri
2063 4151 2138 4230 Pe

613 4217 827 4299 princip.
857 4217 1170 4299 participant
1203 4225 1336 4299 ﬁeri)
1384 4217 1460 4274 vel
1507 4217 1700 4299 Patris,
1731 4220 1802 4270 vel
1857 4217 2140 4296 P‘ilii,sine

617 4286 814 4364 Spiritu
841 4286 1052 4348 sanctor
1070 4293 1172 4347 Sed
1199 4286 1389 4346 rectius
1415 4304 1519 4343 ms.
1548 4287 1741 4355 Regius
1771 4299 1827 4338 ut
1874 4286 1925 4338 in
1957 4300 2140 4342 nostro

618 4376 785 4422 textu.

686 4435 794 4502 ('27)
826 4432 1004 4502 "uno
1036 4429 1149 4502 μὲν
1181 4430 1474 4502 Θεός,ειετ
1525 4422 1721 4502 Graeca.
1762 4424 1875 4502 haec
1923 4421 2137 4502 exhibet
2168 4443 2211 4498 ι)

618 4491 1260 4569 imperator.Iusiintanus
1289 4491 1352 4548 ad
1377 4493 1603 4569 ‘_ca|_cemn
1623 4491 1898 4569 epistola:-
1921 4492 1986 4542 ad
2030 4491 2139 4569 Με-

620 4559 740 4624 ttain
767 4586 781 4631 ;
811 4576 863 4619 et
911 4567 1277 4634 Hieronymus,
1310 4564 1528 4634 cpistola
1576 4560 1662 4634 94.
1805 4561 2050 4634 Avitum,
2087 4559 2139 4611 id

621 4625 779 4691 etiam
821 4635 1027 4687 crimini
1062 4625 1216 4688 vertit
1259 4625 1472 4700 Urt'getti
1526 4627 1665 4697 quod
1697 4629 1906 4700 dixerit
1942 4625 2141 4700 filium

621 4705 1098 4778 quo_que_ntinorem
1137 4695 1389 4778 Patre,_eo
1411 4695 1820 4778 quodie-cunctus
1855 4697 1917 4748 ab
1940 4695 2028 4774 illo
2050 4696 2141 4773 sit,

621 4763 670 4831 é:
700 4763 948 4842 S'piritum
983 4781 1214 4842 sanctum
1237 4763 1531 4842 inferiorem
1547 4763 1701 4842 ⁸ξ’ἱιίο
1728 4767 1780 4842 in
1812 4765 2007 4842 sanctis
2027 4765 2144 4842 qui-

621 4830 818 4908 basque
867 4841 1096 4891 versari:
1123 4849 1270 4907 atque
1286 4830 1641 4908 "ligouordine
1673 4835 1920 4908 majorem
1968 4830 2141 4908 Patris

621 4900 980 4982 Ῐοτίίηιάίηεζη
1025 4900 1310 4982 essehq'uatn
1344 4903 1566 4982 F’iliinet
1602 4900 1832 4970 Spiritus
1874 4900 2062 4982 sancti,-
2093 4909 2140 4978 et

623 4965 826 5033 rursum
849 4976 1092 5040 majorem
1120 4965 1246 5026 Filii
1276 4973 1629 5034 fortitudinem
1645 4965 1759 5024 esse
1789 4985 1953 5040 quam_
1974 4965 2142 5040 Spiri-

626 5062 708 5103 tus
765 5037 977 5099 sancti:
1006 5053 1051 5094 et
1090 5051 1452 5108 consequenter
1500 5041 1658 5104 ipsius
1705 5041 1872 5091 sancti
1917 5037 2143 5108 Spiritus

623 5118 868 5185 majorem
885 5127 1002 5185 esse
1038 5111 1269 5185 virtutem
1298 5109 1492 5185 cwteris
1513 5125 1627 5185 qua:
1661 5119 1841 5185 sancta
1881 5107 2140 5185 dicunt-ur.

629 5173 751 5240 "sic
781 5183 1001 5235 liulinus
1025 5179 1332 5244 quibusdam
1361 5173 1630 5237 datrae-tis,
1658 5177 1969 5244 quibusdam
1998 5173 2146 5224 addi:

627 5257 696 5309 tis
743 5243 1121 5308 emollivitsac
1163 5245 1298 5297 forte
1332 5246 1450 5297 inde
1479 5254 1560 5299 est
1610 5246 1752 5312 quod
1800 5243 2146 5312 Hieronymus

623 5307 714 5377 lib.
740 5337 777 5374 ιι
806 5330 857 5373 ει
887 5332 943 5370 ιιι
985 5315 1226 5368 adversus
1272 5313 1516 5379 Ruﬁnum
1569 5307 1900 5366 contenderit
1946 5307 2028 5361 vel
2061 5307 2147 5379 Di-

627 5395 864 5460 dymum,
891 5386 994 5460 vel_
1029 5386 1308 5449 ipsummet
1354 5378 1628 5460 Bulinuut,
1659 5381 1740 5460 vel
1772 5381 1934 5432 aliuut
1967 5378 2146 5429 nescio

625 5450 783 5526 quem
821 5465 926 5508 tant
957 5453 1158 5526 Graiae
1184 5468 1352 5526 quant
1376 5451 1564 5526 Latine
1607 5450 1657 5502 itt
1719 5451 1905 5526 bonam
1941 5454 2144 5526 partem

628 5513 906 5593 plerasque
949 5524 1012 5575 de
1065 5513 1216 5593 Filio'
1232 5534 1297 5593 _et
1320 5520 1522 5593 Spiritu
1573 5526 1757 5593 sancto
1796 5513 2150 5592 blasphemiae

627 5584 985 5646 commutasse
1008 5605 1124 5658 qua:
1146 5591 1197 5642 in
1223 5584 1405 5658 Gnaeo
1432 5587 1585 5654 hujus
1608 5584 1875 5658 Apologia:
1891 5590 2145 5658 contextu

633 5651 1041 5727 (numerabant;-
1094 5659 1234 5727 quod
1286 5659 1341 5710 in
1389 5651 2147 5727 interpretationelibrorum

637 5728 768 5790 Περὶ
804 5717 1186 5794 amcos-{unde
1219 5726 1362 5780 locus
1388 5723 1475 5778 hic
1502 5717 1730 5788 eruitur,
1767 5721 1959 5775 l'ecisse
2003 5717 2163 5803 ιιυιιτ

2237 3293 2613 3350 manifestatur
2643 3303 2706 3342 ex
2738 3302 2803 3342 eo
2837 3288 2989 3355 quod
3024 3287 3143 3357 (29)
3175 3301 3369 3341 omnes
3401 3283 3486 3352 qui
3513 3277 3744 3334 rationabi-

2233 3383 2309 3440 les
2337 3391 2480 3445 sunt,
2513 3377 2673 3433 Verbi
2705 3377 2822 3440 Dei,
2856 3376 2911 3430 id
2943 3386 3053 3442 est,
3084 3375 3317 3431 rationis
3348 3373 3611 3444 participes
3633 3372 3739 3427 sunt,

2236 3482 2290 3528 et
2319 3488 2410 3541 per
2445 3472 2544 3525 hoc
2577 3468 2721 3520 velut
2747 3467 2969 3519 semina
3005 3466 3262 3533 quaedam
3291 3464 3447 3518 insita
3472 3460 3567 3512 sibi
3596 3461 3743 3526 gerunt

2239 3540 2509 3630 sapientia:
2539 3565 2594 3610 et
2639 3555 2911 3618 scientiae,
2937 3555 3086 3624 quod
3126 3562 3213 3607 est
3267 3551 3526 3607 Christus.
3555 3546 3647 3620 (30)
3669 3540 3745 3598 Sed

2239 3660 2294 3704 et
2324 3649 2423 3702 hoc
2452 3646 2622 3714 ipsum
2642 3641 2783 3709 quod
2812 3651 2904 3695 est
2925 3651 2985 3695 et
3018 3649 3312 3711 permanet
3336 3638 3506 3694 omnis
3533 3641 3745 3694 creatura,

2240 3734 2477 3805 Operatio
2513 3742 2596 3786 est
2645 3729 2738 3784 Dei
2790 3729 2978 3785 Patris
3028 3729 3124 3798 qui
3182 3729 3366 3782 dixit:
3408 3726 3514 3796 Ego
3545 3739 3641 3779 sunt
3681 3717 3745 3789 qui

2242 3842 2354 3881 sum
2379 3823 2423 3855 ⁸⁸
2450 3841 2464 3876 :
2491 3835 2608 3891 qua:
2640 3819 2893 3889 pervenit
2945 3834 3117 3888 super
3169 3830 3376 3874 omnes.
3404 3815 3518 3886 Ipse
3543 3822 3616 3869 est
3645 3811 3746 3864 enim

2245 4027 2344 4066 nus
2365 4011 2478 4080 ipse
2507 4005 2793 4080 evincitur.
2813 4003 2966 4080 fide
2995 4005 3388 4080 Origenianor._
3408 4003 3497 4057 lib.
3529 4016 3589 4080 ιι,
3603 4003 3744 4080 quasi.

2242 4082 2297 4144 2,
2330 4068 2474 4133 num.
2501 4077 2569 4128 27
2599 4086 2653 4128 et
2683 4075 2774 4128 ‘28.
2806 4068 3268 4144 Caeterumiediti
3305 4068 3746 4144 habentsérbitror

2244 4133 2483 4218 sigon...
2533 4159 2687 4218 quant
2730 4145 2785 4218 in
2828 4141 3205 4210 peccatoribus
3246 4133 3749 4218 irrationabilibushp:

2244 4202 2486 4276 minibus,
2516 4202 2622 4265 εἰε.
2654 4211 2757 4263 Sed
2791 4202 2993 4263 oinues
3025 4225 3164 4265 mss.
3222 4221 3330 4264 tam
3357 4210 3508 4277 hujus
3540 4202 3748 4270 Apologia

2246 4284 2688 4355 quamlibrorum
2722 4278 2794 4355 De
2826 4278 3138 4355 principiis,
3174 4290 3232 4355 ιιι
3268 4281 3320 4332 in
3353 4287 3529 4355 nostra
3562 4281 3697 4327 textu.

2316 4352 2544 4421 (28)Sic
2573 4343 2956 4421 ms._Regi_us.
3012 4343 3091 4421 Ita
3137 4349 3305 4421 etiam
3353 4346 3523 4401 caeteri
3570 4343 3749 4421 mssast

2240 4407 2521 4483 editi/nisi
2564 4415 2704 4482 quod
2761 4407 3027 4467 omittam
3053 4416 3391 4483 incedentes,
3435 4424 3494 4483 et
3529 4410 3638 4483 editi
3666 4407 3746 4483 ba-

2240 4475 2399 4544 beant
2431 4488 2481 4539 in
2514 4475 2637 4545 line,
2680 4494 3010 4550 permanent.
3051 4481 3206 4537 Libri
3251 4475 3387 4536 vero
3420 4482 3489 4534 De
3537 4475 3746 4550 ρήηιὶρίιὲ

2241 4569 2345 4610 tam
2377 4555 2502 4608 editi
2541 4547 2700 4620 quam
2746 4566 2906 4616 mss.,
2947 4552 3042 4620 qui
3075 4563 3199 4605 sunt
3241 4555 3295 4606 in
3330 4552 3472 4606 bonis
3505 4547 3692 4607 actibus,
3715 4548 3749 4592 et

2239 4627 2289 4678 in
2317 4625 2416 4676 Deo
2443 4630 2762 4688 permanent.

2310 4693 2420 4759 (ea)
2443 4677 2612 4750 'Editi,
2651 4703 2826 4759 omnes
2855 4688 3236 4759 rationabiles,
3275 4687 3424 4742 Verbi
3459 4677 3749 4759 Dei._Deinde

2241 4754 2412 4815 iideut'
2431 4760 2578 4819 editi,
2602 4765 2655 4808 et
2687 4756 2807 4807 libri
2845 4755 2924 4807 De
2981 4759 3266 4821 principiis
3312 4768 3418 4810 tant
3469 4754 3586 4807 editi
3624 4760 3748 4821 quam

2240 4845 2394 4902 mss.,
2427 4815 2690 4902 sapientia:
2721 4833 2767 4875 et
2793 4815 3034 4888 justitia:
3060 4841 3079 4878 :
3099 4815 3194 4880 sed
3220 4840 3407 4881 omnes
3435 4823 3578 4891 hujus
3603 4815 3750 4885 Apolo-

2239 4899 2498 4968 θὶῷ-[ηεξ
2533 4904 2589 4968 ut
2616 4899 2869 4968 in_lex_tu.

2311 4949 2422 5033 (⁵0)
2455 4962 2554 5016 Sed
2586 4971 2632 5011 ει
2667 4962 2762 5033 Ιιρσ
2784 4961 2962 5033 ipsum
2989 4964 3138 5033 quod
3161 4972 3237 5016 est
3273 4973 3322 5033 et
3347 4967 3595 5033 perinane!
3622 4949 3747 5033 omnis

2241 5026 2498 5094 creatura,
2529 5030 2758 5096 Operatio
2794 5039 2867 5081 est
2905 5028 3004 5082 Dei
3021 5030 3206 5084 Putris
3236 5032 3325 5100 qui
3348 5026 3478 5100 discit
3504 5043 3521 5080 .'
3549 5026 3642 5091 Ego
3660 5031 3747 5096 sum

2242 5104 2331 5169 qui
2364 5088 2519 5158 sunt:
2542 5088 2656 5167 qua:
2709 5099 2940 5169 pervenit
2967 5115 3138 5169 super
3171 5088 3375 5169 ont'nes.
3404 5098 3517 5164 Ipse
3553 5088 3617 5169 est
3642 5088 3747 5169 enim

2242 5152 2332 5238 qui
2357 5152 2516 5222 solem
2553 5152 2857 5238 'sttum'oriri
2885 5152 3221 5238 jubet'rr(ms.
3254 5152 3464 5238 Regius,
3492 5152 3746 5238 oririjacit)

2242 5228 2394 5304 iuper
2416 5238 2572 5289 bonos
2594 5243 2642 5286 et
2668 5233 2860 5304 malos,
2883 5228 2932 5304 et
2959 5228 3284 5304 pluit'snper
3301 5228 3470 5304 justos
3489 5242 3530 5285 et
3553 5228 3745 5304 injuste-8:

2246 5288 2770 5371 desiderantur
2800 5288 2860 5353 in,
2887 5288 3047 5356 lib'ris
3076 5288 3218 5371 Περῖ
3237 5288 3452 5370 epla»-
3500 5288 3746 5371 tam'etlitis

2243 5355 2587 5443 gumiasg,
2618 5370 2704 5422 ubi
2734 5384 2831 5436 pm
2865 5371 2971 5423 illis
2994 5355 3184 5443 veriti;
3204 5355 3397 5442 ιεέῖιῶ
3422 5372 3508 5443 lib.
3533 5355 3742 5443 ιλεξιριξιε

2248 5433 2396 5496 tium.
2431 5443 2502 5494 6:
2644 5454 2701 5490 eo
2735 5433 2923 5490 autem
2963 5441 3059 5507 qui
3098 5457 3215 5494 vere
3258 5433 3361 5502 cst,
3391 5439 3479 5509 qui
3527 5433 3635 5487 dixit
3677 5436 3745 5509 itif

2249 5511 2463 5580 Moysen
2484 5525 2502 5562 :
2537 5508 2644 5574 Ego
2672 5521 2789 5560 sum
2819 5509 2921 5580 qui
2941 5499 3093 5580 sum,
3126 5499 3620 5580 ontniajuiecunque
3653 5499 3741 5580 {tuti

2244 5564 2550 5645 pariicipant
2577 5564 2608 5628 ἶ
2629 5590 2745 5643 qua:
2786 5564 3127 5642 participatio
3162 5577 3254 5629 Dei
3292 5564 3460 5630 Patris
3489 5564 3739 5645 peierati)"

2249 5629 2444 5713 crimes,
2469 5658 2572 5697 tant
2606 5629 2797 5713 jitstos'
2830 5629 2994 5712 quani
3037 5629 3340 5712 peccatore.
3372 5655 3418 5696 ει
3466 5629 3737 5713 rationabiles

2249 5710 2398 5780 atque
2427 5704 2916 5778 irrtttio'ttabiles,'et
2958 5713 3015 5768 in
3037 5704 3220 5770 omnia
3261 5715 3464 5770 omnino
3490 5721 3592 5765 astte
3625 5704 3729 5754 sunt.
