3916 6464
1565 446 1898 506 APOLOGIA
1934 451 2070 508 PRO
2103 440 2417 508 ORIGENE.

1003 561 1231 662 αὐτοῖς·
1250 563 1620 662 Ἀποχωρεῖτε
1645 565 1740 662 (ἐπ’
1771 565 1913 662 spot")

2036 568 2259 618 monium
2293 561 2434 630 ipsis,
2460 572 2508 614 et
2535 566 2762 632 gentibus
2785 566 2869 620 ⁶¹⁴.
2896 565 2964 618 Et
2983 565 3171 619 iterum
3205 579 3218 616 :
3255 560 3402 615 Multi
3428 553 3551 614 mihi

587 632 793 722 ΡεΥοι
833 637 976 706 τὴν·
1007 648 1284 719 ἀνομίαν,
1336 632 1613 707 οὐδέποτε
1659 655 1842 722 ἔγνων
1871 656 1913 709 ὑι

2033 656 2198 708 dicent
2223 655 2278 705 in
2317 650 2406 703 illa
2437 652 2519 704 die
2551 669 2568 706 :
2603 649 2839 716 Domine,
2892 653 3124 718 Domine,
3158 668 3321 705 nonne
3357 653 3408 704 in
3458 667 3549 700 no-

164 517 221 566 m
321 506 630 597 λομενξ
676 536 798 590 καὶ
836 543 874 597 ὲ

186 604 558 666 etM/muli

213 697 360 742 “9/
393 697 803 775 »Εὶρηκέναι
908 697 921 706 “
1014 697 1284 751 ’τ’-ζ’
1337 697 1610 707 ηυντ-νη
1659 697 1821 722 νιν-η
1875 697 1902 709 ν

234 749 370 834 δὴ(
454 781 607 834 ὤσῃ
655 802 817 834 ἢθη-λ
1007 738 1321 834 ῌταυτα
1341 743 1800 834 άποφθεγγόμενον
1830 745 1933 834 μά..

256 801 820 912 ἓξιλζξυσίἱῖὒτὰ
855 816 944 912 μὴ
995 801 1174 895 άληθῆ
1204 801 1470 895 γενέσθαι,
1503 801 1801 898 τάχα-εἰκὸς
1830 801 1928 902 ἦν’

295 879 488 992 ἒζῦξ
531 885 836 992 Militiam
857 879 944 961 ’τά
995 879 1136 982 μετ’δι
1163 879 1931 992 suo...tsgssgg’iatg.

315 1023 398 1063 se,
471 974 743 1080 ξξλφαίνει
795 991 944 1050 Θεὸν
987 974 1200 1073 άληθῶς
1243 974 1716 1079 ἐνανθρωαήσαντα
1760 974 1930 1080 σωτή-

362 1103 441 1151 ρνι
474 1069 722 1144 δόγματα
743 1085 864 1146 τοῖς
892 1069 1204 1160 ἀνθρώ-ποις
1225 1069 1670 1164 παραδεδωκέναι.
1693 1098 1756 1149 Τί
1779 1099 1834 1150 δέ
1853 1069 1931 1150 δεῖ

373 1170 539 1237 λέγειν
584 1167 679 1221 καὶ
703 1171 787 1224 ὅτι
841 1182 1221 1252 προεφητεύθη
1269 1186 1296 1236 ὁ
1327 1186 1572 1254 Χριστὸς,
1611 1187 1728 1238 τότε
1762 1188 1929 1240 ἐκλεί-

372 1259 491 1328 ψειν
509 1259 634 1321 τοὺς
661 1261 723 1326 ἐξ
769 1264 945 1318 Ἰούδα
977 1268 1235 1338 ἄρχοντας
1261 1273 1350 1326 καὶ
1384 1275 1707 1344 ἡγουμένους
1739 1278 1801 1328 ἐκ
1823 1276 1927 1329 τῶν

364 1349 563 1419 μηρῶν
584 1351 776 1412 αὑτοῦ,
806 1354 936 1407 ὅταν
969 1358 1094 1428 ἔλθῃ
1125 1353 1168 1426 ᾧ
1195 1362 1491 1426 ἀπόκειται,
1513 1363 1744 1434 δηλονότι
1769 1367 1800 1434 ἡ
1835 1365 1927 1433 βα⁸

360 1437 563 1499 σιλεία,
603 1439 701 1491 καὶ
733 1441 1046 1514 ἐπιδημήσῃ
1088 1448 1251 1516 ἡτῶν
1282 1449 1444 1502 ἐθνῶν
1479 1453 1792 1521 προσδοκία;
1831 1469 1925 1505 σα-

346 1523 484 1620 φῶς
511 1525 622 1620 γὰρ
661 1529 728 1579 ἐκ
755 1529 858 1598 τῆς
885 1532 1120 1620 ἱστορίας
1145 1535 1314 1606 δῆλον,
1346 1541 1436 1592 καὶ
1463 1542 1524 1594 ἐκ
1553 1541 1656 1594 τῶν
1697 1544 1924 1612 σήμερον

341 1615 684 1683 ὁρωμένων,
724 1620 808 1672 ("at
837 1615 965 1674 circo
986 1625 1092 1677 τῶν
1125 1628 1324 1696 χρόνων
1367 1630 1556 1700 Ἰησοῦ,
1609 1632 1785 1685 οὐκέτι
1832 1633 1926 1702 βα-

342 1703 530 1767 σιλεῖς
578 1707 856 1762 Ἰουδαίων
898 1712 1263 1782 ἐχρημάτισαν
1285 1734 1298 1746 ·
1333 1719 1543 1770 πάντων
1583 1720 1687 1771 τῶν
1717 1721 1923 1774 Ἰουδαῖ-

330 1791 475 1845 κῶν
505 1797 860 1866 πραγμάτων
903 1801 960 1852 ἐν
986 1796 1065 1864 οἷς
1105 1806 1467 1872 ἐσεμνύνοντο,
1503 1807 1638 1874 λέγω
1658 1809 1712 1860 δὲ
1737 1809 1840 1863 τῶν
1863 1827 1919 1862 τε

3451 447 3560 510 574,

2033 746 2167 797 mine
2193 755 2283 796 tuo
2309 742 2728 795 manducarimus
2755 755 2798 795 et
2824 745 3059 805 bibimus,
3091 753 3134 796 et
3160 743 3212 795 in
3240 742 3438 792 nomine
3459 750 3546 790 tuo

2030 832 2287 886 daemonio
2311 829 2588 896 ejecimus?
2617 827 2683 880 Et
2723 831 2890 882 dicant
2926 831 3069 882 illis:
3100 829 3355 882 Discedite
3385 845 3414 879 a
3445 845 3543 889 me,

2030 923 2250 991 operarii
2302 921 2609 988 iniquitatis,
2646 935 2904 986 nunquam
2949 935 3031 971 vos
3084 919 3288 987 cognovi
3324 917 3388 970 “.
3418 918 3546 980 Quae

2028 1013 2070 1066 si
2095 1013 2163 1064 ita
2192 1009 2400 1078 quidem
2432 1008 2569 1060 dicta
2601 1006 2666 1060 ab
2689 1021 2751 1060 eo
2785 1008 3024 1065 fuissem.
3056 1023 3150 1060 nec
3174 1008 3236 1059 ad
3264 1007 3417 1059 linem
3459 1015 3540 1058 ta—

2029 1113 2147 1152 men
2179 1112 2239 1151 ea
2267 1111 2384 1165 qua:
2405 1096 2651 1165 praedicta
2682 1103 2823 1156 sunt,
2849 1083 3210 1162 pervenissent
3235 1134 3249 1156 ,
3294 1093 3540 1146 fortassis

2026 1189 2199 1241 minus
2247 1201 2367 1241 esse
2403 1200 2521 1240 vera
2571 1185 2894 1243 viderentur,
2945 1199 3039 1234 nec
3099 1183 3293 1236 habere
3345 1183 3540 1250 aliquid

2024 1277 2354 1329 auctoritatis
2383 1295 2396 1329 :
2426 1289 2564 1328 nunc
2600 1289 2724 1327 vero
2754 1289 2872 1326 cum
2902 1272 2952 1324 in
2996 1269 3236 1324 ell‘ectnm
3267 1286 3370 1334 res,
3423 1286 3539 1338 qnze

2025 1367 2229 1418 inerant
2259 1365 2323 1416 ah
2346 1379 2409 1418 eo
2430 1365 2693 1433 praedicta:
2729 1362 3063 1430 perveniant,
3094 1374 3212 1412 cum
3243 1369 3384 1411 tanta
3441 1374 3537 1412 au-

2024 1461 2124 1505 tem
2153 1459 2408 1518 potestate
2435 1459 2592 1516 atque
2639 1451 2956 1503 auctoritate
2981 1448 3228 1516 praedicta
3269 1447 3394 1511 sint,
3428 1463 3538 1500 ma-

2022 1540 2364 1595 nifestissime
2402 1541 2700 1593 declaratur
2733 1540 2894 1592 Deum
2934 1553 3054 1592 vere
3087 1553 3225 1600 esse,
3266 1537 3350 1606 qui
3381 1538 3538 1590 homo

2022 1629 2188 1682 lact-ts
2211 1628 2463 1682 salutaria
2495 1636 2754 1694 praecepta
2812 1627 2923 1694 (46)
2969 1627 3267 1680 hominibus
3302 1625 3533 1678 tradidit.

2019 1716 2151 1784 Quid
2179 1731 2306 1770 vero
2352 1717 2473 1770 inde
2526 1716 2802 1769 dicendum
2854 1723 2936 1767 est
2986 1715 3124 1781 quod
3174 1715 3440 1781 prOpheta:
3472 1716 3536 1766 de

2021 1807 2132 1873 ipso
2165 1815 2286 1860 ante
2315 1805 2660 1872 prtedixerint
2707 1798 2816 1856 non
2845 1812 3152 1856 cessaturos
3180 1803 3443 1872 principes
3469 1817 3532 1855 ex

328 1882 500 1934 κατὰ
531 1884 629 1936 τὸν
663 1886 814 1950 ναὸν,
848 1890 940 1940 καὶ
968 1890 1028 1943 τὸ
1077 1891 1465 1964 θυσιαστήριον,
1514 1899 1603 1950 καὶ
1627 1899 1723 1968 τὴν
1756 1901 1913 1953 ἐπιτε-

2019 1893 2170 1956 Juda,
2197 1908 2364 1958 neque
2382 1893 2540 1945 duces
2566 1906 2630 1944 ex
2666 1889 2949 1944 femoribus
2973 1890 3105 1957 ejus,
3139 1905 3409 1959 usquequo
3439 1904 3532 1942 ve-

320 1970 445 2023 λου
456 1973 631 2044 μένην
661 1975 939 2046 λατρείαν,
968 1981 1060 2033 καὶ
1087 1982 1152 2034 τὰ
1193 1984 1457 2053 ἐνδύματα
1491 1985 1580 2038 τοῦ
1631 1988 1919 2059 ἀρχιερέως

318 2060 841 2132 καταλελυμένων.
895 2067 1208 2137 Ἐπληρώθη
1234 2071 1340 2141 γὰρ
1383 2072 1665 2142 ήλέγουσα
1712 2090 1918 2146 προφη-

311 2163 393 2200 τε
406 2149 472 2200 Eat
487 2166 501 2179 ο
553 2151 815 2219 Ἡμέρας
839 2157 1068 2220 πολλὰς
1090 2160 1425 2212 καθίσονται
1448 2165 1499 2214 οἱ
1517 2163 1630 2214 υἱοὶ
1667 2164 1914 2232 Ἰσραὴλ,

313 2241 464 2292 οὐκ
501 2241 691 2308 ὄντος
727 2245 1050 2310 βασιλέως,
1097 2249 1234 2300 οὐδὲ
1263 2251 1430 2314 ὄντος
1459 2251 1759 2318 ἄρχοντος,
1809 2257 1915 2307 οὐκ

311 2326 551 2394 οὔσης
591 2331 839 2395 θυσίας,
894 2334 1035 2386 οὐδὲ
1080 2333 1249 2399 ὄντος
1289 2341 1726 2406 θυσιαστηρίίυ,
1779 2342 1916 2398 οὐδὲ

307 2419 671 2484 ιερατείας,
699 2421 842 2474 οὐδὲ
861 2421 1080 2489 δήλων.
1099 2426 1207 2477 Καὶ
1224 2426 1426 2490 τούτοις
1440 2428 1688 2498 χρώμεθα
1706 2433 1813 2493 τοῖς
1829 2435 1916 2501 ρη-

312 2509 482 2570 τοῖς,
505 2507 652 2577 πρὸς
673 2509 802 2571 τοὺς
825 2511 882 2562 ἐν
894 2506 971 2580 τῷ
991 2512 1258 2567 θλίϐεσθαι
1283 2516 1385 2568 ἀπὸ
1410 2517 1514 2571 τῶν
1533 2520 1588 2570 ἐν
1608 2521 1670 2588 τῇ
1706 2521 1914 2573 Γενέσει

312 2593 454 2646 ὑπὸ
488 2595 591 2647 τοῦ
610 2595 808 2648 Ἰακὼὸ
836 2597 971 2668 πρὸς
1004 2600 1092 2653 τὸν
1127 2602 1318 2655 Ἰούδαν
1349 2605 1660 2674 εἰρημένων,
1695 2609 1914 2675 φάσκον-

322 2701 442 2747 τας
484 2685 585 2738 τὸν
619 2685 892 2756 ἐθνάρχην
916 2688 1021 2740 ἀπὸ
1046 2689 1138 2741 τοῦ
1183 2692 1345 2743 ’ἰούδα
1385 2694 1569 2760 γένους
1591 2697 1912 2765 τυγχάνοντα

317 2774 478 2844 Ξρχε
488 2791 538 2826 ιν
553 2774 655 2827 τοῦ
678 2775 830 2839 λαοῦ,
851 2779 948 2829 ούκ
966 2778 1314 2848 ἐκλειψόντων
1329 2781 1432 2833 τῶν
1455 2783 1556 2834 ἀπὸ
1570 2784 1658 2836 τοῦ
1679 2786 1912 2856 σπέρμαο

321 2879 433 2927 so;
461 2864 662 2926 αὑτοῦ,
699 2865 804 2928 ἕως
825 2861 893 2936 ἦς
909 2868 1257 2936 φαντάζονται
1273 2872 1499 2940 Χριστοῦ
1527 2874 1826 2943 ἐπιδημίας.
1849 2878 1910 2928 Εἰ

322 2954 450 3026 γὰρ
471 2954 708 3024 ἡμέρας
724 2957 962 3022 πολλὰς
975 2961 1311 3014 καθίσονται
1327 2965 1379 3014 ol
1398 2962 1511 3015 υἱοὶ
1532 2963 1782 3031 Ἰσραὴλ,
1803 2967 1911 3020 οὐκ

317 3044 527 3108 ὄντος
547 3046 884 3111 βασιλέως,
902 3048 1060 3116 μηδὲ
1083 3050 1250 3114 ὄντος
1268 3050 1566 3119 ἄρχοντος,
1597 3055 1704 3106 οὐκ
1725 3056 1911 3121 οὔσης

319 3135 590 3198 θυσίας,
639 3135 786 3188 οὐδὲ
822 3139 1270 3205 θυσιαστηρίου,
1319 3140 1776 3209 οὺὸὲιερατείας,
1808 3145 1908 3196 οὐ-

2019 1983 2125 2034 niat
2143 1980 2226 2032 ille
2247 1981 2328 2033 cui
2353 1979 2635 2048 repositum
2657 1987 2759 2038 est,
2783 1992 2998 2044 regnum
3021 1978 3243 2043 scilicet,
3268 1987 3319 2032 et
3338 1993 3531 2045 usque-

2013 2087 2116 2140 quo
2149 2073 2322 2125 veniat
2366 2069 2688 2137 exspectatio
2728 2069 2959 2134 gentium
2989 2063 3075 2118 “7
3103 2069 3530 2122 lilanilestissime

2011 2160 2150 2212 enim
2181 2173 2243 2212 ex
2277 2160 2384 2226 ipsa
2414 2157 2631 2210 historia
2661 2166 2893 2225 apparet,
2929 2165 2980 2209 et
3008 2171 3071 2209 ex
3110 2157 3190 2209 his
3219 2168 3334 2223 qua:
3373 2157 3530 2208 hodie

2011 2248 2367 2316 pervidentur,
2407 2248 2529 2314 quia
2564 2259 2628 2299 ex
2665 2247 2988 2313 temporibus
3027 2247 3221 2299 Christi
3257 2246 3394 2299 ultra
3446 2260 3530 2298 rc-

2011 2350 2101 2402 ges
2126 2333 2232 2403 (47)
2263 2335 2398 2401 apud
2425 2333 2635 2386 Iudaeos
2665 2349 2765 2384 non
2787 2335 3120 2387 exstiterunt.
3145 2335 3247 2388 Sed
3271 2345 3319 2388 et
3339 2350 3524 2388 omnes

2010 2423 2110 2476 illa:
2142 2425 2452 2478 ambitiones
2481 2423 2718 2477 Judaicw
2753 2423 2802 2476 in
2833 2424 3020 2490 quibus
3043 2423 3310 2492 jactantizn
3339 2439 3524 2491 quam-

2009 2510 2288 2578 plurimum
2323 2514 2594 2578 gerebant,
2619 2525 2670 2567 et
2703 2515 2753 2567 in
2789 2514 2979 2582 quibus
3027 2513 3414 2580 gloriabantur,
3467 2511 3524 2564 id

2011 2608 2109 2660 est,
2140 2597 2219 2650 vel
2248 2598 2311 2650 de
2339 2599 2510 2665 templi
2543 2600 2756 2663 decore,
2796 2601 2877 2653 vel
2902 2602 2965 2654 de
2990 2602 3174 2653 altaris
3211 2600 3524 2668 insignibus,

2011 2697 2168 2754 atque
2196 2686 2438 2740 omnibus
2467 2687 2566 2742 illis
2588 2691 3002 2743 sacerdotalibus
3028 2689 3228 2749 infulis,
3252 2692 3527 2742 indumen-

2012 2775 2179 2842 tisque
2210 2775 2536 2842 pontillcum,
2583 2776 2739 2829 simul
2792 2778 3034 2830 universa
3065 2778 3331 2830 destructa
3380 2786 3522 2830 sunt.

2007 2860 2274 2930 Completa
2317 2872 2399 2915 est
2450 2863 2590 2916 enim
2638 2865 2916 2932 prophetia
2967 2880 3082 2932 qua:
3117 2867 3366 2918 dixerat:
3425 2862 3528 2918 Per

2006 2951 2115 3002 dies
2143 2949 2327 3002 multos
2355 2952 2597 3004 sedebunt
2626 2952 2725 3018 ﬁlii
2749 2951 2916 3004 Israel
2945 2954 3055 3004 sine
3077 2969 3208 3021 rege,
3240 2955 3348 3006 sine
3379 2956 3523 3020 prin-

2006 3041 2142 3108 cipe:
2165 3040 2271 3109 (48)
2293 3056 2390 3092 non
2413 3041 2507 3091 erit
2532 3041 2718 3105 hostia,
2747 3057 2836 3093 nec
2855 3041 3037 3104 altare,
3052 3057 3141 3093 nec
3157 3044 3520 3107 sacerdotium,

2005 3147 2096 3184 nec
2113 3148 2348 3198 responsa
2367 3132 2430 3163 “'
2452 3131 2563 3184 .llis
2581 3147 2706 3200 ergo
2728 3135 3041 3186 testimoniis
3059 3136 3251 3187 utimur
3268 3137 3519 3191 adversus

319 3223 402 3276 δὲ
429 3223 676 3290 δήλων·
699 3225 760 3289 ἐξ
780 3219 840 3278 οὗ
866 3227 920 3279 δὲ
953 3229 1262 3299 κατεσκάφη
1289 3231 1316 3282 ὁ
1355 3231 1494 3293 ναὸς,
1528 3232 1703 3284 οὐκέτι
1729 3233 1903 3299 θυσία,

2013 3239 2096 3277 eos
2125 3224 2214 3292 qui
2242 3225 2480 3276 videntur
2512 3238 2750 3277 asserere
2791 3223 2853 3274 de
2883 3223 2966 3275 his
2997 3239 3112 3290 qua:
3151 3225 3199 3276 in
3229 3225 3420 3278 Genesi
3456 3227 3523 3279 ab

320 3312 464 3364 δὺδὲ
497 3313 914 3384 θυσιαστήριον,
949 3317 1068 3368 ούδὲ
1103 3318 1354 3387 ἱερατεία,
1387 3320 1538 3388 δῆλον
1565 3322 1643 3373 ὅτι
1670 3321 1905 3383 ἐξέλιπεν

313 3399 530 3469 ἄρχων
561 3402 626 3465 ἐξ
670 3402 862 3465 Ἰούδα,
904 3404 996 3455 καὶ
1028 3404 1318 3473 ἡγούμενος
1355 3407 1541 3459 ἐκτῶν
1583 3408 1767 3478 μηρῶν
1813 3409 1908 3461 αὖ·

313 3487 456 3540 τοῦ.
503 3489 666 3542 Ἐπεὶ
700 3490 758 3542 δὲ
779 3493 812 3560 ἡ
844 3492 1141 3560 προφητεία
1169 3493 1345 3562 φησὶν,
1391 3495 1786 3570 Οὺκρκλείψει
1815 3496 1912 3564 ἅρ-

2006 3311 2169 3366 .lacob
2194 3312 2328 3364 dicta
2348 3322 2466 3364 sunt
2483 3312 2547 3366 de
2567 3311 2718 3379 Juda,
2738 3326 2789 3366 et
2806 3314 2982 3368 dicunt
3007 3329 3314 3380 permanere
3341 3315 3513 3368 adhuc

2009 3403 2298 3472 principem
2343 3417 2407 3456 ex
2464 3417 2656 3469 genere
2698 3403 2865 3470 ludar,
2922 3404 3077 3456 istum
3129 3404 3368 3457 videlicet
3419 3406 3509 3472 qni

2012 3501 2092 3546 est
2117 3493 2290 3560 gentis
2335 3492 2566 3559 ipsorum
2607 3493 2872 3562 princeps,
2897 3508 3052 3561 quem
3084 3493 3359 3546 nominant
3402 3492 3514 3562 (49)

1563 3600 2106 3657 INTERPRETATIO
2142 3601 2344 3656 NOVA.

318 3709 564 3765 summa
597 3709 728 3765 cum
757 3703 1026 3765 potestate
1050 3693 1322 3765 et_liducia
1347 3695 1584 3765 docuerit
1617 3697 1860 3750 Christus
1887 3709 2154 3763 nunquam
2183 3709 2333 3750 suam
2366 3695 2562 3765 victum
2605 3695 2665 3747 iri
2703 3696 3014 3750 doctrinam.
3055 3695 3237 3763 Itaque
3279 3694 3396 3763 jure
3424 3713 3518 3765 pro

313 3760 587 3816 oraculis
625 3760 889 3814 habendae
914 3771 1041 3815 sunt
1069 3762 1386 3830 ejnsivoees,
1413 3763 1594 3830 quales
1624 3767 1703 3816 ha:
1728 3773 1853 3817 sunt
1878 3782 1898 3830 7:
1933 3760 2174 3830 Ad‘reges
2198 3772 2246 3815 et
2275 3764 2519 3828 prmides
2560 3765 2818 3816 ducentini
2837 3775 3040 3830 propter
3082 3760 3177 3823 me,
3206 3765 3258 3816 in
3281 3760 3516 3818 testiino~

313 3833 487 3883 nium
509 3830 646 3894 illis,
686 3839 737 3882 et
760 3831 1013 3897 gentibus.
1061 3829 1159 3883 Et:
1186 3829 1340 3882 Multi
1365 3829 1530 3883 dicent
1584 3833 1708 3883 milii
1756 3833 1806 3883 iu
1828 3829 1920 3883 illa
1947 3833 2029 3883 die
2048 3849 2067 3883 :
2099 3831 2328 3892 Domine,
2367 3830 2600 3897 Domine,
2631 3847 2797 3884 nonne
2823 3835 2876 3883 in
2900 3835 3098 3884 nomine
3116 3843 3204 3885 tuo
3231 3835 3509 3886 manduca-

317 3902 536 3960 rimus,
562 3907 616 3951 et
642 3900 698 3949 in
734 3895 938 3967 nomine
964 3909 1069 3967 tu9_
1087 3899 1324 3958 bibimus,
1361 3909 1407 3950 et
1441 3900 1491 3950 in
1516 3901 1717 3952 nomine
1741 3909 1827 3951 tuo
1857 3901 2110 3952 dtemouia
2142 3899 2424 3966 ejecimus?
2451 3895 2518 3949 Et
2545 3901 2711 3950 dicam
2735 3901 2836 3952 eis:
2866 3899 3120 3952 Discedite
3147 3918 3176 3952 a
3196 3917 3273 3952 me
3299 3901 3385 3967 qui
3409 3918 3519 3966 ope-

315 3967 541 4018 ramini
595 3966 958 4032 iniquitatem.
1017 3964 1295 4033 Nunquam
1343 3967 1454 4018 novi
1483 3983 1589 4019 vos.
1640 3967 1760 4020 Haec
1802 3971 1943 4020 enim
1987 3964 2185 4019 temere
2217 3967 2442 4032 prolata,
2491 3982 2588 4020 nec
2626 3968 2848 4033 proinde
2903 3983 3021 4020 vera
3050 3984 3190 4028 esse,
3221 3964 3357 4020 forte
3390 3964 3514 4023 olim

315 4035 653 4088 verisimile
674 4045 793 4087 erat
820 4051 835 4102 ς
867 4044 922 4086 at
945 4049 1064 4086 cum
1095 4035 1283 4087 deinde
1312 4035 1584 4088 evenerint
1609 4050 1726 4102 qua:
1759 4044 1898 4087 tanta
1923 4050 2042 4087 cum
2068 4037 2389 4087 auctoritate
2424 4035 2562 4086 dicta
2599 4035 2833 4096 fuerant,
2871 4036 3203 4102 perspicuum
3232 4045 3312 4088 est
3341 4035 3503 4089 Deum

315 4118 473 4156 vere
500 4103 786 4156 hominem
814 4100 1010 4154 factum
1035 4104 1323 4154 salutarem
1353 4100 1656 4155 hominibus
1681 4105 1974 4157 doctrinam
2007 4102 2304 4154 tradidisse.
2340 4102 2472 4166 Quid
2506 4116 2632 4154 vero
2679 4100 2881 4155 attinet
2897 4100 3072 4154 dicere
3095 4105 3502 4168 praenuntiatum

317 4171 517 4225 fuisse
551 4170 836 4223 Christum
868 4179 991 4222 tunc
1025 4184 1211 4236 nempe
1245 4169 1516 4223 defuturos
1547 4171 1812 4238 principes
1847 4186 1908 4222 ex
1943 4169 2077 4223 Juda
2101 4180 2152 4221 et
2175 4174 2336 4222 duces
2366 4172 2429 4223 de
2453 4169 2652 4222 femore
2681 4169 2816 4234 ejus,
2851 4187 2970 4222 eum
2998 4172 3225 4224 venisset
3246 4173 3328 4224 cui
3358 4187 3508 4238 repo.

312 4240 507 4292 situm
542 4249 654 4301 est,
689 4253 906 4307 regnum
940 4238 1200 4300 videlicet,
1228 4248 1280 4289 et
1305 4239 1587 4305 prodiisset
1634 4241 1956 4307 exspectatio
1981 4238 2254 4307 gentium?
2316 4239 2389 4290 Ex
2443 4238 2656 4290 historia
2691 4239 2830 4307 enim
2860 4248 2913 4290 et
2963 4238 3027 4307 iis
3055 4254 3175 4305 qua:
3206 4239 3363 4290 hodie
3393 4256 3511 4291 cer-

313 4319 576 4367 nuntur,
611 4304 956 4372 manifestum
983 4315 1064 4357 est
1095 4322 1122 4357 a
1153 4304 1348 4359 Christi
1376 4307 1696 4371 temporibus
1730 4304 1898 4360 nullos
1921 4304 2108 4359 deinde
2138 4304 2438 4358 Judaeorum
2477 4321 2625 4372 reges
2653 4305 2946 4369 exstitisse,
2990 4304 3170 4358 fractis
3202 4317 3254 4360 et
3286 4307 3510 4372 dissipa-

313 4377 403 4429 tis
441 4380 620 4430 rebus
645 4371 1148 4441 omnibusiudaicis
1184 4375 1374 4440 quibus
1405 4374 1800 4441 gloriabantur;
1840 4375 2034 4441 templo
2065 4390 2269 4441 nempe,
2312 4375 2484 4434 altari.
2518 4371 2589 4425 rei
2619 4374 2806 4426 divina:
2833 4385 3084 4426 consueto
3110 4377 3234 4438 ritu,
3265 4385 3318 4428 et
3349 4371 3502 4427 indu-

314 4445 549 4497 mentis
591 4440 891 4511 pontiﬁcis.
919 4439 1133 4511 [inpleta
1157 4439 1238 4494 est
1266 4439 1458 4511 quippe
1488 4444 1762 4509 prophetia
1794 4459 1910 4511 quze
1935 4439 2100 4495 dicit:
2140 4439 2243 4492 Per
2267 4443 2376 4494 dies
2409 4442 2592 4511 multos
2637 4443 2880 4511 sedebitnt

2922 4443 3019 4508 ﬁlii
3045 4441 3212 4494 Israel
3238 4443 3346 4496 sine
3373 4459 3508 4510 rege,

311 4513 450 4565 sine
491 4509 760 4578 principe,
803 4509 915 4561 sine
953 4509 1228 4576 sacriﬁcio,
1261 4512 1369 4562 sine
1389 4510 1568 4578 altari,
1607 4512 1718 4563 sine
1765 4509 2070 4578 sacerdotio,
2105 4510 2212 4561 sine
2241 4511 2512 4577 responsis.
2557 4509 2755 4572 Quibus
2786 4512 2958 4563 verbis
3009 4511 3206 4563 utimur
3257 4509 3510 4564 adversus

308 4596 434 4634 eos
461 4581 590 4647 qui,
617 4579 746 4630 dum
777 4587 1034 4644 urgentur
1057 4580 1121 4630 iis
1148 4593 1266 4644 qua:
1299 4579 1349 4630 in
1371 4577 1563 4647 Genesi
1586 4579 1652 4630 ah
1681 4578 1845 4633 Jacob
1876 4582 1940 4631 ad
1963 4577 2149 4647 Judam
2195 4579 2334 4630 dicta
2379 4586 2522 4647 sunt,
2563 4591 2875 4647 permanere
2903 4579 3193 4631 etiamnum
3223 4593 3286 4631 ex
3320 4593 3512 4644 genere

308 4645 493 4702 Judre
530 4645 791 4700 asserunt
816 4647 1119 4714 principem
1136 4647 1223 4714 qui
1249 4647 1438 4712 popqu
1469 4646 1792 4710 dominetur,
1817 4662 1990 4712 neque
2021 4646 2294 4699 defuturos
2313 4661 2378 4698 ex
2397 4646 2598 4714 semine
2622 4645 2735 4714 ejus
2760 4646 2916 4698 duces
2942 4661 3103 4714 usque
3125 4648 3188 4698 ad
3211 4662 3329 4699 eum
3357 4661 3509 4713 quem

308 4717 436 4770 sibi
470 4717 677 4782 animo,
703 4714 907 4782 lingunt
934 4713 1127 4766 Christi
1157 4713 1457 4766 adventum.
1491 4715 1544 4766 Si
1571 4716 1708 4767 enim
1737 4732 1826 4776 per
1849 4716 1956 4768 dies
1983 4717 2165 4765 multos
2205 4715 2447 4766 sedebant
2479 4713 2576 4779 ﬁlii
2613 4713 2775 4766 Israel
2805 4714 2914 4766 sine
2952 4713 3084 4780 rege,
3107 4716 3216 4767 sine
3247 4715 3498 4781 principe,

309 4787 448 4839 sine
486 4781 795 4848 sacrificio,
821 4782 930 4833 sine
963 4782 1138 4842 altari,
1182 4782 1293 4833 sine
1323 4783 1626 4846 sacerdotio,
1654 4784 1764 4835 sine
1811 4782 2104 4850 responsis;
2144 4797 2205 4833 ex
2264 4798 2368 4850 quo
2395 4791 2568 4850 autem
2601 4796 2842 4850 eversum
2876 4792 2955 4835 est
2986 4783 3254 4850 templum,
3291 4798 3392 4833 non
3431 4793 3512 4850 est

311 4847 722 4920 sacrificium,
743 4865 846 4902 non
866 4849 1072 4920 altare,
1096 4865 1199 4902 non
1225 4851 1605 4920 sacerdotium,
1637 4847 2084 4920 perspicnnmest
2109 4847 2364 4902 aereum
2400 4848 2688 4920 principem
2712 4865 2774 4900 ex
2806 4847 2985 4920 Juda,
3008 4861 3061 4903 et
3094 4847 3290 4920 'ducem
3343 4851 3406 4901 de
3436 4848 3511 4900 le-

314 4937 490 4975 niore
525 4919 672 4982 ejus.
702 4918 963 4982 Quoniam
993 4917 1149 4983 igitur
1177 4916 1448 4986 prephetia
1481 4918 1610 4970 dicit
1639 4915 1652 4970 ὲ
1689 4915 1805 4972 Non
1841 4918 2038 4984 deﬁciet
2063 4920 2295 4983 princeps
2332 4933 2394 4969 ex
2426 4915 2590 4986 Iuda,
2619 4933 2706 4986 nec
2736 4920 2842 4969 dux
2872 4917 2935 4969 de
2961 4918 3154 4984 femore
3182 4917 3315 4986 ejus,
3350 4920 3509 4968 donec

311 4990 553 5042 veniant
581 4989 811 5048 reposita
833 4987 881 5036 ei
907 5023 923 5047 ,
975 4987 1116 5036 venit
1166 4996 1309 5037 certe
1339 4985 1424 5036 cui
1450 4987 1670 5052 reposita
1702 4995 1847 5047 sunt,
1873 4988 2195 5052 exspectatio
2227 4995 2485 5052 gentium.
2506 4984 2657 5048 Quod
2704 4995 2758 5037 et
2793 4986 3127 5039 manifestum
3160 4984 3243 5038 est
3278 5001 3339 5038 ex
3372 4986 3503 5035 mul-

317 5058 582 5112 titudine
607 5054 847 5122 gentium
875 5067 991 5120 qua:
1017 5069 1109 5120 per
1137 5053 1405 5106 Christum
1434 5055 1483 5104 iu
1526 5054 1682 5106 Deum
1714 5055 2070 5108 crediderunt.
2093 5053 2146 5104 In
2179 5054 2567 5106 Deuteronomii
2597 5067 2802 5120 quoque
2825 5055 3039 5108 cantico
3067 5054 3346 5108 stultarum
3379 5065 3504 5117 gen-

292 5215 310 5228 ,
405 5171 476 5204 σι’
520 5167 722 5221 Matth.
754 5182 808 5228 ι,
842 5164 924 5218 18.
997 5166 1040 5196 ⁸³
1067 5165 1254 5218 Matth.
1283 5181 1373 5227 vn,
1419 5165 1508 5226 22,
1532 5164 1620 5217 ‘23.

1695 5166 1738 5196 ⁸³
1770 5166 1958 5220 Cenes.
2000 5182 2142 5229 ms,
2171 5164 2255 5217 10.

2341 5165 2405 5196 ⁵⁵·
2434 5163 2558 5219 Ose.
2602 5179 2683 5229 ιιι,
2706 5165 2761 5218 4.

408 5261 529 5328 (46)
565 5258 712 5313 Editi
745 5271 1022 5325 perperam
1046 5298 1060 5320 ,
1109 5257 1386 5310 humilibus
1433 5259 1666 5328 tradidit.
1703 5258 1892 5328 I’raulo-
1925 5268 1968 5324 ι)
1994 5276 2056 5312 ex
2074 5277 2171 5325 quo
2200 5260 2370 5325 utique
2395 5261 2697 5312 subuersum
2734 5269 2808 5312 est
2860 5259 3118 5328 templum,
3144 5257 3507 5311 desiderantur

317 5325 458 5398 post
485 5325 662 5398 iidem
691 5341 704 5376 :
737 5329 1322 5398 antepnedtxernnt....
1350 5341 1508 5398 neque
1533 5325 1688 5398 duces
1717 5327 1780 5398 de
1811 5329 1893 5394 fe-

321 5391 586 5452 ruoribus
609 5395 816 5462 ejus....
840 5391 1321 5458 Manifestissimum
1349 5391 1480 5446 enim
1502 5407 1564 5444 ex
1591 5394 1699 5458 ipsa
1731 5391 1896 5448 histo-

320 5470 444 5528 ria,
469 5477 519 5519 et
553 5479 622 5516 ex
658 5464 760 5526 Itis,
793 5463 1132 5527 etc.,omisso
1155 5473 1382 5529 apparet.
1415 5463 1516 5514 Sed
1550 5476 1735 5513 omnes
1763 5479 1891 5517 mss.

323 5544 398 5588 ut
433 5537 486 5586 in
529 5541 706 5586 textu.

411 5603 531 5670 (47)
561 5598 898 5670 Μεηῐξοιςίιιε
917 5636 931 5658 ,
964 5597 1100 5664 apud
1121 5595 1380 5650 Judcram.
1410 5595 1600 5650 Caeteri
1657 5610 1785 5650 mss.
1839 5608 1892 5652 et

327 5667 684 5734 editi,'apud
719 5667 954 5718 Judtnos.

417 5730 538 5809 (i8)
575 5730 699 5790 Non
725 5736 824 5788 erit
855 5734 1189 5799 hostia,elc.,
1216 5748 1380 5803 usque
1409 5731 1471 5786 ad
1506 5730 1606 5784 ista
1636 5733 1818 5797 verba,
1844 5746 1889 5788 et

1995 5328 2048 5380 in
2080 5329 2256 5388 editis,
2289 5337 2340 5380 et
2367 5333 2711 5380 restituuntur
2731 5343 2792 5379 ex
2828 5329 3071 5380 omnibus
3103 5341 3225 5378 mss.

2084 5397 2172 5460 49)
2197 5397 2326 5448 Istos
2353 5397 2509 5462 hodie
2546 5397 2736 5462 (inquit
2764 5389 3502 5462 Genebrardusr)‘jnilzgimttp-

2084 5406 2172 5460 49)
2197 5406 2326 5474 Istos
2353 5406 2509 5474 hodte
2546 5406 2736 5474 (tnqutt
2764 5406 3174 5472 ῡοηουνίιιιιυελ
3205 5406 3369 5443 sumet
3397 5406 3432 5468 ,τι
3479 5419 3498 5430 -

1999 5406 2188 5531 peilant
2218 5479 2268 5514 tn
2307 5478 2417 5535 suis
2455 5461 2718 5517 Cltrontcts
2774 5462 2993 5535 RQSIIP
3015 5528 3026 5535 _
3047 5406 3498 5535 ll_ACGALU'lIf,

1991 5528 2240 5599 principes
2270 5533 2525 5599 exsulum,
2555 5541 2610 5584 et
2635 5546 2815 5583 eorum
2852 5532 2903 5581 in
2939 5528 3502 5599 Babyloniamsuccesf

1991 5593 2191 5652 sionem
2217 5601 2282 5652 ab
2309 5601 2418 5668 ipso
2467 5598 2788 5668 zorobabele
2826 5597 2982 5668 anxie
3013 5593 3300 5668 memorant
3329 5626 3372 5668 ,ο
3405 5593 3496 5644 sed

1990 5669 2142 5734 paulo
2169 5657 2470 5720 fabulosius.
2514 5667 2772 5734 Czeterum
2801 5665 2916 5734 vide
2956 5674 3069 5726 qua:
3099 5657 3496 5734 observavimus

1989 5721 2042 5791 in
2069 5737 2206 5791 hunc
2235 5736 2405 5790 locum
2435 5735 2524 5788 lib.
2561 5750 2609 5788 tv
2636 5733 2706 5786 De
2751 5721 2993 5799 princip,
3032 5737 3172 5777 nutu.
3203 5721 3253 5788 '5,
3282 5735 3336 5790 p.
3369 5725 3472 5783 159
3500 5793 3512 5804 Δ
