3916 6440
93 16 364 110 ,μιν
609 22 638 52 ς.
1117 58 1123 60 _
1193 60 1321 64 ρ-

119 471 174 523 581

119 586 264 650 ntere
279 555 718 650 ‘Awlﬁff
726 555 865 650 ’Ἣ

213 625 449 707 ξύων
504 631 723 690 neque
782 633 1014 707 aliquid
1053 645 1244 698 divina:
1277 646 1605 706 substantiae,
1652 645 1815 697 luere-

163 670 223 696 ι..ιῖ
255 670 294 696 ς

262 685 317 696 ,κ
617 685 637 690 -
833 685 1014 707 ην...
1055 685 1244 698 ..........
1277 685 1605 706 ................,
1652 685 1789 697 ...ην

316 716 396 761 t‘“
435 716 668 811 “De”?
698 730 952 780 onmem
997 731 1376 799 principatum,
1405 742 1458 786 et
1484 746 1690 785 omnem
1725 745 1814 797 po-

327 807 468 894 Αεῐιξ.
499 800 936 894 εὶ-νὶτιιιιειη,
985 826 1043 870 et
1085 819 1167 872 his
1193 820 1436 872 omnibus
1477 817 1714 885 praeferri
1753 832 1814 870 ac

160 886 440 988 μέριιί
489 899 526 938 a
563 886 779 988 Patre.
815 897 982 956 Unde
1019 914 1219 958 rectum
1255 905 1460 958 videtur
1507 905 1642 972 quod
1684 917 1814 968 prae-

175 984 336 1058 "tota
363 990 440 1028 (π
489 991 628 1033 esse
672 984 893 1043 debeat
929 992 976 1046 is
1024 995 1116 1063 qui
1167 994 1523 1047 haareditatem
1571 993 1728 1060 capit,
1762 1001 1812 1046 et

207 1085 412 1156 genere
458 1069 692 1140 “futue.
741 1086 805 1130 et
863 1083 1068 1149 specie,
1111 1093 1162 1136 et
1196 1082 1509 1142 substantia,
1553 1089 1606 1134 et
1644 1081 1815 1134 subsi-

225 1171 424 1225 stentia
453 1163 549 1215 Vel
584 1175 827 1234 natura,
861 1183 1026 1241 atque
1056 1175 1297 1227 omnibus
1326 1171 1618 1240 quibusque
1645 1171 1813 1225 modis

243 1261 386 1312 debet
420 1268 546 1308 esse
577 1262 966 1324 praestantior.
992 1281 1011 1314 ι

321 1349 654 1401 Pnrntws.
695 1348 766 1403 Et
799 1361 924 1419 post
957 1369 1124 1420 pauca
1158 1353 1209 1406 in
1239 1356 1420 1406 eodem
1452 1353 1585 1406 libro
1626 1370 1640 1405 :

316 1438 613 1492 Omnem-:5.
654 1457 674 1489 s
707 1440 848 1493 Cum
891 1452 1070 1496 autem
1103 1444 1384 1494 discutitur
1423 1442 1520 1494 hoc
1549 1439 1687 1507 quod
1733 1438 1807 1492 di-

249 1537 388 1580 ctum
428 1537 516 1579 est
546 1527 618 1580 de
661 1528 807 1581 Filio
845 1530 959 1593 Dei,
989 1533 1126 1598 quod
1156 1532 1223 1583 sit
1260 1531 1496 1594 splendor
1535 1532 1712 1599 gloria!
1739 1529 1807 1594 ",

239 1619 562 1669 necessario
591 1617 816 1671 videtur
865 1621 1020 1674 simul
1052 1621 1410 1672 disserendum
1438 1629 1489 1672 et
1519 1620 1640 1672 illud
1671 1621 1808 1688 quod

237 1707 448 1758 dictum
508 1715 633 1769 est,
687 1723 796 1759 non
853 1707 1022 1759 solum
1079 1707 1200 1774 quia
1264 1707 1500 1771 splendor
1553 1717 1627 1758 est
1676 1707 1808 1760 lucis

230 1804 458 1848 αἰετηω
487 1796 589 1858 "',
622 1797 722 1848 sed
749 1803 806 1849 et
837 1797 976 1863 quod
1008 1797 1128 1849 huic
1157 1795 1328 1848 simile
1351 1796 1400 1848 itt
1425 1794 1690 1864 Sapientia
1720 1796 1809 1850 Sa-

1428 437 1756 494 APOLOGIA
1821 437 1954 489 PRO
2005 432 2246 491 ORIGEN
2257 437 2317 492 E.

423 519 565 577 sola
626 529 920 599 humana
993 559 1190 606 natura
1245 554 1375 608 nihil
1424 555 1474 608 in
1518 572 1577 608 se
1617 555 1812 607 habens
1843 560 1884 613 Α
1980 551 2235 619 Superest
2280 561 2336 605 ut
2376 561 2428 606 et
2459 555 2702 608 secundte
2733 552 3094 610 criminationi
3146 551 3298 605 illata:
3337 554 3435 606 sibi

3337 439 3439 493 589.

1920 643 1985 694 ab
2019 642 2431 704 accusatoribus,
2472 658 2563 709 per
2592 657 2686 695 nos
2718 644 2931 712 quidem
2962 642 3178 710 prolatis
3209 643 3299 696 sed
3328 644 3440 697 suis

1917 730 2090 784 Verbis
2121 733 2229 797 ipse
2262 732 2588 796 respondeat,
2632 732 2832 785 duobus
2872 731 2954 784 vel
3001 731 3169 784 tribus
3205 731 3440 784 testimo-

1920 821 2022 873 niis
2063 819 2336 882 adhibitis,
2367 820 2556 887 quibus
2596 834 2798 886 trquum
2831 829 2910 873 est
2941 821 3228 874 secundum
3269 821 3435 890 legem

1918 919 2148 963 nostram
2179 923 2338 961 omne
2374 909 2588 962 verbum
2615 917 2758 961 stare
2785 907 2869 962 η’.

2103 1012 2376 1051 BESPONSIO
2411 1013 2476 1050 AD
2515 1012 2778 1050 εεευΝοΑὶι
2813 1012 3245 1054 ΟΒΙὶΙΙΝΑΤΙΟΝΕΜ.
3298 1069 3306 1079 .

1917 1105 2064 1170 Quod
2093 1122 2192 1158 non
2224 1123 2312 1171 per
2349 1107 2686 1173 prolationem
2720 1118 2896 1158 natum
2929 1109 3064 1160 dicat
3091 1126 3198 1162 esse
3240 1109 3436 1163 Filium

2150 1174 2238 1226 Dei
2275 1177 2545 1226 secundant
2588 1174 2838 1228 Valentini
2874 1176 3203 1242 impietatem.

1982 1260 2260 1318 Outcsuss.
2295 1263 2403 1334 (78)
2453 1282 2470 1314 ‹
2504 1263 2611 1333 Ego
2646 1263 2876 1317 arbitror
2904 1265 3042 1332 quod
3081 1265 3317 1320 sufﬁcere
3345 1268 3438 1320 de-

1915 1352 2033 1404 beat
2080 1352 2318 1405 voluntas
2369 1354 2536 1407 Patris
2583 1354 2646 1405 ad
2697 1353 3086 1406 subsistendum
3155 1353 3251 1406 hoc
3296 1357 3435 1422 quod

1915 1439 2022 1490 vult
2076 1439 2250 1492 Pater.
2299 1441 2492 1493 Volens
2545 1441 2685 1492 enim
2755 1455 2856 1492 non
2917 1440 3018 1492 alia
3075 1441 3156 1493 via
3234 1444 3436 1506 tttitur,

1913 1528 2020 1597 (79)
2073 1529 2172 1582 nisi
2225 1545 2340 1597 qua:
2392 1529 2616 1582 consilio
2670 1530 2958 1584 voluntatis
3018 1531 3306 1598 profertur.
3360 1529 3437 1585 lta

1911 1631 2036 1683 ergo
2078 1628 2131 1670 et
2187 1619 2254 1670 ab
2284 1635 2345 1671 eo
2381 1619 2498 1672 Filii
2553 1620 2889 1671 subsistentia
2938 1630 3256 1687 generatur:
3299 1621 3438 1688 quod

1911 1722 2128 1761 necesse
2157 1717 2237 1760 est
2279 1708 2327 1760 in
2374 1707 2558 1775 primis
2604 1709 2796 1776 suscipi
2837 1709 3013 1761 abhis
3057 1709 3144 1776 qui
3193 1709 3322 1761 nihil
3357 1712 3439 1762 in-

1917 1797 2180 1860 genitum.
2230 1797 2280 1849 id
2345 1805 2424 1850 est
2490 1798 2756 1860 innatum,
2813 1807 3004 1865 praeter
3054 1798 3223 1850 solum
3277 1799 3436 1852 Deum

227 1881 480 1934 lomonis
537 1884 812 1946 refertur,
865 1884 916 1936 in
962 1898 1064 1950 qua
1119 1885 1340 1950 seipsam
1399 1883 1669 1950 Sapientia
1715 1885 1806 1938 de-
1845 1881 1884 1933 Β
1921 1882 2126 1935 Patrem
2157 1884 2405 1940 fatentur.
2440 1883 2834 1938 Observandum
2868 1900 3090 1952 namque
3118 1895 3196 1939 est
3226 1901 3290 1940 ne
3323 1887 3439 1954 quis

220 1974 438 2027 scribit
498 1974 700 2026 dicens
741 1988 756 2025 :
818 1971 987 2040 Vapor
1036 1981 1108 2024 est
1159 1974 1292 2024 enim
1345 1970 1542 2024 itirtutis
1593 1972 1714 2038 Dei,
1763 1981 1811 2026 et

218 2065 527 2129 aporrhaea
558 2063 752 2131 gloria:
781 2061 1155 2128 Omnipotentis
1186 2061 1462 2125 purissima
1485 2061 1554 2116 ".
1582 2078 1601 2110 ι

299 2153 667 2206 ΡΑιιιιιιιιυε-
703 2152 771 2204 Et
805 2159 922 2219 post
959 2150 1266 2216 aliquanta:

297 2242 632 2296 ORIGENES.
677 2259 695 2291 ι
727 2242 949 2308 Oportet
995 2250 1166 2292 autem
1215 2241 1352 2294 scire
1407 2255 1503 2294 nos
1551 2241 1672 2308 quia
1721 2256 1815 2308 per

216 2331 554 2386 ineﬂ‘abilia
611 2332 862 2398 quaedam
911 2340 965 2383 et
1012 2341 1213 2384 secreta
1267 2345 1328 2382 ac
1379 2331 1647 2383 recondita
1699 2329 1812 2400 (76)

214 2424 549 2490 quemdam
619 2421 840 2474 modum
891 2420 990 2473 sibi
1051 2419 1249 2473 faciens
1310 2419 1579 2487 Scriptura
1630 2430 1810 2473 sancta

212 2523 479 2563 conatur
525 2509 846 2564 hominibus
884 2509 1118 2562 indicare
1149 2519 1201 2561 et
1249 2508 1568 2561 intellectum
1619 2523 1813 2579 sugge-

215 2616 354 2654 rere
406 2600 713 2654 subtilem.
747 2599 967 2666 Vaporis
995 2598 1133 2650 enim
1168 2613 1356 2650 nomen
1391 2598 1664 2660 inducens.
1711 2599 1812 2652 hoc

213 2691 355 2744 ideo
407 2693 483 2742 de
538 2690 707 2742 rebus
755 2687 1118 2755 corporalibus
1156 2689 1468 2754 assumpsit,
1518 2697 1574 2739 ut
1620 2687 1700 2741 vel
1746 2703 1810 2740 ex
1849 2709 1856 2714 ·

210 2788 394 2848 ιειηθ
450 2780 649 2845 aliqua
705 2777 1004 2845 intelligere
1054 2776 1317 2843 possimus
1362 2776 1622 2842 quomodo
1661 2775 1813 2829 Chri-

207 2879 368 2931 stus,
400 2870 505 2937 qui
541 2877 629 2922 est
662 2867 956 2934 Sapientia,
987 2865 1270 2918 secundum
1297 2864 1685 2918 similitudinem
1703 2865 1813 2932 ejus

211 2958 472 3026 vaporis
512 2955 611 3024 qui
665 2955 731 3007 de
793 2954 1084 3006 substantia
1122 2952 1292 3019 aliqua
1333 2968 1582 3021 corporea
1633 2967 1811 3021 prooe-

212 3049 338 3109 dit,
422 3050 509 3100 sic
567 3046 736 3098 etiant
798 3044 908 3109 ipse
972 3051 1029 3094 ut
1064 3043 1274 3109 quidam
1340 3056 1502 3109 vapor
1559 3042 1670 3110 (77)
1720 3059 1812 3096 es-

207 3139 423 3189 oritur
452 3137 522 3188 de
557 3133 760 3186 virtute
791 3131 958 3197 ipsius
1008 3130 1098 3182 Del
1127 3147 1138 3181 :
1174 3131 1249 3182 sic
1275 3139 1327 3182 et
1358 3130 1624 3197 Sapientia
1655 3145 1718 3184 ex
1749 3145 1811 3184 eo

1922 1972 2156 2026 incurrat
2191 1975 2240 2025 in
2280 1973 2396 2025 illas
2441 1974 2698 2026 ahsnrdas
2733 1972 2934 2026 fabulas
2965 1989 3145 2027 eorum
3179 1975 3266 2041 qui
3316 1991 3440 2044 pro-

1912 2061 2142 2115 lationes
2169 2063 2423 2130 quasdam
2471 2061 2569 2115 sibi
2594 2063 2720 2129 ipsis
2766 2063 3071 2131 depingunt,
3118 2071 3174 2115 ut
3207 2063 3437 2120 divinam

1912 2160 2153 2202 naturam
2193 2152 2242 2202 in
2277 2160 2450 2217 partes
2486 2160 2690 2213 vocent,
2723 2161 2774 2204 et
2801 2152 2960 2204 Deum
2994 2151 3224 2215 Patrem,
3271 2168 3439 2220 quau-

1911 2249 2016 2292 tum
2058 2240 2108 2292 itt
2155 2255 2210 2293 se
2257 2248 2367 2300 est,
2416 2240 2686 2303 dividant,
2729 2255 2844 2293 cunt
2883 2241 2982 2293 hoc
3013 2241 3078 2293 de
3125 2241 3440 2310 incorporea

1910 2339 2090 2382 natura
2143 2329 2220 2381 vel
2272 2331 2456 2384 leviter
2509 2331 2764 2396 suspicari
2813 2347 2914 2382 non
2973 2331 3141 2382 solum
3190 2343 3440 2386 extrema:

1910 2418 2192 2484 impietatis
2223 2419 2309 2478 sit,
2345 2434 2521 2470 verum
2555 2419 2712 2471 etiam
2750 2418 2944 2472 ultitnze
2976 2419 3309 2489 insipientia).
3341 2437 3438 2476 nec

1908 2508 2121 2560 omnin
2162 2505 2239 2559 vel
2289 2507 2351 2558 ad
2395 2507 2792 2570 intelligentiam
2839 2522 3204 2575 consequens,
3248 2519 3306 2563 ut
3354 2511 3438 2564 in--

1909 2609 2176 2661 corporea.-
2233 2604 2435 2648 naturas
2482 2595 2846 2647 substantialis
2893 2596 3081 2650 divisio
3141 2599 3308 2665 possit
3355 2599 3437 2652 in-

1913 2683 2096 2751 telligi.
2128 2677 2446 2752 Magis'ergo
2471 2684 2607 2736 sicut
2644 2683 2882 2734 voluntas
2923 2686 3158 2751 procedit
3182 2700 3212 2739 e
3243 2695 3438 2750 mente,

1909 2782 1961 2825 et
1991 2787 2159 2838 neque
2205 2782 2408 2840 partem
2455 2772 2682 2839 aliquam
2730 2772 2924 2824 mentis
2967 2783 3135 2836 secat,
3174 2789 3342 2844 neque
3373 2776 3440 2830 ab

1908 2876 1967 2915 ea
1998 2871 2278 2927 separatur
2305 2870 2396 2913 attt
2427 2860 2700 2921 dividitur,
2733 2859 2820 2910 tali
2866 2861 3090 2926 quadam
3123 2863 3299 2929 specie
3348 2879 3439 2932 pu-

1912 2950 2096 3002 tandus
2140 2961 2220 3003 est
2265 2949 2420 3002 Pater
2466 2947 2660 3000 Filium
2711 2951 2984 3016 genuisse.
3030 2949 3306 3018 imaginem
3339 2953 3438 3004 sei-

1911 3039 2033 3093 licet
2072 3055 2220 3092 suam
2251 3057 2263 3090 :
2298 3048 2353 3089 ιιι
2389 3041 2526 3091 sicut
2562 3038 2669 3105 ipse
2712 3046 2793 3089 est
2836 3037 3113 3092 invisibilis
3141 3054 3234 3106 per
3281 3049 3432 3094 natu-

1913 3143 2044 3190 ram,
2089 3129 2158 3180 ita
2216 3127 2496 3196 imaginem
2548 3141 2754 3193 quoque
2806 3125 3117 3180 invisibilem
3170 3131 3431 3196 genuerit.

208 3225 577 3291 procedens,
627 3233 694 3272 ex
751 3218 867 3286 ipsa
914 3215 1204 3269 substantia
1249 3216 1334 3268 Dei
1387 3225 1704 3284 generatur:
1738 3218 1812 3272 sic
1838 3223 1878 3278 C
1914 3216 2140 3270 Verbum
2187 3218 2326 3270 enim
2358 3226 2436 3271 est
2467 3216 2650 3278 Filius,
2683 3224 2734 3266 et
2780 3215 2894 3268 ideo
2926 3215 3051 3268 nihil
3091 3216 3141 3269 in
3174 3232 3237 3270 eo
3264 3220 3435 3272 sensi-

210 3311 609 3366 nihilominus
641 3318 696 3362 et
741 3307 1035 3361 secundum
1081 3306 1470 3359 similitudinem
1523 3308 1808 3375 corporalis

209 3403 596 3468 aporrltaaze,
643 3413 768 3452 esse
807 3398 1004 3450 dicitur
1051 3397 1328 3463 aporrhtea
1382 3397 1561 3463 gloria:
1628 3395 1808 3449 Omni-

206 3493 484 3560 potentis
538 3506 675 3558 pura
733 3487 976 3553 quaedam
1028 3495 1080 3539 et
1125 3486 1350 3538 sincera.
1399 3485 1524 3550 Quae
1571 3493 1806 3553 utraeque

207 3580 644 3633 similitudines
696 3575 1128 3629 manifestissime
1157 3575 1440 3626 Ostendttnt
1477 3575 1803 3628 communio‘

208 3687 352 3723 nem
398 3669 736 3722 substantiae
775 3680 894 3718 esse
940 3664 1074 3717 Filio
1121 3677 1240 3716 cum
1295 3661 1468 3715 Patre.
1515 3662 1804 3731 Aporrhtea

206 3763 377 3814 enim
435 3758 734 3828 ὀμοοὺσιος
767 3757 999 3818 videtur,
1051 3753 1100 3806 id
1147 3761 1246 3813 est,
1303 3753 1458 3804 uuius
1502 3755 1806 3807 substantia:

204 3866 354 3903 cum
427 3851 523 3902 illo
575 3860 808 3914 corpore
856 3860 919 3896 ex
965 3857 1070 3912 quo
1117 3848 1198 3895 est
1244 3839 1325 3893 vel
1375 3841 1673 3908 aporrhma,
1720 3843 1802 3896 vel

205 3954 280 3992 Va
289 3955 436 4007 por.

292 4030 658 4084 ΡΑιιιιηιωε.
697 4023 840 4074 Salis
891 4018 1186 4078 manifeste,
1235 4024 1290 4070 ut
1327 4017 1531 4084 Opinor,
1561 4025 1613 4068 et
1655 4020 1804 4073 valde

202 4121 528 4174 evidenter
570 4125 849 4167 ostensum
889 4122 996 4169 est,
1046 4108 1184 4175 quod
1225 4106 1412 4159 Filium
1458 4106 1546 4157 Dei
1595 4105 1657 4157 de
1692 4109 1801 4174 ipsa

211 4210 318 4264 Dei
385 4202 710 4260 substantia
765 4209 953 4252 uatum
1003 4195 1229 4255 dixerit,
1281 4194 1329 4246 id
1364 4204 1464 4255 est,
1501 4195 1798 4263 ὁμοούσιον,

204 4298 380 4364 quod
432 4305 546 4355 est,
580 4291 826 4357 ejusdem
857 4302 977 4339 cum
1013 4285 1168 4338 Patre
1212 4286 1550 4348 substantiae;
1600 4297 1653 4337 et
1698 4302 1798 4338 non

204 4401 355 4440 esse
401 4393 747 4443 creaturam,
782 4391 956 4442 neque
994 4389 1086 4442 per
1112 4375 1466 4440 adoptionem,
1495 4375 1586 4428 sed
1615 4383 1797 4428 natura

205 4478 436 4531 Filium
477 4489 692 4533 verum,
717 4484 784 4524 ex
811 4469 928 4536 ipso
961 4465 1113 4518 Patre
1143 4473 1470 4533 generatum.

291 4611 347 4644 τ’
397 4610 571 4664 ilebr.
601 4622 639 4670 I,
671 4606 725 4658 5.
800 4605 869 4635 "‘
910 4602 1032 4670 Sap.
1060 4615 1150 4662 vn,
1182 4597 1269 4652 26.
1342 4599 1385 4629 ⁷⁸
1425 4599 1550 4651 ibid.
1579 4598 1666 4651 25.

1740 4601 1806 4630 ⁷⁵⁶
1844 4600 1886 4652 11
1918 4600 2040 4654 Cor.
2063 4616 2179 4661 snt,
2209 4601 2258 4653 1.

1909 3307 2012 3361 bile
2063 3307 2454 3374 intelligendum
2495 3315 2594 3360 est.
2646 3304 2917 3370 Sapientia
2961 3311 3076 3366 est,
3128 3315 3182 3357 et
3233 3305 3282 3357 in
3333 3306 3437 3358 Sa-

1905 3396 2103 3464 pientia
2150 3395 2276 3448 nihil
2319 3408 2628 3461 corporeum
2674 3392 3049 3458 suspicandum
3095 3400 3198 3444 est.
3240 3391 3435 3444 Lumen

1903 3494 1986 3539 est
2030 3502 2198 3538 verum
2235 3485 2368 3549 quod
2401 3483 2656 3534 illuminat
2693 3497 2892 3532 onmem
2930 3481 3182 3533 hominem
3226 3483 3433 3534 venien-

1903 3583 2000 3626 tem
2039 3575 2091 3627 in
2129 3577 2262 3626 hunc
2303 3575 2547 3625 mundum
2573 3570 2637 3634 ",
2670 3567 2759 3623 sed
2793 3569 2920 3621 nihil
2956 3569 3111 3622 habet
3152 3584 3434 3624 commune

1903 3665 1965 3716 ad
1999 3664 2124 3716 solis
2169 3664 2323 3729 hujus
2349 3663 2541 3714 lumen.
2580 3679 2599 3711 ι

1967 3751 2283 3808 Purmws.
2331 3751 2402 3804 De
2448 3750 2530 3804 bis
2592 3747 2717 3818 ipsis
2761 3761 2824 3800 ex
2868 3758 3058 3815 quarto
3103 3747 3239 3801 libro
3296 3748 3434 3816 Περὶ

1901 3838 2114 3907 ἀρχῶν.

1968 3926 2116 3981 Oato.
2175 3945 2193 3978 ι
2237 3927 2462 3996 Tempus
2514 3935 2596 3979 est
2768 3923 2897 3991 (80)
2959 3923 3094 3993 Ὦρα
3167 3925 3434 3979 ἐπαναλα-

1900 4016 2135 4070 decursis
2165 4017 2247 4068 his
2288 4032 2404 4083 quae
2433 4016 2497 4068 de
2528 4015 2628 4067 Paa
2689 4015 2851 4086 ,δόντα
2893 4017 3016 4085 περὶ
3055 4018 3294 4086 Πατρὸς,
3342 4019 3434 4070 καὶ

1898 4115 1979 4162 tre
2022 4118 2075 4161 et
2134 4107 2268 4160 Filio
2313 4117 2366 4161 et
2427 4106 2629 4174 Spiritui
2700 4107 2855 4168 Υἱοῦ,
2910 4109 3002 4159 καί
3059 4109 3212 4175 ἁγίου
3269 4109 3433 4160 Ilvati-

1898 4205 2080 4247 sancto
2141 4195 2515 4257 disseruimus,
2562 4197 2632 4249 de
2699 4216 2889 4260 ttat-cog,
2941 4199 3086 4266 ὀλίγα
3151 4199 3254 4252 τῶν
3313 4199 3430 4253 τότε

1899 4288 1999 4341 illis
2026 4303 2231 4356 quoque
2263 4305 2378 4357 qua:
2406 4304 2434 4340 a
2476 4289 2625 4342 nobis
2698 4289 3196 4358 παραλελειμμένων
3233 4290 3430 4354 διεξελη

1898 4379 2076 4431 relicta
2159 4380 2398 4439 fuerant,
2461 4394 2624 4446 pauca
2695 4381 2802 4432 Οεῖν
2867 4383 2991 4450 περὶ
3071 4383 3276 4450 Πατρὸς
3355 4381 3431 4446 ὡς

1899 4479 2152 4536 repetere.
2175 4469 2308 4522 Deus
2332 4469 2484 4521 Pater
2507 4483 2624 4522 cum
2695 4469 2987 4539 ἀδιαίρετος
3026 4469 3100 4522 ὢν
3161 4472 3254 4524 καὶ
3306 4471 3432 4538 ἀμέ-

2331 4601 2376 4631 ⁷⁶
2411 4600 2561 4656 Joan.
2594 4617 2632 4666 ι,
2663 4602 2713 4655 9.

294 4726 427 4795 (76)
471 4722 654 4779 Editi.
691 4716 1071 4795 quodammodo
1107 4716 1203 4768 vim
1239 4715 1347 4794 sibi
1403 4714 1627 4795 faciens.
1650 4752 1665 4767 .
1688 4751 1703 4765 .
1745 4725 1788 4766 et
1823 4720 1865 4773 D
1894 4726 1945 4769 et
1974 4716 2304 4795 (iorbeiensis
2325 4759 2340 4784 ,
2382 4717 2483 4769 nisi
2515 4717 2636 4786 quia
2669 4716 2758 4786 [aL
2788 4717 2912 4786 qua]
2947 4718 3158 4770 consilio
3191 4716 3427 4770 voluntas

208 4783 567 4850 int‘elle'ctum
603 4783 783 4856 gerere
812 4786 1045 4838 subtilem
1078 4784 1276 4856 vaporis
1308 4798 1486 4834 nomen
1528 4783 1788 4856 inducens.

211 4864 394 4928 Quod
444 4863 567 4912 ideo
603 4850 686 4909 'de
739 4859 888 4928 rebus
937 4852 1287 4928 corporalibus
1333 4850 1635 4928 assumpsit,
1686 4861 1791 4906 etc.

208 4917 442 4987 attines
477 4942 614 4979 tnss.
648 4925 840 4980 nostri,
869 4917 1134 4987 quemdam
1171 4925 1373 4987 modum
1404 4918 1508 4987 sibi
1528 4917 1788 4982 faciens...

206 4985 263 5054 et
309 5000 653 5050 intellectum
685 5006 862 5059 gerere
881 4985 1154 5059 subtilem.
1182 4985 1399 5059 _Vapo_ris
1430 4985 1562 5059 enim
1613 5002 1792 5038 nomen

207 5053 493 5122 inducens
541 5063 639 5133 [aL
685 5053 903 5125 ilucms]
958 5055 1091 5122 quod
1139 5056 1250 5132 ideo
1295 5055 1358 5105 de
1405 5053 1550 5133 rebus
1595 5070 1793 5132 assum-

208 5121 364 5204 psit,
397 5145 502 5185 etc.
543 5121 668 5184 Sed
707 5129 844 5193 quod
883 5121 1084 5204 ridetur
1114 5123 1332 5201 positum
1370 5136 1476 5204 pro.
1505 5121 1697 5204 [metet
1727 5124 1793 5172 ita

209 5187 386 5258 hunc
429 5201 614 5252 locum
654 5187 1040 5248 restituendum
1090 5187 1387 5241 censuimus
1414 5189 1477 5239 ad
1509 5187 1794 5252 planiorem

210 5271 681 5330 ittlelligcnliattt.
819 5327 847 5334 __
880 5327 890 5334 _
951 5325 996 5334 η
1358 5323 1415 5334 μ,
1759 5323 1770 5334 ,

296 5321 441 5405 (77)
468 5337 544 5386 Ita
582 5342 731 5385 recte
766 5327 916 5405 editi.
950 5325 1072 5405 Mss.
1101 5339 1222 5405 vero
1257 5323 1439 5405 nostri,
1471 5321 1797 5405 illii,|8.’l38€l‘i-

213 5389 422 5465 bir‘urf
459 5404 594 5465 alii,
638 5395 970 5465 exprimitur.
1017 5393 1174 5444 Paulo
1213 5401 1331 5465 post
1377 5397 1498 5442 nt'ss.
1537 5389 1793 5465 plerique,

214 5459 531 5529 secundum
579 5459 986 5520 similitudinem
1042 5460 1317 5529 corporalis
1376 5459 1638 5523 aporrltma
1690 5475 1796 5529 esse

216 5527 436 5596 dicirar
462 5535 771 5603 aporrluza,
798 5542 900 5584 etc.
929 5529 1032 5581 Sed
1061 5528 1250 5580 rectius
1280 5541 1379 5578 ms.
1434 5539 1565 5577 unus
1591 5535 1643 5578 et
1669 5527 1794 5579 editi

218 5626 281 5665 at
325 5614 388 5661 in
425 5617 604 5657 textu.

298 5658 430 5744 (27“8)
475 5677 554 5744 iis
594 5671 768 5744 libi-.1
801 5663 871 5716 De
897 5663 1141 5744 princip.
1171 5661 1366 5744 cap}.
1402 5658 1620 5744 nunt._6'.

300 5726 428 5816 (79)
465 5726 568 5796 Sic
598 5736 756 5797 editi,
781 5744 834 5786 et
862 5726 986 5785 tnss.
1014 5726 1266 5798 plerique.
1295 5731 1413 5782 Mss.
1448 5742 1568 5782 vero
1598 5726 1790 5796 llegius

1932 4789 2084 4847 refert
2093 4801 2121 4834 tt
2134 4801 2176 4835 r.

1895 4802 2176 4852 prolertur.

1965 4851 2072 4917 (80)
2113 4853 2188 4905 Ex
2225 4852 2314 4906 Iih.
2340 4869 2390 4906 tv
2419 4851 2492 4904 De
2531 4853 2771 4918 princip.,
2795 4869 2938 4906 num.
2967 4852 3426 4917 28.-Ὤραέπα-

1895 4921 2244 4987 ναλαγόντα,
2270 4931 2374 4976 etc.
2399 4921 2578 4973 Graeca
2629 4922 2736 4974 Ita-c
2771 4924 3042 4988 desumpta
3076 4933 3196 4972 sunt
3235 4936 3264 4972 e
3293 4921 3427 4973 libro

1897 4991 2065 5054 printu
2118 4989 2322 5041 Eusebii
2378 5001 2554 5041 contra
2603 4989 2898 5040 Marcellum
2948 4994 3274 5056 Ancyranum
3309 5026 3326 5052 ,
3371 4996 3426 5041 et

1899 5055 2143 5123 qtuedatn
2178 5059 2239 5106 de
2272 5073 2366 5109 suo
2413 5057 2676 5109 addidisse
2706 5058 2910 5108 videtur
2943 5058 2990 5108 itt
3026 5055 3117 5107 sua
3165 5057 3424 5121 interpre-

1902 5122 2100 5176 latione
2131 5122 2348 5176 llnliuus
2388 5133 2565 5176 contra
2599 5125 2840 5176 Arianos.
2873 5123 3000 5178 Vide
3026 5124 3420 5175 observationes

1901 5201 2110 5244 nostras
2159 5193 2207 5242 in
2245 5195 2380 5245 hunc
2429 5192 2597 5244 locum
2634 5194 2764 5245 libro
2810 5208 2858 5245 tv
2888 5192 2962 5244 Dc
2999 5193 3238 5256 princip..
3272 5205 3414 5240 nntn.

1897 5259 1989 5319 27,
2013 5272 2066 5310 et
2095 5257 2451 5326 Origenianor.
2501 5260 2588 5311 lib.
2620 5277 2674 5317 ll,
2705 5271 2888 5326 quarst.
2913 5262 2964 5320 2,
2997 5275 3137 5311 num.
3163 5259 3249 5308 ‘25.
3278 5256 3418 5307 Libri

1902 5327 1974 5378 De
2021 5328 2278 5390 principiis
2313 5328 2507 5380 habent
2549 5346 2562 5380 :
2599 5328 2811 5393 Tempus
2855 5339 3025 5379 autent
3068 5337 3139 5376 est
3176 5327 3285 5389 jam
3330 5326 3418 5372 de-

1898 5395 2060 5446 cursis
2093 5394 2188 5454 Itis,
2227 5406 2375 5461 prout
2422 5398 2709 5463 potuimus,
2744 5412 2856 5459 qua:
2886 5411 3039 5458 supra
3083 5395 3413 5464 dicta-sunt,

1897 5478 2029 5514 nunc
2069 5455 2470 5515 contm'onilion'is
2503 5468 2677 5532 gratia,
2697 5455 2872 5514 eorum
2921 5455 3036 5528 (fuit:
3072 5457 3287 5532 sparsim
3331 5455 3416 5532 di-

1893 5533 2083 5598 agimus,
2138 5533 2470 5598 recapitulari:
2503 5522 2744 5598 'singula,
2791 5540 2834 5580 et
2878 5522 3039 5595 primo
3085 5522 3417 5598 omniuuthdc

1895 5582 2082 5660 Patre,
2101 5607 2148 5650 et
2183 5582 2320 5676 Filio
2345 5607 2393 5650 et
2445 5582 2636 5664 Spirit‘it
2665 5582 2840 5651 sancto
2877 5582 3110 5662 repetere.
3141 5582 3416 5641 Deus'l’a-

1893 5678 1987 5731 ter,
2013 5679 2140 5729 etc.,
2169 5675 2223 5719 ut
2259 5675 2309 5719 tu
2343 5677 2504 5720 textu.
