3916 6438
561 365 660 424 587

1718 354 1770 406 S.
1811 349 2127 406 PAMPHILI
2164 355 2350 408 MART
2361 353 2510 407 γωδ

3666 352 3759 408 588

556 481 829 542 sequenter
859 470 1081 520 humano
1105 478 1324 530 corpore
1350 471 1402 517 et
1430 464 1790 516 circumcisum
1835 477 1972 523 esse,
2005 474 2057 516 et
2083 473 2132 525 Α
2159 464 2412 518 inclinare
2443 478 2623 516 auram
2668 463 2759 516 his
2792 462 2888 529 qui
2917 462 3118 513 dicunt
3167 473 3272 527 per
3303 457 3554 521 Mariam,
3583 471 3634 514 et
3663 480 3755 519 non

557 561 857 632 praeputium
904 556 1014 622 ejus
1049 564 1200 606 terra:
1246 554 1568 617 mandatum,
1609 546 1846 606 fortassis
1895 568 2061 620 usque

557 652 618 702 ad
657 658 853 712 tempus
889 659 904 696 :
938 654 1026 696 aut
1072 644 1116 696 si
1159 643 1314 696 aliter
1347 653 1459 705 est,
1493 644 1543 695 in
1575 643 1674 695 alia
1713 643 2061 711 disputatione

554 737 862 803 requiretur.
891 733 1011 787 [late
1033 741 1208 787 tamen
1233 734 1344 799 ejus
1379 735 1708 788 circumcisio
1742 717 1868 788 satis
1899 749 2059 787 coan-

552 825 775 893 gustabit
816 837 904 877 eos
955 823 1042 890 qui
1086 838 1148 876 ex
1199 823 1402 876 diverso
1439 831 1578 875 sunt.
1632 822 1879 890 Spiritale
1921 824 2058 874 enim

549 929 736 982 corpus
765 914 1023 980 quomodo
1053 921 1254 980 poterat
1288 913 1591 966 circumcidi
1638 912 1776 966 ferro
1810 913 2061 966 terreno?

547 1002 764 1070 Propter
797 1001 932 1069 quod
970 1016 1072 1053 non
1105 1001 1430 1054 erubuerunt
1473 1002 1680 1068 quidam
1723 1017 1784 1055 ex
1824 1002 1952 1068 ipsis
1997 1002 2061 1054 de

546 1089 798 1157 praeputio
853 1088 1270 1141 circumcisionis
1313 1088 1424 1161 ejus
1471 1090 1626 1141 etiam
1672 1089 1832 1142 libros
1882 1090 2056 1153 edere,

546 1179 736 1248 quibus
766 1179 1042 1232 ostendere
1069 1189 1389 1231 conarentur
1434 1180 1568 1244 quod
1613 1180 1665 1230 in
1714 1179 2058 1232 substantiam

545 1266 758 1320 cesserit
783 1265 1089 1333 spiritalem.
1130 1265 1240 1318 Non
1275 1266 1446 1318 minus
1485 1275 1658 1320 autem
1704 1270 2059 1334 angustabun-

544 1367 630 1411 tur
654 1358 811 1410 etiam
841 1355 910 1408 illi
932 1356 1018 1423 qui
1050 1355 1271 1407 animale
1297 1370 1485 1421 corpus
1525 1356 1707 1407 dicunt
1735 1371 1850 1409 esse
1872 1371 2060 1424 corpus

542 1445 758 1503 Christi.
792 1445 895 1498 Sed
927 1453 979 1496 et
1006 1445 1068 1496 de
1105 1443 1356 1510 sanguine
1394 1443 1504 1510 ejus
1545 1452 1596 1494 et
1632 1458 1765 1510 aqua
1793 1425 1908 1510 quae
1938 1459 2060 1511 pro-

543 1535 701 1588 cessit
731 1533 794 1586 de
838 1533 1000 1586 latere
1043 1532 1153 1598 ejus
1191 1533 1340 1584 hasta
1379 1543 1688 1598 compuncto
1729 1547 1757 1585 a
1800 1533 1964 1587 milite
1991 1534 2055 1597 ⁸³,

543 1625 723 1677 eadem
752 1622 1017 1675 sentienda
1063 1629 1202 1674 sunt.
1245 1619 1346 1673 Sed
1386 1620 1468 1673 his
1497 1623 1582 1688 qui
1619 1622 1790 1674 sciunt
1811 1623 1934 1690 quid
1969 1639 2059 1676 au-

544 1713 692 1766 diant
733 1724 825 1777 per
862 1701 960 1762 hoc
995 1710 1133 1776 quod
1161 1709 1370 1770 dicitur,
1407 1708 1480 1776 (2)
1509 1711 1628 1777 quia
1665 1709 1842 1764 fixura:
1880 1711 2051 1764 clavo-

543 1815 659 1854 rum
695 1807 844 1853 erant
874 1798 922 1852 in
963 1799 1082 1865 ejus
1108 1812 1324 1865 corpore
1343 1799 1407 1864 ⁸⁵,
1434 1799 1730 1852 manifeste
1761 1801 2053 1854 declaratur
2072 1789 2124 1853 Β

543 1892 666 1959 quia
717 1904 840 1942 caro
877 1898 988 1940 erat
1035 1897 1265 1952 terrena,
1314 1889 1364 1941 id
1415 1897 1494 1942 est
1544 1890 1780 1941 humana:
1814 1899 2052 1944 naturai:

542 1995 658 2048 quae
695 1980 870 2047 utique
913 1993 1015 2032 non
1059 1987 1174 2032 erat
1221 1979 1358 2043 talis,
1399 1987 1457 2030 ut
1491 1978 1900 2044 recipiendorum
1935 1979 2054 2031 vul—

541 2085 725 2125 nerum
798 2070 1184 2135 subterfugeret
1237 2068 1562 2136 qualitatem.
1628 2068 1773 2132 Quod
1842 2069 1885 2121 si
1949 2084 2052 2123 non

541 2156 698 2209 etiam
748 2155 913 2207 multa
964 2155 1204 2206 humanae
1247 2154 1566 2207 inﬁrmitatis
1622 2155 1673 2207 in
1728 2156 1837 2221 ipsa
1886 2167 2054 2210 morte

542 2245 810 2303 sensisset,
861 2257 954 2295 cur
996 2242 1170 2295 anima
1208 2243 1369 2308 ipsius
1397 2244 1734 2308 perturbatur
1761 2243 1826 2307 ⁸⁸,
1864 2252 1915 2297 et
1955 2245 2051 2296 tri-

543 2333 638 2386 stis
679 2342 759 2386 est
803 2347 898 2400 pro
944 2346 1004 2385 ea
1048 2345 1211 2398 usque
1257 2330 1322 2383 ad
1362 2342 1582 2385 mortem
1613 2333 1700 2384 8°?
1727 2332 1851 2396 Quae
1879 2334 2051 2386 omnia

544 2425 814 2480 evidenter
861 2423 1139 2476 ostendunt
1195 2421 1331 2488 quod
1386 2436 1487 2476 non
1546 2422 1694 2488 falso,
1758 2424 1848 2476 sed
1903 2424 2050 2491 quasi

545 2515 700 2567 homo
731 2512 962 2565 dixerit:
996 2511 1217 2577 Spiritus
1257 2512 1459 2579 quidem
1497 2521 1754 2577 promptus
1795 2522 1887 2574 est,
1931 2529 2049 2566 caro

545 2613 709 2658 autem
736 2602 938 2669 inﬁrma
960 2601 1026 2655 ⁸⁷.
1057 2600 1249 2653 Eadem
1273 2600 1607 2653 nihilominus
1637 2600 1862 2653 ostendit
1892 2602 2051 2653 etiam

546 2693 712 2748 somni
750 2692 904 2754 ratio,
939 2705 1056 2744 cum
1089 2690 1310 2751 dicitur,
1340 2690 1463 2756 quia
1497 2701 1603 2741 erat
1639 2690 1688 2740 in
1722 2690 1870 2756 puppi
1903 2705 2052 2755 super

540 2782 754 2836 cervical
780 2782 1029 2834 dormiens
1055 2820 1070 2845 ,
1113 2781 1246 2834 sicut
1283 2779 1485 2833 Marcus
1517 2778 1759 2844 refert”,
1787 2788 1841 2832 et
1871 2780 1934 2832 ab
1961 2782 2052 2833 ho-

543 2871 685 2923 mine
701 2869 988 2923 suscitatur
1029 2882 1059 2920 e
1098 2880 1305 2920 somno.
1354 2866 1475 2920 llaec
1501 2867 1637 2919 enim
1666 2866 1786 2921 licet
1823 2871 2052 2924 habeant

545 2956 834 3025 spiritalem
875 2955 1214 3017 intellectum,
1251 2965 1423 3007 tamen
1453 2963 1696 3010 manente
1724 2957 1864 3023 prius
1898 2959 2052 3012 histo-

542 3047 634 3100 riae
677 3045 924 3110 veritate,
964 3043 1404 3110 ctiam.spiritalis
1448 3043 1775 3108 recipiendus
1815 3054 1896 3099 est
1933 3061 2053 3100 sen-

2159 569 2224 608 ex
2270 555 2435 607 Maria
2486 555 2560 623 (5)
2601 567 2728 606 eum
2784 567 2913 606 esse
2967 561 3220 603 natum:
3283 548 3434 616 quod
3487 549 3760 617 Apostolus

2160 646 2441 713 praesciens
2486 645 2556 697 ita
2598 646 2897 712 praedixit:
2937 642 3078 694 Cum
3107 651 3300 692 autem
3339 641 3482 691 venit
3512 641 3756 706 plenitudo

2159 745 2473 800 temporum,
2540 735 2680 786 misit
2734 734 2882 786 Deus
2936 731 3159 783 Filium
3223 745 3390 782 suum
3450 729 3643 795 factum
3703 752 3760 788 ea;

2159 822 2392 882 muliere,
2429 822 2625 887 [aetum
2667 822 2764 873 sub
2794 820 2931 886 lege,
2976 829 3034 870 ut
3081 835 3179 871 eos
3207 819 3306 885 qui
3344 818 3444 868 sub
3490 819 3600 886 lege
3629 835 3759 875 erant

2161 913 2426 964 redimeret
2450 911 2514 962 ³⁸.
2554 910 2714 964 Vides
2742 912 2871 978 quia
2925 925 3038 962 non
3076 910 3253 972 dixit,
3290 910 3503 963 factum
3537 925 3633 978 per
3662 929 3761 968 mu-

2162 1001 2363 1062 lierem,
2391 1001 2503 1062 sed,
2533 1001 2738 1067 factum
2774 1019 2840 1055 ex
2873 1002 3128 1053 muliere.
3161 1021 3181 1051 ι

2227 1091 2549 1144 PAMPHILUS.
2615 1092 2758 1156 Quid
2839 1101 2948 1144 tam
3012 1091 3322 1144 evidenter
3389 1100 3486 1144 aut
3551 1091 3758 1162 integre,

2158 1197 2316 1249 quam
2345 1197 2408 1235 ex
2438 1183 2517 1235 his
2543 1183 2795 1236 omnibus
2821 1198 2947 1250 qua:
2970 1181 3236 1249 scripsit,
3265 1179 3349 1248 (6)
3387 1181 3760 1236 conﬁrmatur?

2158 1268 2512 1322 Confirmatur
2540 1273 2608 1323 ab
2642 1285 2707 1324 eo
2746 1280 2802 1323 et
2843 1270 3286 1324 Dominicorum
3327 1278 3610 1336 gestorum
3637 1273 3757 1325 veri-

2159 1369 2258 1422 tas,
2294 1370 2345 1413 et
2383 1360 2622 1412 historiae
2658 1360 3082 1427 Scripturarum
3121 1358 3293 1412 lides.
3331 1358 3446 1411 Sed
3485 1372 3760 1428 persequa—

2157 1464 2275 1501 mur
2302 1449 2376 1519 (7)
2412 1459 2817 1516 consequenter
2859 1450 3034 1502 etiam
3084 1447 3232 1510 alia,
3282 1447 3340 1499 in
3389 1447 3591 1512 quibus
3625 1463 3760 1502 accu-

2157 1549 2305 1592 satur
2361 1540 2517 1607 quasi
2579 1541 2715 1593 duos
2771 1539 3029 1592 Christos
3092 1538 3336 1601 dicens,
3398 1553 3569 1590 unum
3615 1539 3759 1594 Deum

2157 1629 2404 1692 Verbum,
2453 1638 2508 1684 et
2553 1630 2716 1682 alium
2761 1629 2951 1684 Jesum
2995 1629 3311 1683 Christum
3359 1628 3457 1696 qui
3504 1643 3572 1682 ex
3615 1629 3758 1682 Maria

2156 1727 2314 1772 natus
2344 1727 2444 1773 est.

2373 1869 2654 1910 RESPONSIO
2682 1871 2750 1909 AD
2784 1870 3039 1918 QUINTAH
3076 1864 3572 1908 CRIMINATIONEI.

2318 1986 2392 2057 (8)
2433 1986 2584 2050 Quod
2626 2003 2759 2040 unus
2804 1996 2883 2041 est
2939 1986 3216 2040 Christus
3264 1984 3456 2038 Filius
3500 1985 3618 2040 Dei.

2542 2096 2640 2166 (Ex
2668 2096 2846 2164 primo
2872 2097 3024 2150 libro
3056 2097 3136 2149 de
3175 2096 3391 2164 Isaia.)

2224 2227 2506 2281 UBIGENES.
2544 2225 2622 2296 (9)
2656 2245 2674 2276 ε
2713 2225 2867 2279 Sicut
2913 2226 3056 2280 dicit
3096 2226 3467 2293 Apostolus,
3524 2225 3759 2291 Quoniam

2155 2313 2477 2366 wmulatores
2515 2317 2636 2367 estis
2668 2314 2961 2381 spirituum
2995 2315 3069 2366 ³⁵.
3108 2315 3287 2368 Sicut
3321 2317 3475 2369 enim
3499 2330 3619 2369 cum
3647 2332 3761 2370 unus

2153 2405 2223 2456 sit
2267 2403 2498 2471 Spiritus
2554 2415 2797 2469 sanctus,
2848 2405 2989 2456 tanti
3052 2419 3170 2472 per
3217 2406 3484 2473 singulos
3533 2406 3761 2460 dicuntur

2153 2493 2369 2560 spiritus
2420 2495 2629 2557 sancti,
2679 2496 2870 2562 quanti
2927 2503 3066 2548 sunt
3120 2495 3184 2547 hi
3236 2497 3339 2560 qui
3385 2495 3594 2550 habent
3624 2497 3670 2549 in
3713 2511 3761 2550 se

2153 2583 2407 2650 Spiritum
2457 2593 2700 2637 sanctum
2754 2602 2766 2636 :
2824 2585 2901 2636 ita
2951 2595 3008 2639 et
3064 2587 3146 2639 de
3191 2587 3436 2641 Christo
3493 2588 3758 2641 dicendum

2153 2682 2252 2726 est.
2292 2673 2371 2726 Ab
2407 2688 2511 2726 uno
2555 2674 2696 2726 enim
2740 2672 2969 2728 Christo
3020 2675 3198 2729 multi
3254 2678 3401 2729 fiunt
3442 2677 3653 2739 christi,
3708 2679 3761 2730 de

2153 2762 2342 2829 quibus
2392 2763 2667 2830 Scriptura
2721 2763 2856 2816 dicit
2903 2783 2916 2817 :
2984 2763 3197 2819 Nolite
3264 2777 3493 2835 tangere
3567 2769 3760 2819 christos

2151 2866 2287 2904 meos
2312 2891 2325 2915 ,
2363 2862 2406 2904 et
2444 2854 2497 2904 in
2527 2854 2784 2919 prophetis
2837 2857 2970 2907 meis
3012 2857 3198 2909 nolite
3241 2857 3634 2925 malignari".
3687 2858 3760 2910 Sic

2152 2941 2299 2994 etab
2336 2956 2438 2994 uno
2479 2941 2586 2994 Deo
2627 2942 2698 2994 dii
2746 2943 2906 2995 multi
2959 2945 3272 3010 dicuntur,
3335 2963 3534 3001 omnes
3580 2949 3762 3001 scilicet

2153 3031 2206 3084 hi
2234 3031 2284 3083 in
2316 3031 2508 3098 quibus
2544 3030 2752 3082 habitat
2781 3032 2931 3086 Deus
2963 3052 2978 3086 :
3021 3037 3130 3087 sed
3171 3039 3337 3089 nobis
3372 3055 3517 3090 unus
3543 3049 3615 3090 est
3645 3037 3758 3089 Deus

541 3150 648 3190 sus.
692 3135 766 3205 (5)
812 3134 958 3188 Licet
995 3134 1132 3187 enim
1163 3147 1327 3186 caecos
1355 3146 1560 3198 semper
1593 3143 1739 3186 curet
1767 3136 2049 3188 secundum

2163 3117 2326 3182 Pater,
2358 3136 2420 3170 ea:
2452 3135 2549 3186 quo
2587 3122 2763 3184 omnia
2803 3122 2876 3174 9".
2915 3121 3079 3177 Unus
3115 3139 3264 3194 ergo
3299 3137 3388 3180 est
3419 3144 3580 3181 verus
3620 3128 3757 3186 Deus,

542 3224 832 3294 Spiritalem
872 3222 1292 3290 intelligentiam,
1331 3236 1447 3275 cum
1496 3221 1788 3289 ignorantia
1823 3238 2053 3277 excaeca-

541 3324 625 3368 tas
669 3313 926 3366 illuminat
971 3320 1192 3372 mentes,
1245 3320 1418 3363 tamen
1459 3317 1510 3362 et
1543 3310 1883 3376 corporaliter
1931 3321 2053 3366 tunc

540 3414 735 3453 caecum
759 3396 964 3451 sanavit
989 3396 1055 3448 '9.
1082 3397 1146 3449 Et
1175 3405 1404 3450 mortuos
1434 3393 1639 3462 semper
1653 3397 1902 3463 suscitat;
1930 3399 2052 3453 fecit

541 3493 716 3537 tamen
769 3493 823 3536 et
877 3492 1000 3534 tunc
1053 3481 1412 3547 hujuscemodi
1464 3482 1764 3546 mirabilia,
1816 3485 1950 3538 sicut
2002 3495 2054 3540 et

543 3571 704 3624 filiam
739 3569 990 3637 principis
1021 3568 1312 3636 Synagogte
1333 3570 1398 3630 ⁸ο,
1435 3577 1488 3621 et
1526 3569 1686 3622 ﬁlium
1718 3571 1882 3624 viduae
1906 3574 1972 3636 9‘,
2001 3580 2055 3627 et

540 3658 794 3712 Lazarum
814 3658 858 3689 "
890 3657 965 3725 (4)
1003 3657 1321 3710 suscitando.
1354 3657 1417 3709 Et
1435 3658 1674 3724 quamvis
1706 3671 1912 3724 semper
1934 3675 2053 3713 cum

543 3747 810 3800 excitatur
841 3759 867 3797 a
900 3744 1166 3811 discipulis
1199 3755 1496 3812 compescat
1522 3745 1766 3799 Ecclesia:
1796 3748 2048 3814 turbines,

541 3833 625 3886 vel
653 3832 908 3901 procellas
927 3833 991 3897 ’³,
1026 3843 1197 3886 tamen
1224 3841 1422 3886 certum
1451 3841 1530 3886 est
1555 3833 1713 3887 etiam
1749 3842 1870 3886 tunc
1909 3844 2052 3901 gesta

543 3937 660 3976 esse
690 3936 804 3990 quae
848 3935 942 3990 per
985 3923 1258 3976 historiam
1299 3921 1613 3974 referuntur.
1667 3920 1756 3975 Sic
1795 3935 1918 3988 ergo
1969 3935 2053 3974 sa-

545 4025 668 4064 num
710 4018 790 4063 est
833 4025 1040 4064 sensum
1069 4010 1350 4078 Scriptura:
1396 4010 1668 4077 recipere;
1713 4023 1808 4063 nec
1843 4017 2050 4076 oportet

644 4205 688 4235 ⁸⁸
712 4204 861 4258 Joan.
902 4219 1011 4264 xix,
1047 4202 1133 4256 54.
1209 4199 1424 4254 8".loan.
1492 4217 1580 4261 xx,
1611 4201 1745 4253 25m
1774 4215 1884 4268 seq.

545 4288 617 4334 tv,
650 4272 737 4325 38.
808 4271 850 4304 ⁸⁸
879 4271 1035 4324 Marc.
1065 4286 1181 4334 vtn,
1244 4270 1352 4331 25;
1419 4284 1470 4336 x7.
1527 4270 1610 4323 52.
1706 4269 1748 4297 °°
1781 4269 1827 4336 ,L

615 4517 691 4587 (2)
718 4517 839 4571 Mss.
883 4520 1067 4580 nostri,
1114 4520 1232 4587 quia
1273 4516 1766 4587 ﬁgurteActavorum,
1797 4525 1919 4582 etc.,
1955 4519 2046 4572 sed
2078 4504 2120 4557 Ῑ)

546 4583 740 4638 rectius
776 4587 970 4639 habere
999 4583 1240 4654 videntur
1267 4583 1412 4647 editi,
1437 4583 1641 4649 ﬁxurw.
1669 4585 1860 4637 Deinde
1900 4588 2044 4648 editi,

544 4655 688 4720 quasi
717 4669 822 4709 non,
851 4655 999 4705 etiam
1041 4654 1198 4706 multa
1236 4655 1472 4705 humana:
1506 4654 1818 4718 inﬁrmitatis
1845 4654 1896 4705 in
1933 4655 2045 4720 ipsa

543 4728 719 4788 morte;
741 4722 990 4788 sensisset,
1028 4725 1198 4773 anima
1227 4720 1580 4786 perturbatur,
1627 4730 1726 4773 etc.
1766 4721 1886 4774 Mss.
1928 4723 2045 4788 plu-

544 4803 652 4852 res,
686 4786 841 4850 Quid,
877 4788 919 4838 si
952 4804 1050 4840 non
1086 4791 1236 4840 etiam
1270 4788 1430 4840 multa
1469 4789 1704 4840 humana:
1729 4786 2044 4854 inﬁrmitatis

543 4858 599 4909 in
654 4857 765 4922 ipsa
814 4864 970 4905 morte
1013 4857 1262 4917 sensisset,
1309 4857 1476 4907 anima
1537 4857 1879 4920 perturbatur,
1939 4867 2039 4910 etc.

545 4925 693 4991 quod,
728 4923 1048 4991 nonumale;
1082 4925 1171 4975 sed
1231 4939 1357 4975 mss.
1403 4922 1719 4976 Sorbonicus
1765 4933 1816 4976 et
1859 4924 2046 4978 Montis

543 4988 602 5046 S.
630 4988 918 5051 Michaelis,
954 4989 1080 5040 utin
1117 4999 1278 5044 textu.

611 5059 686 5129 (5)
722 5056 844 5109 Mss.
889 5056 1118 5122 pleriqne
1147 5073 1418 5124 perperam
1466 5060 1680 5125 habent,
1726 5060 1871 5115 Sicut
1908 5065 2042 5115 enim

542 5143 700 5182 εωοοις
731 5139 922 5189 semper
949 5132 1113 5184 curat,
1140 5135 1238 5176 εις.

609 5196 684 5263 (4)
734 5192 1038 5263 Suscitaudo
1090 5192 1293 5263 additur
1339 5194 1390 5244 in
1431 5197 1657 5250 editione
1699 5198 2041 5261 Genebrartli,

540 5259 631 5318 sed
658 5259 920 5317 omittitur
951 5259 1002 5310 iu
1026 5261 1266 5310 omnibus
1287 5274 1411 5312 mss.
1445 5267 1634 5318 nostris
1665 5275 1717 5319 et
1745 5268 1795 5318 in
1822 5259 2045 5322 editione

541 5332 764 5386 Merlini.
1037 5382 1042 5386 .

609 5402 682 5467 (5)
730 5396 892 5471 Alias,
931 5409 1044 5471 eum
1069 5405 1259 5459 natum,
1308 5396 1499 5449 omisso
1533 5415 1637 5452 esse
1666 5417 1682 5453 :
1717 5403 1871 5469 paulo
1901 5412 2039 5471 post,

534 5463 798 5535 plenitudo
816 5463 1087 5535 temporis.

608 5537 680 5604 (6)
715 5535 842 5588 Mss.
877 5529 936 5584 et
955 5531 1082 5583 editi
1113 5529 1272 5604 semel
1298 5536 1655 5604 tantummodo
1688 5537 1883 5593 habent
1922 5553 2041 5593 vero

541 5600 1021 5672 bum'conﬁrmatur
1049 5613 1068 5652 :
1097 5601 1186 5655 sed
1221 5600 1556 5667 repetendum
1583 5605 1804 5660 videtur.

1954 4201 1996 4231 ⁸⁵
2027 4201 2176 4254 Joan.
2205 4217 2298 4264 xu,
2325 4203 2411 4254 ‘27.

1833 4284 1916 4322 uc.
1965 4284 2076 4330 vni,
2128 4269 2213 4322 55.

542 4341 628 4395 59.
701 4341 745 4371 “
794 4339 962 4393 Galat.
996 4355 1064 4402 IV,
1095 4339 1148 4401 4,
1205 4338 1255 4392 5.
1324 4338 1366 4367 ⁸⁵
1392 4335 1550 4389 lCor.
1579 4351 1686 4400 xw,
1715 4337 1801 4388 12.
1868 4337 1912 4366 ⁸⁸
1937 4336 2055 4389 Psal

2163 4353 2211 4401 v,
2253 4338 2338 4391 15.

2149 3208 2258 3273 qui,
2290 3216 2347 3260 ut
2374 3209 2446 3259 ita
2475 3207 3063 3282 dixerim,prmstator
3097 3226 3196 3267 est
3248 3218 3510 3281 deitatis,
3557 3229 3609 3272 et
3644 3233 3758 3270 unus

2149 3296 2385 3350 Christus
2429 3296 2536 3365 (10)
2586 3298 2762 3351 factor
2805 3301 3167 3357 christorum
3201 3346 3218 3369 ,
3287 3319 3348 3361 et
3413 3323 3558 3362 unus
3612 3309 3758 3376 Spiri-

2151 3393 2233 3438 tus
2280 3395 2494 3438 sanctus
2545 3385 2639 3452 qui
2689 3401 2788 3453 per
2839 3389 3106 3455 singulas
3165 3398 3412 3450 animas
3471 3409 3758 3452 sanctorum

2151 3474 2277 3527 facit
2316 3473 2567 3541 Spiritum
2626 3485 2893 3530 sanctum.
2956 3478 3247 3538 Christus
3294 3501 3437 3539 vero
3494 3489 3633 3541 sicut
3681 3501 3758 3554 per

2154 3563 2252 3627 hoc
2301 3562 2722 3629 quod'Christus
2765 3575 2850 3619 est
2913 3569 3173 3626 christos
3234 3575 3403 3639 facit,
3458 3577 3532 3630 ita
3591 3585 3642 3630 et
3681 3591 3759 3645 per

2155 3653 2253 3705 hoc
2283 3653 2419 3718 quod
2447 3652 2612 3706 Filius
2643 3654 2738 3706 Dei
2785 3665 2890 3720 est,
2934 3668 2994 3711 et
3027 3661 3223 3718 Filius
3257 3669 3538 3734 proprius
3569 3679 3621 3721 et
3653 3670 3756 3720 uni-

2156 3742 2380 3808 genitus,
2420 3755 2604 3794 omnes
2649 3756 2744 3796 eos
2782 3745 2875 3810 qui
2922 3751 3270 3818 percipiunt
3318 3758 3397 3808 ab
3432 3771 3500 3810 eo
3532 3757 3757 3826 spiritum

2156 3830 2469 3897 adeptionis,
2499 3827 2638 3881 ﬁlios
2669 3829 2764 3883 Dei
2801 3831 2961 3886 facit.
2999 3854 3016 3885 ι

2219 3918 2531 3971 PAMPHILUS.
2587 3916 2764 3971 Unum
2833 3921 2941 3976 hoc
3001 3928 3415 3984 testimonium
3485 3945 3569 3987 est
3633 3934 3758 4001 quod

2153 4007 2393 4062 Christus
2422 4023 2576 4061 verus
2618 4024 2752 4062 unus
2783 4012 2876 4074 sit,
2906 4015 3004 4079 qui
3041 4020 3501 4089 participatione
3531 4027 3611 4080 sui
3641 4022 3759 4076 mut.

2485 4203 2531 4233 ⁸⁵
2559 4203 2863 4277 Μεινοηᾳυν.
2901 4209 2998 4268 54.
3082 4215 3129 4249 ⁸⁷
3168 4216 3315 4271 ibid.
3365 4222 3462 4274 58.
3534 4224 3579 4254 ⁸⁸
3610 4224 3753 4277 Marc.

2307 4272 2349 4352 ξι
2380 4271 2649 4358 [tne-vvit,
2682 4275 2782 4358 715'.
2829 4279 2896 4358 “9‘
2922 4279 3097 4337 Joan.
3126 4300 3208 4350 XI,
3232 4289 3334 4342 44.
3372 4271 3392 4274 ⁷
3416 4271 3470 4321 δ’
3495 4271 3756 4358 Marcii;

2412 4339 2452 4369 ⁹⁷
2482 4340 2496 4390 Ι
2524 4341 2646 4394 Cor.
2681 4357 2795 4406 vm,
2826 4345 2880 4398 6.

2215 4523 2899 4612 giEditi,“consequenter
2938 4535 3117 4612 etiam
3176 4540 3428 4612 reliqua,
3476 4543 3533 4596 in
3584 4546 3755 4612 quibus

2145 4603 2416 4675 q’eculsatur
2462 4596 2786 4675 quasi_duos
2820 4598 3088 4675 Elaristos
3159 4596 3427 4675 dixerit;
3464 4596 3629 4664 unum
3673 4613 3755 4664 Dei

2159 4656 2409 4720 Verbum,
2465 4661 2756 4740 etc._.Mss.
2818 4656 3412 4740 Sorbonicusmet

2145 4739 2505 4811 είζζίδείῖαεηίεν
2554 4734 2713 4811 Qua)"
2773 4734 3012 4811 αέξθιξα.
3087 4743 3151 4795 in
3209 4748 3420 4811 quibus
3483 4734 3751 4800 accusatur

2146 4794 2395 4912 qﬂirmare
2439 4799 2588 4864 quasi
2627 4799 2757 4850 duos
2797 4794 3054 4858 Cliristos
3104 4794 3756 4869 dicitis'Fimz—tifﬁéin

2199 4864 2393 4912 erbum.
2427 4874 2529 4912 etc.
2557 4865 2749 4912 Caneri
2784 4883 2915 4912 vam
2949 4890 3070 4912 tne:
3137 4891 3195 4912 ns
3234 4883 3283 4912 ἰ.-
3333 4895 3497 4912 ίηισι..

2199 4864 2393 4936 e‘rbutn,
2427 4874 2530 4918 etc.
2557 4865 2750 4918 Crateri
2784 4883 2915 4924 vero
2949 4890 3093 4930 mss.
3137 4864 3291 4933 utin

2213 4929 2403 5014 (8.)‘Sic
2449 4946 2634 5014 guines
2684 4950 2814 5014 mss.
2872 4941 3021 4996 Editi
3054 4929 3656 5014 iveroTQ‘u'od-‘unus
3699 4954 3758 5005 sit

2145 4996 2403 5077 Christus.
2557 5001 2891 5077 libroprimo
2932 4996 3376 5077 super'I'sa'iast:

2214 5068 2293 5150 (ξὶ)Δ
2351 5068 2424 5150 [ξι
2619 5085 2633 5150 t
2691 5073 2746 5150 in
2777 5068 3035 5150 _lsaiani.
3071 5114 3145 5124 —-
3185 5068 3401 5142 Omnes
3429 5107 3568 5145 mss.
3602 5089 3756 5143 nosu'i

2149 5135 2397 5217 omittunt
2419 5135 2634 5217 ,JSicut
2659 5141 2809 5217 .dicit
2856 5135 3218 5216 Apostolus;

2151 5203 2337 5281 lateres
2383 5205 2502 5256 estis
2543 5207 2824 5283 spirituum
2845 5229 2880 5283 _:
2907 5203 3015 5268 'sed
3061 5203 3187 5274 huic
3583 5203 3748 5283 edin—5,

2149 5285 2237 5337 qui
2288 5287 2415 5352 mgis
2452 5281 2709 5352 omittunt
2753 5281 2952 5352 “enim,
3004 5291 3157 5352 quod
3213 5297 3534 5348 restituunt
3578 5281 3754 5348 omnes

2151 5353 2277 5424 illSS.
2329 5340 2483 5393 Solus
2501 5343 2696 5424 “codex
2710 5414 2721 5424 _
2736 5340 3095 5424 ASorbouie'us
3134 5340 3564 5423 habet.
3582 5340 3747 5421 "éiiiii;

2149 5405 2430 5541 lgizféstmétl;
2468 5410 2534 5460 ait
2578 5409 2812 5476 Spiritus
2854 5405 3098 5491 sanctus,
3131 5405 3749 5499 ιξλῖιῖἷᾶιιῖέιΐρεἷῖὶῖί

2300 5516 2314 5538 ,
2437 5515 2450 5528 .

2239 5492 2314 5538 os,
2349 5492 2450 5528 etc.

2217 5545 2741 5628 (ωλδιελμβθεῖξιε,
2804 5557 2984 5624 {actor
3027 5563 3499 5623 Christianorum.
3559 5564 3744 5623 (laetari

2149 5625 2276 5664 mss.
2307 5623 2359 5668 et
2389 5616 2515 5670 editi
2547 5616 2605 5671 ut
2641 5619 2695 5673 iu
2729 5616 2905 5682 textu.
