3846 6442
603 484 700 542 595

1749 465 1808 518 s.
1847 461 2162 517 PAMPHlLl
2198 442 2548 514 MARTYRIS
3646 449 3720 505 596

603 612 714 667 quae
742 594 880 647 salva
908 598 1200 659 permanet,
1249 587 1314 640 de
1364 593 1516 638 terrae
1547 583 1764 652 pulvere
1798 584 2122 638 suscitantur
2148 584 2196 642 Α
2223 581 2304 632 dis
2345 567 2447 632 hoc
2494 572 2818 630 ostendunt.
2855 567 2966 667 Sed
3000 573 3055 667 et
3097 564 3204 667 hoc
3246 563 3356 631 ipsa
3377 562 3572 666 Domini
3595 571 3719 667 nostri

598 703 628 740 a
664 682 878 737 mortuis
929 695 991 732 ex
1037 677 1281 732 omnibus
1342 675 1472 728 locis
1513 674 1549 726 ii
1594 674 1785 740 quibus
1842 672 1978 724 ratio
2029 670 2116 722 illa

597 766 900 823 substantiae
923 763 1212 833 corporalis
1261 763 1312 815 in
1347 762 1477 829 ipsis
1503 760 1814 827 corporibus
1842 772 2118 826 permane-

596 858 706 922 bat,
735 871 850 922 quaa
877 856 928 907 in
960 865 1153 908 terram
1201 853 1446 921 prolapsa
1487 853 1577 906 Dei
1625 851 1896 904 voluntate
1928 851 2116 901 iterum

595 946 943 1001 suscitantur.
1003 944 1065 996 Et
1114 944 1217 997 hoc
1268 943 1500 996 arbitror
1561 955 1800 995 asserere
1854 938 2118 992 volentem

593 1034 900 1104 Apostolum
966 1033 1164 1086 dixisse
1214 1033 1266 1085 in
1314 1033 1484 1098 prima
1542 1031 1779 1090 Epistola
1824 1031 1889 1082 ad
1936 1029 2122 1082 Corin—

597 1124 758 1186 thios,
801 1123 910 1192 (56)
960 1131 1082 1191 post
1127 1122 1474 1176 assertionem
1522 1118 1926 1176 resurrectionis
1981 1133 2122 1170 mor-

599 1223 827 1267 tuorum.
857 1210 988 1264 Nam
1014 1226 1131 1264 cum
1163 1211 1525 1279 proposuisset
1554 1211 1650 1264 sibi
1680 1224 1741 1264 ea
1767 1223 1884 1276 qua:
1909 1216 2124 1277 possent

602 1304 671 1356 ab
723 1303 839 1354 aliis
889 1301 1046 1367 obiici
1092 1303 1158 1354 de
1210 1301 1598 1354 resurrectione
1642 1283 1993 1358 mortuorum,
2048 1297 2126 1349 sic

600 1393 676 1446 ait
707 1409 719 1442 :
754 1389 853 1443 Sed
881 1391 1008 1442 dicit
1033 1389 1217 1455 aliquis
1247 1405 1264 1440 :
1297 1389 1563 1453 Quomodo
1595 1398 1862 1456 resurgunt
1895 1389 2126 1440 mortui?

602 1481 718 1546 Quo
743 1489 914 1533 autem
944 1495 1150 1546 corpore
1175 1480 1416 1532 veniunt?
1446 1477 1633 1539 Stulte,
1665 1487 1716 1529 tu
1745 1477 1880 1546 quod
1905 1478 2124 1530 seminus

602 1584 710 1622 non
745 1569 1044 1634 viviﬁcatur,
1090 1568 1186 1619 nisi
1213 1567 1353 1632 prius
1391 1567 1642 1618 moriatur
1673 1580 1690 1617 :
1720 1575 1766 1618 et
1818 1568 1951 1634 quod
1974 1567 2125 1620 semi-

605 1673 719 1723 nus,
754 1673 851 1709 non
883 1672 1061 1724 corpus
1087 1656 1218 1724 quod
1255 1656 1488 1723 futurum
1529 1664 1599 1708 est
1631 1657 1873 1721 seminus,
1898 1658 1985 1709 sed
2031 1673 2124 1708 nu-

606 1746 729 1799 dum
771 1762 1020 1815 granum,
1059 1755 1272 1813 utputa,
1313 1747 1501 1809 tritici,
1533 1757 1617 1798 aut
1659 1747 1880 1813 alicujus
1924 1756 2131 1798 cratem-

605 1853 740 1889 rum.
771 1836 908 1889 Deus
934 1844 1100 1888 autem
1134 1838 1221 1886 dat
1253 1835 1331 1887 illi
1361 1852 1543 1902 corpus
1573 1834 1618 1866 ³⁸
1638 1847 1784 1902 prout
1808 1835 1967 1888 voluit
1997 1836 2128 1904 (57).

2219 673 2342 726 Jesu
2365 667 2566 723 Christi
2598 661 2942 719 resurrectio
2995 657 3259 722 declarat,
3301 655 3389 723 qui
3421 656 3721 726 primogenith

2221 780 2284 817 ea.
2307 761 2523 815 mortuis
2558 759 2601 790 ³⁸
2637 757 2867 810 dicitur.
2909 769 2928 801 ›

2291 853 2616 905 PAMPHILUS.
2647 845 2780 899 Post
2807 843 2949 905 haec,
2987 837 3308 910 quibusdam
3335 851 3425 906 per
3449 838 3645 892 medium
3664 839 3722 894 la-

2225 943 2326 996 tius
2351 937 2660 1007 disputatis,
2695 933 2906 1000 adjecit
2931 931 3096 984 etiam
3128 930 3250 982 ista.

2291 1031 2577 1083 ORlGENES.
2619 1043 2636 1074 ι
2685 1023 2850 1078 Sicut
2889 1019 3039 1073 enim
3080 1018 3198 1085 plus
3249 1016 3407 1070 habet
3429 1017 3581 1070 omnis
3608 1020 3723 1073 ratio-

2225 1118 2419 1171 nabilis
2449 1115 2628 1168 anima
2660 1113 2750 1166 his
2778 1127 2906 1179 quae
2936 1108 3024 1161 vel
3054 1105 3356 1169 crescendi,
3405 1106 3480 1159 vel
3501 1109 3720 1173 nutriendi,

2227 1208 2308 1260 vel
2337 1217 2509 1261 motus
2535 1204 2702 1258 solius
2729 1201 2974 1256 cilicium
3006 1198 3268 1252 exhibere
3299 1196 3533 1250 dicuntur
3558 1215 3571 1249 :
3598 1200 3657 1250 sic
3682 1215 3722 1251 ea

2231 1298 2366 1350 ratio
2397 1311 2519 1363 qua!
2554 1295 2607 1347 in
2659 1294 2911 1346 humano
2958 1301 3189 1354 corpore
3235 1293 3336 1349 est,
3371 1284 3528 1338 multo
3556 1286 3723 1354 amplius

2232 1384 2409 1444 habet,
2444 1395 2605 1449 quam
2650 1393 2774 1447 qua:
2804 1381 2860 1430 in
2896 1375 3128 1444 reliquis
3163 1383 3247 1427 est
3274 1375 3660 1440 corporibus,ex
3682 1394 3723 1432 eo

2232 1475 2370 1542 quod
2401 1472 2509 1542 (41)
2537 1471 2697 1524 etiam
2735 1484 2865 1522 cum
2913 1474 3236 1532 corruptum
3283 1464 3436 1516 fuerit
3476 1479 3640 1532 corpus
3659 1467 3723 1522 hu-

2233 1578 2471 1624 manum,
2519 1561 2820 1615 subsistere
2871 1572 3093 1611 rursum
3134 1564 3311 1623 potest
3339 1554 3428 1607 Dei
3459 1556 3627 1608 virtute
3646 1572 3723 1610 ser-

2234 1662 2412 1705 vatum
2444 1661 2500 1705 et
2543 1648 2885 1702 custoditum
2937 1660 3113 1713 usque
3155 1648 3223 1697 ad
3266 1643 3634 1697 resurrectionis
3652 1660 3722 1698 sua

2236 1751 2462 1808 tempus.
2492 1739 2643 1804 Quod
2675 1745 2864 1790 autem
2911 1736 3230 1802 ubicunque
3280 1733 3435 1786 fuerit
3460 1732 3721 1796 restituatur,

2239 1833 2290 1884 id
2335 1840 2418 1884 est
2452 1829 2563 1900 (42)
2617 1830 2683 1882 ab
2717 1828 2874 1882 omni
2930 1831 2985 1880 in
3020 1841 3128 1894 quo
3167 1824 3398 1890 jacuerit
3441 1824 3562 1887 loco,
3603 1825 3654 1876 ita
3673 1826 3723 1876 ait

608 1927 738 1978 Cum
778 1926 918 1979 enim
964 1923 1244 1980 manifeste
1274 1924 1593 1978 ostendisset
1644 1925 1764 1992 quia
1808 1927 1998 1985 mortui
2051 1940 2134 1978 re-
2167 1918 2206 1969 B
2235 1919 2468 1974 Joannes
2492 1919 2542 1971 in
2569 1917 2934 1971 Revelatione
2958 1930 3056 1969 sua
3093 1932 3106 1968 :
3135 1912 3204 1965 Et
3241 1913 3458 1967 reddidit
3486 1928 3606 1964 mare
3636 1929 3723 1964 mor-

612 2023 856 2084 surgunt,
888 2024 939 2068 et
973 2023 1173 2068 certum
1206 2024 1346 2067 esset
1372 2014 1510 2081 quod
1541 2013 1783 2066 Salvator
1808 2024 1987 2068 noster
2017 2030 2134 2069 cum

607 2104 726 2172 ipso
757 2119 978 2172 corpore
1013 2095 1303 2157 resurrexit
1336 2104 1475 2170 quod
1511 2112 1816 2172 susceperat
1847 2119 1912 2157 ex
1950 2103 2132 2165 Maria,

610 2209 714 2248 non
748 2205 920 2248 autem
953 2195 1084 2247 satis
1113 2194 1310 2247 clarum
1344 2202 1484 2247 esset
1513 2195 1776 2260 quomodo
1809 2205 2137 2248 resurrectu-

609 2281 654 2334 ri
678 2291 854 2335 essent
876 2282 1072 2344 caeteri,
1097 2279 1177 2333 vel
1207 2279 1360 2348 quale
1389 2295 1582 2348 corpus
1611 2282 1837 2335 habituri
1873 2299 1883 2332 :
1919 2296 2136 2350 compa-

611 2379 699 2424 rat
746 2371 1188 2424 resurrectionem
1224 2371 1515 2425 seminibus
1566 2387 1680 2438 quae
1716 2373 2045 2425 seminantur
2085 2373 2138 2425 in

615 2467 836 2523 terram,
865 2470 1072 2528 utputa,
1105 2475 1268 2527 grano
1305 2461 1580 2524 frumenti,
1625 2463 1760 2528 quod
1788 2477 1904 2514 cum
1932 2464 2138 2516 cecide-

615 2549 687 2602 rit
715 2547 768 2600 in
795 2557 1008 2612 terram,
1050 2549 1405 2616 corrumpitur
1436 2566 1450 2601 :
1482 2549 1573 2602 sed
1625 2549 1840 2602 rationis
1868 2549 2007 2603 illius
2034 2552 2141 2603 vir-

531 2623 542 2633 ’
615 2643 701 2688 tus
724 2633 832 2703 (58)
857 2649 970 2702 quae
999 2643 1080 2688 est
1117 2634 1274 2688 insita
1319 2636 1371 2688 in
1405 2635 1740 2688 interioribus
1787 2635 1901 2704 ejus
1937 2637 2139 2689 medul-

615 2721 702 2786 lis,
755 2723 866 2791 ipsa
896 2724 1116 2777 rationis
1141 2725 1310 2778 virtus
1343 2732 1610 2793 assumpta
1660 2724 1988 2793 adjacentem
2039 2727 2140 2780 sibi

614 2821 834 2877 terram,
867 2812 948 2866 vel
997 2827 1143 2881 aqua:
1172 2815 1470 2878 humorem,
1521 2815 1612 2868 sed
1646 2823 1698 2868 et
1731 2814 1869 2867 aeris
1909 2813 2142 2867 circum-

617 2911 844 2956 stantem
900 2903 1241 2971 temperiem,
1301 2904 1491 2959 caloris
1545 2918 1754 2972 quoque
1797 2900 2140 2959 sufﬁcientem

615 2995 878 3060 recipiens
923 2993 1182 3058 fomitem,
1211 2995 1317 3062 (59)
1349 3009 1442 3061 per
1470 2995 1696 3048 divinam
1747 2997 2034 3061 potentiam
2089 2998 2141 3050 in

618 3097 809 3152 corpus
834 3084 990 3138 culmi
1023 3086 1103 3137 vel
1139 3086 1295 3152 spica:
1320 3087 1628 3153 consurgit;
1677 3095 1730 3138 et
1763 3087 1862 3138 hoc
1888 3095 1970 3139 est
2003 3088 2144 3150 quod

619 3171 786 3225 dicit:
821 3169 895 3222 Tu
929 3173 1064 3240 quod
1094 3173 1313 3225 seminus
1359 3188 1457 3224 non
1507 3172 1810 3238 viuiﬁcatur,
1866 3173 1964 3224 nisi
1999 3174 2144 3240 prius

2237 2021 2350 2063 tuos
2381 2026 2506 2078 quos
2534 2008 2751 2061 Itabebat
2785 2007 2844 2059 in
2892 2023 2973 2070 se,
3019 2016 3070 2058 et
3114 2021 3255 2057 mors
3281 2013 3326 2057 et
3353 2003 3535 2070 inferas
3556 2002 3723 2055 reddide-

2240 2111 2357 2153 runt
2387 2110 2619 2152 mortuos
2644 2114 2766 2151 suos
2792 2098 2886 2166 qui
2917 2105 3071 2150 erant
3105 2096 3161 2148 in
3186 2095 3259 2148 eis
3293 2094 3358 2149 ³⁵.
3382 2092 3525 2147 Forte
3549 2093 3670 2157 enim,
3686 2102 3723 2145 ut

2235 2203 2330 2258 ego
2372 2198 2518 2256 puto,
2568 2202 2721 2240 mare
2762 2186 2858 2240 hic
2903 2200 3002 2253 pro
3035 2185 3260 2238 humido
3311 2184 3449 2236 omni
3477 2183 3722 2251 appellatum

2236 2288 2319 2332 est
2341 2278 2631 2340 elemento;
2687 2277 2803 2345 (45)
2857 2274 3020 2328 inferi
3073 2284 3254 2328 autem
3301 2287 3396 2342 pro
3437 2287 3574 2336 aere;
3624 2285 3722 2324 mors

2236 2381 2363 2420 vero
2389 2380 2485 2432 pro
2513 2375 2681 2418 terra.
2721 2365 2894 2430 Quasi
2937 2363 3232 2432 quamdam
3270 2375 3491 2430 namque
3525 2361 3724 2426 cognatio-

2241 2470 2357 2510 nem
2389 2457 2472 2510 his
2526 2455 2664 2508 inter
2697 2468 2757 2508 se
2802 2454 3043 2508 invicem
3093 2452 3430 2517 habentibus,
3473 2464 3631 2517 corpus
3662 2464 3722 2502 no-

2238 2556 2404 2600 Strum
2458 2547 2722 2614 pulverem
2769 2546 2958 2598 mortis
2987 2545 3031 2575 ³⁷
3067 2553 3226 2598 vocat
3268 2543 3543 2610 Scriptura,
3574 2541 3636 2592 vel
3655 2550 3722 2591 ter-

2241 2653 2352 2688 ram
2393 2637 2460 2699 ³⁸,
2514 2637 2600 2690 vel
2650 2653 2844 2704 corpus
2897 2637 3088 2689 mortis
3119 2635 3185 2689 ³⁸.
3240 2633 3378 2688 Sane
3429 2631 3578 2700 qualis
3615 2629 3721 2682 fuerit

2243 2728 2659 2796 uniuscujusque
2692 2727 3040 2796 praeparatio'
3069 2727 3124 2779 in
3164 2725 3267 2780 hac
3302 2727 3425 2791 vita,
3465 2723 3567 2776 talis
3600 2721 3674 2773 erit
3691 2728 3722 2770 et

2244 2807 2571 2870 resurrectio
2618 2816 2754 2885 ejus.
2794 2816 2901 2882 Qui
2929 2817 3044 2885 (44)
3077 2816 3288 2868 beatius
3335 2814 3418 2867 hic
3442 2809 3619 2871 vixerit,
3647 2821 3722 2860 cor-

2243 2923 2342 2975 pus
2366 2907 2482 2975 ejus
2533 2909 2585 2961 in
2638 2909 3053 2962 resurrectione
3087 2906 3352 2961 diviniore
3397 2901 3637 2969 splendore
3659 2893 3720 2948 lul-

2245 2999 2406 3066 gebit,
2443 3009 2496 3052 et
2531 3008 2651 3068 apta
2691 3000 2738 3051 ei
2776 3000 2995 3053 mansio
3041 2999 3325 3052 beatorum
3376 2993 3603 3046 tribuetur
3628 2987 3722 3038 Iom-

2248 3103 2385 3142 rum.
2425 3087 2557 3140 Huic
2591 3102 2714 3140 vero
2754 3088 2852 3156 qui
2892 3089 2946 3140 in
2991 3086 3199 3139 malitia
3248 3079 3556 3146 consumpsit
3581 3085 3722 3140 tempus

2247 3179 2345 3231 sibi
2379 3179 2500 3230 vitae
2546 3178 2835 3245 praesentis
2890 3177 3184 3238 indultum,
3229 3173 3332 3226 tale
3377 3168 3564 3222 dabitur
3592 3173 3721 3227 corpus

617 3262 874 3316 moriatur
901 3237 991 3318 :et
1019 3264 1153 3331 quod
1195 3263 1437 3325 seminus,
1468 3277 1566 3313 non
1605 3237 1786 3327 corpus
1834 3265 1968 3329 quod
1999 3237 2145 3330 ‘futu-
2172 3237 2214 3292 ο
2250 3269 2388 3336 quod
2415 3237 2659 3322 suﬂicere
2693 3275 2747 3320 et
2775 3268 3079 3335 perdurare
3111 3263 3222 3334 (45)
3259 3256 3589 3316 tantummodo
3611 3249 3723 3322 possit

619 3369 736 3408 rum
772 3362 843 3404 est
871 3353 1111 3404 seminus.
1162 3351 1300 3419 Ergo
1351 3352 1447 3404 hoc
1477 3349 1585 3418 (ίο)
1622 3350 1758 3416 quod
1803 3352 1944 3404 cadit
1984 3362 2040 3404 ut
2065 3368 2147 3406 se-

622 3457 742 3496 men
783 3441 835 3494 in
870 3451 1065 3495 terram
1114 3455 1306 3508 corpus
1359 3448 1621 3502 nostrum,
1668 3451 2028 3507 comparatum
2067 3454 2148 3499 est

621 3545 786 3601 grano
813 3529 1078 3584 frumenti.
1119 3547 1137 3580 ι

692 3620 1010 3673 Psurmws.
1042 3621 1107 3672 Et
1137 3620 1352 3674 assertis
1380 3620 1463 3674 his
1496 3634 1588 3687 per
1630 3619 1987 3687 hujuscemodi
2022 3639 2149 3678 con-

625 3710 976 3776 sequentiam,
1005 3719 1121 3778 post
1150 3725 1315 3776 pauca
1350 3710 1496 3762 addit
1525 3710 1682 3764 etiam
1713 3710 1845 3763 haec.

693 3799 976 3855 ORIGENES.
1012 3818 1030 3850 ι
1067 3799 1212 3865 Quod
1258 3810 1432 3853 autem
1477 3801 1648 3853 omnis
1676 3801 1763 3853 illa
1817 3806 2152 3869 repromissio

625 3891 1032 3950 resurrectionis
1063 3899 1388 3944 mortuorum
1431 3890 1497 3943 de
1535 3890 1638 3943 hoc
1669 3905 1890 3958 corpore
1919 3893 1988 3946 sit
2013 3896 2152 3960 quod

624 3986 889 4033 mortuum
917 3978 1250 4048 relinquitur,
1279 3987 1476 4033 sancta:
1511 3978 1796 4047 Scriptura:
1827 3981 2004 4035 multis
2038 3999 2154 4037 mo—

695 4089 742 4122 “
773 4089 794 4142 Ι
819 4090 940 4144 Cor.
972 4107 1062 4154 xv,
1091 4091 1272 4146 55-58.

625 4173 705 4224 ut,
733 4159 818 4213 19.
894 4161 936 4191 ³³
961 4159 1114 4214 Rom.
1148 4176 1238 4226 vn,
1264 4160 1355 4216 24.
1429 4161 1471 4192 ⁸ο
1502 4162 1518 4214 l
1549 4160 1670 4214 Cor.
1705 4176 1792 4224 xv,
1823 4160 1911 4215 59.

698 4270 808 4339 (56)
852 4273 1011 4338 Editi,
1054 4273 1179 4327 Post
1211 4275 1537 4328 assertionem
1580 4275 1712 4326 enim
1769 4273 2156 4326 resurrectionis

625 4349 965 4410 mortuorum,
1006 4359 1121 4394 cum
1144 4345 1508 4410 praposuisset,
1535 4353 1637 4395 etc.
1677 4341 1872 4396 Omnes
1906 4356 2033 4394 mss.
2061 4357 2155 4393 no-

629 4407 1004 4480 striomittunt
1029 4407 1184 4473 enim,
1216 4407 1334 4480 post
1371 4412 1744 4464 assertionem:
1785 4413 1875 4480 sed
1901 4425 2020 4480 mort
2053 4425 2152 4480 ms.
2211 4456 2245 4477 .,

631 4475 956 4544 Sorbonicus
995 4479 1171 4541 habet,
1216 4475 1369 4532 'Nam
1411 4496 1523 4531 cum
1567 4479 1931 4544 proposuisset.
1977 4478 2155 4531 Codex

1347 4093 1388 4123 ³⁸
1409 4091 1610 4145 Coloss.
1643 4109 1676 4151 r,
1710 4090 1773 4144 18
1796 4108 1809 4156 ;
1836 4092 2056 4156 Apocal.
2094 4111 2131 4160 ι,
2162 4097 2216 4151 5.

2251 3359 2303 3412 in
2333 3357 2521 3426 poenis.
2573 3357 2641 3410 Et
2684 3358 2928 3411 arbitror
2980 3357 3124 3424 quod
3159 3355 3299 3407 hanc
3337 3346 3636 3404 dillerentiam
3665 3355 3723 3391 vo-

2251 3449 2364 3501 lens
2409 3449 2696 3502 ostendere
2745 3447 2950 3501 Paulus
2990 3445 3300 3514 apostolus,
3343 3441 3461 3494 dicit
3489 3455 3499 3488 :
3527 3436 3620 3487 Alia
3644 3444 3721 3483 cara

2254 3537 2579 3599 animalium,
2615 3537 2720 3588 alia
2750 3537 3050 3598 volucrum,
3083 3535 3191 3586 alia
3213 3531 3421 3599 piscium
3443 3527 3502 3588 ⁸ο,
3525 3531 3569 3577 el
3591 3527 3721 3573 ειειεῐῖί

2249 3643 2366 3695 quae
2395 3627 2728 3680 enumeravit
2773 3626 3093 3693 Apostolus.
3147 3623 3251 3678 Sed
3296 3621 3426 3675 sicut
3455 3629 3544 3668 non
3578 3617 3638 3664 est
3661 3619 3722 3672 pll-

2250 3717 2468 3770 tandum
2502 3717 2641 3783 quod
2670 3717 2993 3770 animalium
3027 3729 3224 3782 corpus
3255 3718 3546 3777 accepturus
3569 3701 3622 3755 sit
3643 3708 3721 3764 ρες-

2252 3817 2420 3867 cator,
2451 3804 2564 3873 (46)
2601 3814 2694 3858 aut
2741 3806 3008 3868 volucris,
3061 3814 3154 3856 aut
3204 3801 3453 3871 piscium;
3501 3794 3567 3847 sic
3607 3795 3721 3881 nell“.e

2255 3896 2405 3958 solis,
2435 3905 2525 3948 aut
2557 3896 2717 3957 lunae,
2761 3907 2859 3950 aut
2887 3895 3172 3950 stellarum
3223 3887 3523 3960 sperandum
3548 3890 3611 3934 est
3632 3889 3720 3970 acet:

2253 4000 2384 4053 pere
2411 4000 2502 4039 eos
2545 3985 2634 4054 qui
2681 3995 2978 4051 resurgunt
3029 3987 3083 4038 in
3136 3984 3395 4049 gloriam:
3448 3974 3529 4028 sed
3559 3961 3718 4029 exemit“

2307 4097 2715 4166 "Apucal.xx,
2777 4099 2868 4152 15.
2985 4097 3028 4130 ³⁷
3078 4096 3220 4151 Psal.
3277 4086 3506 4156 “1,16.
3585 4075 3718 4129 "Gen.

2262 4288 2350 4340 per
2411 4272 2710 4344 hujusrnodi
2756 4283 3217 4344 consequentiam,
3241 4280 3350 4338 post
3399 4280 3547 4344 pauca
3580 4248 3721 4312 uddidi‘

2255 4345 2406 4394 etiam
2435 4345 2563 4392 lia’c.
2594 4341 2700 4395 Sed
2733 4341 3088 4398 omnes'mss.
3125 4352 3178 4393 ut
3206 4341 3256 4394 in
3285 4348 3443 4391 textu.
3512 4341 3518 4348 '
3638 4395 3647 4405 .

2327 4409 2436 4479 (Μ)
2471 4410 2542 4461 Ita
2575 4426 2704 4461 mss.
2739 4414 2937 4464 nostri.
2967 4413 3109 4464 Editi
3141 4425 3267 4463 vero
3295 4416 3566 4477 perperam,
3598 4407 3720 4479 “"9";

2257 4482 2300 4531 si
2334 4471 2634 4549 corruptum
2669 4479 2828 4546 fuerit
2867 4497 3030 4549 genus
3059 4471 3339 4532 humanum
3367 4471 3423 4530 .I.
3445 4471 3718 4524 conservatum

626 4541 992 4616 vallis-Clara:
1015 4586 1029 4609 ,
1063 4547 1162 4613 Qui
1221 4566 1335 4600 cum
1382 4541 1764 4616 proposuisset;
1798 4546 1972 4616 calori
2024 4560 2150 4599 mss.
2185 4545 2300 4616 σει
2329 4541 2678 4616 custoditum,
2707 4561 2813 4601 etc.

629 4613 880 4674 omittunt
912 4613 1070 4676 Nam,
1101 4616 1179 4668 vel
1211 4617 1332 4679 Qui.
1362 4613 1556 4670 Deinde
1579 4631 1706 4669 mss.
1739 4615 2060 4668 Sorbouicus
2103 4625 2155 4668 et

629 4679 903 4752 Montier.
935 4681 1224 4746 Michaelis,
1269 4685 1368 4738 Sed
1392 4688 1524 4738 dicet
1556 4685 1761 4752 aliquis.
1792 4683 1977 4738 Crateri
2008 4698 2152 4751 vero,

630 4758 686 4806 et
715 4750 841 4802 editi
869 4752 998 4802 utin
1029 4761 1193 4803 textu.

703 4817 928 4891 (57)_lta
972 4835 1096 4891 ms‘s.
1131 4821 1365 4891 plerique
1395 4840 1406 4873 :
1435 4830 1488 4875 et
1533 4821 1602 4874 ita
1647 4822 1923 4891 legendum
1947 4821 2158 4875 videtur

627 4887 780 4960 juxta
802 4885 1013 4960 Graecos
1037 4885 1318 4960 Scriptura:
1344 4905 1508 4960 sacrae
1533 4885 1762 4953 codices,
1789 4905 2012 4960 quorum
2045 4891 2156 4957 ple-

631 4955 788 5023 rique
817 4955 1007 5025 habent
1036 4955 1279 5025 ἠθέλησε,
1334 4957 1519 5012 Czeteri
1546 4975 1673 5014 mss.
1715 4970 1769 5012 et
1795 4955 1918 5012 editi
1946 4977 1959 5022 ;
2007 4955 2158 5025 prout

633 5022 762 5086 uult,
794 5023 862 5076 al.
892 5022 1072 5077 Graece
1099 5022 1254 5077 θέλὲι.
1289 5025 1406 5080 Mox
1453 5029 1612 5093 editi,
1647 5028 1775 5082 Cum
1813 5030 1947 5079 enim
1990 5022 2158 5078 mani-

635 5093 973 5164 (artissime...
999 5104 1043 5145 et
1069 5103 1409 5164 certumesset
1439 5099 1628 5164 quia...
1659 5114 1771 5154 cum
1818 5099 1926 5162 ipso
1953 5111 2160 5162 corpore

633 5163 1014 5226 resurrexisset,
1043 5173 1144 5216 etc.
1177 5162 1277 5216 Sed
1306 5162 1489 5219 omnes
1520 5183 1647 5220 mss.
1674 5177 1730 5221 ut
1757 5165 1809 5218 in
1844 5173 2011 5217 textu.

702 5229 814 5301 (58)
851 5229 998 5296 Qum,
1038 5232 1299 5285 omittitur
1347 5235 1398 5286 in
1447 5236 1624 5300 editis,
1671 5246 1723 5290 et
1772 5234 2064 5289 restituitur
2097 5248 2162 5287 ex

630 5301 878 5354 Omnibus
909 5315 1034 5354 mss.

700 5367 812 5488 (59)
853 5369 1012 5432 Editi,
1066 5386 1157 5437 per
1205 5370 1428 5423 divinam
1477 5372 1757 5440 potentiam
1811 5381 2166 5438 cooperantem

719 5439 890 5488 mivel
920 5440 1072 5488 svicm
1100 5450 1430 5488 consumunt.
1476 5441 1571 5488 Ms.
1615 5439 1842 5488 Regius.
1898 5455 1988 5488 per
2036 5441 2166 5488 divi-

632 5439 789 5497 culmi
813 5439 890 5490 vel
920 5440 1072 5505 spica:
1100 5450 1430 5508 consurgunt.
1476 5439 1571 5492 Ms.
1615 5439 1842 5509 Regius,
1898 5455 1988 5506 per
2036 5441 2167 5491 divi-

633 5522 754 5576 num
778 5510 1054 5575 potentiam
1083 5511 1441 5576 corpusculum
1468 5513 1545 5560 vel
1569 5509 1721 5572 spica:
1747 5509 2026 5575 consurgit.
2056 5509 2168 5561 Ca3-

635 5575 732 5627 teri
762 5591 890 5628 mss.
920 5589 1065 5630 recte
1091 5586 1147 5629 ut
1172 5575 1232 5629 in
1273 5587 1452 5628 nostro
1487 5585 1651 5629 testu.

643 5707 654 5718 θ
703 5643 814 5710 (40)
848 5645 936 5697 Sic
968 5661 1068 5698 ms.
1115 5660 1268 5697 unus.
1306 5645 1503 5718 Caneri
1532 5658 1658 5718 vero
1687 5661 1838 5718 m_ss.,
1865 5645 2002 5718 quod
2026 5645 2166 5696 cadit

637 5713 694 5770 in
717 5727 887 5768 semen
913 5729 1095 5781 corpus
1127 5726 1377 5766 nostrum.
1410 5713 1573 5775 Editi,
1607 5715 1744 5778 quod
1793 5717 1926 5766 cadit
1957 5716 2009 5765 in
2065 5723 2168 5765 ter-

641 5790 748 5835 ram
771 5794 951 5854 corpus
1003 5791 1257 5838 nostrum.
1308 5781 1503 5837 Deinde
1556 5782 1702 5847 editi,
1762 5781 1826 5836 Et
1857 5783 2063 5838 assertis
2089 5783 2166 5842 his

2327 4615 2434 4688 (42)
2483 4600 2668 4688 Etim;
2723 4600 2787 4669 alt
2840 4621 2981 4674 omni
3031 4619 3144 4671 loco
3191 4617 3242 4669 in
3287 4621 3561 4683 quocunque
3597 4600 3717 4668 [utril-

2258 4683 2382 4738 Mss.
2417 4683 2472 4736 iit
2501 4685 2551 4736 in
2579 4695 2747 4740 textu.

2328 4754 2439 4824 (45)
2478 4754 2767 4820 Perperam
2815 4755 2971 4819 editi,
3023 4756 3256 4822 infernus
3307 4759 3463 4824 autem
3501 4746 3712 4824 proﬂuit;

2257 4811 2394 4892 mors
2421 4811 2537 4874 itero
2583 4811 2675 4888 pro
2721 4831 2864 4892 terra
2892 4844 2908 4877 :
2943 4811 3095 4892 quasi
3142 4821 3410 4892 quamdam
3446 4811 3713 4892 cogdallfff'f'

2261 4891 2357 4961 [ah
2386 4871 2772 4961 cogitationem]
2820 4895 2904 4945 liis
2944 4871 3088 4945 inter
3123 4871 3176 4945 se
3229 4891 3434 4961 instigent
3474 4871 3711 4961 habenti-lilii-

2260 4947 2612 5024 Corpus'euim
2643 4947 2906 5024 pulverem
2953 4962 3160 5027 mortis,
3208 4968 3309 5013 etc.
3339 4955 3436 5009 Sed
3458 4957 3608 5005 ouiues
3629 4947 3713 4989 mss.

2262 5031 2427 5082 nostri
2465 5038 2520 5098 ut
2538 5028 2612 5098 (in,
2635 5037 2804 5098 testu.
3506 5087 3516 5098 ,
3576 5083 3698 5098 ____,,

2263 5165 2289 5217 ὁ
2331 5098 2440 5177 (4.5)
2477 5096 2640 5161 Editi,
2692 5097 2900 5154 beatus.
2951 5099 3138 5152 Melius
3181 5111 3308 5156 mss.
3367 5087 3518 5144 nostri
3567 5086 3712 5135 omnes,

2295 5178 2475 5217 eatms.
3630 5213 3637 5217 _
3685 5207 3692 5216 ,

2295 5178 2475 5218 cattus.
3630 5213 3651 5223 ..
3685 5207 3692 5216 ο

2334 5236 2441 5304 (45)
2471 5235 2852 5289 Tantummodo
2892 5237 3160 5292 omittitur
3190 5238 3240 5291 in
3286 5230 3449 5293 editis,
3476 5234 3519 5278 et
3543 5221 3712 5273 restitui.

2265 5316 2351 5358 tur
2371 5320 2434 5355 ex
2461 5320 2587 5356 mss.
3534 5359 3544 5370 ι

2334 5373 2444 5459 (46)
2481 5374 2642 5459 Etliti,
2668 5383 2759 5425 aut
2799 5379 3089 5459 volucrum,
3131 5355 3712 5459 autfpisciurn

2266 5421 2532 5505 solis/aut
2577 5421 2735 5503 (una,
2770 5457 2862 5496 aut
2905 5421 3174 5500 stellarum
3223 5421 3428 5511 [orntum
3474 5421 3708 5511 εμςνηζιξίξίξ

2267 5522 2338 5585 est
2365 5492 2704 5585 accipereeos
2725 5492 2825 5578 qui
2871 5526 3133 5585 resurgent
3169 5492 3232 5585 ini
3254 5508 3408 5585 gloria
3436 5517 3452 5554 :

2267 5579 2338 5645 pli
2384 5563 2540 5658 causa
2585 5583 2722 5632 dicta
2746 5563 3414 5668 Ἱίωεηᾶὸτᾶᾏρνρδιοιοίι(εις.
3465 5563 3702 5668 Ξῗὲῐεὲηιῗέξ

2270 5634 2399 5731 ipss.
2432 5659 2488 5701 ut
2527 5649 2579 5701 in
2605 5660 2986 5731 nostrotextu,
3030 5634 3296 5731 nisiquod
3347 5657 3440 5718 ms.

2271 5700 2554 5779 beat,raut
2603 5700 3212 5788 satisiuﬁ'sﬂrdiia'mit
3235 5700 3305 5768 est
3344 5708 3539 5776 accipere
3561 5700 3663 5751 εοείὸ

2273 5789 2660 5842 resurrectionis
2685 5789 2904 5858 gloriam
2936 5791 3219 5846 attendunt.
