3846 6404
605 455 706 534 599

605 578 896 621 mansuram
943 562 1098 616 etiam
1145 563 1196 616 in
1238 561 1322 616 fu-

602 666 737 720 turo,
764 653 987 721 plurima
1023 662 1193 706 tamen
1228 654 1324 706 im-

598 744 884 799 mutatione
940 743 991 796 in
1030 743 1219 797 melius
1271 753 1324 797 et

597 833 871 902 gloriosius
899 833 1051 886 facta.
1095 832 1322 888 Necesse

591 933 672 980 est
697 925 834 978 enim
861 927 1090 979 animam
1107 927 1159 980 in
1190 928 1320 982 locis

591 1020 863 1087 corporeis
885 1020 1212 1074 habitantem
1243 1022 1318 1074 uti

590 1109 903 1176 corporibus
963 1109 1153 1163 talibus
1204 1124 1320 1177 quae

589 1209 708 1270 apta
720 1201 918 1256 sinthis
930 1201 1055 1256 locis
1069 1204 1117 1255 in
1132 1203 1318 1271 quibus

589 1290 752 1360 degit.
773 1291 836 1344 Et
863 1292 1176 1353 sicut,verbi
1203 1307 1320 1346 cau~

588 1395 669 1443 sa,
702 1382 744 1434 si
778 1381 828 1434 in
856 1383 1008 1449 aquis
1038 1384 1195 1436 maris
1225 1398 1319 1437 nos

587 1470 848 1536 habitare,
883 1472 963 1526 vel
999 1475 1186 1540 degere
1221 1489 1314 1541 po-

586 1571 796 1626 sceret,
846 1558 972 1615 sine
1015 1562 1170 1616 dubio
1221 1579 1317 1633 pro

587 1650 870 1705 habitaculi
923 1654 1173 1720 qualitate
1226 1671 1318 1709 ne-

587 1743 876 1795 cessarium
929 1745 1191 1798 videretur
1217 1745 1313 1796 ha-

587 1833 714 1887 ltere
760 1834 914 1889 talent
945 1838 1182 1903 corporis
1213 1846 1314 1890 sta-

585 1930 716 1987 tum,
749 1932 802 1977 et
847 1926 1274 1994 compositionem
1293 1965 1308 1989 ,

584 2015 790 2080 qualem
845 2015 1038 2069 habent
1073 2015 1156 2068 illa
1201 2017 1311 2068 ani-

583 2101 739 2154 malia
789 2117 905 2170 quae
950 2104 1000 2156 in
1049 2105 1198 2172 aquis
1230 2106 1311 2158 vi-

581 2203 747 2248 vunt:
783 2197 850 2248 ita
881 2212 1017 2250 nunc
1053 2211 1170 2250 cum
1204 2212 1308 2251 ete-

581 2284 750 2339 lorum
790 2286 1144 2340 habitaculum
1191 2303 1314 2356 pro-

583 2383 841 2449 mittatur,
860 2388 1146 2440 secundum
1168 2386 1309 2442 loco-

1754 455 1809 512 S.
1849 457 1889 510 P
1895 457 1985 513 AM
1991 455 2164 508 PHILI
2205 452 2549 510 MARTYRIS
3645 469 3721 525 600

1408 565 1715 634 Ἀναγκαῖον
1728 567 1798 635 γὰ
1804 585 1834 638 ρ
1849 567 1942 638 τὴν
1955 567 2093 636 ψυχὴ

2295 566 2576 622 Οιιιοεκεε.
2599 567 2714 637 (55)
2757 583 2777 617 ι
2805 567 3073 621 Dominus
3104 564 3260 623 Iesus
3278 568 3508 630 Christus
3543 578 3639 636 hac
3662 586 3723 640 (ῃ.

1394 661 1449 710 ὲν
1475 659 1654 722 τόποις
1682 665 2001 730 σωματικοῖς
2024 663 2123 712 ὑπ-

1394 750 1555 821 άρχου
1565 768 1658 802 σαν
1684 791 1698 814 ,
1831 753 1998 822 κεχρῆ
2007 752 2124 804 σθαι

1395 840 1601 911 σώμασι
1634 843 1978 913 καταλλήλοις
2016 847 2125 908 τοῖς

1388 935 1580 998 τόποις.
1612 938 1717 989 Καὶ
1746 937 1926 1009 ὥσπερ
1955 941 2009 991 ἐν
2034 939 2125 992 θα-

1387 1027 1552 1098 λάσσῃ
1586 1028 1680 1099 ζῇν
1700 1032 1852 1099 ,ἡμᾶς
1878 1030 2124 1100 ἐνύδρους

1387 1117 1700 1187 γενομένους
1723 1123 1768 1172 εἰ
1785 1121 1966 1190 ἐχρῆν,
1994 1121 2122 1173 πάν-

1385 1222 1490 1267 τως
1521 1205 1584 1258 ἂν
1617 1206 1718 1259 ἔδει
1747 1209 2122 1278 παραπλησίαν

1387 1297 1525 1366 ἔχειν
1539 1300 1628 1350 καὶ
1642 1299 1737 1368 τὴν
1750 1299 1909 1368 ἄλλην
1931 1298 2122 1368 ἰχθύων

1387 1393 1739 1444 κατάστασιν
1785 1392 1952 1456 οὕτως
1995 1391 2120 1462 μὲλ-

1387 1481 1571 1544 λοντας
1599 1482 1943 1552 κληρονομεῖν
1973 1482 2121 1551 βασι-

1386 1573 1529 1626 λείαν
1557 1573 1814 1642 οὐρανῶν,
1834 1575 1924 1627 καὶ
1952 1576 2008 1627 ὲν
2037 1575 2121 1626 τό·

1386 1682 1503 1727 ποις
1526 1665 1861 1734 διαφέρουσιν
1887 1664 2117 1728 ἔσεσθαι,

1383 1755 1668 1822 ἀναγκαῖον
1692 1755 1792 1824 χρῆ
1802 1754 1916 1807 σθαι
1940 1754 2121 1824 σώμα-

1385 1862 1434 1897 σι
1467 1849 1862 1915 πνευματικοῖς,
1888 1845 2003 1913 οὐχὶ
2028 1846 2116 1898 τοῦ

1382 1935 1549 1997 εἴδους
1574 1934 1662 1986 τοῦ
1697 1933 1953 2003 προτέρου
1976 1935 2114 2002 ἀφα-

1383 2026 1673 2096 νιζομένου,
1707 2025 1808 2077 κᾶν
1835 2026 1923 2076 ἐπὶ
1954 2026 2011 2077 τὸ
2032 2027 2114 2079 ὲν-

1381 2118 1647 2187 δοξότερον
1666 2115 1880 2184 γένηται
1907 2115 2110 2187 αὐτοῦὴ

1379 2202 1852 2278 τροπή.”Ωσπερῆν
1868 2207 1926 2258 τὸ
1943 2207 2010 2277 ’1η
2020 2207 2109 2260 cui}

1382 2295 1550 2361 εἶδος,
1587 2300 1678 2350 καὶ¹
1716 2297 1986 2359 Μωῦσέως
2019 2298 2111 2350 καὶ

1391 2389 1586 2451 Ἠλίου,
1615 2391 1709 2457 οὐχ
1739 2387 1918 2458 ἕτερον
1951 2389 2006 2439 ἐν
2044 2391 2106 2459 τῇ

578 2489 697 2528 rum
727 2476 944 2545 gloriam
984 2492 1310 2547 consequens
1382 2477 1810 2549 μεταμορφώσει,
1833 2478 1994 2548 παρ’ὃ
2020 2473 2104 2548 ἦν.

578 2574 661 2620 est
699 2567 953 2634 aptandas
994 2583 1113 2622 esse
1157 2571 1313 2622 etiam
1343 2584 1616 2637 corporum
1649 2570 1953 2637 qualitates.
2001 2567 2107 2622 Nec

580 2654 699 2709 ideo
739 2665 912 2711 tamen
941 2643 1092 2726 prior
1124 2657 1236 2712 haec
1269 2659 1472 2726 species
1503 2659 1964 2723 exterminabitur,
1988 2659 2107 2712 licet

577 2742 860 2811 gloriosior
889 2743 1002 2812 ejus
1035 2744 1219 2800 eliecta
1265 2747 1334 2800 sit
1382 2747 1726 2814 permutatio.
1768 2746 1918 2800 Sicut
1964 2747 2104 2800 enim

576 2832 742 2902 ipsius
767 2834 971 2888 Domini
1003 2834 1154 2900 Jesu,
1183 2836 1262 2890 vel
1290 2837 1476 2908 Moysi,
1502 2837 1584 2892 vel
1605 2837 1730 2891 Elim
1763 2837 1966 2906 species
1993 2835 2102 2909 (54)

576 2938 679 2976 non
707 2932 819 2976 erat
841 2925 941 2978 alia
967 2925 1018 2978 in
1059 2928 1542 2993 trsnsformatione,
1584 2943 1738 2996 quam
1776 2927 1949 2980 fuerat
1981 2937 2104 2981 ante

577 3013 1121 3079 trausformationem,
1151 3017 1222 3070 ita
1254 3033 1356 3072 non
1381 3019 1483 3071 erit
1519 3018 1622 3071 alia
1655 3025 1958 3072 sanctorum
1986 3031 2104 3086 spe-

575 3103 700 3170 cies,
732 3104 938 3160 etiamsi
991 3107 1157 3162 multo
1195 3108 1474 3178 gloriosior
1506 3108 1616 3161 ﬁat.
1651 3126 1671 3161 s

1119 3261 1364 3302 INTEBPB.
1396 3262 1552 3302 NOVA.

645 3352 718 3428 ᾼο
741 3351 1167 3428 quemadmodum
1213 3356 1538 3428 species_ipsa
1571 3355 1640 3428 at!
1668 3355 1905 3409 ultimum
1943 3374 2100 3428 usque

577 3420 753 3468 eadem
789 3427 884 3490 est,
907 3421 1005 3490 etsi
1033 3423 1208 3489 ingens
1240 3420 1569 3490 propriarum
1601 3423 1904 3490 formarum,
1952 3420 2100 3480 nota-

578 3501 791 3562 rumque
835 3488 1068 3562 videatur
1088 3488 1195 3562 esse
1218 3488 1488 3544 diversitas
1521 3488 1632 3544 :ita
1659 3500 1708 3544 et
1739 3494 1793 3544 in
1815 3488 1961 3546 eode
1999 3513 2098 3562 quo

577 3553 798 3630 agimus,
832 3555 1216 3631 intelligendum
1267 3568 1347 3631 est
1377 3570 1676 3627 prwsentem
1707 3564 1936 3626 corporis
1984 3553 2098 3631 spe-

575 3621 699 3692 ciem
740 3625 970 3692 eamdem
1001 3621 1107 3677 csse
1160 3642 1273 3677 cum
1321 3621 1498 3692 futura
1527 3645 1540 3680 :
1571 3645 1685 3680 cum
1716 3645 1772 3682 eo
1795 3621 2020 3691 tamen;
2043 3645 2096 3686 ut

573 3688 887 3762 incredibilis
913 3690 964 3743 in
983 3695 1163 3745 melius
1187 3696 1251 3746 sit
1279 3688 1459 3762 futura
1485 3698 1721 3749 mutatio.
1758 3688 1990 3753 Necesse
2023 3713 2096 3755 est

573 3756 708 3807 enim
739 3759 966 3826 animam
990 3766 1245 3826 corporeis
1275 3756 1327 3815 in
1355 3765 1481 3817 locis
1509 3764 1779 3818 haerentem
1821 3781 2094 3821 consenta-

574 3826 679 3875 neis
718 3825 813 3876 sibi
858 3827 934 3878 uti
985 3832 1306 3902 corporibus.
1327 3833 1500 3902 Atque
1528 3843 1583 3885 ut
1623 3836 1666 3886 si
1707 3836 1758 3886 in
1791 3839 2094 3902 aquatilium

573 3903 811 3944 naturam
840 3911 1106 3970 conversos
1132 3901 1286 3952 vitam
1319 3901 1534 3970 inmori
1562 3917 1651 3955 nos
1681 3901 1858 3970 degere
1889 3916 2091 3970 oporte-

573 3969 669 4022 ret,
690 3966 1033 4036 necessarium
1058 3968 1190 4033 {oret
1218 3985 1307 4022 nos
1333 3969 1440 4020 alia
1471 3966 2092 4036 corporum-constitutio-

571 4043 652 4088 ne,
670 4030 984 4107 pisciumque
1015 4030 1174 4088 simili
1195 4030 1567 4107 essepraeditos
1589 4054 1608 4101 ;
1650 4042 1719 4091 ita
1746 4043 1832 4107 qui
1853 4044 2092 4096 caelorum

569 4097 712 4170 regni
750 4097 1097 4154 hwreditatem
1124 4097 1478 4170 adituri'sunt,
1505 4125 1563 4159 ac
1587 4097 1794 4161 diversis
1812 4111 1863 4161 in
1887 4112 2092 4164 sedibus

569 4162 877 4230 habitaturi,
908 4171 1164 4241 spiritalia
1189 4191 1384 4241 quoque
1413 4162 1625 4240 corpora
1648 4178 1862 4230 habeant
1893 4162 2092 4232 necesse

567 4243 641 4311 fit
668 4251 685 4288 :
711 4251 808 4311 non
837 4238 971 4311 quod
989 4242 1143 4311 prior
1173 4238 1528 4310 castinguatur
1549 4245 1760 4311 species,
1803 4249 2004 4299 tametsi
2035 4251 2091 4301 in

566 4299 824 4380 illustrius
847 4299 1118 4380 quiddam
1149 4299 1540 4380 gloriosiusque
1573 4299 1837 4366 'mutet'ur.
1900 4299 2089 4377 Quem:

569 4369 842 4448 qdmodum
871 4369 1016 4437 Jesu,
1051 4393 1112 4448 ac
1139 4369 1355 4448 Ilioysis,
1393 4393 1438 4431 et
1455 4369 1588 4432 Elite
1622 4384 1811 4440 species
1842 4369 2089 4436 inut'rans-

567 4433 873 4499 formatione
902 4433 1131 4498 nou—alia
1181 4433 1484 4518 quamqua:
1510 4433 1658 4501 initio
1683 4433 1815 4514 erat,
1845 4433 2084 4506 exstitit.

634 4521 950 4582 Panrmws.
981 4529 1083 4585 Sed
1114 4544 1166 4588 et
1198 4539 1248 4590 in
1276 4539 1460 4606 quinto
1477 4538 1685 4592 decimo
1703 4539 1905 4606 psalmo
1926 4554 2090 4608 expo-

563 4623 696 4664 nens
745 4614 889 4670 illum
943 4623 1257 4680 versiculum
1297 4629 1560 4696 :lusuper
1586 4639 1632 4683 et
1663 4646 1789 4683 caro
1843 4647 1957 4685 mea
2004 4648 2088 4687 re-

563 4701 785 4767 quiescet
808 4706 860 4759 in
891 4724 976 4775 spe
1002 4712 1045 4743 ⁵¹
1081 4729 1092 4762 :
1128 4715 1190 4768 de
1214 4732 1374 4772 carne
1405 4718 1612 4772 Domini
1635 4721 1747 4775 huic
1772 4722 1876 4775 ait:

632 4847 674 4876 ⁵¹
701 4843 843 4928 ΡξξιΙο
885 4869 972 4921 xv,
1004 4855 1054 4911 9.
1158 4859 1202 4889 ⁵³
1234 4857 1298 4911 ιν
1334 4859 1464 4928 Reg.
1501 4877 1560 4928 tt,
1593 4862 1676 4917 il.

565 4929 719 4979 xvttt,
752 4918 804 4968 6.

633 5055 744 5125 (54)
766 5053 1246 5134 Μενεηβοιτὶιοίθηείβ
1274 5068 1325 5113 et
1349 5061 1545 5134 Regius
1569 5080 1845 5134 perperam
1872 5066 2086 5133 habent,

561 5139 664 5204 non
687 5134 799 5176 erat
831 5125 952 5204 tatis
981 5127 1037 5178 in
1060 5125 1533 5204 transformatioite,
1568 5125 1738 5204 qualis
1759 5137 1950 5202 fuerat,
1977 5125 2080 5190 etc:

561 5191 663 5244 Sed
689 5195 860 5246 caeteri
893 5209 1023 5248 mss.
1047 5205 1100 5248 et
1121 5191 1247 5250 editi
1272 5207 1413 5254 recte
1449 5191 1592 5256 ut'iti
1626 5191 1790 5257 textu.

761 5262 1143 5334 ιξξιροηιηιειιι.
1169 5265 1221 5318 in
1258 5269 1439 5334 psalm.
1476 5286 1564 5334 xv,
1591 5273 1642 5324 9.

628 5331 738 5408 (δῦ)
779 5331 936 5408 Editi,
956 5332 1103 5408 cujus
1133 5331 1295 5408 primo
1321 5353 1441 5390 caro
1472 5331 1710 5408 requievit
1744 5342 1796 5392 in
1825 5357 1928 5408 spe.
1953 5339 2087 5393 Cru-

556 5400 744 5473 ςὶίὶιιςιιε
766 5401 898 5452 enim
939 5403 1329 5473 primogenitus,
1359 5415 1462 5459 etc.
1507 5400 1609 5459 Sed
1649 5400 2001 5464 omnes'ntss.
2031 5421 2090 5463 ut

559 5466 624 5542 in
660 5479 841 5542 nostro
865 5466 1054 5542 _tei_tu.
1089 5466 1252 5528 Paulo
1278 5466 1396 5542 post
1427 5489 1555 5527 mss.
1594 5475 1916 5531 Sorbonicus
1945 5488 2000 5530 et
2026 5481 2084 5531 ὃ.

559 5531 829 5590 Michaelis
863 5538 915 5592 in
948 5539 1192 5597 Periculo
1222 5531 1388 5596 maris
1411 5581 1426 5604 ,
1456 5552 1500 5594 et
1525 5553 1632 5606 post
1663 5547 2084 5600 resurrectionem

559 5616 851 5676 assumptus
884 5609 939 5661 in
983 5612 1130 5666 ctelos
1177 5613 1438 5673 caelorum,
1483 5626 1650 5664 secum
1675 5625 1950 5676 terrenum,
1978 5625 2081 5670 etc.

563 5668 746 5746 tlzeteri
780 5689 905 5729 vero
933 5693 1058 5738 mss.
1083 5684 1281 5741 habent
1313 5668 1639 5746 simpliciter,
1668 5682 1723 5735 in
1749 5668 1950 5746 ctutum,
1977 5668 2080 5737 non

565 5741 615 5784 in
639 5741 802 5810 leuitas,
817 5745 1075 5810 caelorum.

631 5803 742 5876 (57)
772 5808 963 5875 Omnes
988 5803 1116 5887 mss.
1157 5821 1528 5886 ascendentem.
1567 5817 1723 5888 Editi,
1766 5819 2068 5875 ascendisse.

1775 4863 1820 4894 ⁸³
1862 4861 2052 4919 Genes.
2095 4882 2150 4931 ν,
2182 4865 2273 4921 24.

2223 659 2318 722 cit,
2345 659 2456 728 (56)
2482 659 2634 727 cujus
2663 659 2906 728 primum
2929 672 3062 711 caro
3091 661 3358 724 requievit
3381 664 3428 717 in
3457 681 3559 734 spe.
3582 671 3723 730 Cruci.

2221 748 2360 802 ﬁxus
2389 749 2532 802 enim
2560 758 2668 813 est,
2707 747 3115 816 primogenitus
3140 762 3208 802 ex
3242 754 3461 808 mortuis
3487 756 3662 828 lactus;
3686 779 3725 822 et

2221 846 2340 906 post
2391 839 2849 892 resurrectionem
2880 847 3199 906 assumptus
3240 839 3298 893 in
3341 844 3560 909 emtum,.
3585 864 3724 906 secum

2221 935 2486 981 terrenum
2505 942 2706 995 corpus
2724 927 2931 991 evexit,
2950 928 3023 980 ita
3049 937 3107 980 ut
3128 937 3456 986 terrerentur
3470 943 3518 988 et
3531 936 3729 1010 obstupe-

2222 1027 2432 1071 scerent
2459 1019 2692 1072 virtutes
2722 1019 2985 1073 cmlestes
3032 1021 3284 1076 videntes
3330 1038 3529 1079 carnem
3558 1029 3728 1098 (δυξας.

2217 1107 2527 1159 candentem
2559 1106 2611 1159 in
2653 1106 2880 1160 ecelum.
2914 1107 2994 1162 De
3034 1109 3153 1161 Elia
3189 1111 3337 1164 enim
3381 1114 3618 1181 scriptum
3655 1133 3729 1185 est,

2217 1196 2341 1262 quia
2363 1195 2514 1263 quasi
2544 1197 2599 1248 in
2630 1195 2831 1250 caelum
2849 1208 3170 1267 assumptus
3199 1210 3284 1253 est
3308 1202 3384 1255 ⁸²ε
3412 1213 3463 1255 et
3490 1204 3549 1257 de
3571 1207 3728 1277 Enoch,

2220 1285 2342 1352 quia
2376 1286 2669 1340 translatus
2704 1299 2794 1340 est
2822 1287 2868 1318 ⁸³
2902 1305 2916 1340 :
2953 1303 3062 1341 non
3105 1298 3284 1344 tamen
3327 1291 3519 1346 dictum
3551 1306 3618 1349 est
3640 1301 3728 1367 quia

2219 1373 2461 1425 ascendit
2506 1373 2562 1426 in
2593 1373 2814 1429 cmlum.
2862 1373 3191 1431 Oﬂ‘endatur
3219 1379 3309 1446 qui
3357 1379 3466 1433 vult
3494 1396 3553 1434 ex
3593 1396 3731 1442 nostro

2220 1477 2469 1517 sermone
2500 1479 2514 1516 :
2548 1478 2650 1532 ego
2693 1473 2872 1519 autem
2907 1481 3035 1519 cum
3085 1468 3235 1520 omni
3283 1467 3472 1523 ﬁducia
3505 1485 3728 1544 asserere,

2217 1553 2340 1622 quia
2375 1555 2514 1608 sicut
2567 1555 2971 1625 primogenitus
3023 1573 3094 1611 ex
3145 1561 3378 1614 mortuis
3411 1571 3488 1615 est
3517 1564 3729 1633 Christus,

2218 1642 2292 1694 ita
2326 1643 2529 1711 primus
2557 1657 2778 1698 carnem
2814 1647 3001 1699 evexit
3036 1645 3106 1699 ad
3166 1647 3394 1701 malum.
3429 1649 3642 1718 Denique
3665 1669 3728 1707 no-

2218 1731 2380 1784 vitate
2410 1732 2525 1800 ipsa
2548 1743 2928 1800 perterreutur
2965 1736 3224 1791 caelestes
3257 1737 3499 1804 virtutes,
3535 1741 3729 1809 {58)quis

2216 1824 2357 1889 quod
2392 1838 2668 1892 nunquam
2714 1836 2842 1880 ante
2874 1827 3157 1889 viderant,
3213 1843 3360 1882 nunc
3393 1828 3624 1884 videbant
3646 1846 3731 1885 car-

2220 1927 2338 1964 nem
2377 1915 2684 1969 ascendisse
2735 1921 2789 1968 in
2841 1917 3097 1971 coelum:
3133 1926 3189 1972 et
3235 1931 3508 1989 propterea
3558 1925 3729 1978 dicunt:

2214 1999 2348 2066 Quis
2374 2012 2448 2056 est
2468 2004 2563 2056 iste
2592 2005 2682 2072 qui
2702 2006 2845 2059 venit
2876 2023 2944 2060 ea:
2970 2006 3170 2073 Edam,
3199 2009 3256 2062 id
3287 2019 3371 2065 est
3399 2025 3428 2063 a
3476 2013 3728 2082 terrigenis?

2217 2089 2394 2144 Rubor
2426 2095 2848 2148 vestimentorum
2907 2101 3030 2166 ejus
3086 2114 3154 2152 ea:
3209 2097 3380 2153 Bosor
3413 2101 3479 2156 “.
3527 2100 3728 2159 Videbam

2216 2182 2354 2235 enim
2390 2184 2442 2236 in
2494 2199 2721 2251 corpore
2770 2187 2892 2254 ejus
2921 2189 3161 2259 vestigia
3196 2190 3478 2246 vulnerum
3499 2207 3561 2248 ex
3589 2193 3727 2260 Bosor,

2216 2270 2268 2326 id
2302 2279 2402 2335 est,
2439 2273 2492 2326 in
2521 2288 2688 2328 carne
2711 2286 2994 2344 suscepta.
3026 2297 3049 2332 ι

2282 2403 2604 2462 PAMPHILUS.
2629 2408 2695 2462 Et
2724 2420 2846 2478 post
2875 2427 3090 2480 pauca:

2281 2517 2565 2573 ORIGENES.
2609 2539 2627 2571 ι
2677 2521 2804 2576 llaec
2831 2531 3072 2592 propter
3100 2524 3236 2580 illud
3263 2529 3406 2595 quod
3436 2529 3617 2584 dictum
3656 2536 3729 2591 est,

2211 2609 2458 2674 quoniam
2487 2626 2611 2662 caro
2637 2627 2752 2665 mea
2784 2615 3085 2683 requiescet
3114 2618 3170 2669 in
3221 2633 3311 2687 spe
3331 2619 3398 2673 ⁸⁸.
3429 2618 3481 2672 In
3515 2633 3602 2687 qua
3628 2618 3732 2687 ape?

2211 2694 2325 2749 Non
2355 2698 2524 2752 solum
2549 2701 2677 2768 quia
2718 2715 2783 2754 ex
2821 2706 3069 2759 mortuis
3127 2709 3371 2778 resurgit
3412 2708 3602 2779 (parum
3625 2707 3731 2760 enim

2211 2785 2312 2840 hoc
2341 2787 2467 2856 est),
2507 2789 2602 2844 sed
2637 2789 2692 2843 in
2737 2805 2805 2844 ea
2835 2806 2938 2862 spe
2973 2797 3302 2867 requiescit,
3346 2798 3487 2869 quod
3515 2806 3731 2865 assumpta

2209 2882 2291 2929 est
2317 2875 2368 2928 in
2411 2877 2626 2932 caelum.
2659 2897 2679 2931 ι

2282 3005 2612 3065 PAMPHILUS.
2645 3012 2784 3078 Quid
2841 3014 2953 3072 hoc
3009 3020 3330 3079 evidentius
3381 3033 3436 3078 et
3477 3023 3646 3078 clarius
3684 3021 3730 3077 ab

2207 3098 2387 3166 aliquo
2425 3103 2526 3156 dici
2572 3112 2748 3171 potest
2771 3106 2839 3159 de
2854 3113 3277 3166 resurrectione
3297 3113 3492 3177 carnis,
3519 3127 3653 3182 quam
3671 3126 3729 3165 as-

2207 3189 2445 3256 signavit
2474 3207 2578 3245 non
2600 3194 2776 3247 solum
2813 3211 2944 3252 resu
2955 3209 3267 3255 rrecturam
3287 3217 3317 3256 a
3336 3203 3569 3266 mortuis,
3591 3216 3728 3255 verum

2207 3279 2366 3333 etiam
2408 3281 2461 3334 in
2493 3281 2683 3346 eteius,
2733 3284 2778 3338 si
2830 3301 2946 3355 qua
2996 3299 3189 3345 tamen
3224 3293 3278 3346 id
3331 3293 3593 3355 meruerit,
3619 3305 3728 3344 assu-

2206 3373 2475 3436 mendam,
2515 3384 2827 3430 secuturam
2880 3380 3106 3436 scilicet
3133 3397 3262 3437 eum
3290 3385 3386 3454 qui
3411 3383 3729 3455 primogenitus

2201 3476 2268 3515 ex
2304 3462 2524 3516 tnortuis
2549 3463 2740 3526 factus,
2794 3470 3020 3534 primus
3056 3473 3113 3526 in
3145 3475 3356 3528 caelum
3391 3485 3618 3529 naturam
3639 3487 3728 3526 car-

2203 3553 2284 3606 nis
2313 3552 2554 3605 invexit?
2583 3552 2721 3618 Quid
2765 3564 2955 3612 tamen
2991 3562 3047 3613 in
3099 3573 3303 3619 octavo
3332 3565 3533 3620 decimo
3574 3562 3728 3632 psalmo

2202 3653 2472 3706 exponens
2504 3639 2652 3693 illum
2678 3643 3026 3702 versiculum
3061 3665 3074 3700 :
3111 3649 3184 3704 In
3205 3652 3322 3706 sole
3350 3654 3517 3721 posuit
3541 3653 3728 3704 taberna

2201 3726 2370 3780 culum
2393 3742 2542 3779 suum
2565 3728 2632 3795 ⁸⁸,
2672 3733 2942 3798 senserit,
2978 3738 3303 3796 audiamus.

2268 3834 2552 3890 ΟιιιοΕΝεε.
2591 3837 2702 3908 (59)
2738 3857 2757 3890 ι
2793 3841 2942 3906 Quid
2974 3855 3060 3900 est
3102 3852 3252 3918 quod
3285 3851 3417 3906 divit
3440 3869 3453 3902 :
3478 3851 3541 3904 In
3564 3850 3729 3917 salepo-

2198 3927 2302 3977 suit
2342 3927 2734 3980 tabernaculum
2768 3946 2935 3986 suum
2964 3937 2990 3988 ?
3016 3936 3255 4002 Quidam
3298 3942 3508 4010 quidem
3538 3941 3729 3995 dicebant

2197 4014 2337 4081 quod
2367 4013 2617 4069 Salvator
2647 4025 2837 4072 noster
2866 4027 3190 4083 ascendens
3222 4044 3254 4083 e
3288 4033 3450 4085 terris
3482 4032 3534 4085 in
3559 4030 3725 4090 ctutum.

2198 4112 2253 4155 et
2287 4116 2482 4171 corpus
2515 4118 2672 4157 suum
2708 4121 3032 4180 assumens,
3067 4102 3324 4183 pervenit
3352 4135 3514 4191 usque
3550 4121 3608 4175 ad
3639 4131 3728 4173 eum

2197 4189 2455 4243 circulum
2503 4192 2595 4260 qui
2647 4193 2778 4273 solis
2809 4212 2958 4254 zona
2990 4205 3334 4276 nominatur,
3368 4189 3556 4276 etlibi,
3595 4209 3725 4269 aiunt,

2196 4278 2372 4345 posuit
2401 4279 2804 4336 tabernaculum
2835 4294 3106 4358 corporis
3151 4297 3238 4350 sui
3274 4313 3288 4350 :
3326 4313 3431 4353 non
3466 4301 3594 4354 enim
3625 4296 3727 4350 ultra

2197 4375 2314 4419 erat
2345 4367 2601 4436 possibile
2636 4370 2688 4423 id
2717 4380 3008 4441 progredi.
3044 4381 3158 4438 Sed
3193 4387 3310 4442 haec
3338 4389 3410 4442 illi
3435 4391 3505 4443 ita
3521 4389 3726 4446 sentiunt.

2195 4472 2295 4526 pro
2340 4472 2403 4511 eo
2430 4461 2572 4526 quod
2612 4461 2944 4552 allegoriam
2981 4474 3188 4531 nolunt
3217 4479 3273 4534 in
3300 4481 3566 4552 Scriptura
3595 4481 3728 4536 divina

2120 4563 2163 4616 ι)
2197 4547 2436 4615 recipere
2471 4565 2485 4602 :
2525 4557 2579 4602 et
2607 4551 2730 4607 ideo
2758 4570 2915 4621 pura:
2965 4561 3224 4624 historiae
3271 4547 3728 4634 deser-vientesmu-

2190 4635 2419 4721 jusmodi
2449 4638 2656 4695 fabulas
2702 4653 2758 4697 et
2805 4646 3078 4717 ﬁgmenta
3128 4673 3480 4732 componunt.
3511 4662 3606 4717 Nos
3633 4671 3727 4715 vero

2124 4768 2130 4774 .
2197 4725 2552 4795 deprecamur
2594 4733 3059 4801 omnipotentiam
3117 4725 3357 4813 Dei,-ut
3411 4770 3504 4810 nos
3529 4755 3727 4823 dignetur

2373 4868 2420 4899 ⁸⁸
2467 4868 2566 4923 lsa.
2614 4886 2765 4937 mn,
2801 4875 2852 4929 i.
2985 4884 3034 4916 ⁸³
3064 4885 3214 4943 Psal,
3249 4905 3345 4958 xv,
3380 4891 3432 4947 9,
3559 4888 3727 4946 “Psal.

2197 5072 2719 5172 “mss-.hplnqres
2741 5097 3064 5157 perperam,
3098 5093 3365 5156 Ostendat
3398 5101 3490 5172 [aL
3525 5099 3725 5154 Ostendi--

2186 5141 2556 5224 turl‘quipult',
2579 5157 2686 5205 etc.

2228 5213 2691 5306 τ
2702 5221 2833 5306 quia
2863 5231 3152 5306 quondam?
3167 5235 3374 5306 aliquid
3385 5240 3486 5294 tale
3506 5249 3720 5300 nuntium”

2191 5287 2449 5361 viderant,
2478 5287 2613 5361 sicut
2640 5287 2780 5361 nunc
2807 5287 3029 5358 quando
3066 5287 3714 5361 videbantvcaHVeit—tmajscew

2190 5350 2695 5440 itere-lin‘ctpiunt...
2731 5350 2865 5438 Quis
2913 5375 2994 5440 est
3051 5350 3720 5440 {ut}'étii"v2;it"&2'ti6££t

2189 5416 2568 5508 Geneb‘rartlus
2596 5416 2786 5508 aqu-ia
2832 5435 2979 5499 quod
3026 5416 3713 5508 ni'iqlihz'liiiieiiui'ime.

2185 5501 2324 5568 nunc
2360 5491 2567 5568 tandem
2595 5491 3090 5568 videbant-carnem
3118 5491 3711 5568 ἷίαἷῶλυήιῼ

2189 5553 2316 5637 Qui:
2348 5569 2423 5610 eu
2465 5561 2560 5613 me
2601 5565 2690 5637 Qui
2714 5567 2850 5619 licuit

2188 5625 2328 5714 ιιι-ιιι
2364 5638 2562 5714 textui
2588 5625 2693 5714 nisi
2711 5638 2861 5714 quod
2903 5653 3051 5696 unus
3085 5625 3706 5714 uibeaiI"nit'iié"itiiiii

2185 5707 2282 5760 pro
2318 5711 2456 5749 nunc
2477 5700 2742 5759 videbant.

2253 5762 2365 5838 (59)
2403 5767 2480 5822 Ex
2511 5766 2802 5831 Comment.
2835 5775 2886 5830 iu
2916 5780 3064 5846 psal.
3097 5799 3259 5856 xvttt,
3288 5787 3343 5844 6.
