  <div class='ocr_page' id='page_1' title='image "/cluster/home/n/w/nwhite01/storage/ocr_20150623/17 (Origenes, pt. 7)/nyp.33433081862348/312.png"; bbox 0 0 3846 6450; ppageno 0'>
   <div class='ocr_carea' id='block_1_1' title="bbox 1441 505 2294 566">
    <p class='ocr_par' dir='ltr' id='par_1_1' title="bbox 1441 505 2294 566">
     <span class='ocr_line' id='line_1_1' title="bbox 1441 505 2294 566; baseline -0.008 -2"><span class='ocrx_word' id='word_1_1' title='bbox 1441 509 1772 566; x_wconf 70' lang='grc' dir='ltr'><strong>ΑΡοιοαιΑ</strong></span> <span class='ocrx_word' id='word_1_2' title='bbox 1809 508 1948 565; x_wconf 79' lang='lat' dir='ltr'><strong>PRO</strong></span> <span class='ocrx_word' id='word_1_3' title='bbox 1981 505 2294 563; x_wconf 78' lang='lat' dir='ltr'><strong>ORIGENE.</strong></span> 
     </span>
    </p>
   </div>
   <div class='ocr_carea' id='block_1_2' title="bbox 47 571 93 625">
    <p class='ocr_par' dir='ltr' id='par_1_2' title="bbox 47 571 93 625">
     <span class='ocr_line' id='line_1_2' title="bbox 47 571 93 625; baseline -0.043 0"><span class='ocrx_word' id='word_1_4' title='bbox 47 571 93 625; x_wconf 78' lang='lat' dir='ltr'><strong>iii</strong></span> 
     </span>
    </p>
   </div>
   <div class='ocr_carea' id='block_1_3' title="bbox 62 669 1836 837">
    <p class='ocr_par' dir='ltr' id='par_1_3' title="bbox 62 669 1836 837">
     <span class='ocr_line' id='line_1_3' title="bbox 62 669 1836 775; baseline -0.001 0"><span class='ocrx_word' id='word_1_5' title='bbox 62 669 290 775; x_wconf 54' lang='lat' dir='ltr'><strong>“Vl</strong></span> <span class='ocrx_word' id='word_1_6' title='bbox 361 669 652 729; x_wconf 64' lang='grc' dir='ltr'><strong>⁶¹⁵⁸¹¹τθ·</strong></span> <span class='ocrx_word' id='word_1_7' title='bbox 697 681 900 749; x_wconf 71' lang='grc' dir='ltr'>οιιοιι</span> <span class='ocrx_word' id='word_1_8' title='bbox 948 714 1078 772; x_wconf 71' lang='lat' dir='ltr'><strong>ergo</strong></span> <span class='ocrx_word' id='word_1_9' title='bbox 1107 719 1139 759; x_wconf 83' lang='lat' dir='ltr'><strong>a</strong></span> <span class='ocrx_word' id='word_1_10' title='bbox 1182 669 1836 775; x_wconf 50' lang='grc' dir='ltr'><strong>ηοηεεζῖιξῖξῗξῗὲἷιῖἑο</strong></span> 
     </span>
     <span class='ocr_line' id='line_1_4' title="bbox 62 758 1807 837; baseline 0.001 -2"><span class='ocrx_word' id='word_1_11' title='bbox 62 765 184 835; x_wconf 49' lang='lat' dir='ltr'><strong>im&quot;</strong></span> <span class='ocrx_word' id='word_1_12' title='bbox 279 758 445 837; x_wconf 57' lang='lat' dir='ltr'><strong>voc</strong></span> <span class='ocrx_word' id='word_1_13' title='bbox 501 770 637 828; x_wconf 58' lang='lat' dir='ltr'><strong>es&quot;</strong></span> <span class='ocrx_word' id='word_1_14' title='bbox 700 770 787 829; x_wconf 69' lang='grc' dir='ltr'><strong>1η</strong></span> <span class='ocrx_word' id='word_1_15' title='bbox 843 793 979 837; x_wconf 66' lang='lat' dir='ltr'><strong>Solo.</strong></span> <span class='ocrx_word' id='word_1_16' title='bbox 1026 800 1193 837; x_wconf 67' lang='lat' dir='ltr'><strong>ninguis</strong></span> <span class='ocrx_word' id='word_1_17' title='bbox 1230 808 1622 837; x_wconf 69' lang='lat' dir='ltr'><strong>s..t.......--..l.....</strong></span> <span class='ocrx_word' id='word_1_18' title='bbox 1660 825 1807 837; x_wconf 79' lang='lat'><strong>........</strong></span> 
     </span>
    </p>
   </div>
   <div class='ocr_carea' id='block_1_4' title="bbox 358 825 1835 964">
    <p class='ocr_par' dir='ltr' id='par_1_4' title="bbox 358 825 1835 964">
     <span class='ocr_line' id='line_1_5' title="bbox 359 825 1829 929; baseline -0.024 -33"><span class='ocrx_word' id='word_1_19' title='bbox 359 842 521 908; x_wconf 80' lang='lat' dir='ltr'><strong>quid</strong></span> <span class='ocrx_word' id='word_1_20' title='bbox 578 825 669 913; x_wconf 69' lang='lat' dir='ltr'><strong>sit</strong></span> <span class='ocrx_word' id='word_1_21' title='bbox 727 825 978 929; x_wconf 48' lang='lat' dir='ltr'><strong>tabng</strong></span> <span class='ocrx_word' id='word_1_22' title='bbox 1024 825 1192 863; x_wconf 52' lang='lat' dir='ltr'><strong>mnu&quot;</strong></span> <span class='ocrx_word' id='word_1_23' title='bbox 1228 825 1624 908; x_wconf 56' lang='lat' dir='ltr'><strong>“vernaculum</strong></span> <span class='ocrx_word' id='word_1_24' title='bbox 1657 825 1829 872; x_wconf 83' lang='lat' dir='ltr'><strong>suum,</strong></span> 
     </span>
     <span class='ocr_line' id='line_1_6' title="bbox 358 886 1835 964; baseline -0.02 4"><span class='ocrx_word' id='word_1_25' title='bbox 358 932 430 964; x_wconf 63' lang='lat' dir='ltr'><strong>:n</strong></span> <span class='ocrx_word' id='word_1_26' title='bbox 461 937 523 964; x_wconf 67' lang='grc' dir='ltr'><strong>ι--</strong></span> <span class='ocrx_word' id='word_1_27' title='bbox 578 961 606 964; x_wconf 17' lang='grc' dir='ltr'><em>ῃ</em></span> <span class='ocrx_word' id='word_1_28' title='bbox 895 886 1190 942; x_wconf 65' lang='lat' dir='ltr'><strong>&quot;iaculum</strong></span> <span class='ocrx_word' id='word_1_29' title='bbox 1240 893 1472 963; x_wconf 78' lang='lat' dir='ltr'><strong>Christi,</strong></span> <span class='ocrx_word' id='word_1_30' title='bbox 1521 905 1575 952; x_wconf 85' lang='lat' dir='ltr'><strong>et</strong></span> <span class='ocrx_word' id='word_1_31' title='bbox 1607 911 1723 964; x_wconf 65' lang='lat' dir='ltr'><strong>qua:</strong></span> <span class='ocrx_word' id='word_1_32' title='bbox 1766 900 1835 953; x_wconf 60' lang='lat' dir='ltr'><strong>si;</strong></span> 
     </span>
    </p>
   </div>
   <div class='ocr_carea' id='block_1_5' title="bbox 73 949 1830 1043">
    <p class='ocr_par' dir='ltr' id='par_1_5' title="bbox 73 949 1830 1043">
     <span class='ocr_line' id='line_1_7' title="bbox 73 949 1830 1043; baseline 0.028 -50"><span class='ocrx_word' id='word_1_33' title='bbox 295 967 336 1018; x_wconf 67' lang='grc' dir='ltr'>ι</span> <span class='ocrx_word' id='word_1_34' title='bbox 463 954 530 995; x_wconf 78' lang='grc' dir='ltr'><strong>ιιι</strong></span> <span class='ocrx_word' id='word_1_35' title='bbox 570 961 704 1043; x_wconf 72' lang='lat' dir='ltr'><strong>qua</strong></span> <span class='ocrx_word' id='word_1_36' title='bbox 775 967 1226 1036; x_wconf 74' lang='lat' dir='ltr'><strong>tabernaculum</strong></span> <span class='ocrx_word' id='word_1_37' title='bbox 1269 949 1474 1043; x_wconf 82' lang='lat' dir='ltr'><strong>Christi</strong></span> <span class='ocrx_word' id='word_1_38' title='bbox 1526 949 1830 1043; x_wconf 67' lang='lat' dir='ltr'><strong>collocatur.</strong></span> 
     </span>
    </p>
   </div>
   <div class='ocr_carea' id='block_1_6' title="bbox 80 1001 1589 1094">
    <p class='ocr_par' dir='ltr' id='par_1_6' title="bbox 80 1001 1589 1094">
     <span class='ocr_line' id='line_1_8' title="bbox 80 1001 1589 1094; baseline 0.001 -1"><span class='ocrx_word' id='word_1_39' title='bbox 80 1001 454 1094; x_wconf 46' lang='lat' dir='ltr'><strong>suae.</strong></span> <span class='ocrx_word' id='word_1_40' title='bbox 508 1001 1474 1094; x_wconf 55' lang='grc' dir='ltr'><strong>ιαιῑέῖηηῑῑῑῑςῑττξῑεξξξιξξτι,ξςητξέξι</strong></span> <span class='ocrx_word' id='word_1_41' title='bbox 1501 1003 1589 1094; x_wconf 61' lang='grc' dir='ltr'><strong>,ξιτ</strong></span> 
     </span>
    </p>
   </div>
   <div class='ocr_carea' id='block_1_7' title="bbox 88 1056 1786 1177">
    <p class='ocr_par' dir='ltr' id='par_1_7' title="bbox 88 1056 1786 1177">
     <span class='ocr_line' id='line_1_9' title="bbox 88 1056 1786 1162; baseline -0.019 0"><span class='ocrx_word' id='word_1_42' title='bbox 219 1056 454 1123; x_wconf 50' lang='grc' dir='ltr'><strong>*φῃυ</strong></span> <span class='ocrx_word' id='word_1_43' title='bbox 509 1056 918 1115; x_wconf 55' lang='grc' dir='ltr'><strong>ιθυθτῃθθυιῖ</strong></span> <span class='ocrx_word' id='word_1_44' title='bbox 976 1066 1183 1126; x_wconf 82' lang='lat' dir='ltr'><strong>Christi</strong></span> <span class='ocrx_word' id='word_1_45' title='bbox 1218 1074 1300 1128; x_wconf 91' lang='lat' dir='ltr'><strong>sol</strong></span> <span class='ocrx_word' id='word_1_46' title='bbox 1342 1091 1458 1132; x_wconf 89' lang='lat' dir='ltr'><strong>esse</strong></span> <span class='ocrx_word' id='word_1_47' title='bbox 1489 1077 1697 1131; x_wconf 87' lang='lat' dir='ltr'><strong>dicitur.</strong></span> <span class='ocrx_word' id='word_1_48' title='bbox 1733 1078 1786 1129; x_wconf 86' lang='lat' dir='ltr'><strong>&#39;l‘:</strong></span> 
     </span>
     <span class='ocr_line' id='line_1_10' title="bbox 267 1121 1739 1177; baseline -0.012 1"><span class='ocrx_word' id='word_1_49' title='bbox 267 1121 565 1177; x_wconf 52' lang='lat' dir='ltr'><strong>[senium</strong></span> <span class='ocrx_word' id='word_1_50' title='bbox 611 1149 769 1177; x_wconf 67' lang='lat' dir='ltr'><strong>Vnrn</strong></span> <span class='ocrx_word' id='word_1_51' title='bbox 806 1145 1039 1177; x_wconf 55' lang='grc' dir='ltr'>ρει-ιη,</span> <span class='ocrx_word' id='word_1_52' title='bbox 1076 1159 1117 1177; x_wconf 70' lang='grc' dir='ltr'><strong><em>π</em></strong></span> <span class='ocrx_word' id='word_1_53' title='bbox 1195 1161 1205 1177; x_wconf 90' lang='grc'><em>.</em></span> <span class='ocrx_word' id='word_1_54' title='bbox 1277 1164 1288 1175; x_wconf 88' lang='grc'><strong>,</strong></span> <span class='ocrx_word' id='word_1_55' title='bbox 1577 1167 1588 1177; x_wconf 63' lang='grc'><strong>,</strong></span> <span class='ocrx_word' id='word_1_56' title='bbox 1636 1174 1644 1177; x_wconf 25' lang='grc'><strong><em>4</em></strong></span> 
     </span>
    </p>
   </div>
   <div class='ocr_carea' id='block_1_8' title="bbox 104 1134 1831 1250">
    <p class='ocr_par' dir='ltr' id='par_1_8' title="bbox 104 1134 1831 1250">
     <span class='ocr_line' id='line_1_11' title="bbox 104 1134 1831 1250; baseline -0.016 -2"><span class='ocrx_word' id='word_1_57' title='bbox 104 1134 769 1250; x_wconf 37' lang='grc' dir='ltr'><strong>ξυὲὲξῗῶνθτο</strong></span> <span class='ocrx_word' id='word_1_58' title='bbox 806 1145 1044 1212; x_wconf 75' lang='lat' dir='ltr'><strong>Christi</strong></span> <span class='ocrx_word' id='word_1_59' title='bbox 1076 1159 1377 1217; x_wconf 88' lang='lat' dir='ltr'><strong>Ecclesiam</strong></span> <span class='ocrx_word' id='word_1_60' title='bbox 1419 1181 1538 1220; x_wconf 89' lang='lat' dir='ltr'><strong>esse</strong></span> <span class='ocrx_word' id='word_1_61' title='bbox 1576 1167 1831 1235; x_wconf 88' lang='lat' dir='ltr'><strong>intelligo.</strong></span> 
     </span>
    </p>
   </div>
   <div class='ocr_carea' id='block_1_9' title="bbox 121 1229 1831 1328">
    <p class='ocr_par' dir='ltr' id='par_1_9' title="bbox 121 1229 1831 1328">
     <span class='ocr_line' id='line_1_12' title="bbox 121 1229 1831 1328; baseline 0.002 -23"><span class='ocrx_word' id='word_1_62' title='bbox 121 1229 385 1328; x_wconf 55' lang='grc' dir='ltr'><strong>ζζρίνῖξ</strong></span> <span class='ocrx_word' id='word_1_63' title='bbox 415 1231 624 1328; x_wconf 43' lang='lat' dir='ltr'><strong>imm“</strong></span> <span class='ocrx_word' id='word_1_64' title='bbox 657 1244 849 1300; x_wconf 78' lang='lat' dir='ltr'><strong>quem</strong></span> <span class='ocrx_word' id='word_1_65' title='bbox 885 1244 1066 1301; x_wconf 81' lang='lat' dir='ltr'><strong>alium</strong></span> <span class='ocrx_word' id='word_1_66' title='bbox 1101 1253 1302 1305; x_wconf 82' lang='lat' dir='ltr'><strong>sentire</strong></span> <span class='ocrx_word' id='word_1_67' title='bbox 1334 1253 1527 1318; x_wconf 81' lang='lat' dir='ltr'><strong>debeo,</strong></span> <span class='ocrx_word' id='word_1_68' title='bbox 1565 1255 1666 1310; x_wconf 90' lang='lat' dir='ltr'><strong>nisi</strong></span> <span class='ocrx_word' id='word_1_69' title='bbox 1706 1229 1831 1309; x_wconf 76' lang='lat' dir='ltr'><strong>illud</strong></span> 
     </span>
    </p>
   </div>
   <div class='ocr_carea' id='block_1_10' title="bbox 164 1324 1834 1416">
    <p class='ocr_par' dir='ltr' id='par_1_10' title="bbox 164 1324 1834 1416">
     <span class='ocr_line' id='line_1_13' title="bbox 164 1324 1834 1416; baseline -0.006 -9"><span class='ocrx_word' id='word_1_70' title='bbox 164 1324 387 1406; x_wconf 47' lang='lat' dir='ltr'><strong>{tat/</strong></span> <span class='ocrx_word' id='word_1_71' title='bbox 413 1325 633 1416; x_wconf 33' lang='lat' dir='ltr'><strong>“Tu?”</strong></span> <span class='ocrx_word' id='word_1_72' title='bbox 665 1328 825 1392; x_wconf 70' lang='grc' dir='ltr'><strong>(ἰυοά</strong></span> <span class='ocrx_word' id='word_1_73' title='bbox 881 1333 1160 1392; x_wconf 74' lang='lat' dir='ltr'><strong>illuminat</strong></span> <span class='ocrx_word' id='word_1_74' title='bbox 1208 1358 1408 1395; x_wconf 87' lang='lat' dir='ltr'><strong>omnem</strong></span> <span class='ocrx_word' id='word_1_75' title='bbox 1466 1345 1720 1398; x_wconf 76' lang='lat' dir='ltr'><strong>hominem</strong></span> <span class='ocrx_word' id='word_1_76' title='bbox 1750 1363 1834 1400; x_wconf 86' lang='lat' dir='ltr'><strong>ve-</strong></span> 
     </span>
    </p>
   </div>
   <div class='ocr_carea' id='block_1_11' title="bbox 192 1410 1832 1499">
    <p class='ocr_par' dir='ltr' id='par_1_11' title="bbox 192 1410 1832 1499">
     <span class='ocr_line' id='line_1_14' title="bbox 192 1410 1832 1499; baseline 0.02 -40"><span class='ocrx_word' id='word_1_77' title='bbox 192 1439 328 1488; x_wconf 36' lang='grc' dir='ltr'><strong>ὤεα</strong></span> <span class='ocrx_word' id='word_1_78' title='bbox 351 1419 458 1499; x_wconf 57' lang='lat' dir='ltr'><strong>tot</strong></span> <span class='ocrx_word' id='word_1_79' title='bbox 479 1424 540 1461; x_wconf 81' lang='lat' dir='ltr'><strong>tn</strong></span> <span class='ocrx_word' id='word_1_80' title='bbox 573 1410 725 1467; x_wconf 84' lang='lat' dir='ltr'><strong>hunc</strong></span> <span class='ocrx_word' id='word_1_81' title='bbox 751 1426 1031 1480; x_wconf 79' lang='lat' dir='ltr'><strong>mundum</strong></span> <span class='ocrx_word' id='word_1_82' title='bbox 1049 1430 1132 1482; x_wconf 73' lang='grc'><strong>⁵⁷2</strong></span> <span class='ocrx_word' id='word_1_83' title='bbox 1169 1431 1340 1498; x_wconf 89' lang='lat' dir='ltr'><strong>Ipsum</strong></span> <span class='ocrx_word' id='word_1_84' title='bbox 1366 1434 1516 1488; x_wconf 90' lang='lat' dir='ltr'><strong>video</strong></span> <span class='ocrx_word' id='word_1_85' title='bbox 1564 1435 1747 1499; x_wconf 89' lang='lat' dir='ltr'><strong>solem,</strong></span> <span class='ocrx_word' id='word_1_86' title='bbox 1769 1437 1832 1491; x_wconf 92' lang='lat' dir='ltr'><strong>de</strong></span> 
     </span>
    </p>
   </div>
   <div class='ocr_carea' id='block_1_12' title="bbox 238 1496 1830 1589">
    <p class='ocr_par' dir='ltr' id='par_1_12' title="bbox 238 1496 1830 1589">
     <span class='ocr_line' id='line_1_15' title="bbox 238 1496 1830 1589; baseline 0.016 -39"><span class='ocrx_word' id='word_1_87' title='bbox 238 1496 579 1578; x_wconf 36' lang='lat' dir='ltr'><strong>“maictum</strong></span> <span class='ocrx_word' id='word_1_88' title='bbox 599 1514 691 1558; x_wconf 86' lang='lat' dir='ltr'><strong>est</strong></span> <span class='ocrx_word' id='word_1_89' title='bbox 725 1521 742 1559; x_wconf 87' lang='lat'><strong>:</strong></span> <span class='ocrx_word' id='word_1_90' title='bbox 772 1508 929 1572; x_wconf 85' lang='lat' dir='ltr'><strong>Quia</strong></span> <span class='ocrx_word' id='word_1_91' title='bbox 960 1496 1258 1572; x_wconf 72' lang='lat' dir='ltr'><strong>timentibus</strong></span> <span class='ocrx_word' id='word_1_92' title='bbox 1286 1522 1397 1589; x_wconf 84' lang='lat'><strong>(60)</strong></span> <span class='ocrx_word' id='word_1_93' title='bbox 1427 1538 1607 1575; x_wconf 83' lang='lat' dir='ltr'><strong><em>nomen</em></strong></span> <span class='ocrx_word' id='word_1_94' title='bbox 1625 1496 1830 1576; x_wconf 82' lang='lat' dir='ltr'><strong>Domini</strong></span> 
     </span>
    </p>
   </div>
   <div class='ocr_carea' id='block_1_13' title="bbox 255 1590 1868 1696">
    <p class='ocr_par' dir='ltr' id='par_1_13' title="bbox 255 1590 1868 1696">
     <span class='ocr_line' id='line_1_16' title="bbox 255 1590 1868 1696; baseline 0.011 -48"><span class='ocrx_word' id='word_1_95' title='bbox 255 1597 454 1648; x_wconf 81' lang='lat' dir='ltr'><strong>orietur</strong></span> <span class='ocrx_word' id='word_1_96' title='bbox 479 1590 576 1647; x_wconf 87' lang='lat' dir='ltr'><strong>Sol</strong></span> <span class='ocrx_word' id='word_1_97' title='bbox 600 1593 872 1665; x_wconf 77' lang='lat' dir='ltr'><strong>justitiw,</strong></span> <span class='ocrx_word' id='word_1_98' title='bbox 895 1613 948 1655; x_wconf 88' lang='lat' dir='ltr'><strong>et</strong></span> <span class='ocrx_word' id='word_1_99' title='bbox 979 1607 1180 1660; x_wconf 77' lang='lat' dir='ltr'><strong>sanitas</strong></span> <span class='ocrx_word' id='word_1_100' title='bbox 1209 1609 1264 1661; x_wconf 91' lang='lat' dir='ltr'><strong>in</strong></span> <span class='ocrx_word' id='word_1_101' title='bbox 1292 1610 1389 1662; x_wconf 85' lang='lat' dir='ltr'><strong>alis</strong></span> <span class='ocrx_word' id='word_1_102' title='bbox 1416 1611 1528 1677; x_wconf 86' lang='lat' dir='ltr'><strong>ejus</strong></span> <span class='ocrx_word' id='word_1_103' title='bbox 1549 1611 1612 1664; x_wconf 76' lang='grc'><strong>⁸⁸.</strong></span> <span class='ocrx_word' id='word_1_104' title='bbox 1640 1610 1693 1664; x_wconf 85' lang='grc' dir='ltr'><strong>1η</strong></span> <span class='ocrx_word' id='word_1_105' title='bbox 1721 1610 1831 1664; x_wconf 87' lang='lat' dir='ltr'><strong>sole</strong></span> <span class='ocrx_word' id='word_1_106' title='bbox 1849 1669 1868 1696; x_wconf 46' lang='grc' dir='ltr'><em>Ι</em></span> 
     </span>
    </p>
   </div>
   <div class='ocr_carea' id='block_1_14' title="bbox 259 1685 1829 1767">
    <p class='ocr_par' dir='ltr' id='par_1_14' title="bbox 259 1685 1829 1767">
     <span class='ocr_line' id='line_1_17' title="bbox 259 1685 1829 1767; baseline 0.008 -27"><span class='ocrx_word' id='word_1_107' title='bbox 259 1699 391 1756; x_wconf 74' lang='lat' dir='ltr'><strong>ergo</strong></span> <span class='ocrx_word' id='word_1_108' title='bbox 416 1685 601 1753; x_wconf 80' lang='lat' dir='ltr'><strong>posuit</strong></span> <span class='ocrx_word' id='word_1_109' title='bbox 624 1688 1050 1749; x_wconf 85' lang='lat' dir='ltr'><strong>tabernaculum</strong></span> <span class='ocrx_word' id='word_1_110' title='bbox 1109 1713 1290 1762; x_wconf 71' lang='lat' dir='ltr'><strong>suum,</strong></span> <span class='ocrx_word' id='word_1_111' title='bbox 1314 1700 1367 1752; x_wconf 88' lang='lat' dir='ltr'><strong>id</strong></span> <span class='ocrx_word' id='word_1_112' title='bbox 1405 1708 1486 1754; x_wconf 89' lang='lat' dir='ltr'><strong>est</strong></span> <span class='ocrx_word' id='word_1_113' title='bbox 1514 1701 1566 1754; x_wconf 92' lang='lat' dir='ltr'><strong>in</strong></span> <span class='ocrx_word' id='word_1_114' title='bbox 1596 1700 1717 1755; x_wconf 88' lang='lat' dir='ltr'><strong>Sole</strong></span> <span class='ocrx_word' id='word_1_115' title='bbox 1739 1700 1829 1767; x_wconf 86' lang='lat' dir='ltr'><strong>ju-</strong></span> 
     </span>
    </p>
   </div>
   <div class='ocr_carea' id='block_1_15' title="bbox 253 1774 1828 1844">
    <p class='ocr_par' dir='ltr' id='par_1_15' title="bbox 253 1774 1828 1844">
     <span class='ocr_line' id='line_1_18' title="bbox 253 1774 1828 1844; baseline 0.01 -16"><span class='ocrx_word' id='word_1_116' title='bbox 253 1775 439 1828; x_wconf 74' lang='lat' dir='ltr'><strong>stitia:</strong></span> <span class='ocrx_word' id='word_1_117' title='bbox 464 1774 764 1830; x_wconf 84' lang='lat' dir='ltr'><strong>Ecclesiam</strong></span> <span class='ocrx_word' id='word_1_118' title='bbox 793 1794 954 1835; x_wconf 89' lang='lat' dir='ltr'><strong>suam</strong></span> <span class='ocrx_word' id='word_1_119' title='bbox 1009 1784 1306 1839; x_wconf 91' lang='lat' dir='ltr'><strong>collocavit.</strong></span> <span class='ocrx_word' id='word_1_120' title='bbox 1336 1787 1390 1840; x_wconf 91' lang='lat' dir='ltr'><strong>In</strong></span> <span class='ocrx_word' id='word_1_121' title='bbox 1417 1787 1504 1840; x_wconf 91' lang='lat' dir='ltr'><strong>illo</strong></span> <span class='ocrx_word' id='word_1_122' title='bbox 1531 1788 1668 1840; x_wconf 88' lang='lat' dir='ltr'><strong>enim</strong></span> <span class='ocrx_word' id='word_1_123' title='bbox 1721 1788 1828 1844; x_wconf 89' lang='lat' dir='ltr'><strong>sole</strong></span> 
     </span>
    </p>
   </div>
   <div class='ocr_carea' id='block_1_16' title="bbox 247 1865 1822 1943">
    <p class='ocr_par' dir='ltr' id='par_1_16' title="bbox 247 1865 1822 1943">
     <span class='ocr_line' id='line_1_19' title="bbox 247 1865 1822 1943; baseline 0.008 -25"><span class='ocrx_word' id='word_1_124' title='bbox 247 1865 512 1920; x_wconf 81' lang='lat' dir='ltr'><strong>Ecclesia</strong></span> <span class='ocrx_word' id='word_1_125' title='bbox 561 1868 836 1923; x_wconf 86' lang='lat' dir='ltr'><strong>collocata</strong></span> <span class='ocrx_word' id='word_1_126' title='bbox 889 1885 997 1939; x_wconf 89' lang='lat' dir='ltr'><strong>est,</strong></span> <span class='ocrx_word' id='word_1_127' title='bbox 1057 1875 1147 1943; x_wconf 85' lang='lat' dir='ltr'><strong>qui</strong></span> <span class='ocrx_word' id='word_1_128' title='bbox 1203 1876 1344 1931; x_wconf 90' lang='lat' dir='ltr'><strong>diem</strong></span> <span class='ocrx_word' id='word_1_129' title='bbox 1380 1887 1634 1932; x_wconf 77' lang='lat' dir='ltr'><strong>aeternum</strong></span> <span class='ocrx_word' id='word_1_130' title='bbox 1679 1878 1822 1943; x_wconf 82' lang='lat' dir='ltr'><strong>iacit,</strong></span> 
     </span>
    </p>
   </div>
   <div class='ocr_carea' id='block_1_17' title="bbox 229 2045 904 2115">
    <p class='ocr_par' dir='ltr' id='par_1_17' title="bbox 229 2045 904 2115">
     <span class='ocr_line' id='line_1_20' title="bbox 229 2045 904 2115; baseline 0.006 -15"><span class='ocrx_word' id='word_1_131' title='bbox 229 2045 400 2100; x_wconf 76' lang='lat' dir='ltr'><strong>Deus</strong></span> <span class='ocrx_word' id='word_1_132' title='bbox 436 2047 617 2115; x_wconf 81' lang='lat' dir='ltr'><strong>gloria</strong></span> <span class='ocrx_word' id='word_1_133' title='bbox 655 2058 752 2103; x_wconf 91' lang='lat' dir='ltr'><strong>tua</strong></span> <span class='ocrx_word' id='word_1_134' title='bbox 772 2050 844 2104; x_wconf 82' lang='lat'><strong>&quot;.</strong></span> <span class='ocrx_word' id='word_1_135' title='bbox 884 2070 904 2103; x_wconf 74' lang='grc' dir='ltr'><strong>ι</strong></span> 
     </span>
    </p>
   </div>
   <div class='ocr_carea' id='block_1_18' title="bbox 315 2136 1827 2216">
    <p class='ocr_par' dir='ltr' id='par_1_18' title="bbox 315 2136 1827 2216">
     <span class='ocr_line' id='line_1_21' title="bbox 315 2136 1827 2216; baseline 0.01 -26"><span class='ocrx_word' id='word_1_136' title='bbox 315 2136 683 2193; x_wconf 70' lang='grc' dir='ltr'>ΡΑιινιιιιιιε.</span> <span class='ocrx_word' id='word_1_137' title='bbox 743 2141 1082 2198; x_wconf 86' lang='lat' dir='ltr'><strong>Erubescant</strong></span> <span class='ocrx_word' id='word_1_138' title='bbox 1122 2146 1278 2204; x_wconf 90' lang='lat' dir='ltr'><strong>etiam</strong></span> <span class='ocrx_word' id='word_1_139' title='bbox 1322 2146 1394 2200; x_wconf 87' lang='lat' dir='ltr'><strong>illi</strong></span> <span class='ocrx_word' id='word_1_140' title='bbox 1423 2147 1510 2216; x_wconf 89' lang='lat' dir='ltr'><strong>qui</strong></span> <span class='ocrx_word' id='word_1_141' title='bbox 1540 2157 1593 2203; x_wconf 92' lang='lat' dir='ltr'><strong>et</strong></span> <span class='ocrx_word' id='word_1_142' title='bbox 1618 2149 1717 2204; x_wconf 89' lang='lat' dir='ltr'><strong>boc</strong></span> <span class='ocrx_word' id='word_1_143' title='bbox 1759 2149 1827 2205; x_wconf 87' lang='lat' dir='ltr'><strong>de</strong></span> 
     </span>
    </p>
   </div>
   <div class='ocr_carea' id='block_1_19' title="bbox 214 2229 1822 2309">
    <p class='ocr_par' dir='ltr' id='par_1_19' title="bbox 214 2229 1822 2309">
     <span class='ocr_line' id='line_1_22' title="bbox 214 2229 1822 2309; baseline 0.006 -25"><span class='ocrx_word' id='word_1_144' title='bbox 214 2243 363 2297; x_wconf 82' lang='lat' dir='ltr'><strong>Ipso</strong></span> <span class='ocrx_word' id='word_1_145' title='bbox 403 2243 528 2282; x_wconf 88' lang='lat' dir='ltr'><strong>non</strong></span> <span class='ocrx_word' id='word_1_146' title='bbox 562 2229 956 2285; x_wconf 89' lang='lat' dir='ltr'><strong>dubitaverunt</strong></span> <span class='ocrx_word' id='word_1_147' title='bbox 993 2236 1316 2289; x_wconf 89' lang='lat' dir='ltr'><strong>concinnare</strong></span> <span class='ocrx_word' id='word_1_148' title='bbox 1365 2237 1665 2304; x_wconf 80' lang='lat' dir='ltr'><strong>ﬁgmentum</strong></span> <span class='ocrx_word' id='word_1_149' title='bbox 1693 2238 1822 2309; x_wconf 85' lang='lat' dir='ltr'><strong>(6t),</strong></span> 
     </span>
    </p>
   </div>
   <div class='ocr_carea' id='block_1_20' title="bbox 214 2318 1826 2398">
    <p class='ocr_par' dir='ltr' id='par_1_20' title="bbox 214 2318 1826 2398">
     <span class='ocr_line' id='line_1_23' title="bbox 214 2318 1826 2398; baseline 0.009 -27"><span class='ocrx_word' id='word_1_150' title='bbox 214 2333 350 2389; x_wconf 84' lang='lat' dir='ltr'><strong>quo</strong></span> <span class='ocrx_word' id='word_1_151' title='bbox 385 2318 662 2373; x_wconf 89' lang='lat' dir='ltr'><strong>dicerent</strong></span> <span class='ocrx_word' id='word_1_152' title='bbox 695 2321 828 2389; x_wconf 86' lang='lat' dir='ltr'><strong>quia</strong></span> <span class='ocrx_word' id='word_1_153' title='bbox 862 2336 1056 2390; x_wconf 90' lang='lat' dir='ltr'><strong>corpus</strong></span> <span class='ocrx_word' id='word_1_154' title='bbox 1085 2325 1164 2378; x_wconf 89' lang='lat' dir='ltr'><strong>vel</strong></span> <span class='ocrx_word' id='word_1_155' title='bbox 1193 2340 1402 2380; x_wconf 86' lang='lat' dir='ltr'><strong>carnem</strong></span> <span class='ocrx_word' id='word_1_156' title='bbox 1429 2328 1624 2382; x_wconf 79' lang='lat' dir='ltr'><strong>Christi</strong></span> <span class='ocrx_word' id='word_1_157' title='bbox 1657 2344 1826 2398; x_wconf 79' lang='lat' dir='ltr'><strong>usque</strong></span> 
     </span>
    </p>
   </div>
   <div class='ocr_carea' id='block_1_21' title="bbox 205 2408 1820 2476">
    <p class='ocr_par' dir='ltr' id='par_1_21' title="bbox 205 2408 1820 2476">
     <span class='ocr_line' id='line_1_24' title="bbox 205 2408 1820 2476; baseline 0.007 -16"><span class='ocrx_word' id='word_1_158' title='bbox 205 2408 295 2461; x_wconf 74' lang='lat' dir='ltr'><strong>ad</strong></span> <span class='ocrx_word' id='word_1_159' title='bbox 355 2408 559 2462; x_wconf 82' lang='lat' dir='ltr'><strong>solem</strong></span> <span class='ocrx_word' id='word_1_160' title='bbox 624 2409 764 2462; x_wconf 83' lang='lat' dir='ltr'><strong>dicit</strong></span> <span class='ocrx_word' id='word_1_161' title='bbox 803 2420 1066 2476; x_wconf 76' lang='lat' dir='ltr'><strong>erectam,</strong></span> <span class='ocrx_word' id='word_1_162' title='bbox 1117 2423 1172 2467; x_wconf 90' lang='lat' dir='ltr'><strong>et</strong></span> <span class='ocrx_word' id='word_1_163' title='bbox 1215 2414 1284 2467; x_wconf 87' lang='lat' dir='ltr'><strong>ibi</strong></span> <span class='ocrx_word' id='word_1_164' title='bbox 1333 2429 1451 2470; x_wconf 85' lang='lat' dir='ltr'><strong>esse</strong></span> <span class='ocrx_word' id='word_1_165' title='bbox 1497 2417 1820 2471; x_wconf 85' lang='lat' dir='ltr'><strong>derelictam.</strong></span> 
     </span>
    </p>
   </div>
   <div class='ocr_carea' id='block_1_22' title="bbox 205 2494 1822 2570">
    <p class='ocr_par' dir='ltr' id='par_1_22' title="bbox 205 2494 1822 2570">
     <span class='ocr_line' id='line_1_25' title="bbox 205 2494 1822 2570; baseline 0.007 -21"><span class='ocrx_word' id='word_1_166' title='bbox 205 2494 355 2552; x_wconf 82' lang='lat' dir='ltr'><strong>Hoc</strong></span> <span class='ocrx_word' id='word_1_167' title='bbox 390 2498 559 2552; x_wconf 84' lang='lat' dir='ltr'><strong>enim</strong></span> <span class='ocrx_word' id='word_1_168' title='bbox 594 2497 691 2552; x_wconf 89' lang='lat' dir='ltr'><strong>ille</strong></span> <span class='ocrx_word' id='word_1_169' title='bbox 741 2500 812 2552; x_wconf 89' lang='lat' dir='ltr'><strong>ab</strong></span> <span class='ocrx_word' id='word_1_170' title='bbox 863 2499 982 2555; x_wconf 88' lang='lat' dir='ltr'><strong>aliis</strong></span> <span class='ocrx_word' id='word_1_171' title='bbox 1021 2501 1242 2570; x_wconf 87' lang='lat' dir='ltr'><strong>dictum,</strong></span> <span class='ocrx_word' id='word_1_172' title='bbox 1273 2501 1378 2557; x_wconf 75' lang='lat' dir='ltr'><strong>rion</strong></span> <span class='ocrx_word' id='word_1_173' title='bbox 1435 2515 1580 2560; x_wconf 86' lang='lat' dir='ltr'><strong>recte</strong></span> <span class='ocrx_word' id='word_1_174' title='bbox 1625 2507 1822 2561; x_wconf 88' lang='lat' dir='ltr'><strong>dictum</strong></span> 
     </span>
    </p>
   </div>
   <div class='ocr_carea' id='block_1_23' title="bbox 196 2589 1820 2668">
    <p class='ocr_par' dir='ltr' id='par_1_23' title="bbox 196 2589 1820 2668">
     <span class='ocr_line' id='line_1_26' title="bbox 196 2589 1820 2668; baseline 0.005 -24"><span class='ocrx_word' id='word_1_175' title='bbox 196 2602 362 2644; x_wconf 72' lang='lat' dir='ltr'><strong>esse</strong></span> <span class='ocrx_word' id='word_1_176' title='bbox 413 2589 706 2646; x_wconf 75' lang='lat' dir='ltr'><strong>confutet.</strong></span> <span class='ocrx_word' id='word_1_177' title='bbox 745 2589 852 2646; x_wconf 88' lang='lat' dir='ltr'><strong>Sed</strong></span> <span class='ocrx_word' id='word_1_178' title='bbox 879 2595 1226 2648; x_wconf 87' lang='lat' dir='ltr'><strong>ostenderunt</strong></span> <span class='ocrx_word' id='word_1_179' title='bbox 1273 2611 1332 2650; x_wconf 91' lang='lat' dir='ltr'><strong>se</strong></span> <span class='ocrx_word' id='word_1_180' title='bbox 1379 2611 1444 2650; x_wconf 91' lang='lat' dir='ltr'><strong>ne</strong></span> <span class='ocrx_word' id='word_1_181' title='bbox 1475 2599 1584 2652; x_wconf 84' lang='lat' dir='ltr'><strong>haec</strong></span> <span class='ocrx_word' id='word_1_182' title='bbox 1612 2599 1820 2668; x_wconf 90' lang='lat' dir='ltr'><strong>quidem</strong></span> 
     </span>
    </p>
   </div>
   <div class='ocr_carea' id='block_1_24' title="bbox 199 2681 1821 2756">
    <p class='ocr_par' dir='ltr' id='par_1_24' title="bbox 199 2681 1821 2756">
     <span class='ocr_line' id='line_1_27' title="bbox 199 2681 1821 2756; baseline 0.006 -21"><span class='ocrx_word' id='word_1_183' title='bbox 199 2681 574 2752; x_wconf 75' lang='lat' dir='ltr'><strong>intelligere</strong></span> <span class='ocrx_word' id='word_1_184' title='bbox 607 2683 860 2750; x_wconf 83' lang='lat' dir='ltr'><strong>potuisse</strong></span> <span class='ocrx_word' id='word_1_185' title='bbox 914 2685 1300 2740; x_wconf 82' lang='lat' dir='ltr'><strong>obtrectatores</strong></span> <span class='ocrx_word' id='word_1_186' title='bbox 1342 2687 1454 2754; x_wconf 89' lang='lat' dir='ltr'><strong>ejus</strong></span> <span class='ocrx_word' id='word_1_187' title='bbox 1483 2703 1597 2756; x_wconf 68' lang='lat' dir='ltr'><strong>qua:</strong></span> <span class='ocrx_word' id='word_1_188' title='bbox 1625 2689 1710 2744; x_wconf 89' lang='lat' dir='ltr'><strong>ille</strong></span> <span class='ocrx_word' id='word_1_189' title='bbox 1755 2691 1821 2744; x_wconf 90' lang='lat' dir='ltr'><strong>ab</strong></span> 
     </span>
    </p>
   </div>
   <div class='ocr_carea' id='block_1_25' title="bbox 189 2777 1820 2850">
    <p class='ocr_par' dir='ltr' id='par_1_25' title="bbox 189 2777 1820 2850">
     <span class='ocr_line' id='line_1_28' title="bbox 189 2777 1820 2850; baseline 0.004 -22"><span class='ocrx_word' id='word_1_190' title='bbox 189 2777 366 2831; x_wconf 80' lang='lat' dir='ltr'><strong>aliis</strong></span> <span class='ocrx_word' id='word_1_191' title='bbox 409 2791 529 2830; x_wconf 89' lang='lat' dir='ltr'><strong>non</strong></span> <span class='ocrx_word' id='word_1_192' title='bbox 554 2784 710 2830; x_wconf 89' lang='lat' dir='ltr'><strong>recte</strong></span> <span class='ocrx_word' id='word_1_193' title='bbox 739 2778 884 2830; x_wconf 87' lang='lat' dir='ltr'><strong>dicta</strong></span> <span class='ocrx_word' id='word_1_194' title='bbox 909 2780 1170 2844; x_wconf 75' lang='lat' dir='ltr'><strong>coarguit,</strong></span> <span class='ocrx_word' id='word_1_195' title='bbox 1206 2789 1256 2832; x_wconf 87' lang='lat' dir='ltr'><strong>et</strong></span> <span class='ocrx_word' id='word_1_196' title='bbox 1284 2795 1400 2848; x_wconf 77' lang='lat' dir='ltr'><strong>qute</strong></span> <span class='ocrx_word' id='word_1_197' title='bbox 1427 2790 1548 2833; x_wconf 89' lang='lat' dir='ltr'><strong>sunt</strong></span> <span class='ocrx_word' id='word_1_198' title='bbox 1575 2796 1689 2849; x_wconf 72' lang='lat' dir='ltr'><strong>qua:</strong></span> <span class='ocrx_word' id='word_1_199' title='bbox 1711 2783 1820 2850; x_wconf 86' lang='lat' dir='ltr'><strong>ipsa</strong></span> 
     </span>
    </p>
   </div>
   <div class='ocr_carea' id='block_1_26' title="bbox 189 2867 1819 2938">
    <p class='ocr_par' dir='ltr' id='par_1_26' title="bbox 189 2867 1819 2938">
     <span class='ocr_line' id='line_1_29' title="bbox 189 2867 1819 2938; baseline 0.003 -17"><span class='ocrx_word' id='word_1_200' title='bbox 189 2869 583 2924; x_wconf 80' lang='lat' dir='ltr'><strong>conﬁrmat.</strong></span> <span class='ocrx_word' id='word_1_201' title='bbox 601 2867 742 2920; x_wconf 91' lang='lat' dir='ltr'><strong>Tum</strong></span> <span class='ocrx_word' id='word_1_202' title='bbox 763 2867 956 2920; x_wconf 86' lang='lat' dir='ltr'><strong>deinde</strong></span> <span class='ocrx_word' id='word_1_203' title='bbox 987 2869 1147 2920; x_wconf 89' lang='lat' dir='ltr'><strong>etiam</strong></span> <span class='ocrx_word' id='word_1_204' title='bbox 1173 2869 1248 2921; x_wconf 84' lang='lat' dir='ltr'><strong>illi</strong></span> <span class='ocrx_word' id='word_1_205' title='bbox 1275 2870 1644 2938; x_wconf 85' lang='lat' dir='ltr'><strong>impudentiam</strong></span> <span class='ocrx_word' id='word_1_206' title='bbox 1674 2887 1819 2926; x_wconf 90' lang='lat' dir='ltr'><strong>suam</strong></span> 
     </span>
    </p>
   </div>
   <div class='ocr_carea' id='block_1_27' title="bbox 185 2957 1819 3032">
    <p class='ocr_par' dir='ltr' id='par_1_27' title="bbox 185 2957 1819 3032">
     <span class='ocr_line' id='line_1_30' title="bbox 185 2957 1819 3032; baseline 0.004 -21"><span class='ocrx_word' id='word_1_207' title='bbox 185 2959 580 3021; x_wconf 78' lang='lat' dir='ltr'><strong>retundant,</strong></span> <span class='ocrx_word' id='word_1_208' title='bbox 616 2957 716 3025; x_wconf 90' lang='lat' dir='ltr'><strong>qui</strong></span> <span class='ocrx_word' id='word_1_209' title='bbox 737 2959 922 3011; x_wconf 86' lang='lat' dir='ltr'><strong>dicunt</strong></span> <span class='ocrx_word' id='word_1_210' title='bbox 943 2972 1063 3011; x_wconf 88' lang='lat' dir='ltr'><strong>eum</strong></span> <span class='ocrx_word' id='word_1_211' title='bbox 1093 2973 1284 3026; x_wconf 89' lang='lat' dir='ltr'><strong>corpus</strong></span> <span class='ocrx_word' id='word_1_212' title='bbox 1312 2960 1522 3026; x_wconf 87' lang='lat' dir='ltr'><strong>quidem</strong></span> <span class='ocrx_word' id='word_1_213' title='bbox 1543 2975 1819 3032; x_wconf 82' lang='lat' dir='ltr'><strong>resurgere</strong></span> 
     </span>
    </p>
   </div>
   <div class='ocr_carea' id='block_1_28' title="bbox 190 3049 1819 3120">
    <p class='ocr_par' dir='ltr' id='par_1_28' title="bbox 190 3049 1819 3120">
     <span class='ocr_line' id='line_1_31' title="bbox 190 3049 1819 3120; baseline 0.005 -20"><span class='ocrx_word' id='word_1_214' title='bbox 190 3049 536 3109; x_wconf 74' lang='lat' dir='ltr'><strong>coirliteri,</strong></span> <span class='ocrx_word' id='word_1_215' title='bbox 567 3061 797 3101; x_wconf 89' lang='lat' dir='ltr'><strong>carnem</strong></span> <span class='ocrx_word' id='word_1_216' title='bbox 824 3063 956 3101; x_wconf 90' lang='lat' dir='ltr'><strong>vero</strong></span> <span class='ocrx_word' id='word_1_217' title='bbox 983 3064 1202 3117; x_wconf 86' lang='lat' dir='ltr'><strong>negare.</strong></span> <span class='ocrx_word' id='word_1_218' title='bbox 1255 3049 1506 3103; x_wconf 86' lang='lat' dir='ltr'><strong>Desinant</strong></span> <span class='ocrx_word' id='word_1_219' title='bbox 1541 3052 1819 3120; x_wconf 84' lang='lat' dir='ltr'><strong>aliquando</strong></span> 
     </span>
    </p>
   </div>
   <div class='ocr_carea' id='block_1_29' title="bbox 187 3137 1815 3216">
    <p class='ocr_par' dir='ltr' id='par_1_29' title="bbox 187 3137 1815 3216">
     <span class='ocr_line' id='line_1_32' title="bbox 187 3137 1815 3216; baseline 0.005 -28"><span class='ocrx_word' id='word_1_220' title='bbox 187 3150 227 3188; x_wconf 82' lang='lat' dir='ltr'><strong>a</strong></span> <span class='ocrx_word' id='word_1_221' title='bbox 279 3137 670 3201; x_wconf 83' lang='lat' dir='ltr'><strong>maledictis,</strong></span> <span class='ocrx_word' id='word_1_222' title='bbox 714 3138 1124 3216; x_wconf 61' lang='lat' dir='ltr'><strong>videntes.eum</strong></span> <span class='ocrx_word' id='word_1_223' title='bbox 1152 3154 1360 3192; x_wconf 85' lang='lat' dir='ltr'><strong>carnem</strong></span> <span class='ocrx_word' id='word_1_224' title='bbox 1400 3139 1550 3194; x_wconf 81' lang='lat' dir='ltr'><strong>Verbi</strong></span> <span class='ocrx_word' id='word_1_225' title='bbox 1577 3141 1666 3196; x_wconf 82' lang='lat' dir='ltr'><strong>Dei</strong></span> <span class='ocrx_word' id='word_1_226' title='bbox 1697 3159 1815 3197; x_wconf 91' lang='lat' dir='ltr'><strong>cum</strong></span> 
     </span>
    </p>
   </div>
   <div class='ocr_carea' id='block_1_30' title="bbox 185 3225 3440 3307">
    <p class='ocr_par' dir='ltr' id='par_1_30' title="bbox 185 3225 3440 3307">
     <span class='ocr_line' id='line_1_33' title="bbox 185 3225 3440 3307; baseline 0.003 -29"><span class='ocrx_word' id='word_1_227' title='bbox 185 3227 358 3294; x_wconf 74' lang='lat' dir='ltr'><strong>ipso</strong></span> <span class='ocrx_word' id='word_1_228' title='bbox 399 3225 598 3281; x_wconf 75' lang='lat' dir='ltr'><strong>Verbo</strong></span> <span class='ocrx_word' id='word_1_229' title='bbox 628 3228 742 3282; x_wconf 91' lang='lat' dir='ltr'><strong>Deo</strong></span> <span class='ocrx_word' id='word_1_230' title='bbox 774 3228 828 3281; x_wconf 89' lang='lat' dir='ltr'><strong>in</strong></span> <span class='ocrx_word' id='word_1_231' title='bbox 866 3228 1025 3292; x_wconf 74' lang='lat' dir='ltr'><strong>coelo,</strong></span> <span class='ocrx_word' id='word_1_232' title='bbox 1055 3242 1158 3294; x_wconf 90' lang='lat' dir='ltr'><strong>quo</strong></span> <span class='ocrx_word' id='word_1_233' title='bbox 1187 3228 1412 3283; x_wconf 80' lang='lat' dir='ltr'><strong>Verbum</strong></span> <span class='ocrx_word' id='word_1_234' title='bbox 1448 3233 1706 3296; x_wconf 87' lang='lat' dir='ltr'><strong>ascendit,</strong></span> <span class='ocrx_word' id='word_1_235' title='bbox 1727 3235 1816 3287; x_wconf 84' lang='lat' dir='ltr'><strong>im-</strong></span> <span class='ocrx_word' id='word_1_236' title='bbox 1839 3247 1880 3304; x_wconf 72' lang='grc' dir='ltr'><strong>ε</strong></span> <span class='ocrx_word' id='word_1_237' title='bbox 1983 3241 2298 3293; x_wconf 64' lang='grc' dir='ltr'>Ριιιιιιιιιιυε.</span> <span class='ocrx_word' id='word_1_238' title='bbox 2353 3237 2460 3307; x_wconf 71' lang='lat'><strong>(64)</strong></span> <span class='ocrx_word' id='word_1_239' title='bbox 2517 3237 2644 3290; x_wconf 90' lang='lat' dir='ltr'><strong>Item</strong></span> <span class='ocrx_word' id='word_1_240' title='bbox 2677 3243 2798 3304; x_wconf 90' lang='lat' dir='ltr'><strong>post</strong></span> <span class='ocrx_word' id='word_1_241' title='bbox 2849 3250 3014 3304; x_wconf 89' lang='lat' dir='ltr'><strong>pauca</strong></span> <span class='ocrx_word' id='word_1_242' title='bbox 3043 3235 3242 3290; x_wconf 84' lang='lat' dir='ltr'><strong>addidit</strong></span> <span class='ocrx_word' id='word_1_243' title='bbox 3282 3234 3440 3288; x_wconf 86' lang='lat' dir='ltr'><strong>etiam</strong></span> 
     </span>
    </p>
   </div>
   <div class='ocr_carea' id='block_1_31' title="bbox 184 3329 476 3382">
    <p class='ocr_par' dir='ltr' id='par_1_31' title="bbox 184 3329 476 3382">
     <span class='ocr_line' id='line_1_34' title="bbox 184 3329 476 3382; baseline -0.003 -13"><span class='ocrx_word' id='word_1_244' title='bbox 184 3329 476 3382; x_wconf 82' lang='lat' dir='ltr'><strong>ponere.</strong></span> 
     </span>
    </p>
   </div>
   <div class='ocr_carea' id='block_1_32' title="bbox 285 3403 1816 3479">
    <p class='ocr_par' dir='ltr' id='par_1_32' title="bbox 285 3403 1816 3479">
     <span class='ocr_line' id='line_1_35' title="bbox 285 3403 1816 3479; baseline 0.006 -23"><span class='ocrx_word' id='word_1_245' title='bbox 285 3403 420 3456; x_wconf 85' lang='lat' dir='ltr'><strong>His</strong></span> <span class='ocrx_word' id='word_1_246' title='bbox 444 3404 747 3474; x_wconf 85' lang='lat' dir='ltr'><strong>conjungit</strong></span> <span class='ocrx_word' id='word_1_247' title='bbox 782 3406 851 3459; x_wconf 86' lang='lat' dir='ltr'><strong>de</strong></span> <span class='ocrx_word' id='word_1_248' title='bbox 881 3405 1154 3476; x_wconf 86' lang='lat' dir='ltr'><strong>suppliciis</strong></span> <span class='ocrx_word' id='word_1_249' title='bbox 1183 3417 1538 3474; x_wconf 81' lang='lat' dir='ltr'><strong>peccatorum,</strong></span> <span class='ocrx_word' id='word_1_250' title='bbox 1567 3425 1684 3479; x_wconf 65' lang='lat' dir='ltr'><strong>quae</strong></span> <span class='ocrx_word' id='word_1_251' title='bbox 1721 3426 1816 3465; x_wconf 91' lang='lat' dir='ltr'><strong>nos</strong></span> 
     </span>
    </p>
   </div>
   <div class='ocr_carea' id='block_1_33' title="bbox 183 3497 1811 3566">
    <p class='ocr_par' dir='ltr' id='par_1_33' title="bbox 183 3497 1811 3566">
     <span class='ocr_line' id='line_1_36' title="bbox 183 3497 1811 3566; baseline 0.006 -22"><span class='ocrx_word' id='word_1_252' title='bbox 183 3506 470 3560; x_wconf 83' lang='lat' dir='ltr'><strong>quoque</strong></span> <span class='ocrx_word' id='word_1_253' title='bbox 529 3504 946 3562; x_wconf 87' lang='lat' dir='ltr'><strong>consequenter</strong></span> <span class='ocrx_word' id='word_1_254' title='bbox 976 3497 1042 3548; x_wconf 91' lang='lat' dir='ltr'><strong>ad</strong></span> <span class='ocrx_word' id='word_1_255' title='bbox 1071 3511 1131 3548; x_wconf 90' lang='lat' dir='ltr'><strong>ea</strong></span> <span class='ocrx_word' id='word_1_256' title='bbox 1152 3512 1268 3564; x_wconf 75' lang='lat' dir='ltr'><strong>quae</strong></span> <span class='ocrx_word' id='word_1_257' title='bbox 1302 3512 1457 3564; x_wconf 86' lang='lat' dir='ltr'><strong>supra</strong></span> <span class='ocrx_word' id='word_1_258' title='bbox 1505 3500 1644 3551; x_wconf 86' lang='lat' dir='ltr'><strong>dicta</strong></span> <span class='ocrx_word' id='word_1_259' title='bbox 1670 3510 1811 3566; x_wconf 89' lang='lat' dir='ltr'><strong>sunt,</strong></span> 
     </span>
    </p>
   </div>
   <div class='ocr_carea' id='block_1_34' title="bbox 184 3582 1814 3651">
    <p class='ocr_par' dir='ltr' id='par_1_34' title="bbox 184 3582 1814 3651">
     <span class='ocr_line' id='line_1_37' title="bbox 184 3582 1814 3651; baseline 0.004 -15"><span class='ocrx_word' id='word_1_260' title='bbox 184 3582 668 3651; x_wconf 80' lang='lat' dir='ltr'><strong>conjungimus,</strong></span> <span class='ocrx_word' id='word_1_261' title='bbox 705 3583 964 3651; x_wconf 89' lang='lat' dir='ltr'><strong>quoniam</strong></span> <span class='ocrx_word' id='word_1_262' title='bbox 986 3583 1042 3637; x_wconf 90' lang='lat' dir='ltr'><strong>in</strong></span> <span class='ocrx_word' id='word_1_263' title='bbox 1061 3585 1244 3640; x_wconf 87' lang='lat' dir='ltr'><strong>ordine</strong></span> <span class='ocrx_word' id='word_1_264' title='bbox 1264 3587 1686 3642; x_wconf 87' lang='lat' dir='ltr'><strong>criminatiouum</strong></span> <span class='ocrx_word' id='word_1_265' title='bbox 1713 3589 1814 3642; x_wconf 91' lang='lat' dir='ltr'><strong>iste</strong></span> 
     </span>
    </p>
   </div>
   <div class='ocr_carea' id='block_1_35' title="bbox 185 3669 918 3740">
    <p class='ocr_par' dir='ltr' id='par_1_35' title="bbox 185 3669 918 3740">
     <span class='ocr_line' id='line_1_38' title="bbox 185 3669 918 3740; baseline 0.005 -18"><span class='ocrx_word' id='word_1_266' title='bbox 185 3669 432 3725; x_wconf 82' lang='lat' dir='ltr'><strong>fuerat</strong></span> <span class='ocrx_word' id='word_1_267' title='bbox 468 3672 612 3726; x_wconf 88' lang='lat' dir='ltr'><strong>ordo</strong></span> <span class='ocrx_word' id='word_1_268' title='bbox 651 3671 918 3740; x_wconf 89' lang='lat' dir='ltr'><strong>digestus.</strong></span> 
     </span>
    </p>
   </div>
   <div class='ocr_carea' id='block_1_36' title="bbox 853 3759 1236 3816">
    <p class='ocr_par' dir='ltr' id='par_1_36' title="bbox 853 3759 1236 3816">
     <span class='ocr_line' id='line_1_39' title="bbox 853 3759 1236 3816; baseline 0 -1"><span class='ocrx_word' id='word_1_269' title='bbox 853 3759 1083 3816; x_wconf 82' lang='lat' dir='ltr'><strong>CAPUT</strong></span> <span class='ocrx_word' id='word_1_270' title='bbox 1111 3761 1236 3816; x_wconf 84' lang='lat' dir='ltr'><strong>VIII.</strong></span> 
     </span>
    </p>
   </div>
   <div class='ocr_carea' id='block_1_37' title="bbox 291 3867 1740 3914">
    <p class='ocr_par' dir='ltr' id='par_1_37' title="bbox 291 3867 1740 3914">
     <span class='ocr_line' id='line_1_40' title="bbox 291 3867 1740 3914; baseline 0 -4"><span class='ocrx_word' id='word_1_271' title='bbox 291 3869 543 3910; x_wconf 68' lang='lat' dir='ltr'><strong>‘LTBRA</strong></span> <span class='ocrx_word' id='word_1_272' title='bbox 576 3867 872 3908; x_wconf 73' lang='grc' dir='ltr'><strong>ιιεεΡοΝειο</strong></span> <span class='ocrx_word' id='word_1_273' title='bbox 908 3868 976 3906; x_wconf 78' lang='lat' dir='ltr'><strong>AD</strong></span> <span class='ocrx_word' id='word_1_274' title='bbox 1014 3868 1272 3908; x_wconf 65' lang='grc' dir='ltr'>εειιτιιιιιι</span> <span class='ocrx_word' id='word_1_275' title='bbox 1312 3870 1740 3914; x_wconf 67' lang='grc' dir='ltr'><strong>(ΞΒΙΙΙΙΝΑΤΙΟΝΕΠ.</strong></span> 
     </span>
    </p>
   </div>
   <div class='ocr_carea' id='block_1_38' title="bbox 730 3943 1370 4010">
    <p class='ocr_par' dir='ltr' id='par_1_38' title="bbox 730 3943 1370 4010">
     <span class='ocr_line' id='line_1_41' title="bbox 730 3943 1370 4010; baseline 0.003 -14"><span class='ocrx_word' id='word_1_276' title='bbox 730 3943 805 3996; x_wconf 87' lang='lat' dir='ltr'><strong>De</strong></span> <span class='ocrx_word' id='word_1_277' title='bbox 837 3943 998 4010; x_wconf 74' lang='lat' dir='ltr'><strong>poenis</strong></span> <span class='ocrx_word' id='word_1_278' title='bbox 1022 3954 1370 4008; x_wconf 77' lang='lat' dir='ltr'><strong>peccatorum.</strong></span> 
     </span>
    </p>
   </div>
   <div class='ocr_carea' id='block_1_39' title="bbox 571 4031 1528 4104">
    <p class='ocr_par' dir='ltr' id='par_1_39' title="bbox 571 4031 1528 4104">
     <span class='ocr_line' id='line_1_42' title="bbox 571 4031 1528 4104; baseline 0.004 -19"><span class='ocrx_word' id='word_1_279' title='bbox 571 4031 678 4104; x_wconf 73' lang='lat' dir='ltr'><strong>(Ex</strong></span> <span class='ocrx_word' id='word_1_280' title='bbox 701 4032 842 4086; x_wconf 91' lang='lat' dir='ltr'><strong>libro</strong></span> <span class='ocrx_word' id='word_1_281' title='bbox 876 4031 1112 4084; x_wconf 87' lang='lat' dir='ltr'><strong>secundo</strong></span> <span class='ocrx_word' id='word_1_282' title='bbox 1134 4033 1268 4099; x_wconf 77' lang='grc' dir='ltr'><strong>Περὶ</strong></span> <span class='ocrx_word' id='word_1_283' title='bbox 1293 4032 1528 4104; x_wconf 79' lang='grc' dir='ltr'><strong>ἀρχῶν.)</strong></span> 
     </span>
    </p>
   </div>
   <div class='ocr_carea' id='block_1_40' title="bbox 289 4120 1812 4192">
    <p class='ocr_par' dir='ltr' id='par_1_40' title="bbox 289 4120 1812 4192">
     <span class='ocr_line' id='line_1_43' title="bbox 289 4120 1812 4192; baseline -0.001 -10"><span class='ocrx_word' id='word_1_284' title='bbox 289 4125 628 4182; x_wconf 68' lang='lat' dir='ltr'><strong>Onrcznes.</strong></span> <span class='ocrx_word' id='word_1_285' title='bbox 663 4122 780 4192; x_wconf 76' lang='grc'>(62)</span> <span class='ocrx_word' id='word_1_286' title='bbox 816 4139 834 4172; x_wconf 84' lang='grc'><em>‹</em></span> <span class='ocrx_word' id='word_1_287' title='bbox 870 4120 979 4188; x_wconf 86' lang='lat' dir='ltr'><strong>Ego</strong></span> <span class='ocrx_word' id='word_1_288' title='bbox 1022 4121 1256 4174; x_wconf 82' lang='lat' dir='ltr'><strong>arbitror</strong></span> <span class='ocrx_word' id='word_1_289' title='bbox 1282 4125 1420 4191; x_wconf 92' lang='lat' dir='ltr'><strong>quod</strong></span> <span class='ocrx_word' id='word_1_290' title='bbox 1449 4125 1584 4180; x_wconf 90' lang='lat' dir='ltr'><strong>sicut</strong></span> <span class='ocrx_word' id='word_1_291' title='bbox 1612 4125 1662 4178; x_wconf 92' lang='lat' dir='ltr'><strong>in</strong></span> <span class='ocrx_word' id='word_1_292' title='bbox 1694 4141 1812 4182; x_wconf 89' lang='lat' dir='ltr'><strong>cor-</strong></span> 
     </span>
    </p>
   </div>
   <div class='ocr_carea' id='block_1_41' title="bbox 191 4209 1812 4284">
    <p class='ocr_par' dir='ltr' id='par_1_41' title="bbox 191 4209 1812 4284">
     <span class='ocr_line' id='line_1_44' title="bbox 191 4209 1812 4284; baseline 0.001 -15"><span class='ocrx_word' id='word_1_293' title='bbox 191 4231 374 4284; x_wconf 82' lang='lat' dir='ltr'><strong>pore</strong></span> <span class='ocrx_word' id='word_1_294' title='bbox 431 4229 586 4270; x_wconf 63' lang='lat' dir='ltr'><strong>escae</strong></span> <span class='ocrx_word' id='word_1_295' title='bbox 646 4210 1015 4274; x_wconf 68' lang='lat' dir='ltr'><strong>abundantia,</strong></span> <span class='ocrx_word' id='word_1_296' title='bbox 1056 4215 1111 4262; x_wconf 84' lang='lat' dir='ltr'><strong>et</strong></span> <span class='ocrx_word' id='word_1_297' title='bbox 1155 4209 1401 4276; x_wconf 79' lang='lat' dir='ltr'><strong>qualitas,</strong></span> <span class='ocrx_word' id='word_1_298' title='bbox 1455 4222 1509 4267; x_wconf 89' lang='lat' dir='ltr'><strong>et</strong></span> <span class='ocrx_word' id='word_1_299' title='bbox 1545 4216 1812 4282; x_wconf 87' lang='lat' dir='ltr'><strong>quantitas</strong></span> 
     </span>
    </p>
   </div>
   <div class='ocr_carea' id='block_1_42' title="bbox 197 4299 1809 4368">
    <p class='ocr_par' dir='ltr' id='par_1_42' title="bbox 197 4299 1809 4368">
     <span class='ocr_line' id='line_1_45' title="bbox 197 4299 1809 4368; baseline -0.001 -6"><span class='ocrx_word' id='word_1_300' title='bbox 197 4308 346 4362; x_wconf 86' lang='lat' dir='ltr'><strong>cibi</strong></span> <span class='ocrx_word' id='word_1_301' title='bbox 390 4303 713 4364; x_wconf 83' lang='lat' dir='ltr'><strong>contraria,</strong></span> <span class='ocrx_word' id='word_1_302' title='bbox 770 4299 947 4355; x_wconf 79' lang='lat' dir='ltr'><strong>febres</strong></span> <span class='ocrx_word' id='word_1_303' title='bbox 1009 4308 1244 4368; x_wconf 85' lang='lat' dir='ltr'><strong>generat,</strong></span> <span class='ocrx_word' id='word_1_304' title='bbox 1289 4309 1342 4354; x_wconf 90' lang='lat' dir='ltr'><strong>et</strong></span> <span class='ocrx_word' id='word_1_305' title='bbox 1384 4302 1558 4357; x_wconf 78' lang='lat' dir='ltr'><strong>febres</strong></span> <span class='ocrx_word' id='word_1_306' title='bbox 1612 4305 1809 4361; x_wconf 89' lang='lat' dir='ltr'><strong>diversi</strong></span> 
     </span>
    </p>
   </div>
   <div class='ocr_carea' id='block_1_43' title="bbox 197 4389 1814 4460">
    <p class='ocr_par' dir='ltr' id='par_1_43' title="bbox 197 4389 1814 4460">
     <span class='ocr_line' id='line_1_46' title="bbox 197 4389 1814 4460; baseline 0 -10"><span class='ocrx_word' id='word_1_307' title='bbox 197 4397 320 4450; x_wconf 77' lang='lat' dir='ltr'><strong>vel</strong></span> <span class='ocrx_word' id='word_1_308' title='bbox 391 4395 575 4460; x_wconf 88' lang='lat' dir='ltr'><strong>modi,</strong></span> <span class='ocrx_word' id='word_1_309' title='bbox 633 4390 722 4445; x_wconf 85' lang='lat' dir='ltr'><strong>vel</strong></span> <span class='ocrx_word' id='word_1_310' title='bbox 768 4389 1042 4456; x_wconf 87' lang='lat' dir='ltr'><strong>temporis,</strong></span> <span class='ocrx_word' id='word_1_311' title='bbox 1097 4392 1382 4445; x_wconf 89' lang='lat' dir='ltr'><strong>secundum</strong></span> <span class='ocrx_word' id='word_1_312' title='bbox 1431 4407 1546 4446; x_wconf 91' lang='lat' dir='ltr'><strong>eam</strong></span> <span class='ocrx_word' id='word_1_313' title='bbox 1606 4410 1814 4451; x_wconf 87' lang='lat' dir='ltr'><strong>mensu-</strong></span> 
     </span>
    </p>
   </div>
   <div class='ocr_carea' id='block_1_44' title="bbox 197 4479 1810 4556">
    <p class='ocr_par' dir='ltr' id='par_1_44' title="bbox 197 4479 1810 4556">
     <span class='ocr_line' id='line_1_47' title="bbox 197 4479 1810 4556; baseline 0 -16"><span class='ocrx_word' id='word_1_314' title='bbox 197 4503 359 4543; x_wconf 80' lang='lat' dir='ltr'><strong>ram</strong></span> <span class='ocrx_word' id='word_1_315' title='bbox 420 4501 536 4556; x_wconf 90' lang='lat' dir='ltr'><strong>qua</strong></span> <span class='ocrx_word' id='word_1_316' title='bbox 594 4481 952 4548; x_wconf 87' lang='lat' dir='ltr'><strong>intemperies</strong></span> <span class='ocrx_word' id='word_1_317' title='bbox 1007 4479 1226 4534; x_wconf 89' lang='lat' dir='ltr'><strong>collecta</strong></span> <span class='ocrx_word' id='word_1_318' title='bbox 1268 4483 1545 4536; x_wconf 86' lang='lat' dir='ltr'><strong>materiam</strong></span> <span class='ocrx_word' id='word_1_319' title='bbox 1579 4487 1810 4555; x_wconf 83' lang='lat' dir='ltr'><strong>suggerit</strong></span> 
     </span>
    </p>
   </div>
   <div class='ocr_carea' id='block_1_45' title="bbox 202 4661 1810 4731">
    <p class='ocr_par' dir='ltr' id='par_1_45' title="bbox 202 4661 1810 4731">
     <span class='ocr_line' id='line_1_48' title="bbox 202 4661 1810 4731; baseline 0.002 -12"><span class='ocrx_word' id='word_1_320' title='bbox 202 4683 411 4723; x_wconf 81' lang='lat' dir='ltr'><strong>versa</strong></span> <span class='ocrx_word' id='word_1_321' title='bbox 444 4661 785 4731; x_wconf 88' lang='lat' dir='ltr'><strong>intemperie</strong></span> <span class='ocrx_word' id='word_1_322' title='bbox 813 4669 1156 4728; x_wconf 86' lang='lat' dir='ltr'><strong>congregata,</strong></span> <span class='ocrx_word' id='word_1_323' title='bbox 1210 4675 1370 4713; x_wconf 88' lang='lat' dir='ltr'><strong>causa</strong></span> <span class='ocrx_word' id='word_1_324' title='bbox 1404 4663 1486 4715; x_wconf 88' lang='lat' dir='ltr'><strong>vel</strong></span> <span class='ocrx_word' id='word_1_325' title='bbox 1518 4666 1810 4722; x_wconf 90' lang='lat' dir='ltr'><strong>acerbioris</strong></span> 
     </span>
    </p>
   </div>
   <div class='ocr_carea' id='block_1_46' title="bbox 205 4748 1808 4820">
    <p class='ocr_par' dir='ltr' id='par_1_46' title="bbox 205 4748 1808 4820">
     <span class='ocr_line' id='line_1_49' title="bbox 205 4748 1808 4820; baseline -0.002 -10"><span class='ocrx_word' id='word_1_326' title='bbox 205 4757 448 4818; x_wconf 86' lang='lat' dir='ltr'><strong>morbi,</strong></span> <span class='ocrx_word' id='word_1_327' title='bbox 480 4754 574 4809; x_wconf 83' lang='lat' dir='ltr'><strong>vel</strong></span> <span class='ocrx_word' id='word_1_328' title='bbox 638 4749 948 4820; x_wconf 80' lang='lat' dir='ltr'><strong>prolixioris</strong></span> <span class='ocrx_word' id='word_1_329' title='bbox 985 4748 1193 4802; x_wconf 87' lang='lat' dir='ltr'><strong>exsistit</strong></span> <span class='ocrx_word' id='word_1_330' title='bbox 1245 4765 1259 4802; x_wconf 88' lang='lat'><strong>:</strong></span> <span class='ocrx_word' id='word_1_331' title='bbox 1319 4749 1390 4801; x_wconf 89' lang='lat' dir='ltr'><strong>ita</strong></span> <span class='ocrx_word' id='word_1_332' title='bbox 1434 4751 1632 4816; x_wconf 88' lang='lat' dir='ltr'><strong>anima,</strong></span> <span class='ocrx_word' id='word_1_333' title='bbox 1690 4767 1808 4807; x_wconf 89' lang='lat' dir='ltr'><strong>cum</strong></span> 
     </span>
    </p>
   </div>
   <div class='ocr_carea' id='block_1_47' title="bbox 212 4839 1809 4906">
    <p class='ocr_par' dir='ltr' id='par_1_47' title="bbox 212 4839 1809 4906">
     <span class='ocr_line' id='line_1_50' title="bbox 212 4839 1809 4906; baseline -0.004 -4"><span class='ocrx_word' id='word_1_334' title='bbox 212 4844 674 4901; x_wconf 86' lang='lat' dir='ltr'><strong>multitudinem</strong></span> <span class='ocrx_word' id='word_1_335' title='bbox 705 4840 966 4894; x_wconf 85' lang='lat' dir='ltr'><strong>malorum</strong></span> <span class='ocrx_word' id='word_1_336' title='bbox 1000 4852 1218 4906; x_wconf 88' lang='lat' dir='ltr'><strong>operum</strong></span> <span class='ocrx_word' id='word_1_337' title='bbox 1258 4845 1310 4890; x_wconf 89' lang='lat' dir='ltr'><strong>et</strong></span> <span class='ocrx_word' id='word_1_338' title='bbox 1341 4839 1721 4894; x_wconf 85' lang='lat' dir='ltr'><strong>abundantiam</strong></span> <span class='ocrx_word' id='word_1_339' title='bbox 1757 4844 1809 4896; x_wconf 93' lang='lat' dir='ltr'><strong>in</strong></span> 
     </span>
    </p>
   </div>
   <div class='ocr_carea' id='block_1_48' title="bbox 209 4930 1810 5007">
    <p class='ocr_par' dir='ltr' id='par_1_48' title="bbox 209 4930 1810 5007">
     <span class='ocr_line' id='line_1_51' title="bbox 209 4930 1810 5007; baseline -0.001 -16"><span class='ocrx_word' id='word_1_340' title='bbox 209 4955 293 4994; x_wconf 84' lang='lat' dir='ltr'><strong>se</strong></span> <span class='ocrx_word' id='word_1_341' title='bbox 321 4932 755 5007; x_wconf 83' lang='lat' dir='ltr'><strong>congregaverit</strong></span> <span class='ocrx_word' id='word_1_342' title='bbox 801 4939 1160 5000; x_wconf 87' lang='lat' dir='ltr'><strong>peccatorum.</strong></span> <span class='ocrx_word' id='word_1_343' title='bbox 1214 4930 1541 4999; x_wconf 88' lang='lat' dir='ltr'><strong>Compelenti</strong></span> <span class='ocrx_word' id='word_1_344' title='bbox 1577 4940 1810 5002; x_wconf 88' lang='lat' dir='ltr'><strong>tempore</strong></span> 
     </span>
    </p>
   </div>
   <div class='ocr_carea' id='block_1_49' title="bbox 205 5019 1807 5090">
    <p class='ocr_par' dir='ltr' id='par_1_49' title="bbox 205 5019 1807 5090">
     <span class='ocr_line' id='line_1_52' title="bbox 205 5019 1807 5090; baseline -0.004 -7"><span class='ocrx_word' id='word_1_345' title='bbox 205 5029 426 5083; x_wconf 86' lang='lat' dir='ltr'><strong>omnis</strong></span> <span class='ocrx_word' id='word_1_346' title='bbox 456 5026 554 5082; x_wconf 89' lang='lat' dir='ltr'><strong>illa</strong></span> <span class='ocrx_word' id='word_1_347' title='bbox 587 5024 854 5077; x_wconf 88' lang='lat' dir='ltr'><strong>malorum</strong></span> <span class='ocrx_word' id='word_1_348' title='bbox 881 5019 1221 5090; x_wconf 83' lang='lat' dir='ltr'><strong>congregatio</strong></span> <span class='ocrx_word' id='word_1_349' title='bbox 1250 5020 1546 5074; x_wconf 87' lang='lat' dir='ltr'><strong>concitatur</strong></span> <span class='ocrx_word' id='word_1_350' title='bbox 1575 5022 1638 5075; x_wconf 89' lang='lat' dir='ltr'><strong>ad</strong></span> <span class='ocrx_word' id='word_1_351' title='bbox 1681 5037 1807 5090; x_wconf 81' lang='lat' dir='ltr'><strong>sup-</strong></span> 
     </span>
    </p>
   </div>
   <div class='ocr_carea' id='block_1_50' title="bbox 212 5110 1807 5186">
    <p class='ocr_par' dir='ltr' id='par_1_50' title="bbox 212 5110 1807 5186">
     <span class='ocr_line' id='line_1_53' title="bbox 212 5110 1807 5186; baseline -0.001 -17"><span class='ocrx_word' id='word_1_352' title='bbox 212 5118 494 5186; x_wconf 78' lang='lat' dir='ltr'><strong>plicium,</strong></span> <span class='ocrx_word' id='word_1_353' title='bbox 535 5123 706 5181; x_wconf 88' lang='lat' dir='ltr'><strong>atque</strong></span> <span class='ocrx_word' id='word_1_354' title='bbox 750 5110 1110 5164; x_wconf 83' lang='lat' dir='ltr'><strong>inﬂammatur</strong></span> <span class='ocrx_word' id='word_1_355' title='bbox 1151 5113 1214 5163; x_wconf 88' lang='lat' dir='ltr'><strong>ad</strong></span> <span class='ocrx_word' id='word_1_356' title='bbox 1260 5123 1478 5178; x_wconf 66' lang='lat' dir='ltr'><strong>poenas:</strong></span> <span class='ocrx_word' id='word_1_357' title='bbox 1507 5124 1623 5162; x_wconf 92' lang='lat' dir='ltr'><strong>cum</strong></span> <span class='ocrx_word' id='word_1_358' title='bbox 1657 5127 1807 5168; x_wconf 91' lang='lat' dir='ltr'><strong>mens</strong></span> 
     </span>
    </p>
   </div>
   <div class='ocr_carea' id='block_1_51' title="bbox 212 5199 1802 5276">
    <p class='ocr_par' dir='ltr' id='par_1_51' title="bbox 212 5199 1802 5276">
     <span class='ocr_line' id='line_1_54' title="bbox 212 5199 1802 5276; baseline -0.003 -17"><span class='ocrx_word' id='word_1_359' title='bbox 212 5209 363 5276; x_wconf 84' lang='lat' dir='ltr'><strong>ipsa</strong></span> <span class='ocrx_word' id='word_1_360' title='bbox 397 5206 484 5260; x_wconf 83' lang='lat' dir='ltr'><strong>vel</strong></span> <span class='ocrx_word' id='word_1_361' title='bbox 519 5201 862 5258; x_wconf 84' lang='lat' dir='ltr'><strong>conscientia</strong></span> <span class='ocrx_word' id='word_1_362' title='bbox 899 5215 989 5264; x_wconf 90' lang='lat' dir='ltr'><strong>per</strong></span> <span class='ocrx_word' id='word_1_363' title='bbox 1017 5199 1250 5252; x_wconf 86' lang='lat' dir='ltr'><strong>divinam</strong></span> <span class='ocrx_word' id='word_1_364' title='bbox 1275 5199 1523 5250; x_wconf 90' lang='lat' dir='ltr'><strong>virtutem</strong></span> <span class='ocrx_word' id='word_1_365' title='bbox 1553 5202 1724 5254; x_wconf 89' lang='lat' dir='ltr'><strong>omnia</strong></span> <span class='ocrx_word' id='word_1_366' title='bbox 1752 5203 1802 5256; x_wconf 92' lang='lat' dir='ltr'><strong>in</strong></span> 
     </span>
    </p>
   </div>
   <div class='ocr_carea' id='block_1_52' title="bbox 315 5291 1289 5357">
    <p class='ocr_par' dir='ltr' id='par_1_52' title="bbox 315 5291 1289 5357">
     <span class='ocr_line' id='line_1_55' title="bbox 315 5291 1289 5357; baseline -0.011 -2"><span class='ocrx_word' id='word_1_367' title='bbox 315 5299 551 5354; x_wconf 79' lang='lat' dir='ltr'><strong>&quot;Joan.</strong></span> <span class='ocrx_word' id='word_1_368' title='bbox 595 5313 639 5357; x_wconf 86' lang='grc' dir='ltr'><strong>ι,</strong></span> <span class='ocrx_word' id='word_1_369' title='bbox 676 5296 728 5349; x_wconf 86' lang='grc'><strong>9.</strong></span> <span class='ocrx_word' id='word_1_370' title='bbox 806 5295 851 5325; x_wconf 79' lang='grc'><strong>⁸⁸</strong></span> <span class='ocrx_word' id='word_1_371' title='bbox 879 5293 1105 5346; x_wconf 81' lang='lat' dir='ltr'><strong>Malacb.</strong></span> <span class='ocrx_word' id='word_1_372' title='bbox 1130 5307 1200 5352; x_wconf 81' lang='grc' dir='ltr'>ιν,</span> <span class='ocrx_word' id='word_1_373' title='bbox 1235 5291 1289 5348; x_wconf 76' lang='lat'><strong>2.</strong></span> 
     </span>
    </p>
   </div>
   <div class='ocr_carea' id='block_1_53' title="bbox 213 5361 1219 5432">
    <p class='ocr_par' dir='ltr' id='par_1_53' title="bbox 213 5361 1219 5432">
     <span class='ocr_line' id='line_1_56' title="bbox 213 5361 1219 5432; baseline -0.008 -11"><span class='ocrx_word' id='word_1_374' title='bbox 213 5370 283 5401; x_wconf 80' lang='grc'><strong>⁸³</strong></span> <span class='ocrx_word' id='word_1_375' title='bbox 325 5368 423 5422; x_wconf 82' lang='lat' dir='ltr'><strong>Isa.</strong></span> <span class='ocrx_word' id='word_1_376' title='bbox 460 5385 517 5432; x_wconf 69' lang='grc' dir='ltr'>χ,</span> <span class='ocrx_word' id='word_1_377' title='bbox 554 5366 652 5420; x_wconf 85' lang='grc'><strong>17.</strong></span> <span class='ocrx_word' id='word_1_378' title='bbox 723 5363 768 5395; x_wconf 66' lang='grc'><strong>⁸⁵</strong></span> <span class='ocrx_word' id='word_1_379' title='bbox 802 5362 1022 5416; x_wconf 81' lang='lat' dir='ltr'><strong>Malach.</strong></span> <span class='ocrx_word' id='word_1_380' title='bbox 1063 5376 1140 5421; x_wconf 86' lang='grc' dir='ltr'><strong>ιιι,</strong></span> <span class='ocrx_word' id='word_1_381' title='bbox 1169 5361 1219 5414; x_wconf 78' lang='lat'><strong>5.</strong></span> 
     </span>
    </p>
   </div>
   <div class='ocr_carea' id='block_1_54' title="bbox 322 5453 1800 5530">
    <p class='ocr_par' dir='ltr' id='par_1_54' title="bbox 322 5453 1800 5530">
     <span class='ocr_line' id='line_1_57' title="bbox 322 5453 1800 5530; baseline -0.004 -15"><span class='ocrx_word' id='word_1_382' title='bbox 322 5461 432 5530; x_wconf 85' lang='lat'><strong>(60)</strong></span> <span class='ocrx_word' id='word_1_383' title='bbox 477 5461 565 5530; x_wconf 78' lang='lat' dir='ltr'><strong>Ita</strong></span> <span class='ocrx_word' id='word_1_384' title='bbox 609 5471 967 5530; x_wconf 69' lang='lat' dir='ltr'><strong>omnesmss.</strong></span> <span class='ocrx_word' id='word_1_385' title='bbox 989 5453 1136 5530; x_wconf 83' lang='lat' dir='ltr'><strong>_Ed_iti</strong></span> <span class='ocrx_word' id='word_1_386' title='bbox 1168 5465 1341 5530; x_wconf 44' lang='lat' dir='ltr'><strong>vero,</strong></span> <span class='ocrx_word' id='word_1_387' title='bbox 1377 5469 1556 5530; x_wconf 75' lang='lat' dir='ltr'><strong>nomen</strong></span> <span class='ocrx_word' id='word_1_388' title='bbox 1584 5471 1748 5510; x_wconf 85' lang='lat' dir='ltr'><strong>meum</strong></span> <span class='ocrx_word' id='word_1_389' title='bbox 1779 5476 1800 5524; x_wconf 89' lang='lat'><strong>,-</strong></span> 
     </span>
    </p>
   </div>
   <div class='ocr_carea' id='block_1_55' title="bbox 210 5521 1675 5591">
    <p class='ocr_par' dir='ltr' id='par_1_55' title="bbox 210 5521 1675 5591">
     <span class='ocr_line' id='line_1_58' title="bbox 210 5521 1675 5591; baseline -0.007 -4"><span class='ocrx_word' id='word_1_390' title='bbox 210 5541 298 5587; x_wconf 85' lang='lat' dir='ltr'><strong>et</strong></span> <span class='ocrx_word' id='word_1_391' title='bbox 330 5521 505 5591; x_wconf 76' lang='lat' dir='ltr'><strong>infra,</strong></span> <span class='ocrx_word' id='word_1_392' title='bbox 542 5529 608 5580; x_wconf 86' lang='lat' dir='ltr'><strong>In</strong></span> <span class='ocrx_word' id='word_1_393' title='bbox 632 5525 724 5577; x_wconf 84' lang='lat' dir='ltr'><strong>illo</strong></span> <span class='ocrx_word' id='word_1_394' title='bbox 744 5526 878 5577; x_wconf 87' lang='lat' dir='ltr'><strong>enim</strong></span> <span class='ocrx_word' id='word_1_395' title='bbox 906 5523 1029 5577; x_wconf 89' lang='lat' dir='ltr'><strong>Sole</strong></span> <span class='ocrx_word' id='word_1_396' title='bbox 1045 5521 1266 5588; x_wconf 78' lang='lat' dir='ltr'><strong>justitite</strong></span> <span class='ocrx_word' id='word_1_397' title='bbox 1295 5521 1546 5591; x_wconf 68' lang='lat' dir='ltr'><strong>Ecclesia,</strong></span> <span class='ocrx_word' id='word_1_398' title='bbox 1573 5535 1675 5577; x_wconf 89' lang='lat' dir='ltr'><strong>etc.</strong></span> 
     </span>
    </p>
   </div>
   <div class='ocr_carea' id='block_1_56' title="bbox 119 5589 1802 5667">
    <p class='ocr_par' dir='ltr' id='par_1_56' title="bbox 119 5589 1802 5667">
     <span class='ocr_line' id='line_1_59' title="bbox 119 5589 1802 5667; baseline -0.005 -11"><span class='ocrx_word' id='word_1_399' title='bbox 119 5630 152 5667; x_wconf 28' lang='lat' dir='ltr'><strong>3A.</strong></span> <span class='ocrx_word' id='word_1_400' title='bbox 325 5599 435 5667; x_wconf 81' lang='grc'><strong>(61)</strong></span> <span class='ocrx_word' id='word_1_401' title='bbox 473 5589 656 5667; x_wconf 79' lang='lat' dir='ltr'><strong>Editi,</strong></span> <span class='ocrx_word' id='word_1_402' title='bbox 684 5594 822 5660; x_wconf 87' lang='lat' dir='ltr'><strong>quod</strong></span> <span class='ocrx_word' id='word_1_403' title='bbox 845 5591 1034 5667; x_wconf 54' lang='lat' dir='ltr'><strong>dixerit</strong></span> <span class='ocrx_word' id='word_1_404' title='bbox 1066 5589 1341 5667; x_wconf 58' lang='lat' dir='ltr'><strong>corpusne!</strong></span> <span class='ocrx_word' id='word_1_405' title='bbox 1375 5604 1577 5667; x_wconf 65' lang='lat' dir='ltr'><strong>carnem</strong></span> <span class='ocrx_word' id='word_1_406' title='bbox 1612 5591 1802 5648; x_wconf 75' lang='lat' dir='ltr'><strong>Christi</strong></span> 
     </span>
    </p>
   </div>
   <div class='ocr_carea' id='block_1_57' title="bbox 117 5655 1802 5734">
    <p class='ocr_par' dir='ltr' id='par_1_57' title="bbox 117 5655 1802 5734">
     <span class='ocr_line' id='line_1_60' title="bbox 117 5655 1802 5734; baseline -0.004 -13"><span class='ocrx_word' id='word_1_407' title='bbox 117 5661 156 5702; x_wconf 55' lang='grc' dir='ltr'><strong>Ὗς</strong></span> <span class='ocrx_word' id='word_1_408' title='bbox 214 5655 430 5734; x_wconf 48' lang='lat' dir='ltr'><strong>usque,</strong></span> <span class='ocrx_word' id='word_1_409' title='bbox 445 5668 520 5718; x_wconf 87' lang='lat' dir='ltr'><strong>ad</strong></span> <span class='ocrx_word' id='word_1_410' title='bbox 540 5655 707 5717; x_wconf 77' lang='lat' dir='ltr'><strong>solem</strong></span> <span class='ocrx_word' id='word_1_411' title='bbox 730 5670 926 5713; x_wconf 84' lang='lat' dir='ltr'><strong>vectam</strong></span> <span class='ocrx_word' id='word_1_412' title='bbox 958 5657 1053 5728; x_wconf 80' lang='lat' dir='ltr'><strong>[aL</strong></span> <span class='ocrx_word' id='word_1_413' title='bbox 1088 5655 1311 5724; x_wconf 76' lang='lat' dir='ltr'><strong>vectari],</strong></span> <span class='ocrx_word' id='word_1_414' title='bbox 1329 5669 1428 5712; x_wconf 88' lang='lat' dir='ltr'><strong>etc.</strong></span> <span class='ocrx_word' id='word_1_415' title='bbox 1463 5657 1656 5718; x_wconf 89' lang='lat' dir='ltr'><strong>Omnes</strong></span> <span class='ocrx_word' id='word_1_416' title='bbox 1681 5678 1802 5720; x_wconf 84' lang='lat' dir='ltr'><strong>vero</strong></span> 
     </span>
    </p>
   </div>
   <div class='ocr_carea' id='block_1_58' title="bbox 218 5735 983 5793">
    <p class='ocr_par' dir='ltr' id='par_1_58' title="bbox 218 5735 983 5793">
     <span class='ocr_line' id='line_1_61' title="bbox 218 5735 983 5793; baseline -0.018 1"><span class='ocrx_word' id='word_1_417' title='bbox 218 5751 379 5793; x_wconf 85' lang='lat' dir='ltr'><strong>mss.</strong></span> <span class='ocrx_word' id='word_1_418' title='bbox 418 5745 482 5788; x_wconf 90' lang='lat' dir='ltr'><strong>ut</strong></span> <span class='ocrx_word' id='word_1_419' title='bbox 515 5735 575 5786; x_wconf 90' lang='lat' dir='ltr'><strong>in</strong></span> <span class='ocrx_word' id='word_1_420' title='bbox 597 5739 788 5783; x_wconf 86' lang='lat' dir='ltr'><strong>nostro</strong></span> <span class='ocrx_word' id='word_1_421' title='bbox 820 5737 983 5780; x_wconf 76' lang='lat' dir='ltr'><strong>textu.</strong></span> 
     </span>
    </p>
   </div>
   <div class='ocr_carea' id='block_1_59' title="bbox 324 5792 1621 5872">
    <p class='ocr_par' dir='ltr' id='par_1_59' title="bbox 324 5792 1621 5872">
     <span class='ocr_line' id='line_1_62' title="bbox 324 5792 1621 5872; baseline -0.004 -20"><span class='ocrx_word' id='word_1_422' title='bbox 324 5805 434 5872; x_wconf 72' lang='lat'><strong>(62)</strong></span> <span class='ocrx_word' id='word_1_423' title='bbox 465 5802 556 5872; x_wconf 64' lang='lat' dir='ltr'><strong>Ex</strong></span> <span class='ocrx_word' id='word_1_424' title='bbox 585 5799 686 5850; x_wconf 89' lang='lat' dir='ltr'><strong>lib.</strong></span> <span class='ocrx_word' id='word_1_425' title='bbox 718 5811 754 5848; x_wconf 86' lang='grc' dir='ltr'><strong>ιι</strong></span> <span class='ocrx_word' id='word_1_426' title='bbox 792 5794 862 5848; x_wconf 88' lang='lat' dir='ltr'><strong>De</strong></span> <span class='ocrx_word' id='word_1_427' title='bbox 889 5792 1137 5864; x_wconf 84' lang='lat' dir='ltr'><strong>princip.,</strong></span> <span class='ocrx_word' id='word_1_428' title='bbox 1157 5809 1268 5864; x_wconf 81' lang='lat' dir='ltr'><strong>cap.</strong></span> <span class='ocrx_word' id='word_1_429' title='bbox 1292 5796 1375 5866; x_wconf 83' lang='grc'><strong>10,</strong></span> <span class='ocrx_word' id='word_1_430' title='bbox 1407 5811 1549 5854; x_wconf 87' lang='lat' dir='ltr'><strong>num.</strong></span> <span class='ocrx_word' id='word_1_431' title='bbox 1570 5797 1621 5855; x_wconf 77' lang='grc'>4,</span> 
     </span>
    </p>
   </div>
   <div class='ocr_carea' id='block_1_60' title="bbox 325 5871 813 5944">
    <p class='ocr_par' dir='ltr' id='par_1_60' title="bbox 325 5871 813 5944">
     <span class='ocr_line' id='line_1_63' title="bbox 325 5871 813 5944; baseline -0.02 -19"><span class='ocrx_word' id='word_1_432' title='bbox 325 5871 434 5944; x_wconf 80' lang='grc'><strong>(65)</strong></span> <span class='ocrx_word' id='word_1_433' title='bbox 458 5871 610 5937; x_wconf 80' lang='lat' dir='ltr'><strong>Lege</strong></span> <span class='ocrx_word' id='word_1_434' title='bbox 635 5872 813 5919; x_wconf 87' lang='lat' dir='ltr'><strong>caute.</strong></span> 
     </span>
    </p>
   </div>
   <div class='ocr_carea' id='block_1_61' title="bbox 3357 512 3460 570">
    <p class='ocr_par' dir='ltr' id='par_1_61' title="bbox 3357 512 3460 570">
     <span class='ocr_line' id='line_1_64' title="bbox 3357 512 3460 570; baseline 0 0"><span class='ocrx_word' id='word_1_435' title='bbox 3357 512 3460 570; x_wconf 67' lang='grc'><strong>602</strong></span> 
     </span>
    </p>
   </div>
   <div class='ocr_carea' id='block_1_62' title="bbox 269 569 1786 663">
    <p class='ocr_par' dir='ltr' id='par_1_62' title="bbox 269 569 1784 663">
     <span class='ocr_line' id='line_1_65' title="bbox 269 569 1784 663; baseline 0.002 -3"><span class='ocrx_word' id='word_1_436' title='bbox 269 615 332 660; x_wconf 73' lang='grc' dir='ltr'><em>Ι</em></span> <span class='ocrx_word' id='word_1_437' title='bbox 373 569 440 663; x_wconf 24' lang='grc' dir='ltr'><strong>κει</strong></span> <span class='ocrx_word' id='word_1_438' title='bbox 490 584 762 644; x_wconf 52' lang='lat' dir='ltr'><strong>secreta</strong></span> <span class='ocrx_word' id='word_1_439' title='bbox 809 607 998 663; x_wconf 72' lang='grc' dir='ltr'><strong>ηοιιίε</strong></span> <span class='ocrx_word' id='word_1_440' title='bbox 1036 612 1315 663; x_wconf 67' lang='grc' dir='ltr'>ειιὶινῑιειιια</span> <span class='ocrx_word' id='word_1_441' title='bbox 1367 630 1724 663; x_wconf 56' lang='lat' dir='ltr'><strong>inlunis-nullm</strong></span> <span class='ocrx_word' id='word_1_442' title='bbox 1755 633 1784 663; x_wconf 87' lang='grc' dir='ltr'><strong>,ι</strong></span> 
     </span>
    </p>
   </div>
   <div class='ocr_carea' id='block_1_63' title="bbox 1930 569 3080 663">
    <p class='ocr_par' dir='ltr' id='par_1_63' title="bbox 1941 625 3080 663">
     <span class='ocr_line' id='line_1_66' title="bbox 1941 625 3080 663; baseline 0 0"><span class='ocrx_word' id='word_1_443' title='bbox 1941 630 2249 663; x_wconf 67' lang='grc' dir='ltr'><strong>ηιΔηιΛνῖοὶιη</strong></span> <span class='ocrx_word' id='word_1_444' title='bbox 2286 625 2554 663; x_wconf 68' lang='grc' dir='ltr'><strong>ναρίιιίρης</strong></span> <span class='ocrx_word' id='word_1_445' title='bbox 2617 639 2838 663; x_wconf 67' lang='grc' dir='ltr'>ηιιηιιιιηι</span> <span class='ocrx_word' id='word_1_446' title='bbox 2872 631 2922 663; x_wconf 68' lang='grc' dir='ltr'>ῗιι</span> <span class='ocrx_word' id='word_1_447' title='bbox 2955 647 3012 663; x_wconf 64' lang='lat' dir='ltr'><strong>an</strong></span> <span class='ocrx_word' id='word_1_448' title='bbox 3040 632 3080 663; x_wconf 70' lang='grc' dir='ltr'><strong>οε</strong></span> 
     </span>
    </p>
   </div>
   <div class='ocr_carea' id='block_1_64' title="bbox 106 621 1786 720">
    <p class='ocr_par' dir='ltr' id='par_1_64' title="bbox 106 621 1784 720">
     <span class='ocr_line' id='line_1_67' title="bbox 106 621 1784 720; baseline -0.005 -29"><span class='ocrx_word' id='word_1_449' title='bbox 106 621 328 720; x_wconf 44' lang='lat' dir='ltr'><strong>ir</strong></span> <span class='ocrx_word' id='word_1_450' title='bbox 361 621 1009 720; x_wconf 39' lang='grc' dir='ltr'><strong>ερεξξιξέξὲἶηῗῗυιίι</strong></span> <span class='ocrx_word' id='word_1_451' title='bbox 1036 621 1323 720; x_wconf 77' lang='lat' dir='ltr'><strong>spiritalis</strong></span> <span class='ocrx_word' id='word_1_452' title='bbox 1367 630 1724 698; x_wconf 70' lang='lat' dir='ltr'><strong>intelligentiae</strong></span> <span class='ocrx_word' id='word_1_453' title='bbox 1755 633 1784 684; x_wconf 88' lang='lat' dir='ltr'><strong>d</strong></span> 
     </span>
    </p>
   </div>
   <div class='ocr_carea' id='block_1_65' title="bbox 1930 621 3452 720">
    <p class='ocr_par' dir='ltr' id='par_1_65' title="bbox 1941 625 3452 703">
     <span class='ocr_line' id='line_1_68' title="bbox 1941 625 3452 703; baseline 0.003 -19"><span class='ocrx_word' id='word_1_454' title='bbox 1941 630 2250 684; x_wconf 84' lang='lat' dir='ltr'><strong>memoriam</strong></span> <span class='ocrx_word' id='word_1_455' title='bbox 2285 625 2574 696; x_wconf 87' lang='lat' dir='ltr'><strong>recipiens,</strong></span> <span class='ocrx_word' id='word_1_456' title='bbox 2617 639 2838 694; x_wconf 84' lang='lat' dir='ltr'><strong>qnorum</strong></span> <span class='ocrx_word' id='word_1_457' title='bbox 2871 631 2922 687; x_wconf 91' lang='lat' dir='ltr'><strong>in</strong></span> <span class='ocrx_word' id='word_1_458' title='bbox 2954 647 3012 688; x_wconf 89' lang='lat' dir='ltr'><strong>se</strong></span> <span class='ocrx_word' id='word_1_459' title='bbox 3039 632 3186 703; x_wconf 85' lang='lat' dir='ltr'><strong>signa</strong></span> <span class='ocrx_word' id='word_1_460' title='bbox 3215 633 3452 701; x_wconf 63' lang='lat' dir='ltr'><strong>quadam</strong></span> 
     </span>
    </p>
   </div>
   <div class='ocr_carea' id='block_1_66' title="bbox 49 686 3452 792">
    <p class='ocr_par' dir='ltr' id='par_1_66' title="bbox 49 686 3452 792">
     <span class='ocr_line' id='line_1_69' title="bbox 49 686 3452 792; baseline 0.001 -20"><span class='ocrx_word' id='word_1_461' title='bbox 49 686 652 792; x_wconf 47' lang='grc' dir='ltr'><strong>θεῖ,ζεῖξῖ</strong></span> <span class='ocrx_word' id='word_1_462' title='bbox 697 686 900 792; x_wconf 55' lang='grc' dir='ltr'><strong>9⁸³θά</strong></span> <span class='ocrx_word' id='word_1_463' title='bbox 948 714 1078 772; x_wconf 70' lang='grc' dir='ltr'><strong>θτςο</strong></span> <span class='ocrx_word' id='word_1_464' title='bbox 1107 719 1139 759; x_wconf 69' lang='grc'>³</span> <span class='ocrx_word' id='word_1_465' title='bbox 1182 716 1360 773; x_wconf 87' lang='lat' dir='ltr'><strong>nobis</strong></span> <span class='ocrx_word' id='word_1_466' title='bbox 1399 723 1622 775; x_wconf 85' lang='lat' dir='ltr'><strong>sentitur</strong></span> <span class='ocrx_word' id='word_1_467' title='bbox 1660 721 1710 773; x_wconf 89' lang='lat' dir='ltr'><strong>in</strong></span> <span class='ocrx_word' id='word_1_468' title='bbox 1735 720 1836 774; x_wconf 90' lang='lat' dir='ltr'><strong>hoc</strong></span> <span class='ocrx_word' id='word_1_469' title='bbox 1935 736 1996 774; x_wconf 87' lang='lat' dir='ltr'><strong>ac</strong></span> <span class='ocrx_word' id='word_1_470' title='bbox 2024 721 2242 786; x_wconf 77' lang='lat' dir='ltr'><strong>formas,</strong></span> <span class='ocrx_word' id='word_1_471' title='bbox 2270 734 2386 772; x_wconf 90' lang='lat' dir='ltr'><strong>cum</strong></span> <span class='ocrx_word' id='word_1_472' title='bbox 2406 725 2668 787; x_wconf 86' lang='lat' dir='ltr'><strong>peccaret,</strong></span> <span class='ocrx_word' id='word_1_473' title='bbox 2686 732 3037 789; x_wconf 83' lang='lat' dir='ltr'><strong>expresserat,</strong></span> <span class='ocrx_word' id='word_1_474' title='bbox 3056 686 3116 777; x_wconf 55' lang='lat' dir='ltr'><strong>ei</strong></span> <span class='ocrx_word' id='word_1_475' title='bbox 3132 724 3452 792; x_wconf 83' lang='lat' dir='ltr'><strong>singulorum</strong></span> 
     </span>
    </p>
   </div>
   <div class='ocr_carea' id='block_1_67' title="bbox 1933 805 3453 882">
    <p class='ocr_par' dir='ltr' id='par_1_67' title="bbox 1933 805 3453 882">
     <span class='ocr_line' id='line_1_70' title="bbox 1933 805 3453 882; baseline 0.002 -19"><span class='ocrx_word' id='word_1_476' title='bbox 1933 819 2199 880; x_wconf 87' lang='lat' dir='ltr'><strong>gestorum</strong></span> <span class='ocrx_word' id='word_1_477' title='bbox 2231 823 2447 863; x_wconf 88' lang='lat' dir='ltr'><strong>suorum</strong></span> <span class='ocrx_word' id='word_1_478' title='bbox 2467 820 2583 873; x_wconf 69' lang='lat' dir='ltr'><strong>qua:</strong></span> <span class='ocrx_word' id='word_1_479' title='bbox 2599 805 2680 859; x_wconf 89' lang='lat' dir='ltr'><strong>vel</strong></span> <span class='ocrx_word' id='word_1_480' title='bbox 2703 808 2839 865; x_wconf 69' lang='lat' dir='ltr'><strong>foede</strong></span> <span class='ocrx_word' id='word_1_481' title='bbox 2860 813 2943 866; x_wconf 89' lang='lat' dir='ltr'><strong>vel</strong></span> <span class='ocrx_word' id='word_1_482' title='bbox 2965 814 3182 880; x_wconf 91' lang='lat' dir='ltr'><strong>turpiter</strong></span> <span class='ocrx_word' id='word_1_483' title='bbox 3201 823 3453 882; x_wconf 84' lang='lat' dir='ltr'><strong>gesserat,</strong></span> 
     </span>
    </p>
   </div>
   <div class='ocr_carea' id='block_1_68' title="bbox 1935 896 3450 970">
    <p class='ocr_par' dir='ltr' id='par_1_68' title="bbox 1935 896 3450 970">
     <span class='ocr_line' id='line_1_71' title="bbox 1935 896 3450 970; baseline 0.003 -20"><span class='ocrx_word' id='word_1_484' title='bbox 1935 899 2016 951; x_wconf 90' lang='lat' dir='ltr'><strong>vel</strong></span> <span class='ocrx_word' id='word_1_485' title='bbox 2047 900 2204 951; x_wconf 85' lang='lat' dir='ltr'><strong>etiam</strong></span> <span class='ocrx_word' id='word_1_486' title='bbox 2254 898 2414 966; x_wconf 88' lang='lat' dir='ltr'><strong>impie</strong></span> <span class='ocrx_word' id='word_1_487' title='bbox 2452 896 2813 963; x_wconf 87' lang='lat' dir='ltr'><strong>commiserat,</strong></span> <span class='ocrx_word' id='word_1_488' title='bbox 2868 901 3138 956; x_wconf 88' lang='lat' dir='ltr'><strong>historiam</strong></span> <span class='ocrx_word' id='word_1_489' title='bbox 3169 904 3450 970; x_wconf 77' lang='lat' dir='ltr'><strong>quamdam</strong></span> 
     </span>
    </p>
   </div>
   <div class='ocr_carea' id='block_1_69' title="bbox 1935 988 3450 1059">
    <p class='ocr_par' dir='ltr' id='par_1_69' title="bbox 1935 988 3450 1059">
     <span class='ocr_line' id='line_1_72' title="bbox 1935 988 3450 1059; baseline 0.002 -17"><span class='ocrx_word' id='word_1_490' title='bbox 1935 988 2192 1042; x_wconf 88' lang='lat' dir='ltr'><strong>scelerum</strong></span> <span class='ocrx_word' id='word_1_491' title='bbox 2223 1003 2436 1042; x_wconf 90' lang='lat' dir='ltr'><strong>suorum</strong></span> <span class='ocrx_word' id='word_1_492' title='bbox 2488 997 2610 1040; x_wconf 87' lang='lat' dir='ltr'><strong>ante</strong></span> <span class='ocrx_word' id='word_1_493' title='bbox 2645 989 2826 1044; x_wconf 83' lang='lat' dir='ltr'><strong>oculos</strong></span> <span class='ocrx_word' id='word_1_494' title='bbox 2868 1004 2989 1044; x_wconf 91' lang='lat' dir='ltr'><strong>suos</strong></span> <span class='ocrx_word' id='word_1_495' title='bbox 3020 991 3220 1045; x_wconf 89' lang='lat' dir='ltr'><strong>videbit</strong></span> <span class='ocrx_word' id='word_1_496' title='bbox 3247 993 3450 1059; x_wconf 82' lang='lat' dir='ltr'><strong>exposi-</strong></span> 
     </span>
    </p>
   </div>
   <div class='ocr_carea' id='block_1_70' title="bbox 1936 1074 3452 1149">
    <p class='ocr_par' dir='ltr' id='par_1_70' title="bbox 1936 1074 3452 1149">
     <span class='ocr_line' id='line_1_73' title="bbox 1936 1074 3452 1149; baseline 0.003 -21"><span class='ocrx_word' id='word_1_497' title='bbox 1936 1085 2061 1129; x_wconf 84' lang='lat' dir='ltr'><strong>tam.</strong></span> <span class='ocrx_word' id='word_1_498' title='bbox 2081 1074 2230 1129; x_wconf 90' lang='lat' dir='ltr'><strong>Tunc</strong></span> <span class='ocrx_word' id='word_1_499' title='bbox 2249 1084 2302 1129; x_wconf 94' lang='lat' dir='ltr'><strong>et</strong></span> <span class='ocrx_word' id='word_1_500' title='bbox 2336 1077 2444 1143; x_wconf 90' lang='lat' dir='ltr'><strong>ipsa</strong></span> <span class='ocrx_word' id='word_1_501' title='bbox 2469 1075 2813 1135; x_wconf 85' lang='lat' dir='ltr'><strong>conscientia.</strong></span> <span class='ocrx_word' id='word_1_502' title='bbox 2839 1078 3064 1144; x_wconf 86' lang='lat' dir='ltr'><strong>propriis</strong></span> <span class='ocrx_word' id='word_1_503' title='bbox 3092 1079 3320 1133; x_wconf 89' lang='lat' dir='ltr'><strong>stimulis</strong></span> <span class='ocrx_word' id='word_1_504' title='bbox 3341 1080 3452 1149; x_wconf 83' lang='lat' dir='ltr'><strong>agi-</strong></span> 
     </span>
    </p>
   </div>
   <div class='ocr_carea' id='block_1_71' title="bbox 1934 1164 3453 1235">
    <p class='ocr_par' dir='ltr' id='par_1_71' title="bbox 1934 1164 3453 1235">
     <span class='ocr_line' id='line_1_74' title="bbox 1934 1164 3453 1235; baseline 0.003 -17"><span class='ocrx_word' id='word_1_505' title='bbox 1934 1173 2075 1219; x_wconf 84' lang='lat' dir='ltr'><strong>tatur</strong></span> <span class='ocrx_word' id='word_1_506' title='bbox 2100 1175 2256 1232; x_wconf 87' lang='lat' dir='ltr'><strong>atque</strong></span> <span class='ocrx_word' id='word_1_507' title='bbox 2276 1165 2665 1235; x_wconf 87' lang='lat' dir='ltr'><strong>compungitur,</strong></span> <span class='ocrx_word' id='word_1_508' title='bbox 2685 1173 2738 1219; x_wconf 86' lang='lat' dir='ltr'><strong>et</strong></span> <span class='ocrx_word' id='word_1_509' title='bbox 2766 1166 2876 1218; x_wconf 88' lang='lat' dir='ltr'><strong>suis</strong></span> <span class='ocrx_word' id='word_1_510' title='bbox 2901 1165 3013 1232; x_wconf 89' lang='lat' dir='ltr'><strong>ipsa</strong></span> <span class='ocrx_word' id='word_1_511' title='bbox 3039 1164 3262 1220; x_wconf 82' lang='lat' dir='ltr'><strong>ellicitur</strong></span> <span class='ocrx_word' id='word_1_512' title='bbox 3293 1183 3453 1222; x_wconf 85' lang='lat' dir='ltr'><strong>accu-</strong></span> 
     </span>
    </p>
   </div>
   <div class='ocr_carea' id='block_1_72' title="bbox 1934 1257 3444 1328">
    <p class='ocr_par' dir='ltr' id='par_1_72' title="bbox 1934 1257 3444 1328">
     <span class='ocr_line' id='line_1_75' title="bbox 1934 1257 3444 1328; baseline 0.003 -16"><span class='ocrx_word' id='word_1_513' title='bbox 1934 1259 2120 1322; x_wconf 79' lang='lat' dir='ltr'><strong>satrix,</strong></span> <span class='ocrx_word' id='word_1_514' title='bbox 2145 1268 2200 1312; x_wconf 91' lang='lat' dir='ltr'><strong>et</strong></span> <span class='ocrx_word' id='word_1_515' title='bbox 2230 1259 2396 1312; x_wconf 89' lang='lat' dir='ltr'><strong>testis.</strong></span> <span class='ocrx_word' id='word_1_516' title='bbox 2431 1258 2578 1324; x_wconf 87' lang='lat' dir='ltr'><strong>Quod</strong></span> <span class='ocrx_word' id='word_1_517' title='bbox 2605 1257 2676 1312; x_wconf 88' lang='lat' dir='ltr'><strong>ita</strong></span> <span class='ocrx_word' id='word_1_518' title='bbox 2703 1258 2934 1312; x_wconf 87' lang='lat' dir='ltr'><strong>sensisse</strong></span> <span class='ocrx_word' id='word_1_519' title='bbox 2959 1259 3118 1312; x_wconf 86' lang='lat' dir='ltr'><strong>etiam</strong></span> <span class='ocrx_word' id='word_1_520' title='bbox 3153 1261 3444 1328; x_wconf 87' lang='lat' dir='ltr'><strong>apostolum</strong></span> 
     </span>
    </p>
   </div>
   <div class='ocr_carea' id='block_1_73' title="bbox 1937 1348 3450 1419">
    <p class='ocr_par' dir='ltr' id='par_1_73' title="bbox 1937 1348 3450 1419">
     <span class='ocr_line' id='line_1_76' title="bbox 1937 1348 3450 1419; baseline 0.002 -18"><span class='ocrx_word' id='word_1_521' title='bbox 1937 1349 2151 1402; x_wconf 88' lang='lat' dir='ltr'><strong>Paulum</strong></span> <span class='ocrx_word' id='word_1_522' title='bbox 2181 1359 2327 1418; x_wconf 88' lang='lat' dir='ltr'><strong>puto,</strong></span> <span class='ocrx_word' id='word_1_523' title='bbox 2354 1363 2471 1403; x_wconf 90' lang='lat' dir='ltr'><strong>cum</strong></span> <span class='ocrx_word' id='word_1_524' title='bbox 2509 1350 2636 1403; x_wconf 88' lang='lat' dir='ltr'><strong>dicit</strong></span> <span class='ocrx_word' id='word_1_525' title='bbox 2666 1365 2681 1403; x_wconf 92' lang='lat'><strong>:</strong></span> <span class='ocrx_word' id='word_1_526' title='bbox 2717 1348 2866 1403; x_wconf 82' lang='lat' dir='ltr'><strong>Inter</strong></span> <span class='ocrx_word' id='word_1_527' title='bbox 2905 1365 2959 1402; x_wconf 87' lang='lat' dir='ltr'><strong>se</strong></span> <span class='ocrx_word' id='word_1_528' title='bbox 3001 1349 3213 1402; x_wconf 82' lang='lat' dir='ltr'><strong>invicem</strong></span> <span class='ocrx_word' id='word_1_529' title='bbox 3255 1353 3450 1419; x_wconf 85' lang='lat' dir='ltr'><strong>cogita-</strong></span> 
     </span>
    </p>
   </div>
   <div class='ocr_carea' id='block_1_74' title="bbox 1936 1438 3450 1506">
    <p class='ocr_par' dir='ltr' id='par_1_74' title="bbox 1936 1438 3450 1506">
     <span class='ocr_line' id='line_1_77' title="bbox 1936 1438 3450 1506; baseline 0.002 -15"><span class='ocrx_word' id='word_1_530' title='bbox 1936 1439 2165 1491; x_wconf 82' lang='lat' dir='ltr'><strong>tionibus</strong></span> <span class='ocrx_word' id='word_1_531' title='bbox 2199 1438 2579 1500; x_wconf 84' lang='lat' dir='ltr'><strong>accusantibus,</strong></span> <span class='ocrx_word' id='word_1_532' title='bbox 2615 1447 2704 1492; x_wconf 88' lang='lat' dir='ltr'><strong>aut</strong></span> <span class='ocrx_word' id='word_1_533' title='bbox 2750 1440 2906 1492; x_wconf 87' lang='lat' dir='ltr'><strong>etiam</strong></span> <span class='ocrx_word' id='word_1_534' title='bbox 2947 1439 3354 1506; x_wconf 74' lang='lat' dir='ltr'><strong>defendentibus,</strong></span> <span class='ocrx_word' id='word_1_535' title='bbox 3397 1442 3450 1494; x_wconf 83' lang='lat' dir='ltr'><strong>in</strong></span> 
     </span>
    </p>
   </div>
   <div class='ocr_carea' id='block_1_75' title="bbox 1931 1526 3451 1594">
    <p class='ocr_par' dir='ltr' id='par_1_75' title="bbox 1931 1526 3451 1594">
     <span class='ocr_line' id='line_1_78' title="bbox 1931 1526 3451 1594; baseline 0.001 -16"><span class='ocrx_word' id='word_1_536' title='bbox 1931 1529 2032 1590; x_wconf 87' lang='lat' dir='ltr'><strong>die,</strong></span> <span class='ocrx_word' id='word_1_537' title='bbox 2061 1543 2173 1578; x_wconf 84' lang='lat' dir='ltr'><strong>cum</strong></span> <span class='ocrx_word' id='word_1_538' title='bbox 2193 1527 2449 1594; x_wconf 84' lang='lat' dir='ltr'><strong>judicabit</strong></span> <span class='ocrx_word' id='word_1_539' title='bbox 2475 1527 2610 1581; x_wconf 88' lang='lat' dir='ltr'><strong>Deus</strong></span> <span class='ocrx_word' id='word_1_540' title='bbox 2633 1526 2832 1580; x_wconf 85' lang='lat' dir='ltr'><strong>occulta</strong></span> <span class='ocrx_word' id='word_1_541' title='bbox 2856 1528 3136 1589; x_wconf 83' lang='lat' dir='ltr'><strong>hominum,</strong></span> <span class='ocrx_word' id='word_1_542' title='bbox 3174 1528 3451 1581; x_wconf 80' lang='lat' dir='ltr'><strong>secundum</strong></span> 
     </span>
    </p>
   </div>
   <div class='ocr_carea' id='block_1_76' title="bbox 1931 1613 3198 1684">
    <p class='ocr_par' dir='ltr' id='par_1_76' title="bbox 1931 1613 3198 1684">
     <span class='ocr_line' id='line_1_79' title="bbox 1931 1613 3198 1684; baseline -0.001 -18"><span class='ocrx_word' id='word_1_543' title='bbox 1931 1613 2265 1684; x_wconf 81' lang='lat' dir='ltr'><strong>Evangelium</strong></span> <span class='ocrx_word' id='word_1_544' title='bbox 2292 1631 2476 1678; x_wconf 89' lang='lat' dir='ltr'><strong>meum,</strong></span> <span class='ocrx_word' id='word_1_545' title='bbox 2511 1631 2600 1681; x_wconf 89' lang='lat' dir='ltr'><strong>per</strong></span> <span class='ocrx_word' id='word_1_546' title='bbox 2613 1615 2789 1668; x_wconf 86' lang='lat' dir='ltr'><strong>Jesum</strong></span> <span class='ocrx_word' id='word_1_547' title='bbox 2812 1615 3148 1668; x_wconf 72' lang='lat' dir='ltr'><strong>Christum“.</strong></span> <span class='ocrx_word' id='word_1_548' title='bbox 3179 1633 3198 1665; x_wconf 70' lang='grc' dir='ltr'><strong>ι</strong></span> 
     </span>
    </p>
   </div>
   <div class='ocr_carea' id='block_1_77' title="bbox 1997 1703 3450 1775">
    <p class='ocr_par' dir='ltr' id='par_1_77' title="bbox 1997 1703 3450 1775">
     <span class='ocr_line' id='line_1_80' title="bbox 1997 1703 3450 1775; baseline 0.003 -19"><span class='ocrx_word' id='word_1_549' title='bbox 1997 1703 2311 1759; x_wconf 68' lang='lat' dir='ltr'><strong>PAMPHILUS.</strong></span> <span class='ocrx_word' id='word_1_550' title='bbox 2345 1705 2447 1758; x_wconf 90' lang='lat' dir='ltr'><strong>Sed</strong></span> <span class='ocrx_word' id='word_1_551' title='bbox 2471 1713 2522 1759; x_wconf 89' lang='lat' dir='ltr'><strong>et</strong></span> <span class='ocrx_word' id='word_1_552' title='bbox 2550 1705 2603 1758; x_wconf 89' lang='lat' dir='ltr'><strong>in</strong></span> <span class='ocrx_word' id='word_1_553' title='bbox 2639 1706 2977 1772; x_wconf 87' lang='lat' dir='ltr'><strong>sequentibus</strong></span> <span class='ocrx_word' id='word_1_554' title='bbox 3002 1720 3213 1758; x_wconf 88' lang='lat' dir='ltr'><strong>rursum</strong></span> <span class='ocrx_word' id='word_1_555' title='bbox 3241 1705 3308 1760; x_wconf 88' lang='lat' dir='ltr'><strong>de</strong></span> <span class='ocrx_word' id='word_1_556' title='bbox 3327 1717 3450 1775; x_wconf 88' lang='lat' dir='ltr'><strong>pec-</strong></span> 
     </span>
    </p>
   </div>
   <div class='ocr_carea' id='block_1_78' title="bbox 1927 1792 2932 1860">
    <p class='ocr_par' dir='ltr' id='par_1_78' title="bbox 1927 1792 2932 1860">
     <span class='ocr_line' id='line_1_81' title="bbox 1927 1792 2932 1860; baseline 0.001 -14"><span class='ocrx_word' id='word_1_557' title='bbox 1927 1802 2166 1846; x_wconf 86' lang='lat' dir='ltr'><strong>catorum</strong></span> <span class='ocrx_word' id='word_1_558' title='bbox 2202 1792 2372 1860; x_wconf 72' lang='lat' dir='ltr'><strong>poenis</strong></span> <span class='ocrx_word' id='word_1_559' title='bbox 2404 1794 2504 1846; x_wconf 88' lang='lat' dir='ltr'><strong>hoc</strong></span> <span class='ocrx_word' id='word_1_560' title='bbox 2527 1793 2682 1847; x_wconf 88' lang='lat' dir='ltr'><strong>modo</strong></span> <span class='ocrx_word' id='word_1_561' title='bbox 2705 1793 2887 1847; x_wconf 85' lang='lat' dir='ltr'><strong>scribit</strong></span> <span class='ocrx_word' id='word_1_562' title='bbox 2920 1812 2932 1847; x_wconf 92' lang='lat'>:</span> 
     </span>
    </p>
   </div>
   <div class='ocr_carea' id='block_1_79' title="bbox 2000 1881 3446 1951">
    <p class='ocr_par' dir='ltr' id='par_1_79' title="bbox 2000 1881 3446 1951">
     <span class='ocr_line' id='line_1_82' title="bbox 2000 1881 3446 1951; baseline 0.003 -16"><span class='ocrx_word' id='word_1_563' title='bbox 2000 1881 2280 1935; x_wconf 77' lang='lat' dir='ltr'><strong>ORIGENES.</strong></span> <span class='ocrx_word' id='word_1_564' title='bbox 2326 1900 2344 1930; x_wconf 76' lang='grc' dir='ltr'><strong>ι</strong></span> <span class='ocrx_word' id='word_1_565' title='bbox 2387 1881 2546 1934; x_wconf 84' lang='lat' dir='ltr'><strong>Multa</strong></span> <span class='ocrx_word' id='word_1_566' title='bbox 2575 1891 2701 1936; x_wconf 91' lang='lat' dir='ltr'><strong>sunt</strong></span> <span class='ocrx_word' id='word_1_567' title='bbox 2757 1891 2934 1935; x_wconf 89' lang='lat' dir='ltr'><strong>autem</strong></span> <span class='ocrx_word' id='word_1_568' title='bbox 2988 1898 3106 1951; x_wconf 68' lang='lat' dir='ltr'><strong>qua:</strong></span> <span class='ocrx_word' id='word_1_569' title='bbox 3133 1899 3228 1939; x_wconf 87' lang='lat' dir='ltr'><strong>nos</strong></span> <span class='ocrx_word' id='word_1_570' title='bbox 3264 1883 3446 1948; x_wconf 87' lang='lat' dir='ltr'><strong>latent,</strong></span> 
     </span>
    </p>
   </div>
   <div class='ocr_carea' id='block_1_80' title="bbox 230 1941 3446 2041">
    <p class='ocr_par' dir='ltr' id='par_1_80' title="bbox 230 1941 3446 2041">
     <span class='ocr_line' id='line_1_83' title="bbox 230 1941 3446 2041; baseline 0.006 -32"><span class='ocrx_word' id='word_1_571' title='bbox 230 1957 409 2011; x_wconf 71' lang='lat' dir='ltr'><strong>sicut</strong></span> <span class='ocrx_word' id='word_1_572' title='bbox 444 1958 652 2014; x_wconf 89' lang='lat' dir='ltr'><strong>dictum</strong></span> <span class='ocrx_word' id='word_1_573' title='bbox 688 1971 775 2016; x_wconf 88' lang='lat' dir='ltr'><strong>est</strong></span> <span class='ocrx_word' id='word_1_574' title='bbox 811 1981 825 2017; x_wconf 90' lang='lat'><strong>:</strong></span> <span class='ocrx_word' id='word_1_575' title='bbox 855 1963 976 2017; x_wconf 86' lang='lat' dir='ltr'><strong>Erit</strong></span> <span class='ocrx_word' id='word_1_576' title='bbox 1014 1967 1108 2020; x_wconf 86' lang='lat' dir='ltr'><strong>tibi</strong></span> <span class='ocrx_word' id='word_1_577' title='bbox 1138 1967 1384 2022; x_wconf 88' lang='lat' dir='ltr'><strong>Dominus</strong></span> <span class='ocrx_word' id='word_1_578' title='bbox 1419 1969 1510 2023; x_wconf 74' lang='lat' dir='ltr'><strong>lux</strong></span> <span class='ocrx_word' id='word_1_579' title='bbox 1537 1981 1746 2037; x_wconf 78' lang='lat' dir='ltr'><strong>teterna,</strong></span> <span class='ocrx_word' id='word_1_580' title='bbox 1777 1979 1822 2026; x_wconf 88' lang='lat' dir='ltr'><strong>et</strong></span> <span class='ocrx_word' id='word_1_581' title='bbox 1853 1941 1894 1996; x_wconf 74' lang='grc' dir='ltr'><strong><em>Β</em></strong></span> <span class='ocrx_word' id='word_1_582' title='bbox 1927 1984 2044 2038; x_wconf 62' lang='lat' dir='ltr'><strong>qua:</strong></span> <span class='ocrx_word' id='word_1_583' title='bbox 2071 1971 2143 2024; x_wconf 92' lang='lat' dir='ltr'><strong>illi</strong></span> <span class='ocrx_word' id='word_1_584' title='bbox 2172 1972 2267 2026; x_wconf 83' lang='lat' dir='ltr'><strong>Soli</strong></span> <span class='ocrx_word' id='word_1_585' title='bbox 2293 1973 2498 2041; x_wconf 88' lang='lat' dir='ltr'><strong>cognita</strong></span> <span class='ocrx_word' id='word_1_586' title='bbox 2516 1981 2639 2026; x_wconf 89' lang='lat' dir='ltr'><strong>sunt</strong></span> <span class='ocrx_word' id='word_1_587' title='bbox 2665 1974 2753 2040; x_wconf 90' lang='lat' dir='ltr'><strong>qui</strong></span> <span class='ocrx_word' id='word_1_588' title='bbox 2781 1980 2862 2027; x_wconf 86' lang='lat' dir='ltr'><strong>est</strong></span> <span class='ocrx_word' id='word_1_589' title='bbox 2891 1975 3126 2028; x_wconf 84' lang='lat' dir='ltr'><strong>medicus</strong></span> <span class='ocrx_word' id='word_1_590' title='bbox 3154 1976 3446 2029; x_wconf 87' lang='lat' dir='ltr'><strong>animarum</strong></span> 
     </span>
    </p>
   </div>
   <div class='ocr_carea' id='block_1_81' title="bbox 1923 2060 3449 2132">
    <p class='ocr_par' dir='ltr' id='par_1_81' title="bbox 1923 2060 3449 2132">
     <span class='ocr_line' id='line_1_84' title="bbox 1923 2060 3449 2132; baseline 0.003 -19"><span class='ocrx_word' id='word_1_591' title='bbox 1923 2069 2244 2118; x_wconf 77' lang='lat' dir='ltr'><strong>nostrarum.</strong></span> <span class='ocrx_word' id='word_1_592' title='bbox 2281 2060 2337 2114; x_wconf 90' lang='lat' dir='ltr'><strong>Si</strong></span> <span class='ocrx_word' id='word_1_593' title='bbox 2371 2061 2511 2114; x_wconf 90' lang='lat' dir='ltr'><strong>enim</strong></span> <span class='ocrx_word' id='word_1_594' title='bbox 2545 2061 2609 2114; x_wconf 90' lang='lat' dir='ltr'><strong>ad</strong></span> <span class='ocrx_word' id='word_1_595' title='bbox 2641 2063 2880 2129; x_wconf 89' lang='lat' dir='ltr'><strong>corporis</strong></span> <span class='ocrx_word' id='word_1_596' title='bbox 2924 2063 3204 2116; x_wconf 88' lang='lat' dir='ltr'><strong>sanitatem</strong></span> <span class='ocrx_word' id='word_1_597' title='bbox 3237 2077 3334 2132; x_wconf 91' lang='lat' dir='ltr'><strong>pro</strong></span> <span class='ocrx_word' id='word_1_598' title='bbox 3364 2063 3449 2118; x_wconf 84' lang='lat' dir='ltr'><strong>his</strong></span> 
     </span>
    </p>
   </div>
   <div class='ocr_carea' id='block_1_82' title="bbox 1923 2157 3436 2226">
    <p class='ocr_par' dir='ltr' id='par_1_82' title="bbox 1923 2157 3436 2226">
     <span class='ocr_line' id='line_1_85' title="bbox 1923 2157 3436 2226; baseline 0.004 -18"><span class='ocrx_word' id='word_1_599' title='bbox 1923 2157 2067 2210; x_wconf 84' lang='lat' dir='ltr'><strong>vitiis</strong></span> <span class='ocrx_word' id='word_1_600' title='bbox 2089 2172 2206 2225; x_wconf 82' lang='lat' dir='ltr'><strong>quae</strong></span> <span class='ocrx_word' id='word_1_601' title='bbox 2229 2171 2324 2225; x_wconf 87' lang='lat' dir='ltr'><strong>per</strong></span> <span class='ocrx_word' id='word_1_602' title='bbox 2351 2171 2527 2212; x_wconf 89' lang='lat' dir='ltr'><strong>escam</strong></span> <span class='ocrx_word' id='word_1_603' title='bbox 2572 2167 2861 2226; x_wconf 89' lang='lat' dir='ltr'><strong>potumque</strong></span> <span class='ocrx_word' id='word_1_604' title='bbox 2890 2157 3217 2224; x_wconf 74' lang='lat' dir='ltr'><strong>collegimus,</strong></span> <span class='ocrx_word' id='word_1_605' title='bbox 3258 2173 3436 2214; x_wconf 50' lang='lat' dir='ltr'><strong>neces.</strong></span> 
     </span>
    </p>
   </div>
   <div class='ocr_carea' id='block_1_83' title="bbox 1923 2245 3445 2303">
    <p class='ocr_par' dir='ltr' id='par_1_83' title="bbox 1923 2245 3445 2303">
     <span class='ocr_line' id='line_1_86' title="bbox 1923 2245 3445 2303; baseline 0.003 -5"><span class='ocrx_word' id='word_1_606' title='bbox 1923 2245 2118 2299; x_wconf 85' lang='lat' dir='ltr'><strong>sariam</strong></span> <span class='ocrx_word' id='word_1_607' title='bbox 2152 2245 2406 2300; x_wconf 87' lang='lat' dir='ltr'><strong>habemus</strong></span> <span class='ocrx_word' id='word_1_608' title='bbox 2461 2246 2726 2300; x_wconf 88' lang='lat' dir='ltr'><strong>interdum</strong></span> <span class='ocrx_word' id='word_1_609' title='bbox 2767 2247 3075 2300; x_wconf 84' lang='lat' dir='ltr'><strong>austerioris</strong></span> <span class='ocrx_word' id='word_1_610' title='bbox 3126 2261 3187 2300; x_wconf 89' lang='lat' dir='ltr'><strong>ac</strong></span> <span class='ocrx_word' id='word_1_611' title='bbox 3236 2248 3445 2303; x_wconf 56' lang='lat' dir='ltr'><strong>merda.</strong></span> 
     </span>
    </p>
   </div>
   <div class='ocr_carea' id='block_1_84' title="bbox 1922 2336 3443 2405">
    <p class='ocr_par' dir='ltr' id='par_1_84' title="bbox 1922 2336 3443 2405">
     <span class='ocr_line' id='line_1_87' title="bbox 1922 2336 3443 2405; baseline 0.003 -17"><span class='ocrx_word' id='word_1_612' title='bbox 1922 2336 2078 2389; x_wconf 87' lang='lat' dir='ltr'><strong>eioris</strong></span> <span class='ocrx_word' id='word_1_613' title='bbox 2135 2336 2504 2390; x_wconf 89' lang='lat' dir='ltr'><strong>medicamenti</strong></span> <span class='ocrx_word' id='word_1_614' title='bbox 2537 2351 2757 2390; x_wconf 91' lang='lat' dir='ltr'><strong>curam:</strong></span> <span class='ocrx_word' id='word_1_615' title='bbox 2789 2351 3164 2405; x_wconf 86' lang='lat' dir='ltr'><strong>nonnunquam</strong></span> <span class='ocrx_word' id='word_1_616' title='bbox 3212 2351 3360 2401; x_wconf 89' lang='lat' dir='ltr'><strong>vero,</strong></span> <span class='ocrx_word' id='word_1_617' title='bbox 3399 2345 3443 2394; x_wconf 85' lang='lat' dir='ltr'><strong>sl</strong></span> 
     </span>
    </p>
   </div>
   <div class='ocr_carea' id='block_1_85' title="bbox 1921 2426 3446 2496">
    <p class='ocr_par' dir='ltr' id='par_1_85' title="bbox 1921 2426 3446 2496">
     <span class='ocr_line' id='line_1_88' title="bbox 1921 2426 3446 2496; baseline 0.001 -16"><span class='ocrx_word' id='word_1_618' title='bbox 1921 2427 1970 2480; x_wconf 89' lang='lat' dir='ltr'><strong>id</strong></span> <span class='ocrx_word' id='word_1_619' title='bbox 2007 2426 2117 2480; x_wconf 91' lang='lat' dir='ltr'><strong>vitii</strong></span> <span class='ocrx_word' id='word_1_620' title='bbox 2153 2427 2382 2494; x_wconf 88' lang='lat' dir='ltr'><strong>qualitas</strong></span> <span class='ocrx_word' id='word_1_621' title='bbox 2431 2428 2826 2496; x_wconf 87' lang='lat' dir='ltr'><strong>depoposcerit,</strong></span> <span class='ocrx_word' id='word_1_622' title='bbox 2868 2429 3042 2496; x_wconf 86' lang='lat' dir='ltr'><strong>rigore</strong></span> <span class='ocrx_word' id='word_1_623' title='bbox 3087 2427 3216 2482; x_wconf 80' lang='lat' dir='ltr'><strong>ferri</strong></span> <span class='ocrx_word' id='word_1_624' title='bbox 3262 2438 3316 2482; x_wconf 94' lang='lat' dir='ltr'><strong>et</strong></span> <span class='ocrx_word' id='word_1_625' title='bbox 3363 2443 3446 2482; x_wconf 86' lang='lat' dir='ltr'><strong>se-</strong></span> 
     </span>
    </p>
   </div>
   <div class='ocr_carea' id='block_1_86' title="bbox 1919 2517 3447 2587">
    <p class='ocr_par' dir='ltr' id='par_1_86' title="bbox 1919 2517 3447 2587">
     <span class='ocr_line' id='line_1_89' title="bbox 1919 2517 3447 2587; baseline 0.002 -18"><span class='ocrx_word' id='word_1_626' title='bbox 1919 2517 2108 2570; x_wconf 81' lang='lat' dir='ltr'><strong>ctionis</strong></span> <span class='ocrx_word' id='word_1_627' title='bbox 2132 2518 2415 2586; x_wconf 89' lang='lat' dir='ltr'><strong>asperitate</strong></span> <span class='ocrx_word' id='word_1_628' title='bbox 2442 2517 2734 2587; x_wconf 88' lang='lat' dir='ltr'><strong>indigemus</strong></span> <span class='ocrx_word' id='word_1_629' title='bbox 2762 2535 2776 2572; x_wconf 90' lang='lat'><strong>:</strong></span> <span class='ocrx_word' id='word_1_630' title='bbox 2810 2519 2950 2586; x_wconf 87' lang='lat' dir='ltr'><strong>quod</strong></span> <span class='ocrx_word' id='word_1_631' title='bbox 2973 2520 3014 2572; x_wconf 90' lang='lat' dir='ltr'><strong>si</strong></span> <span class='ocrx_word' id='word_1_632' title='bbox 3046 2528 3098 2572; x_wconf 89' lang='lat' dir='ltr'><strong>et</strong></span> <span class='ocrx_word' id='word_1_633' title='bbox 3127 2520 3237 2572; x_wconf 64' lang='lat' dir='ltr'><strong>haec</strong></span> <span class='ocrx_word' id='word_1_634' title='bbox 3264 2534 3447 2586; x_wconf 82' lang='lat' dir='ltr'><strong>snper-</strong></span> 
     </span>
    </p>
   </div>
   <div class='ocr_carea' id='block_1_87' title="bbox 1919 2606 3442 2677">
    <p class='ocr_par' dir='ltr' id='par_1_87' title="bbox 1919 2606 3442 2677">
     <span class='ocr_line' id='line_1_90' title="bbox 1919 2606 3442 2677; baseline 0.003 -19"><span class='ocrx_word' id='word_1_635' title='bbox 1919 2622 2128 2674; x_wconf 84' lang='lat' dir='ltr'><strong>gressus</strong></span> <span class='ocrx_word' id='word_1_636' title='bbox 2156 2606 2311 2661; x_wconf 78' lang='lat' dir='ltr'><strong>fuerit</strong></span> <span class='ocrx_word' id='word_1_637' title='bbox 2337 2608 2505 2661; x_wconf 88' lang='lat' dir='ltr'><strong>morbi</strong></span> <span class='ocrx_word' id='word_1_638' title='bbox 2544 2609 2750 2671; x_wconf 90' lang='lat' dir='ltr'><strong>modus,</strong></span> <span class='ocrx_word' id='word_1_639' title='bbox 2773 2609 2837 2660; x_wconf 90' lang='lat' dir='ltr'><strong>ad</strong></span> <span class='ocrx_word' id='word_1_640' title='bbox 2865 2608 3100 2662; x_wconf 87' lang='lat' dir='ltr'><strong>ultiumm</strong></span> <span class='ocrx_word' id='word_1_641' title='bbox 3133 2618 3442 2677; x_wconf 90' lang='lat' dir='ltr'><strong>conceptum</strong></span> 
     </span>
    </p>
   </div>
   <div class='ocr_carea' id='block_1_88' title="bbox 1918 2696 3442 2766">
    <p class='ocr_par' dir='ltr' id='par_1_88' title="bbox 1918 2696 3442 2766">
     <span class='ocr_line' id='line_1_91' title="bbox 1918 2696 3442 2766; baseline 0.001 -18"><span class='ocrx_word' id='word_1_642' title='bbox 1918 2697 2099 2750; x_wconf 86' lang='lat' dir='ltr'><strong>vitium</strong></span> <span class='ocrx_word' id='word_1_643' title='bbox 2157 2697 2292 2766; x_wconf 87' lang='lat' dir='ltr'><strong>ignis</strong></span> <span class='ocrx_word' id='word_1_644' title='bbox 2348 2696 2569 2750; x_wconf 81' lang='lat' dir='ltr'><strong>exurit:</strong></span> <span class='ocrx_word' id='word_1_645' title='bbox 2605 2705 2803 2764; x_wconf 89' lang='lat' dir='ltr'><strong>quanto</strong></span> <span class='ocrx_word' id='word_1_646' title='bbox 2833 2697 3000 2766; x_wconf 87' lang='lat' dir='ltr'><strong>magis</strong></span> <span class='ocrx_word' id='word_1_647' title='bbox 3050 2697 3442 2764; x_wconf 84' lang='lat' dir='ltr'><strong>intelligendum</strong></span> 
     </span>
    </p>
   </div>
   <div class='ocr_carea' id='block_1_89' title="bbox 1918 2785 3443 2848">
    <p class='ocr_par' dir='ltr' id='par_1_89' title="bbox 1918 2785 3443 2848">
     <span class='ocr_line' id='line_1_92' title="bbox 1918 2785 3443 2848; baseline -0.001 -7"><span class='ocrx_word' id='word_1_648' title='bbox 1918 2796 2016 2848; x_wconf 90' lang='lat' dir='ltr'><strong>est,</strong></span> <span class='ocrx_word' id='word_1_649' title='bbox 2051 2787 2310 2840; x_wconf 88' lang='lat' dir='ltr'><strong>medicum</strong></span> <span class='ocrx_word' id='word_1_650' title='bbox 2330 2796 2564 2840; x_wconf 90' lang='lat' dir='ltr'><strong>nostrum</strong></span> <span class='ocrx_word' id='word_1_651' title='bbox 2593 2785 2757 2840; x_wconf 90' lang='lat' dir='ltr'><strong>Deum</strong></span> <span class='ocrx_word' id='word_1_652' title='bbox 2785 2792 3048 2838; x_wconf 88' lang='lat' dir='ltr'><strong>volentem</strong></span> <span class='ocrx_word' id='word_1_653' title='bbox 3080 2787 3286 2840; x_wconf 84' lang='lat' dir='ltr'><strong>diluere</strong></span> <span class='ocrx_word' id='word_1_654' title='bbox 3315 2788 3443 2840; x_wconf 87' lang='lat' dir='ltr'><strong>vitia</strong></span> 
     </span>
    </p>
   </div>
   <div class='ocr_carea' id='block_1_90' title="bbox 1918 2876 3444 2945">
    <p class='ocr_par' dir='ltr' id='par_1_90' title="bbox 1918 2876 3444 2945">
     <span class='ocr_line' id='line_1_93' title="bbox 1918 2876 3444 2945; baseline 0 -15"><span class='ocrx_word' id='word_1_655' title='bbox 1918 2878 2206 2930; x_wconf 89' lang='lat' dir='ltr'><strong>animarum</strong></span> <span class='ocrx_word' id='word_1_656' title='bbox 2240 2886 2543 2930; x_wconf 89' lang='lat' dir='ltr'><strong>nostrarum</strong></span> <span class='ocrx_word' id='word_1_657' title='bbox 2594 2876 2728 2945; x_wconf 75' lang='lat'><strong>(65),</strong></span> <span class='ocrx_word' id='word_1_658' title='bbox 2765 2890 2879 2944; x_wconf 73' lang='lat' dir='ltr'><strong>qum</strong></span> <span class='ocrx_word' id='word_1_659' title='bbox 2916 2891 2978 2929; x_wconf 78' lang='lat' dir='ltr'><strong>ex</strong></span> <span class='ocrx_word' id='word_1_660' title='bbox 3009 2885 3341 2944; x_wconf 85' lang='lat' dir='ltr'><strong>peccatorum</strong></span> <span class='ocrx_word' id='word_1_661' title='bbox 3390 2886 3444 2930; x_wconf 86' lang='lat' dir='ltr'><strong>et</strong></span> 
     </span>
    </p>
   </div>
   <div class='ocr_carea' id='block_1_91' title="bbox 1916 2965 3440 3033">
    <p class='ocr_par' dir='ltr' id='par_1_91' title="bbox 1916 2965 3440 3033">
     <span class='ocr_line' id='line_1_94' title="bbox 1916 2965 3440 3033; baseline 0 -15"><span class='ocrx_word' id='word_1_662' title='bbox 1916 2967 2172 3018; x_wconf 88' lang='lat' dir='ltr'><strong>scelerum</strong></span> <span class='ocrx_word' id='word_1_663' title='bbox 2222 2966 2528 3019; x_wconf 82' lang='lat' dir='ltr'><strong>diversitate</strong></span> <span class='ocrx_word' id='word_1_664' title='bbox 2581 2965 2942 3033; x_wconf 90' lang='lat' dir='ltr'><strong>collegerant,</strong></span> <span class='ocrx_word' id='word_1_665' title='bbox 3009 2967 3082 3017; x_wconf 91' lang='lat' dir='ltr'><strong>uti</strong></span> <span class='ocrx_word' id='word_1_666' title='bbox 3145 2965 3440 3030; x_wconf 69' lang='lat' dir='ltr'><strong>hujus-modi</strong></span> 
     </span>
    </p>
   </div>
   <div class='ocr_carea' id='block_1_92' title="bbox 1913 3053 3442 3124">
    <p class='ocr_par' dir='ltr' id='par_1_92' title="bbox 1913 3053 3442 3124">
     <span class='ocr_line' id='line_1_95' title="bbox 1913 3053 3442 3124; baseline -0.002 -15"><span class='ocrx_word' id='word_1_667' title='bbox 1913 3055 2207 3124; x_wconf 66' lang='lat' dir='ltr'><strong>poenalibus</strong></span> <span class='ocrx_word' id='word_1_668' title='bbox 2235 3056 2400 3119; x_wconf 88' lang='lat' dir='ltr'><strong>curis,</strong></span> <span class='ocrx_word' id='word_1_669' title='bbox 2439 3056 2654 3123; x_wconf 88' lang='lat' dir='ltr'><strong>insuper</strong></span> <span class='ocrx_word' id='word_1_670' title='bbox 2695 3056 2852 3108; x_wconf 88' lang='lat' dir='ltr'><strong>etiam</strong></span> <span class='ocrx_word' id='word_1_671' title='bbox 2897 3055 3028 3122; x_wconf 87' lang='lat' dir='ltr'><strong>ignis</strong></span> <span class='ocrx_word' id='word_1_672' title='bbox 3089 3053 3284 3106; x_wconf 82' lang='lat' dir='ltr'><strong>inferre</strong></span> <span class='ocrx_word' id='word_1_673' title='bbox 3319 3069 3442 3123; x_wconf 88' lang='lat' dir='ltr'><strong>sup-</strong></span> 
     </span>
    </p>
   </div>
   <div class='ocr_carea' id='block_1_93' title="bbox 1915 3144 3333 3216">
    <p class='ocr_par' dir='ltr' id='par_1_93' title="bbox 1915 3144 3333 3216">
     <span class='ocr_line' id='line_1_96' title="bbox 1915 3144 3333 3216; baseline -0.004 -17"><span class='ocrx_word' id='word_1_674' title='bbox 1915 3147 2123 3216; x_wconf 85' lang='lat' dir='ltr'><strong>pliciqu</strong></span> <span class='ocrx_word' id='word_1_675' title='bbox 2151 3146 2233 3199; x_wconf 89' lang='lat' dir='ltr'><strong>bis</strong></span> <span class='ocrx_word' id='word_1_676' title='bbox 2261 3146 2349 3213; x_wconf 89' lang='lat' dir='ltr'><strong>qui</strong></span> <span class='ocrx_word' id='word_1_677' title='bbox 2380 3145 2657 3199; x_wconf 86' lang='lat' dir='ltr'><strong>sanitatem</strong></span> <span class='ocrx_word' id='word_1_678' title='bbox 2689 3144 2879 3197; x_wconf 65' lang='lat' dir='ltr'><strong>anima:</strong></span> <span class='ocrx_word' id='word_1_679' title='bbox 2907 3144 3286 3210; x_wconf 83' lang='lat' dir='ltr'><strong>perdiderunt?</strong></span> <span class='ocrx_word' id='word_1_680' title='bbox 3316 3163 3333 3194; x_wconf 73' lang='grc' dir='ltr'><strong>ι</strong></span> 
     </span>
    </p>
   </div>
   <div class='ocr_carea' id='block_1_94' title="bbox 1918 3330 2074 3382">
    <p class='ocr_par' dir='ltr' id='par_1_94' title="bbox 1918 3330 2074 3382">
     <span class='ocr_line' id='line_1_97' title="bbox 1918 3330 2074 3382; baseline -0.013 0"><span class='ocrx_word' id='word_1_681' title='bbox 1918 3330 2027 3382; x_wconf 63' lang='lat' dir='ltr'><strong>limo</strong></span> <span class='ocrx_word' id='word_1_682' title='bbox 2060 3346 2074 3380; x_wconf 90' lang='lat'><strong>:</strong></span> 
     </span>
    </p>
   </div>
   <div class='ocr_carea' id='block_1_95' title="bbox 1985 3412 3442 3482">
    <p class='ocr_par' dir='ltr' id='par_1_95' title="bbox 1985 3412 3442 3482">
     <span class='ocr_line' id='line_1_98' title="bbox 1985 3412 3442 3482; baseline -0.003 -13"><span class='ocrx_word' id='word_1_683' title='bbox 1985 3413 2312 3469; x_wconf 52' lang='lat' dir='ltr'><strong>Ostanes}</strong></span> <span class='ocrx_word' id='word_1_684' title='bbox 2341 3413 2594 3479; x_wconf 85' lang='lat' dir='ltr'><strong>Quoniam</strong></span> <span class='ocrx_word' id='word_1_685' title='bbox 2629 3424 2802 3468; x_wconf 82' lang='lat' dir='ltr'><strong>autem</strong></span> <span class='ocrx_word' id='word_1_686' title='bbox 2859 3412 3251 3482; x_wconf 87' lang='lat' dir='ltr'><strong>pernecessaria</strong></span> <span class='ocrx_word' id='word_1_687' title='bbox 3282 3424 3442 3479; x_wconf 63' lang='lat' dir='ltr'><strong>paena</strong></span> 
     </span>
    </p>
   </div>
   <div class='ocr_carea' id='block_1_96' title="bbox 1916 3503 3439 3574">
    <p class='ocr_par' dir='ltr' id='par_1_96' title="bbox 1916 3503 3439 3574">
     <span class='ocr_line' id='line_1_99' title="bbox 1916 3503 3439 3574; baseline -0.001 -17"><span class='ocrx_word' id='word_1_688' title='bbox 1916 3515 1995 3559; x_wconf 89' lang='lat' dir='ltr'><strong>est</strong></span> <span class='ocrx_word' id='word_1_689' title='bbox 2024 3521 2083 3558; x_wconf 89' lang='lat' dir='ltr'><strong>ea</strong></span> <span class='ocrx_word' id='word_1_690' title='bbox 2107 3522 2222 3574; x_wconf 75' lang='lat' dir='ltr'><strong>qtne</strong></span> <span class='ocrx_word' id='word_1_691' title='bbox 2249 3520 2340 3573; x_wconf 87' lang='lat' dir='ltr'><strong>per</strong></span> <span class='ocrx_word' id='word_1_692' title='bbox 2363 3506 2536 3572; x_wconf 82' lang='lat' dir='ltr'><strong>ignem</strong></span> <span class='ocrx_word' id='word_1_693' title='bbox 2561 3504 2747 3559; x_wconf 83' lang='lat' dir='ltr'><strong>referri</strong></span> <span class='ocrx_word' id='word_1_694' title='bbox 2770 3506 2982 3566; x_wconf 86' lang='lat' dir='ltr'><strong>dicitur,</strong></span> <span class='ocrx_word' id='word_1_695' title='bbox 3029 3505 3188 3556; x_wconf 88' lang='lat' dir='ltr'><strong>Isaias</strong></span> <span class='ocrx_word' id='word_1_696' title='bbox 3217 3503 3439 3565; x_wconf 84' lang='lat' dir='ltr'><strong>docens,</strong></span> 
     </span>
    </p>
   </div>
   <div class='ocr_carea' id='block_1_97' title="bbox 1916 3592 3440 3663">
    <p class='ocr_par' dir='ltr' id='par_1_97' title="bbox 1916 3592 3440 3663">
     <span class='ocr_line' id='line_1_100' title="bbox 1916 3592 3440 3663; baseline -0.002 -15"><span class='ocrx_word' id='word_1_697' title='bbox 1916 3597 1980 3648; x_wconf 91' lang='lat' dir='ltr'><strong>de</strong></span> <span class='ocrx_word' id='word_1_698' title='bbox 2005 3595 2163 3648; x_wconf 89' lang='lat' dir='ltr'><strong>Israel</strong></span> <span class='ocrx_word' id='word_1_699' title='bbox 2188 3595 2398 3663; x_wconf 90' lang='lat' dir='ltr'><strong>quidem</strong></span> <span class='ocrx_word' id='word_1_700' title='bbox 2443 3595 2518 3648; x_wconf 93' lang='lat' dir='ltr'><strong>sic</strong></span> <span class='ocrx_word' id='word_1_701' title='bbox 2549 3595 2710 3649; x_wconf 88' lang='lat' dir='ltr'><strong>dicit:</strong></span> <span class='ocrx_word' id='word_1_702' title='bbox 2747 3595 2929 3648; x_wconf 77' lang='lat' dir='ltr'><strong>Ablue!</strong></span> <span class='ocrx_word' id='word_1_703' title='bbox 2968 3593 3217 3646; x_wconf 84' lang='lat' dir='ltr'><strong>Dominus</strong></span> <span class='ocrx_word' id='word_1_704' title='bbox 3263 3592 3440 3645; x_wconf 82' lang='lat' dir='ltr'><strong>sordes</strong></span> 
     </span>
    </p>
   </div>
   <div class='ocr_carea' id='block_1_98' title="bbox 1915 3681 3439 3751">
    <p class='ocr_par' dir='ltr' id='par_1_98' title="bbox 1915 3681 3439 3751">
     <span class='ocr_line' id='line_1_101' title="bbox 1915 3681 3439 3751; baseline 0.001 -19"><span class='ocrx_word' id='word_1_705' title='bbox 1915 3683 2139 3751; x_wconf 82' lang='lat' dir='ltr'><strong>ﬁliorum</strong></span> <span class='ocrx_word' id='word_1_706' title='bbox 2165 3699 2225 3735; x_wconf 87' lang='lat' dir='ltr'><strong>ac</strong></span> <span class='ocrx_word' id='word_1_707' title='bbox 2246 3682 2477 3751; x_wconf 76' lang='lat' dir='ltr'><strong>ﬁliarum</strong></span> <span class='ocrx_word' id='word_1_708' title='bbox 2499 3682 2646 3743; x_wconf 87' lang='lat' dir='ltr'><strong>Sion,</strong></span> <span class='ocrx_word' id='word_1_709' title='bbox 2688 3694 2735 3736; x_wconf 88' lang='lat' dir='ltr'><strong>et</strong></span> <span class='ocrx_word' id='word_1_710' title='bbox 2762 3683 3058 3751; x_wconf 81' lang='lat' dir='ltr'><strong>sanguinem</strong></span> <span class='ocrx_word' id='word_1_711' title='bbox 3091 3681 3388 3748; x_wconf 77' lang='lat' dir='ltr'><strong>expurgabit</strong></span> <span class='ocrx_word' id='word_1_712' title='bbox 3413 3696 3439 3734; x_wconf 88' lang='lat' dir='ltr'><strong>e</strong></span> 
     </span>
    </p>
   </div>
   <div class='ocr_carea' id='block_1_99' title="bbox 1914 3770 3438 3840">
    <p class='ocr_par' dir='ltr' id='par_1_99' title="bbox 1914 3770 3438 3840">
     <span class='ocr_line' id='line_1_102' title="bbox 1914 3770 3438 3840; baseline -0.001 -15"><span class='ocrx_word' id='word_1_713' title='bbox 1914 3773 2080 3825; x_wconf 84' lang='lat' dir='ltr'><strong>medio</strong></span> <span class='ocrx_word' id='word_1_714' title='bbox 2107 3776 2328 3840; x_wconf 88' lang='lat' dir='ltr'><strong>ipsorum</strong></span> <span class='ocrx_word' id='word_1_715' title='bbox 2351 3773 2534 3838; x_wconf 83' lang='lat' dir='ltr'><strong>spiritu</strong></span> <span class='ocrx_word' id='word_1_716' title='bbox 2548 3773 2800 3840; x_wconf 87' lang='lat' dir='ltr'><strong>judiciiet</strong></span> <span class='ocrx_word' id='word_1_717' title='bbox 2844 3773 3035 3834; x_wconf 78' lang='lat' dir='ltr'><strong>spiritu</strong></span> <span class='ocrx_word' id='word_1_718' title='bbox 3063 3771 3350 3824; x_wconf 85' lang='lat' dir='ltr'><strong>adustionis</strong></span> <span class='ocrx_word' id='word_1_719' title='bbox 3374 3770 3438 3824; x_wconf 75' lang='grc'><strong>⁸⁸.</strong></span> 
     </span>
    </p>
   </div>
   <div class='ocr_carea' id='block_1_100' title="bbox 1913 3860 3436 3928">
    <p class='ocr_par' dir='ltr' id='par_1_100' title="bbox 1913 3860 3436 3928">
     <span class='ocr_line' id='line_1_103' title="bbox 1913 3860 3436 3928; baseline -0.002 -13"><span class='ocrx_word' id='word_1_720' title='bbox 1913 3861 1988 3916; x_wconf 85' lang='lat' dir='ltr'><strong>De</strong></span> <span class='ocrx_word' id='word_1_721' title='bbox 2012 3862 2271 3916; x_wconf 69' lang='lat' dir='ltr'><strong>Chaldaeis</strong></span> <span class='ocrx_word' id='word_1_722' title='bbox 2293 3870 2467 3915; x_wconf 86' lang='lat' dir='ltr'><strong>autem</strong></span> <span class='ocrx_word' id='word_1_723' title='bbox 2504 3863 2584 3916; x_wconf 90' lang='lat' dir='ltr'><strong>sic</strong></span> <span class='ocrx_word' id='word_1_724' title='bbox 2607 3863 2733 3916; x_wconf 90' lang='lat' dir='ltr'><strong>dicit</strong></span> <span class='ocrx_word' id='word_1_725' title='bbox 2759 3879 2774 3915; x_wconf 89' lang='lat'><strong>:</strong></span> <span class='ocrx_word' id='word_1_726' title='bbox 2800 3861 2969 3915; x_wconf 83' lang='lat' dir='ltr'><strong>Habes</strong></span> <span class='ocrx_word' id='word_1_727' title='bbox 3000 3862 3244 3914; x_wconf 83' lang='lat' dir='ltr'><strong>carbones</strong></span> <span class='ocrx_word' id='word_1_728' title='bbox 3285 3860 3436 3928; x_wconf 86' lang='lat' dir='ltr'><strong>ignis,</strong></span> 
     </span>
    </p>
   </div>
   <div class='ocr_carea' id='block_1_101' title="bbox 1913 3948 3438 4020">
    <p class='ocr_par' dir='ltr' id='par_1_101' title="bbox 1913 3948 3438 4020">
     <span class='ocr_line' id='line_1_104' title="bbox 1913 3948 3438 4020; baseline -0.004 -14"><span class='ocrx_word' id='word_1_729' title='bbox 1913 3954 2108 4006; x_wconf 86' lang='lat' dir='ltr'><strong>sedebis</strong></span> <span class='ocrx_word' id='word_1_730' title='bbox 2127 3968 2278 4020; x_wconf 83' lang='lat' dir='ltr'><strong>super</strong></span> <span class='ocrx_word' id='word_1_731' title='bbox 2290 3969 2375 4005; x_wconf 85' lang='lat' dir='ltr'><strong>eos</strong></span> <span class='ocrx_word' id='word_1_732' title='bbox 2401 3969 2417 4005; x_wconf 92' lang='lat'><strong><em>:</em></strong></span> <span class='ocrx_word' id='word_1_733' title='bbox 2439 3952 2492 4003; x_wconf 88' lang='lat' dir='ltr'><strong>hi</strong></span> <span class='ocrx_word' id='word_1_734' title='bbox 2511 3962 2659 4004; x_wconf 87' lang='lat' dir='ltr'><strong>erunt</strong></span> <span class='ocrx_word' id='word_1_735' title='bbox 2685 3953 2776 4004; x_wconf 85' lang='lat' dir='ltr'><strong>tibi</strong></span> <span class='ocrx_word' id='word_1_736' title='bbox 2801 3953 3062 4020; x_wconf 88' lang='lat' dir='ltr'><strong>adjutorio</strong></span> <span class='ocrx_word' id='word_1_737' title='bbox 3077 3951 3139 4002; x_wconf 84' lang='lat'><strong>&quot;.</strong></span> <span class='ocrx_word' id='word_1_738' title='bbox 3158 3950 3216 4000; x_wconf 86' lang='lat' dir='ltr'><strong>Et</strong></span> <span class='ocrx_word' id='word_1_739' title='bbox 3242 3949 3291 4000; x_wconf 90' lang='lat' dir='ltr'><strong>in</strong></span> <span class='ocrx_word' id='word_1_740' title='bbox 3321 3948 3438 4000; x_wconf 89' lang='lat' dir='ltr'><strong>aliis</strong></span> 
     </span>
    </p>
   </div>
   <div class='ocr_carea' id='block_1_102' title="bbox 1915 4036 3437 4109">
    <p class='ocr_par' dir='ltr' id='par_1_102' title="bbox 1915 4036 3437 4109">
     <span class='ocr_line' id='line_1_105' title="bbox 1915 4036 3437 4109; baseline -0.004 -14"><span class='ocrx_word' id='word_1_741' title='bbox 1915 4043 2040 4096; x_wconf 86' lang='lat' dir='ltr'><strong>dicit</strong></span> <span class='ocrx_word' id='word_1_742' title='bbox 2069 4060 2081 4094; x_wconf 91' lang='lat'><strong>:</strong></span> <span class='ocrx_word' id='word_1_743' title='bbox 2109 4040 2454 4108; x_wconf 84' lang='lat' dir='ltr'><strong>Snncli/icabit</strong></span> <span class='ocrx_word' id='word_1_744' title='bbox 2478 4056 2562 4093; x_wconf 86' lang='lat' dir='ltr'><strong>eos</strong></span> <span class='ocrx_word' id='word_1_745' title='bbox 2585 4041 2835 4093; x_wconf 87' lang='lat' dir='ltr'><strong>Dominus</strong></span> <span class='ocrx_word' id='word_1_746' title='bbox 2865 4044 2914 4093; x_wconf 88' lang='lat' dir='ltr'><strong>in</strong></span> <span class='ocrx_word' id='word_1_747' title='bbox 2938 4043 3052 4109; x_wconf 85' lang='lat' dir='ltr'><strong>igne</strong></span> <span class='ocrx_word' id='word_1_748' title='bbox 3074 4039 3271 4091; x_wconf 84' lang='lat' dir='ltr'><strong>ardenti</strong></span> <span class='ocrx_word' id='word_1_749' title='bbox 3287 4038 3348 4090; x_wconf 81' lang='grc'><strong>⁸³.</strong></span> <span class='ocrx_word' id='word_1_750' title='bbox 3376 4036 3437 4089; x_wconf 88' lang='lat' dir='ltr'><strong>Et</strong></span> 
     </span>
    </p>
   </div>
   <div class='ocr_carea' id='block_1_103' title="bbox 1915 4129 3437 4199">
    <p class='ocr_par' dir='ltr' id='par_1_103' title="bbox 1915 4129 3437 4199">
     <span class='ocr_line' id='line_1_106' title="bbox 1915 4129 3437 4199; baseline -0.006 -12"><span class='ocrx_word' id='word_1_751' title='bbox 1915 4133 1966 4187; x_wconf 90' lang='lat' dir='ltr'><strong>in</strong></span> <span class='ocrx_word' id='word_1_752' title='bbox 1999 4131 2254 4184; x_wconf 79' lang='lat' dir='ltr'><strong>Malacliia</strong></span> <span class='ocrx_word' id='word_1_753' title='bbox 2297 4133 2550 4199; x_wconf 84' lang='lat' dir='ltr'><strong>propheta</strong></span> <span class='ocrx_word' id='word_1_754' title='bbox 2584 4132 2711 4185; x_wconf 87' lang='lat' dir='ltr'><strong>dicit</strong></span> <span class='ocrx_word' id='word_1_755' title='bbox 2740 4147 2752 4182; x_wconf 94' lang='lat'>:</span> <span class='ocrx_word' id='word_1_756' title='bbox 2785 4131 2980 4185; x_wconf 84' lang='lat' dir='ltr'><strong>Sedens</strong></span> <span class='ocrx_word' id='word_1_757' title='bbox 3012 4129 3262 4182; x_wconf 86' lang='lat' dir='ltr'><strong>Dominus</strong></span> <span class='ocrx_word' id='word_1_758' title='bbox 3312 4141 3437 4179; x_wconf 84' lang='lat' dir='ltr'><strong>con-</strong></span> 
     </span>
    </p>
   </div>
   <div class='ocr_carea' id='block_1_104' title="bbox 1912 4220 3432 4290">
    <p class='ocr_par' dir='ltr' id='par_1_104' title="bbox 1912 4220 3432 4290">
     <span class='ocr_line' id='line_1_107' title="bbox 1912 4220 3432 4290; baseline -0.005 -17"><span class='ocrx_word' id='word_1_759' title='bbox 1912 4222 2057 4290; x_wconf 80' lang='lat' dir='ltr'><strong>flabit</strong></span> <span class='ocrx_word' id='word_1_760' title='bbox 2114 4221 2247 4273; x_wconf 81' lang='lat' dir='ltr'><strong>sicut</strong></span> <span class='ocrx_word' id='word_1_761' title='bbox 2296 4238 2479 4273; x_wconf 86' lang='lat' dir='ltr'><strong>aurum</strong></span> <span class='ocrx_word' id='word_1_762' title='bbox 2525 4232 2570 4274; x_wconf 91' lang='lat' dir='ltr'><strong>et</strong></span> <span class='ocrx_word' id='word_1_763' title='bbox 2623 4228 2891 4289; x_wconf 86' lang='lat' dir='ltr'><strong>argentum</strong></span> <span class='ocrx_word' id='word_1_764' title='bbox 2939 4220 3182 4286; x_wconf 82' lang='lat' dir='ltr'><strong>populum</strong></span> <span class='ocrx_word' id='word_1_765' title='bbox 3250 4231 3432 4279; x_wconf 85' lang='lat' dir='ltr'><strong>suum,</strong></span> 
     </span>
    </p>
   </div>
   <div class='ocr_carea' id='block_1_105' title="bbox 1914 4304 3436 4380">
    <p class='ocr_par' dir='ltr' id='par_1_105' title="bbox 1914 4304 3436 4380">
     <span class='ocr_line' id='line_1_108' title="bbox 1914 4304 3436 4380; baseline -0.005 -15"><span class='ocrx_word' id='word_1_766' title='bbox 1914 4311 2154 4379; x_wconf 81' lang='lat' dir='ltr'><strong>con/labit</strong></span> <span class='ocrx_word' id='word_1_767' title='bbox 2189 4320 2237 4363; x_wconf 91' lang='lat' dir='ltr'><strong>et</strong></span> <span class='ocrx_word' id='word_1_768' title='bbox 2275 4310 2650 4380; x_wconf 81' lang='lat' dir='ltr'><strong>purgabiteos,</strong></span> <span class='ocrx_word' id='word_1_769' title='bbox 2699 4320 2746 4362; x_wconf 91' lang='lat' dir='ltr'><strong>et</strong></span> <span class='ocrx_word' id='word_1_770' title='bbox 2787 4309 2961 4378; x_wconf 76' lang='lat' dir='ltr'><strong>[undet</strong></span> <span class='ocrx_word' id='word_1_771' title='bbox 3006 4316 3250 4374; x_wconf 85' lang='lat' dir='ltr'><strong>purgatos</strong></span> <span class='ocrx_word' id='word_1_772' title='bbox 3298 4304 3436 4374; x_wconf 79' lang='lat' dir='ltr'><strong>ﬁlios</strong></span> 
     </span>
    </p>
   </div>
   <div class='ocr_carea' id='block_1_106' title="bbox 1912 4399 2198 4454">
    <p class='ocr_par' dir='ltr' id='par_1_106' title="bbox 1912 4399 2198 4454">
     <span class='ocr_line' id='line_1_109' title="bbox 1912 4399 2198 4454; baseline -0.01 0"><span class='ocrx_word' id='word_1_773' title='bbox 1912 4401 2051 4454; x_wconf 81' lang='lat' dir='ltr'><strong>Juda</strong></span> <span class='ocrx_word' id='word_1_774' title='bbox 2075 4399 2138 4452; x_wconf 76' lang='lat'><strong>“.</strong></span> <span class='ocrx_word' id='word_1_775' title='bbox 2180 4418 2198 4451; x_wconf 79' lang='grc' dir='ltr'><strong>ι</strong></span> 
     </span>
    </p>
   </div>
   <div class='ocr_carea' id='block_1_107' title="bbox 1981 4485 3432 4559">
    <p class='ocr_par' dir='ltr' id='par_1_107' title="bbox 1981 4485 3432 4559">
     <span class='ocr_line' id='line_1_110' title="bbox 1981 4485 3432 4559; baseline -0.003 -16"><span class='ocrx_word' id='word_1_776' title='bbox 1981 4489 2297 4548; x_wconf 74' lang='lat' dir='ltr'><strong>PAMPHILUS.</strong></span> <span class='ocrx_word' id='word_1_777' title='bbox 2345 4491 2468 4545; x_wconf 69' lang='lat' dir='ltr'><strong>Haac</strong></span> <span class='ocrx_word' id='word_1_778' title='bbox 2513 4489 2720 4559; x_wconf 90' lang='lat' dir='ltr'><strong>quidem</strong></span> <span class='ocrx_word' id='word_1_779' title='bbox 2767 4503 2831 4541; x_wconf 83' lang='lat' dir='ltr'><strong>ex</strong></span> <span class='ocrx_word' id='word_1_780' title='bbox 2874 4488 3022 4541; x_wconf 91' lang='lat' dir='ltr'><strong>libris</strong></span> <span class='ocrx_word' id='word_1_781' title='bbox 3048 4487 3181 4555; x_wconf 84' lang='grc' dir='ltr'><strong>Περὶ</strong></span> <span class='ocrx_word' id='word_1_782' title='bbox 3217 4485 3432 4554; x_wconf 81' lang='grc' dir='ltr'><strong>ἀρχῶν.</strong></span> 
     </span>
    </p>
   </div>
   <div class='ocr_carea' id='block_1_108' title="bbox 200 4570 3436 4650">
    <p class='ocr_par' dir='ltr' id='par_1_108' title="bbox 200 4570 3436 4650">
     <span class='ocr_line' id='line_1_111' title="bbox 200 4570 3436 4650; baseline 0.003 -27"><span class='ocrx_word' id='word_1_783' title='bbox 200 4593 294 4633; x_wconf 72' lang='lat' dir='ltr'><strong>ac</strong></span> <span class='ocrx_word' id='word_1_784' title='bbox 324 4575 589 4631; x_wconf 75' lang='lat' dir='ltr'><strong>fomitem</strong></span> <span class='ocrx_word' id='word_1_785' title='bbox 623 4572 855 4627; x_wconf 78' lang='lat' dir='ltr'><strong>febrium</strong></span> <span class='ocrx_word' id='word_1_786' title='bbox 892 4587 904 4622; x_wconf 91' lang='lat'>:</span> <span class='ocrx_word' id='word_1_787' title='bbox 946 4584 1064 4639; x_wconf 70' lang='lat' dir='ltr'><strong>qua:</strong></span> <span class='ocrx_word' id='word_1_788' title='bbox 1111 4570 1345 4623; x_wconf 78' lang='lat' dir='ltr'><strong>materia:</strong></span> <span class='ocrx_word' id='word_1_789' title='bbox 1373 4573 1598 4640; x_wconf 88' lang='lat' dir='ltr'><strong>qualitas</strong></span> <span class='ocrx_word' id='word_1_790' title='bbox 1635 4592 1699 4628; x_wconf 86' lang='lat' dir='ltr'><strong>ex</strong></span> <span class='ocrx_word' id='word_1_791' title='bbox 1733 4577 1811 4630; x_wconf 93' lang='lat' dir='ltr'><strong>di-</strong></span> <span class='ocrx_word' id='word_1_792' title='bbox 1841 4573 1884 4627; x_wconf 90' lang='lat' dir='ltr'><strong>D</strong></span> <span class='ocrx_word' id='word_1_793' title='bbox 1913 4584 2318 4638; x_wconf 88' lang='lat' dir='ltr'><strong>Innumerabilia</strong></span> <span class='ocrx_word' id='word_1_794' title='bbox 2350 4598 2475 4637; x_wconf 89' lang='lat' dir='ltr'><strong>vero</strong></span> <span class='ocrx_word' id='word_1_795' title='bbox 2505 4582 2739 4650; x_wconf 89' lang='lat' dir='ltr'><strong>dispersa</strong></span> <span class='ocrx_word' id='word_1_796' title='bbox 2787 4589 2911 4635; x_wconf 89' lang='lat' dir='ltr'><strong>sunt</strong></span> <span class='ocrx_word' id='word_1_797' title='bbox 2939 4595 3032 4648; x_wconf 86' lang='lat' dir='ltr'><strong>per</strong></span> <span class='ocrx_word' id='word_1_798' title='bbox 3059 4595 3243 4633; x_wconf 89' lang='lat' dir='ltr'><strong>omnes</strong></span> <span class='ocrx_word' id='word_1_799' title='bbox 3275 4579 3436 4632; x_wconf 86' lang='lat' dir='ltr'><strong>libros</strong></span> 
     </span>
    </p>
   </div>
   <div class='ocr_carea' id='block_1_109' title="bbox 1913 4666 3438 4738">
    <p class='ocr_par' dir='ltr' id='par_1_109' title="bbox 1913 4666 3438 4738">
     <span class='ocr_line' id='line_1_112' title="bbox 1913 4666 3438 4738; baseline -0.006 -12"><span class='ocrx_word' id='word_1_800' title='bbox 1913 4671 2027 4738; x_wconf 88' lang='lat' dir='ltr'><strong>ejus</strong></span> <span class='ocrx_word' id='word_1_801' title='bbox 2055 4673 2363 4726; x_wconf 89' lang='lat' dir='ltr'><strong>assertionis</strong></span> <span class='ocrx_word' id='word_1_802' title='bbox 2406 4671 2560 4736; x_wconf 88' lang='lat' dir='ltr'><strong>hujus</strong></span> <span class='ocrx_word' id='word_1_803' title='bbox 2607 4668 2928 4728; x_wconf 88' lang='lat' dir='ltr'><strong>testimonia,</strong></span> <span class='ocrx_word' id='word_1_804' title='bbox 2971 4682 3086 4734; x_wconf 81' lang='lat' dir='ltr'><strong>quae</strong></span> <span class='ocrx_word' id='word_1_805' title='bbox 3121 4681 3214 4719; x_wconf 88' lang='lat' dir='ltr'><strong>nos</strong></span> <span class='ocrx_word' id='word_1_806' title='bbox 3260 4666 3438 4718; x_wconf 73' lang='lat' dir='ltr'><strong>studio</strong></span> 
     </span>
    </p>
   </div>
   <div class='ocr_carea' id='block_1_110' title="bbox 1913 4756 3435 4826">
    <p class='ocr_par' dir='ltr' id='par_1_110' title="bbox 1913 4756 3435 4826">
     <span class='ocr_line' id='line_1_113' title="bbox 1913 4756 3435 4826; baseline -0.007 -10"><span class='ocrx_word' id='word_1_807' title='bbox 1913 4763 2184 4817; x_wconf 87' lang='lat' dir='ltr'><strong>brevitatis</strong></span> <span class='ocrx_word' id='word_1_808' title='bbox 2210 4763 2525 4826; x_wconf 87' lang='lat' dir='ltr'><strong>omittimus,</strong></span> <span class='ocrx_word' id='word_1_809' title='bbox 2553 4767 3028 4814; x_wconf 88' lang='lat' dir='ltr'><strong>commemorantes</strong></span> <span class='ocrx_word' id='word_1_810' title='bbox 3045 4757 3106 4810; x_wconf 87' lang='lat' dir='ltr'><strong>de</strong></span> <span class='ocrx_word' id='word_1_811' title='bbox 3132 4758 3214 4809; x_wconf 86' lang='lat' dir='ltr'><strong>bis</strong></span> <span class='ocrx_word' id='word_1_812' title='bbox 3241 4756 3435 4808; x_wconf 89' lang='lat' dir='ltr'><strong>solum-</strong></span> 
     </span>
    </p>
   </div>
   <div class='ocr_carea' id='block_1_111' title="bbox 1913 4847 3435 4921">
    <p class='ocr_par' dir='ltr' id='par_1_111' title="bbox 1913 4847 3435 4921">
     <span class='ocr_line' id='line_1_114' title="bbox 1913 4847 3435 4921; baseline -0.007 -13"><span class='ocrx_word' id='word_1_813' title='bbox 1913 4854 2087 4918; x_wconf 88' lang='lat' dir='ltr'><strong>modo,</strong></span> <span class='ocrx_word' id='word_1_814' title='bbox 2120 4867 2237 4921; x_wconf 71' lang='lat' dir='ltr'><strong>quaa</strong></span> <span class='ocrx_word' id='word_1_815' title='bbox 2284 4852 2336 4905; x_wconf 88' lang='lat' dir='ltr'><strong>in</strong></span> <span class='ocrx_word' id='word_1_816' title='bbox 2369 4862 2516 4906; x_wconf 79' lang='lat' dir='ltr'><strong>sexto</strong></span> <span class='ocrx_word' id='word_1_817' title='bbox 2542 4851 2743 4921; x_wconf 86' lang='lat' dir='ltr'><strong>psalmo</strong></span> <span class='ocrx_word' id='word_1_818' title='bbox 2781 4848 2845 4903; x_wconf 88' lang='lat' dir='ltr'><strong>de</strong></span> <span class='ocrx_word' id='word_1_819' title='bbox 2878 4847 2978 4901; x_wconf 90' lang='lat' dir='ltr'><strong>hoc</strong></span> <span class='ocrx_word' id='word_1_820' title='bbox 3005 4847 3118 4916; x_wconf 90' lang='lat' dir='ltr'><strong>ipso</strong></span> <span class='ocrx_word' id='word_1_821' title='bbox 3157 4859 3435 4915; x_wconf 73' lang='lat' dir='ltr'><strong>poenarum</strong></span> 
     </span>
    </p>
   </div>
   <div class='ocr_carea' id='block_1_112' title="bbox 1912 4941 2429 5013">
    <p class='ocr_par' dir='ltr' id='par_1_112' title="bbox 1912 4941 2429 5013">
     <span class='ocr_line' id='line_1_115' title="bbox 1912 4941 2429 5013; baseline -0.006 -15"><span class='ocrx_word' id='word_1_822' title='bbox 1912 4957 2104 5013; x_wconf 83' lang='lat' dir='ltr'><strong>genere</strong></span> <span class='ocrx_word' id='word_1_823' title='bbox 2123 4941 2429 5010; x_wconf 88' lang='lat' dir='ltr'><strong>disputavit.</strong></span> 
     </span>
    </p>
   </div>
   <div class='ocr_carea' id='block_1_113' title="bbox 1979 5023 3430 5103">
    <p class='ocr_par' dir='ltr' id='par_1_113' title="bbox 1979 5023 3430 5103">
     <span class='ocr_line' id='line_1_116' title="bbox 1979 5023 3430 5103; baseline -0.008 -17"><span class='ocrx_word' id='word_1_824' title='bbox 1979 5031 2258 5086; x_wconf 76' lang='lat' dir='ltr'><strong>ORIGENES.</strong></span> <span class='ocrx_word' id='word_1_825' title='bbox 2289 5031 2377 5103; x_wconf 79' lang='lat'><strong>(65</strong></span> <span class='ocrx_word' id='word_1_826' title='bbox 2439 5048 2457 5080; x_wconf 72' lang='grc' dir='ltr'><strong>ι</strong></span> <span class='ocrx_word' id='word_1_827' title='bbox 2479 5028 2744 5083; x_wconf 73' lang='grc' dir='ltr'><strong>οΡοεείιιίΙε</strong></span> <span class='ocrx_word' id='word_1_828' title='bbox 2771 5035 2854 5081; x_wconf 88' lang='lat' dir='ltr'><strong>est</strong></span> <span class='ocrx_word' id='word_1_829' title='bbox 2895 5026 3230 5080; x_wconf 85' lang='lat' dir='ltr'><strong>considerare</strong></span> <span class='ocrx_word' id='word_1_830' title='bbox 3255 5039 3318 5078; x_wconf 80' lang='lat' dir='ltr'><strong>ex</strong></span> <span class='ocrx_word' id='word_1_831' title='bbox 3349 5023 3430 5075; x_wconf 87' lang='lat' dir='ltr'><strong>his</strong></span> 
     </span>
    </p>
   </div>
   <div class='ocr_carea' id='block_1_114' title="bbox 1917 5113 3432 5186">
    <p class='ocr_par' dir='ltr' id='par_1_114' title="bbox 1917 5113 3432 5186">
     <span class='ocr_line' id='line_1_117' title="bbox 1917 5113 3432 5186; baseline -0.009 -12"><span class='ocrx_word' id='word_1_832' title='bbox 1917 5121 2143 5174; x_wconf 79' lang='lat' dir='ltr'><strong>maxime</strong></span> <span class='ocrx_word' id='word_1_833' title='bbox 2169 5120 2440 5172; x_wconf 88' lang='lat' dir='ltr'><strong>doloribus</strong></span> <span class='ocrx_word' id='word_1_834' title='bbox 2469 5133 2602 5186; x_wconf 83' lang='lat' dir='ltr'><strong>quos</strong></span> <span class='ocrx_word' id='word_1_835' title='bbox 2636 5118 2686 5171; x_wconf 93' lang='lat' dir='ltr'><strong>in</strong></span> <span class='ocrx_word' id='word_1_836' title='bbox 2721 5117 2818 5170; x_wconf 86' lang='lat' dir='ltr'><strong>hoc</strong></span> <span class='ocrx_word' id='word_1_837' title='bbox 2853 5129 3076 5186; x_wconf 76' lang='lat' dir='ltr'><strong>corpore</strong></span> <span class='ocrx_word' id='word_1_838' title='bbox 3110 5113 3262 5180; x_wconf 82' lang='lat' dir='ltr'><strong>positi</strong></span> <span class='ocrx_word' id='word_1_839' title='bbox 3312 5125 3432 5162; x_wconf 85' lang='lat' dir='ltr'><strong>sen-</strong></span> 
     </span>
    </p>
   </div>
   <div class='ocr_carea' id='block_1_115' title="bbox 1917 5176 3428 5288">
    <p class='ocr_par' dir='ltr' id='par_1_115' title="bbox 1917 5176 3428 5288">
     <span class='ocr_line' id='line_1_118' title="bbox 1917 5176 3428 5288; baseline -0.011 -27"><span class='ocrx_word' id='word_1_840' title='bbox 1917 5210 2092 5270; x_wconf 88' lang='lat' dir='ltr'><strong>timus,</strong></span> <span class='ocrx_word' id='word_1_841' title='bbox 2124 5209 2209 5274; x_wconf 89' lang='lat' dir='ltr'><strong>qui</strong></span> <span class='ocrx_word' id='word_1_842' title='bbox 2263 5207 2506 5273; x_wconf 84' lang='lat' dir='ltr'><strong>quamvis</strong></span> <span class='ocrx_word' id='word_1_843' title='bbox 2555 5205 2724 5274; x_wconf 82' lang='lat' dir='ltr'><strong>magni</strong></span> <span class='ocrx_word' id='word_1_844' title='bbox 2757 5204 2886 5267; x_wconf 90' lang='lat' dir='ltr'><strong>sint,</strong></span> <span class='ocrx_word' id='word_1_845' title='bbox 2920 5176 3093 5288; x_wconf 46' lang='lat' dir='ltr'><strong>brevis</strong></span> <span class='ocrx_word' id='word_1_846' title='bbox 3139 5209 3280 5253; x_wconf 76' lang='lat' dir='ltr'><strong>certe</strong></span> <span class='ocrx_word' id='word_1_847' title='bbox 3309 5204 3428 5249; x_wconf 89' lang='lat' dir='ltr'><strong>sunt</strong></span> 
     </span>
    </p>
   </div>
   <div class='ocr_carea' id='block_1_116' title="bbox 1376 5287 1786 5365">
    <p class='ocr_par' dir='ltr' id='par_1_116' title="bbox 1376 5290 1786 5360">
     <span class='ocr_line' id='line_1_119' title="bbox 1376 5290 1786 5360; baseline 0.015 -17"><span class='ocrx_word' id='word_1_848' title='bbox 1376 5293 1420 5324; x_wconf 84' lang='lat'><strong>”</strong></span> <span class='ocrx_word' id='word_1_849' title='bbox 1451 5290 1551 5344; x_wconf 88' lang='lat' dir='ltr'><strong>lsa.</strong></span> <span class='ocrx_word' id='word_1_850' title='bbox 1585 5308 1674 5360; x_wconf 76' lang='grc' dir='ltr'><strong>ιι,</strong></span> <span class='ocrx_word' id='word_1_851' title='bbox 1708 5298 1786 5352; x_wconf 86' lang='grc'><strong>19.</strong></span> 
     </span>
    </p>
   </div>
   <div class='ocr_carea' id='block_1_117' title="bbox 1930 5287 3520 5365">
    <p class='ocr_par' dir='ltr' id='par_1_117' title="bbox 1937 5287 3520 5365">
     <span class='ocr_line' id='line_1_120' title="bbox 1937 5287 3520 5365; baseline -0.013 -10"><span class='ocrx_word' id='word_1_852' title='bbox 1937 5302 2088 5356; x_wconf 77' lang='lat' dir='ltr'><strong>Ilorn.</strong></span> <span class='ocrx_word' id='word_1_853' title='bbox 2124 5317 2180 5365; x_wconf 88' lang='grc' dir='ltr'><strong>ιι,</strong></span> <span class='ocrx_word' id='word_1_854' title='bbox 2211 5301 2294 5365; x_wconf 81' lang='grc'>15,</span> <span class='ocrx_word' id='word_1_855' title='bbox 2330 5300 2414 5354; x_wconf 85' lang='grc'><strong>16.</strong></span> <span class='ocrx_word' id='word_1_856' title='bbox 2491 5300 2532 5330; x_wconf 81' lang='grc'><strong>⁶¹</strong></span> <span class='ocrx_word' id='word_1_857' title='bbox 2562 5298 2662 5354; x_wconf 89' lang='lat' dir='ltr'><strong>lsa.</strong></span> <span class='ocrx_word' id='word_1_858' title='bbox 2693 5315 2764 5363; x_wconf 83' lang='lat' dir='ltr'><strong>Iv,</strong></span> <span class='ocrx_word' id='word_1_859' title='bbox 2801 5299 2852 5353; x_wconf 71' lang='grc'><strong>4.</strong></span> <span class='ocrx_word' id='word_1_860' title='bbox 2929 5297 2971 5327; x_wconf 83' lang='grc'><strong>⁶²</strong></span> <span class='ocrx_word' id='word_1_861' title='bbox 3014 5287 3110 5348; x_wconf 64' lang='lat' dir='ltr'><strong>ISa.</strong></span> <span class='ocrx_word' id='word_1_862' title='bbox 3147 5305 3306 5353; x_wconf 69' lang='grc' dir='ltr'>χινιι,</span> <span class='ocrx_word' id='word_1_863' title='bbox 3342 5287 3421 5337; x_wconf 71' lang='grc'><strong>14.</strong></span> <span class='ocrx_word' id='word_1_864' title='bbox 3496 5287 3520 5306; x_wconf 63' lang='lat'><strong>&quot;&#39;</strong></span> 
     </span>
    </p>
   </div>
   <div class='ocr_carea' id='block_1_118' title="bbox 1974 5441 3422 5530">
    <p class='ocr_par' dir='ltr' id='par_1_118' title="bbox 1974 5441 3422 5530">
     <span class='ocr_line' id='line_1_121' title="bbox 1974 5441 3422 5530; baseline -0.028 0"><span class='ocrx_word' id='word_1_865' title='bbox 1974 5461 2083 5530; x_wconf 59' lang='grc'>(64)</span> <span class='ocrx_word' id='word_1_866' title='bbox 2115 5459 2201 5513; x_wconf 85' lang='lat' dir='ltr'><strong>Sic</strong></span> <span class='ocrx_word' id='word_1_867' title='bbox 2227 5475 2413 5513; x_wconf 87' lang='lat' dir='ltr'><strong>omnes.</strong></span> <span class='ocrx_word' id='word_1_868' title='bbox 2436 5473 2562 5530; x_wconf 83' lang='lat' dir='ltr'><strong>mss.</strong></span> <span class='ocrx_word' id='word_1_869' title='bbox 2597 5457 2784 5530; x_wconf 79' lang='lat' dir='ltr'><strong>nostri.</strong></span> <span class='ocrx_word' id='word_1_870' title='bbox 2816 5456 3004 5530; x_wconf 77' lang='lat' dir='ltr'><strong>verum</strong></span> <span class='ocrx_word' id='word_1_871' title='bbox 3036 5448 3160 5530; x_wconf 75' lang='lat' dir='ltr'><strong>editi</strong></span> <span class='ocrx_word' id='word_1_872' title='bbox 3184 5441 3422 5530; x_wconf 27' lang='lat' dir='ltr'><strong>,Jl‘IILpgst</strong></span> 
     </span>
    </p>
   </div>
   <div class='ocr_carea' id='block_1_119' title="bbox 1903 5517 3239 5599">
    <p class='ocr_par' dir='ltr' id='par_1_119' title="bbox 1903 5517 3239 5599">
     <span class='ocr_line' id='line_1_122' title="bbox 1903 5517 3239 5599; baseline -0.011 -15"><span class='ocrx_word' id='word_1_873' title='bbox 1903 5517 2078 5599; x_wconf 49' lang='lat' dir='ltr'><strong>pauca,</strong></span> <span class='ocrx_word' id='word_1_874' title='bbox 2097 5531 2298 5582; x_wconf 83' lang='lat' dir='ltr'><strong>addidit</strong></span> <span class='ocrx_word' id='word_1_875' title='bbox 2333 5531 2484 5580; x_wconf 87' lang='lat' dir='ltr'><strong>etiam</strong></span> <span class='ocrx_word' id='word_1_876' title='bbox 2525 5529 2617 5580; x_wconf 90' lang='lat' dir='ltr'><strong>hoc</strong></span> <span class='ocrx_word' id='word_1_877' title='bbox 2645 5527 2736 5597; x_wconf 83' lang='lat' dir='ltr'><strong>[aL</strong></span> <span class='ocrx_word' id='word_1_878' title='bbox 2786 5523 3044 5596; x_wconf 77' lang='lat' dir='ltr'><strong>omittitur</strong></span> <span class='ocrx_word' id='word_1_879' title='bbox 3091 5517 3239 5599; x_wconf 46' lang='lat' dir='ltr'><strong>etin}?</strong></span> 
     </span>
    </p>
   </div>
   <div class='ocr_carea' id='block_1_120' title="bbox 2219 5581 3419 5661">
    <p class='ocr_par' dir='ltr' id='par_1_120' title="bbox 2219 5581 3419 5661">
     <span class='ocr_line' id='line_1_123' title="bbox 2219 5581 3419 5661; baseline -0.011 -13"><span class='ocrx_word' id='word_1_880' title='bbox 2219 5599 2483 5661; x_wconf 83' lang='lat' dir='ltr'><strong>Quomodo</strong></span> <span class='ocrx_word' id='word_1_881' title='bbox 2504 5581 2674 5648; x_wconf 74' lang='lat' dir='ltr'><strong>autem</strong></span> <span class='ocrx_word' id='word_1_882' title='bbox 2695 5586 3068 5661; x_wconf 73' lang='lat' dir='ltr'><strong>pernecessaria</strong></span> <span class='ocrx_word' id='word_1_883' title='bbox 3089 5590 3231 5661; x_wconf 58' lang='grc' dir='ltr'><strong>ρωιξιξ</strong></span> <span class='ocrx_word' id='word_1_884' title='bbox 3254 5581 3419 5661; x_wconf 60' lang='lat' dir='ltr'><strong>fg</strong></span> 
     </span>
    </p>
   </div>
   <div class='ocr_carea' id='block_1_121' title="bbox 1903 5601 3147 5738">
    <p class='ocr_par' dir='ltr' id='par_1_121' title="bbox 1903 5601 3147 5738">
     <span class='ocr_line' id='line_1_124' title="bbox 1905 5601 3147 5661; baseline -0.019 -6"><span class='ocrx_word' id='word_1_885' title='bbox 1905 5601 2186 5655; x_wconf 69' lang='lat' dir='ltr'><strong>ORIGENES.</strong></span> <span class='ocrx_word' id='word_1_886' title='bbox 2219 5601 2483 5661; x_wconf 84' lang='lat' dir='ltr'><strong>Quomodo</strong></span> <span class='ocrx_word' id='word_1_887' title='bbox 2504 5607 2674 5648; x_wconf 88' lang='lat' dir='ltr'><strong>autem</strong></span> <span class='ocrx_word' id='word_1_888' title='bbox 2695 5602 3068 5660; x_wconf 74' lang='lat' dir='ltr'><strong>pernecessaria</strong></span> <span class='ocrx_word' id='word_1_889' title='bbox 3089 5601 3147 5649; x_wconf 86' lang='lat' dir='ltr'><strong>pa</strong></span> 
     </span>
     <span class='ocr_line' id='line_1_125' title="bbox 1903 5653 3147 5738; baseline -0.014 -17"><span class='ocrx_word' id='word_1_890' title='bbox 1903 5686 2057 5738; x_wconf 88' lang='lat' dir='ltr'><strong>quam</strong></span> <span class='ocrx_word' id='word_1_891' title='bbox 2086 5669 2357 5738; x_wconf 79' lang='lat' dir='ltr'><strong>perignem</strong></span> <span class='ocrx_word' id='word_1_892' title='bbox 2385 5665 2537 5732; x_wconf 74' lang='lat' dir='ltr'><strong>infert</strong></span> <span class='ocrx_word' id='word_1_893' title='bbox 2588 5661 2928 5725; x_wconf 83' lang='lat' dir='ltr'><strong>Deus,lsaias</strong></span> <span class='ocrx_word' id='word_1_894' title='bbox 2966 5653 3147 5707; x_wconf 76' lang='lat' dir='ltr'><strong>docens</strong></span> 
     </span>
    </p>
   </div>
   <div class='ocr_carea' id='block_1_122' title="bbox 1904 5737 2263 5806">
    <p class='ocr_par' dir='ltr' id='par_1_122' title="bbox 1904 5737 2263 5806">
     <span class='ocr_line' id='line_1_126' title="bbox 1904 5737 2263 5806; baseline -0.008 -16"><span class='ocrx_word' id='word_1_895' title='bbox 1904 5737 2263 5806; x_wconf 13' lang='lat' dir='ltr'><strong>quidemkdicit.</strong></span> 
     </span>
    </p>
   </div>
   <div class='ocr_carea' id='block_1_123' title="bbox 1980 5797 2835 5874">
    <p class='ocr_par' dir='ltr' id='par_1_123' title="bbox 1980 5797 2835 5874">
     <span class='ocr_line' id='line_1_127' title="bbox 1980 5797 2835 5874; baseline -0.015 -12"><span class='ocrx_word' id='word_1_896' title='bbox 1980 5799 2081 5874; x_wconf 82' lang='grc'>(65)</span> <span class='ocrx_word' id='word_1_897' title='bbox 2108 5803 2182 5860; x_wconf 78' lang='lat' dir='ltr'><strong>Ex</strong></span> <span class='ocrx_word' id='word_1_898' title='bbox 2208 5805 2486 5860; x_wconf 82' lang='lat' dir='ltr'><strong>Comment.</strong></span> <span class='ocrx_word' id='word_1_899' title='bbox 2522 5801 2575 5855; x_wconf 88' lang='lat' dir='ltr'><strong>in</strong></span> <span class='ocrx_word' id='word_1_900' title='bbox 2598 5797 2731 5866; x_wconf 86' lang='lat' dir='ltr'><strong>psal.</strong></span> <span class='ocrx_word' id='word_1_901' title='bbox 2764 5810 2835 5851; x_wconf 81' lang='lat' dir='ltr'><strong>vt.</strong></span> 
     </span>
    </p>
   </div>
   <div class='ocr_carea' id='block_1_124' title="bbox 3277 5503 3418 5574">
    <p class='ocr_par' dir='ltr' id='par_1_124' title="bbox 3277 5503 3418 5574">
     <span class='ocr_line' id='line_1_128' title="bbox 3277 5503 3418 5574; baseline 0.028 -20"><span class='ocrx_word' id='word_1_902' title='bbox 3277 5503 3418 5574; x_wconf 87' lang='lat' dir='ltr'><strong>hoc].</strong></span> 
     </span>
    </p>
   </div>
   <div class='ocr_carea' id='block_1_125' title="bbox 3165 5636 3419 5694">
    <p class='ocr_par' dir='ltr' id='par_1_125' title="bbox 3165 5636 3419 5694">
     <span class='ocr_line' id='line_1_129' title="bbox 3165 5636 3419 5694; baseline -0.02 0"><span class='ocrx_word' id='word_1_903' title='bbox 3165 5643 3226 5694; x_wconf 83' lang='lat' dir='ltr'><strong>de</strong></span> <span class='ocrx_word' id='word_1_904' title='bbox 3247 5636 3419 5691; x_wconf 85' lang='lat' dir='ltr'><strong>Israel</strong></span> 
     </span>
    </p>
   </div>
   <div class='ocr_carea' id='block_1_126' title="bbox 3485 5151 3846 5328">
    <p class='ocr_par' dir='ltr' id='par_1_126' title="bbox 3485 5151 3846 5328">
     <span class='ocr_line' id='line_1_130' title="bbox 3485 5151 3846 5328; baseline 0 0"><span class='ocrx_word' id='word_1_905' title='bbox 3485 5183 3583 5328; x_wconf 52' lang='lat' dir='ltr'><strong>In</strong></span> 
     </span>
    </p>
   </div>
  </div>
