3846 6408
512 419 708 518 sos.

1659 440 1710 494 S.
1746 434 2061 492 PAMPHlLl
2099 430 2281 486 MART
2291 428 2438 484 YRlS
3553 422 3624 476 6οι

517 565 782 636 temporis,
814 574 908 630 pro
941 572 1004 612 eo
1037 557 1176 625 quod
1214 554 1256 607 si
1287 553 1442 623 paulo
1479 554 1902 608 vehementiores
1947 568 2040 605 ex-
2069 555 2112 607 Α
2139 547 2351 600 maximi
2395 543 2532 612 signi
2588 536 2926 594 reverentia:
2971 531 3099 603 ejus“
3125 544 3188 585 ac
3217 530 3412 586 timoris
3443 532 3488 585 in
3530 529 3626 592 diri'

519 657 768 714 stiterint,
823 649 1072 703 continuo
1123 647 1282 698 etiam
1338 645 1460 696 vita:
1520 643 1740 696 celerem
1795 642 2030 695 inferunt

522 748 693 798 ﬁnem.
724 741 957 806 Denique
1006 737 1180 800 multi,
1216 736 1258 787 si
1287 748 1371 786 res
1401 732 1720 799 poposcerit,
1753 747 1847 798 pro
1876 731 2036 798 pieta-

515 836 584 886 tis
611 830 935 884 confessione
969 828 1019 879 in
1051 827 1178 893 ipsis
1213 823 1484 876 tormentis
1510 819 1733 872 animam
1766 819 1876 886 (66)
1915 817 2035 871 red-

518 923 646 976 dunt
677 937 691 972 :
722 917 808 970 alii
856 930 984 968 vero
1014 916 1065 968 in
1118 916 1233 980 ipso
1279 912 1386 978 jam
1437 922 1645 961 corona:
1695 908 1835 959 aditu
1882 904 2037 972 positi

518 1012 774 1077 denegant
798 1007 974 1068 ﬁdem,
1007 1019 1164 1071 quam
1197 1016 1362 1068 usque
1393 999 1456 1052 ad
1487 1010 1707 1051 mortem
1751 1010 2037 1064 proposue-

519 1110 636 1156 rant
665 1100 925 1155 conﬁteri.
963 1098 1027 1149 Et
1053 1098 1152 1149 hoc
1183 1108 1286 1146 non
1321 1093 1502 1157 utique
1551 1088 1898 1141 diminutione
1928 1100 2044 1152 pro-

518 1191 673 1261 positi
698 1190 990 1257 patiuntur,
1019 1187 1108 1239 sed
1135 1185 1181 1236 vi
1221 1183 1417 1236 doloris
1453 1180 1613 1234 nimia
1661 1190 1714 1230 et
1751 1176 1860 1246 (67)
1901 1176 2040 1228 into-

522 1277 732 1332 lerabili
764 1276 1017 1343 superati.
1047 1274 1104 1328 Si
1129 1287 1253 1340 ergo
1281 1273 1330 1322 in
1371 1271 1470 1322 hac
1511 1267 1753 1336 praisenti
1784 1265 1887 1316 vita
1935 1273 2040 1316 tam

526 1366 884 1420 intolerabiles
905 1374 1023 1416 sunt
1041 1375 1316 1430 prunarum
1341 1360 1571 1420 dolores,
1606 1356 1729 1422 quid
1751 1353 2040 1422 putandum

526 1466 610 1513 est
643 1467 764 1510 tunc
793 1470 907 1508 cum
943 1469 1043 1506 non
1093 1452 1203 1518 jam
1243 1450 1508 1502 crassiore
1551 1447 1724 1498 anima
1766 1453 1940 1496 utetur
1972 1443 2046 1494 in-

529 1551 821 1612 dumento;
861 1547 951 1600 sed
977 1560 1094 1598 cum
1131 1544 1178 1595 id
1229 1541 1466 1608 spiritale
1498 1538 1737 1591 ellectum
1763 1551 1826 1588 ex
1869 1548 2044 1587 resur-

532 1639 770 1693 rectione
818 1636 1048 1701 recipiet,
1106 1641 1158 1685 et
1203 1647 1266 1685 eo
1315 1627 1678 1682 vehementius
1705 1625 1905 1690 utique,
1941 1635 2045 1690 quo

535 1725 777 1778 subtilius
804 1731 901 1784 est,
929 1722 1119 1774 sentiet
1156 1719 1258 1771 vim
1289 1716 1524 1769 doloris?
1553 1713 1683 1767 Puto
1735 1712 1874 1766 enirn
1907 1709 2045 1776 quod

533 1821 725 1882 quanta
751 1811 1038 1864 differentia
1070 1809 1218 1861 estin
1248 1805 1489 1874 prmscnti
1511 1803 1698 1856 smculo
1718 1801 1907 1853 nudum
1932 1813 2046 1850 ver-

2136 638 2215 689 nis
2243 634 2581 700 dogmatibus
2613 643 2739 682 esse
2766 627 3019 685 deberet,
3053 622 3194 688 quod
3217 621 3343 674 tanti
3373 637 3534 676 sensus
3553 627 3626 688 vir,

2134 735 2187 778 et
2221 734 2375 776 tanta:
2405 719 2732 790 prudentiaa,
2767 729 2893 767 cum
2930 712 3117 778 utique
3149 710 3392 778 magister
3414 723 3535 771 esset
3557 714 3632 768 Ec.

2138 815 2332 876 clesim,
2371 822 2425 865 et
2459 820 2607 863 tanta
2636 808 2707 860 ab
2737 819 2802 857 eo
2833 803 2978 856 dicta
3022 800 3399 862 scriberentur,
3433 800 3526 868 (70)
3559 817 3635 856 non

2137 907 2220 950 est
2267 911 2427 949 ausus
2457 895 2510 947 id
2543 894 2648 946 sibi
2695 887 3049 943 auctoritatis
3079 898 3369 942 assumere,
3395 893 3448 936 ut
3473 891 3638 953 proprie

2141 990 2216 1042 De
2241 993 2411 1041 anima
2438 987 2642 1038 librum
2677 981 2864 1035 ederet
2891 977 3180 1044 scriptum.
3209 973 3392 1026 Procul
3411 976 3547 1027 dubio
3562 980 3642 1031 haec

2139 1075 2442 1131 observatio
2471 1072 2593 1138 ejus
2623 1069 2757 1123 illud
2791 1066 3025 1125 indicat,
3057 1063 3197 1128 quod
3229 1062 3359 1115 nihil
3385 1062 3583 1116 audebat
3597 1065 3644 1120 de

2141 1167 2240 1220 hac
2263 1179 2320 1219 re
2347 1162 2636 1219 manifesto
2675 1161 2934 1226 dogmate
2963 1153 3309 1207 conﬁrmare.

2212 1255 2443 1318 Denique
2478 1252 2530 1303 in
2575 1263 2641 1301 eo
2669 1247 2810 1298 libro
2842 1257 3008 1310 quem
3043 1240 3098 1291 in
3153 1236 3433 1305 Epistolam
3463 1235 3646 1306 Apostoli

2144 1344 2208 1396 ad
2237 1343 2413 1395 Titum
2445 1338 2658 1399 scribit,
2697 1333 3016 1387 haereticum
3047 1329 3378 1392 describens,
3419 1335 3466 1379 et
3503 1327 3649 1380 anima:

2143 1435 2340 1489 faciens
2375 1431 2728 1489 mentionem,
2761 1427 2884 1478 haec
2912 1423 3048 1475 dicit
3081 1440 3094 1474 :

2743 1513 2980 1570 CAPUT
3028 1511 3119 1564 IX.

2361 1624 2645 1665 BESPONSIO
2682 1625 2748 1661 AD
2771 1618 3028 1658 OCTAVA}!
3066 1609 3492 1655 CRlIlNATlom.

2767 1695 2844 1748 De
2880 1695 3087 1745 anima.

2215 1793 2496 1848 ORlGENES.
2531 1790 2643 1858 (7-l)
2677 1805 2695 1836 ι
2735 1789 2878 1839 Sunt
2909 1798 3046 1836 vero
3097 1789 3153 1834 et
3203 1779 3305 1830 alia
3341 1776 3555 1844 quaedam
3591 1776 3656 1828 do-

535 1863 710 1957 berari
738 1915 892 1967 quam
926 1899 1206 1960 vestitum,
1248 1863 1323 1947 lad
1363 1891 1788 1962 persentiendum
1840 1887 2045 1941 scilicet
2078 1863 2119 1916 Β
2157 1893 2356 1952 gmata,
2389 1895 2510 1948 qme
2545 1880 2597 1931 in
2626 1874 2952 1944 apostolicis
2983 1869 3360 1924 traditionibus
3391 1883 3484 1920 non
3509 1865 3655 1918 haben-

533 1995 855 2054 cruciatum,
907 2005 969 2042 eo
1021 1989 1158 2056 quod
1206 1984 1567 2039 vehementius
1624 1983 1816 2034 nudum
1857 1993 2048 2046 corpus

535 2080 774 2135 crucient
813 2080 1034 2130 verbera
1074 2089 1228 2142 quam
1266 2072 1515 2126 vestitum
1552 2088 1565 2122 :
1598 2077 1792 2122 tantam
1818 2078 1943 2134 puto
1970 2065 2050 2117 fu-

537 2178 707 2222 turam
732 2165 1078 2219 differentiam
1107 2163 1322 2224 doloris,
1373 2176 1492 2214 cum
1519 2152 1710 2225 corpus
1741 2159 2048 2221 humanum,

537 2253 902 2314 crassitudinis
939 2251 1092 2317 hujus
1133 2249 1438 2301 indumento
1496 2246 1753 2313 deposito,
1787 2245 1927 2297 velut
1954 2259 2051 2296 nu-

542 2345 662 2397 dum
696 2341 918 2406 coeperit
944 2339 1206 2393 sustinere
1237 2343 1519 2388 tormenta.
1554 2352 1572 2384 ›

608 2432 932 2485 PAMPHILUS.
964 2426 1214 2480 Sullicere
1239 2426 1465 2477 arbitror
1485 2423 1643 2475 etiam
1673 2422 1735 2474 ad
1765 2419 1918 2485 hujus
1947 2417 2054 2473 cri-

543 2521 848 2576 minationis
888 2518 1202 2572 calumniam
1246 2513 1681 2582 propulsandam,
1736 2524 1897 2577 pauca
1949 2509 2058 2560 haec

545 2609 612 2662 de
636 2607 748 2675 ejus
781 2605 929 2658 libris
961 2603 1258 2657 testimonia
1289 2601 1588 2669 protulisse,
1633 2613 1750 2666 qua:
1786 2598 2057 2649 innumera

544 2693 764 2762 sparsim
796 2706 892 2760 per
939 2689 1100 2742 libros
1130 2686 1242 2753 ejus
1274 2685 1607 2740 manifestum
1653 2694 1734 2735 est
1777 2680 2058 2736 contineri.

616 2782 763 2835 Nunc
789 2781 852 2833 ad
884 2795 944 2834 ea
976 2780 1132 2832 etiam
1179 2793 1269 2844 per
1299 2793 1392 2829 nos
1426 2777 1565 2842 ipsos
1609 2772 2059 2841 respondebimus,

550 2883 667 2938 quin
694 2869 741 2921 ei
773 2869 838 2921 de
877 2871 1053 2921 anima
1093 2867 1370 2934 objiciunt,
1407 2865 1458 2917 id
1497 2873 1578 2916 est
1607 2864 1742 2929 quod
1773 2872 1893 2915 ante
1950 2876 2064 2914 cor-

552 2974 650 3027 pus
682 2973 797 3011 eam
844 2956 1034 3010 factam
1071 2957 1214 3008 dicat
1259 2955 1538 3007 exsistere.
1595 2952 1778 3005 Sciens
1845 2966 2068 3018 namque

550 3049 708 3100 etiam
737 3048 872 3100 istud
895 3047 1080 3113 dogma
1112 3045 1177 3097 de
1211 3044 1384 3094 anima
1417 3057 1518 3094 non
1551 3051 1731 3108 aperte
1767 3054 1932 3108 neque
1954 3055 2066 3091 ma-

552 3136 746 3190 nifeste
788 3135 970 3188 haberi
1019 3134 1070 3186 in
1101 3132 1440 3185 ecclesiastica
1480 3130 1859 3196 praedicatione,
1901 3129 2068 3182 sicubi

555 3226 886 3277 occasionem
915 3223 1142 3288 aliquam
1175 3220 1254 3272 vel
1284 3219 1641 3286 suspicionem
1675 3219 1848 3285 potius
1885 3219 2064 3286 dispu-

559 3312 703 3364 tandi
739 3311 787 3363 ei
839 3310 1126 3375 Scriptura:
1156 3322 1330 3360 sermo
1366 3307 1648 3373 suggessit,
1687 3306 1972 3359 discutiens
2017 3317 2070 3359 et

557 3409 889 3468 pertractans
928 3411 990 3448 ea
1019 3410 1136 3462 quae
1186 3396 1361 3448 sensui
1405 3395 1519 3462 ejus
1569 3404 1932 3460 occurrerant,
1962 3395 2068 3450 dis-

561 3489 825 3542 cernenda
883 3487 996 3538 haec
1050 3484 1345 3551 legentibus
1388 3485 1626 3551 exposuit
1671 3492 1724 3536 et
1766 3485 2070 3552 probanda,

563 3591 668 3630 non
701 3574 979 3628 manifesto
1001 3575 1262 3641 dogmate,
1295 3571 1403 3640 (68)
1426 3574 1508 3625 vel
1538 3571 1925 3638 Scripturarum
1954 3559 2072 3628 seu.—

467 3685 477 3696 -
562 3664 780 3717 tentiam
811 3677 963 3716 suam
999 3663 1315 3715 auctoritate
1357 3661 1630 3723 definiens,
1683 3661 1992 3729 frequenter
2021 3675 2074 3718 et

566 3753 691 3806 illud
719 3753 916 3805 addens
946 3771 958 3805 :
1013 3771 1032 3802 ι
1077 3753 1131 3804 Si
1168 3762 1338 3804 tamen
1365 3751 1557 3803 habere
1587 3751 1794 3804 videtur
1824 3762 1913 3804 aut
1950 3769 2073 3820 pro-

564 3841 716 3895 batur
742 3841 938 3908 aliquid
960 3839 1349 3907 consequentia:
1374 3854 1544 3892 sermo
1572 3839 1615 3891 is
1635 3854 1789 3906 quem
1813 3841 1876 3894 de
1901 3844 2074 3896 anima

563 3932 930 3985 tractavimus.
967 3949 984 3980 ›
1032 3929 1264 3996 Denique
1312 3929 1362 3980 in
1403 3937 1507 3978 tam
1559 3928 1736 3980 multis
1764 3934 1944 3982 et‘tam
1993 3932 2074 3984 di-

561 4019 732 4073 versis
775 4020 890 4088 ejus
933 4018 1081 4070 libris
1128 4031 1384 4083 nusquam
1437 4016 1650 4068 omnino
1698 4017 1961 4072 invenitur
2012 4021 2078 4074 ab

563 4117 632 4160 eo
664 4106 796 4159 liber
840 4106 1050 4174 proprie
1106 4105 1176 4156 De
1207 4105 1380 4155 anima
1411 4104 1766 4170 conscriptus,
1812 4107 1946 4160 sicut
1980 4109 2076 4160 ha-

563 4194 654 4248 bet
680 4193 760 4247 vel
787 4193 860 4245 De
891 4194 1153 4261 martyrio,
1192 4193 1274 4245 vel
1314 4192 1387 4243 De
1410 4192 1654 4255 oratione,
1689 4193 1770 4244 vel
1814 4193 1887 4247 De
1911 4211 2080 4247 resur-

566 4285 810 4338 rectione.
839 4281 1100 4348 Nusquam
1126 4296 1340 4348 prorsus
1369 4280 1556 4334 librum
1581 4283 1790 4348 proprie
1819 4285 1882 4336 de
1901 4285 2073 4337 anima

567 4374 817 4440 scriptum
859 4371 1063 4438 edidit;
1113 4373 1203 4424 sed
1239 4373 1286 4424 in
1343 4371 1563 4424 diversis
1613 4371 1761 4435 locis,
1815 4374 1954 4426 sicut
1987 4389 2078 4426 su-

569 4460 746 4528 perius
778 4461 1022 4520 diximus,
1056 4461 1384 4513 incurrentes
1411 4459 1508 4512 sibi
1544 4459 1816 4526 Opiniones
1848 4476 1910 4514 ex
1945 4461 2080 4516 Scri-

569 4557 737 4619 pturai
787 4549 894 4617 (69)
933 4549 1296 4602 occasionibus
1340 4547 1671 4602 disserebat:
1720 4549 1860 4615 quod
1903 4552 2077 4618 potius

640 4644 684 4674 “
723 4642 827 4694 Tit.
867 4655 952 4702 ιιι,
990 4641 1072 4692 ll.

643 4735 752 4804 (66)
775 4734 917 4804 _Editi
938 4773 952 4796 ,
987 4735 1432 4804 reddunt;omnes
1464 4749 1587 4788 mss.
1618 4735 1819 4799 nostri,
1847 4739 2082 4791 reddide-

573 4802 713 4879 runt.
745 4802 861 4854 Mox
889 4817 1008 4879 mss.
1033 4802 1200 4879 plures
1219 4817 1488 4879 perperam
1505 4841 1518 4864 ,
1545 4805 1604 4879 in.
1627 4805 1733 4870 ipso
1748 4806 1858 4867 jam
1883 4823 2084 4860 corona:

575 4875 718 4925 aditu
741 4871 986 4935 propositi
1013 4871 1258 4936 denegant
1287 4871 1437 4936 ﬁdem
1465 4889 1482 4925 :
1517 4871 1608 4925 sed
1638 4883 1779 4926 recte
1818 4876 1994 4928 caeteri
2033 4885 2087 4928 et

576 4940 700 4994 editi
733 4939 925 4992 habent
960 4939 1129 5001 positi,
1159 4953 1251 5004 pro
1283 4939 1543 5003 propositi.

647 5007 757 5076 (67)
791 5005 949 5076 Epditi,
972 5005 1296 5076 insuperabili
1323 5009 1564 5070 superati.
1590 5007 1704 5060 Mox
1732 5007 1998 5071 Merlinus,
2029 5011 2088 5064 Si

575 5071 787 5146 eram...
823 5071 1162 5146 intolerabiles
1212 5083 1326 5124 sunt
1382 5089 1642 5146 plenarum
1695 5077 1918 5141 dolores,
1969 5079 2087 5146 quid

578 5140 963 5217 putandum_est
995 5155 1105 5217 cuni
1128 5140 1498 5217 join-crassiori
1522 5146 1693 5196 anima
1735 5140 1908 5196 utitur
1936 5140 2091 5197 indu-

582 5207 770 5286 inento,
787 5209 884 5286 sed
911 5217 1015 5286 turn
1046 5207 1099 5257 id
1118 5210 1484 5286 .spirituale.;..
1509 5229 1605 5278 quo
1650 5213 1888 5286 subtilius
1912 5216 2090 5265 sentiet

583 5281 682 5332 vim
712 5276 924 5328 doloris.
972 5274 1359 5337 Genehrardus.
1403 5277 1457 5330 Si
1505 5274 1709 5344 ergo....
1750 5281 2091 5332 intolerabiles

581 5354 698 5399 sunt
737 5359 996 5411 poenarum
1036 5344 1267 5406 dolores,
1307 5362 1421 5395 cum
1462 5347 1574 5413 jam
1628 5349 1867 5400 crassiori
1920 5349 2094 5400 anima

586 5415 751 5482 utitur
778 5413 1092 5482 indumento,
1133 5414 1252 5479 quid
1283 5422 1564 5476 putandum
1602 5423 1673 5465 est
1720 5432 1830 5466 cum
1863 5417 1913 5467 id
1950 5417 2097 5482 spiri-

586 5481 778 5533 tale....
797 5496 896 5548 quo
920 5480 1154 5532 subtilius
1183 5484 1363 5532 sentiet
1391 5483 1485 5533 vim
1516 5482 1725 5533 doloris.
1753 5483 1856 5535 Sed
1890 5480 2015 5534 mss.
2041 5492 2098 5533 ut

589 5549 642 5598 in
673 5557 842 5608 textu,
875 5548 975 5601 nisi
1005 5550 1141 5616 quod
1171 5551 1404 5617 plerique
1438 5550 1616 5600 itidem
1656 5551 1882 5603 habeant
1936 5551 2098 5603 utitur

589 5628 684 5680 pro
705 5625 883 5667 utetur.

664 5683 772 5750 (68)
806 5683 927 5736 Mss.
958 5683 1220 5751 plerique,
1249 5692 1303 5736 et
1341 5683 1662 5751 Genebrardi
1691 5685 1870 5747 editio,
1907 5685 1979 5736 vel
2013 5685 2096 5735 ab-

596 5760 756 5815 rupta:
779 5749 1034 5805 sententia:
1064 5749 1644 5821 auctoritate’dcﬁniens.
1674 5751 1917 5807 Meriiuus
1943 5767 2086 5815 vero,

2154 1981 2260 2033 tur,
2303 1971 2367 2022 de
2421 1969 2623 2036 quibus
2670 1965 2927 2033 requires
2983 1961 3029 2013 si
3089 1967 3305 2028 oportet
3346 1971 3432 2009 eos
3473 1957 3548 2023 qui
3580 1953 3658 2022 (72}

2153 2061 2424 2129 quodlibet
2454 2060 2518 2112 de
2554 2058 2640 2111 his
2680 2056 2936 2109 sentiunt
2973 2051 3057 2104 vel
3105 2057 3454 2119 pertractant,
3501 2047 3658 2100 haereti-

2152 2164 2244 2204 cos
2310 2147 2610 2218 putandos,
2657 2155 2878 2214 utputa,
2952 2142 3110 2195 verbi
3163 2153 3326 2192 causa
3379 2139 3599 2198 dixerim,
3632 2136 3662 2189 si

2157 2239 2274 2307 quis
2305 2237 2567 2291 rationem
2615 2236 2875 2288 humana:
2933 2231 3139 2284 anima:
3190 2227 3454 2296 inquirat,
3496 2241 3591 2279 cum
3621 2226 3665 2280 de

2155 2344 2215 2381 ea
2247 2341 2421 2393 neque
2465 2326 2608 2393 quod
2639 2339 2705 2378 ex
2738 2322 2976 2377 seminis
3002 2320 3231 2374 traduce
3277 2318 3507 2376 ducatur,
3537 2331 3666 2383 neque

2159 2418 2296 2485 quod
2331 2414 2701 2470 honorabilior
2735 2422 2790 2466 et
2821 2411 3115 2480 antiquior
3151 2421 3434 2476 corporum
3471 2420 3667 2474 compage

2163 2509 2263 2570 sit,
2298 2506 2576 2560 tradiderit
2625 2504 3021 2557 Ecclesiastica
3085 2503 3287 2571 regula.
3337 2499 3540 2564 Propter
3569 2498 3669 2563 quod

2165 2597 2314 2650 multi
2348 2611 2447 2649 nec
2494 2594 2967 2664 comprehendere
3015 2598 3317 2661 potuerunt
3357 2587 3560 2658 qualiter
3584 2601 3671 2639 seo-

2169 2686 2254 2739 tiri
2283 2691 2555 2753 oporteret
2595 2684 2660 2736 de
2705 2683 2908 2736 animae
2962 2683 3225 2735 ratione:
3279 2680 3371 2734 sed
3414 2689 3466 2732 et
3505 2677 3579 2745 qui
3606 2675 3673 2727 ali-

2166 2777 2290 2843 quid
2327 2775 2532 2829 sentire
2559 2774 2645 2826 vel
2675 2773 2956 2826 disserere
2991 2772 3108 2841 (75)
3136 2771 3236 2825 visi
3267 2779 3410 2836 sunt,
3443 2784 3470 2821 a
3505 2764 3675 2822 nonnul-

2169 2866 2233 2916 lis
2281 2865 2332 2916 in
2380 2864 2682 2932 suspicione
2726 2863 3009 2916 habentur
3057 2861 3210 2916 velut
3258 2861 3376 2914 novi
3421 2858 3592 2926 aliquid
3617 2856 3674 2908 in-

2174 2952 2536 3011 troducentes,
2578 2971 2597 3002 ι

2239 3039 2558 3093 Psstrmws.
2597 3037 2805 3092 Deinde
2831 3048 2973 3117 post
2996 3051 3174 3127 pauca
3209 3039 3325 3091 ait:

2242 3128 2522 3182 URIGENES.
2556 3146 2574 3177 ι
2615 3127 2720 3181 Sed
2754 3137 2810 3181 et
2851 3139 2908 3181 tu
2931 3123 3065 3198 ipse'
3098 3129 3238 3196 apud
3270 3127 3578 3195 temetipsum
3601 3123 3677 3176 dis-

2174 3219 2382 3272 cutiens
2450 3217 2732 3270 considera
2799 3217 2852 3270 si
2905 3226 3130 3286 Oportet
3196 3233 3320 3271 eum
3369 3217 3455 3285 qui
3503 3213 3683 3282 quolibet

2176 3308 2330 3361 modo
2361 3307 2423 3360 de
2449 3307 2530 3359 his
2562 3307 2824 3375 opinatur
2854 3308 2948 3361 vel
2985 3308 3336 3370 hmreticum,
3377 3306 3455 3359 vel
3485 3302 3683 3358 ecclesia-

2175 3393 2365 3447 sticum
2399 3403 2596 3446 temere
2624 3394 2869 3458 deﬁniri,
2904 3407 3004 3450 aut
3035 3397 3084 3450 si
3131 3411 3239 3450 non
3273 3406 3356 3450 est
3385 3392 3684 3463 periculosum

2177 3473 2238 3536 dé
2267 3497 2332 3536 eo
2365 3484 2733 3549 pronuntiare,
2777 3487 3051 3550 quoniam
3093 3497 3151 3540 et
3200 3487 3316 3554 ipse
3364 3499 3604 3554 perversus
3639 3479 3687 3532 sit

2177 3583 2228 3626 et
2249 3584 2454 3642 peccet,
2478 3580 2531 3624 et
2557 3574 2626 3625 sit
2655 3589 2687 3624 a
2715 3577 3003 3643 semetipso
3043 3577 3334 3630 damnatus
3361 3578 3432 3628 "z
3466 3573 3562 3642 (ιι)
3584 3571 3688 3638 quod

2179 3665 2243 3716 de
2271 3661 2531 3714 haereticis
2562 3661 2781 3724 dicitur,
2806 3665 2854 3715 si
2886 3665 3016 3730 quis
3053 3664 3199 3718 forte
3224 3680 3290 3718 ex
3333 3664 3416 3716 his
3444 3675 3551 3729 quae
3572 3669 3689 3724 supra

2179 3752 2427 3813 diximus,
2457 3751 2749 3816 quamlibet
2771 3753 3101 3819 opinionem
3128 3755 3258 3808 licet
3283 3768 3469 3806 novam
3486 3762 3530 3804 et
3552 3759 3694 3816 quam-

2181 3842 2419 3909 plurimis
2458 3843 2819 3909 peregrinam,
2872 3843 3136 3896 videatur
3185 3845 3454 3896 inducere.
3482 3857 3498 3890 ι

2255 3930 2574 3983 PAMPHILUS.
2608 3929 2731 3982 Hmc
2762 3932 2996 3996 quidem
3036 3934 3155 4000 ipse
3205 3933 3261 3986 in
3307 3947 3370 3985 eo
3409 3931 3536 3983 libro
3579 3939 3696 3993 quem

2189 4033 2348 4086 supra
2404 4019 2635 4071 diximus
2668 4018 2886 4072 scribit.
2951 4019 3068 4075 Nos
3119 4037 3253 4074 vero
3302 4021 3386 4073 his
3420 4017 3700 4086 adjungimus

2185 4109 2341 4159 etiam
2392 4107 2489 4159 ista
2533 4120 2651 4174 quae
2706 4108 2862 4160 nobis
2901 4111 3023 4176 ipsa
3062 4112 3295 4178 mqnitas
3340 4111 3539 4162 videtur
3573 4119 3701 4173 expo-

2189 4211 2358 4250 scere.
2392 4196 2446 4249 Si
2489 4195 2770 4249 manifeste
2811 4197 3071 4252 Ecclesia
3121 4202 3363 4254 traderet
3396 4199 3473 4252 vel
3496 4197 3702 4266 praedica-

2189 4297 2265 4340 ret
2299 4286 2561 4339 contraria
2591 4286 2676 4338 his
2701 4301 2820 4353 qua:
2855 4287 2952 4342 ille
2999 4292 3204 4354 sensit,
3247 4291 3365 4344 sine
3411 4290 3560 4344 dubio
3598 4284 3705 4338 velut

2184 4377 2480 4430 contrarius
2551 4383 2604 4428 et
2635 4377 2903 4430 resistens
2949 4380 3184 4434 statutis
3229 4378 3596 4434 ecclesiasticis
3621 4387 3704 4428 me-

2186 4469 2286 4520 rito
2315 4466 2635 4533 culparetur.
2678 4465 2832 4520 Nunc
2868 4483 3008 4522 vero
3037 4485 3164 4523 cum
3197 4471 3482 4525 diversitas
3510 4469 3572 4522 sit
3597 4462 3707 4533 apud

2184 4570 2365 4609 omnes
2395 4555 2818 4620 ecclesiasticos,
2849 4569 2906 4611 et
2938 4561 3035 4613 alii
3063 4561 3171 4614 alia
3205 4563 3273 4615 de
3302 4562 3474 4615 anima
3501 4557 3707 4614 sentiant,

2184 4751 2231 4795 et
2296 4742 2510 4805 abrupta
2560 4741 2872 4792 auctoritate
2921 4743 3211 4809 deﬁniens.
3254 4746 3380 4798 Mss.
3431 4739 3710 4809 Sorbonicus

2186 4821 2237 4862 et
2266 4812 2323 4862 S.
2355 4809 2622 4862 Michaelis
2653 4810 2703 4883 in
2733 4806 3199 4874 Periculo'tnaris,
3232 4815 3309 4866 vel
3342 4812 3438 4883 [aL
3465 4809 3566 4883 sed]
3601 4806 3712 4883 8m}

2187 4878 2788 4950 liturarumsententiam
2831 4893 2990 4930 suam
3031 4878 3367 4934 auctoritate'
3383 4878 3646 4950 deﬁniens:
3671 4881 3711 4924 ει

2192 4949 2261 4998 ita
2299 4947 2575 5010 legendum
2613 4946 2842 4997 videtur.

2196 5013 2596 5134 ca£?:)e0mnes
2627 5028 2759 5066 mss.
2788 5017 3006 5080 nostri,
3039 5018 3429 5072 occasionibus.
3475 5014 3620 5076 Editi,
3643 5024 3711 5063 oc-

2339 5100 2368 5132 ιι
2404 5121 2417 5134 .

2355 5100 2417 5134 ιε.

2264 5150 2372 5220 (70)
2402 5148 2558 5211 Editi,
2591 5164 2692 5220 non
2718 5166 2880 5220 ausus
2914 5155 3005 5204 sit.
3039 5155 3174 5208 Mss.
3204 5167 3263 5208 ut
3308 5157 3361 5208 in
3395 5163 3556 5207 textu.
3582 5144 3712 5202 Paulo

2195 5217 2468 5290 postediti
2501 5217 2754 5290 omittunt
2783 5219 3026 5290 Apostqli
3073 5235 3197 5290 post
3236 5224 3537 5284 Ερίειοιαηι,

2406 5287 2481 5357 Et
2521 5283 2806 5357 Commgnt.
2832 5283 2904 5339 'in
2950 5283 3126 5357 Epist.
3161 5295 3230 5344 ad
3268 5283 3460 5344 Titum.

2255 5355 2375 5432 .(72)
2417 5354 2507 5432 Sic
2541 5368 2668 5432 mss.
2704 5354 2846 5408 Editi
2877 5354 3033 5422 vero,
3073 5362 3545 5426 quomodolibet....
3572 5368 3628 5407 ea;
3645 5363 3708 5405 se-

2197 5424 2330 5472 mine
2361 5424 2612 5474 traducis.

2416 5490 2557 5573 Editi
2579 5529 2594 5553 ,
2618 5491 2720 5573 nisi
2743 5501 2866 5573 sunt
2881 5509 2900 5555 ;
2929 5508 3064 5573 mss.
3099 5500 3297 5560 nostri,
3334 5498 3426 5552 visi
3452 5502 3580 5573 sunt.

2273 5557 2490 5634 ("multa
2519 5573 2649 5613 mss.
2684 5560 2821 5634 Editi
2858 5571 3041 5616 autem
3079 5557 3389 5632 perperam,
3423 5563 3549 5634 quod
3572 5563 3706 5613 lum-

2205 5626 2334 5704 licus
2370 5627 2563 5705 dicitur
2594 5665 2703 5684 .....
2739 5628 2855 5684 licet
2895 5626 3278 5700 nonnunquam
3320 5626 3544 5705 plurimis
3587 5636 3706 5696 pm.

2197 5703 2417 5762 grinam,
2447 5703 2550 5752 etc.
