3846 6412
135 453 230 512 605

1363 451 1691 508 APOLOGIA
1729 451 1862 508 PRO
1898 451 2209 509 ORIGENE.

3255 453 3357 510 606

158 575 204 621 et
227 571 444 622 omnes
476 561 730 632 diversa,
758 571 1024 638 quomodo
1053 571 1140 627 hic
1173 572 1342 643 magis
1365 587 1520 641 qnam
1551 573 1727 625 caeleri
1757 577 1800 631 Α
1831 582 2052 644 peccat;
2100 575 2316 643 insuper
2355 575 2514 630 etiam
2563 576 2702 646 quod
2741 581 2796 630 et
2843 571 3018 642 ptenis
3042 571 3051 590 "
3074 571 3343 628 subdenda

167 651 507 708 incusandus
551 666 664 723 est,
714 662 944 715 maxime
990 678 1110 717 cum
1165 681 1224 719 ea
1279 681 1395 734 quae
1445 679 1474 716 a
1518 662 1732 730 reliquis

193 743 544 806 aﬁirmantur,
581 746 700 815 (75)
731 751 898 804 multo
928 752 1096 818 magis
1138 764 1190 807 et
1236 756 1462 809 absurda
1511 754 1731 809 videan-

189 843 292 896 tur,
325 843 379 885 et
409 835 513 888 sibi
563 837 684 904 ipsa
717 841 1030 894 contraria?
1061 841 1283 908 Quidam
1329 845 1466 897 enim
1507 845 1729 912 opinano

191 934 271 975 tur
299 925 622 992 praeparatis
666 927 776 992 jam
819 929 870 982 in
913 941 1098 986 ventre
1143 933 1419 986 mulierum
1469 933 1731 989 deforma-

187 1014 360 1080 tisque
412 1016 765 1083 corporibus,
797 1028 920 1073 tunc
947 1021 1012 1074 ad
1051 1037 1280 1089 praesens
1306 1024 1478 1076 creari
1504 1026 1729 1089 animas,

185 1111 236 1154 et
267 1103 436 1155 inseri
469 1103 909 1173 deformatojam
939 1111 1169 1178 corpori.
1204 1111 1324 1165 lircc
1353 1127 1477 1166 vero
1499 1114 1733 1167 sentien-

184 1201 283 1256 tes,
332 1204 542 1260 praeter
592 1196 696 1250 hoc
747 1199 888 1266 quod
938 1200 1244 1256 manifestas
1282 1203 1616 1269 probationes
1667 1219 1729 1258 ex

182 1283 394 1335 sanctis
443 1282 750 1352 Scriptnris
793 1289 1045 1344 adhibere
1095 1304 1199 1344 non
1250 1301 1491 1358 possunt,
1523 1293 1733 1362 insuper

177 1371 344 1424 etiam
398 1372 728 1440 iniustitiam
781 1379 1172 1446 quodammodo
1223 1381 1520 1436 Conditoris
1573 1399 1730 1438 accu-

176 1471 323 1526 sant,
351 1464 506 1528 quod
537 1481 642 1518 non
684 1468 960 1534 mqualiter
1001 1469 1113 1540 (76)
1162 1485 1348 1525 omnes
1394 1480 1644 1536 utantur,
1682 1475 1733 1527 id

175 1561 296 1615 est,
339 1568 536 1619 aequas
578 1556 700 1609 vitae
747 1561 1174 1615 conversationes
1216 1561 1413 1615 tribuat
1467 1565 1731 1617 omnibus.

177 1642 382 1697 Statim
416 1645 566 1697 enim
599 1655 657 1698 ut
684 1655 864 1700 creata
909 1648 1066 1702 fuerit
1090 1651 1284 1714 anima,
1313 1667 1434 1706 cum
1475 1653 1603 1706 nihil
1633 1655 1734 1708 uti-

173 1747 282 1802 que
324 1734 514 1788 adhuc
545 1735 598 1787 in
627 1750 685 1788 se
714 1736 880 1804 culpa:
914 1740 1256 1806 commiserit,
1291 1742 1542 1796 inseritur
1569 1743 1731 1796 inter-

175 1821 329 1886 dum,
365 1823 412 1875 si
445 1824 521 1876 ita
565 1825 825 1879 acciderit
861 1841 1002 1880 caeco
1026 1832 1252 1896 corpori,
1279 1831 1358 1884 vel
1383 1831 1512 1884 alias
1539 1832 1726 1886 debili:

1830 666 1898 719 sit
1935 679 2029 733 pro
2067 663 2324 731 peccato?
2365 662 2474 731 (81)
2519 663 2622 718 Sed
2658 673 2710 718 et
2759 663 2886 718 illud
2923 677 2984 718 se
3025 662 3200 732 (quod
3235 676 3352 730 per-

1830 755 2109 808 absurdum
2136 756 2250 821 est)
2288 755 2562 807 incurrere
2591 768 2701 807 non
2737 753 2938 816 vident,
2975 753 3098 821 quia
3134 767 3348 807 necesse

1829 853 1907 898 est
1934 859 2048 898 eam
2074 843 2230 897 simul
2254 857 2371 896 cum
2397 857 2620 910 corpore
2647 843 2801 906 mori,
2828 851 2881 896 et
2903 857 3024 897 esse
3047 841 3345 905 mortalem,

1829 930 1872 983 si
1903 930 2055 983 simul
2099 943 2217 982 cum
2263 943 2484 996 corpore
2521 928 2603 981 vel
2647 929 2931 992 seminata,
2978 930 3055 983 vel
3087 931 3348 992 formata,

1827 1021 1909 1074 vel
1943 1030 2064 1073 nata
2099 1030 2200 1075 est.
2239 1021 2372 1073 Tum
2400 1020 2588 1073 deinde
2631 1019 2704 1073 illi
2739 1021 2828 1087 qui
2858 1036 3011 1074 unam
3039 1022 3249 1089 quidem
3281 1035 3344 1075 ex

1831 1110 1987 1162 nullis
2025 1110 2389 1162 substantibus
2415 1124 2443 1161 a
2474 1109 2579 1163 Deo
2614 1107 2812 1162 factam
2854 1123 2969 1162 esse
3012 1109 3194 1162 dicunt
3229 1109 3346 1162 ani-.

1831 1213 1991 1258 mam,
2028 1198 2079 1250 id
2113 1209 2196 1251 est
2249 1197 2389 1250 illam
2422 1212 2538 1265 quae
2571 1199 2740 1266 prima
2777 1196 2913 1250 facta
2949 1207 3027 1250 est
3058 1198 3108 1250 in
3147 1199 3310 1251 Adam
3332 1239 3346 1263 ,

1831 1298 1884 1342 et
1907 1304 1974 1342 ex
2004 1302 2062 1342 ea
2089 1287 2198 1354 jam
2232 1289 2464 1341 omnium
2507 1288 2782 1342 hominum
2820 1287 3024 1340 animas
3060 1288 3347 1352 exsistere,

1831 1386 1884 1431 et
1920 1379 2208 1431 secundum
2246 1376 2573 1445 corporalem
2610 1378 2725 1431 sine
2769 1375 2924 1430 dubio
2957 1376 3344 1429 successionem

1831 1465 1941 1532 (82)
1977 1464 2249 1518 traducem
2283 1479 2489 1532 quoque
2527 1463 2640 1518 ﬁeri
2676 1464 3006 1530 animarum,
3053 1463 3211 1517 etiam
3251 1465 3349 1532 ipsi

1831 1552 1956 1620 quid
1995 1553 2135 1606 aliud
2165 1553 2478 1616 ostendunt,
2514 1552 2614 1606 nisi
2661 1553 2863 1607 animas
2897 1567 3012 1607 esse
3051 1551 3353 1606 mortales?

1832 1643 1888 1694 Si
1917 1641 2054 1696 enim
2081 1641 2480 1695 sicutanimalia
2507 1651 2698 1696 caetera
2721 1658 2786 1696 ex
2808 1642 2920 1697 solo
2941 1644 3142 1697 semine
3171 1643 3351 1696 oriun-

1833 1741 1934 1796 tur,
1966 1733 2036 1784 ita
2061 1732 2219 1785 etiam
2249 1733 2315 1786 de
2344 1733 2645 1787 hominibus
2669 1733 2976 1796 sentiamus,
3006 1745 3065 1786 ut
3092 1749 3208 1786 cum
3238 1749 3352 1788 cor-

1831 1839 1956 1892 pore
1986 1825 2141 1878 simul
2181 1825 2231 1878 in
2266 1826 2450 1880 eodem
2495 1825 2696 1880 semine
2743 1826 2900 1878 etiam
2957 1828 3130 1878 anima
3162 1825 3352 1879 diﬁ'un-

178 1912 302 1964 aliae
343 1926 479 1966 vero
521 1915 670 1968 sanis
695 1917 1010 1982 corporibus
1053 1929 1104 1971 et
1153 1920 1472 1974 ﬁrmioribus
1499 1937 1510 1970 :
1542 1932 1593 1974 et
1620 1923 1733 1975 aliis
1768 1900 1804 1950 Β
1831 1913 2004 1974 datur,
2047 1911 2172 1978 quid
2217 1911 2442 1966 diCimUS
2477 1913 2541 1966 de
2587 1913 2668 1966 hi5
2703 1913 2791 1980 qui
2843 1911 3133 1980 ἰηιρθτΐεοιί
3181 1914 3351 1968 adhuc

177 1999 407 2069 quidem
457 2001 692 2055 multum
728 2005 849 2056 vitae
893 2015 1099 2072 tempus
1148 2009 1411 2072 tribuitur,
1449 2010 1566 2063 aliis
1607 2026 1732 2065 vero

173 2091 577 2146 brevissimum
613 2107 626 2142 :
675 2093 748 2146 ita
783 2103 838 2146 ut
885 2095 1147 2148 interdum
1176 2097 1330 2148 simul
1358 2108 1412 2150 nt
1446 2111 1579 2150 natas
1621 2100 1732 2154 fne‘

175 2179 309 2238 sint,
365 2180 737 2233 exturbentur
780 2195 810 2234 e
855 2197 1115 2250 corpore:
1157 2191 1208 2236 et
1253 2186 1367 2238 aliae
1411 2189 1620 2254 quidem
1669 2191 1732 2243 ad

175 2272 668 2324 conversationem
717 2283 978 2339 agrestem
1024 2275 1304 2339 quamdam
1348 2286 1402 2330 et
1437 2277 1732 2343 barbaram,

176 2359 289 2429 (77)
319 2369 377 2412 et
412 2360 508 2413 ubi
555 2376 622 2414 ex
667 2361 807 2413 nulla
855 2362 985 2414 nihil
1015 2363 1229 2418 humani
1263 2375 1351 2417 aut
1391 2367 1595 2421 honesti
1634 2379 1732 2431 est,

178 2455 233 2499 et
262 2462 437 2515 super
484 2449 670 2500 omnia
718 2449 806 2501 ubi
839 2458 1072 2516 paternae
1113 2453 1504 2520 superstitionis
1547 2455 1734 2522 impie-

178 2547 260 2590 tas
293 2537 538 2600 obtinet,
588 2536 933 2605 diriguntur:
977 2537 1096 2593 alia:
1141 2556 1265 2595 vero
1311 2543 1375 2594 ad
1407 2544 1546 2597 viros
1575 2544 1736 2597 hone-

177 2631 317 2687 stos,
348 2624 595 2684 sobrios,
631 2624 918 2688 humanos,
970 2627 1056 2679 ubi
1103 2637 1156 2679 et
1188 2629 1534 2681 humanarum
1563 2631 1736 2700 legum

182 2714 503 2767 abservatio
533 2714 719 2782 viget:
766 2715 1031 2770 interdum
1077 2718 1236 2770 etiam
1267 2720 1331 2770 ad
1378 2729 1626 2788 parentes
1656 2735 1736 2774 rc-

181 2801 430 2872 iigiosos,
461 2803 556 2856 ubi
586 2803 837 2858 educatio
885 2805 1074 2858 nobilis
1104 2817 1155 2860 et
1180 2807 1420 2873 honesta,
1451 2809 1534 2862 ubi
1582 2811 1736 2862 etiam

182 2893 423 2948 eruditio
455 2894 831 2957 rationabilis,
862 2896 1310 2951 transmittuntur.
1334 2897 1604 2962 Quomodo
1629 2901 1736 2971 (78)

183 2981 351 3051 igitur
395 2992 712 3036 assertores
752 2997 939 3036 eorum
985 2985 1036 3036 in
1072 2985 1260 3038 talibus
1293 2986 1522 3039 divinam
1553 2987 1738 3042 Provi—

183 3073 428 3128 dentiam
466 3083 622 3126 recte
648 3073 828 3126 omnia
859 3074 1267 3140 dispensantem,
1311 3085 1364 3128 et
1404 3091 1551 3144 aequa
1594 3076 1740 3132 lance

181 3165 594 3229 moderantem,
645 3175 898 3232 tanquam
941 3163 1064 3218 boni
1110 3174 1162 3218 et
1188 3165 1311 3232 justi
1357 3165 1449 3219 Dei
1497 3177 1740 3236 poterunt

184 3255 517 3324 assignare?
558 3252 680 3313 Jam
719 3269 848 3308 vero
897 3254 970 3306 illi
1019 3255 1109 3321 qui
1156 3268 1220 3308 ex
1274 3255 1490 3310 traduce
1537 3259 1740 3314 animas

184 3347 379 3399 venire
431 3343 741 3408 alﬁrmant,
791 3353 844 3397 et
889 3343 1043 3396 simul
1088 3358 1204 3396 cum
1244 3347 1499 3413 corporali
1540 3363 1628 3402 eas
1663 3363 1746 3403 se-

185 3437 337 3490 mine
367 3436 636 3490 seminari
669 3453 682 3486 :
722 3433 982 3500 siquidem
1019 3432 1097 3501 (ut
1131 3435 1343 3501 quidam
1390 3437 1619 3504 ipsorum
1665 3439 1744 3492 af-

185 3525 412 3580 ﬁrmare
445 3524 654 3594 solent)
683 3523 794 3591 (79)
829 3538 932 3576 non
977 3523 1117 3576 aliud
1149 3524 1334 3577 dicunt
1375 3528 1602 3579 animam
1630 3541 1745 3581 esse

187 3632 354 3686 quam
409 3616 839 3670 insntllationem
893 3613 1122 3680 Spiritus
1170 3614 1306 3678 Dei,
1359 3616 1498 3668 illam
1546 3619 1747 3672 scilicet

187 3722 355 3776 quam
386 3705 554 3759 initio
599 3705 826 3757 facturae
857 3702 1036 3754 mundi
1068 3701 1209 3756 Deus
1236 3702 1429 3756 dicitur
1457 3705 1747 3760 insntﬁasse

187 3797 242 3850 in
270 3795 449 3848 Adam
487 3792 557 3857 “,
593 3790 711 3857 (80)
747 3791 814 3842 de
861 3789 973 3854 ipsa
1014 3786 1104 3838 Dei
1150 3801 1263 3840 esse
1301 3801 1416 3838 eam
1454 3787 1742 3842 substantia

186 3885 555 3954 proﬁtentes:
604 3877 875 3946 quomodo
914 3889 1016 3927 non
1052 3882 1106 3926 et
1143 3874 1227 3927 isti
1257 3874 1572 3927 videbuntur
1610 3890 1741 3943 quo-

188 3973 486 4030 dammodo
537 3971 656 4023 haec
702 3976 894 4036 praeter
935 3963 1222 4031 Scriptura:
1273 3963 1534 4031 regulam,
1573 3972 1626 4017 et
1669 3979 1748 4019 ra.

185 4065 397 4120 tionem
439 4059 673 4129 pietatis
718 4068 980 4118 asserere,
1023 4053 1163 4121 quod
1205 4053 1494 4106 substantia
1532 4053 1621 4106 Dei
1665 4063 1748 4108 est

184 4169 309 4224 quae
346 4160 576 4223 peccat,
621 4149 667 4202 si
705 4147 884 4200 anima
927 4158 1043 4212 quae
1076 4143 1141 4196 de
1181 4140 1474 4198 substantia
1519 4141 1609 4195 Dei
1643 4150 1744 4207 est,

265 4290 313 4321 “
351 4289 496 4344 Gen.
530 4301 595 4350 ll,
620 4285 670 4338 7.

261 4429 375 4499 (75)
413 4425 609 4499 Editi,_
632 4422 811 4499 multo
838 4419 1002 4486 magis
1041 4419 1143 4499 sint
1181 4427 1240 4499 et
1269 4418 1616 4499 absurda.,.et
1655 4418 1750 4499 sibi

185 4487 319 4560 ipsis
356 4487 667 4550 contraria.
696 4489 824 4560 Sed
859 4503 984 4560 mss.
1011 4496 1086 4560 _ut
1129 4487 1180 4538 in
1229 4496 1373 4560 textu
1399 4503 1431 4560 _;_
1452 4487 1559 4560 _ni_si
1586 4487 1747 4560 _quod

189 4554 542 4619 Sorbonieus
599 4569 654 4615 et
695 4557 892 4626 Regius
941 4555 1164 4609 habeant
1190 4554 1310 4622 ,let
1365 4555 1462 4607 sibi
1500 4557 1596 4623 ipsi
1629 4571 1750 4608 con-

187 4637 384 4688 traria.

265 4702 382 4769 (76)
436 4700 636 4769 Omnes
686 4701 922 4769 utantur.
979 4689 1101 4746 Hmc
1156 4691 1265 4769 _duo
1301 4691 1458 4745 verba
1495 4695 1750 4769 omittun-

193 4761 288 4824 tur
319 4761 376 4825 in
419 4767 619 4827 editis,
667 4773 720 4817 et
763 4761 1118 4814 restituuntur
1156 4761 1206 4812 in
1246 4775 1396 4823 mss.,
1434 4762 1520 4826 qui
1554 4776 1614 4815 ea
1642 4763 1752 4815 col-

191 4839 382 4895 locant
412 4845 540 4906 post
571 4834 777 4906 tribuat
805 4828 1072 4891 omnibus;
1099 4830 1202 4906 sed
1240 4829 1750 4906 collocandajiden-

194 4918 291 4960 tur
318 4897 452 4960 ante
484 4906 540 4957 id
567 4913 664 4954 est.
700 4900 836 4952 lnlra
867 4911 993 4948 mss.
1026 4897 1235 4960 quidam
1267 4897 1518 4948 mendose
1543 4897 1742 4960 ferunt,

195 4975 280 5029 vel
309 4977 430 5029 alim
467 4973 650 5025 debiti.
691 4967 808 5020 Mox
839 4965 1072 5029 pessime
1108 4964 1264 5028 editi,
1305 4966 1422 5017 alia:
1454 4981 1569 5017 verr
1611 4968 1750 5020 sanis

193 5043 538 5109 corporibus,
573 5048 623 5091 et
665 5038 785 5090 alite
828 5033 1223 5109 inﬁrmioribus.

270 5099 382 5181 (77)
415 5099 736 5181 Sic'_onines
775 5115 904 5181 mss.
937 5099 1072 5181 Editi
1104 5117 1250 5162 vero,
1291 5111 1339 5181 et
1374 5103 1538 5181 ubiut
1590 5101 1624 5181 il
1661 5103 1752 5154 hu-

193 5172 476 5233 ηιάηὶἀυι
525 5174 725 5228 honesti
759 5179 869 5231 est,
917 5177 964 5219 et
1005 5184 1153 5236 super
1184 5172 1354 5223 omnia
1395 5172 1480 5222 ubi
1517 5179 1749 5233 paternae

193 5247 577 5306 institutionis,
608 5253 712 5314 etc.
757 5308 768 5314 _
826 5308 838 5314 _
983 5302 996 5314 .

273 5317 385 5386 (78)
419 5315 622 5386 Igitur.
652 5308 938 5386 omittitur
979 5307 1036 5382 in
1092 5307 1330 5386 omnibus
1373 5321 1500 5358 mss.
1531 5307 1747 5386 nostris,

197 5372 301 5443 sed
328 5372 511 5437 existat
558 5381 610 5432 in
657 5377 852 5448 editis,
897 5372 994 5448 qui
1037 5375 1184 5448 paulo
1208 5375 1322 5448 pos‘l
1352 5388 1623 5442 perperam
1665 5378 1750 5428 ba-

195 5441 354 5516 bent,
399 5463 649 5518 tanquam
680 5446 868 5518 bertam
899 5450 949 5491 et
967 5441 1095 5504 justi
1123 5442 1241 5518 ρεεξε
1264 5441 1366 5518 βίος

275 5508 386 5590 (70)
421 5508 544 5590 Non
571 5513 719 5590 aliud
753 5511 972 5590 dicunt;
993 5517 1092 5590 etc.
1123 5508 1194 5562 Ex
1229 5513 1310 5590 his
1338 5508 1520 5590 verbis
1554 5508 1748 5564 Hiero-

198 5573 392 5659 nyinus
439 5589 532 5640 lib.
571 5600 604 5636 ιι
634 5573 1165 5659 αμυςτδιιεῚΙῖιέίὶιριξιη
1210 5581 1418 5659 videtur
1467 5592 1751 5659 accusasse

199 5643 484 5724 στίϐοιηηη
520 5644 935 5724 (Insigni-xerit
963 5643 1230 5724 Spiritu-tn
1268 5655 1507 5724 sanctum
1536 5659 1635 5724 non
1661 5650 1750 5724 _d_e

198 5711 380 5782 ἐρύξω
422 5711 602 5782 Patris
665 5712 902 5777 Filiique
953 5722 1066 5760 esse
1110 5711 1424 5769 substantia.
1477 5711 1591 5808 Sed"
1622 5717 1752 5772 vide

1831 2009 1883 2053 et
1937 2001 2000 2053 de
2057 2010 2244 2055 ventre
2314 2001 2484 2057 aborsi
2529 2011 2675 2067 sum,
2750 2012 2801 2056 et
2850 2005 2937 2072 qui
2983 2019 3354 2072 nonnunquam

1831 2089 1991 2142 etiam
2011 2099 2290 2158 antequam
2309 2091 2640 2146 vasculorum
2660 2094 2977 2147 naturalium
3011 2095 3356 2163 receptaculis

1833 2182 2030 2234 semina
2071 2183 2176 2236 sint
2229 2193 2496 2252 suscepta,
2547 2183 2875 2252 depereunt?
2906 2185 2959 2238 ln
3003 2186 3192 2253 quibus
3239 2186 3360 2240 sine

1833 2269 1992 2322 dubio
2022 2270 2353 2337 invenietur,
2395 2273 2534 2339 quod
2575 2273 2732 2326 simul
2768 2275 2925 2327 etiam
2975 2274 3075 2328 illae
3114 2289 3231 2342 quae
3261 2289 3354 2327 na-

1833 2358 1986 2412 turali
2047 2361 2247 2414 ratione
2295 2362 2586 2417 seminibus
2635 2364 2848 2418 insertae
2892 2365 3098 2418 inerant
3142 2365 3354 2432 animte,

1833 2448 2106 2502 exstinctae
2148 2449 2251 2500 sint
2297 2449 2492 2515 pariter
2536 2458 2590 2503 et
2634 2461 2918 2519 corruptae.
2974 2451 3094 2504 Sive
3133 2467 3260 2521 ergo
3290 2467 3356 2507 ex

1835 2538 2191 2593 insuﬂlatione
2234 2538 2324 2592 Dei
2359 2539 2492 2602 sint,
2533 2541 2646 2593 sive
2670 2541 2736 2594 ab
2764 2556 2868 2594 una
2915 2543 3002 2594 illa
3043 2557 3159 2610 quze
3185 2543 3358 2610 prima

1835 2627 1974 2682 facta
2002 2637 2101 2692 est,
2131 2629 2436 2683 necessario
2459 2629 2614 2683 simul
2643 2645 2760 2684 cum
2791 2631 3103 2698 corporibus
3126 2647 3359 2685 corrum-

1834 2728 2051 2787 peutur,
2077 2720 2118 2772 si
2145 2719 2383 2774 eamdem
2414 2735 2532 2774 cum
2561 2721 2876 2788 corporibus
2911 2721 3068 2773 etiam
3100 2723 3356 2790 originem

1839 2815 2054 2860 sumunt
2085 2808 2372 2861 secundum
2404 2809 2639 2874 ipsorum
2669 2809 2950 2862 rationem.
2980 2809 3084 2860 Ant
3113 2811 3252 2863 enim
3287 2811 3361 2862 ni-

1836 2897 1907 2950 hil
1935 2896 2149 2948 omnino
2171 2911 2231 2948 ex
2254 2897 2554 2950 rationabili
2578 2905 2733 2962 atque
2755 2896 3040 2949 immortali
3060 2898 3232 2951 anima
3249 2899 3357 2967 (83)

1837 2985 2179 3053 participavit
2212 2984 2338 3037 illud
2367 2985 2504 3053 quod
2548 2984 2723 3038 adhuc
2756 2984 2808 3038 in
2844 2993 3025 3038 ventre
3055 2993 3357 3052 corruptum

1837 3083 1954 3139 est;
1995 3084 2048 3128 et
2084 3060 2289 3140 repulsa
2321 3073 2409 3127 illa
2463 3074 2594 3128 ratio
2643 3083 2722 3128 est
2751 3089 2868 3142 qua:
2896 3072 3120 3127 aﬁirmat
3148 3089 3262 3128 eam
3308 3077 3360 3129 in

1841 3163 2056 3218 seminis
2089 3164 2306 3218 traduce
2333 3165 2486 3217 simul
2515 3179 2631 3218 cum
2663 3163 2975 3232 corporibus
3007 3165 3317 3218 scminatam
3344 3183 3357 3218 :

1839 3260 1928 3303 aut
1959 3253 2001 3305 si
2032 3252 2341 3321 participat,
2371 3253 2653 3306 necessitas
2684 3251 2922 3306 imminet
2949 3253 3184 3307 conﬁteri
3217 3268 3357 3307 mor-

1841 3341 1997 3394 talem
2028 3356 2145 3395 esse
2181 3342 2448 3395 animam:
2485 3341 2622 3408 quod
2656 3340 2784 3395 ﬁdes
2824 3344 3004 3409 utique
3045 3351 3223 3394 nostra
3260 3358 3362 3396 non

1839 3431 2044 3499 recipit.
2079 3432 2454 3511 Verumtamen
2487 3434 2612 3498 quid
2664 3442 2746 3486 est
2781 3433 2918 3500 quod
2955 3447 3017 3485 ex
3054 3432 3136 3484 bis
3185 3433 3360 3485 omni-

1841 3521 1937 3574 bus
1961 3521 2166 3576 ostendi
2195 3522 2477 3575 volumus?
2505 3522 2631 3574 Illud
2658 3522 2920 3590 profecto,
2945 3523 3083 3589 quod
3111 3521 3245 3574 sicut
3272 3535 3362 3575 eos

1840 3608 1930 3676 qui
1970 3625 2125 3662 unam
2159 3609 2448 3678 quamlibet
2497 3612 2562 3663 de
2608 3610 2690 3664 bis
2727 3626 2858 3679 quas
2903 3624 3062 3678 supra
3113 3609 3362 3676 exposui-
3419 3644 3434 3663 .

1843 3713 1981 3758 mus,
2018 3699 2317 3766 opinionem
2349 3714 2527 3752 veram
2566 3710 2789 3768 putant,
2841 3715 2942 3753 non
2984 3709 3124 3754 recta
3159 3701 3360 3754 ratione

1846 3785 2122 3839 haereticos
2151 3787 2266 3854 quis
2303 3788 2552 3856 appellat,
2585 3803 2682 3856 pro
2715 3803 2778 3842 eo
2811 3790 2950 3857 quod
2987 3805 3156 3857 neque
3189 3805 3252 3843 ex
3281 3790 3362 3844 di-

1848 3875 1985 3926 vinis
2013 3873 2301 3942 Scripturis
2335 3877 2465 3930 certi
2498 3877 2696 3945 aliquid
2739 3879 2802 3931 de
2851 3878 2934 3930 his
2966 3879 3048 3932 vel
3089 3880 3366 3933 manifeste

1848 3965 2040 4016 dictum
2079 3980 2192 4019 esse
2239 3967 2509 4031 videatur,
2559 3982 2729 4035 neque
2770 3968 2820 4020 in
2866 3967 3238 4022 Prwdicatione
3285 3985 3365 4022 ec-

1848 4052 2132 4104 clesiastica
2176 4053 2476 4108 contineri:
2524 4056 2593 4108 ita
2629 4069 2795 4123 neque
2843 4056 2982 4109 hunc
3025 4056 3196 4108 virum
3247 4057 3357 4109 cul-

1847 4144 1957 4213 pari
2001 4143 2199 4211 justum
2244 4153 2344 4211 est,
2374 4145 2720 4200 disserentem
2750 4146 2889 4214 quod
2922 4147 3022 4200 sibi
3056 4147 3224 4202 visum
3252 4156 3361 4214 est,

1780 4401 1822 4456 Ῑ)
1851 4415 2274 4469 Admonitionem
2317 4422 2545 4470 nostram
2596 4415 2646 4468 in
2697 4415 2831 4471 hanc
2867 4413 3121 4482 Pamphili
3173 4413 3366 4483 Apolo-

1882 4486 2004 4543 iam,
2035 4499 2176 4538 num.
2213 4486 2261 4537 7.

1847 4501 2004 4552 giam,
2035 4501 2176 4538 num.
2221 4501 2261 4537 ι.

1918 4553 2026 4621 (80)
2065 4552 2187 4605 Mss.
2215 4553 2471 4621 plerique,
2498 4553 2560 4605 de
2592 4554 2706 4620 ipsa
2737 4551 2829 4604 Dei
2859 4567 2964 4604 esse
2989 4567 3100 4604 eam
3129 4552 3363 4605 substan-

1849 4623 1973 4673 tiam
2006 4623 2318 4687 proﬁtentes,
2346 4622 2503 4675 male.

1917 4687 2139 4770 (§_l)‘lta
2170 4704 2353 4770 omnes
2393 4705 2541 4770 .mss.‘
2568 4689 2754 4770 nostri.
2798 4689 2871 4770 At.
2901 4702 3025 4770 vero
3067 4687 3235 4770 editi,
3263 4687 3366 4768 sed

1847 4768 1894 4810 et
1921 4758 2050 4809 illud
2086 4759 2219 4824 quod
2262 4760 2493 4826 sequitur
2526 4760 2692 4826 (quod
2731 4758 3098 4826 perabsurdum
3133 4760 3240 4824 est)
3287 4759 3368 4809 in-

1849 4842 2053 4878 currere
2084 4841 2182 4878 non
2209 4825 2486 4892 prwuident
2649 4841 2711 4879 ex
2733 4827 2888 4879 nullis
2918 4825 3303 4879 subsistentibus
3340 4842 3371 4877 a

1848 4894 1954 4946 Deo
1992 4894 2182 4960 factam
2210 4911 2336 4954 esse,
2377 4905 2482 4948 etc.

1917 4962 2026 5030 (82)
2073 4961 2194 5014 Mss.
2229 4966 2391 5016 nostri
2431 4978 2617 5017 omnes
2649 4963 2866 5027 habent,
2892 4964 2946 5016 in
2975 4963 3260 5016 traducem.
3291 4960 3368 5012 In-

1849 5030 1928 5082 fra
1967 5030 2128 5092 editi,
2162 5032 2284 5097 quid
2317 5033 2543 5084 dicemus
2568 5051 2586 5088 :
2627 5046 2743 5084 mox
2774 5047 2901 5084 mss.
2941 5031 3260 5083 Sorbonicus
3306 5038 3360 5082 et

1851 5099 1907 5152 S.
1947 5099 2248 5160 Michaelis.
2292 5103 2352 5151 de
2400 5101 2476 5172 his
2512 5103 2598 5168 qui
2643 5100 2912 5172 interfecti
2941 5101 3364 5172 adhuc_.:_postea

1849 5183 2032 5220 omnes
2057 5183 2204 5236 mss.,
2232 5178 2276 5220 et
2301 5171 2435 5236 quod
2462 5167 2820 5236 nonnunquam
2847 5170 2997 5221 etiam
3022 5167 3176 5236 (editi
3204 5167 3362 5236 omit-

1853 5246 1966 5288 tunt
2001 5235 2186 5303 etiam)
2221 5231 2491 5302 antequam
2520 5231 2858 5299 uasculorum,
2911 5231 3156 5290 etc—Sed
3202 5231 3367 5294 legen-

1851 5307 1971 5358 dum
2011 5304 2214 5356 videtur
2248 5316 2303 5357 ut
2341 5307 2393 5357 in
2437 5315 2615 5358 nostro
2655 5315 2820 5358 textu.

1921 5372 2028 5440 (85)
2074 5372 2233 5439 Editi,
2266 5375 2592 5440 participabit
2637 5375 2687 5425 id
2739 5374 2876 5440 quod
2907 5372 3069 5422 adhuc
3110 5369 3162 5418 in
3195 5369 3363 5440 ventre

1851 5428 2102 5507 receptum
2129 5428 2232 5503 est,
2261 5428 2306 5493 et
2336 5428 2533 5506 repulsa
2553 5454 2622 5495 est
2658 5428 2760 5494 ξιιᾰ
2780 5443 2908 5490 ratio
2939 5452 3067 5506 quar,
3100 5445 3200 5507 etc.
3230 5428 3359 5479 MSS-

1853 5511 2172 5563 Sorbonicns
2198 5521 2250 5564 et
2280 5511 2336 5564 S.
2372 5511 2636 5563 Michaelis
2666 5512 2715 5563 in
2767 5508 2998 5559 Periculo
3035 5511 3209 5555 niarls,
3239 5509 3365 5558 Ραν-

1850 5580 2074 5642 ticipauit
2111 5579 2163 5630 id
2218 5582 2352 5645 quod
2404 5581 2568 5630 adhuc
2609 5581 2659 5629 in
2705 5586 2882 5646 ventre
2909 5569 3367 5646 εονιςιιριρμεδξξι

1851 5639 2054 5715 repulsa
2091 5657 2162 5699 est
2201 5639 2293 5700 iila
2337 5648 2468 5700 ratio
2514 5663 2656 5715 qum,
2699 5655 2800 5700 etc.
2845 5639 3028 5694 Caneri
3067 5643 3188 5685 vero
3229 5639 3366 5680 mss.

1858 5727 1913 5771 ut
1947 5717 1996 5768 in
2043 5725 2222 5771 nostro
2267 5725 2429 5769 textu.
