3846 6442
137 361 216 416 615
1265 351 1598 409 APOLOGIA
1629 348 1765 406 PRO
1801 348 2117 407 ORIGENE.
3152 359 3254 413 6H

135 473 217 529 τοῦ
244 468 547 539 ἀνθρώπου,
574 469 811 537 εὑρήσει
845 469 956 537 τὴν
981 470 1186 523 πίστιν
1208 468 1304 521 ἐπὶ
1330 467 1435 535 τῆς
1481 466 1590 535 γῆς
1604 480 1624 528 ;

1739 479 1875 519 nsum
1907 477 2207 533 corporum,
2239 474 2289 520 et
2316 481 2410 535 per
2427 468 2528 524 hoc
2555 468 2712 524 ﬁnem
2734 471 2984 526 mundum
3015 473 3253 543 recipere

134 564 189 624 ὡς
218 558 422 630 εὕρομεν
480 556 626 628 παρά
666 557 743 627 τῷ
783 557 1050 627 Ματθαιῳ
1107 555 1275 618 οὕτως
1308 555 1620 628 εἰρημένον·

1739 568 1789 608 ic
1810 552 2026 608 resolvi.
2048 551 2161 607 Non
2190 562 2363 610 tamen
2393 558 2465 611 ita
2505 559 2716 613 videtur
2755 569 2952 615 sancta)
3008 561 3252 632 Scriptu-

136 652 314 715 ’Ὠσπερ
339 647 403 699 δὲ
435 650 492 700 al
538 646 743 714 ἡμέραι
790 646 902 699 τοῦ
949 646 1076 698 Νῶε
1093 685 1108 708 ,
1164 646 1347 709 οὕτως
1395 643 1561 696 ἔσται
1584 644 1624 704 ἡ

1739 657 1819 706 rte,
1841 657 1960 712 quae
1989 642 2118 695 dicit
2145 643 2534 700 multitudinem
2585 652 2909 715 peccantium
2950 651 3252 719 relinquen-

133 740 380 808 παρουσία
405 737 507 791 τοῦ
536 737 669 791 Υιοῦ
706 736 807 790 τοῦ
838 736 1162 803 ἀνθρώπου.
1562 794 1565 797 η

1739 733 1848 786 dam
1870 747 1988 786 esse
2018 732 2070 785 in
2104 732 2207 787 fine
2235 734 2431 787 szeculi.
2460 735 2609 800 Quod
2633 752 2697 791 ex
2730 753 2793 792 eo
2824 740 3251 794 manifestissime

133 834 353 887 indicatur
376 831 512 899 quod
573 833 627 884 in
683 830 971 898 Evangelio
1026 831 1281 898 scriptum
1309 837 1389 883 est
1431 844 1449 882 :
1520 826 1877 880 Verumtamen
1931 838 2082 892 putas
2136 826 2338 879 veniens
2371 825 2541 880 Filius
2583 828 2801 882 hominis
2836 831 3049 885 inveniet
3098 831 3251 899 [idem

130 937 253 992 super
269 932 441 976 terram
465 919 551 972 ⁸ίῖ
580 918 729 975 Sicut
756 920 891 974 enim
910 919 967 971 in
987 918 1167 971 diebus
1195 917 1329 979 Noe,
1346 917 1421 968 ita
1445 916 1545 969 erit
1568 925 1613 967 et
1652 915 1893 967 adventus
1919 911 2042 966 Filii
2071 913 2290 966 hominis
2317 913 2396 965 εει
2423 930 2443 964 ι

1277 1025 1822 1084 INTERPBETATIO
1858 1025 2109 1082 HUETll.

129 1128 308 1183 ἱηυιιὶει
334 1124 480 1191 ﬁdem
506 1124 560 1175 in
588 1134 729 1175 terra
756 1126 782 1177 ?
831 1133 885 1177 et
927 1123 1367 1191 quemadmodum
1411 1119 1547 1188 apud
1576 1116 1875 1172 Matthmum
1915 1120 1989 1171 ita
2014 1131 2321 1186 expressum
2359 1117 2659 1175 invenimus
2703 1134 2719 1173 :

129 1199 269 1252 diebus
297 1190 421 1256 Noe,
447 1192 521 1244 ita
541 1193 636 1244 erit
657 1202 703 1244 et
735 1192 984 1245 adventus
1013 1190 1141 1244 Filii
1177 1190 1419 1244 hominis.
1544 1208 1549 1213 '

2788 1121 2929 1177 Sicut
2970 1135 3137 1180 autem
3188 1130 3243 1182 in

179 1336 463 1389 Pturniws.
489 1331 563 1401 (ΑΞ)
587 1332 657 1385 Et
673 1341 1021 1400 posteaquam
1046 1332 1110 1386 de
1130 1329 1419 1399 Scripturis
1445 1327 1895 1395 multa‘disseruit,
1925 1324 2157 1393 ipseiam
2181 1340 2328 1381 suam
2354 1327 2672 1382 sententiam
2690 1328 2790 1384 hoc
2812 1331 2968 1385 modo
2988 1332 3238 1390 declarat.

180 1446 341 1497 Ἔσται
365 1442 540 1501 δὲτοῖς
564 1442 682 1493 τότε
707 1444 740 1512 ἡ
761 1442 869 1495 τῶν
892 1440 1292 1513 ἁμαρτημάτων
1324 1440 1620 1512 εῖσπραξις,

1793 1438 1891 1508 (2‘)
1917 1438 2199 1495 ORIGENES.
2227 1439 2305 1509 (3)
2336 1457 2355 1490 ι
2391 1440 2506 1494 Erit
2537 1450 2708 1495 autem
2732 1443 2815 1497 his
2829 1443 2916 1511 qui
2946 1453 3069 1500 tunc
3096 1457 3252 1502 erunt

128 1536 201 1587 οὐκ
235 1535 285 1585 ὲν
335 1531 843 1602 μετενσωματώσει·
880 1534 931 1584 εἰ
969 1531 1074 1602 γὰρ
1122 1532 1198 1584 ἔτι
1236 1532 1621 1602 ἁμαρτάνοντες

1739 1527 2067 1596 νὶιιόίοιιι,(4)
2103 1541 2206 1580 non
2235 1542 2300 1582 ex
2324 1530 2760 1584 transmutatione
2783 1532 3076 1587 animarum
3104 1550 3118 1587 :
3144 1550 3251 1591 non

128 1623 598 1695 παραλαμϐάνονται,
648 1624 768 1692 ἤτοι
799 1623 944 1692 ἄλλῳ
991 1622 1173 1691 τρόπῳ
1205 1621 1467 1684 κολάσεως
1491 1621 1623 1690 μετά

1739 1615 1861 1668 anim
1891 1615 1997 1684 jam
2018 1614 2082 1667 ad
2106 1615 2428 1684 peccandum
2456 1616 2601 1671 locus
2637 1619 2880 1674 erit:sed
2914 1621 3014 1674 alia
3056 1638 3252 1691 genera

126 1714 247 1767 τοῦτο
270 1710 689 1781 κολασθήσονται,
722 1713 819 1763 καὶ
860 1711 998 1764 κατά
1032 1711 1184 1763 τοῦτο
1210 1712 1323 1780 ἦτοι
1358 1710 1446 1762 δύο
1472 1711 1619 1763 τόποι

1739 1713 1872 1758 :runt
1918 1719 2105 1774 paenae.
2139 1705 2535 1762 Transmutatio
2565 1723 2793 1777 namque
2830 1726 3107 1780 corporum
3131 1727 3249 1783 pte-

127 1804 347 1857 κολάσεων
380 1801 583 1854 ἔσονται
605 1802 885 1868 γενικοίοὸ
915 1802 1011 1870 μὲν
1035 1803 1091 1853 ὲν
1120 1800 1616 1871 μετενσωματώσει·

1739 1811 1837 1849 iam
1867 1810 1970 1848 non
1997 1795 2155 1851 faciet
2177 1807 2534 1865 peccatorum,
2560 1799 2629 1852 ita
2666 1811 2721 1852 ut
2747 1800 2886 1853 nulla
2921 1803 3251 1859 extrinsecus

125 1893 209 1945 ὁδὲ
229 1892 317 1954 ἔξω
346 1890 431 1943 τοῦ
459 1889 697 1943 τοιούτου
738 1888 1020 1959 σώματος’
1056 1890 1148 1942 καὶ
1195 1890 1490 1956 λεγέτωσαν
1525 1890 1623 1952 τὰς

1739 1892 1964 1940 nitentur
1998 1885 2181 1940 inferri
2216 1887 2473 1956 supplicia
2496 1927 2511 1952 ,
2539 1892 2667 1956 quin
2698 1891 2873 1957 potius
2896 1899 2977 1944 est
3006 1900 3251 1959 peccato-

123 1982 285 2034 τούτων
312 1980 502 2043 αἰτίας,
532 1980 625 2031 καὶ
664 1978 932 2049 διαφοράς
956 1996 968 2007 ·
1000 1979 1032 2048 ἢ
1079 1979 1137 2030 οὐ
1188 1978 1619 2049 κολασθήσονται,

1739 1976 1865 2027 -ibus
1897 1989 2171 2042 pinnarum
2196 1976 2405 2041 modus,
2433 1976 2483 2028 id
2513 1984 2596 2029 est
2624 1984 2681 2028 ut
2714 1992 2809 2044 pro
2836 1978 2922 2032 his
2957 1977 3030 2048 (5)
3057 1994 3172 2048 qua:
3198 1979 3252 2035 in

123 2070 178 2135 ὡς
200 2071 378 2142 ἁθρόως
402 2068 760 2130 ἀποϐαλόντες
791 2067 858 2119 τὰ
879 2069 1090 2138 ἀμαρτή
1099 2084 1236 2137 ματα
1264 2070 1309 2120 οἱ
1337 2068 1427 2120 ἐπὶ
1447 2084 1623 2121 συντε-

1739 2077 1818 2117 ioc
1840 2064 2035 2117 mundo
2063 2072 2359 2133 gesserunt,
2402 2080 2609 2132 pmnam
2638 2068 2894 2135 recipiant
2917 2068 3248 2123 delictorum.

124 2162 215 2231 λείᾳ
234 2160 646 2228 καταλειφθέντες
675 2177 688 2190 ·
730 2160 796 2229 ἢ,
831 2160 963 2228 ὅπερ
1003 2157 1222 2226 βέλτιον,
1250 2153 1327 2221 εἷς
1364 2158 1474 2209 ἐστι
1497 2159 1621 2227 τρό-

1739 2151 2050 2207 danifestum
2075 2162 2246 2207 tamen
2272 2163 2351 2208 est
2371 2155 2510 2222 quod
2541 2156 2654 2210 ista:
2677 2156 2892 2226 singula:
2918 2159 3149 2213 rationes
3168 2158 3249 2214 his

126 2268 201 2312 πος
233 2249 474 2312 κολάσεως
516 2250 626 2311 τοῖς
671 2246 1050 2317 ἡμαρτηκόσιν
1087 2246 1144 2296 ὲν
1187 2244 1410 2314 σώματι,
1438 2244 1498 2295 τὸ
1522 2244 1623 2307 ἔξω

1739 2241 1806 2309 lui
1838 2250 2055 2309 possunt
2077 2243 2151 2296 rei
2179 2244 2611 2312 consequentiam
2638 2245 2919 2314 diligenter
2949 2248 3247 2315 advertere,

126 2338 250 2392 αὐτοῦ
270 2338 358 2406 τῆς
390 2337 780 2398 καταστάσεως
807 2334 897 2388 τοῦ
933 2335 1044 2403 βίου
1074 2333 1257 2386 τούτου
1283 2333 1341 2385 τὸ
1372 2333 1624 2399 καταξίαν

1739 2334 1999 2385 εοηῑτοτίαι
2036 2342 2157 2386 sunt
2201 2333 2326 2386 huic
2354 2334 2584 2403 dogmati
2622 2325 2728 2404 quo
2758 2335 3102 2404 perhibentur
3130 2338 3249 2390 ani-

124 2427 207 2482 τῶν
245 2425 617 2497 ἡμαρτημένων
671 2425 870 2478 παθεῖν
897 2440 909 2453 °
944 2423 1166 2475 ἕκαστον
1206 2423 1262 2474 δὲ
1306 2423 1503 2475 τούτων
1548 2423 1624 2492 τῷ

1739 2435 1819 2490 na}
1853 2420 2216 2475 transmutari.
2253 2421 2400 2487 Quod
2442 2423 2486 2476 si
2514 2425 2783 2494 gentilium
2820 2436 3062 2479 auctores
3101 2427 3252 2495 sequi

127 2519 274 2588 ἐνορᾷν
309 2516 573 2585 δυναμένῳ
609 2518 721 2578 τοῖς
766 2513 1074 2585 πράγμασιν
1111 2512 1486 2581 ἀνατρεπτικόν
1513 2514 1625 2564 ἐστι

1739 2509 1900 2561 (olunt
1923 2511 2012 2576 qui
2036 2510 2335 2576 opinionem
2362 2510 2511 2564 istam
2533 2528 2596 2566 ex
2627 2514 3001 2582 principiorum
3029 2528 3247 2568 suorum

126 2604 747 2676 τῆςμετενσωματώσεως.
787 2604 849 2654 Ei
891 2602 946 2653 δὲ
964 2600 1264 2668 ἀναγκαίως
1293 2602 1342 2652 οἱ
1368 2602 1464 2670 τὴν
1505 2619 1626 2671 μετ-

1739 2600 2096 2667 :onsequentia
2122 2601 2382 2668 persecuti
2407 2612 2548 2666 sunt,
2566 2603 2800 2658 dicentes
2822 2619 2944 2660 cum
2970 2605 3080 2659 hare
3102 2607 3252 2670 ﬁant,

127 2694 447 2763 ενσωμάτωσιν
475 2694 789 2760 εἰσάγοντες
820 2689 1092 2761 Ἕλληνες,
1138 2689 1212 2751 ὡς
1239 2689 1497 2742 ἀκόλουθα
1534 2692 1627 2744 αὐ-

1739 2687 1837 2742 ιίιιο
1867 2688 2024 2742 dubio
2072 2704 2338 2759 nunquam
2398 2693 2652 2745 mundum
2706 2693 2863 2746 istum
2898 2708 3051 2761 posse
3074 2694 3252 2763 ﬁniri,

127 2784 211 2847 τοῖς
228 2784 457 2847 τιθέντες,
490 2784 608 2836 οὐδὲ
627 2782 959 2852 ’φθείρεσθαι
991 2780 1260 2850 βούλονται
1287 2780 1376 2832 τὸν
1407 2781 1623 2850 κόσμον,

1739 2792 2052 2847 :onsequens
2082 2787 2164 2833 est
2188 2795 2278 2834 eos
2300 2781 2373 2849 (6)
2411 2783 2500 2850 qui
2544 2782 2656 2836 bsic
2686 2784 2940 2845 sentiunt,
2966 2783 3256 2853 Scriptura:

127 2874 217 2944 ὥρα
247 2875 325 2926 καὶ
372 2874 583 2936 τούτους
622 2872 1049 2941 ἀντιϐλέψαντας
1098 2873 1215 2933 ταῖς
1252 2870 1625 2950 ὲκφαινοιξσαις

1739 2854 1921 2919 instra:
1972 2880 2076 2920 non
2124 2869 2374 2930 credere,
2406 2884 2524 2936 qua:
2563 2869 2991 2923 manifestissime
3020 2885 3256 2938 pronun-

128 2961 320 3032 Γραφαῖς
345 2962 707 3033 φθαρήσεσθαι
738 2961 830 3013 τὸν
868 2961 1093 3029 κόσμον,
1138 2960 1170 3029 ἢ
1206 2958 1493 3027 ἀπιστῆσαι
1532 2960 1627 3011 αὐ-

1739 2958 1823 3009 .iat
1844 2955 2002 3010 finem
2030 2959 2209 3011 mundi
2244 2956 2500 3021 futurum,
2530 2967 2584 3011 et
2606 2973 2706 3012 non
2741 2959 3024 3026 exquirere
3046 2958 3097 3010 in
3129 2958 3257 3039 ipsis

128 3023 234 3114 ταῖς,
258 3023 672 3123 ῆνεθρεσιλογεῖν
712 3051 844 3121 περὶ
892 3023 1188 3120 διτίγήσεως
1216 3046 1321 3099 τῶν
1352 3023 1488 3099 κατά
1528 3047 1623 3116 τὴν

1739 3046 2019 3115 Scripturis
2053 3047 2431 3115 expositiones,
2457 3049 2571 3102 sive
2601 3048 2922 3102 assertiones
2968 3028 3172 3116 ineptas
3200 3055 3256 3101 et

130 3140 400 3206 συντέλειαν,
431 3142 565 3212 ὅπερ
620 3140 724 3194 κᾶν
761 3139 1045 3209 βούλωνται
1085 3137 1322 3207 ποιῆσαι,
1370 3139 1430 3190 οὺ
1470 3136 1624 3208 δυνή-

1746 3148 2187 3205 neonsequentcs,
2218 3152 2281 3192 ex
2313 3139 2505 3207 quibus
2532 3138 2673 3192 nullo
2704 3150 2898 3208 genere
2917 3123 3125 3192 ostendi
3160 3151 3261 3205 pot

130 3244 288 3284 σονται,
960 3228 965 3233 ’
1720 3233 1821 3280 test
1860 3228 2000 3296 quod
2049 3228 2337 3283 secundum
2392 3228 2696 3297 Scripturas
2742 3237 2952 3284 nostras
2981 3242 3255 3299 nunquam

1717 3316 1893 3370 saeculi
1937 3316 2057 3370 linis
2103 3316 2313 3372 futurus
2357 3317 2445 3371 sit.
2482 3335 2501 3368 ι

1288 3426 1834 3482 INTERPRETATIO
1872 3427 2125 3482 HUETII.

180 3523 440 3580 Punientur
468 3536 647 3581 autem
676 3537 867 3579 eorum
892 3522 1221 3590 peccataqui
1246 3530 1368 3573 tunc
1391 3530 1545 3573 erunt
1578 3557 1592 3580 ,
1616 3532 1719 3570 non
1746 3533 1838 3587 per
1867 3518 2231 3588 migrationem
2264 3533 2295 3573 e
2316 3534 2536 3588 corpore
2566 3522 2617 3574 in
2647 3537 2838 3590 corpus
2877 3540 2892 3577 :
2923 3538 3043 3578 nam
3086 3526 3131 3579 si
3165 3527 3232 3580 ad

128 3592 209 3647 huc
228 3605 487 3660 peccantes
517 3588 1124 3662 depreliettd_unttir,_vel
1156 3588 1275 3641 alio
1308 3601 1482 3662 poenae
1526 3600 1719 3655 genere
1748 3596 1933 3662 postea
1982 3590 2400 3662 punientur_:__ac
2440 3592 2554 3643 duae
2594 3588 2813 3662 proinde
2851 3594 3126 3661 generales
3156 3609 3260 3662 ρυ-

127 3655 270 3715 niendi
305 3665 531 3717 rationes
560 3655 762 3724 e'runt;
802 3660 890 3711 illa
906 3655 1127 3728 quidem
1158 3671 1255 3724 per
1281 3655 1560 3728 transitum
1584 3670 1613 3708 e
1643 3669 1867 3728 corpore
1895 3655 1948 3708 in
1997 3669 2195 3728 corpus
2226 3672 2240 3719 ;
2274 3657 2361 3710 illa
2385 3673 2510 3712 vero
2537 3655 2687 3712 extra
2736 3655 2901 3714 hocc'e
2937 3677 3127 3728 corpus
3145 3655 3173 3727 ξ
3195 3677 3260 3716 ac

124 3727 299 3783 illarum
327 3746 512 3785 causas
538 3742 594 3785 et
640 3723 984 3798 differentias
1040 3723 1372 3798 exponant:
1408 3723 1494 3798 vel
1533 3737 1637 3775 non
1675 3723 2000 3798 punientur,
2048 3725 2198 3791 quasi
2240 3738 2456 3793 peccata
2502 3743 2594 3780 sua
2641 3729 2917 3782 confestim
2966 3723 3263 3798 'abjecerint

124 3797 270 3862 quiin
304 3801 763 3853 consummatione
785 3790 1341 3867 fuerintdepreliensi
1368 3809 1383 3856 ;
1416 3790 1705 3867 geluquod’
1745 3791 1930 3867 melius
1956 3790 2206 3867 es_t._una
2240 3790 2451 3847 tantum
2497 3798 2703 3849 ratione
2734 3790 3053 3863 plectuntur;
3086 3801 3173 3867 qui
3202 3800 3257 3852 in

123 3858 310 3935 corpore
336 3877 718 3935 peccaverunt,
751 3877 942 3932 poenas
973 3860 1217 3935 videlicet
1239 3870 1389 3914 extra
1416 3858 1644 3935 illtitl,:et
1670 3867 1836 3935 extra
1856 3860 1979 3935 vitae
2007 3859 2163 3935 huius
2203 3868 2396 3935 statnm
2427 3877 2490 3915 ex
2535 3858 2879 3935 peccatorum
2908 3858 3123 3919 suorum
3153 3882 3262 3920 me-

122 3926 211 4003 rito
229 3926 422 3990 dantes.
455 3926 895 4003 Unumquodque
915 3938 1088 3982 autem
1126 3929 1358 4003 illorum,
1392 3939 1448 3980 ut
1482 3926 1917 4003 facilenintelligit
1944 3928 2187 4003 quisquis
2212 3944 2298 4003 res
2328 3926 2677 4003 introspicere
2709 3942 2902 4003 potest,
2940 3935 3261 3987 sententiam

121 4000 177 4053 de
203 4003 495 4071 migratione
529 3994 836 4055 animarum
871 4013 909 4071 _e
948 4012 1177 4071 corpore
1226 3997 1277 4049 in
1309 4010 1500 4063 corpus
1530 3994 1766 4071 funditus
1819 3994 2126 4071 labefactat.
2148 3995 2294 4061 Quod
2331 3999 2375 4051 si
2423 3994 2512 4065 qui
2556 3994 2831 4071 transitum
2866 3994 3161 4071 animarum
3207 4004 3261 4054 in

122 4070 245 4121 varia
268 4063 483 4139 corpora
521 4073 789 4125 invehunt
814 4063 1063 4128 ethnici,'
1086 4073 1267 4133 utpote
1311 4074 1662 4139 consentanea
1699 4063 1953 4139 doctrina:
1996 4064 2117 4118 huic
2162 4063 2479 4139 astruentes,
2524 4069 2701 4139 mundi
2751 4069 3020 4139 interitum
3050 4084 3259 4139 Atteces-

121 4141 237 4205 sario
256 4130 954 4203 non'admittunt,superest
973 4143 1039 4205 _ut
1059 4130 1339 4205 postquam
1369 4130 1663 4205 scripturis
1695 4131 1876 4184 mundi
1906 4144 2151 4205 occasum
2174 4135 2537 4205 asserentibus
2560 4136 2730 4202 palam
2765 4136 3016 4205 refragati
3043 4135 3256 4199 fuerint,

121 4204 185 4256 vel
213 4206 354 4260 fidem
384 4210 450 4262 iis
486 4223 592 4261 non
629 4200 883 4273 habeant,
908 4202 989 4254 vel
1034 4200 1207 4255 verba
1233 4201 1712 4273 reperiantquibus
1753 4214 1816 4253 ea
1848 4213 1965 4267 qua:
2009 4200 2075 4253 ad
2108 4200 2622 4256 consummationem
2677 4200 2976 4272 pertinent,
2999 4205 3263 4273 esplicare

120 4278 307 4340 possint,
331 4277 467 4344 quod
495 4275 681 4330 facere
710 4272 1016 4339 neutiquam
1042 4279 1311 4338 poterunt,
1342 4269 1552 4322 etiamsi
1578 4268 1766 4321 velint.

172 4378 470 4441 Pantaenus.
502 4388 579 4442 De
608 4386 798 4442 eadem
845 4397 922 4449 re,
968 4398 1030 4437 ex
1054 4383 1186 4438 libro
1228 4382 1303 4436 De
1336 4382 1625 4437 Proverbiis
1657 4386 1700 4440 ι)
1727 4390 1895 4452 pturze
1920 4392 2118 4437 sancta:
2158 4384 2525 4439 occasionibus
2549 4424 2564 4448 ,
2604 4399 2709 4438 non
2747 4385 3101 4456 intelligenles
3133 4403 3264 4457 quo-

121 4468 399 4530 Salomonis.

174 4564 435 4620 ORIGENES.
461 4566 541 4635 (7)
567 4584 586 4616 t
615 4565 841 4621 Videtur
858 4572 1031 4617 autem
1056 4562 1183 4615 mihi
1204 4571 1258 4616 et
1284 4562 1369 4615 illa
1400 4564 1624 4617 assertio

123 4661 216 4715 qua:
243 4655 611 4708 transformari
634 4655 846 4707 animas
873 4652 937 4706 de
964 4652 1276 4719 corporibus
1302 4653 1352 4704 in
1383 4652 1483 4706 alia
1505 4667 1624 4707 cor-

1733 4473 1889 4525 modo
1912 4471 2133 4542 intelligi
2161 4473 2386 4528 debeant
2422 4488 2537 4541 quae
2575 4475 2769 4543 scripta
2803 4482 2945 4528 sunt.
2973 4476 3088 4530 Non
3121 4478 3264 4531 enim

1730 4560 2010 4613 advertunt
2036 4563 2298 4630 quomodo
2329 4562 2485 4615 homo
2532 4562 2790 4616 efficiatur
2817 4564 2892 4633 (8)
2925 4574 3016 4617 aut
3057 4564 3261 4633 pullus,

1730 4657 1821 4700 aut
1858 4662 2043 4715 equus,
2087 4658 2178 4702 aut
2221 4649 2510 4715 mulus;et
2554 4661 2875 4718 putaverunt
2923 4654 3266 4707 transmutari

121 4751 222 4801 pora
252 4752 530 4807 asseverat,
564 4742 873 4812 pervenisse
909 4742 1068 4795 etiam
1115 4741 1168 4794 in
1198 4740 1399 4808 aliquos
1436 4755 1620 4795 corum
1661 4756 1666 4762 ’
1725 4735 2010 4789 humanam
2039 4738 2268 4791 animam
2304 4741 2355 4792 in
2382 4742 2640 4806 pecudum
2669 4756 2915 4809 corpora,
2948 4751 3005 4795 ut
3033 4742 3264 4796 aestima-

122 4826 194 4891 qui
237 4827 438 4886 Christo
467 4830 693 4885 credere
741 4830 1007 4892 videntur,
1036 4843 1102 4882 ex
1128 4827 1439 4895 quibusdam
1474 4827 1620 4882 Scri-

176 4922 211 4969 ⁸ί
232 4940 353 4996 Luc.
380 4958 535 5005 xwtt,
568 4942 623 4996 8.
695 4941 740 4974 ⁸³
764 4938 949 4993 Matth.
977 4954 1119 5002 χειν,
1150 4939 1237 4992 57.

178 5032 263 5103 (2)7
282 5032 341 5087 Et
368 5047 709 5103 posteaquam
737 5037 799 5088 de
834 5032 1116 5102 Scripturis
1155 5031 1338 5103 multa
1360 5032 1622 5103 disserttit,

121 5100 389 5173 etc.Certe
432 5100 662 5172 sequens
690 5100 1281 5173 '0rigenis’_contex_tus
1327 5100 1631 5154 immediate

121 5170 321 5239 priorem
346 5169 590 5239 sequitur
625 5173 674 5225 in
697 5169 910 5227 Graeco:
935 5170 1167 5239 adeoque
1194 5169 1331 5221 inter
1355 5175 1631 5235 utrumque

122 5235 235 5308 nihil
265 5240 329 5308 de
345 5235 641 5308 Scripturis
668 5239 922 5295 disseruit
945 5235 1215 5307 Origenes.

183 5305 274 5373 (-2“)
310 5305 486 5360 Rufini
520 5308 915 5374 interpretatio.

258 5371 361 5428 Ἐς
387 5377 481 5429 lib.
513 5371 923 5430 meomment.
944 5375 995 5426 in
1028 5373 1351 5435 Matthwum,
1384 5384 1528 5426 num.
1569 5371 1619 5427 1.

232 5373 252 5509 ζ
286 5441 375 5496 Sic
394 5458 585 5498 omnes
628 5459 755 5497 mss.
787 5444 854 5493 At
889 5455 1009 5494 vero
1032 5444 1155 5495 editi
1182 5480 1197 5501 ,
1237 5457 1336 5492 non
1365 5449 1619 5509 transmu-

203 5441 252 5501 ι)
286 5441 375 5496 Sic
394 5458 585 5498 omnes
628 5459 755 5497 mss.
787 5444 854 5493 At
889 5455 1009 5494 vero
1032 5444 1155 5495 editi
1182 5480 1197 5501 ,
1237 5457 1336 5492 non
1365 5449 1623 5491 transmu-

125 5576 225 5638 erit,
255 5588 355 5632 etc.
379 5578 618 5632 Nefanda
644 5578 820 5631 Rufini
850 5575 1151 5644 interpretis
1177 5575 1390 5643 perfidia
1422 5576 1509 5641 qui
1541 5575 1627 5630 hic

131 5644 363 5713 reddidit,
391 5663 492 5701 non
524 5649 655 5700 enim
712 5644 817 5704 iam
849 5644 914 5696 ad
950 5650 1259 5711 peccandum
1290 5655 1451 5716 ⁸ιοειιδ
1501 5646 1589 5696 erit
1609 5687 1623 5712 ,

201 5376 231 5425 5
287 5376 361 5428 Ex
387 5377 481 5429 lib.
513 5376 923 5430 xutComment.
944 5376 995 5426 in
1028 5376 1351 5435 Mattltwum,
1384 5384 1528 5426 num.
1569 5376 1619 5427 f.

181 5376 252 5559 ξιξ
286 5441 375 5496 Sic
394 5458 585 5498 omnes
628 5459 755 5497 mss.
787 5444 854 5493 At
889 5455 1009 5494 vero
1032 5444 1155 5495 editi
1182 5480 1197 5501 ,
1237 5457 1336 5492 non
1365 5449 1623 5491 transmu-
1658 5506 1659 5509 η

127 5513 187 5577 fat
210 5512 541 5563 oanimarum
576 5526 594 5561 :
627 5527 727 5563 non
748 5510 882 5561 enim
907 5512 1017 5575 jam
1050 5511 1114 5560 ad
1143 5513 1452 5577 peccandum
1486 5508 1624 5577 iocus

1725 4828 2004 4895 rentquod
2034 4827 2314 4896 aliquando
2360 4831 2626 4899 serpentis
2660 4831 2884 4900 suscipit
2934 4846 3147 4901 corpus,
3183 4812 3268 4885 vel

1731 5051 1849 5090 cum
1879 5036 2135 5107 habeatur
2161 5037 2214 5091 in
2264 5038 2471 5101 Graeco,
2514 5039 2561 5090 εἰ
2601 5037 2706 5107 γὰρ
2748 5038 2825 5090 ἔτι
2874 5032 3269 5107 ἁμαρτάνοντες

1733 5106 2255 5175 παραλαμϐάνονται,
2291 5123 2408 5160 nam
2442 5111 2485 5159 si
2511 5101 2962 5174 adhitc'peccantés
2994 5101 3270 5154 denrehen’

1732 5175 2064 5311 (1ωέῗὲἀίιῇ
2091 5258 2206 5312 qua:
2232 5245 2287 5296 in
2309 5243 2403 5295 hoc
2429 5258 2611 5312 corpus
2645 5251 2932 5311 gesserunt.
2975 5235 3092 5287 Mss.
3122 5240 3181 5283 ut
3207 5231 3269 5282 in

1682 5276 1689 5281 '
1800 5276 1875 5311 \"I

1732 5318 1896 5365 textu.

1800 5379 1872 5448 (δ)
1912 5378 1983 5431 Ita
2014 5395 2143 5436 mss.
2170 5380 2357 5435 nostri.
2385 5380 2521 5434 Editi
2548 5394 2703 5441 vero,
2749 5376 2838 5448 qui
2863 5379 2971 5425 hazc
3000 5365 3197 5445 colunt.

1740 5486 1743 5487 ν
1798 5445 1872 5516 (7)
1902 5448 1971 5499 Ex
2004 5448 2288 5502 Comment.
2334 5450 2391 5501 in
2438 5449 2712 5501 Proverbia
2744 5445 3057 5513 Salomonis.

1799 5516 1872 5543 [οὶ
1913 5516 2106 5543 ἢμην...
2142 5533 2247 5543 ...η
2295 5518 2457 5543 ..και-ε
2488 5518 2677 5543 nmium.
2727 5519 2811 5543 ,ηιι
2837 5505 3036 5543 nulum:
3059 5491 3151 5543 σοι]

1799 5498 1873 5586 is)
1890 5498 2461 5586 eius.anginam
2488 5498 2698 5586 555...,
2724 5519 2812 5563 ααι
2836 5498 3151 5586 ραιηξειξξεα
3183 5498 3275 5542 ιιι-

1733 5564 1871 5640 mar
1888 5564 2751 5654 legatisnam?signa;iis,
2780 5564 2872 5630 αιὶι
2906 5564 3118 5639 pullus»
