3846 6424
543 493 641 550 627
1868 484 2095 539 RUFINI
2130 481 2323 537 LIBER
3584 474 3666 526 638

544 616 734 659 sertum
775 598 839 650 ab
877 598 1137 649 haereticis
1183 598 1356 664 potius
1388 612 1546 666 quam
1580 599 1644 652 ab
1687 601 1770 652 his
1816 603 2067 669 scriptum
2096 605 2141 658 Α
2170 611 2491 665 magnopere
2533 589 2862 661 poposcisti,
2911 602 3021 641 non
3067 585 3265 654 pigebit
3310 585 3460 639 etiam
3502 585 3666 644 Latinis

541 699 755 759 putetur
784 706 795 739 :
823 688 921 738 hoc
942 686 994 737 in
1018 684 1244 753 Origene
1266 703 1366 741 non
1386 699 1698 755 argumento
1716 690 1885 741 solum
1907 690 2064 741 simili
2165 691 2526 760 scriptoribus
2556 687 2681 741 talia
2726 685 2981 752 quaedam
3023 681 3283 735 accidisse
3326 691 3604 746 monstrare,
3627 696 3665 737 et

542 788 595 831 ut
616 779 668 829 in
695 775 815 837 illis,
840 774 931 827 sed
966 775 1271 828 testimonio
1302 776 1749 844 querimoniarum
1780 792 2065 830 suarumex
2169 780 2469 833 calumnias
2526 778 2830 830 immensas
2886 786 2952 825 ex
3020 769 3397 823 adulteratione
3459 770 3668 826 libroruin

536 867 647 920 suis
682 863 896 928 scriptis
939 866 1166 931 prolato,
1196 867 1479 919 absurdum
1521 880 1621 918 non
1654 875 1780 932 puto
1801 867 1847 919 si
1880 867 2069 919 creda-
2166 884 2383 923 suorum
2420 865 2630 920 sanctis
2658 872 2715 917 et
2743 860 3141 929 probatissimis
3186 858 3316 911 viris
3337 874 3446 911 esse
3474 874 3668 914 eorum

537 964 639 1015 tur,
669 967 736 1005 ne
785 951 929 1005 velut
965 953 1157 1006 stultus
1188 954 1382 1022 aliquis
1424 965 1517 1008 aut
1549 955 1768 1009 insanus
1798 956 2069 1009 contraria
2168 969 2274 1012 tas.
2316 958 2383 1010 Et
2426 971 2495 1010 ne
2539 954 2669 1023 quid
2719 959 2924 1020 aperta:
2960 948 3266 1003 credulitati
3301 949 3445 1010 desit,
3484 966 3557 1003 res
3580 966 3669 1019 qua

533 1041 634 1093 sibi
666 1039 945 1108 scripsisse
968 1041 1226 1095 videatur.
2169 1058 2288 1101 sunt
2322 1047 2501 1099 adhuc
2539 1043 2817 1098 memoria:
2848 1049 3054 1095 nostra:
3081 1050 3336 1104 retexam,
3366 1054 3466 1107 quo
3490 1047 3670 1094 testimo

601 1131 679 1183 De
711 1129 1081 1183 haereticorum
1111 1146 1241 1184 vero
1292 1133 1585 1185 .emeritate
1623 1132 1754 1199 ('55),
1776 1134 1898 1200 quia
1924 1132 2069 1186 credi
2169 1137 2242 1189 nii
2275 1136 2475 1189 veritas
2502 1134 2780 1186 neminem
2813 1132 3003 1185 lateat.

536 1218 678 1272 istud
715 1220 890 1274 scelus
927 1220 1084 1273 facile
1111 1220 1299 1287 possit,
1331 1220 1419 1272 illa
1452 1236 1534 1273 res
1565 1222 1851 1273 maximum
1878 1224 2070 1276 credu-
2240 1225 2354 1293 (58)
2410 1222 2649 1276 Hilarius
2700 1219 3075 1275 Pictaviensis
3125 1218 3401 1288 episcopus
3447 1220 3671 1274 confessor

538 1308 705 1363 litatis
754 1318 972 1377 praestat
1015 1310 1338 1377 exemplum,
1382 1312 1522 1378 quod
1571 1311 1841 1364 abSIinere
1881 1311 2072 1377 impias
2172 1315 2306 1369 fidei
2349 1314 2631 1368 catholica:
2686 1311 2814 1365 fuit.
2864 1309 2967 1364 llic
3020 1324 3144 1363 cum
3196 1309 3263 1362 ad
3309 1310 3668 1363 emendationem

537 1415 728 1453 silanus
765 1414 883 1452 nea
912 1401 1266 1453 sacrosanctis
1306 1401 1516 1468 quidem
1559 1401 1829 1469 Evangelii
1860 1401 2073 1454 vocibus
2170 1419 2355 1456 eorum
2384 1403 2477 1469 qui
2512 1399 2853 1453 Ariminensi
2902 1398 3145 1467 perﬁdia
3182 1398 3596 1463 subscripserant,
3627 1398 3671 1452 li-

536 1498 840 1557 potueruut.
892 1490 1267 1557 Apostolorum
1313 1505 1439 1544 vero
1475 1491 1557 1543 vel
1602 1492 1787 1554 Actus,
1834 1492 1916 1543 vel
1962 1492 2073 1557 Epi-
2172 1495 2364 1549 bellum
2425 1490 2806 1546 instructionis
2880 1488 3209 1557 plenissima:
3275 1487 3669 1555 conscripsisset,

537 1581 703 1647 stolas
761 1580 989 1648 qualiter
1042 1579 1346 1645 polluerint,
1407 1582 1641 1648 qualiter
1703 1582 2025 1634 corroserint
2055 1622 2069 1645 ,
2173 1599 2401 1650 cumque
2432 1581 2649 1635 libellus
2676 1580 2795 1648 ipse
2826 1578 2883 1631 in
2921 1593 3118 1631 manus
3150 1578 3481 1629 inimicorum
3519 1584 3565 1629 et
3590 1592 3673 1628 ina-

536 1672 765 1739 qualiter
826 1673 878 1724 in
941 1670 1183 1723 omnibus
1242 1671 1645 1734 maculaverint,
1694 1672 1775 1725 vel
1828 1673 2073 1728 addendo
2179 1670 2493 1733 levolorum,
2531 1677 2589 1721 ut
2620 1669 2851 1737 quidam
2884 1666 3163 1727 dicebant,
3209 1674 3451 1732 corrupto
3489 1666 3671 1726 notario,

538 1762 723 1828 impia,
770 1761 854 1814 vel
901 1760 1188 1813 auferendo
1233 1774 1350 1827 quae
1395 1761 1480 1828 pia
1524 1771 1666 1825 sunt,
1700 1762 1745 1814 si
1793 1764 1912 1828 quis
1964 1763 2075 1815 vult
2174 1760 2260 1813 alii
2308 1773 2435 1813 vero
2480 1756 2587 1810 alia
2634 1757 2929 1810 occasione
2962 1754 3259 1807 narrabant
3286 1752 3428 1821 (quid
3456 1750 3669 1821 interest),

537 1851 742 1919 plenius
757 1850 912 1915 scire,
936 1864 1001 1902 ex
1029 1850 1111 1903 his
1128 1849 1278 1904 libris
1299 1849 1635 1913 Tertulliani,
1655 1865 1785 1917 quos
1809 1852 2073 1903 adversum
2106 1911 2141 1919 λ
2175 1859 2349 1902 tamen
2399 1861 2522 1901 cum
2576 1847 2631 1900 in
2676 1859 2875 1899 manus
2924 1843 3268 1898 inimicorum
3316 1842 3427 1909 ipso
3454 1842 3672 1910 ignorante

539 1941 857 1994 Marciouem
895 1941 1134 2008 scripsit,
1171 1941 1477 2010 plenissime
1532 1951 1895 2009 recognoscet.
1937 1942 2072 2005 Quid
2102 1911 2145 1963 Β
2173 1940 2427 2001 venisset,
2468 1937 2542 1989 ita
2584 1936 2659 1989 ab
2692 1936 2776 1989 eis
2817 1943 3117 2002 corruptus
3156 1941 3257 1995 est,
3288 1931 3374 1986 illo
3402 1940 3564 1985 sancto
3589 1934 3672 1984 virs

539 2045 665 2097 ergo
686 2029 797 2097 jam
831 2028 933 2081 erit
963 2042 1233 2096 magnum,
1264 2028 1307 2080 si
1341 2027 1583 2096 Origenis
1619 2028 1822 2096 scripta
1854 2038 2073 2081 temera-
2172 2025 2299 2078 nihil
2322 2025 2537 2092 penitus
2567 2022 2682 2094 (39)
2712 2023 3015 2086 sentiente,
3041 2031 3100 2075 ut
3132 2030 3335 2091 postea,
3366 2034 3477 2074 cum
3504 2022 3560 2072 ad
3579 2034 3672 2073 eon-

539 2125 663 2167 runt
698 2114 771 2176 Ill,
817 2116 906 2182 qui
956 2114 1248 2169 Salvatoris
1282 2116 1373 2168 Dei
1408 2116 1577 2169 nostri
1629 2115 1767 2169 dicta
1799 2116 1913 2169 ausi
1953 2126 2075 2169 sunt
2176 2114 2358 2167 cilium
2387 2111 2799 2180 episcoporum,
2838 2110 3143 2164 secundum
3172 2124 3236 2163 ea
3261 2124 3375 2176 qua
3397 2123 3452 2163 se
3473 2109 3521 2162 in
3536 2107 3669 2161 libello

542 2204 840 2258 temerare?
889 2202 995 2257 Nec
1040 2218 1167 2258 sane
1223 2204 1504 2258 diversitas
1548 2204 1850 2272 dogmatum
1917 2203 2073 2258 alicui
2174 2202 2341 2269 ipsius
2375 2200 3007 2267 uoverantcorrupisse,
3035 2198 3345 2253 haereticum
3372 2212 3481 2251 eum
3513 2195 3668 2249 inimici

543 2295 849 2347 assertiouis
885 2304 1078 2346 nostra:
1102 2294 1322 2361 deneget
1356 2292 1532 2357 tidem,
1558 2293 1696 2359 quod
1727 2293 1943 2346 alterius
1968 2295 2074 2346 hae-
2178 2308 2400 2358 arguere
2434 2291 2759 2358 coepissent,
2805 2299 2862 2344 et
2894 2291 3013 2357 ipse
3039 2287 3207 2342 libelli
3237 2286 3317 2341 sui
3348 2287 3497 2341 [idem
3516 2300 3594 2352 pro
3613 2286 3670 2338 sui

540 2382 678 2435 resis
706 2381 903 2435 fuerint
940 2381 1012 2435 illi
1042 2383 1133 2450 qui
1178 2380 1463 2449 Evangelia
1492 2382 1872 2449 depravarunt;
1912 2381 1977 2433 ad
2001 2380 2078 2433 al-
2174 2381 2479 2436 defensione
2510 2380 2813 2450 ﬂagitaret,
2837 2380 2907 2434 de
2936 2379 3097 2434 domo
3120 2393 3215 2434 sua
3252 2377 3480 2447 prolatus
3510 2375 3669 2430 libellus

543 2481 709 2523 teram
744 2486 870 2524 vero
908 2471 1152 2524 haeresim
1213 2471 1497 2537 respiciant
1546 2471 1645 2523 ista
1693 2485 1811 2538 quae
1853 2470 2076 2523 dicimus
2176 2472 2296 2526 talis
2326 2472 2575 2527 inventus
2612 2470 2688 2526 sit
2710 2512 2728 2537 ,
2780 2485 2948 2540 quem
2979 2470 3094 2539 ipse
3119 2484 3226 2524 non
3257 2479 3563 2538 agnosceret,
3592 2466 3669 2534 (ω)

543 2558 964 2627 Origenis'libris
1005 2560 1229 2613 inserta.
1264 2558 1561 2627 Cognoscat
1599 2558 1688 2625 qui
1721 2559 1786 2611 de
1812 2558 1893 2611 bis
1926 2556 2076 2611 dubi-
2175 2561 2375 2615 faceret
2426 2571 2603 2617 tamen
2653 2576 2783 2615 eum
2835 2561 3365 2615 excommunicatum
3416 2558 3475 2612 de
3510 2555 3671 2610 concilii

545 2657 637 2708 tat.
659 2649 798 2716 quod
821 2650 1029 2702 sicutin
1058 2647 1305 2701 omnibus
1345 2647 1547 2701 sanctis
1576 2656 1657 2699 est
1686 2645 1917 2713 Spiritus
1961 2646 2075 2709 Dei,
2175 2647 2525 2703 conventione
2587 2649 2896 2703 discedere.
2948 2645 3153 2701 Verum
3213 2646 3336 2716 quia
3394 2644 3596 2709 viventi,
3633 2653 3672 2697 et

541 2741 679 2793 sicut
719 2749 771 2791 et
809 2738 1091 2807 Apostolus
1124 2737 1271 2801 dicit,
1313 2738 1436 2805 quia
1476 2736 1692 2804 spiritus
1715 2735 2077 2804 prapltetarum
2176 2738 2349 2790 adhuc
2376 2740 2430 2790 itt
2459 2751 2685 2805 corpore
2709 2739 2918 2806 posito,
2960 2754 3048 2793 res
3090 2738 3336 2805 quamvis
3383 2735 3602 2789 scelerata
3634 2742 3672 2785 et

545 2830 805 2901 prophetis
840 2829 1096 2898 subjectus
1140 2838 1213 2881 est
1246 2830 1291 2860 ⁹²
1327 2844 1341 2881 :
1373 2827 1461 2895 qui
1496 2836 1551 2880 et
1580 2827 1770 2880 iterum
1795 2826 1890 2889 ait,
1938 2825 2078 2892 quod
2177 2824 2412 2879 inaudita
2451 2827 2803 2895 contigerat,
2830 2828 2941 2880 doli
2973 2826 3178 2898 cogniti
3206 2825 3365 2882 factio
3382 2825 3674 2892 deprehensa,

546 2937 717 2973 omnes
748 2936 904 2972 unum
937 2921 1171 2985 spiritum
1195 2919 1309 2990 (36)
1329 2918 1613 2984 putauimus
1643 2929 1662 2967 :
1704 2917 1774 2969 ita
1802 2928 1853 2969 et
1884 2915 1936 2967 in
1969 2915 2079 2968 hat-
2176 2916 2382 2969 detecta
2417 2916 2680 2970 scelerum
2729 2918 2993 2971 machina
3025 2917 3203 2986 potuit
3249 2912 3669 2972 emetidari.Adhi-

546 3011 725 3064 reticis
747 3026 880 3064 unus
906 3020 988 3065 est
1022 3008 1218 3064 diaboli
1247 3008 1488 3076 spiritus,
1508 3008 1600 3074 qui
1634 3020 1725 3061 eos
1746 3006 1986 3060 eamdem
2013 3019 2078 3058 ac
2175 3005 2286 3058 hita
2336 3006 2479 3060 enim
2527 3008 2745 3061 curatio
2786 3018 2873 3062 est
2900 3009 3323 3073 assertionibus,
3358 3004 3671 3061 satisfactioni-

546 3100 772 3156 similem
798 3113 1008 3166 semper
1036 3098 1289 3152 malitiam
1317 3099 1490 3151 docet.
2175 3094 2299 3158 bus,
2329 3105 2385 3150 et
2419 3098 2667 3151 omnibus
2716 3097 2807 3151 bis
2857 3113 2987 3168 qua
3044 3100 3285 3154 viventes
3326 3114 3417 3167 pro
3461 3111 3513 3152 se
3542 3093 3669 3149 facere

616 3188 810 3242 Verum
840 3202 907 3241 ne
935 3187 1017 3241 cui
1046 3187 1181 3239 forte
1211 3186 1384 3239 minus
1412 3185 1477 3237 ad
1504 3183 1831 3237 credendum
1861 3183 2079 3236 videan-
2104 3235 2144 3259 ,Ἴ
2180 3195 2417 3251 possunt.
2443 3186 2577 3240 Nam
2606 3189 2808 3242 mortui
2847 3190 2961 3259 pati
2997 3190 3132 3243 nihil
3159 3190 3416 3245 refutant.

548 3288 636 3330 tur
673 3278 862 3331 idonea
886 3291 946 3329 ea
977 3290 1092 3343 quae
1125 3290 1190 3329 ex
1222 3275 1373 3328 libris
1412 3274 1714 3328 Graecorum
1763 3273 2077 3339 scriptorum
2105 3273 2145 3292 ν
2251 3277 2368 3345 (si)
2403 3276 2583 3329 Sancti
2611 3276 2874 3346 Cypriani
2910 3280 3173 3347 martyris
3200 3281 3338 3333 solet
3364 3290 3511 3332 omne
3527 3276 3670 3343 epistov

550 3366 791 3434 exempla
838 3365 1187 3433 protulimus,
1231 3364 1473 3431 quamvis
1506 3364 1722 3418 Graecus
1752 3362 1978 3429 scriptor
2004 3364 2075 3418 sit
2182 3366 2352 3419 larum
2404 3382 2600 3433 corpus
2648 3368 2702 3419 in
2753 3383 2865 3422 uno
2914 3370 3108 3423 codice
3156 3369 3341 3423 scribi.
3375 3366 3492 3420 Huic
3512 3360 3670 3431 corpori

554 3469 649 3521 pro
681 3469 784 3521 quo
814 3451 1123 3507 satisfacere
1165 3451 1439 3518 videmur,
1478 3451 1589 3520 (57)
1621 3460 1793 3505 tamen
1829 3451 2078 3517 quoniam
2183 3454 2418 3508 haeretici
2456 3457 2672 3523 quidam
2705 3457 2802 3524 qui
2833 3457 2885 3509 in
2917 3457 3182 3526 Spiritum
3212 3466 3445 3510 sanctum
3483 3453 3669 3517 blasphe-

554 3542 938 3609 quodammodo
985 3543 1037 3595 in
1065 3541 1304 3596 Latinam
1334 3542 1568 3610 linguam
1599 3557 1773 3595 sermo
1803 3541 2079 3596 devolutus
2181 3553 2355 3608 inant,
2384 3542 2702 3598 Tertulliani
2736 3544 2983 3601 libellum
3031 3548 3111 3601 De
3156 3548 3405 3601 Trinitate
3447 3542 3671 3613 reprelien-

552 3640 653 3691 est,
671 3640 724 3683 et
751 3631 995 3684 satisﬁeri
1028 3631 1187 3685 etiam
1218 3632 1417 3686 Latinis
1451 3631 1748 3684 hominibus
1780 3646 1874 3698 pro
1903 3631 1984 3684 his
2013 3647 2079 3686 ex
2181 3635 2405 3689 sibiliter
2438 3636 2719 3703 (quantum
2753 3639 2823 3692 ad
2877 3641 3165 3695 veritatem
3212 3640 3334 3694 ﬁdei
3380 3648 3553 3692 nostra:
3588 3645 3671 3701 per.

555 3719 748 3786 quibus
783 3718 1125 3774 calumniosis
1170 3720 1698 3788 interpretationibus
1738 3718 2083 3774 vulnerantur
2182 3722 2339 3794 tinet)
2385 3725 2643 3793 scriptum
2697 3726 3039 3795 inserentes,
3090 3738 3146 3783 et
3195 3726 3578 3797 quamplurimos
3607 3732 3671 3775 co-

621 3835 664 3866 “
692 3835 712 3888 ι
741 3836 863 3890 Cor.
894 3851 1003 3902 xiv,
1026 3835 1114 3890 52.
1187 3836 1233 3867 ⁹³
1258 3837 1280 3890 ι
1303 3836 1424 3890 Cor.
1460 3852 1554 3899 xu,
1592 3835 1683 3889 23.

624 3948 738 4016 ('55)
790 3948 945 4013 Editt,
1000 3961 1054 4002 ut
1111 3951 1265 4015 credi,
1315 3958 1420 4004 etc.
1468 3948 1595 4003 Mss.
1645 3964 1794 4012 vero,
1823 3950 1949 4017 quia
1977 3966 2086 4004 ση-
2192 3949 2614 4003 consonantiam.
2649 3951 2795 4004 Doce
2834 3952 2926 4018 qui
2959 3966 3026 4005 eo
3055 3966 3196 4005 anno
3221 3948 3455 4004 consules
3482 3944 3667 4018 iuerint:

555 4011 805 4089 di,'t_2tc:._
830 4085 859 4089 __
894 4086 903 4089 _
932 4011 938 4013 ⁷
1250 4011 1259 4015 ⁷
1374 4087 1404 4089 η
1700 4087 1707 4089 _
1784 4011 1787 4012 ν
1835 4011 1846 4017 ⁷
1879 4086 1921 4089 __
2191 4020 2317 4089 quis
2341 4019 2632 4085 imperator
2659 4019 2805 4089 banc
2839 4011 3104 4089 synodum
3132 4020 3350 4088 jusserit
3378 4011 3666 4089 congregari;

632 4086 739 4152 (5(5)
768 4085 928 4148 Editi,
954 4088 1300 4155 portabimus;
1342 4087 1844 4153 alias,portavimus.
1877 4086 2001 4140 Mss.
2031 4096 2089 4139 ut
2190 4083 2442 4155 Galliaene
2475 4095 2677 4139 tantum
2710 4083 2955 4155 episcopi
3012 4083 3232 4153 fuerint,
3278 4102 3341 4139 an
3391 4094 3441 4139 et
3466 4083 3599 4136 Italiae
3634 4085 3670 4131 et

554 4155 607 4207 in
638 4163 820 4226 ἕρπω-.-
1465 4223 1474 4226 _
1518 4152 1521 4153 ⁷
1708 4222 1718 4226 Α
1747 4222 1756 4226 Δ
1834 4221 1854 4226 _
1930 4224 1937 4226 _
2190 4152 2681 4226 llispanizegccrte
2710 4152 2876 4222 quam
2902 4152 2979 4209 'ob
3005 4152 3471 4226 causam‘synodus
3504 4162 3670 4226 constet

627 4222 736 4289 (57)
779 4223 901 4275 Mss.
952 4223 1078 4285 alii,
1114 4233 1282 4275 tamen
1318 4223 1561 4291 quoniam
1584 4222 1794 4284 quodin
1823 4221 2083 4286 Latinam,

555 4301 685 4352 etc;
714 4292 835 4353 alii,
865 4299 1038 4343 tamen
1061 4294 1303 4358 quoniam
1326 4289 1379 4344 in
1399 4289 1660 4351 Latinam,
1698 4300 1799 4342 etc.
1832 4292 1934 4343 Sed
1999 4307 2085 4344 re-

556 4361 695 4410 ctius
720 4360 844 4409 editi
877 4368 929 4409 ut
960 4360 1010 4410 in
1044 4369 1223 4423 textu;
1255 4359 1480 4425 quiediti
1506 4358 1775 4424 paulopost
1808 4374 2082 4425 perperam

559 4427 786 4494 habent,
818 4443 908 4489 pro
928 4428 1007 4478 Itis
1034 4428 1120 4493 qui
1148 4443 1211 4479 ea:
1242 4424 1573 4480 calumniosis
1602 4440 1616 4490 ;
1648 4436 1700 4479 et
1719 4424 1892 4494 infra;
1930 4424 1996 4478 Et
2024 4444 2085 4480 ne

558 4493 683 4560 quid
711 4496 945 4561 perlecta:
975 4495 1288 4561 credulitati,
1317 4506 1423 4552 etc.
1862 4493 1867 4494 ν
2113 4508 2157 4561 D

636 4560 748 4629 (58)
783 4560 1018 4615 Hilarius
1056 4562 1390 4617 Pictaviensis
1418 4564 1710 4629 episcOpus,
1741 4573 1843 4614 etc.
1893 4561 2079 4615 lliero-

560 4643 750 4697 nytnus
779 4630 867 4681 lib.
886 4644 945 4691 ιι,
963 4641 1143 4682 contra
1162 4629 1404 4697 Ruﬁnum
1427 4647 1446 4684 :
1478 4650 1498 4681 ι
1520 4630 1630 4687 Non
1654 4634 1701 4685 ei
1730 4629 1916 4684 sufﬁcit
1940 4631 2084 4684 Grae-

564 4712 656 4750 cus
681 4707 733 4749 et
767 4697 1013 4767 antiquos
1038 4698 1375 4767 calumniari,
1399 4702 1463 4753 dc
1488 4701 1677 4766 quibus
1705 4716 1797 4767 pro
1822 4708 2085 4753 vetustate

2190 4220 2311 4290 gata
2343 4225 2429 4276 sit.
2456 4222 2599 4274 Nihil
2631 4220 2831 4275 horum
2869 4226 3136 4285 nutuiuus,
3170 4227 3260 4279 sed
3280 4220 3455 4275 'virtun
3479 4220 3671 4290 eloquen-

2184 4288 2467 4352 tissimum,
2495 4300 2550 4343 et
2575 4301 2764 4342 contra
2798 4292 3036 4346 Arianos
3063 4293 3234 4346 Latini
3254 4290 3498 4345 sermonis
3520 4288 3668 4342 tubam.

2183 4369 2256 4438 ut.
2277 4359 2558 4436 Otigenetu
2589 4358 2855 4413 delendas
2874 4400 2891 4426 ,
2928 4363 3444 4415 excommunicatum
3472 4374 3497 4409 a
3520 4353 3669 4424 synodo

2284 4442 2499 4477 ntuarls.
2531 4444 2550 4475 ι

2284 4443 2331 4474 ΙΙ
2378 4445 2385 4455 ⁶
2486 4465 2499 4477 .

2182 4441 2494 4572 θηξέθῗῗῖἓ.
2526 4444 2687 4559 unus,
2715 4496 2915 4550 sciente
2936 4513 2955 4549 :
2995 4498 3089 4551 sed
3136 4498 3310 4552 caeteri
3342 4510 3462 4550 mss.
3493 4501 3538 4547 et
3562 4486 3668 4551 editi,

2278 4572 2452 4614 tteute.

2185 4580 2359 4697 δ(Ξῖ-40)
2384 4630 2455 4699 Ita
2483 4646 2671 4684 omnes
2692 4648 2828 4687 mss.
2861 4637 3053 4688 nostri.
3077 4637 3211 4689 Editi
3242 4650 3411 4687 veram
3433 4639 3667 4699 perperam»

2183 4696 2376 4772 facere:
2420 4698 2582 4772 Paulo
2610 4709 2730 4772 post
2775 4718 2911 4755 mss.
2952 4706 3194 4772 plerique
3215 4713 3268 4757 et
3312 4696 3451 4763 editi,
3491 4696 3668 4772 deloco-

568 4778 861 4836 tcmporum
887 4763 1370 4836 et‘longinquitate'
1400 4763 1671 4836 regionum
1705 4763 1873 4836 habet
1918 4767 2083 4821 licen-

565 4835 691 4885 tiam
712 4831 962 4899 quidquid
987 4831 1209 4886 voluerit
1234 4831 1516 4889 mentiendi
1545 4855 1558 4889 :
1582 4837 1726 4888 venit
1754 4836 1817 4887 ad
1840 4834 2083 4897 Latinos,

563 4912 619 4958 et
648 4902 875 4968 primum
910 4902 1054 4966 ponit
1097 4900 1351 4971 llilarium
1397 4903 1776 4965 confessorem,
1806 4906 1944 4970 quod
1971 4914 2088 4971 post

561 4971 950 5023 Ariminensem
975 4968 1229 5037 synodum
1257 4971 1389 5024 liber
1420 4972 1561 5026 illius
1583 4972 1800 5025 falsatus
1823 4968 1896 5024 ab
1921 4968 2089 5024 hanc-

567 5039 684 5091 ticis
714 5040 783 5090 sit
813 5055 825 5089 :
866 5045 919 5107 et
947 5038 1015 5089 ob
1045 5038 1180 5107 hanc
1211 5052 1425 5093 causam
1462 5056 1579 5094 cum
1625 5043 1675 5093 in
1715 5042 1940 5094 concilio
1960 5040 2089 5107 (epi-

568 5106 925 5177 scopurtunci
947 5105 1170 5177 quaestio
1202 5118 1519 5177 moveretur,
1549 5109 1776 5177 proferri
1805 5105 1995 5161 librum
2021 5105 2088 5161 de

566 5179 723 5230 domo
745 5191 836 5227 sua
857 5174 1110 5241 jusserit;
1159 5176 1270 5240 qui,
1325 5174 1588 5230 nesciente
1640 5195 1717 5239 se,
1776 5177 1825 5228 in
1881 5178 2089 5229 scriniis

566 5246 676 5300 Suis
708 5245 989 5298 hmrelicus
1010 5243 1295 5313 tenebatur
1322 5261 1334 5295 :
1367 5260 1590 5311 cumque
1626 5247 1858 5313 prolatus
1879 5245 2085 5308 fuisset,

565 5313 704 5366 etab
731 5314 978 5366 omnibus
1005 5311 1284 5364 haereticus
1322 5313 1608 5379 judicatus,
1626 5311 1821 5368 auctor
1852 5314 1969 5366 libri
1999 5328 2090 5365 ex-

566 5382 1015 5443 couttuuuicatus,
1047 5381 1110 5431 de
1140 5380 1343 5432 concilii
1387 5384 1733 5438 conventione
1768 5380 2084 5434 discesserit.

564 5450 632 5502 Et
658 5459 817 5503 tanta:
835 5447 1164 5503 auctoritatis
1181 5464 1235 5501 se
1265 5460 1427 5515 putat,
1448 5462 1657 5515 ut,cum
1687 5453 1785 5504 hoc
1818 5450 2091 5505 familiari—

563 5520 665 5570 bus
699 5521 812 5575 suis
844 5529 1023 5571 narrat
1047 5519 1331 5579 somnium,
1355 5536 1509 5572 nemo
1532 5522 1576 5573 ei
1607 5533 1789 5572 contra
1824 5517 2093 5571 confesso-

566 5600 676 5637 rem
707 5589 804 5640 ista
845 5587 1117 5641 simulanti
1153 5587 1343 5640 audeat
1374 5589 1758 5641 contradicere.
1788 5586 2087 5654 Responde,

567 5666 786 5726 Quaeso;
824 5657 1090 5726 Synodus,
1139 5670 1169 5707 a
1217 5670 1318 5726 qua
1363 5656 1847 5726 excommunicatus
1890 5663 1991 5714 est,
2019 5655 2090 5726 _in

567 5732 668 5780 qua
714 5724 839 5775 urbe
863 5721 1020 5777 Tfuit?
1063 5725 1159 5777 Dic
1186 5721 1553 5792 episcoporum
1581 5724 1834 5776 vocabula
1868 5741 1882 5785 ;
1914 5721 2091 5792 profer

568 5791 868 5849 sententias
916 5791 1393 5860 subscriptionum’,
1444 5792 1525 5848 vel
1576 5792 1957 5865 diversitatem,
2003 5791 2089 5845 vel

2182 4770 2325 4835 guito
2352 4767 2507 4841 [actio
2535 4766 3025 4841 d-epreltenfttaS'ed
3056 4766 3254 4826 rectius
3278 4766 3669 4841 liabere‘vident’ttr

2185 4851 2318 4889 mss.
2350 4836 2677 4889 Sorbouicus
2702 4846 2759 4890 et
2792 4837 2854 4892 S.
2898 4840 3179 4894 Micbaeh's
3209 4841 3259 4892 in
3288 4836 3507 4892 Periculo
3532 4836 3666 4884 maris

2186 4904 2293 4973 doli
2336 4904 2548 4973 cogniti.
2594 4904 2716 4957 Mox
2767 4921 2962 4963 omnes
3008 4925 3138 4964 mss.
3182 4910 3424 4962 omittunt
3452 4904 3563 4956 enim
3585 4902 3668 4973 post

2186 4971 2454 5026 Adhibita.
2490 4972 2654 5027 Solus
2681 4973 2887 5042 Regius
2918 4981 3118 5042 habet,
3176 4988 3227 5031 et
3270 4975 3482 5028 adhibita
3521 4971 3667 5022 curatio

2184 5050 2278 5098 est,
2304 5052 2406 5093 etc.

2263 5109 2373 5178 (Μ)
2434 5110 2616 5183 Sancti
2664 5110 2945 5180 Cypriani.
2984 5129 3092 5173 etc.
3147 5118 3480 5183 Hieronymus
3514 5106 3584 5183 lib.
3622 5115 3664 5183 tl.

2191 5173 2436 5252 aduersus
2464 5173 2753 5252 Ruﬁnum?
2771 5200 2799 5234 ι
2817 5173 3263 5240 δθύέοιιΐεεεοιηίε
3289 5173 3499 5252 (Hilarii)
3523 5173 3665 5227 calum

2193 5244 2277 5295 nia
2317 5244 2584 5315 utconque
2619 5249 2921 5306 toleranda.
2973 5255 3191 5308 Transit
3217 5244 3538 5317 ad'inclytntn
3561 5252 3664 5317 mar:

2196 5322 2364 5385 WW1"!
2417 5318 2765 5385 Cyprianum,
2793 5331 2847 5374 et
2879 5324 3013 5376 dicit
3040 5322 3349 5377 Tertulliani
3392 5315 3568 5385 librum,
3602 5315 3664 5357 Cl"

2194 5383 2381 5455 titulus
2400 5453 2407 5455 Α
2425 5382 2632 5455 εὲίιυε
2665 5386 2947 5453 Trinitate,
2979 5393 3079 5446 sub
3103 5391 3309 5445 nomine
3334 5402 3436 5454 eius
3461 5382 3660 5455 constitit

2194 5436 2413 5528 tinopuli
2436 5436 2919 5528 ia‘l‘lacedonianwm'
3397 5436 3657 5528 lectitaflitlg

2193 5514 2319 5584 qno'
2342 5523 2565 5577 crimine
2616 5528 2873 5578 mentitur
2924 5514 3051 5582 duo.
3112 5529 3237 5582 Nam
3280 5540 3369 5579 nec
3412 5514 3658 5585 Tertulli?‘ll

2195 5590 2329 5664 liber
2360 5601 2591 5664 est,nec
2624 5593 2878 5664 Cypriani
2903 5599 3126 5658 dicitur.
3146 5598 3234 5651 sed
3261 5587 3657 5664 Novatianimetu}:Et

2196 5666 2249 5707 et
2266 5652 2589 5734 inscribitur
2622 5652 2797 5730 tiitilo,
2832 5675 2887 5721 et
2912 5652 3150 5725 auctoris
3175 5652 3427 5734 eloquium
3450 5652 3552 5724 5‘!“
3571 5653 3655 5713 9w"

2197 5730 2399 5791 prietas
2427 5730 2780 5791 demonstrat.
2818 5752 2839 5785 ι
