3846 6440
151 414 266 470 629

1123 425 1200 480 os
1238 419 1813 482 ADULTERATIONE
1846 388 2191 473 LIBRORUM
2228 418 2561 478 ORIGENlS.

146 531 316 584 dices
352 531 440 588 de
469 532 683 590 talibus
713 537 841 608 (42)
874 540 1221 608 exemplariis
1243 541 1656 598 conscribentes.
1691 553 1785 606 per
1815 544 1860 598 Α
1888 537 2014 604 ipsis
2042 535 2127 602 qui
2162 537 2446 590 novitatem
2481 537 2741 593 sermonis
2767 537 3145 600 causabantur,
3173 537 3422 590 ostende-

148 630 334 675 totam
400 623 972 699 Constantinopolim
1013 633 1198 684 urbem
1235 631 1520 683 maximam
1563 627 1784 681 distrahi

144 708 344 773 pretio
385 707 596 762 viliori
634 713 917 781 fecerunt,
947 726 1007 769 ut
1036 700 1328 782 exiguitate
1357 716 1512 784 pretii
1543 715 1785 770 homines

142 794 327 849 illecti
394 797 646 865 ignotos
683 814 740 856 et
793 804 1024 860 latentes
1067 807 1216 862 dolos
1264 805 1471 859 facilius
1513 819 1786 873 compara-

139 896 300 950 rem.
373 888 523 976 (εὖ)
563 905 680 957 quo
706 907 808 960 per
840 897 943 950 hoc
969 895 1267 950 invenirent
1300 892 1528 948 haeretici
1554 894 1784 963 perfidia:

136 991 261 1029 suae
293 977 506 1032 fidem
549 983 699 1036 tanti
728 985 834 1038 viri
867 987 1186 1041 auctoritate
1211 984 1544 1051 conquirere.
1575 983 1784 1040 Accidit

138 1073 343 1116 tamen
405 1076 484 1120 ut
544 1073 766 1125 recenti
804 1075 980 1130 adhuc
1025 1075 1168 1132 facto
1211 1076 1424 1146 quidam
1479 1089 1548 1128 ex
1581 1075 1782 1127 nostris

137 1154 443 1212 fratribus
518 1161 829 1218 catholicis
907 1164 1110 1220 inventi
1163 1169 1372 1222 admissi
1417 1165 1630 1222 sceleris
1670 1164 1778 1234 (Ut)

136 1257 508 1303 commenta
550 1262 894 1321 retegerent,
947 1264 1001 1307 et
1048 1269 1111 1309 ex
1161 1266 1312 1324 parte
1341 1255 1538 1324 aliqua,
1571 1254 1616 1308 si
1646 1267 1780 1321 quos

133 1343 416 1403 possent,
450 1339 541 1392 ab
576 1343 795 1398 erroris
814 1341 974 1410 hujus
996 1345 1196 1413 laqueis
1220 1351 1554 1398 revocarent.
1587 1343 1776 1408 Quam-

134 1426 423 1491 plurimis
465 1439 683 1486 tamen
727 1433 780 1487 in
809 1434 916 1488 illis
935 1435 1177 1503 partibus
1203 1444 1443 1489 sanctum
1481 1442 1766 1502 martyrem

130 1513 539 1584 Cyprianum
579 1521 753 1590 hujus
783 1523 932 1588 fidei,
960 1539 1077 1592 quze
1098 1540 1126 1578 a
1156 1525 1486 1578 Tertulliano
1509 1537 1611 1575 non
1637 1530 1779 1574 recte

132 1609 357 1673 scripta
401 1621 544 1676 est,
589 1613 790 1678 fuisse,
821 1629 1136 1684 persuasum
1168 1625 1270 1670 est.

208 1697 546 1764 Adjiciam
588 1703 779 1758 adhuc
817 1704 977 1758 unius
1005 1705 1128 1758 facti
1149 1704 1266 1758 talis
1295 1703 1613 1771 exemplum,
1637 1704 1776 1771 quod
1805 1688 1814 1700 ’

133 1802 328 1842 inemo
343 1788 467 1844 ria:
498 1791 748 1858 quidem
784 1794 1101 1850 recentioris
1138 1804 1219 1848 est
1250 1793 1566 1865 (commissae
1598 1803 1774 1845 autem

1896 638 1975 680 ret
2009 625 2119 699 (48)
2152 626 2202 679 in
2233 625 2410 680 libello
2447 627 2722 682 Athanasii
2753 628 2983 697 episcopi
3016 627 3271 695 scriptum
3303 641 3422 680 esse

1885 730 2185 771 sermonem
2218 717 2284 769 de
2308 731 2413 784 quo
2447 717 2670 782 quastio
2703 718 3010 772 habebatur.
3037 718 3196 783 Quasi
3229 732 3418 771 suasus

1880 809 1988 873 jam
2017 806 2104 860 ille
2141 805 2223 858 cui
2260 806 2360 859 hoc
2389 807 2667 872 probatum
2714 807 2906 867 fuerat,
2944 806 3144 873 rogavit
3173 805 3285 858 dari
3315 803 3417 855 sibi

1883 896 2140 957 codicem,
2175 909 2281 962 quo
2306 906 2360 948 et
2384 896 2502 948 aliis
2531 895 2895 965 ignorantibus
2925 905 2977 950 et
3003 893 3417 949 contradicentio

1883 987 1981 1041 bus
2008 985 2360 1039 satisfaceret.
2409 986 2646 1052 Accepto
2693 986 2896 1047 codice,
2927 985 3219 1039 inauditum
3252 1000 3414 1038 exco-

1884 1077 2070 1147 gitavit
2096 1075 2499 1129 adulterationis
2526 1090 2710 1144 genus.
2751 1075 2950 1128 Locum
2994 1077 3160 1139 ipsum
3207 1078 3258 1129 in
3309 1092 3414 1143 quo

1885 1183 2060 1223 sermo
2091 1168 2193 1220 iste
2221 1167 2453 1237 scriptus
2475 1177 2609 1230 erat,
2640 1167 2792 1229 rasit,
2823 1166 2934 1234 (49)
2982 1178 3034 1219 et
3080 1167 3248 1233 ipsum
3275 1167 3415 1236 lser-

1887 1271 2094 1310 monem
2133 1271 2340 1310 rursum
2375 1254 2651 1322 rescripsit
2675 1267 2831 1320 quem
2863 1251 3274 1306 raserat.Codex
3297 1253 3414 1305 red-

1879 1347 2021 1399 ditus
2050 1345 2364 1414 simpliciter
2394 1353 2641 1411 receptus
2669 1351 2771 1396 est.
2805 1339 3050 1395 Movetur
3077 1340 3268 1393 iterum
3317 1357 3413 1410 pro

1876 1436 2062 1489 eodem
2119 1449 2366 1489 sermone
2411 1433 2679 1502 quaastio:
2729 1433 2795 1486 ad
2838 1429 3206 1499 probationem
3243 1430 3412 1483 codex

1877 1525 2184 1594 profertur;
2212 1525 2478 1578 invenitur
2506 1537 2683 1578 sermo
2709 1522 2772 1576 de
2801 1536 2905 1590 quo
2938 1529 3054 1574 erat
3081 1521 3326 1588 quaestio,
3347 1536 3412 1574 ex

1878 1614 2032 1666 litura
2065 1615 2117 1666 in
2147 1615 2331 1669 codice
2353 1613 2588 1681 positus;
2623 1611 2754 1665 ﬁdes
2797 1610 3086 1680 prolerenti
3123 1609 3279 1663 talem
3317 1625 3411 1662 co-

1876 1704 2048 1756 dicem
2085 1705 2387 1772 derogatur,
2425 1717 2488 1757 eo
2531 1702 2673 1770 quod
2719 1701 2878 1754 litura
2927 1699 3012 1753 illa
3049 1701 3413 1768 corruptionis

1878 1807 1940 1847 ac
1967 1793 2213 1846 falsitatis
2261 1793 2530 1847 videretur
2579 1791 2856 1846 indicium.
2901 1790 3005 1844 Sed
3039 1791 3288 1860 quoniam
3334 1791 3415 1861 (ut

129 1878 430 1945 nequitia:
498 1881 811 1950 antiquum
850 1885 1028 1951 satis),
1064 1895 1117 1938 et
1141 1884 1281 1953 quod
1327 1897 1514 1938 omnes
1540 1890 1777 1936 veterum
1807 1896 1850 1950 Β
1878 1885 2068 1938 iterum
2104 1884 2286 1938 eadem
2314 1880 2506 1953 dicam)
2542 1882 2740 1935 viventi
2770 1883 2880 1936 haec
2908 1881 3048 1935 [acta
3081 1892 3206 1936 sunt
3237 1881 3348 1951 (50)
3381 1897 3412 1952 a

133 1967 370 2023 fabulas
421 1970 674 2026 vincat.

209 2056 338 2127 (45)
390 2059 715 2116 Damasus
769 2063 1094 2132 episcopus,
1153 2077 1271 2118 cum
1337 2064 1403 2118 de
1458 2062 1776 2132 recipiendis

135 2147 646 2216 Apollinarianis
709 2149 1026 2205 deliberatio
1090 2151 1379 2206 haberetur
1410 2192 1427 2217 ,
1487 2151 1774 2205 editionem

135 2236 600 2292 ecclesiastica:
637 2239 784 2302 fidei,
811 2239 923 2310 (46)
947 2239 1033 2293 cui
1063 2239 1220 2294 iidem
1251 2240 1492 2306 editioni,
1518 2240 1561 2294 si
1594 2239 1775 2294 Eccle-

137 2325 237 2380 siae
289 2325 493 2396 iungi
587 2328 784 2392 velint,
836 2329 1175 2382 subscribere
1222 2330 1494 2395 deberent,
1540 2329 1778 2384 conscri-

137 2417 401 2469 bendam
475 2418 788 2471 mandavit
837 2418 1009 2472 amico
1057 2433 1156 2472 suo
1203 2420 1415 2472 cuidam
1464 2420 1776 2488 presbytero

139 2507 262 2560 viro
296 2507 747 2572 disertissimo,
773 2507 865 2575 qui
889 2509 988 2562 hoc
1009 2507 1080 2560 illi
1107 2521 1174 2560 ex
1206 2521 1352 2560 more
1375 2507 1638 2574 negotium
1660 2522 1775 2573 pro-

139 2599 417 2652 curabat.
496 2595 898 2654 Necessarium
947 2600 1120 2651 visum
1160 2606 1243 2650 est
1280 2598 1499 2652 dictanti
1551 2599 1603 2651 iu
1658 2599 1770 2666 ipsa

139 2689 406 2743 editione
445 2686 548 2741 De
580 2686 964 2742 Incarnatione
1001 2687 1230 2752 Domini,
1290 2689 1558 2742 hominem
1597 2688 1774 2742 Domi-

139 2779 340 2832 nicum
383 2777 552 2831 dici.
589 2769 800 2833 Oﬂ'ensi
844 2787 971 2832 sunt
1000 2779 1050 2832 in
1085 2781 1186 2832 hoc
1217 2793 1465 2833 sermone
1493 2777 1771 2846 Apollina-

141 2869 346 2924 ristazz
418 2871 758 2923 novitatem
817 2871 1086 2922 sermonis
1156 2869 1408 2922 incusare
1468 2875 1768 2935 coeperunt.

142 2960 367 3013 Adesse
406 2959 539 3012 sibi
573 2956 747 3025 capit
773 2958 864 3026 qui
901 2957 1228 3022 dictaverat,
1271 2966 1326 3010 et
1365 2970 1430 3009 ex
1456 2956 1773 3011 auctoritate

143 3047 262 3118 (47)
324 3059 630 3103 veterum
711 3047 1036 3116 scriptorum
1095 3047 1486 3102 catholicorum
1535 3046 1770 3100 virorum

144 3138 479 3200 confutare
517 3152 624 3192 eos
649 3137 741 3206 qui
775 3137 1178 3211 impugnabant.
1211 3138 1414 3192 Decidit
1460 3146 1516 3190 ut
1565 3139 1653 3191 uni
1703 3152 1769 3189 ex

212 3317 339 3387 (49.)
381 3313 802 3384 Exemplariis.
824 3315 986 3370 Deest
1009 3315 1062 3370 in
1083 3315 1262 3378 editis,
1293 3323 1348 3369 et
1382 3314 1682 3368 restituitur
1707 3327 1771 3368 ex
1799 3323 1841 3380 ο

221 3455 356 3525 (45)
398 3451 728 3525 Εάἰιᾷξᾳιιο
768 3466 860 3525 per
903 3451 998 3525 liot-
1032 3459 1372 3525 commentum
1404 3451 1634 3525 haeretici
1658 3467 1769 3518 per-

147 3523 301 3589 ﬁdia:
330 3520 487 3577 huc
519 3520 687 3588 [idem
723 3521 857 3573 tanti
885 3520 984 3572 viri
1027 3521 1333 3574 auctoritate
1383 3522 1762 3589 conquirerent.

146 3591 262 3646 Sed
285 3605 529 3646 omnes
567 3602 705 3643 mss.
736 3597 794 3642 ut
815 3589 869 3641 in
899 3597 1081 3642 nostro
1117 3596 1281 3642 textu.

251 3661 367 3719 ιι)
410 3657 770 3729 Commenta.
805 3657 965 3729 Editi,
1001 3659 1297 3729 commissa,
1324 3657 1483 3729 male.

251 3661 367 3719 ιι)
410 3661 770 3713 Commenta.
805 3661 965 3720 Editi,
1001 3661 1297 3720 commissa,
1324 3661 1483 3712 male.

226 3661 369 3800 (45)
411 3727 708 3800 Damasus
737 3726 1028 3800 episcopus,
1052 3741 1168 3778 cum
1189 3726 1252 3778 de
1274 3720 1578 3800 recipiendis
1605 3724 1765 3793 Apol-

149 3794 486 3853 !iubrihm's
545 3794 859 3863 deliberatio
910 3794 1208 3863 ltabgretur,
1258 3805 1362 3863 etc.
1413 3794 1766 3863 Hieronymus

147 3869 251 3924 .ih.
287 3883 333 3921 ιι
381 3872 598 3918 contra
628 3861 877 3929 Ruﬁnum
898 3873 919 3912 :
955 3877 975 3911 ι
1003 3861 1065 3912 Ει
1097 3862 1415 3930 superﬂuum
1454 3874 1578 3931 puto
1608 3861 1763 3929 aper—

151 3947 246 3992 tas
299 3932 594 4002 ineptias
637 3931 938 4002 confutare,
983 3943 1102 3982 cum
1149 3931 1275 4002 mihi
1327 3946 1440 4002 mea
1492 3932 1764 4002 ingeratur

149 3996 476 4062 fabellafa
511 3999 725 4070 synodo
751 3996 1016 4060 videlicet,
1048 4006 1099 4070 et
1129 4000 1461 4070 subnomine
1489 3996 1762 4067 cujusdam

149 4073 334 4128 amici
387 4067 632 4123 Damasi
678 4067 933 4120 Romanae
981 4067 1128 4135 urbis
1167 4068 1400 4135 episcopi
1441 4081 1536 4133 ego
1581 4076 1758 4134 petar;

153 4145 246 4196 cui
282 4143 393 4194 ille
440 4135 859 4190 ecclesiasticas
908 4134 1758 4206 epistolas_’dictaudastradiditj;

153 4223 212 4266 et
275 4206 785 4278 Apollinariorum
846 4204 1563 4278 v_e_rsq\ti:e_describantur;
1623 4204 1761 4278 quod

153 4269 490 4335 Athanasii
575 4274 775 4325 librum
831 4271 916 4324 ubi
977 4269 1277 4325 Dominicus
1324 4273 1475 4324 ltumo
1532 4269 1762 4340 scriptus

156 4361 275 4410 est,
314 4346 398 4399 ad
445 4342 746 4409 legendum
793 4348 1089 4410 acceptum,
1127 4343 1196 4393 ita
1220 4341 1580 4407 corruperint,
1615 4343 1751 4410 utin

157 4408 347 4471 litura
385 4412 451 4466 id
493 4408 644 4478 quod
673 4409 928 4478 raserint,
967 4423 1150 4478 rursus
1181 4410 1496 4469 scriberent,
1529 4419 1584 4462 ut
1609 4408 1756 4462 scilio

159 4497 258 4540 cet
291 4498 420 4538 non
461 4476 537 4532 ab
571 4478 678 4530 illis
723 4476 997 4537 falsatum,
1038 4477 1131 4528 sed
1162 4492 1190 4529 a
1225 4492 1308 4530 me
1336 4479 1572 4531 additum
1609 4488 1761 4544 puta-

161 4565 364 4608 retur.
395 4549 615 4614 Quaeso
641 4557 710 4607 te,
739 4545 917 4614 amice
951 4547 1287 4608 charissime,
1329 4555 1384 4598 ut
1417 4547 1468 4598 in
1506 4546 1760 4599 ecclesia-

164 4624 346 4679 sticis
375 4612 741 4674 tractatibus.
777 4613 861 4665 ubi
891 4612 956 4666 de
988 4615 1207 4666 veritate
1229 4614 1536 4680 dogmatum
1563 4615 1758 4682 quaeri-

166 4702 294 4750 tur.
328 4699 394 4744 et
418 4689 496 4739 de
522 4684 698 4737 salute
723 4683 1021 4752 animarum
1048 4692 1346 4752 nostrarum
1372 4684 1629 4752 majorum
1665 4682 1759 4733 lla-

165 4762 405 4829 gitatur
438 4753 775 4829 auctoritas,
813 4751 1174 4817 hujuscemodi
1199 4751 1539 4829 deliramenta
1585 4752 1758 4803 dimit-

168 4817 291 4890 ἴδε,
323 4833 392 4880 et
427 4821 787 4894 prandiorum
813 4833 1192 4894 coenarumth
1215 4817 1429 4894 fabulas
1469 4834 1563 4886 pro
1602 4834 1758 4885 argu-

165 4888 387 4950 mento
419 4888 536 4946 non
568 4899 753 4942 teneas
786 4888 1044 4942 veritatis.
1088 4888 1226 4941 Fieri
1271 4890 1412 4940 enim
1459 4896 1632 4955 potest
1681 4896 1755 4951 ut,

168 4963 422 5018 etiamsi
462 4975 496 5013 a
533 4972 624 5010 me
657 4971 844 5010 verum
895 4957 1107 5022 audisti,
1165 4957 1299 5008 alius
1345 4957 1431 5022 qui
1480 4956 1636 5022 hujus
1683 4959 1756 5008 rei

169 5035 433 5101 ignarus
467 5027 750 5101 est,‘_t_lic_at
783 5041 824 5101 _a
866 5034 918 5078 te
956 5039 1083 5101 _es_se
1111 5025 1496 5101 compositum;
1529 5033 1592 5101 et
1608 5026 1758 5091 quasi

171 5091 434 5155 inimum
487 5093 848 5157 Philistionis,
889 5091 967 5144 vel
1013 5091 1247 5145 Lentuli’
1287 5108 1350 5146 ac
1392 5092 1596 5145 Marulli
1621 5104 1758 5146 stro-

173 5173 362 5239 phain
408 5163 654 5239 eleganti
686 5177 933 5239 sermone
972 5165 1273 5239 ppulit-tam.
1328 5181 1344 5210 ι

258 5237 392 5305 (46)
460 5228 565 5305 Ita
597 5240 744 5305 recte
782 5230 931 5305 editi:
965 5228 1131 5305 .Mssn
1157 5230 1534 5305 veronnostrit
1569 5231 1622 5305 id
1669 5243 1763 5305 est,

174 5295 468 5367 ειιίὶυὶιὶ,
515 5301 565 5354 si
608 5296 858 5351 Ecclesiae
907 5295 998 5368 [aL
1048 5298 1131 5351 cui
1178 5303 1222 5350 si
1265 5296 1535 5369 Ecclesiw]
1578 5299 1762 5370 jungi,

220 5387 306 5427 tc.

176 5392 384 5510 el((3:57)
427 5435 685 5510 Veterani
737 5432 874 5510 [illiti
930 5449 1226 5510 perperam,
1276 5452 1410 5510 cera.
1468 5433 1587 5510 Mox
1621 5453 1770 5510 _mss.

180 5500 554 5564 Stirbuuicus
574 5512 631 5555 et
652 5503 714 5572 ξ.
743 5500 1010 5556 Michaelis
1037 5504 1087 5554 in
1107 5503 1341 5572 Periculo
1366 5506 1525 5558 maris
1549 5506 1767 5572 habent,

181 5582 357 5631 uisus
407 5568 823 5644 estrcoufutare
864 5586 967 5630 eos.
1012 5581 1118 5644 etc.
1166 5571 1268 5644 Sed
1317 5574 1487 5644 ueteri
1542 5589 1669 5644 mss.
1717 5568 1770 5628 et

180 5647 343 5697 ωιίιὶ
402 5643 678 5695 υιιιῑιιυιιι
736 5639 876 5704 nisus
927 5648 1027 5692 est.
1090 5639 1287 5693 Deinde
1340 5642 1513 5704 editi,
1563 5643 1764 5696 Accidit

186 5726 247 5767 ut
311 5723 364 5763 et
418 5728 446 5763 ι.
497 5743 536 5772 .,
613 5712 725 5758 etc.
785 5703 887 5758 Sed
946 5721 1131 5760 omnes
1196 5724 1322 5764 mss.
1381 5711 1542 5764 nostri
1609 5723 1660 5766 ut
1717 5715 1767 5767 in

190 5791 387 5835 textu.

1875 1975 2102 2039 vivente,
2151 1973 2404 2027 continuo
2451 1972 2559 2040 egit
2605 1972 2782 2026 omnia
2830 1982 2887 2025 ut
2936 1971 3084 2026 fraus
3131 1974 3407 2028 counnissi

1874 2061 2093 2116 sceleris
2122 2060 2435 2122 nudaretur,
2461 2071 2514 2113 et
2545 2059 2796 2128 nequitiae
2849 2060 3054 2113 macula
3112 2076 3212 2113 non
3255 2063 3408 2114 inno-

1874 2151 2013 2204 centi
2048 2151 2184 2215 viro,
2214 2150 2304 2216 qui
2339 2149 2472 2204 nihil
2521 2149 2626 2202 tale
2667 2161 2934 2218 gesserat,
2970 2150 3285 2214 adita-reret,
3317 2152 3408 2206 sed

1874 2239 1925 2292 in
1949 2249 2217 2301 auctorem
2243 2238 2370 2293 facti
2419 2240 2649 2308 atquein
2679 2240 2978 2294 uberiorem
3003 2240 3115 2308 ejus
3137 2242 3407 2295 infamiam

1874 2329 2213 2381 redundaret.

1944 2416 1998 2468 Si
2051 2431 2177 2485 ergo
2197 2424 2262 2468 et
2305 2415 2559 2485 Origenes
2605 2419 2724 2472 talia
2765 2420 2832 2474 ab
2866 2420 3130 2476 haereticis
3158 2431 3212 2476 et
3247 2423 3408 2476 male-

1873 2505 2004 2557 volis
2031 2519 2085 2557 se
2108 2518 2224 2558 esse
2261 2519 2568 2573 perpessum
2599 2506 2650 2558 in
2679 2507 2898 2573 epistola
2916 2523 3008 2562 sua
3036 2509 3246 2576 propria
3280 2525 3409 2564 voce

1871 2593 2233 2662 conqueritur,
2270 2603 2327 2647 et
2376 2594 2558 2648 multis
2619 2593 2740 2648 aliis
2790 2596 2918 2651 viris
2966 2598 3248 2652 catholicis
3300 2609 3408 2653 tam
3495 2655 3506 2663 δ

1872 2684 2008 2738 vivis
2051 2699 2207 2752 quam
2243 2684 2466 2738 mortuis
2493 2686 2678 2739 eadem
2715 2687 3046 2752 acciderunt,
3097 2689 3408 2759 similesque

1871 2775 2083 2828 fraudes
2110 2775 2318 2841 scrlptis
2349 2774 2460 2844 (51)
2498 2777 2846 2843 quorumdam
2886 2777 3178 2846 probantur
3219 2778 3401 2842 illatis,

1871 2878 1989 2932 quas
2013 2864 2220 2918 tandem
2256 2865 2419 2917 animi
2455 2864 2746 2919 obstinatio
2782 2875 2882 2931 est,
2929 2866 2981 2918 in
3025 2866 3214 2934 aquali
3246 2882 3406 2921 causa

1871 2967 1974 3006 non
2009 2952 2194 3022 arquali
2225 2953 2299 3006 uti
2334 2953 2522 3020 venia;
2562 2954 2654 3007 sed
2703 2967 2770 3008 es
2812 2953 2998 3008 iisdem
3042 2955 3406 3010 accidentibus

1872 3045 1992 3100 aliis
2017 3044 2374 3100 excusationis
2419 3043 2770 3098 reverentiam
2795 3084 2811 3110 ,
2853 3043 2973 3099 aliis
3013 3045 3404 3102 criminationis

1872 3134 2146 3189 infamiam
2181 3133 2496 3188 intendere?
2518 3132 2629 3204 (52)
2653 3132 2790 3200 Quin
2812 3134 2988 3204 potius
3013 3134 3298 3204 aperienda
3324 3147 3404 3190 est

1946 3312 2058 3384 (48)
2084 3311 2673 3384 Ιιειεὸςιιο--Αιιιαῃζηςὶἰἱ
2688 3321 2791 3384 etc.
2849 3315 2928 3367 An
2960 3313 3173 3369 libellus
3203 3315 3306 3370 iste
3332 3317 3403 3371 sit

1870 3379 2105 3450 ejusdem
2137 3381 2310 3450 Patris
2333 3380 2607 3450 Expositio,
2637 3379 2926 3449 ﬁdei,:qmn
2966 3394 3140 3438 exstat
3185 3394 3312 3437 tom.
3360 3386 3403 3447 Ι,

1868 3449 2008 3519 part.
2046 3464 2083 3512 ι.
2113 3449 2228 3518 ejus
2253 3449 2612 3519 operum,_ubi
2653 3464 2773 3519 pag.
2812 3450 2991 3505 iOOet
3018 3450 3139 3515 lUl,
3173 3453 3402 3506 humana

1865 3516 2064 3574 Christi
2093 3516 2610 3589 natura'pominicus
2653 3516 2804 3589 hoino
2831 3521 3024 3589 saepius
3070 3522 3399 3589 appellatur;

1865 3601 1932 3656 an
1955 3600 2083 3640 vero
2107 3585 2207 3638 alia
2237 3585 2425 3656 major,
2452 3599 2518 3656 θέε
2549 3601 2674 3656 qua_
2697 3585 3225 3656 aliquot'fragmenta
3250 3585 3402 3645 all'ert

1866 3601 1932 3640 an
1955 3601 2083 3640 vero
2107 3601 2207 3638 ana
2237 3601 2425 3653 major,
2452 3601 2518 3637 ex
2589 3601 2652 3639 ua
2697 3601 2897 3654 aliquot
2927 3601 3225 3656 tragmenta
3250 3601 3402 3645 anert

1866 3654 2232 3732 Theodoretus
2247 3601 2880 3732 Dialog.._§,tilii_(_ll_tristus
2897 3666 2948 3709 et
2981 3657 3164 3732 homo,
3200 3659 3402 3732 Kppta-

1864 3723 1957 3786 κὸς
1997 3721 2275 3793 ἄνθρωπος
2324 3721 2571 3777 similiter
2607 3723 2817 3793 dicitur,
2848 3732 2993 3781 certo
3015 3721 3263 3781 allirinari
3290 3721 3400 3782 nou

1899 3800 2055 3846 otest.

1863 3806 2236 3930 pozziilljdlias,
2280 3869 2326 3913 et
2355 3861 2511 3930 istum
2543 3877 2846 3928 sermonem,
2877 3872 2982 3917 etc.

1933 3927 2041 3996 (50)
2077 3927 2201 3982 Mss.
2229 3945 2289 3980 ac
2324 3928 2528 3996 vigenti.
2560 3930 2662 3984 Sed
2688 3932 2875 3986 melius
2917 3933 3118 3986 habere
3145 3933 3399 3985 videntur

1861 3998 2034 4072 editi,
2053 4013 2091 4072 a_
2117 3998 2343 4072 ρξυεηεε.

1933 4066 2044 4146 (51.)
2067 4066 2233 4146 Alias,
2268 4081 2510 4146 eorum...
2547 4082 2662 4134 quae
2695 4067 2902 4146 tandem
2953 4070 3243 4123 animorum
3294 4068 3393 4140 [aL

1861 4132 2045 4202 animi]
2077 4133 2337 4203 qbstrictio
2369 4142 2440 4185 est
2474 4135 2527 4186 in
2560 4132 2748 4203 aquati
2782 4152 2927 4197 casn,
2957 4147 3062 4189 etc.

1930 4200 2043 4272 (52)
2070 4200 2206 4265 Quin
2227 4202 2395 4272 potius
2435 4200 2714 4264 aperienda
2747 4215 2819 4255 est
2859 4205 2953 4256 hoc
2987 4205 3039 4256 in
3071 4203 3182 4257 loco
3209 4208 3395 4260 veritas

1859 4270 2042 4333 latens,
2087 4281 2192 4325 etc.
2258 4271 2749 4340 "lBI'OIIYIIltlSdlb.
2795 4288 2830 4325 ιι
2881 4284 3056 4325 contra
3102 4272 3346 4340 Ruﬁnum
3375 4289 3394 4325 :

1865 4358 1882 4388 ι
1912 4342 2022 4404 Quo
2048 4353 2148 4391 non
2178 4340 2449 4419 perveniat
2479 4339 3398 4419 semelnellrenatatemeritas?Post

1860 4407 2464 4482 exuammmnicationem
2491 4407 2706 4482 illlarii,
2763 4419 2887 4482 post
2927 4410 3182 4482 Cypriani
3232 4411 3392 4482 ψευδ-

1861 4477 2162 4546 επίγραφον
2193 4477 2469 4546 haereseos
2491 4475 2700 4541 librum,
2721 4475 2838 4546 pust
2863 4475 3139 4532 Athanasii
3160 4475 3395 4532 me'dor-

1862 4544 2087 4597 mitante
2126 4545 2373 4605 lituram,
2430 4544 2586 4596 simul
2628 4555 2682 4597 et
2723 4544 3166 4612 inscriptionem,
3217 4550 3395 4614 erupit

1861 4614 2143 4678 aliquando
2191 4622 2372 4664 contra
2421 4628 2618 4681 papam
2658 4613 3028 4681 Epiphaniam,
3067 4626 3120 4670 et
3154 4613 3394 4670 dolorem

1863 4682 2097 4752 pectoris
2131 4681 2233 4743 sui,
2259 4681 2398 4752 quod
2416 4683 2600 4752 eumiu
2619 4685 2838 4748 epistola
2856 4700 3012 4752 quam
3033 4685 3097 4737 ad
3121 4683 3392 4739 Joannem

1862 4750 2166 4822 episcppum
2191 4751 2500 4822 scripserat,
2528 4751 2832 4822 haereticum
2855 4750 3052 4822 arguit,
3077 4753 3129 4806 in
3146 4755 3393 4821 Apologia

1861 4834 1954 4883 pro
1987 4816 2207 4884 Origene
2242 4819 2449 4886 digerit,
2482 4829 2534 4872 et
2563 4821 2644 4872 his
2673 4835 2731 4872 se
2768 4816 3101 4876 sermonibus
3150 4816 3394 4876 consola-

1867 4895 1949 4936 tur
1981 4901 1995 4937 :
2032 4886 2169 4955 Quin
2213 4891 2383 4952 potius
2417 4889 2690 4955 aperienda
2746 4901 2815 4941 est
2839 4891 3004 4942 hocin
3043 4891 3154 4943 loco
3205 4892 3391 4944 veritas

1863 4955 2042 5028 luteus.
2074 4954 2504 5028 i_’l‘um‘prolati_s
2547 4957 2628 5009 his
2657 4971 2773 5028 qua:
2801 4969 3092 5028 sequuntur
3125 4975 3293 5028 usque
3326 4961 3394 5013 ad

1867 5022 1962 5074 ista
2016 5023 2216 5075 verba:
2248 5022 2514 5085 Quomodo
2567 5022 2686 5093 ergo
2735 5027 2830 5078 iste
2875 5022 3054 5079 merito
3101 5022 3391 5081 audiendus

1866 5100 1959 5152 est,
1988 5107 2102 5161 cum
2139 5108 2224 5144 eos
2253 5092 2421 5161 culpat
2463 5095 2549 5161 qui
2571 5092 2922 5148 instructionis
2950 5111 3058 5148 sua:
3087 5113 3243 5148 causa
3276 5113 3391 5161 per-

1865 5175 2030 5233 pauca
2054 5159 2185 5233 eius,
2222 5159 2512 5233 salvaﬁdei
2544 5163 2716 5230 regqu
2749 5177 2899 5231 atque
2942 5167 3139 5233 integra
3180 5159 3384 5233 pietate,

1868 5227 2326 5300 legerunt?»pergit
2352 5227 2734 5300 Hieronymus:
2767 5250 2784 5283 ‹
2809 5227 2908 5298 Qui
2933 5227 3188 5293 sunt'isti,
3212 5231 3297 5296 qui
3332 5230 3384 5300 in

1869 5295 2100 5365 Ecclesia
2124 5295 2392 5365 disputare
2411 5295 2564 5353 latius
2581 5301 2787 5354 solent“!
2807 5295 2904 5365 Qui
2933 5303 3095 5352 libros
3119 5295 3386 5365 scribere?

1869 5363 1968 5436 Qui
2006 5374 2168 5418 totum
2196 5361 2260 5436 de
2297 5368 2525 5436 Origene
2573 5361 2858 5436 loquuntur
2882 5377 2934 5420 et
2971 5365 3249 5419 scribunt?
3281 5361 3380 5436 Qui

1869 5433 2110 5504 dumsua
2146 5435 2329 5487 nolunt
2367 5431 2506 5490 furta
2538 5431 2804 5504 cognosci,
2835 5436 3109 5504 etingrati
3146 5439 3281 5504 sunt
3307 5431 3381 5504 _in

1871 5502 2201 5574 Itiagistrum,
2235 5505 2436 5574 idcirco
2465 5501 2729 5574 siiiipiices
2756 5507 2820 5556 ab
2862 5503 3002 5574 illius
3039 5501 3382 5574 lectione-de-

1875 5566 2109 5622 terrent?
2128 5567 2444 5625 Nominatim
2473 5566 2633 5626 debes
2663 5573 2859 5633 dicere,
2890 5576 2943 5620 et
2973 5569 3112 5634 ipsos
3141 5566 3384 5634 homines

1871 5638 2140 5709 (ieiunare.
2166 5639 2302 5709 Ergo
2334 5643 2472 5694 beati
2499 5636 2728 5708 epiScopi
2756 5631 3089 5709 Anastasius,
3125 5641 3175 5682 et
3200 5631 3383 5709 :l‘heo~

1873 5706 2068 5771 philus,
2103 5718 2154 5759 et
2189 5705 2459 5770 Venerius,
2492 5705 2544 5762 et
2572 5705 2928 5760 Chromatius,
2973 5708 3024 5748 et
3075 5705 3245 5750 sumis
3270 5707 3381 5771 tam

1875 5767 2103 5831 Orientis
2137 5794 2292 5845 quam
2340 5767 3075 5846 OccidentisCatholieorutn
3127 5767 3379 5834 synodum

3322 421 3422 476 630
3503 483 3522 506 ‘
