3846 6442
503 453 605 506 6'35

1725 440 1786 495 P.
1827 440 2133 495 DANlELlS
2168 439 2209 493 Β
2220 436 2399 494 υΕΤΠ

3622 414 3705 469 636

506 559 901 617 administrante
946 554 1232 606 Eleuthero
1286 552 1459 620 papa‘,
1507 552 1715 606 Triario
1758 553 2029 617 Materno,
2061 557 2105 614 Α
2134 567 2249 606 111111
2299 550 2398 602 deo
2436 544 2753 599 derivatam
2813 524 3409 620 appellationemhlio
3449 525 3703 620 indidisse.

508 652 575 704 Μ.
605 641 759 703 Λ11110
796 645 1000 697 Bradua
1036 658 1173 695 coss.
1214 642 1346 696 Cum
1378 642 1517 693 enim
1567 642 1830 696 decimum
1864 643 2028 710 septi-

507 752 647 789 mum
684 743 855 786 aetatis
898 747 1093 782 annum
1147 732 1317 798 egisse
1364 745 1483 782 eum
1537 730 1735 783 scribat
1778 730 2031 785 Eusebius

507 824 643 877 Hist.
668 821 790 875 eccl.
844 820 933 872 lib.
962 835 1032 882 vr,
1066 834 1182 886 cap.
1210 819 1272 881 2,
1306 832 1413 883 quo
1450 826 1685 884 tempore
1723 820 2031 888 martyrium

502 913 749 980 expetivit
796 920 946 978 pater
990 910 1107 976 ejus
1158 909 1451 971 Leonides,
1503 907 1598 978 (2)
1646 924 1784 962 anno
1848 925 2035 977 nempe

506 1001 683 1052 Severi
734 999 960 1059 decimo,
992 998 1144 1063 plane
1191 999 1256 1049 ab
1293 1011 1379 1061 eo,
1418 1011 1572 1063 quem
1605 997 1749 1060 dixi,
1800 999 2033 1063 cardine,

503 1091 624 1141 vita:
692 1088 896 1140 initium
954 1088 1160 1140 videtur
1217 1086 1449 1139 duxisse.
1504 1086 1723 1141 Biennio
1774 1086 2036 1153 juniorem

504 1180 703 1232 faciunt
735 1179 876 1231 Fasti
913 1178 1109 1244 Siculi,
1159 1178 1371 1246 aliique,
1399 1189 1452 1231 et
1500 1179 1550 1231 in
1588 1193 1783 1231 annum
1815 1182 1901 1247 qui
1946 1181 2041 1234 l‘uit

504 1267 687 1320 Clodio
736 1266 1010 1333 Crispino,
1057 1276 1109 1318 et
1159 1264 1375 1333 Papirio
1422 1265 1636 1320 Amiano
1681 1283 1821 1321 coss.
1868 1279 2040 1321 ortum

504 1357 619 1424 eius
650 1357 947 1409 conferunt.
976 1356 1169 1409 Eadem
1202 1358 1407 1411 videtur
1441 1358 1659 1411 Mariani
1693 1359 1836 1412 Scoti
1885 1363 2041 1425 ratio,

508 1460 630 1498 nam
664 1446 715 1497 in
759 1460 952 1497 annum
1002 1444 1197 1499 Christi
1242 1447 1377 1509 204,
1429 1445 1678 1500 Leonidae
1730 1450 2041 1518 martyrium

507 1536 744 1602 conjicit.
782 1537 915 1589 Toto
960 1552 1086 1591 vero
1140 1538 1372 1592 triennio
1423 1537 1772 1592 recentiorem
1823 1540 2047 1591 credidit

509 1627 789 1693 Origenem
837 1627 1170 1680 Hermaunus
1199 1627 1520 1681 Contractus
1548 1642 1564 1680 :
1598 1628 1835 1681 nonnulli
1886 1630 2046 1681 etiam

509 1718 874 1785 quadriennio.
925 1716 1031 1773 Nos
1078 1717 1295 1772 Eusebii
1338 1720 1606 1787 sequimur
1649 1718 2046 1787 ἐπιλογισμούς.

512 1809 671 1862 Pater
712 1809 785 1862 illi
817 1809 915 1861 fuit
944 1808 1010 1873 is,
1054 1824 1210 1876 quem
1245 1809 1386 1874 dixi,
1438 1809 1717 1871 Leonides,
1762 1811 1907 1865 omni
1943 1811 2051 1862 vir-

2130 642 2179 694 id
2202 640 2343 693 enim
2376 646 2488 688 tum
2514 642 2645 685 erat
2678 644 2785 684 usu
2821 631 3222 695 pervagatum,
3250 617 3329 688 (1)
3359 632 3456 669 nec
3483 617 3705 684 ejusmodi

2130 730 2346 784 nomina
2380 721 2718 795 abjiciebant
2750 712 3168 774 catechumcui
3201 724 3327 762 cum
3354 706 3544 760 Christi
3582 708 3707 763 ﬁdem

2132 818 2652 888 amplectebantur;
2706 820 2889 877 atque
2933 806 3070 859 hinc
3128 800 3421 867 Dionysius
3466 799 3711 888 111011100-

2133 887 2309 977 pagita
2346 908 2393 970 ¹,
2422 903 2649 972 Apollos
2695 895 3132 953 Alexandrinus
3158 894 3202 953 ’,
3234 890 3456 951 Phazhe,
3507 887 3711 952 Hermas,

2136 999 2359 1051 Hermes
2386 996 2426 1060 ³,
2458 994 2673 1046 Nereus
2703 1000 2727 1030 δ
2755 999 2814 1043 et
2857 983 3222 1051 Diotrephes,
3258 980 3434 1041 Luae,
3496 979 3641 1031 Paulo
3675 991 3714 1031 et

2135 1084 2329 1136 Joauui
2381 1083 2520 1134 inter
2558 1080 2921 1133 Christianos
2970 1069 3434 1130 commemorati;
3470 1068 3583 1120 hinc
3616 1070 3716 1119 Am-

2138 1173 2339 1234 monii,
2388 1169 2738 1237 Serapiones,
2786 1168 3207 1228 Athenagoras,
3258 1157 3600 1225 Apollinarii,
3640 1156 3716 1209 De-

2140 1262 2337 1321 metrii,
2374 1260 2566 1314 lsidori
2593 1272 2609 1310 :
2644 1258 2721 1328 (5)
2752 1256 2881 1325 quis
2931 1253 3116 1314 0111111,
3148 1250 3228 1301 ait
3260 1246 3609 1301 Tertullianus
3640 1245 3714 1313 (6),

2142 1354 2411 1404 nominum
2443 1360 2621 1402 reatus
2641 1349 2667 1400 .9
2698 1347 2861 1412 Quod
2915 1352 3109 1398 autem
3146 1340 3316 1408 objici
3352 1347 3525 1406 potest
3552 1339 3612 1391 ab
3635 1336 3716 1389 Oro

2143 1438 2442 1505 Orogeuem
2501 1437 2673 1489 fuisse
2726 1434 3080 1493 dicendum,
3154 1444 3267 1482 non
3328 1427 3627 1495 Origenem,
3670 1426 3717 1479 de

2146 1528 2312 1582 nihilo
2348 1537 2466 1589 est;
2506 1541 2631 1578 nam
2671 1525 2917 1589 primum
2962 1516 3316 1587 ‘respouderi
3350 1525 3522 1587 potest
3552 1516 3620 1568 sic
3646 1531 3718 1583 pro

2147 1619 2502 1690 ἀργοφόντης,
2534 1615 2868 1690 Mercurium
2908 1611 3303 1685 ἀργειφόντην
3334 1608 3500 1660 fuisse
3529 1607 3717 1671 dictum;

2149 1712 2226 1765 sic
2274 1709 2618 1776 Cephisidoro
2668 1720 2877 1759 nomen
2936 1704 3122 1756 fuisse
3194 1699 3415 1755 cuidam
3463 1698 3719 1751 Aristotelis

2150 1800 2478 1863 adversario,
2530 1798 2623 1865 qui
2674 1796 3093 1863 Cephisodorus
3150 1791 3337 1844 fuerat
3386 1788 3718 1855 appellandus;

514 1906 681 1949 tutum
711 1910 904 1965 genere
932 1897 1172 1965 insignis,
1195 1906 1250 1950 et
1278 1897 1445 1950 sacris
1482 1897 1778 1965 disciplinis
1807 1900 2048 1966 apprime
2081 1870 2122 1925 Β
2154 1904 2250 1942 usu
2298 1904 2511 1958 quoque
2557 1887 3017 1956 receptissimum
3055 1896 3188 1937 esse
3240 1880 3385 1949 apud
3434 1878 3631 1932 Latinos
3668 1879 3718 1930 ila

514 1985 804 2049 institutus,
832 1985 909 2053 (5)
954 1987 1264 2055 episc0patu
1304 1988 1486 2048 etiam,
1529 1995 1584 2038 ut
1616 1987 1800 2040 scribit
1834 1988 2045 2049 Suidas,

512 2072 783 2140 praeditus.
822 2072 1004 2128 Matris
1039 2089 1232 2129 nomen
1294 2074 1505 2128 silentio
1550 2084 1795 2129 auctores
1835 2090 2047 2144 presse-

515 2170 656 2216 I'uut.

584 2251 647 2304 ll.
687 2250 944 2320 Origenes
974 2251 1263 2320 appellatus
1304 2261 1432 2306 est:
1471 2252 1625 2318 cujus
1670 2252 1902 2306 nominis
1936 2264 2051 2322 ety-

518 2352 642 2391 mou
684 2354 714 2390 a
761 2339 935 2391 multis
987 2338 1319 2405 disquisitum
1360 2348 1461 2390 est.
1508 2337 1855 2404 Theophanes
1891 2336 2054 2390 Cera-

522 2442 670 2479 tueus
709 2427 851 2480 110111.
877 2427 967 2487 22,
1005 2425 1277 2496 Ὠριγὲνην
1308 2425 1405 2487 τῆς
1444 2425 1607 2496 ὀργῆς
1647 2425 1925 2494 ἐπώνυμον
1964 2442 2056 2493 ap-

520 2514 718 2582 pellat:
753 2516 842 2568 sed
890 2531 996 2569 non
1052 2526 1192 2578 tam,
1226 2523 1284 2568 ut
1329 2515 1557 2577 videtur,
1601 2517 1665 2568 ad
1718 2516 2052 2568 iudicandam

520 2603 752 2657 nominis
779 2604 1058 2673 originem,
1085 2618 1241 2672 quam
1270 2603 1335 2654 ad
1368 2603 1748 2671 suggillandum
1774 2604 2053 2672 Origeuem

519 2695 738 2761 quaesita
767 2709 831 2747 ex
865 2695 1008 2748 vocis
1048 2708 1180 2748 sono
1229 2697 1527 2749 occasione.
1580 2695 1854 2758 Erasmus,
1899 2695 2055 2748 Cani-

521 2783 662 2847 nius,
712 2782 1040 2836 Haaschelius
1091 2795 1145 2838 et
1177 2784 1452 2848 Scltottus,
1488 2785 1585 2836 viri
1618 2783 1818 2837 Graecis
1864 2782 2060 2839 litteris

524 2872 815 2926 luculenter
842 2874 1059 2937 exculti,
1097 2877 1438 2944 nonnullique
1469 2886 1745 2943 praiterea,
1786 2875 2060 2944 Ὠριγένην

523 2962 721 3015 dictum
745 2972 950 3032 putant,
980 2965 1130 3031 quasi
1161 2964 1333 3036 ὄρειον
1356 2964 1416 3017 τὸ
1445 2964 1616 3030 γένος,
1656 2964 1979 3034 Ὀρειγενὴν,
2003 2964 2062 3015 ὲν

523 3050 638 3121 ὅρει
671 3053 1007 3121 γεννηθέντα.
1050 3054 1279 3108 Joannes
1309 3054 1559 3118 Tarinus,
1594 3062 1646 3105 et
1678 3053 1787 3115 alii,
1836 3055 1905 3105 ita
1942 3069 2060 3105 eum

525 3142 832 3195 existimant
881 3144 1235 3211 appellatum,
1284 3146 1433 3212 quasi
1482 3143 1661 3214 ὥριον,
1713 3158 1801 3196 seu
1858 3141 2065 3214 ὥριμον

526 3233 865 3302 γεννηθέντα,
910 3246 1107 3286 mature
1169 3236 1412 3303 genitum.
1467 3235 1644 3301 Inepte
1696 3234 1921 3296 Badius,
1974 3235 2064 3303 qui

529 3322 725 3374 dictum
756 3324 906 3391 lingit
935 3325 1000 3375 ab
1042 3324 1184 3394 ὀρόν,
1217 3326 1353 3391 quod
1386 3325 1520 3377 idem
1549 3332 1631 3375 est
1674 3338 1736 3376 ac
1780 3324 1922 3392 ὅρον.
1960 3324 2066 3393 Ego

531 3410 600 3462 ab
626 3412 751 3475 Oro,
796 3414 884 3478 qui
940 3412 1306 3481 IEgyptiorum
1362 3414 1489 3467 deus
1535 3422 1647 3475 est,
1696 3428 1885 3467 nomen
1939 3416 2065 3468 illud

535 3496 848 3565 proﬂuxisse
897 3500 1164 3561 existimo,
1213 3498 1653 3566 quemadmodum
1703 3512 1730 3549 a
1759 3497 1908 3561 Jove,
1944 3501 2067 3552 Din-

537 3599 758 3652 genem;
790 3602 820 3639 a
850 3586 1131 3650 Mercurio,
1167 3586 1574 3656 Hermogenem.
1606 3585 1785 3654 Neque
1810 3602 1937 3641 vero
1970 3589 2068 3641 mi-

538 3685 686 3726 retur
726 3677 1002 3744 quisquam
1040 3676 1377 3731 Christianos
1424 3685 1671 3744 parentes
1715 3678 1782 3731 ab
1823 3680 2066 3735 ethnico-

662 3841 780 3887 Act.
810 3849 915 3887 xvtt
935 3871 951 3897 ,
983 3834 1069 3887 54.

613 3973 687 4041 (21
727 3972 872 4024 Anno
911 3989 1085 4038 nempe
1124 3972 1297 4026 Severi
1324 3973 1537 4025 decimo.
1584 3970 1841 4041 Eusebius
1888 3966 2071 4025 uullihi

544 4046 597 4099 in
625 4039 864 4093 Historia
902 4056 993 4093 sua
1023 4042 1365 4094 ecclesiastica
1408 4041 1536 4092 dicit
1564 4056 1699 4091 anno
1744 4039 1929 4092 Severi
1979 4042 2074 4092 de-

543 4115 683 4167 cimo
727 4124 934 4177 passum
979 4124 1095 4162 esse
1141 4109 1429 4177 Leonidemﬁ
1465 4108 1706 4176 Origenis
1752 4119 1971 4174 patrem.
2016 4108 2069 4177 Id

544 4194 705 4234 unum
727 4171 923 4230 'ttarrat
966 4177 1053 4229 lib.
1080 4194 1152 4236 vt,
1184 4193 1299 4244 cap.
1325 4178 1377 4237 2,
1411 4171 1663 4230 Sever'um
1695 4171 1834 4244 anno
1864 4171 2069 4243 imperii

544 4251 624 4301 sui
655 4246 881 4303 decimo.
910 4246 1052 4298 Laeto
1082 4243 1408 4298 Alexandria:
1433 4255 1486 4299 et
1518 4246 1675 4298 totius
1694 4243 1905 4313 Egypti
1937 4260 2072 4312 prat-

545 4318 677 4377 side,
707 4314 994 4367 Ecclesiam
1059 4315 1448 4368 Cntltolicorum
1499 4314 1549 4364 in
1596 4328 1657 4365 ea
1709 4315 1838 4366 urbe
1877 4317 2069 4380 guber—

548 4394 706 4436 nnute
748 4383 1011 4435 Demetrio
1056 4384 1322 4450 epiSCOpo,
1366 4382 1761 4435 acerbissimam
1798 4383 2074 4450 excitasse

548 4450 966 4519 persecutionem
1002 4450 1053 4501 in
1080 4468 1179 4518 qua
1209 4448 1515 4519 martyrium
1545 4449 1770 4502 subierit
1794 4448 2072 4519 Leonides.

549 4518 630 4571 Au
674 4526 844 4586 autem
889 4518 1058 4585 primo
1102 4518 1502 4586 persecutionis
1529 4532 1687 4580 anno,
1729 4532 1793 4569 au
1842 4518 2073 4586 secundo

550 4600 739 4665 passus
765 4585 854 4665 sit,
874 4584 922 4637 id
950 4584 1439 4665 silent—iolprmterit.
1458 4585 1575 4665 μου
1600 4601 1725 4665 ergo
1752 4584 2070 4665 iu.l_listoria

549 4653 917 4713 ecclesiastica,
946 4656 1037 4705 sed
1072 4656 1122 4706 iu
1162 4653 1413 4708 Chronico
1440 4657 1634 4709 diserte
1668 4653 1909 4707 Leonidae
1936 4670 2071 4706 tuar-

556 4722 746 4789 tyrium
769 4734 905 4789 anno
932 4720 1109 4773 Severi
1137 4724 1341 4776 decimo
1362 4724 1576 4777 ascribit
1605 4723 1889 4785 Eusebius;
1914 4737 2070 4789 quem

553 4786 792 4861 sequitur
821 4786 1168 4861 Hieronymus
1196 4793 1246 4843 in
1270 4791 1493 4861 Catalog.
1520 4792 1695 4856 script.
1726 4786 2071 4861 eccles.,'c:tp.

551 4858 649 4917 51»,
688 4857 797 4925 ubi_
818 4858 932 4908 ait:
966 4858 1205 4925 Origenes
1248 4862 1333 4925 qui
1375 4872 1421 4912 et
1450 4857 1840 4923 'Adamantius,
1881 4860 2077 4911 decimo

553 4927 731 4982 Severi
763 4922 1226 4979 Pertinacis'auno
1258 4922 1534 4982 adversum
1562 4922 1882 4981 Christianas
1909 4943 2081 4995 perse-

554 4997 756 5047 cutione
798 5002 1070 5055 commota,
1096 4994 1379 5066 a_Leonide
1418 5010 1580 5066 patre,
1610 4997 1804 5050 Christi
1828 4997 2076 5063 martyrio

555 5071 822 5133 coronato,
851 5074 965 5111 cum
998 5076 1088 5113 sea:
1120 5060 1366 5127 fratribus
1407 5060 1454 5118 et
1498 5060 1664 5119 matre
1696 5067 1851 5119 vidua
1886 5060 2080 5133 pauper

554 5132 860 5201 relinquitur
894 5143 1055 5181 annos
1088 5141 1236 5201 natus
1257 5133 1454 5186 circiter
1490 5138 1658 5187 decent
1688 5145 1736 5188 et
1768 5144 1975 5201 septem.

624 5197 1049 5275 (3)'_Episc0patu
1077 5197 1251 5275 etiam,
1283 5202 1781 5275 ut_scribit_Su_i_das,
1806 5197 2079 5275 prwditus.

558 5262 690 5339 Duo'
711 5262 854 5339 item
873 5262 1084 5319 cudices
1114 5262 1352 5339 Vaticani
1383 5287 1509 5339 mss.
1540 5272 1590 5323 iu
1632 5262 1945 5339 Hieronymo
1977 5270 2079 5324 Ca-

556 5338 725 5408 tulogo
753 5337 993 5408 scriptor.
1020 5335 1220 5396 ποιεί..
1257 5352 1371 5403 cap.
1395 5338 1482 5399 54,
1513 5340 1726 5408 legunt:
1763 5335 2076 5407 Origenes...

555 5424 590 5460 a
632 5405 854 5461 Leonide
882 5405 1115 5473 episcopo
1144 5413 1309 5468 patre,
1333 5405 1585 5473 martyrio
1609 5405 1875 5471 coronato,
1902 5419 2005 5462 etc.

546 5530 547 5533 η
631 5477 705 5547 (1)
745 5474 860 5547 Nec
883 5471 1138 5547 ejusmodi
1172 5474 1377 5547 nomina
1402 5471 2077 5547 abjiciebnntcatechumen‘i

558 5542 696 5598 ausit
738 5543 930 5597 Christi
987 5542 1140 5609 [idem
1203 5542 1657 5608 amplectabantur.
1712 5546 2079 5598 Verumtamen

562 5613 820 5688 Eusebius
848 5609 1278 5688 De_martpribus
1313 5609 1638 5688 Paluatinas,
1685 5629 1801 5679 cap.
1832 5615 1918 5675 ll,
1959 5628 2077 5688 pag.

560 5680 683 5743 337,
715 5682 877 5761 refert
903 5677 1185 5803 Egjptios
1232 5678 1428 5756 fratres
1452 5678 1515 5731 ad
1563 5677 1840 5760 tyrannum
1878 5677 2080 5757 perdu-

562 5759 693 5803 ctos.
722 5765 931 5803 nomina
980 5764 992 5803 1
1032 5748 1233 5803 olorum
1283 5746 1380 5802 stlu
1427 5748 1492 5802 ab
1544 5759 1661 5802 ortu
1706 5759 1946 5803 imposita
1983 5750 2077 5803 ab-

562 5759 693 5808 ctos.
722 5750 931 5806 uomiua
980 5746 1233 5804 idolorum
1283 5746 1380 5802 sibi
1427 5748 1492 5802 ab
1544 5746 1661 5802 ortu
1706 5750 1946 5818 imposita
1983 5750 2077 5804 ab-

1163 3835 1184 3865 ³
1222 3834 1340 3887 Act.
1388 3847 1550 3895 xvut,
1581 3832 1670 3887 21.
1746 3830 1766 3862 ⁸
1798 3831 1950 3887 Rom.
2003 3850 2109 3898 xvr,
2150 3835 2317 3900 1,14,
2351 3834 2435 3890 15.

2154 1980 2369 2031 nomina
2398 1976 2672 2041 conﬂare;
2723 1976 2805 2029 sic
2854 1972 3311 2042 Dionysipolitas
3362 1968 3638 2038 appellasse
3660 1968 3722 2021 Cio

2154 2083 2435 2131 cerouem,
2480 2082 2617 2135 quos
2667 2064 2758 2119 alii
2806 2063 3305 2133 Dionysopolitas;
3360 2063 3438 2115 sic
3491 2060 3719 2127 Demipho.

2156 2175 2272 2211 nem
2336 2167 2391 2210 et
2421 2156 2777 2223 Clitiphonem
2823 2170 2856 2207 a
2895 2153 3145 2207 comicis
3178 2153 3382 2211 dictos,
3413 2148 3501 2217 qui
3539 2148 3599 2200 ab
3635 2147 3723 2199 aliis

2155 2248 2487 2312 Demophoon
2546 2257 2599 2299 et
2647 2245 2980 2312 Clitophon;
3039 2245 3126 2298 sic
3161 2241 3532 2310 thbigenam
3575 2256 3600 2293 a
3635 2238 3720 2291 Vir-

2158 2341 2303 2408 gilio,
2331 2340 2419 2407 qui
2461 2337 2792 2407 Phwbogena
2834 2336 2952 2389 dici
2988 2335 3312 2388 debuisset.
3346 2332 3413 2385 Et
3446 2342 3501 2383 ut
3536 2330 3718 2384 similem

2159 2430 2433 2485 nominum
2462 2427 3008 2497 coagmentationeut
3053 2423 3319 2493 proferre
3355 2421 3547 2492 nullam
3580 2434 3720 2489 posse-

2161 2534 2308 2585 mus,
2361 2519 2483 2586 quis
2541 2526 2861 2571 accuratam
2940 2514 3275 2569 hellenismi
3349 2513 3641 2565 munditiem
3681 2512 3719 2563 in

2160 2606 2519 2659 Alexandrina
2570 2605 2815 2673 requirat
2867 2604 3151 2665 Dialecto,
3186 2604 3268 2671 (7)
3315 2616 3435 2670 qua:
3469 2616 3497 2653 a
3528 2600 3719 2653 Macedo-

2161 2695 2277 2749 nica
2310 2694 2547 2763 profecta
2575 2704 2681 2758 est,
2711 2694 2963 2746 barbara
3002 2694 3127 2762 ipsa
3165 2693 3406 2760 primum
3443 2702 3495 2745 et
3536 2692 3716 2756 impura,

2162 2794 2216 2837 et
2259 2794 2411 2837 extra
2460 2783 2776 2837 Graacarum
2830 2799 3073 2837 censum
3113 2792 3431 2845 numerata,
3480 2790 3550 2834 tot
3577 2779 3717 2833 deinde

2163 2877 2398 2944 gentium
2451 2876 2779 2928 commercio
2820 2876 3154 2943 inquinata,
3184 2884 3242 2929 et
3281 2876 3349 2929 ab
3379 2873 3622 2942 Egyptiis
3659 2872 3717 2921 de-

2167 2981 2330 3028 11111111,
2381 2966 2522 3019 inter
2568 2981 2702 3033 quos
2756 2966 3063 3031 consedit,
3114 2967 3354 3020 distorta
3386 2975 3441 3020 et
3483 2961 3719 3030 corrupta?-

2166 3056 2291 3109 lude
2342 3056 2399 3110 lit
2448 3066 2506 3110 ut
2552 3057 3072 3111 Alexandrinorum
3132 3058 3412 3125 loquelam
3469 3066 3569 3108 tam
3614 3066 3717 3119 sape

2166 3154 2387 3214 carpant
2437 3148 2611 3200 critici
2664 3148 2910 3212 antiqui,
2965 3148 3324 3219 Phrynicus,
3378 3147 3597 3200 Thomas
3632 3158 3714 3196 nta-

2170 3236 2335 3303 gister
2387 3245 2442 3289 et
2470 3235 2746 3289 Helladius
2778 3236 3187 3292 Besantinous.
3216 3239 3416 3292 Verum
3447 3238 3526 3290 his
3551 3232 3713 3289 omissis

2172 3327 2398 3394 genuina
2435 3330 2716 3396 responsio
2762 3346 2832 3385 ex
2887 3331 3272 3399 sequentibus
3325 3328 3481 3383 facile
3514 3322 3713 3380 exstabit.

2173 3415 2313 3469 Orus
2347 3415 2720 3485 Egyptiorum
2755 3420 2900 3474 deus
2948 3422 2998 3475 is
3045 3430 3133 3475 est
3178 3418 3412 3474 Osiridis
3439 3427 3491 3470 et
3524 3414 3650 3469 Isidis
3673 3411 3715 3461 li-

2173 3506 2296 3572 lius,
2327 3522 2483 3574 quem
2510 3508 2811 3575 Apollinem
2842 3526 2981 3566 esse
3027 3522 3087 3566 et
3117 3512 3309 3565 Solem
3338 3519 3543 3562 veteres
3569 3513 3712 3570 magn)

2174 3610 2433 3651 consensu
2492 3598 2853 3656 tradiderunt.
2904 3602 3092 3657 Orum
3158 3617 3257 3657 seu
3325 3600 3522 3655 Horum
3561 3596 3712 3649 dictum

2174 3686 2501 3741 existimavit
2532 3686 2709 3743 l'lorus
2739 3692 2973 3761 Apollo,
3003 3693 3159 3764 quod
3188 3693 3342 3748 horis
3368 3690 3571 3759 prmsit;
3596 3686 3713 3739 horas

2515 3836 2537 3868 ’⁵
2575 3836 2639 3890 111
2675 3837 2836 3896 Joan.
2865 3841 2925 3895 9.

2164 3972 2394 4039 jeciSse,
2443 3981 2494 4025 et
2553 3976 2951 4041 prephetarum
3022 3979 3249 4033 nomina
3314 3978 3469 4040 Elize,
3520 3975 3711 4030 Jeremiz

2171 4053 2331 4121 atque
2378 4043 2555 4105 Isaiae,
2614 4053 2669 4095 et
2719 4043 3006 4100 Samuelis
3056 4065 3126 4101 ac
3183 4047 3425 4102 Danielis
3464 4047 3557 4100 sibi
3599 4044 3703 4097 asci-

2173 4124 2337 4162 VISSB.

2246 4177 2320 4246 (5)
2341 4178 2484 4251 Quis
2511 4181 2673 4239 enim,
2702 4181 3224 4251 ait_'l‘ertullianus,
3265 4188 3524 4237 nominum
3551 4180 3709 4241 reatus?

2181 4246 2270 4319 _Sic
2325 4249 2695 4319 Athenagoras
2763 4249 3054 4313 Leqation.
3114 4246 3221 4319 pro?
3271 4253 3596 4313 Christianis,
3636 4264 3707 4319 11011

2176 4314 2334 4389 longe
2369 4317 2436 4389 ab
2484 4317 2672 4389 initio;
2712 4319 2881 4389 Οὐδὲν
2913 4319 2975 4371 δὲ
3029 4314 3209 4389 δνὸμα
3244 4325 3328 4389 ἐφ’
3354 4320 3536 4374 ἑαυτοῦ
3565 4319 3639 4389 καὶ

2177 4382 2337 4461 αρτοᾷ
2387 4385 2446 4435 οὐ
2481 4385 2897 4461 ποῃρὸνηούᾔδὲ
2940 4382 3195 4461 χρηστδν
3246 4382 3640 4461 νὸμξζετανδιᾷ

2177 4406 2337 4433 utr-0U
2387 4406 2446 4435 ou
2481 4406 2737 4454 πονηρον,
2773 4406 2897 4439 ουοε
2989 4406 3195 4461 ρηστον
3246 4406 3542 4461 νομῃεταιο
3566 4406 3637 4440 0:1
3669 4406 3705 4435 (ιε

2175 4450 2696 4531 tamenne-stes,
2736 4454 2769 4524 ἢ
2816 4406 3046 4531 naias
3098 4461 3426 4531 πράξεις,ῆ
3472 4452 3705 4527 omni

2104 4560 2147 4613 ὓ
2177 4518 2355 4613 ἀγιαθᾲ
2384 4520 2545 4573 δοκεῖ.
2576 4518 2782 4613 Nomen
2810 4518 2989 4605 ipsum
3012 4518 3118 4606 per
3142 4518 3197 4582 'se
3224 4518 3272 4582 ct
3302 4518 3547 4613 qnat'en'us
3570 4518 3705 4613 non!!!»

2174 4599 2276 4647 est,
2323 4590 2509 4640 bonum
2558 4590 3210 4650 malumveexistintatur
3245 4590 3484 4650 itu-llum:
3515 4595 3593 4648 sed
3635 4590 3706 4641 mle

2174 4656 2401 4737 profecto
2425 4658 2778 4737 judicandum
2823 4667 3277 4737 unumquodque,
3319 4666 3485 4737 qualis
3525 4679 3593 4716 res
3625 4662 3703 4728 ipsa

2177 4729 2433 4803 aut‘actio
2464 4729 2525 4779 de
2542 4744 2656 4803 _qu_a
2698 4729 3057 4803 praedicatur,
3085 4729 3273 4803 fuerit.

2252 4794 2329 4864 (6)
2369 4794 2574 4864 Tertul.
2603 4796 2781 4864 Apol.,
2814 4813 2866 4862 p.
2894 4799 2993 4853 28.

2253 4864 2329 4941 (τι)
2370 4863 2500 4941 Quae
2544 4880 2577 4915 a
2619 4863 2970 4941 Macedonica
3026 4873 3269 4941 profecta
3318 4882 3412 4927 est.
3442 4866 3704 4941 Plutarchus

2178 4939 2234 4992 in
2281 4933 2524 5007 Antonio
2552 4942 2737 5007 narrat
2773 4933 3147 5007 Cleopatram
3190 4943 3469 4996 multarum
3513 4938 3699 5007 gentium

2176 5001 2697 5080 lingttas'didicisse,
2729 5001 2840 5080 τῷν
2870 5001 2982 5075 πρὸ
3019 5011 3197 5079 αὐτῆς
3233 5010 3486 5080 βασιλέων
3513 5001 3612 5080 ὀῠδξ

2178 5068 2483 5140 Αἰγυπτίων
2515 5071 2902 5140 ἀνασχομένων
2918 5068 3262 5140 ’περιλαόὲῖν
3290 5080 3562 5137 διάλεκτον,
3585 5071 3697 5124 ἐνίων

2178 5145 2236 5197 δὲ
2275 5140 2368 5191 καὶ
2406 5138 2467 5190 τὸ
2504 5138 2896 5205 Μακεδονίζειν
2951 5138 3313 5202 ἐκλιπόντων.
3359 5148 3483 5201 Cum
3522 5155 3699 5195 anteces-

2178 5224 2318 5286 sores
2372 5206 2479 5274 ejus
2537 5224 2677 5286 reges
2716 5226 2791 5286 _ne
2844 5212 3167 5282 Egyptiam
3232 5218 3433 5286 quidem
3479 5210 3697 5286 dialectsnt

2178 5277 2453 5349 percipere
2498 5277 3207 5349 sustinuissent{nonnulli
3241 5277 3418 5339 'etiant
3479 5279 3693 5349 desiisse"!

2182 5342 2591 5401 Macedonicam.
2643 5342 2939 5403 Barbaram
2986 5367 3167 5408 autent
3203 5354 3368 5408 fuisse
3411 5355 3534 5407 hanc
3563 5363 3587 5399 e
3616 5342 3695 5394 Μςια

2182 5414 2436 5470 cedonica
2505 5422 2685 5469 natam
2744 5417 3181 5476 Alexandrinam
3235 5423 3508 5476 dialectum
3563 5408 3692 5468 inultil

2184 5484 2379 5555 _S_extu_s
2430 5481 2734 5555 Etupiricus
2776 5485 3046 5555 Adversus
3109 5492 3437 5555 Mathemat,
3488 5500 3588 5555 μειερ
3622 5476 3687 5529 ‘2'

2179 5549 2314 5604 Vide
2348 5550 2561 5623 insuper
2592 5552 2749 5623 Alex.
2795 5554 3008 5611 Morum
3052 5561 3104 5613 in
3144 5561 3319 5613 Causa
3362 5549 3468 5618 Dei,
3488 5549 3611 5623 ’ρειτιο
3631 5559 3687 5623 311

2179 5628 2368 5686 qurest.
2396 5620 2448 5679 6,
2467 5612 2611 5688 'pag.
2659 5622 2784 5677 158.
2816 5624 2889 5676 At
2936 5612 3167 5682 Vossius
3206 5612 3466 5683 Aduersus
3492 5612 3590 5677 Erit.

2182 5680 2524 5766 ᾐιςνηὶἕηνηέ.
2553 5680 2638 5751 ῖὸ,
2675 5691 2910 5763 linguam
2951 5680 3430 5753 Alexandrinorum
3470 5680 3683 5762 pellem!“

2183 5756 2344 5811 fuisse
2368 5756 2627 5813 Atticam.
