3846 6418
511 431 607 487 630

1735 430 1793 485 P.
1829 428 2138 484 DANELIS
2174 430 2400 485 llUETll

3719 426 3804 482 Gil)

500 547 701 598 ~l'essum
731 541 992 594 scribendi
1025 542 1278 604 studium,
1316 552 1367 599 et
1403 545 1673 599 assrdnam
1703 549 1845 603 circa
1871 550 2037 603 libros
2065 554 2109 608 Α
2140 550 2426 602 maximam
2457 547 2626 601 etiam
2659 547 2979 616 colligeret
3023 541 3390 598 memoriam
3438 541 3800 614 antiquitatis,

506 647 743 696 moram,
801 633 1042 685 eatudem
1083 635 1497 702 appellationem
1549 651 1872 694 consecutus
1913 650 2034 705 est;

502 736 655 788 supra
701 721 797 773 tria
844 722 1100 788 siquidem
1139 724 1398 778 librorum
1429 722 1594 780 millia
1638 739 1692 781 et
1723 732 2037 798 quingentos

500 808 842 876 conscripsit,
876 827 994 863 cum
1031 813 1196 867 multo
1232 815 1412 881 plures
1441 817 1724 884 Origenem
1761 821 2038 886 scripsisse

496 898 762 963 proditum
796 901 887 963 sil,
916 902 1134 956 minime
1161 913 1334 957 autem
1369 905 1491 958 dum
1531 907 1729 960 viveret
1773 908 2037 959 Adaman-

500 990 600 1043 tius
641 1001 822 1045 noster
875 993 1217 1047 Chalcenteri
1268 1011 1455 1049 nomen
1508 997 1686 1065 gessit.
1728 997 1946 1050 Paribus
1971 1000 2036 1052 de

487 1083 670 1136 ‘cansis
714 1083 884 1150 Apion
921 1085 1302 1152 grammaticus
1329 1125 1344 1147 ,
1392 1101 1454 1138 ac
1501 1087 1680 1139 itidem
1721 1085 2031 1155 Egyptius,

495 1183 715 1240 propter
746 1173 1054 1226 inusitatam
1094 1175 1144 1228 in
1181 1174 1456 1229 litterariis
1484 1176 1753 1230 laboribus
1783 1189 2035 1230 constan-

494 1262 642 1330 tiam,
686 1264 879 1334 μόχθος
913 1267 1230 1335 cognomine
1274 1269 1448 1321 dictus
1485 1277 1585 1321 est.
1621 1268 1724 1322 Sed
1756 1269 2031 1323 redeamus

489 1354 555 1407 ad
581 1356 929 1423 propositum.

561 1443 649 1498 IV.
686 1445 797 1515 (12)
817 1445 918 1499 Sex
938 1447 1419 1517 prmterOrigenem
1438 1448 1569 1501 ﬁlios
1582 1451 1810 1517 suscepit
1836 1450 2030 1503 Leoni-

486 1536 581 1590 des
615 1551 630 1588 :
663 1546 716 1589 at
777 1552 894 1590 cum
945 1539 995 1590 in
1045 1539 1136 1592 illo
1179 1540 1464 1593 admodum
1505 1540 1662 1593 etiam
1702 1551 1810 1592 ιιιιιι
1864 1557 2030 1610 puero

487 1638 676 1692 magna
706 1626 772 1678 ad
811 1627 1057 1681 virtutem
1105 1627 1339 1682 eluceret
1377 1629 1580 1682 indoles
1607 1669 1623 1694 ,
1661 1645 1875 1684 omnem
1917 1629 2028 1686 fere

485 1714 653 1782 patris
688 1730 926 1781 amorem
977 1732 1040 1771 ac
1083 1716 1320 1773 studium
1357 1721 1422 1775 ad
1466 1735 1522 1774 se
1557 1722 1836 1775 convertit.
1876 1721 2027 1777 llunc

483 1801 665 1871 itaque
695 1806 796 1858 sibi
829 1806 1117 1862 domestica
1150 1808 1502 1873 institutione,
1536 1811 1872 1879 assiduisque
1897 1828 2026 1880 pran-

2141 649 2192 693 et
2221 639 2646 692 mathematicas
2675 638 2749 690 ad
2788 639 2923 690 haec
2993 643 3165 688 artes
3203 631 3666 699 facultatemque
3694 652 3799 689 ora-

2140 728 2332 780 toriam
2385 726 2735 795 adjungeret.
2780 721 3135 793 Applicavit
3171 719 3401 774 deinde
3431 733 3563 772 sese
3597 721 3662 773 ad
3695 722 3802 776 Am-

2138 819 2401 883 monium,
2440 826 2816 886 cognomento
2875 815 3175 873 Saccam,
3227 821 3290 864 et
3330 814 3389 863 in
3420 811 3547 879 ejus
3575 813 3802 870 exhedris

2139 912 2408 979 insignem
2469 908 2842 976 philosophiae
2902 905 3202 975 peritiam
3267 903 3664 970 comparavit,
3725 909 3798 959 sed

2141 1000 2441 1054 Platonica:
2475 999 2813 1065 praesertim,
2849 1011 2985 1067 qua:
3019 1005 3148 1048 tam
3194 993 3359 1047 ultas
3391 993 3451 1046 in
3484 994 3610 1062 ejus
3648 995 3800 1050 animo

2136 1090 2349 1142 radices
2381 1090 2512 1156 egit,
2549 1098 2610 1143 ut
2641 1098 3105 1144 succrescentes
3154 1085 3537 1139 Christiana:
3567 1086 3797 1140 doctrina

2133 1178 2317 1248 fruges
2355 1179 2731 1244 interﬁceret;
2786 1195 2922 1232 nam
2952 1177 3275 1231 Ecclesiae
3307 1176 3464 1228 scita
3503 1174 3618 1230 fere
3644 1178 3800 1244 exige-

2115 1270 2226 1324 ‘bat.
2262 1272 2328 1324 ad
2364 1285 2612 1324 normam
2641 1271 2921 1334 Platonis,
2947 1280 3008 1323 et
3033 1269 3296 1322 sincera
3326 1263 3553 1320 Christi
3577 1268 3799 1336 dogmata

2132 1359 2451 1428 Platonicis,
2487 1373 2543 1415 ut
2574 1363 2646 1414 ita
2680 1362 2868 1414 dicam
2893 1401 2909 1424 ,
2967 1357 3305 1414 coloribus
3363 1357 3682 1412 oblinebat.
3724 1361 3797 1414 BSt

2130 1453 2268 1519 apud
2294 1451 2624 1506 Wernerum
2659 1455 2711 1507 in
2752 1451 3066 1506 Fascriculo
3110 1461 3494 1518 temporum,
3532 1450 3795 1508 Alexandri

2129 1539 2185 1592 in
2211 1540 2672 1612 Jerosolymitano
2695 1542 3038 1611 episcopatu
3071 1540 3481 1593 decessorem
3506 1537 3792 1595 Narcissum

2129 1633 2380 1702 Origenis
2403 1633 2572 1687 fuiSse
2605 1634 2964 1702 magistrum.
3007 1632 3174 1686 Tale
3203 1633 3462 1701 quidem
3497 1633 3634 1685 nihil
3665 1635 3797 1687 habet

2128 1723 2428 1784 Eusebius;
2459 1738 2634 1793 neque
2659 1733 2813 1779 certe
2837 1725 2994 1779 unde
3023 1725 3089 1778 id
3121 1723 3476 1791 sumpserit
3507 1724 3796 1791 Wet-uerus,

2125 1812 2468 1866 comminisci
2536 1828 2784 1879 possmn.
2843 1810 3183 1864 llalloxius
3247 1811 3578 1880 Origenem
3638 1814 3797 1866 scribit

482 1894 650 1960 ceptis
683 1894 1016 1950 formandum
1059 1899 1293 1966 suscepit
1340 1899 1603 1954 Leonides
1627 1941 1640 1962 ,
1680 1901 2025 1969 animumque
2054 1886 2096 1937 Β
2128 1903 2444 1956 Pantaenum
2485 1919 2706 1973 quoque
2734 1912 3188 1974 prteceptorem
3222 1904 3541 1965 audivisse
3576 1921 3589 1969 ;
3628 1906 3706 1959 cui
3737 1907 3794 1960 uti

480 1984 663 2038 rudem
705 1987 890 2054 primis
923 1987 1114 2041 imbuit
1159 1989 1478 2044 Christiana:
1535 1993 1769 2058 pietatis,
1814 1993 2021 2045 divina-

427 2087 436 2094 ‘
481 2089 702 2144 rumque
733 2077 887 2128 simul
917 2087 970 2130 et
1011 2079 1343 2132 exoticarurn
1390 2081 1749 2134 doctrinarum
1787 2085 2021 2137 elemen-

480 2164 545 2216 tis
576 2183 589 2216 :
619 2167 711 2218 sed
742 2165 811 2216 ita
852 2175 1023 2217 tamen
1054 2176 1109 2219 ut
1149 2167 1199 2220 in
1249 2170 1576 2235 quotidiauis
1620 2173 2020 2225 exercitationi-

476 2254 598 2317 bus,
624 2255 975 2308 humanarum
1003 2256 1299 2310 litterarum
1322 2261 1512 2314 stud-iis
1537 2277 1702 2316 sacra:
1729 2264 2020 2332 disciplina:

473 2345 747 2412 praeirent.
783 2343 911 2398 Erat
939 2348 1160 2402 omnino
1189 2348 1240 2400 in
1275 2365 1442 2417 puero
1491 2350 1758 2420 ingenium
1799 2371 2020 2423 peracre

474 2443 530 2490 et
561 2433 842 2496 fervidum,
880 2436 1163 2504 singularis
1189 2441 1469 2503 memoria,
1497 2441 1731 2510 ﬂagrans
1757 2452 1810 2497 ct
1837 2446 2012 2500 incre-

475 2521 638 2576 dibile
673 2524 907 2577 studium
933 2565 949 2590 ,
999 2535 1056 2578 ut
1103 2528 1360 2596 quidquid
1399 2530 1503 2582 sibi
1543 2531 1844 2600 impositum
1875 2546 2018 2591 esset

475 2613 541 2665 ad
570 2613 881 2666 discendum
919 2631 1022 2667 non
1059 2625 1161 2668 tam
1195 2619 1502 2686 exciperet,
1537 2637 1694 2689 quam
1731 2627 2010 2692 arriperet,

472 2702 861 2772 docentemque
882 2715 1098 2772 patrem
1128 2706 1379 2761 discendo
1422 2719 1474 2762 et
1513 2714 1800 2778 quan'endo
1827 2716 2016 2769 defati-

471 2802 642 2859 garet.
691 2794 821 2848 Cum
861 2797 1002 2848 enim
1058 2796 1245 2851 selecti
1278 2814 1308 2851 e
1350 2799 1628 2869 Scriptura
1673 2817 1855 2858 saimta
1913 2808 2011 2864 loci

469 2883 692 2954 singulis
728 2885 1032 2954 quibusque
1068 2888 1258 2942 diebus
1298 2891 1567 2945 memoriae
1599 2898 2011 2952 commcndaudi

468 2972 567 3040 ipsi
595 2985 1054 3041 proponerentur,
1099 2978 1316 3045 proclivi
1365 2983 1644 3035 vet-borum
1700 2999 1858 3038 sensu
1907 3001 2010 3040 non

467 3071 771 3128 contentus,
801 3066 1084 3130 satagebat
1115 3065 1298 3120 subire
1334 3067 1399 3119 ad
1431 3069 1710 3134 interiora,
1743 3083 1796 3124 et
1832 3089 2011 3126 recon-

2126 1992 2489 2046 asscntiamur
2524 1993 2668 2046 nulla
2714 2008 2817 2047 nos
2864 1995 3208 2048 adducunt
3247 2003 3533 2046 veterum
3583 1994 3795 2047 testimo-

2124 2083 2245 2146 nia;
2295 2080 2404 2135 imo
2437 2097 2566 2135 vero
2604 2081 2878 2151 refragari
2932 2083 3142 2136 etiam
3175 2083 3476 2137 videntur
3506 2102 3519 2137 :
3553 2085 3794 2137 memorie

2123 2171 2321 2240 quippe
2360 2173 2541 2240 prodit
2591 2173 2867 2226 Eusebius
2911 2172 3280 2242 Origenem
3313 2175 3502 2228 etiam
3541 2186 3650 2226 tum
3691 2189 3791 2242 pue-

2122 2278 2240 2315 rum
2287 2262 2582 2318 Clementis
2623 2266 2942 2318 auditorem
2999 2265 3260 2332 fuisse;
3321 2277 3463 2336 post
3507 2267 3789 2321 Panhruum

2121 2363 2300 2406 autem
2331 2337 2722 2410 Alexandrina:
2765 2357 2991 2411 schola:
3052 2357 3481 2413 Clementem
3521 2361 3787 2427 przeluissc.

2119 2445 2353 2499 Docendi
2384 2446 2548 2514 igitur
2571 2463 2758 2501 curam
2795 2456 2934 2502 tunc
2969 2449 3306 2518 abjecerit
3334 2451 3663 2516 Pantmuus,
3691 2467 3786 2506 cum

2117 2535 2347 2602 primum
2380 2537 2656 2605 magistris
2685 2553 2822 2592 usus
2844 2549 2936 2592 est
2973 2539 3342 2610 Origenes.
3397 2543 3645 2597 Narrant
3669 2561 3780 2606 quo-

2117 2639 2220 2692 que
2249 2623 2744 2693 Magdeburgenses
2779 2627 2941 2681 Cent.
2975 2644 3076 2695 ut,
3131 2645 3196 2684 c.
3251 2631 3354 2695 10,
3421 2633 3577 2688 inter
3619 2650 3786 2704 przcre-

2116 2713 2591 2782 ptores'Origenis
2654 2716 2897 2769 llnillutn
2953 2724 3303 2777 recenseri
3357 2726 3436 2777 ab
3483 2723 3782 2795 Hieronymo

2117 2804 2166 2856 in
2211 2804 2464 2873 Apologia
2492 2808 2542 2857 in
2580 2805 2853 2873 (lu/iitum.
2894 2809 2986 2863 Ab
3017 2810 3249 2866 Iluillo
3284 2815 3534 2884 quidem
3558 2815 3779 2871 nonnulla

2115 2895 2374 2947 monitmn
2403 2895 2569 2948 luisse
2628 2896 2968 2964 Origenem,
3006 2916 3169 2968 quae
3221 2905 3300 2958 ad
3335 2907 3625 2960 veriorem
3670 2909 3780 2962 Stri-

2114 2994 2285 3051 pturte
2339 2984 2856 3052 interpretationem
2897 2992 3346 3060 pertinerent,
3381 3010 3588 3052 narrat
3622 2997 3776 3053 Hiero-

2112 3089 2306 3142 nymus
2337 3075 2429 3128 lib.
2464 3091 2504 3140 ι,
2537 3091 2658 3145 cap.
2693 3077 2752 3131 5.
2801 3079 2974 3144 Quod
3037 3085 3096 3138 si
3150 3101 3504 3158 praeceptor
3551 3093 3779 3146 dicendus

467 3152 606 3206 ditas
640 3153 933 3206 sententias
969 3154 1240 3220 evolvere,
1277 3144 1596 3224 patremque
1641 3162 1857 3215 assidua
1888 3179 2076 3247 per-C
2109 3172 2228 3227 est,
2285 3164 2374 3231 qui
2427 3177 2709 3218 errantem
2766 3169 3015 3224 meliora
3084 3144 3217 3240 pro
3287 3144 3564 3249 tempore
3635 3181 3775 3235 amice

466 3242 769 3297 conlatione
804 3245 1116 3299 lacessebat.
1143 3246 1220 3298 Ae
1247 3261 1472 3312 puerum
1511 3249 1720 3315 quidem
1751 3255 2008 3309 immode-

466 3343 581 3385 rata
611 3334 836 3401 quadam
883 3334 1077 3403 ingenii
1109 3334 1350 3387 ubertate
1388 3337 1812 3403 superﬂuentem
1851 3360 2005 3398 coer-

465 3423 637 3485 cebat,
668 3422 954 3491 palamque
993 3425 1322 3493 castigabat;
1353 3429 1444 3480 sed
1483 3427 1686 3482 felicem
1732 3433 2007 3488 nihilomi-

465 3528 565 3567 nus
585 3514 748 3566 animi
789 3516 1018 3569 calorem
1054 3517 1246 3570 tacitus
1284 3520 1553 3574 admirans
1583 3520 1816 3578 futurum
1843 3544 2007 3597 augu-

465 3603 686 3655 rabatur
715 3613 772 3656 ut
811 3608 876 3658 ad
911 3603 1110 3672 majora
1143 3609 1408 3676 aspiraret
1431 3609 1718 3679 aliquando
1743 3655 1758 3679 ,
1792 3617 2008 3687 ﬁlioque

463 3693 694 3746 nondum
729 3693 910 3761 puberi
943 3709 1149 3750 summa
1175 3700 1351 3750 omnia
1371 3699 1572 3767 judicio
1599 3718 1696 3757 suo
1722 3707 2003 3764 tribuebat.

462 3779 568 3834 Sed
595 3797 728 3850 quas
764 3784 990 3837 interdiu
1021 3787 1308 3842 blanditias
1351 3791 1638 3856 prudentia
1675 3805 1730 3847 et
1770 3803 2005 3864 gravitas

461 3873 858 3938 continuerunt,
891 3890 983 3928 eas
1019 3887 1174 3930 noctu
1207 3878 1412 3946 patrius
1444 3895 1598 3934 amor
1627 3887 1999 3954 exprimebat;

461 3959 642 4016 ferunt
685 3965 942 4032 siquidem
977 3967 1294 4023 dormientis
1327 3970 1626 4024 cubiculum
1663 3977 1813 4042 pueri
1861 3994 2002 4049 saepe

459 4050 757 4120 ingressum
789 4055 1024 4120 Patrem,
1077 4061 1331 4113 nudatum
1376 4061 1467 4112 lilii
1506 4073 1721 4129 pectus,
1753 4068 1830 4121 sic
1879 4079 2000 4122 tan-

461 4155 620 4210 quam
664 4144 877 4212 aliquod
935 4147 1168 4216 Spiritus
1215 4147 1384 4204 saneti
1438 4150 1764 4208 domicilium
1829 4156 1996 4212 fuisse

462 4233 861 4301 exosculatum,
913 4237 1124 4308 Deoque
1167 4251 1344 4313 grates
1396 4245 1590 4313 egisse,
1644 4253 1732 4319 qui
1783 4268 1840 4307 se
1890 4264 1995 4309 tam

460 4328 605 4383 felici
631 4332 779 4398 prole
806 4335 1063 4390 auxisset.

529 4417 593 4470 ν.
664 4419 773 4491 (15)
824 4421 1110 4492 Postquam
1168 4427 1482 4484 domesticis
1542 4436 1990 4504 prteceptiouibus

2111 3254 2434 3316 submonet,
2511 3256 2764 3320 profecto
2845 3261 3230 3332 quicunque
3313 3269 3537 3326 litteris
3615 3273 3776 3326 damus

2109 3359 2324 3412 operam
2365 3345 2534 3398 nostri
2568 3344 2807 3401 invicem
2853 3365 3303 3422 praeceptores
3338 3375 3572 3426 sumus,
3611 3364 3776 3432 quine

2109 3434 2198 3502 qui
2248 3450 2342 3488 nos
2383 3436 2613 3489 invicem
2668 3439 2904 3494 monitis
2948 3441 3274 3508 juvamus
3313 3463 3376 3504 et
3425 3455 3695 3518 Consiliis,
3733 3465 3776 3506 et

2167 3527 2306 3575 Hanc
2325 3523 2513 3576 veniam
2534 3524 2863 3592 petimusque,
2890 3531 3222 3601 damusque
3256 3539 3507 3592 vicissim
3540 3544 3657 3605 (l5).

2177 3618 2261 3671 VI.
2289 3617 2399 3670 Duo
2429 3633 2589 3686 porro
2619 3617 2710 3672 hic
2739 3621 2994 3677 videnda
3047 3640 3256 3697 sunt,
3321 3646 3525 3690 utrum
3581 3639 3773 3691 Ammo-

2108 3709 2250 3760 niqu
2277 3706 2878 3779 audiveritOrigenes;
2914 3723 3045 3769 tum
3077 3721 3396 3788 pluresne
3425 3728 3596 3795 hujus
3628 3729 3772 3780 nomi.

2105 3799 2192 3852 nis
2245 3811 2311 3850 ex
2358 3797 2635 3851 Atnmonii
2679 3799 2875 3855 schola
2925 3809 3356 3874 prodierint:
3392 3819 3523 3873 hmo
3579 3822 3712 3873 enim
3747 3835 3772 3869 δ

2103 3888 2238 3942 viris
2267 3878 2576 3941 eruditis‘in
2623 3898 2933 3960 utramque
2988 3911 3258 3966 partem
3308 3907 3611 3977 disputata
3652 3917 3769 3963 sunt.

2106 3981 2344 4034 Priorem
2394 3980 2752 4047 quaestionem
2812 3987 3007 4054 agitat
3066 3989 3403 4056 Barouius
3461 4003 3538 4058 ad
3595 4017 3768 4056 annum

2101 4070 2301 4124 Christi
2325 4069 2451 4132 254,
2487 4070 2796 4142 mirarique
2827 4091 2891 4129 se
2937 4079 3098 4134 dicit
3137 4088 3252 4154 qui
3309 4094 3528 4147 audire
3566 4095 3767 4147 Autum-

2101 4161 2246 4213 nium
2265 4161 2498 4228 potuerit
2523 4160 2790 4229 Origenes
2813 4164 3156 4228 Ammonio
3185 4178 3325 4233 fere
3353 4194 3536 4240 actate
3567 4200 3762 4254 supper,

2099 4261 2154 4304 et
2181 4251 2406 4303 aliorum
2439 4249 2556 4318 ipse
2589 4252 2937 4310 institutioni
2995 4272 3162 4320 ante
3201 4283 3442 4326 annum
3483 4249 3768 4330 astatis-tri-

2098 4432 2215 4492 bus,
2265 4438 2323 4482 ut
2367 4429 2610 4497 pluribus
2655 4419 3041 4499 probabimus
3096 4445 3309 4515 infra,
3367 4419 3500 4521 ij
3553 4419 3768 4526 graitdcs

455 4507 738 4562 roboratus
771 4512 980 4567 animus
1024 4516 1290 4583 publicam
1323 4519 1492 4574 lucem
1530 4538 1770 4590 querere
1807 4531 1987 4597 carpit,

458 4594 565 4616 [ιιι
617 4596 787 4616 Ριγγκ
840 4601 872 4616 ,ο
932 4605 978 4616 ιι
1145 4607 1206 4616 ..
1423 4610 1505 4616 ,λ
1700 4615 1708 4616 ,

2169 4530 2221 4573 tu
2254 4520 2353 4572 viri
2384 4521 2596 4576 scholas
2626 4521 3100 4599 l'requentarint;
3129 4547 3197 4591 et
3239 4499 3430 4613 hujus
3457 4499 3633 4616 ipsious
3655 4552 3768 4603 Αω.

456 4594 566 4664 (ﬂ)
616 4596 874 4654 Clementi
919 4605 1300 4672 Alexandrino,
1346 4611 1436 4678 qui
1473 4610 1710 4666 Pantaeni
1751 4594 1989 4672 scholam

453 4687 734 4754 regendam
765 4703 1102 4761 susceperat,
1154 4697 1206 4749 in
1250 4698 1582 4766 disciplinam
1627 4705 1853 4760 traditus
1885 4720 1987 4772 est,

453 4789 558 4843 quo
584 4777 838 4844 magistro
865 4788 1069 4836 tantum
1115 4787 1283 4841 valuit
1320 4788 1580 4858 ingeniosi
1627 4795 1984 4852 adolescentis

448 4865 789 4930 exercitatio,
837 4877 896 4921 ut
941 4881 1133 4937 praeter
1172 4877 1366 4929 artium
1419 4895 1696 4935 sacrarum
1745 4884 1982 4954 discipli-

446 4971 594 5023 nam,
637 4957 704 5012 ad
733 4971 890 5025 quam
925 4961 1300 5021 meditationes
1326 4965 1438 5024 fere
1467 4971 1736 5027 referebat
1773 4990 1975 5040 omnes,

463 5184 469 5191 Ι
657 5111 1036 5200 βμεεὺἛμὶεε.
1059 5125 1262 5200 eccles.‘._
1287 5124 1378 5181 lib.
1415 5144 1492 5195 vr,
1520 5144 1640 5200 cap.
1672 5132 1698 5185 1
1733 5143 1785 5188 et
1809 5135 1862 5189 2.

537 5185 622 5258 ᾗ)
666 5186 824 5258 Idem,
850 5186 942 5258 lib.
976 5203 1050 5258 vt,
1087 5205 1202 5258 cap.
1233 5195 1285 5250 6.

510 5253 622 5326 (14)
668 5254 916 5330 Clementi
962 5253 1335 5330 Aleae-iidrino,
1375 5272 1478 5318 etc.
1508 5265 1731 5324 Videtur
1772 5273 1826 5328 in
1877 5277 1976 5330 hac

442 5324 732 5397 Cletuerttis
771 5324 950 5397 schola
980 5326 1401 5396 condiscipulum
1440 5333 1691 5392 habuisse
1745 5324 1978 5397 Αιὶεχὶὶῖιί

442 5391 1141 5474 drum,Jerosolymitanum
1191 5391 1372 5474 postea
1420 5391 1724 5474 episcopum
1745 5391 1975 5474 ξ-ἶίῖ-Ῐιῆι

441 5464 859 5524 Sanctissimum,
891 5475 1048 5531 quem
1082 5467 1404 5518 acerrimum
1445 5464 1636 5526 deinde
1679 5464 1971 5534 suidercn;

441 5546 614 5606 sarem
661 5541 911 5606 expertus
955 5540 1056 5606 e__s_t.
1087 5535 1258 5588 Ambo
1303 5535 1461 5606 enirn
1495 5544 1632 5606 apud
1685 5545 1968 5602 Eusebium

445 5597 584 5651 Hist.
637 5597 919 5655 ecclesiast.
972 5601 1061 5670 lib.
1114 5617 1188 5664 vr,
1230 5617 1348 5670 cap.
1402 5604 1489 5658 M.
1529 5597 1976 5670 ἀιειιιέιίὶὁᾷῗῦὶ

445 5679 755 5730 parentem,
791 5679 843 5723 ct
876 5669 1171 5725 conciliata:
1219 5669 1358 5725 inter
1395 5688 1452 5726 se
1502 5681 1751 5735 amicitia:
1790 5669 1975 5738 aucto-

447 5747 554 5787 rem
589 5751 895 5805 agnoscunt.
929 5739 1121 5795 Eodem
1152 5741 1350 5796 honore
1400 5752 1454 5797 ut
1489 5750 1800 5813 magistrum
1857 5769 1950 5808 oro

2095 4609 2262 4662 monii
2299 4609 2593 4678 discipulus
2631 4610 2914 4680 Plotinus,
2953 4621 3031 4674 ad
3075 4640 3232 4681 eum
3281 4609 3648 4692 audiendum
3684 4654 3766 4690 au-

2092 4715 2188 4753 nos
2220 4700 2405 4769 viginti
2439 4710 2560 4754 octo
2617 4713 2782 4759 natus
2846 4723 2966 4764 non
3034 4732 3419 4792 accesserit,
3485 4748 3762 4801 annosque

2090 4807 2210 4843 enm
2244 4791 2488 4844 undecim
2539 4793 2814 4848 audiverit
2851 4815 2866 4850 :
2913 4810 3096 4870 quasi
3138 4791 3618 4877 catechumenis
3645 4791 3757 4876 ﬁuci

2089 4881 2404 4934 Christiana:
2462 4883 2768 4937 rudimenta
2835 4895 3120 4966 tradere,
3201 4917 3272 4961 et,
3328 4915 3758 4979 gmnuuaucam

2096 4975 2309 5044 publice
2331 4971 2572 5041 proliteri
2601 4989 2708 5060 non
2737 4987 3000 5045 potuerit
3034 4971 3395 5066 Origenes;
3444 5006 3569 5074 ipse
3602 5007 3762 5060 succi-

2084 5133 2690 5235 59‘t‘.“'.".‘:”;.‘.’.i.".f'.‘."11;
2725 5139 3142 5235 ἓίὲἔδμρυιειη
3201 5167 3376 5226 quod
3429 5169 3628 5235 obiici:
3661 5168 3757 5221 cta-

2083 5205 2692 5294 risemusttwius.“
2730 5208 2987 5294 Ensebio
3033 5205 3384 5294 orsa-arar.
3429 5205 3749 5289 2:125:57.

2083 5291 2329 5372 pueru'tn.
2350 5277 2644 5372 ClItBItIf'lliif
2687 5279 3010 5372 a’uditorem
3060 5277 3271 5372 fuisse
3285 5277 3521 5372 ξ”“ρ⁴;’δῖ

2075 5361 2200 5441 ιιιιιιι
2247 5354 2424 5396 autem
2474 5343 2866 5441 Alefa't'td'rina:
2904 5343 3581 5441 seliolzfaicvtéuémén‘,

2074 5411 2127 5512 ξιι
2137 5415 2277 5512 isse,
2287 5414 2603 5512 “res'p'o'nrd‘et
2713 5416 2972 5502 llemonti
2984 5440 3050 5479 us
3088 5427 3175 5483 Pa

2085 5482 2136 5533 in
2169 5482 2376 5566 Indiam.
2398 5480 2702 5566 profectum
2730 5501 2857 5542 esse
2885 5492 3045 5566 circa
3085 5480 3725 5566 a..‘.‘.‘[.‘.‘.i"i£i§ri§ii'i83

2079 5552 2956 5644 $391-5!"i'i‘fi'llfiii‘fiﬂﬁ’.3"“
3013 5565 3370 5644 Origenes.
3429 5587 3531 5636 seu
3579 5555 3740 5644 ίρειιιιξ

2079 5620 2989 5722 meaemeae-ras.sese.
3123 5620 3328 5722 δεδέξῖ
3353 5620 3738 5722 infestari:

2087 5692 2136 5739 ιιι
2159 5687 2412 5772 ξιιμ-199.
2451 5691 2635 5772 script.
2659 5687 2988 5762 καθάπαξ
3019 5687 3310 5772 cap:

2156 5755 2266 5819 (l5)
2301 5755 2485 5812 llorat.
2529 5760 2603 5814 De
2634 5775 2715 5815 art
2743 5775 2910 5837 μοιτίυ
2946 5755 3108 5826 vers:
