3846 6442
1261 436 1819 494 ORIGENIANORUM
1860 436 1984 491 LIB.
2027 438 2064 505 Ι,
2105 439 2251 495 CAP.
2295 439 2336 494 l.

791 550 861 590 m
940 549 1028 601 ad
1083 555 1411 608 audiendum
1458 556 1796 610 Amtnouitttn
1829 560 1872 614 Α
1903 555 2219 623 simpliciter
2251 557 2380 610 dicti
2407 575 2420 618 ;
2450 557 2677 612 alterum
2709 557 3159 630 Origenistarum,
3190 558 3280 627 qui
3310 559 3438 614 findi

48 508 93 556 tu
262 487 397 555 horis
444 520 690 582 δερηεί
705 533 779 583 ιη

71 611 128 661 an
207 586 571 678 ιδιιδὶιρτε.
607 610 665 666 Ν
823 586 859 590 ’⁷
940 586 1028 601 ““
1083 586 1411 608 ⁶¹““¹“³¹’““¹¹¹¹
1458 586 1796 657 ³ῗ,¹¹¹¹ζ⁸“¹¹¹¹¹¹,¹,¹¹

79 686 184 716 ,Νι
236 686 361 716 ΠΜ,
415 703 473 716 Α,
533 698 575 716 η
644 632 861 716 ,εξψιθ
903 650 1067 694 vero
1093 655 1212 712 post
1237 645 1534 716 Porphyrii,
1565 646 1797 703 Euschn,

109 698 780 806 ἒξζίνῗῖὶξξδιξίάεὲ
838 698 1281 799 testimonium,
1341 698 1476 806 'quin
1519 736 1798 789 Amntonio

95 763 214 830 hic?!
231 763 354 853 ἰς-ο
387 799 554 844 usus
582 795 673 851 sit
724 763 776 769 “
838 763 1268 835 ‘vauuutuiltutt

106 845 240 876 mm“
683 841 705 866 ν
744 819 981 874 Ροιθει
1007 821 1268 876 dubitari.

137 1012 244 1074 cuius
271 986 1058 1076 9_‘f°“"3‘f‘-_Derlractandi
1083 1003 1414 1055 commodum
1438 1004 1578 1056 nacti
1601 1004 1792 1065 locum,

159 1068 236 1146 asa
287 1068 770 1136 δίδνυιδὶὶῖιιὶιιε
840 1094 1081 1144 tantum
1125 1091 1377 1159 pluresne
1427 1093 1680 1160 Origenes
1730 1109 1794 1146 ex

167 1160 414 1230 Armenii
462 1163 682 1219 schola
721 1174 850 1226 orti
913 1179 1056 1241 sint,
1098 1181 1191 1234 sed
1235 1183 1300 1232 ab
1345 1196 1518 1234 unone
1551 1183 1708 1234 ctiam
1744 1191 1794 1242 et

174 1262 333 1315 eodem
367 1251 643 1323 Origene
679 1260 918 1332 duplex
952 1269 1382 1338 Origenistarum
1421 1273 1793 1326 haereticorum

176 1359 297 1404 secta
351 1347 633 1412 profecta
697 1355 816 1420 sit;
870 1367 996 1412 tun:
1037 1362 1194 1414 etiam
1239 1361 1582 1428 mnltiplexne
1639 1361 1794 1414 fuerit

161 1435 556 1492 Adamantius.
591 1436 722 1492 Per
757 1445 908 1500 mihi
955 1461 1086 1500 sane
1129 1446 1300 1514 placet
1345 1447 1555 1500 llenrici
1599 1445 1790 1500 Valesii

152 1525 446 1588 sententia.
480 1529 606 1582 viri
643 1533 1076 1593 ecclesiasticae
1096 1539 1246 1608 juxta
1282 1548 1334 1591 et
1369 1537 1606 1605 profante
1651 1538 1790 1600 anti-

129 1617 360 1690 quitatis
394 1615 696 1676 litterate
727 1629 932 1694 periti.
979 1629 1030 1684 Is
1068 1633 1118 1684 in
1147 1630 1432 1684 luculentis
1469 1630 1532 1682 ad
1581 1631 1790 1682 Eusebii

125 1705 454 1762 Historiam
492 1710 1008 1772 adnotationibus
1035 1721 1308 1788 geminum
1346 1718 1632 1784 Origcnem
1662 1720 1790 1771 Am-

106 1797 296 1854 Ιιιοηίο
318 1811 608 1864 Operam
642 1806 730 1857 ad
753 1809 1091 1862 audiendum
1110 1811 1318 1863 dedisse
1335 1811 1544 1871 scribit,
1568 1811 1788 1864 alterum

97 1888 564 1946 Adamantium
641 1909 958 1964 nostrum;
1015 1900 1274 1954 alterum~
1324 1900 1470 1952 illum
1526 1901 1615 1968 qui
1671 1917 1788 1954 cum

82 1976 410 2037 Herennio
434 1980 802 2046 etJPlotino
827 2003 857 2039 a
886 1988 1308 2058 condiscipulatu
1337 1989 1617 2055 conjuncte
1643 1990 1788 2051 vixit,

79 2083 133 2130 et
159 2071 354 2140 cujus
405 2070 755 2140 frequens
803 2078 1044 2130 occurrit
1074 2081 1274 2130 mentio
1316 2079 1368 2130 in
1435 2077 1548 2130 Vita
1591 2079 1790 2131 Plotini

72 2183 102 2220 τι
128 2161 536 2233 Porphyrio
566 2166 949 2234 conscripta,
975 2167 1100 2219 etin
1129 2167 1251 2221 libri
1279 2169 1353 2220 De
1374 2168 1475 2236 ﬁne
1495 2183 1522 2219 a
1553 2168 1789 2237 Longino

76 2251 402 2312 lucubrati
447 2251 859 2322 fragmento,
908 2256 1049 2322 quod
1080 2257 1201 2310 huic
1243 2257 1339 2324 ipsi
1391 2255 1520 2309 Vitw
1553 2256 1789 2327 Porphy-

72 2352 200 2407 rius
233 2346 599 2402 intexuit.
643 2345 928 2400 Rationes
951 2346 1145 2414 quibus
1177 2347 1228 2400 id
1258 2349 1446 2401 astruit
1483 2349 1565 2400 vir
1602 2349 1790 2402 doctus

73 2442 246 2500 brevi
295 2435 777 2504 complectar.
802 2437 1180 2490 Adamantium
1206 2437 1488 2506 Origene"!
1517 2439 1785 2493 Αιιηιιοηίί

77 2535 458 2590 auditorem
492 2527 780 2580 multam
803 2544 867 2580 ex
900 2529 1116 2595 scriptis
1139 2529 1276 2595 apud
1302 2537 1544 2594 posteros
1564 2529 1784 2596 gloriam

85 2629 288 2681 fuisse
314 2628 779 2674 consecutum
810 2636 840 2673 a
873 2617 1170 2688 Porphyrio
1207 2625 1346 2687 apud
1394 2623 1588 2676 Euseb.
1643 2622 1780 2678 llist.

99 2719 210 2772 lib.
243 2729 334 2774 τι.
369 2724 546 2777 cap.
589 2709 704 2772 i9,
750 2709 1006 2763 traditum
1030 2719 1111 2763 est
1141 2727 1157 2777 ;
1184 2719 1239 2762 at
1264 2710 1542 2779 Origenem
1565 2713 1784 2768 alterum

103 2805 340 2864 νιοιῖῃὶ
369 2801 696 2854 sodalem
756 2801 891 2852 nihil
924 2810 1120 2868 praater
1149 2801 1382 2855 libellum
1437 2804 1510 2857 De
1544 2807 1787 2859 demoni-

121 2901 230 2950 διες
254 2893 581 2958 scriptum
634 2889 937 2957 reliquisse
961 2890 1153 2944 docent
1183 2893 1341 2945 iidem
1370 2892 1689 2963 Porphyrius
1734 2905 1788 2950 et

123 2977 475 3053 Longinus.
547 2979 987 3048 imperantibus
1025 2992 1289 3047 pra-terea
1339 2981 1494 3035 Gallo
1537 2995 1589 3036 et
1631 2985 1786 3037 Volu-

140 3087 330 3138 siano
357 3077 694 3144 Origenem
734 3088 858 3126 eum
882 3111 897 3137 ,
935 3074 1022 3141 qui
1082 3074 1428 3128 Adamantius
1477 3087 1778 3145 usurpatur,

143 3181 492 3226 ert-eniam
535 3165 833 3219 clausisse
863 3162 1006 3217 diem
1040 3163 1216 3231 prodit
1247 3163 1545 3230 Eusebius;
1599 3166 1784 3236 Orige-
1814 3186 1853 3241 ο

153 3285 306 3324 nem
345 3279 475 3320 vero
524 3264 784 3316 alterum
829 3260 934 3312 sub
972 3258 1221 3312 Gallieno
1262 3259 1452 3312 librum
1503 3263 1784 3328 quemdam

149 3359 508 3413 elaborasse
537 3353 599 3404 in
637 3351 836 3402 eadem
878 3345 1078 3400 Plotini
1096 3347 1234 3416 ,Vitn
1263 3349 1515 3416 scriptum
1546 3349 1784 3420 Porphy-

151 3446 297 3497 rius
373 3440 634 3507 reliquit.
691 3436 905 3500 Quibus
961 3434 1176 3487 tertium
1242 3435 1369 3487 illud
1416 3447 1782 3504 argumentum

145 3534 357 3586 addo.
392 3527 703 3598 Origenem
739 3524 1119 3577 Adamantium
1148 3523 1425 3577 sibi-valde
1463 3526 1782 3580 adolescenti

149 3624 489 3694 cognitum
546 3619 857 3688 aliquando
924 3615 1091 3669 fuisse
1151 3615 1477 3684 Porphyrius
1530 3618 1779 3680 tradidit;

142 3713 341 3786 quod
393 3727 506 3765 non
541 3711 784 3764 dixisset
828 3707 1090 3775 proiecto,
1145 3706 1190 3758 si
1241 3706 1486 3758 diuturna
1525 3707 1622 3760 sibi
1661 3723 1781 3760 cum

137 3807 264 3862 ilo
300 3810 380 3857 et
417 3809 691 3855 constans
739 3793 1144 3848 intercessisset
1189 3793 1521 3845 necessitudo
1553 3807 1566 3841 :
1600 3791 1786 3860 Orige-

136 3896 262 3951 nis
300 3901 520 3945 autem
561 3887 796 3940 alterius
835 3885 1024 3936 Romae
1067 3879 1486 3948 condiscipulum
1522 3891 1577 3934 et
1607 3896 1783 3947 aequa-

69 3969 74 3974 ’
129 3989 277 4043 lem
314 3984 516 4037 misse
539 3978 910 4049 Porphyrium
937 3973 1206 4028 memoria:
1237 3972 1466 4041 prodidit
1491 3971 1777 4040 Eunapius.

121 4077 332 4132 Sane
400 4071 686 4140 imperium
733 4073 951 4122 tenente
994 4063 1242 4131 Philippo
1273 4063 1374 4116 iter
1398 4061 1620 4115 Romam
1651 4076 1776 4114 neu-

125 4168 434 4235 tiquam
466 4160 776 4230 suscepisse
803 4154 1087 4224 Origenem
1113 4153 1510 4218 Adamantium,
1530 4161 1584 4204 et
1617 4151 1780 4205 Roma

121 4257 447 4314 omnino
476 4269 571 4323 per
616 4252 671 4304 id
721 4259 933 4316 tempus
973 4244 1208 4299 abfuisse
1261 4244 1616 4298 certissimum
1651 4251 1778 4307 est;

121 4362 270 4402 nec
311 4346 489 4399 enim
524 4353 631 4394 tam
658 4339 878 4407 longam
915 4334 1395 4403 peregrinationem
1421 4330 1673 4386 credibile
1697 4339 1780 4385 est

119 4434 437 4493 silentio
482 4431 650 4486 fuisse
680 4426 1144 4498 praetermissuros
1175 4423 1462 4477 Eusebium
1497 4433 1550 4476 et
1577 4421 1788 4475 Hiero-'

3338 441 3439 496 01?.

1897 645 2254 712 cognominati
2310 654 2467 708 sunt,
2497 647 2791 714 principem
2820 658 2874 703 et
2909 649 3342 714 antesignanum.
3375 645 3432 700 ld

1897 733 2065 788 miror
2101 745 2300 788 temere
2333 736 2616 791 nonnullos
2652 738 2950 803 alllrmare,
3007 739 3148 808 quod
3191 737 3438 806 ignorare

1897 838 1954 879 se
1987 832 2214 878 testatur
2243 825 2570 894 Epiphanius
2594 829 2826 892 scriptor
2859 829 3343 897 locupletissimus,
3384 835 3438 880 ct

1896 916 2171 984 proximus
2205 925 2502 983 temporum
2547 915 2778 969 illorum.
2824 918 3103 986 Epiphanii
3147 920 3309 971 verba
3340 931 3434 986 pa-

1897 1022 2012 1058 rum
2045 1005 2256 1058 sincere
2289 1006 2518 1057 reddidit
2563 1007 2934 1074 Augustinus.:
2968 1022 3087 1059 cum
3137 1007 3279 1058 enim
3311 1021 3438 1057 con-

1896 1097 2062 1164 ceptis
2096 1098 2270 1149 verbis
2303 1098 2511 1149 nescire
2555 1111 2611 1146 sc
2645 1097 2916 1162 professus
2963 1097 3155 1151 fuisset
3200 1097 3434 1165 Epipha-

1895 1185 2016 1238 nius
2059 1186 2188 1240 haer.
2218 1187 2306 1245 65,
2339 1201 2453 1253 cap.
2495 1186 2546 1245 l,
2591 1195 2644 1237 et
2679 1187 2804 1237 liter.
2851 1185 2937 1245 04,
2987 1201 3104 1252 cap.
3139 1187 3191 1247 5,
3249 1202 3314 1240 an
3366 1190 3434 1242 ab

1893 1276 2210 1328 Adamantio
2235 1275 2484 1344 Origene,
2535 1290 2603 1326 an
2645 1275 2710 1326 ab
2744 1275 2848 1326 alio
2889 1275 3079 1340 impuri
3124 1276 3435 1346 Origenista:

1895 1368 2166 1434 prOpagati
2216 1368 2345 1428 sint,
2395 1368 2504 1419 hare
2541 1371 2610 1419 ita
2661 1367 2891 1420 reddidit
2946 1367 3295 1434 Augustinus,
3335 1369 3429 1422 lib.

1896 1454 1971 1506 De
2019 1458 2171 1515 Ιιίῑνν..
2232 1471 2348 1523 cap.
2393 1456 2482 1518 42,
2530 1457 2828 1527 Origeninni
2867 1474 2897 1508 a
2943 1457 3166 1526 quodam
3215 1456 3434 1526 Origene

1893 1546 2021 1597 dicti
2051 1556 2166 1597 sunt
2191 1585 2206 1608 ,
2247 1562 2345 1598 non
2380 1547 2442 1598 ab
2487 1547 2578 1616 illo
2608 1548 2696 1616 qui
2729 1546 2834 1614 fere
2871 1547 3106 1600 omnibus
3151 1555 3301 1600 notus
3335 1557 3431 1609 eu,

1892 1636 1980 1687 sed
2008 1635 2072 1686 ab
2099 1635 2204 1688 alio
2237 1637 2404 1688 nescio
2441 1653 2562 1704 quo,
2591 1637 2653 1688 de
2698 1653 2798 1704 quo
2838 1635 2912 1688 vel
2945 1635 3286 1688 sectatoribus
3321 1635 3432 1702 ejus

1894 1724 2217 1791 Epiphanius
2273 1726 2508 1793 loquens,
2541 1725 2958 1807 etc..Vitiatam
3015 1727 3082 1778 ab
3136 1725 3434 1794 Augustino

1892 1810 2218 1861 sententiam
2299 1825 2430 1863 nova
2499 1811 2809 1865 accessione
2872 1811 3090 1865 foedavit
3153 1812 3431 1878 Augustini

1891 1899 2079 1953 simius
2110 1897 2474 1952 Prwdestinati
2512 1910 2719 1962 auctor,
2767 1915 2922 1967 quem
2979 1902 3146 1958 edidit
3189 1900 3432 1954 Sirmon-

1891 1993 1986 2044 dus
2012 2008 2027 2054 ;
2055 1994 2133 2044 sic
2159 1993 2298 2044 enim
2333 1993 2567 2058 scripsit,
2597 1992 2726 2046 hazr.
2760 1992 2865 2046 42:
2893 1992 3358 2058 Quadragesimam
3379 1999 3428 2043 et

1889 2081 2165 2132 secundum
2200 2082 2434 2133 Iiwresim
2472 2079 2772 2147 Origeniani
2805 2079 3194 2139 indicaverunt,
3229 2095 3260 2129 a
3295 2093 3428 2146 quo-

1890 2171 2011 2222 dam
2063 2167 2303 2238 Origene,
2350 2187 2452 2222 non
2477 2170 2566 2222 illo
2614 2170 2702 2238 qui
2734 2171 2841 2237 fere
2873 2169 3108 2220 omnibus
3135 2177 3287 2220 notus
3331 2176 3427 2227 est,

1887 2261 1976 2313 sed
2027 2261 2131 2314 alio
2165 2259 2306 2329 Syro
2341 2263 2568 2328 quodam
2613 2260 3032 2316 sceleratissimo.
3087 2258 3261 2312 Verba
3321 2258 3432 2312 ha'c

1885 2349 2186 2414 Augustini,
2218 2348 2323 2402 Sed
2351 2351 2413 2400 ab
2443 2349 2550 2402 alio
2575 2352 2746 2404 nescio
2770 2366 2893 2418 quo,
2935 2349 3145 2401 videtur
3174 2347 3303 2401 falsa
3331 2347 3432 2400 hac

1885 2438 2118 2492 lcetione
2145 2439 2464 2506 depravasse
2497 2457 2508 2490 ε
2541 2439 2646 2493 Sed
2679 2441 2782 2491 alio
2823 2440 2957 2508 Syro
2991 2439 3234 2505 quodam.
3287 2436 3429 2492 Idem

1886 2529 2060 2595 capite
2107 2511 2351 2595 sequenti
2396 2528 2560 2580 alium
2597 2529 2752 2581 nobis
2779 2529 3013 2581 obtrudit
3037 2525 3321 2593 Origenem
3364 2523 3432 2590 ab

1883 2616 2199 2669 Adamantio
2233 2625 2419 2668 nostro
2449 2615 2740 2675 diversum,
2791 2616 3096 2679 dogmatum
3121 2625 3305 2664 eorum
3339 2625 3433 2662 au-

1884 2715 2084 2758 ctorem
2109 2719 2335 2770 quorum
2362 2703 2730 2755 Adamantium
2769 2700 3095 2768 Epiphanius
3137 2696 3430 2752 accusavit.

1885 2791 2220 2860 Sophronius
2246 2789 2726 2857 Jerosolymitanus
2749 2789 2815 2840 ab
2843 2788 3140 2856 Epiphanio
3160 2786 3431 2849 inductus,

1884 2883 2152 2952 geminum
2187 2896 2399 2950 quoque
2432 2880 2717 2948 Origenem
2740 2918 2755 2942 ,
2789 2878 3017 2930 alterum
3048 2876 3429 2942 antiquiorem.

1883 2969 2263 3022 Adamantium
2293 2969 2518 3020 alterum
2568 2973 2954 3018 commemorat
3005 2965 3057 3016 in
3101 2963 3328 3031 epistola
3364 2964 3431 3017 ad

1886 3059 2132 3126 Sergium
2173 3077 2185 3111 :
2228 3059 2369 3126 quod
2399 3057 2771 3110 observatione
2811 3070 2904 3109 sua
2939 3055 3155 3123 dignum
3199 3051 3422 3108 Pbotius

1885 3148 2215 3201 existimavit
2244 3148 2362 3200 cod.
2399 3147 2524 3200 ‘251.
2574 3144 2627 3197 ln
2680 3146 2863 3199 eadem
2899 3159 3056 3197 causa
3087 3152 3167 3196 est
3191 3140 3428 3195 Joatuics

1889 3238 2247 3291 Damasccnus
2280 3238 2330 3289 in
2367 3237 2488 3289 libr.
2533 3235 2606 3288 De
2640 3235 2874 3288 Iurresib.
2925 3232 3190 3301 geminum
3223 3233 3428 3298 [lugens

1887 3328 2196 3396 Origenem,
2221 3331 2362 3382 unde
2393 3329 2632 3396 duplices
2659 3327 2766 3380 orti
2797 3325 2902 3377 sint
2935 3323 3250 3390 Origenista:
3278 3322 3424 3385 ﬁndi,

1885 3429 1937 3472 et
1972 3419 2277 3472 Adamantii
2309 3427 2625 3471 sectatores.
2653 3415 2828 3482 Atque
2851 3414 2978 3466 item
3022 3410 3194 3464 Guido
3220 3423 3428 3463 carme-

1883 3511 2000 3572 lita,
2027 3509 2272 3563 Elneusis
2292 3509 2597 3574 episcopus,
2623 3505 2712 3573 qui
2749 3506 3056 3572 tigmentum
3092 3501 3232 3553 idem
3280 3499 3420 3552 arri-

1880 3602 1997 3671 puit
2023 3601 2072 3654 in
2106 3599 2322 3654 Summa
2349 3599 2614 3651 delatores.
2661 3599 2837 3664 Atque
2870 3595 2942 3646 ita
2987 3593 3161 3646 duone
3196 3592 3426 3644 exstite-

1881 3694 1991 3744 rint
2021 3690 2281 3760 Origenes
2323 3688 2749 3758 Origeuistarum
2780 3684 3052 3752 principes
3097 3677 3428 3734 addubitavit

1879 3779 2240 3846 Epiphanius;
2282 3783 2664 3830 asseverarnnt
2703 3773 3052 3842 Augustinus,
3095 3767 3425 3836 Sophronius

1879 3879 1933 3922 et
1970 3869 2204 3922 Joannes
2243 3867 2652 3931 Damascenus;
2695 3874 2802 3920 tres
2840 3872 3015 3915 autem
3059 3860 3212 3913 ﬁnxit
3235 3868 3425 3913 auctor

1879 3957 2272 4020 Praedestinati,
2309 3957 2544 4022 scriptor
2575 3969 2842 4022 nequam,
2875 3963 2932 4005 ut
2957 3952 3036 4004 vel
3060 3966 3123 4004 ex
3150 3964 3212 4004 eo
3249 3948 3419 4017 conji-

1879 4052 1989 4104 cias
2043 4050 2182 4116 quod
2242 4048 2427 4099 eodem
2480 4047 2652 4112 capite
2706 4042 3036 4110 Pamphilum
3093 4050 3416 4109 martyrem.

1877 4141 2184 4208 episcopum
2247 4138 2531 4205 aliquando
2577 4135 2740 4188 fuisse
2797 4133 2975 4186 tradit.
3027 4131 3177 4197 Quod
3233 4139 3415 4182 autem

1877 4228 2206 4286 asseveravit
2234 4228 2580 4297 Augustinus,
2614 4224 2826 4294 negavit
2856 4224 2908 4275 id
2935 4224 3132 4275 diserte
3156 4219 3416 4273 Bamnius

1877 4322 1942 4375 ad
1993 4337 2080 4374 an.
2123 4319 2250 4381 256,
2284 4328 2338 4378 et
2379 4333 2574 4371 causas
2601 4332 2695 4368 cur
2723 4314 2914 4383 duplex
2955 4312 3240 4381 ﬁngeretur
3298 4311 3418 4364 Ori-

1878 4425 2039 4480 genes
2096 4418 2248 4462 acute
2299 4405 2700 4476 pervestigavit.
2755 4403 3077 4454 Memoratus
3135 4415 3291 4468 porro
3349 4398 3416 4452 ab

117 4489 438 4586 ;;'mum
473 4542 487 4578 :
519 4531 574 4576 at
601 4489 895 4583 Origenem
924 4515 1150 4568 alterum
1195 4517 1258 4567 ad
1291 4513 1552 4567 Plotinum
1593 4511 1636 4564 Β

1896 4500 2115 4568 Ξωκιρῑο
2145 4499 2197 4549 in
2239 4496 2274 4546 γ
2281 4499 2352 4548 ita
2387 4493 2671 4561 Porphyrii
2697 4492 2955 4560 Origenes
2978 4490 3066 4544 ille
3099 4505 3256 4558 quem
3279 4489 3415 4542 dixi-

122 4628 296 4671 ιυσι
395 4613 446 4666 in
505 4611 711 4667 scholis
782 4606 991 4674 publice
1066 4605 1416 4658 disserentem
1481 4600 1772 4654 accessisse

113 4714 412 4759 auctor
449 4710 527 4755 est
561 4701 703 4754 idem
733 4693 1087 4763 Porphyrius.
1138 4692 1190 4744 Id
1231 4691 1274 4744 si
1309 4686 1773 4741 animadvertisset

114 4799 224 4852 Ba
241 4793 482 4848 ronius
506 4791 640 4863 (l6),
679 4803 854 4856 neque
899 4797 1084 4839 contra
1133 4779 1348 4835 Eusebii
1380 4777 1537 4830 ﬁdem
1579 4775 1769 4844 Orige-

103 4900 312 4940 ἰω
395 4879 792 4940 Adamantium,
845 4888 1000 4942 quem
1053 4871 1120 4923 ab
1169 4869 1274 4923 alio
1336 4881 1438 4920 nou
1507 4865 1768 4930 distinxit,

104 4972 454 5031 secundo
488 4973 720 5025 Romam
753 4965 951 5019 abiisse
987 4962 1050 5015 ad
1084 4960 1380 5014 Fabianum
1423 4970 1610 5024 papam
1645 4970 1771 5023 pur-

101 5063 378 5134 gandi
415 5064 484 5117 sui
520 5075 688 5115 causa
734 5055 1114 5123 excogitasset,
1170 5061 1346 5116 neque
1381 5045 1668 5098 Posscvino
1716 5053 1770 5096 et

101 5133 455 5208 Halloxio
498 5151 641 5205 idem
697 5156 754 5200 ut
815 5143 1096 5199 crederent
1140 5150 1366 5193 causam
1409 5133 1766 5202 praebuisset:

101 5249 274 5299 hoc
373 5243 509 5296 enim
539 5253 683 5295 unus
735 5236 824 5290 ille
879 5230 1154 5300 Porphyrii
1211 5227 1368 5278 locus
1409 5224 1522 5275 vito
1574 5235 1767 5288 inagno

93 5330 489 5402 persuasit.
519 5323 984 5394 Quemadmodum
1033 5325 1207 5371 autem
1240 5312 1377 5363 duos
1417 5309 1671 5378 Origenes
1706 5308 1762 5362 in

97 5399 386 5477 ianqu
414 5420 768 5475 confuderunt
795 5410 1052 5472 nonnulli,
1107 5408 1180 5459 ita
1235 5416 1305 5453 cx
1345 5415 1445 5452 uno
1476 5409 1528 5453 et
1569 5399 1760 5453 eodem

91 5513 439 5578 Origene
477 5507 744 5567 Leonida:
792 5504 898 5556 ﬁlio
927 5502 1054 5553 duos
1101 5495 1370 5560 Origenes
1410 5490 1494 5544 alii
1538 5489 1760 5544 cﬂinxe—

93 5607 332 5661 runt,
383 5609 564 5656 verum
598 5597 856 5654 alterum,
892 5605 920 5642 a
969 5601 1070 5656 quo
1112 5582 1220 5637 orti
1274 5589 1399 5634 sunt
1439 5578 1756 5650 Origenistte

209 5771 278 5842 ,ί
297 5766 377 5837 εί)
410 5776 617 5833 Baron.
654 5768 720 5823 ad
748 5781 830 5818 an.
860 5761 985 5831 248.,

1878 4605 2018 4652 mus,
2049 4587 2327 4656 Porphyrii
2367 4595 2422 4638 et
2450 4583 2640 4640 Amelii
2667 4580 3085 4647 condiscipulus,
3110 4580 3318 4633 idemne
3345 4579 3415 4631 sit

1877 4695 1940 4734 ac
1978 4678 2178 4730 sodalis
2223 4675 2314 4728 ille
2338 4673 2558 4736 Plotini,
2608 4687 2676 4724 an
2699 4672 2854 4734 alius,
2882 4686 2986 4724 non
3017 4671 3150 4730 satis
3198 4678 3410 4734 exstat;

1877 4783 1997 4822 nam
2033 4767 2124 4834 qui
2154 4781 2274 4818 cum
2313 4763 2517 4816 Plotino
2541 4761 2881 4814 Ammonium
2909 4759 3110 4812 audivit
3131 4757 3411 4826 Origenes,

1878 4857 2071 4912 Plotini
2109 4855 2326 4924 aequalis
2358 4851 2459 4905 fuit
2503 4862 2556 4905 et
2587 4851 2810 4912 amicus,
2856 4865 2954 4902 nec
2994 4849 3234 4902 doctrina
3278 4847 3414 4900 infe-

1881 4949 2003 5008 rior,
2035 4955 2093 4998 ut
2117 4947 2162 4998 ei
2190 4945 2252 4996 ad
2272 4959 2329 4997 se
2351 4942 2672 4996 audiendum
2693 4942 2825 4994 forte
2844 4939 3074 4994 venienti
3092 4939 3412 4992 erubescens

1874 5043 2174 5102 assurgeret
2224 5033 2482 5098 Plotinus,
2547 5046 2642 5085 nec
2678 5045 2856 5084 coram
2907 5043 2968 5082 eo
3021 5029 3184 5080 verba
3235 5025 3412 5082 facere

1875 5125 2164 5178 sustineret
2203 5141 2215 5175 :
2245 5132 2301 5174 at
2338 5121 2580 5175 laudatus
2611 5121 2682 5173 ab
2709 5118 2951 5187 Eunapio
2997 5114 3256 5184 Origenes
3281 5111 3412 5168 alter

1875 5213 2064 5268 Plotini
2102 5211 2336 5266 scholam
2377 5211 2586 5264 videtur
2633 5210 3006 5280 frequentasse
3033 5243 3048 5268 ,
3087 5203 3284 5272 quippe
3321 5201 3410 5267 qui

1873 5303 2157 5372 Porphyrii
2209 5313 2261 5355 et
2315 5301 2504 5354 Amelii
2561 5298 2739 5354 Roma:
2778 5292 3174 5360 condiscipulus
3231 5285 3410 5372 fuerit.

1871 5370 2100 5462 quorum
2125 5401 2410 5459 utrumque
2433 5389 2627 5443 Plotini
2655 5387 2957 5442 doctrinam
2986 5382 3166 5434 Romae
3184 5370 3416 5437 capessi-

1873 5485 2016 5539 Visse
2047 5491 2276 5538 constat.
2307 5481 2362 5534 Id
2388 5463 2431 5536 si
2466 5481 2553 5539 sit,
2588 5479 2847 5547 Origenes
2885 5475 3020 5526 duos
3050 5465 3391 5552 iisdenntem

1872 5575 2091 5646 poribus
2128 5589 2246 5630 cum
2283 5571 2491 5630 Plotiuo
2518 5570 2698 5627 Romae
2743 5555 3176 5632 coniunctissime
3214 5543 3424 5595 vixisse
