3846 6428
503 312 605 366 643

1717 302 1776 357 Ρ.
1817 303 2124 357 DANIELIS
2162 303 2391 360 HUETII

3739 299 3830 353 tiu

507 423 779 479 dicentium
823 428 923 479 est,
985 417 1208 471 alterum
1241 417 1356 485 ejus
1394 419 1836 485 condiscipulum,
1865 421 2021 473 dist-i-
2052 425 2095 478 Α
2127 430 2257 471 ltlszl‘
2300 432 2447 474 sunt.
2481 421 2832 472 Christianis
2890 417 3156 470 favebat
3200 410 3602 468 Alexandria!
3652 414 3832 469 nobilis

504 516 677 583 pulum
706 511 950 563 alterum.
987 506 1242 573 Quartum
1302 511 1365 563 ad
1408 511 1517 563 lltl‘c
1564 512 1872 577 Origenem,
1920 509 2022 562 Αἰ-

502 601 729 670 gyptium
763 609 812 650 et
849 599 1039 665 ipsum,
1100 609 1258 665 atque
1309 600 1490 651 itidem
1535 602 1926 668 presbyterum,
1970 610 2025 652 et

498 686 758 743 Ammonii
788 686 1003 738 alterius
1035 688 1285 749 sodalem,
1331 703 1511 739 verum
1550 689 1870 741 Adamantio
1896 687 2022 743 Ori-

497 793 627 845 gene
659 777 1030 837 recentiorem,
1063 787 1116 827 et
1159 778 1450 829 Athanasio
1493 778 1854 831 Alexandrino
1907 779 2023 846 συνί-

496 881 656 933 scopo
672 881 927 927 cozevum,
950 881 978 916 a
1001 865 1230 917 Palladio
1254 866 1303 918 in
1328 867 1600 920 Lausiacis
1654 878 1707 919 et
1726 868 2023 937 Nicephoro

496 954 699 1010 Callisti
758 964 1232 1007 commemoratum
1281 957 1471 1006 addam
1522 973 1535 1007 :
1584 957 1811 1024 reliquos
1868 956 2021 1022 hujus

496 1043 723 1096 nominis
748 1042 1099 1095 litteratorum
1129 1043 1410 1112 diligentite
1447 1045 1837 1111 investigandos
1862 1047 2022 1099 relin-

493 1147 672 1200 quam.
706 1131 1012 1185 Cautionem
1038 1142 1288 1197 prater-ea
1314 1149 1342 1184 a
1381 1135 1629 1188 studiosis
1657 1137 1894 1189 adhiberi
1928 1151 2019 1188 ve-

491 1224 606 1288 lim,
640 1239 704 1277 ne
729 1223 1147 1292 quotiescunque
1169 1226 1469 1279 Adamantii
1494 1227 1690 1279 mentio
1716 1228 1766 1277 in
1794 1227 2020 1292 scripto-

492 1316 641 1369 ribus
684 1316 1065 1370 ecclesiasticis
1097 1317 1326 1381 inridet,
1368 1320 1608 1370 eumdem
1658 1321 1834 1370 statim
1880 1320 2021 1371 hunc

492 1406 818 1459 arbitrentur
855 1420 973 1459 esse
1018 1421 1081 1459 ac
1118 1406 1402 1477 Origenem
1432 1426 1446 1462 :
1479 1409 1527 1460 id
1575 1409 1713 1461 enim
1763 1410 2015 1470 nominis,

490 1504 682 1560 prauer
720 1494 870 1556 alios,
902 1496 1108 1547 auctori
1139 1496 1345 1548 cuidam
1378 1496 1678 1550 Christiano
1710 1498 1826 1559 fuit,
1860 1515 2015 1565 quem

491 1583 558 1635 ab
586 1581 814 1649 Origene
852 1584 1373 1651 caute‘distingueus
1405 1584 1790 1647 Theodorctus,
1820 1590 2017 1640 utrius-

488 1687 591 1740 que
637 1673 847 1739 scriptis
886 1672 951 1724 ad
985 1674 1366 1726 contexendam
1399 1672 1766 1727 haereticarum
1807 1674 2017 1727 fabula-

492 1777 606 1815 rum
632 1762 895 1828 epitomen
923 1775 1071 1813 usum
1099 1776 1157 1813 se
1183 1776 1284 1813 non
1316 1761 1476 1813 semel
1514 1764 1808 1829 profitetur.

551 1851 663 1904 Vlll
720 1850 829 1919 (Π)
866 1849 1132 1905 Decimum
1170 1850 1280 1904 fere
1319 1860 1370 1904 et
1405 1853 1685 1917 septimum
1715 1853 1887 1905 aetatis
1917 1867 2015 1904 θηο-

488 1955 613 1992 num
662 1950 907 2010 exegerat
951 1940 1242 2009 Origenes,
1291 1957 1409 1995 cum
1462 1942 1656 1997 Christi
1725 1943 2016 1996 Ecclesiam

486 2029 659 2082 modis
678 2032 927 2084 omnibus
951 2045 1155 2085 vexare
1173 2047 1449 2101 aggressus
1481 2041 1562 2085 est
1591 2034 1819 2086 Severus
1850 2034 2017 2101 impe-

488 2133 651 2177 rator.
684 2122 813 2174 Cum
841 2122 981 2175 enim
1017 2138 1110 2190 per
1139 2132 1301 2175 totum
1346 2125 1525 2175 orbem
1569 2139 1687 2177 sese
1713 2126 2015 2179 Christiana

487 2211 617 2265 fides
645 2211 955 2273 elfundcret,
1004 2212 1204 2264 veritus
1253 2212 1444 2280 quippe
1488 2222 1567 2266 est
1606 2215 1686 2265 vir
1730 2225 1918 2269 cautus
1951 2231 2016 2270 ac

486 2301 709 2365 diligens
742 2317 805 2352 ne
833 2301 955 2354 hinc
978 2300 1151 2368 aliqua
1180 2303 1455 2354 exsisteret
1489 2318 1660 2353 rerum
1715 2306 2011 2359 conversio.

482 2390 603 2444 Toti
632 2391 809 2458 itaque
858 2390 1108 2444 Ecclesia:
1143 2392 1331 2443 bellum
1377 2402 1525 2444 atrox
1558 2394 1757 2446 indixit.
1787 2393 2014 2463 Egypto

484 2491 613 2535 tunc
644 2490 871 2549 praeerat
900 2498 1017 2535 cum
1050 2482 1268 2549 imperio
1292 2483 1489 2546 Lmtus,
1508 2483 1593 2550 qui
1624 2494 1679 2535 ιιι
1708 2486 2009 2549 imperatori

434 2558 437 2561 v
485 2572 639 2625 iidem
669 2588 815 2625 suam
841 2580 1118 2639 praestaret
1146 2587 1206 2623 ac
1242 2573 1591 2639 diligentiam,
1625 2574 1676 2625 in
1728 2573 2013 2643 Egyptios

481 2660 811 2714 Christianos
838 2700 854 2723 ,
903 2658 993 2710 sed
1028 2660 1080 2711 in
1110 2648 1496 2712 Alexandrinos
1535 2662 1795 2726 praecipue
1842 2663 2011 2716 ferino

482 2752 584 2803 ritu
612 2751 867 2805 desatviit.
914 2750 1046 2803 Tum
1073 2766 1200 2806 vero
1226 2750 1510 2818 Origeuem
1554 2752 1735 2816 ingens
1771 2756 2007 2823 martyrii

479 2844 671 2911 cupido
700 2842 917 2896 incessit
941 2882 956 2904 ,
987 2842 1075 2911 qui
1103 2850 1181 2905 'se,
1208 2858 1326 2895 cum
1356 2843 1455 2896 hoc
1482 2842 1714 2907 fecisset,
1741 2846 2009 2913 egregium

477 2934 684 2989 scilicet
708 2935 828 2987 vitae
862 2933 1091 2987 fructum
1125 2933 1326 3001 cepisse
1363 2934 1741 2987 arbitrabatur.
1774 2935 2010 2989 Praesen-

2120 522 2171 560 et
2197 511 2449 574 opulenta
2483 511 2709 571 mulier,
2744 523 2804 562 et
2861 505 3278 561 facultatibus
3333 503 3469 554 suis
3520 500 3832 557 snblcvabat

2120 598 2310 666 inopes
2336 640 2350 661 ,
2388 602 2483 653 sed
2513 601 2883 653 orthodoxos
2937 600 3016 650 ab
3075 592 3407 648 hmreticis
3441 606 3655 661 parum
3691 601 3832 647 caute

2121 688 2466 741 discernebat
2502 707 2516 742 :
2547 705 2678 741 nam
2707 688 2964 741 Paulum
3002 684 3355 753 quemdam
3397 680 3828 743 Antiochenam,

2121 777 2258 829 inter
2285 778 2697 831 Alexandrinos
2734 776 3062 830 hereticos
3095 773 3353 841 primas
3384 778 3717 834 tenentem,
3740 786 3829 824 non

2119 868 2308 934 opibus
2348 868 2522 920 solum
2565 867 2709 920 fovit
2735 907 2754 931 ,
2790 867 2897 920 sed
2952 865 3120 918 domi
3181 862 3385 917 etiam
3428 869 3741 928 exceptum
3787 864 3829 915 in

2121 956 2281 1009 ﬁlium
2313 956 2619 1023 adeptavit.
2648 954 2929 1023 Origenis
2965 954 3070 1006 illa
3114 964 3388 1019 quoque
3431 964 3640 1002 casum
3692 950 3830 1003 misc-

2120 1053 2229 1095 rata
2257 1082 2272 1105 ,
2301 1046 2453 1111 pueri
2510 1044 2884 1111 languescere
2941 1056 3067 1094 non
3105 1039 3271 1093 sivit
3337 1036 3707 1089 industriam
3732 1075 3747 1099 ,
3786 1049 3828 1088 et

2119 1133 2361 1184 animum
2392 1132 2607 1183 inculttt
2650 1142 2886 1197 torpere
2914 1170 2932 1191 ,
2971 1130 3083 1182 sed
3141 1128 3354 1189 victu,
3387 1126 3740 1191 ceterisque
3765 1141 3827 1176 re-

2122 1222 2217 1272 bus
2263 1224 2551 1273 commode
2605 1232 2661 1273 et
2716 1222 3055 1274 liberaliter
3116 1219 3381 1272 habuit.
3453 1216 3599 1270 Inde
3633 1217 3826 1281 Origeui

2119 1310 2291 1376 aliqua
2313 1327 2435 1363 cum
2468 1311 2640 1365 Paulo
2669 1313 3005 1366 intercessit
3040 1309 3500 1364 consuetudo:
3526 1307 3633 1359 sed
3660 1322 3825 1375 quam-

2118 1401 2199 1451 vis
2225 1402 2289 1451 ad
2325 1401 2466 1454 hunc
2500 1412 2730 1470 propter
2771 1402 3212 1471 eloquentiam
3261 1402 3560 1453 homines
3595 1415 3702 1451 non
3738 1400 3821 1451 ba:-

2119 1493 2270 1543 retici
2307 1491 2508 1551 modo,
2566 1494 2661 1545 sed
2714 1494 3039 1546 orthodoxi
3104 1492 3317 1544 etiam
3382 1499 3820 1549 concurrerent,

2118 1594 2388 1647 nunquam
2436 1582 2634 1634 adduci
2689 1583 2881 1650 potuit
2939 1582 3275 1651 Origenes
3324 1591 3398 1633 ut
3452 1583 3819 1647 precatiouum

2120 1686 2240 1721 (‘tltlt
2269 1686 2338 1724 eo
2370 1672 2722 1726 consociaret
2758 1687 2932 1725 usum
2969 1712 2987 1736 ,
3047 1672 3233 1737 quod
3300 1669 3604 1723 Ecclesia:
3646 1670 3821 1739 legibus

2051 1734 2095 1789 Β
2124 1760 2344 1812 vetitum
2372 1776 2493 1814 esse
2529 1762 2889 1814 meminerat.
2954 1761 3099 1815 Non
3162 1760 3412 1814 leviter
3448 1760 3551 1813 hic
3582 1761 3655 1813 ab
3684 1759 3820 1813 Eusc-

2118 1850 2229 1909 bio,
2253 1864 2414 1918 quem
2448 1864 2628 1903 tamen
2658 1861 2993 1905 assectatur
3029 1852 3290 1920 palam,
3332 1853 3449 1905 sed
3487 1853 3607 1905 hoc
3638 1852 3760 1905 loco.
3779 1866 3821 1903 ιιι

2117 1939 2348 2000 videtur,
2399 1939 2665 1993 intellexit
2713 1955 2920 2007 parum
2950 1978 2969 2003 ,
3033 1941 3367 1996 dissentit
3431 1939 3814 2009 Nicephorus:

2117 2028 2337 2079 Paulum
2369 2030 2573 2096 quippe
2596 2029 2783 2082 divitis
2825 2030 3012 2097 hujus
3047 2034 3335 2084 feminae
3364 2035 3654 2084 maritum
3681 2032 3817 2085 fuisse

2115 2117 2298 2167 scribit
2336 2116 2429 2168 lib.
2467 2132 2516 2178 v,
2554 2132 2677 2184 cap.
2709 2117 2783 2181 5;
2830 2117 3195 2187 Origenetn
3257 2121 3607 2190 adoptione
3638 2120 3815 2175 lilium:

2114 2208 2254 2273 quod
2285 2222 2348 2260 ex
2376 2208 2517 2260 male
2548 2209 2798 2275 acceptis
2827 2209 3087 2263 Eusebii
3132 2211 3368 2265 verbis
3403 2214 3671 2267 sensisse
3696 2215 3815 2267 illum

2114 2295 2298 2347 statim
2346 2295 2650 2364 intelliget,
2687 2301 2781 2364 qui
2837 2301 3025 2353 verba
3081 2302 3240 2365 ejus
3300 2305 3690 2358 contenderit
3717 2322 3810 2359 cum

2113 2383 2434 2437 Eusebianis
2456 2423 2473 2446 ,
2508 2385 2589 2437 vel
2624 2385 2810 2439 Rufini
2862 2389 3501 2457 interpretationem
3537 2409 3665 2446 cunt
3697 2404 3813 2445 utro-

2111 2491 2214 2543 que
2241 2476 2551 2530 contulerit.

2181 2563 2271 2618 IX.
2332 2569 2628 2635 Acceptum
2686 2571 3167 2625 incommodum
3246 2576 3581 2645 diiigsntia
3641 2578 3810 2630 sarcire

2110 2659 2333 2725 cupiens
2361 2658 2647 2725 Origenes,
2676 2671 2729 2713 et
2763 2661 3090 2716 fortunam
3143 2667 3477 2722 industria
3519 2670 3807 2733 sublevare,

2112 2748 2364 2807 traditam
2400 2748 2501 2800 sibi
2536 2767 2565 2799 a
2598 2748 2763 2801 Patre
2795 2750 3276 2807 humaniorqu
3324 2759 3807 2814 doctrinarumco

2110 2839 2405 2907 gnitionem
2435 2841 2721 2893 acerrimis
2746 2842 2961 2896 studiis
3003 2847 3329 2901 excoluit
3358 2886 3380 2911 ,
3423 2860 3728 2921 tantosque
3749 2851 3805 2905 fe-

2109 2929 2183 2980 cit
2228 2929 2280 2981 in
2337 2929 2710 2997 grammaticis
2757 2932 3132 3001 disciplinis
3194 2953 3582 3009 progressus
3611 2982 3627 3005 ,
3660 2955 3710 2995 ut
3738 2959 3805 2994 eas

476 3025 549 3076 sit
582 3023 632 3077 id
662 3032 849 3087 mater,
879 3032 933 3075 et
967 3022 1214 3090 precibus
1261 3037 1322 3073 ac
1369 3023 1666 3075 rationibus
1692 3025 2005 3093 excogitatis
2031 3045 2073 3101 ο
2109 3016 2322 3087 publice
2368 3019 2640 3072 docendas
2688 3020 3058 3088 susciperet.
3132 3025 3313 3081 Hinc
3384 3029 3593 3101 largus
3649 3033 3719 3086 illi
3755 3034 3801 3083 ad

477 3114 563 3165 vix
592 3111 680 3165 lilii
716 3111 1038 3180 propositum
1071 3111 1347 3178 repressit.
1391 3110 1538 3174 Quod
1572 3112 1816 3164 omnibus
1846 3128 2003 3179 porro

477 3200 611 3253 votis
643 3200 1016 3266 concupiverat
1045 3198 1182 3251 filius
1203 3240 1217 3261 ,
1245 3199 1297 3251 id
1328 3209 1543 3266 repente
1570 3201 1706 3267 patri
1736 3202 2002 3269 objectunt

472 3297 559 3342 cst
585 3307 598 3341 :
627 3290 715 3356 qui
752 3288 801 3340 in
838 3289 1045 3341 vincula
1077 3288 1268 3342 Christi
1302 3290 1514 3342 nomine
1530 3289 1818 3355 conjectus,
1845 3297 2001 3347 morti

478 3377 790 3430 destinatur.
824 3376 1064 3445 Sopitum
1096 3378 1338 3446 martyrii
1375 3378 1694 3431 desiderium
1734 3380 1785 3433 in
1815 3381 2005 3451 Orige-

475 3467 561 3520 nis
583 3466 759 3518 animo
788 3466 1038 3519 excitavit
1066 3465 1309 3520 Leonidae
1339 3467 1634 3519 constantia
1662 3505 1679 3531 ,
1713 3478 1769 3520 ttt
1805 3472 2003 3538 quasvis

473 3555 576 3609 sibi
608 3555 784 3622 potius
838 3556 1114 3608 subeunda
1154 3562 1413 3610 tormenta
1440 3594 1457 3619 ,
1508 3571 1665 3624 quam
1714 3573 1742 3611 a
1786 3573 1998 3628 sperata

475 3630 716 3711 martyi'ii
741 3642 904 3711 gloria
934 3642 1306 3694 discedendum
1333 3652 1557 3709 putaret.
1596 3646 1663 3697 At
1692 3656 1880 3710 mater,
1908 3651 2002 3703 ad-

476 3730 658 3783 hibitis
690 3729 884 3783 frustra
916 3720 1148 3793 fletibus,
1182 3732 1272 3784 lilii
1325 3733 1575 3801 impetum
1608 3735 1832 3789 tardavit
1862 3749 1996 3804 arte,

473 3826 528 3872 et
553 3818 773 3872 occultis
802 3820 965 3887 ipsius
982 3821 1308 3875 vestimentis
1342 3823 1561 3876 invitum
1590 3825 1728 3878 domi
1762 3829 1995 3886 retinuit.

472 3905 658 3977 Itaque
687 3907 825 3975 quod
856 3908 968 3976 ipse
998 3908 1173 3963 facere
1202 3926 1305 3962 non
1338 3912 1525 3979 potuit,
1553 3911 1693 3967 Patri
1722 3927 1778 3969 ut
1800 3916 1998 3973 faceret

470 3996 764 4050 litterarum
793 3998 1243 4054 adhortationibus
1273 4012 1457 4056 auctor
1480 4002 1582 4056 fuit
1609 4019 1625 4057 :
1658 4008 1847 4073 quibus
1868 4025 1997 4064 cou-

472 4075 728 4142 tirniatior
755 4088 971 4143 effectus
1002 4087 1263 4143 Leonides
1288 4094 1478 4159 capitis
1508 4094 1823 4162 supplicium
1852 4098 1992 4165 tulit,

472 4191 629 4240 anno,
667 4185 723 4228 ttt
749 4177 877 4240 dixi,
914 4176 1095 4231 Severi
1126 4178 1353 4239 decimo,
1383 4180 1447 4232 ad
1478 4196 1507 4232 x
1544 4181 1767 4236 Kalend.
1805 4183 1991 4249 Maias,

469 4264 534 4315 ad
561 4278 714 4330 quem
746 4265 882 4318 diem
916 4280 1054 4319 mors
1082 4267 1196 4334 ejus
1241 4266 1469 4319 refertur
1500 4268 1551 4319 in
1584 4269 1819 4323 Romano
1854 4272 1994 4325 Mar-

472 4349 744 4417 tyrologio.
777 4351 915 4403 Bona
950 4352 1085 4419 ejus,
1131 4354 1321 4421 quibus
1358 4354 1610 4408 familiam
1641 4359 1762 4410 dum
1794 4362 1991 4417 viveret
2022 4355 2067 4409 Ι)
2161 4364 2304 4417 Nova
2335 4364 2553 4419 interim
2586 4371 2798 4437 Aquila
2832 4374 3197 4437 Alexandri

471 4438 691 4491 honeste
740 4442 1096 4505 toleraverat,
1127 4444 1256 4496 ﬂsco
1286 4454 1406 4496 sunt
1437 4446 1643 4499 addicta
1675 4466 1691 4503 :
1725 4460 1884 4517 atque
1917 4455 1990 4507 ita

467 4526 709 4594 Origenis
730 4570 744 4589 ,
773 4543 893 4581 cum
945 4540 1112 4584 matre
1144 4546 1203 4585 ac
1251 4547 1342 4587 sex
1377 4535 1609 4601 parvulis
1654 4538 1904 4595 fratribus
1938 4544 1988 4595 in

468 4630 671 4667 summa
698 4627 933 4685 egestate
968 4628 1021 4672 et
1048 4619 1187 4674 luctu
1234 4622 1405 4675 relicti
1431 4662 1446 4686 ,
1482 4639 1610 4692 opes
1640 4644 1826 4682 omnes
1852 4646 1987 4685 con-

534 4836 644 4972 (Πζ
674 4837 882 4901 Euseb.,
912 4838 1048 4893 Hist.
1076 4841 1249 4894 eccles.
1276 4842 1367 4898 lib.
1403 4857 1475 4907 vt,
1502 4859 1618 4909 cap.
1647 4843 1700 4909 Ξ,
1728 4847 1788 4899 5.

536 4908 622 4972 (l8
675 4906 842 4967 Quam
879 4911 921 4959 si
958 4912 1430 4963 catccltumenorum
1476 4930 1672 4969 curam.
1703 4929 1785 4967 etc

536 4906 643 4978 (l8)
675 4906 842 4978 Quam
879 4911 921 4978 si
958 4912 1430 4963 catccltumenorum
1464 4906 1805 4969 icurnmsetc.
1838 4914 1978 4969 liue-

464 4970 570 5050 illis
602 4970 836 5050 surripitur
860 4977 1161 5050 .Eusehium
1186 5019 1201 5041 ,
1238 4983 1323 5039 qui
1363 4980 1496 5032 Hist.
1529 4983 1615 5033 Iilt.
1648 4998 1697 5034 VI
1724 5020 1738 5044 ,
1774 4999 1889 5050 cap.
1922 4986 1974 5045 5,

459 5047 538 5098 ait
566 5061 581 5097 :
612 5045 761 5120 ᾜτος
786 5044 827 5095 δ’
858 5040 986 5120 ἦγεν(
1038 5046 1505 5120 ὀκτῳδεαιδέκᾳτον,
1544 5050 1660 5102 καθ’
1686 5040 1733 5103 δ’
1761 5040 1852 5103 tot";
1880 5040 1977 5120 τῆξ

459 5114 805 5181 κατηχήσεως
862 5113 1091 5185 προέᾳτη
1142 5115 1519 5171 διδασκαλείου.
1580 5123 1778 5170 Annum
1819 5113 1975 5185 porro

460 5192 628 5235 anatis
657 5194 887 5252 actorum
914 5183 1160 5252 decimum
1202 5192 1398 5252 agebat,
1426 5198 1547 5239 tunc
1572 5204 1687 5239 cum
1731 5183 1973 5239 catechu-

458 5251 617 5322 mem's
650 5248 971 5322 instituendis
1021 5248 1284 5319 prwfectus
1328 5265 1421 5307 est.
1470 5255 1569 5308 Sed
1628 5256 1972 5322 Hieronymus

454 5316 690 5390 Uatatog.
744 5317 977 5390 scriptor.
1022 5316 1219 5380 ἀσπὶς..
1245 5337 1362 5389 cap.
1397 5323 1463 5376 55
1492 5363 1505 5383 ,
1555 5334 1732 5390 aperte
1763 5316 1930 5375 innuit
1951 5364 1967 5387 ,

454 5388 701 5439 otn‘ni-bus
727 5384 794 5438 ob
824 5389 1202 5451 persecutionis
1244 5384 1435 5442 metum
1465 5384 1628 5454 pulsis
1662 5408 1720 5442 ac
1756 5384 1964 5457 fugatis,

457 5469 576 5524 cum
632 5470 794 5524 nemo
829 5468 1120 5523 superesset
1179 5458 1506 5512 Alexandria:
1560 5460 1645 5524 qui
1702 5460 1967 5512 tradendis

458 5522 577 5593 fidei
606 5522 876 5593 catholica:
896 5522 1215 5580 rudimentis
1239 5541 1454 5593 Operam
1485 5522 1654 5586 daret.
1683 5526 1960 5593 Origenem

455 5590 664 5655 quidem
693 5592 982 5645 octodecim
1030 5609 1195 5649 annos
1228 5590 1406 5648 uatum
1450 5590 1801 5665 κατηχήσεωῦ
1825 5609 1961 5663 opus

2109 3123 2237 3161 usus
2287 3108 2410 3162 vitae
2458 3110 2806 3164 necessarios
2855 3125 3267 3177 proventus.
3330 3121 3634 3179 Ethnicos
3658 3135 3801 3177 autem

2105 3198 2241 3250 adeo
2274 3197 2517 3253 illexerat
2547 3199 2751 3252 Christi
2788 3201 3007 3270 religio
3035 3245 3058 3269 ,
3111 3216 3189 3260 ut
3247 3225 3430 3265 metu
3491 3213 3699 3285 fugatis
3728 3215 3802 3267 lic-

2105 3289 2283 3342 clesitn
2314 3289 2622 3342 doctoribus
2677 3290 3103 3350 :c0nﬂuerent
3158 3302 3252 3354 ad
3310 3305 3637 3375 Origene-ti
3661 3311 3801 3361 adhuc

2105 3376 2497 3430 adulescentem
2524 3417 2540 3441 ,
2569 3379 2664 3431 sed
2695 3380 2967 3436 doctrina
3004 3384 3081 3439 in
3123 3390 3577 3449 adolescentia
3626 3407 3681 3451 et
3714 3400 3799 3448 vir-

2105 3476 2218 3520 tute
2250 3469 2621 3536 con~picuum,
2648 3468 2717 3521 ab
2741 3484 2931 3538 eoque
2962 3488 3179 3531 sacra
3225 3484 3360 3537 sibi
3417 3489 3690 3558 dogmata
3728 3504 3799 3541 ει.

2105 3556 2227 3624 ροιιί
2275 3556 2493 3611 vellent.
2546 3558 2716 3625 Cujus
2763 3566 3197 3624 sermonibus
3262 3574 3484 3631 allecti
3512 3556 3797 3648 plerique.

2100 3648 2302 3701 Christi
2338 3659 2589 3716 suscepta
2629 3650 2756 3714 lide,
2809 3652 2866 3705 in
2907 3656 3237 3716 intimam
3273 3666 3420 3733 ejus
3480 3670 3795 3725 familiarita-

2104 3744 2209 3786 tem
2233 3750 2350 3789 sese
2374 3735 2764 3803 adjunxerunt.
2801 3740 3019 3811 Itaque
3059 3748 3545 3814 Alexandrinae
3572 3760 3795 3815 Ecclesia

2101 3827 2391 3893 episcopus
2437 3825 2791 3891 Demetrius.
2842 3847 2964 3887 non
3026 3838 3317 3899 felicius
3368 3850 3793 3907 Christianorum

2100 3930 2188 3968 res
2236 3915 2288 3968 in
2314 3913 2572 4012 ngypto
2620 3933 2889 3986 reparare
2945 3941 3021 3981 se
3066 3948 3279 4001 posse
3356 3944 3671 4006 credidit,
3708 3943 3791 4012 (18)

2097 4020 2257 4074 quant
2283 4005 2329 4060 si
2379 4010 2909 4069 catechumenorum
2947 4034 3195 4079 curam
3267 4032 3382 4084 uni
3449 4032 3685 4106 Origeni
3715 4005 3792 4089 loc.

2097 4096 2323 4149 todecitn
2392 4110 2564 4151 annos
2620 4109 2753 4154 nato
2810 4104 3285 4174 demandaret.
3380 4096 3677 4196 Utraquue
3728 4128 3789 4179 hic

2097 4184 2259 4253 igitur
2307 4186 2617 4242 sustinebat
2676 4202 2920 4261 partes,
2978 4199 3407 4267 litteratoris
3464 4226 3531 4271 et
3585 4184 3788 4274 catechi-

2096 4452 2311 4506 clesiam
2338 4455 2583 4509 detonuit
2610 4466 2964 4529 persecutio,
3015 4471 3088 4526 iu
3140 4494 3223 4533 ea
3236 4452 3371 4551 quia
3403 4452 3686 4561 Origenes
3712 4452 3783 4541 Qu.

2093 4543 2366 4648 gulztribus
2399 4544 2545 4610 fidei,
2582 4552 2807 4614 pietatis
2840 4570 2912 4609 ac
2958 4543 3375 4631 constantia:
3413 4543 3784 4648 ερεέίσηὶηἱὶμιε

2091 4633 2251 4686 eam“
2285 4647 2532 4702 magnam
2559 4638 2665 4691 sibi
2696 4640 2853 4697 inter
2886 4646 3326 4719 Christianos
3365 4633 3782 4739 famam—clm»

2077 5128 2283 5206 χήςῖεων
2315 5144 2443 5206 οΡηδ
2470 5147 2773 5214 aggravet.
2809 5149 3007 5201 Postea
3045 5128 3093 5197 ά
3113 5128 3480 5213 ᾘὲηἶέἱῖξξ
3648 5128 3775 5216 tibi

2077 5210 2309 5231 lnam-nun
2340 5213 2394 5231 gn
2430 5198 2601 5231 lno-nm
2645 5202 2667 5231 Ι
2693 5205 2939 5231 Ιηηρμή-
2995 5228 3011 5231 -
3032 5230 3043 5231 γ
3126 5219 3161 5231 ,α

2077 5198 3452 5297 ἷξῖἔῗῗνίίιέῗηέῗθ¹⁴ι¹ζῗ,ηξλεῖἲῖῗίέὲ,ουκ-κηπαίαις
3483 5198 3634 5297 p17
3611 5198 3774 5283 αῖιιιοε

2077 5265 2504 5353 f‘l'.."_°.‘.-.’.'?".‘3fi
2530 5269 2691 5353 ΩΨ,
2732 5280 3008 5353 "erratio
3024 5349 3039 5353 _
3056 5265 3771 5353 v'eét'giiiiiiibf‘ia'iéi'ii

2078 5332 2375 5421 ἱηίτεὲδίέἕὶεἱ.
2401 5332 2627 5421 best)"
2672 5340 2857 5421 ipsius
2905 5332 3772 5421 ονειίηῐ’έῦὶίζὲἰἒῖεέιιὲἐῖ¹“³ἓὶζ

2074 5406 3115 5500 f3:.'.'.‘..ve.'.'.s..".'l”‘.’._?§‘-239???“"1
3186 5432 3309 5481 υιιί
3381 5433 3635 5500 Origeui
3685 5449 3772 5487 ιλιι

2071 5480 2490 5594 Εὲκὲοὲαᾶθςιέἓοε
2538 5486 2665 5531 nato
2698 5480 3308 5551 catechumenoruni
