3846 6428
203 425 316 479 ωδ

1229 436 1779 495 ORIGENIANORUII
1819 435 1940 490 LIB.
1981 437 2026 498 1,
2063 437 2210 492 CAP.
2248 437 2293 492 1.

3325 436 3428 495 64,6

208 539 348 593 tiam
425 539 668 608 peperit.
719 543 858 600 Cum
911 547 1053 601 enim
1109 550 1442 604 traherentur
1488 551 1554 602 ad
1615 548 2348 614 uecemAterpretatiouem,
2380 563 2410 602 s
2439 549 2647 606 Iuliana
2671 551 2955 624 Origenem
2992 550 3282 620 accepisse,
3309 568 3430 622 qua:

206 638 493 701 martyres
515 631 730 688 Christi
760 674 777 698 ,
816 638 1004 691 obvios
1036 640 1474 706 amplectebatur,
1503 638 1784 693 aﬂectaba-

207 731 302 773 tur
334 729 580 786 euntes,
630 725 998 779 morientibus
1050 727 1268 794 aderat,
1316 740 1367 785 et
1406 739 1784 784 tormentorum

201 811 492 864 saevitiam
541 810 968 870 allocutionibus
1020 824 1070 870 et
1115 817 1317 872 solatiis
1365 820 1590 873 levabat.
1639 819 1786 875 Unde

198 898 636 955 circumstantis
670 902 854 972 populi
887 919 1141 959 conversa
1185 906 1236 959 in
1270 921 1328 960 se
1372 908 1641 962 iracundia
1665 948 1680 969 ,
1713 908 1786 960 la-

199 986 442 1052 pidibus
473 990 750 1055 appetitus
776 1028 792 1052 ,
841 1005 960 1044 cum
1019 974 1340 1046 nefariorum
1393 994 1664 1048 hominum
1697 997 1783 1050 vix

196 1075 508 1146 effugisset
537 1095 752 1143 manus,
780 1083 961 1135 statim
986 1082 1178 1138 domus
1203 1084 1338 1152 ejus,
1358 1099 1512 1152 quam
1543 1086 1755 1153 frequen
1773 1115 1786 1126 -

197 1164 313 1215 tari
348 1167 772 1222 catechumeuis
818 1169 1159 1224 adverterant
1184 1211 1199 1235 ,
1235 1174 1454 1226 armatis
1487 1175 1784 1229 hominibus

196 1254 598 1311 circumsessa
647 1268 752 1314 est.
801 1259 925 1313 Mihi
987 1262 1246 1328 imprimis
1298 1279 1477 1316 eorttm
1535 1267 1784 1330 probatur

192 1345 408 1412 opinio
433 1385 451 1406 ,
501 1347 596 1415 qui
632 1351 931 1416 tempestati
964 1351 1084 1404 huic
1115 1354 1383 1422 egregium
1432 1353 1674 1421 Origenis
1707 1355 1785 1408 fa-

189 1434 398 1498 cinus,
444 1435 521 1488 ab
565 1436 865 1505 Epiphanio
890 1441 1020 1493 hmr.
1055 1441 1139 1505 64,
1166 1456 1283 1508 cap.
1324 1444 1375 1508 l,
1408 1459 1784 1501 commemora-

195 1533 320 1576 tum
356 1523 696 1592 adjungunt,
729 1529 942 1595 quando
971 1543 1088 1582 eum
1123 1531 1310 1586 adraso
1348 1537 1569 1600 vertice,
1604 1537 1782 1605 quales

192 1609 612 1682 Egyptiorum
643 1616 862 1668 deorum
904 1617 1136 1672 ministri
1182 1634 1298 1676 esse
1327 1622 1500 1677 solent
1527 1663 1542 1687 ,
1573 1627 1780 1694 profani

189 1700 515 1770 Serapidis
544 1708 803 1771 gradibus
856 1718 1152 1766 statuentes
1205 1712 1453 1777 Ethnici,
1485 1715 1778 1781 palmarum

193 1805 403 1846 ramos
431 1793 682 1861 praebere
732 1795 1008 1864 jusserunt
1053 1800 1438 1864 sacerdotibus,
1474 1803 1560 1870 qui
1589 1806 1652 1857 ad
1683 1795 1779 1859 6b-

189 1881 396 1933 eunda
456 1897 622 1936 sacra
649 1885 1029 1946 ascendebant,
1061 1901 1166 1954 quo
1193 1903 1336 1943 more
1363 1906 1544 1944 eorum
1575 1898 1778 1962 gravis-

189 1971 364 2021 sima:
422 1974 771 2027 caeremoniae
823 1977 1177 2032 continentur.
1226 1977 1474 2048 Acceptis
1530 1981 1620 2036 ille
1665 1983 1778 2052 pal-

189 2072 432 2111 marum
490 2061 727 2116 surculis
754 2102 770 2126 ,
818 2065 1069 2130 presenti
1119 2067 1295 2120 animo
1341 2077 1396 2121 et
1435 2082 1648 2134 erecto,
1694 2087 1780 2127 as-

188 2155 395 2200 tantes
443 2148 559 2201 alta
591 2163 726 2204 voce
752 2152 832 2205 sic
861 2152 1123 2208 allocutus
1147 2164 1227 2209 est
1257 2174 1272 2210 :
1302 2157 1522 2222 Adeste,
1566 2161 1779 2228 accipite

184 2251 453 2301 ramum,
506 2255 612 2291 non
662 2242 837 2308 templi
885 2243 1039 2296 idolis
1083 2249 1388 2312 consecrati,
1434 2255 1518 2301 sed
1563 2249 1775 2305 Christi.

187 2323 427 2390 Quibus
480 2328 766 2394 gentilium
819 2331 871 2382 in
918 2345 976 2385 se
1024 2333 1301 2389 concitatis
1349 2338 1579 2403 animis,
1626 2339 1776 2410 fuge-

186 2431 279 2480 re,
321 2415 564 2468 latitare
589 2455 606 2483 ,
641 2427 696 2470 et
725 2417 957 2474 latebras
983 2423 1168 2476 crebro
1203 2439 1531 2482 commutare
1557 2441 1777 2486 coactus

181 2514 297 2560 est.

259 2595 347 2650 Χ.
384 2596 726 2651 Alexandria
752 2598 852 2652 sub
882 2598 1016 2652 idem
1038 2609 1244 2670 tempus
1267 2605 1561 2660 excessisse
1582 2606 1771 2676 ipsum,

187 2697 245 2738 et
280 2687 622 2740 Caesaream
658 2688 1008 2756 Cappadociae
1054 2691 1355 2761 confugisse
1396 2708 1578 2753 censet
1607 2698 1771 2752 Baro-

188 2781 326 2833 nius
369 2779 444 2833 ad
475 2795 568 2833 an.
604 2779 711 2833 205
735 2819 750 2842 ,
789 2796 844 2833 η.
873 2780 906 2833 6
931 2821 946 2843 ,
977 2781 1194 2836 Palladii
1227 2790 1541 2843 auctoritate
1565 2804 1774 2858 permo-

192 2879 314 2932 tus,
360 2869 461 2937 qui
488 2883 612 2939 cap.
657 2869 781 2932 147,
815 2871 1094 2942 Origenem
1121 2875 1324 2937 scribit,
1351 2893 1468 2930 cum
1497 2880 1769 2948 gentilium

185 2960 569 3014 vexationem
602 2959 829 3028 fugeret,
852 2960 1108 3018 Caesarea:
1136 2966 1272 3034 apud
1301 2965 1564 3020 Julianam
1606 2971 1769 3038 virgi-

190 3064 328 3102 uetn
389 3047 683 3101 delituisse
727 3048 941 3104 biennio
967 3091 982 3114 ,
1029 3062 1080 3104 et
1109 3053 1160 3106 in
1188 3054 1378 3108 litteris
1411 3057 1643 3110 animum
1672 3058 1768 3110 ba-

1885 652 1946 692 ca
1982 651 2139 705 porro
2179 635 2302 704 jure
2343 642 2704 694 successionis
2734 641 2802 694 ab
2837 642 2954 710 ipso
2982 639 3302 712 Symmacho
3333 643 3429 695 ha-

1883 727 2038 780 bebat
2063 765 2080 789 ,
2116 725 2240 780 inde
2285 725 2498 794 collegit
2526 727 2781 781 Barouius
2810 744 2876 782 ex
2910 729 2975 782 iis
3007 728 3310 798 Symmachi
3358 727 3428 782 li-

1886 815 1996 868 bris
2023 813 2329 866 memoratis
2357 815 2423 868 ab
2455 815 2678 868 Eusebio
2700 832 2860 869 unum
2894 831 3013 870 eum
3051 818 3232 882 fuisse,
3261 834 3420 888 quem

1885 920 2040 956 manu
2074 902 2316 972 Origenis
2348 912 2587 955 notatum
2633 905 2765 956 vidit
2797 905 3095 972 Palladius;
3135 909 3212 960 vel
3264 905 3422 962 Com-

1882 995 2169 1048 mentarios
2196 1009 2382 1062 nempe
2414 994 2465 1046 in
2511 993 2813 1047 Matthmum
2840 1037 2855 1057 ,
2896 997 2975 1049 vel
3018 998 3419 1066 Interpretatio-

1882 1097 1998 1135 nem
2035 1083 2198 1148 ipsam
2227 1082 2530 1148 Scripturte.
2564 1082 2826 1136 Praeterea
2865 1101 2965 1138 non
2995 1087 3098 1138 alia
3138 1089 3418 1158 Origenem

1882 1174 1947 1228 de
1995 1189 2158 1228 causa
2191 1173 2410 1228 latuisse
2438 1175 2573 1240 apud
2615 1173 2876 1228 Julianam
2908 1179 3133 1241 censuit,
3171 1195 3326 1248 quam
3355 1189 3414 1235 ttt

1883 1263 2111 1343 aliq‘nam
2139 1263 2471 1316 etbnlcorum
2508 1263 2763 1318 adversus
2809 1264 3137 1320 Christianos
3161 1283 3437 1335 persecua

1881 1351 2072 1404 tionem
2108 1350 2383 1415 devitaret,
2430 1351 2510 1404 vel
2541 1351 2723 1406 Severi
2754 1353 2977 1413 scilicet,
3010 1355 3092 1407 vel
3123 1355 3414 1422 Maximini,

1878 1433 1962 1493 vel
2003 1441 2143 1495 Decii
2183 1461 2196 1496 :
2237 1458 2354 1496 cum
2389 1442 2658 1496 Maximini
2702 1454 2872 1497 autem
2899 1443 2980 1497 vel
3011 1445 3151 1498 Decii
3181 1455 3333 1499 aetate
3360 1448 3414 1501 hi

1873 1528 1978 1597 jam
2016 1529 2317 1598 Symmachi
2344 1530 2460 1583 libri
2491 1531 2743 1583 exiissent
2777 1531 2828 1583 in
2864 1532 3034 1586 lucem
3061 1570 3076 1595 ,
3109 1542 3160 1587 et
3203 1534 3266 1586 ad
3301 1533 3415 1588 Dri-

1881 1618 2029 1685 genis
2058 1620 2278 1686 proinde
2309 1621 2548 1672 notitiam
2581 1621 2854 1674 venissent
2877 1663 2892 1682 ,
2944 1630 3053 1674 tum
3087 1631 3230 1675 certe
3257 1623 3324 1675 ab
3349 1638 3414 1676 eo

1879 1705 2042 1760 fuisse
2086 1707 2327 1760 inventos
2353 1747 2369 1770 ,
2420 1709 2544 1760 dum
2596 1708 2776 1762 Severi
2810 1709 3002 1764 bellum
3035 1710 3084 1764 in
3119 1711 3412 1765 Ecclesiam

1881 1795 2122 1850 ferveret.
2176 1795 2474 1851 Halloxiunt
2527 1798 2686 1850 traxit
2715 1798 2765 1852 in
2796 1813 3070 1854 assensum
3107 1816 3165 1854 ea
3201 1800 3411 1855 Barouii

1813 1861 1854 1916 Β
1878 1884 2012 1936 ratio
2035 1922 2051 1946 ,
2082 1899 2239 1951 quam
2289 1885 2591 1939 accuratius
2640 1895 2812 1940 tamen
2847 1889 3208 1940 excutiamus.
3240 1885 3408 1952 Quem

1876 1973 2064 2026 librum
2093 1974 2336 2042 Origenis
2367 1991 2521 2028 manu
2545 1985 2782 2030 notatum
2813 1976 3008 2029 vidisse
3044 1991 3101 2030 se
3129 1977 3196 2029 ait
3235 1976 3409 2030 Palla-

1875 2063 2012 2128 dius,
2031 2063 2078 2116 is
2105 2074 2221 2117 erat
2245 2064 2646 2132 antiquissimus
2680 2082 2692 2117 :
2728 2066 2870 2132 atqui
2898 2063 3188 2118 Palladium
3216 2065 3410 2118 ducen-

1876 2153 1944 2206 tis
1982 2153 2196 2206 circiter
2240 2156 2394 2207 annis
2428 2153 2776 2223 Symmachus
2807 2154 3112 2206 antecessit.
3163 2152 3272 2223 (ΞΟ)
3321 2154 3400 2206 Au

1873 2256 1999 2295 vero
2042 2243 2385 2296 ducentorum
2441 2255 2699 2296 annorum
2748 2243 2910 2297 codex
2941 2283 2958 2310 ,
3008 2243 3409 2311 antiquissimus

1871 2330 1974 2385 dici
1999 2332 2178 2399 possit,
2207 2333 2510 2386 existiment
2529 2333 2741 2394 eruditi,
2761 2334 3041 2402 quiseiunt
3065 2343 3187 2402 quot
3215 2335 3405 2387 sucula

1878 2418 2133 2486 ejusmodi
2168 2421 2378 2475 codices
2405 2421 2644 2476 durando
2671 2421 2882 2477 vincere
2929 2422 3064 2477 soliti
3089 2424 3214 2476 sint.
3249 2420 3406 2492 Sym-

1871 2510 2112 2563 machum
2136 2523 2262 2576 ergo
2289 2510 2424 2563 liber
2449 2510 2551 2563 iste
2578 2520 2852 2564 auctorem
2883 2526 2988 2564 non
3021 2509 3223 2564 habuit.
3262 2510 3406 2576 Quos

1849 2609 2045 2652 .autent
2078 2614 2106 2652 a
2140 2597 2345 2652 Juliaua
2375 2599 2678 2670 Symmachi
2709 2600 2870 2653 libros
2913 2601 3183 2669 accepisse
3216 2600 3405 2669 Orige-

1871 2705 1989 2744 nem
2037 2689 2209 2757 prodit
2238 2689 2492 2742 Eusebius
2517 2731 2532 2752 ,
2565 2689 2630 2741 ab
2661 2689 2774 2756 ipso
2821 2688 3032 2741 fuerunt
3083 2687 3404 2759 Symmacho

1870 2780 2144 2834 elaborati.
2179 2779 2256 2832 Ad
2284 2779 2395 2832 lucc
2424 2777 2524 2830 fuit
2553 2779 2803 2846 στιχηρὺς
2829 2777 2913 2829 ille
2946 2777 3109 2830 codex
3140 2792 3294 2844 quem
3319 2778 3400 2831 vi-

1869 2868 1944 2920 dit
1999 2869 2262 2922 Palladius
2311 2885 2323 2921 :
2379 2876 2434 2920 at
2483 2880 2657 2934 neque
2711 2867 3014 2934 Symmachi
3061 2865 3400 2919 Commenta-

1869 2961 2000 3021 rios,
2031 2959 2140 3026 (2i)
2189 2971 2360 3025 neque
2406 2955 2690 3022 Scriptum
2721 2953 3202 3022 lnterpretationem
3225 2993 3241 3017 ,
3291 2971 3402 3006 στι-

1868 3050 2048 3120 χηρῶς
2077 3050 2238 3102 fuisse
2269 3048 2464 3115 scripta
2496 3047 2738 3113 cuiquam
2785 3044 2918 3097 bene
2949 3057 3081 3096 sano
3112 3043 3400 3112 persuade-

179 3140 414 3193 buisse.
456 3139 666 3193 Deinde
703 3139 818 3194 haec
849 3142 1112 3197 subnectit
1143 3161 1156 3197 :
1194 3139 1360 3215 Εὗρον
1387 3147 1442 3199 δὲ
1469 3148 1638 3202 ταῦτα
1664 3148 1770 3217 ἐγὼ
1797 3167 1838 3223 C
1872 3143 2030 3192 bitur.
2061 3139 2208 3191 Alius
2249 3151 2376 3203 ergo
2409 3135 2509 3190 fuit
2554 3134 2640 3189 ille
2685 3133 2923 3188 Palladio
2956 3143 3399 3223 commemoratus

184 3229 583 3299 γεγραμμένα
637 3231 696 3282 ὲν
735 3230 1076 3302 παλαιοτάτῳ
1113 3234 1293 3304 βιϐλίῳ
1327 3239 1579 3308 στιχηρῷ,
1637 3241 1771 3310 ὅπερ

185 3317 531 3388 ἐγέγραπτο
584 3319 731 3390 χειρὶ
771 3320 1086 3389 Ὠριγένουςο
1121 3324 1274 3376 τοῦτο
1317 3326 1378 3378 τὸ
1399 3326 1595 3394 βιϐλίον
1618 3321 1770 3399 εὗρον

185 3409 309 3476 ἐγὼ
382 3408 547 3477 παρὰ
603 3409 862 3480 Ἰουλιανῇ
910 3412 1154 3482 παρθένῳ
1182 3414 1239 3466 ὲν
1280 3417 1594 3487 Καισαρείᾳ.
1638 3435 1769 3488 κρυ-

179 3501 486 3570 πτόμενος
539 3499 697 3567 κάγὼ
743 3505 868 3571 παρ’
892 3503 1048 3572 αὐτῇ,
1080 3504 1198 3571 ἥτις
1236 3505 1384 3573 ελεγε
1435 3508 1562 3577 παρ’
1609 3509 1768 3562 αὐτοῦ

187 3591 518 3661 Συμμάχου
571 3592 666 3643 τοῦ
703 3591 980 3662 ἑρμηνέως
1015 3593 1119 3646 τῶν
1155 3595 1410 3648 Ἰουδαίων
1454 3598 1582 3650 αὐτὸ
1630 3599 1770 3669 εἰλη-

189 3683 388 3749 φέναι.
415 3681 718 3733 Mauifesto
745 3682 856 3734 ha'c
892 3682 989 3734 sibi
1009 3694 1331 3750 repugnant:
1357 3701 1474 3738 nam
1509 3688 1551 3738 si
1577 3687 1767 3740 librum

188 3771 354 3823 illum
385 3785 560 3824 manu
593 3784 690 3823 sua
716 3770 954 3823 exaravit
976 3769 1248 3838 Origenes,
1279 3775 1539 3839 quomodo
1570 3775 1711 3828 illum
1737 3793 1766 3830 a

189 3858 555 3928 Symmacho
607 3857 812 3912 habere
855 3858 1028 3925 potuit
1070 3857 1326 3912 Iuliana?
1361 3863 1624 3928 quomodo
1647 3878 1764 3916 eum

189 3948 344 4016 apud
375 3946 658 4000 Julianam
691 3946 949 4012 Origenes
975 3947 1209 4015 reperire
1232 3948 1256 4000 τ
1303 3947 1460 4018 Lege,
1485 3949 1625 4022 ἅπερ
1649 3951 1767 4019 ἐγέ-

187 4053 452 4108 γραπτο,
491 4035 751 4104 proclivia
784 4036 909 4088 lient
933 4037 1129 4088 omnia.
1163 4035 1293 4090 Sese
1325 4037 1374 4113 in
1401 4039 1767 4106 antiquissimo

193 4128 348 4180 libro
372 4124 549 4179 verba
577 4125 694 4177 haec
721 4138 878 4176 manu
903 4123 1150 4192 Origenis
1178 4125 1376 4193 scripta
1403 4127 1662 4194 reperisse
1695 4129 1768 4180 ait

177 4214 487 4267 Palladius
528 4228 544 4264 :
581 4211 737 4263 Hunc
771 4211 957 4263 librum
1006 4213 1175 4264 iuveni
1205 4213 1340 4278 apud
1367 4212 1634 4266 lulianum
1663 4217 1767 4267 vir-

189 4306 406 4370 ginem,
437 4303 493 4352 in
529 4299 773 4353 Cwsarea
794 4301 1014 4364 civitate,
1039 4301 1162 4353 dum
1179 4303 1316 4368 apud
1345 4304 1506 4362 ipsum
1535 4304 1761 4367 laterem,

185 4409 320 4463 qua:
367 4392 528 4443 illum
567 4391 632 4443 ab
663 4392 777 4458 ipso
821 4389 1126 4458 Symmacho
1164 4391 1430 4457 interprete
1464 4394 1763 4446 Judworum

1870 3229 2025 3294 liber,
2053 3227 2140 3281 alii
2169 3227 2412 3280 Eusebio.
2443 3223 2550 3277 Nec
2583 3223 2773 3276 mirum
2806 3238 2935 3276 sane
2967 3233 3220 3289 utrosque
3248 3237 3275 3274 a
3303 3221 3399 3275 Ju-

1868 3318 2003 3371 iiana
2030 3315 2296 3383 accepisse
2327 3313 2605 3382 Origeucm
2634 3352 2650 3377 ,
2694 3327 2815 3366 cum
2845 3312 3130 3367 verisimile
3172 3313 3243 3365 sit
3274 3313 3395 3364 uni-

1866 3386 2072 3462 versam
2107 3405 2410 3477 Symmachi
2441 3403 2812 3456 bibliothecam
2842 3402 2907 3456 ad
2933 3400 3196 3456 Julianam
3227 3404 3396 3457 haere-

1866 3499 2057 3553 ditario
2086 3497 2202 3564 jure
2232 3494 2535 3564 pervenisse
2559 3533 2574 3556 ,
2604 3493 2756 3560 cujus
2793 3492 2902 3560 ipsa
2942 3492 3130 3546 deinde
3185 3493 3393 3560 Origeui

1865 3593 2066 3659 copiam
2103 3589 2304 3642 fecerit.
2335 3586 2466 3641 lliuc
2502 3601 2628 3656 ergo
2680 3585 2878 3638 frustra
2923 3583 3189 3636 concludit
3232 3581 3396 3634 Baro-

1865 3682 1980 3733 nius
2008 3678 2312 3748 Symmachi
2361 3673 2853 3743 lnterpretationcm
2885 3682 2939 3725 et
2974 3672 3395 3726 Commentarios

1865 3778 1989 3822 tunc
2015 3769 2080 3820 ab
2107 3765 2334 3834 Origene
2360 3765 2522 3818 fuisse
2553 3764 2817 3824 inventos,
2852 3776 2974 3816 cum
3007 3762 3285 3830 imperium
3315 3771 3391 3814 te-

1863 3866 2013 3910 neret
2040 3856 2288 3916 Severus,
2313 3863 2366 3908 et
2399 3853 2683 3907 Ecclesiam
2717 3852 2853 3904 male
2875 3851 3112 3908 haberet.
3141 3860 3387 3918 propter-

1863 3961 1922 3999 ea
1949 3944 2086 4012 quod
2138 3944 2250 4012 jam
2309 3953 2416 3996 tum
2462 3943 2514 3996 in
2545 3940 2824 4010 Origenis,
2871 3941 3210 4008 omniumque
3260 3941 3391 3994 adeo

1861 4049 2048 4087 manus
2073 4043 2342 4093 venerant,
2372 4047 2489 4084 cum
2524 4031 2858 4091 Maximinus,
2887 4038 2978 4080 attt
3007 4029 3198 4081 Decius
3227 4026 3388 4081 Chri-

1861 4125 2086 4178 Stianam
2123 4122 2494 4190 rempublicam
2524 4127 2903 4188 Oppugnaruut.
2946 4118 3052 4186 (22)
3077 4117 3158 4170 Ac
3183 4118 3226 4169 si
3270 4119 3386 4171 fieri

1862 4227 1965 4266 non
1996 4213 2244 4280 potuerit,
2272 4220 2349 4274 ut,
2391 4210 2634 4278 quamvis
2677 4208 2785 4275 jam
2823 4207 3175 4259 iunotuissent
3208 4206 3386 4260 multis

1861 4302 1939 4354 lue
1971 4300 2360 4353 lucubrationes
2394 4296 2695 4367 Symmachi
2726 4296 2940 4362 ,.ipsum
2976 4302 3148 4347 tamen
3192 4291 3382 4360 Orige-

1863 4406 1980 4442 ncm
2012 4391 2131 4442 aliis
2154 4391 2448 4444 districmm
2477 4387 2631 4440 rebus
2658 4385 2961 4453 elfugerint.
2991 4385 3237 4438 Eamdem
3270 4385 3386 4454 ejus

189 4499 251 4535 se
285 4481 564 4547 accepisse
587 4480 856 4546 referebat.
887 4479 996 4548 (l9)
1027 4479 1282 4543 Quoniam
1315 4490 1488 4534 autem
1519 4482 1640 4534 alibi
1677 4483 1763 4534 do-
1795 4478 1835 4531 D
1864 4477 2204 4530 latitationem
2254 4487 2432 4530 narrat
2483 4475 2740 4528 Eusebius
2789 4474 2924 4528 libro
2949 4491 2999 4528 γι
3029 4513 3045 4538 ,
3071 4489 3186 4542 cap.
3216 4476 3279 4537 5,
3309 4475 3386 4543 ip-

189 4580 288 4624 cct
328 4568 607 4621 Eusebius
632 4566 936 4635 Symmachi
964 4565 1378 4620 Commentarios
1420 4569 1471 4620 in
1520 4570 1759 4637 Evange-

189 4660 335 4714 lium
368 4658 644 4719 Mattbtei,
679 4665 734 4710 et
763 4656 830 4709 ab
859 4670 924 4710 eo
957 4658 1322 4711 concinnatam
1359 4657 1641 4726 Scriptura:
1673 4656 1756 4710 In-

304 4856 392 4926 I9)
421 4853 655 4926 Ettseb.,
684 4851 821 4926 Ilist.
854 4852 1032 4906 eccles.
1069 4851 1164 4906 lib.
1192 4868 1265 4913 vt,
1293 4867 1342 4907 c.
1381 4851 1465 4904 l7.

304 4858 392 4926 I9)
421 4858 655 4919 Euseh.,
684 4858 821 4905 Hist.
854 4858 1032 4906 ecrles.
1070 4858 1164 4906 lib.
1192 4868 1265 4913 vt,
1293 4867 1342 4907 c.
1381 4858 1465 4904 ΓΙ.

270 4858 390 5005 ἱὲίξ)
442 4925 531 4976 An
555 4938 688 5005 fere
721 4921 1068 5005 duren‘tprguvu.
1106 4935 1355 5005 (“iugorum
1376 4920 1760 5005 Δ(ερᾷιξειςηείιιηιὶ-

192 4988 498 5059 quissimus
531 4990 641 5059 dici
663 4989 842 5059 possit.
879 4989 1070 5059 Quidni
1095 4989 1129 5059 7?
1179 4988 1530 5059 Certe_Att_l_tts
1554 4989 1752 5059 Gellius

193 5054 298 5132 qui
333 5061 580 5132 necdum
610 5057 856 5132 ducentis
881 5056 1034 5132 annis
1058 5058 1124 5118 ab
1149 5056 1293 5132 obitu
1316 5054 1516 5132 Virgilii
1560 5056 1755 5132 elapsis

195 5123 306 5184 sub
344 5128 601 5181 Adriano
630 5123 827 5184 ﬂoruit,
855 5125 931 5176 ait
960 5123 1049 5175 lib.
1081 5139 1116 5176 ll
1147 5123 1298 5174 Noct.
1329 5123 1510 5184 Attia,
1550 5137 1666 5190 cap.
1696 5126 1752 5188 5,

197 5211 495 5251 ostensum
555 5194 656 5246 sibi
713 5191 874 5244 fuisse
925 5191 1132 5243 Librum
1179 5190 1432 5243 .‘Eneidos
1479 5192 1758 5243 secundum

197 5265 475 5319 miranda:
491 5261 772 5315 vetustatis
798 5295 814 5322 ,
840 5267 1061 5326 emptum
1089 5261 1140 5311 in
1170 5258 1432 5325 sigillariis
1457 5273 1523 5309 xx
1549 5263 1720 5326 aureis
1742 5301 1756 5321 ,

200 5329 358 5401 que'm
411 5329 808 5401 grammaticus
842 5324 932 5396 qui
975 5324 1306 5391 ostendebat,
1338 5327 1502 5394 ipsius
1557 5324 1758 5395 Virgilii

201 5398 319 5453 esse
339 5398 616 5453 credebat.

283 5469 380 5536 (ἐι
409 5471 427 5533 )
486 5464 672 5536 Neque
731 5462 1012 5536 Scriptum
1035 5458 1527 5536 _lnterpretationem
1556 5460 1760 5536 ‘0‘;th-

205 5530 320 5602 pa“,
350 5530 524 5603 fuisse
547 5530 1004 5603 scriptaruiquam
1029 5531 1150 5603 bene
1185 5530 1752 5603 sgno_persuaa_tebuu_r.

205 5595 278 5658 ἰ).
304 5595 632 5656 ὶὶεηιειιάιιε
654 5595 726 5651 ’(Ιο
753 5595 1078 5650 Μοιιίΐειιιοοη
1106 5596 1154 5647 in
1204 5595 1646 5650 Prteliminaribus
1698 5598 1751 5652 in

207 5665 467 5737 "exopta
515 5665 1014 5737 Origenis,_nionet
1063 5663 1112 5716 in
1169 5664 1266 5737 line
1307 5673 1507 5737 catean
1546 5665 1597 5717 in
1646 5663 1752 5718 Job

202 5743 271 5795 iu
320 5729 520 5805 Anglia
564 5729 720 5788 editae
745 5771 760 5799 ,
803 5733 981 5789 haberi
1017 5740 1173 5786 totum
1207 5731 1384 5786 librum
1428 5729 1524 5786 Job
1555 5749 1743 5799 στιχη-

1862 4580 2082 4633 sumque
2111 4567 2184 4619 ait
2215 4581 2280 4619 ex
2309 4568 2509 4620 uadibus
2543 4565 2593 4618 in
2620 4567 2758 4619 ades
2783 4565 3070 4634 fugientem
3100 4566 3380 4634 migrasse,

1866 4673 1968 4710 nou
2004 4673 2069 4712 ex
2101 4657 2316 4711 urbibus
2351 4657 2401 4710 in
2432 4657 2623 4721 urbes;
2659 4665 2711 4710 et
2759 4665 2864 4709 tota
2911 4656 3040 4710 urbe
3081 4658 3383 4725 neutiquam

1860 4852 1968 4924 ρῶς
2021 4852 2274 4920 scriptum
2330 4852 2394 4905 ad
2449 4852 2599 4907 fidem
2651 4853 2846 4907 veteris
2903 4852 3176 4921 cujusdam
3225 4853 3382 4907 codi-

1857 4938 1944 4975 CIS.

1925 4987 2031 5058 (ἓὲ)
2063 4987 2134 5039 Ac
2155 4989 2198 5058 si
2219 4987 2331 5058 ﬁeri
2357 5003 2454 5040 non
2471 4989 2711 5056 potuerit,
2735 4999 2811 5049 ut,
2835 4990 3194 5058 quamvisjam
3226 4988 3380 5040 inuo-

1855 5056 2264 5127 tuisseut_utultis
2307 5056 2385 5108 ha:
2430 5056 3184 5127 lucubrationesSymmachi,
3211 5058 3377 5127 ipsum

1853 5135 2020 5175 tamen
2051 5123 2344 5191 Origenem,
2371 5135 2470 5177 etc.
2505 5143 2522 5174 ι
2567 5125 2864 5178 Verisimile
2891 5122 3012 5178 'non
3043 5126 3264 5191 videtur,
3297 5122 3377 5172 in-

1853 5189 2360 5262 quitTilletitontius
2410 5193 2461 5244 iu
2487 5192 2629 5261 Orig.
2669 5204 2777 5246 not.
2813 5210 2885 5254 Ix,
2913 5194 3188 5262 Origenem
3221 5189 3374 5255 Sym-

1856 5259 2038 5334 machi
2063 5260 2365 5334 versionem
2406 5275 2476 5334 1:35
2488 5301 2512 5334 ,ε
2558 5259 2680 5334 ante
2707 5276 2874 5334 annos
2907 5259 3225 5334 elaboratam
3262 5265 3368 5306 tam

1855 5341 1996 5388 sero,
2026 5327 2076 5380 id
2101 5337 2180 5380 est
2249 5341 2386 5379 anno
2411 5329 2515 5382 255
2537 5371 2550 5391 ,
2583 5328 2680 5380 sub
2712 5327 3368 5399 Maximiniimpcritthpaj

1856 5385 1995 5448 ctum
2032 5410 2146 5448 esse
2181 5410 2194 5449 :
2227 5404 2499 5463 potestque
2527 5385 2802 5450 commode
2851 5385 3103 5447 Eusebius
3151 5385 3369 5462 intelligi

1859 5473 1949 5533 aut
1993 5465 2057 5516 de
2103 5465 2214 5531 ipso
2243 5465 2542 5533 Symmachi
2595 5465 2920 5533 autographo
2942 5497 2957 5521 ,
2991 5465 3368 5533 nantnexdtttso

1861 5521 2172 5600 Symmacho
2191 5521 2533 5584 illuilJuliana
2565 5521 2871 5598 arcepéra't;
2900 5534 2986 5579 aut
3011 5527 3072 5576 de
3098 5521 3370 5600 (ἶοξιξιιξςξιέ

1859 5584 1992 5652 ῑεῖπὶο
2019 5584 2240 5667 quodam
2267 5601 2567 5670 Symmachi
2596 5584 2648 5670 in
2673 5584 3012 5670 Scripturam,
3030 5601 3132 5670 uel!
3157 5584 3367 5670 fiﬁeitlls

1855 5649 2890 5788 vers—iege:ibidequtevdiicimus‘itifra
2925 5649 3016 5710 lib.
3047 5666 3128 5716 ut,
3153 5662 3269 5714 cap.
3300 5649 3361 5714 4,

1855 5751 1995 5788 num.

1854 5751 1995 5790 num.
