3846 6456
85 510 140 565 Kl

106 632 180 668 aen

1311 459 1869 520 ORIGENIANORUM
1908 459 2030 512 LIB.
2075 460 2113 520 Ι,
2152 459 2299 512 CAP.
2342 460 2401 513 ιι.

196 543 453 651 li
483 547 830 651 ἢιιιξίιδατθ
856 570 1133 646 Origenes
1159 593 1318 637 orsus
1361 593 1463 646 est,
1520 581 1798 649 impulsore

691 664 821 710 που
877 643 1066 719 verbis
1117 643 1672 731 incendebat-solum.
1706 671 1798 724 sed

556 736 756 838 ﬁliam
812 757 1222 823 suppeditabat.
1271 759 1485 828 Legitur
1508 725 1670 829 apud:
1694 760 1795 812 Ce-

170 828 445 926 M41):
478 828 644 895 (ιυοά
679 841 746 888 et
776 840 854 893 ab
878 857 949 897 eo
977 857 1316 913 sumpserunt
1349 846 1538 903 Suidas
1561 828 1571 829 ί
1591 855 1646 903 et
1670 848 1796 917 Gly-

198 953 289 999 ω,
315 910 654 985 Οτίεειιεω
696 940 807 995 per
837 910 1115 989 annon-an
1130 936 1425 991 octodecim
1445 937 1672 1005 Spatium
1698 910 1799 991 Lit-

207 1033 352 1076 wn.
387 1020 594 1066 sacras
635 1012 825 1075 fuisse
860 1023 1290 1095 interpretatum.
1336 1025 1547 1082 Minime
1589 1027 1640 1082 id
1683 1031 1800 1096 qui-

235 1105 344 1156 nam
396 1102 691 1156 consentit
752 1104 979 1165 Eusebii
1036 1112 1350 1176 rationibus,
1399 1113 1487 1182 qui
1518 1113 1797 1183 Origenem

233 1189 594 1259 sexagenario
641 1195 916 1265 majorem
969 1202 1356 1257 Commentariis
1399 1206 1453 1257 in
1496 1203 1798 1261 Matuta-um

234 1280 544 1336 illustrasse
592 1284 824 1352 scribit,
873 1291 1088 1359 triginta
1140 1292 1347 1348 scilicet
1394 1295 1570 1357 annis,
1629 1310 1798 1364 eoque

214 1369 488 1438 amplius,
518 1383 822 1444 postquam
852 1379 1181 1447 Scripturam
1230 1384 1459 1450 primum
1495 1386 1660 1453 carpit
1705 1400 1798 1438 ex-

214 1472 451 1529 ponere.
512 1463 617 1519 Sin
672 1465 748 1522 ita
804 1469 919 1547 bazc
970 1471 1273 1541 accipienda
1326 1483 1540 1527 censeat
1587 1473 1795 1542 aliquis,

201 1551 382 1619 quasi
410 1554 701 1622 quidquid
755 1558 809 1610 in
844 1573 1125 1614 sacrorum
1175 1559 1511 1615 Voluminum
1547 1563 1799 1630 interpreo

201 1644 498 1698 tationem
540 1646 787 1703 diversis
832 1651 1162 1717 temporibus
1201 1652 1296 1707 otii
1344 1653 1569 1707 contulit
1612 1654 1795 1723 Orige-

189 1747 341 1797 nes,
394 1736 730 1791 octodecim
788 1752 1050 1794 annorum
1122 1743 1350 1810 spatium
1421 1745 1792 1811 exaequaverit.

187 1823 444 1895 longius
473 1825 659 1879 etiam
692 1827 990 1891 dissentio;
1022 1829 1280 1897 ejusmodi
1320 1833 1512 1901 quippe
1537 1833 1792 1887 rationem

188 1912 563 1982 neutiquam
602 1916 731 1970 duci
784 1931 940 1986 posse
969 1919 1238 1974 existimo.
1271 1920 1433 1977 Multo
1487 1921 1791 1976 credibilius

171 2009 285 2054 est
312 2015 389 2054 ex
420 2002 584 2056 male
608 2002 755 2058 lecto
783 2005 868 2060 vel
906 2007 1168 2076 descripto
1195 2007 1476 2078 Epiphanii
1524 2008 1633 2078 (45)
1677 2009 1792 2064 loco

174 2100 614 2147 commentum
638 2094 693 2147 id
719 2095 996 2162 prodiisse.
1026 2096 1309 2165 Postquam
1327 2099 1465 2153 enim
1487 2098 1792 2168 abOrigene

176 2180 544 2247 postulasse
572 2184 925 2240 Ambrosium
954 2186 1105 2251 dixit,
1140 2196 1195 2240 ut
1250 2202 1432 2243 sacras
1490 2189 1792 2258 Scripturas

172 2269 723 2340 interpretaretur,
755 2272 807 2327 id
834 2274 909 2328 ait
943 2275 1111 2344 ipsum
1158 2277 1211 2329 in
1242 2276 1402 2348 Tyrio
1444 2293 1652 2334 secessu
1701 2295 1792 2348 per

170 2370 336 2414 octo
364 2374 428 2416 et
458 2363 673 2432 viginti
720 2378 893 2418 annos
936 2363 1143 2420 fecisse.
1175 2365 1283 2436 (ιε)
1332 2368 1448 2423 Alio
1498 2369 1622 2424 item
1677 2370 1791 2424 loco

169 2451 397 2504 divina
446 2451 754 2506 Volumina
788 2452 1068 2521 Origenem
1100 2455 1223 2523 Tyri
1253 2457 1439 2511 scribit
1479 2458 1792 2527 explanasse

172 2539 295 2591 ἐπὶ
337 2538 447 2609 ἐτη
480 2545 606 2609 κη’.
638 2540 900 2595 Similiter
932 2541 1149 2606 Suidas,
1176 2544 1307 2599 alios
1337 2555 1548 2600 secutus
1568 2586 1583 2612 ,
1613 2555 1793 2600 narrat

169 2624 505 2680 Ambrosii
548 2636 747 2696 rogatu
800 2626 1108 2697 Scripturas
1150 2627 1431 2700 Origenetn
1484 2635 1792 2702 explanasse

173 2715 292 2767 ἐπὶ
333 2715 439 2786 ἐτη
487 2723 592 2786 ιη’.
632 2714 794 2773 Vides
837 2733 1090 2784 germana
1122 2719 1233 2775 haec
1274 2735 1458 2775 eorum
1505 2738 1626 2777 esse
1675 2739 1791 2793 quae

174 2807 442 2873 scripsit
504 2806 881 2876 Epiphanius;
947 2822 1296 2879 praeterquam
1348 2815 1487 2875 quod
1543 2829 1792 2868 numerus

174 2900 283 2964 κη’
358 2896 416 2948 in
485 2902 563 2965 ιη’
620 2897 985 2965 degeneravit.
1028 2899 1102 2952 De
1158 2915 1400 2954 secessus
1446 2913 1618 2956 autem
1646 2904 1789 2973 Tyrii

180 2984 415 3048 spatio,
467 2982 633 3051 quiod
692 2985 985 3051 assignavit
1029 2987 1386 3056 Epiphanius,
1447 2994 1788 3057 quaestionem

180 3073 378 3140 paulo
414 3081 556 3143 post
591 3074 930 3129 habebimus.

3329 458 3431 511 658

1828 584 1868 637 Α
1897 588 1940 630 et
1969 577 2190 646 amplius
2228 579 2455 630 notarios
2477 620 2492 642 ,
2525 595 2795 647 eorumque
2833 594 3100 647 expensas,
3124 588 3169 630 et
3192 578 3430 629 .tbrariu.

1902 683 2015 719 rum
2043 682 2215 733 parem
2247 682 2512 719 numerum
2538 683 2557 719 :
2584 669 2815 736 quodque
2845 668 2925 721 Itis
2954 667 3122 736 majus
3144 675 3237 723 est.
3266 665 3429 717 incre-

1900 756 2046 809 dibili
2073 755 2244 807 studio
2276 755 2501 821 quotidie
2538 756 2600 807 ab
2654 771 2711 808 eo
2752 771 2877 822 opus
2917 757 3142 823 exigens.
3189 752 3337 807 Unde
3372 755 3426 807 in

1897 843 2122 911 quadam
2149 844 2366 910 epistola
2403 842 2790 912 ἑργοδιώκτην
2820 862 2932 898 eum
2977 843 3219 911 Origenes
3257 849 3425 900 vocat.

1899 932 1987 986 Sic
2015 947 2076 986 ea
2107 935 2310 999 accepit
2343 934 2622 1001 interpres,
2661 934 2807 1000 quasi
2842 948 2942 986 una
2971 920 3109 986 senie
3144 931 3424 986 scribenda

1897 1022 2003 1075 siut
2027 1022 2122 1074 ista
2157 1039 2170 1074 :
2203 1019 2267 1073 In
2289 1036 2390 1089 qua
2422 1030 2667 1086 prtesente
2691 1020 2908 1089 Origene
2945 1037 2997 1073 se
3026 1021 3167 1091 loqui
3195 1022 3247 1074 in
3268 1020 3428 1075 eccle-

1894 1110 1972 1163 sia
2007 1110 2263 1179 signiﬁcat
2314 1111 2369 1163 in
2413 1109 2568 1178 hujus
2621 1111 3041 1173 inmutationem,
3090 1121 3197 1165 tum
3236 1111 3426 1166 deinde

1897 1197 2201 1264 opponenda
2254 1198 2318 1250 sil
2370 1197 2546 1250 τελεία
2602 1198 2820 1266 στιγμή.
2890 1196 2978 1249 Sic
3024 1199 3163 1249 enim
3216 1198 3422 1252 vertit:

1910 1287 1993 1339 Ἐν
2017 1281 2096 1348 οἷς
2128 1286 2385 1357 παρόντος
2422 1287 2717 1355 Ὠριγένους
2744 1285 2923 1338 ἑαυτὸν
2943 1284 3267 1354 ὡμιληκέναι
3288 1287 3427 1340 κατὰ

1898 1376 2122 1445 μίμησιν
2164 1376 2321 1428 αὑτοῦ
2351 1378 2406 1427 ὲν
2449 1379 2511 1444 τῇ
2562 1375 2819 1445 ἐκκλησίᾳ
2863 1374 3038 1446 δηλοῖ·
3094 1376 3423 1444 Ἀμὸρόσιος,

1892 1466 2066 1518 ὅντινα
2095 1465 2199 1518 ἀπὸ
2224 1465 2318 1533 τῆς
2346 1465 2544 1534 πλάνης
2568 1465 2878 1534 Μαρκίωνος
2917 1467 2994 1527 είς
3028 1464 3123 1533 τὴν
3172 1465 3425 1535 ἀληθινὴν

1893 1553 2069 1606 πίστιν
2084 1553 2395 1625 ἐπιπρέψαι
2425 1555 2756 1624 προείρηται,
2778 1554 3143 1623 προύτρέψατο
3170 1538 3424 1622 Ὧριγένει

1893 1642 1987 1705 τὰς
2010 1642 2159 1706 θείας
2176 1629 2611 1713 ὑπομνηματίσαι
2634 1643 2867 1712 Γραφὰς,
2899 1642 3252 1711 παρεσχηκὼς
3278 1642 3424 1712 αὑτῷ

1893 1731 2031 1785 ἑπτὰ
2059 1732 2092 1802 ἢ
2126 1733 2218 1785 καὶ
2243 1732 2453 1794 πλείους
2480 1732 2773 1802 νοταρίους.
2807 1731 2986 1797 Neque
3014 1731 3112 1785 hac
3140 1734 3241 1784 line
3277 1732 3423 1786 stetit

1899 1819 2132 1885 malum;
2166 1821 2231 1873 ad
2281 1821 2535 1887 prisnnos
2587 1821 2844 1887 siquidem
2899 1834 3111 1873 errores
3165 1834 3420 1873 novorum

1823 1893 1863 1948 Β
1894 1911 2252 1965 accessionem
2282 1910 2408 1963 fecit
2434 1908 2657 1962 Photius
2680 1949 2693 1971 ,
2743 1907 2823 1960 vir
2866 1908 3098 1974 alioquin
3147 1900 3424 1960 fitterariis

1891 2000 2130 2052 laudibus
2163 1997 2436 2051 abundans
2468 2016 2481 2049 ;
2513 1996 2651 2049 hunc
2680 1997 2876 2065 quippe
2900 1995 3293 2064 llieronymiani
3336 1997 3421 2047 in-

1893 2087 2139 2156 terpretis
2164 2099 2316 2155 quem
2343 2093 2555 2138 secutus
2581 2093 2690 2141 est.
2746 2085 2916 2137 locum
2979 2083 3066 2135 tali
3124 2085 3420 2137 interductu

1890 2174 2130 2229 distinxit
2159 2175 2276 2227 :‘Ev
2297 2170 2374 2236 οἷς
2399 2172 2658 2241 παρόντος
2695 2170 2994 2242 Ὡριγένους
3016 2170 3198 2223 ἑαυτὸν
3216 2168 3420 2240 ὡμιλη-

1890 2265 2038 2318 κέναι
2085 2262 2222 2317 κατὰ
2277 2262 2500 2332 μίμησιν
2551 2259 2707 2314 αὐτοῦ
2766 2263 2821 2312 ὲν
2862 2263 2925 2330 τῇ
2977 2259 3235 2329 ἐκκλησίᾳ
3277 2258 3424 2329 δηλοῖ

1902 2354 2235 2424 Ἀμϐρόσιος,
2264 2353 2437 2404 ὅντινα
2467 2351 2570 2403 ἀπὸ
2601 2351 2698 2419 τῆς
2743 2350 2942 2419 πλάνης
2981 2349 3296 2419 Μαρκίωνος
3343 2351 3421 2411 εἰς

1888 2444 1982 2513 τὴν
2006 2439 2253 2511 ἀληθινήν
2273 2442 2447 2492 πίστιν
2462 2439 2775 2511 ἐπιστρέψαι
2797 2438 3135 2510 προείρηται·
3164 2438 3422 2509 προύτρὲ-

1888 2532 2022 2600 ψατο
2052 2530 2273 2600 (supple,
2317 2528 2642 2596 Ἱππόλυτος)
2687 2529 2944 2598 Ὠριγένει
2974 2527 3071 2591 τὰς
3102 2527 3249 2590 θείας
3291 2529 3420 2581 ὑπο-

1895 2622 2225 2692 μνηματίσαι
2253 2620 2489 2691 Γραφὰς,
2520 2619 2873 2691 παρεσχηκὼς
2904 2619 3049 2690 αὐτῷ
3080 2619 3233 2681 ἑπτὰ,
3265 2620 3297 2689 ἢ
3328 2619 3419 2672 καὶ

1890 2709 2103 2771 πλείους
2137 2707 2426 2777 νοταρίους.
2464 2705 2537 2759 lla
2570 2706 2758 2774 legisse
2798 2706 3040 2759 Phutium
3072 2706 3203 2776 (ιδ’)
3240 2707 3416 2760 decla-

1891 2808 2008 2852 rant
2035 2799 2144 2851 hatc
2172 2797 2309 2849 illius
2340 2812 2354 2847 :
2400 2795 2623 2863 Λέγεται
2660 2795 2714 2847 δὲ
2747 2797 2838 2847 καὶ
2866 2788 3015 2857 οὗτος
3060 2794 3416 2865 (Ἱππόλυτος)

1890 2886 2229 2957 προσομιλεῖν
2276 2885 2352 2955 τῷ
2395 2885 2505 2954 λαῷ
2540 2883 2680 2938 κατὰ
2718 2884 2942 2953 μίμησιν
2981 2884 3306 2954 Ὠριγένους,
3356 2879 3415 2937 οὗ

1889 2977 1980 3028 καὶ
2012 2974 2239 3045 συνήθης
2269 2974 2495 3044 μάλιστα
2522 2977 2611 3025 καὶ
2642 2971 2872 3042 ἐραστὴς
2906 2970 3013 3022 τῶν
3039 2970 3208 3036 λόγων
3243 2970 3417 3040 ὑπῆρ-

1890 3083 2000 3135 χεν,
2027 3067 2099 3129 ὡς
2125 3067 2216 3119 καὶ
2241 3063 2639 3135 προτρέψασθαι
2664 3063 2842 3125 αὐτὸν,
2868 3063 2964 3133 τὴν
2997 3061 3142 3115 θείαν
3175 3062 3415 3131 ὑπομνη-

269 3162 513 3217 Scribit
526 3162 897 3240 Hieronymus
922 3163 998 3217 De
1021 3167 1197 3234 script.
1224 3168 1402 3223 eccles.
1436 3170 1486 3223 in
1518 3173 1786 3243 Hippolyt.

1893 3154 2369 3225 ματίσαιΓραφήνυ
2414 3152 2819 3221 ἐγκαταστήσας
2861 3150 3005 3221 αὐτῷ
3049 3152 3141 3204 καὶ
3181 3152 3413 3220 ὑπογρα-

180 3252 589 3307 Atnbrosium
612 3252 679 3304 ad
708 3250 991 3307 Librorum
1015 3268 1287 3309 sacrorum
1305 3241 1791 3328 interpretationem

1892 3244 2021 3312 φέας
2048 3243 2183 3296 ἑπτὰ
2209 3242 2600 3328 ταχυγράφους,
2636 3242 2724 3292 καὶ
2750 3241 2962 3311 ἐτέρους
2990 3241 3265 3305 τοσούτους
3285 3242 3417 3312 γρά-

186 3340 525 3407 Origenem
587 3338 881 3405 incitasse,
929 3341 982 3395 in
1057 3345 1446 3401 aemulationem
1506 3347 1788 3421 Hippolyti,

187 3433 382 3487 editis
428 3432 558 3500 jam
618 3430 673 3483 in
725 3432 1054 3500 Scripturain
1104 3436 1346 3502 plurimis
1391 3442 1791 3497 commentariis

186 3522 426 3589 optime
444 3523 521 3574 de
536 3520 780 3575 Ecclesia
801 3523 999 3577 meriti.
1042 3522 1415 3596 Hieronymum
1439 3528 1626 3585 fefellit
1656 3533 1790 3587 nmle

185 3611 548 3667 intellectus
579 3609 880 3674 Eusebius,
926 3612 1015 3680 qui
1052 3622 1170 3681 post
1220 3628 1555 3671 enumeralas
1597 3619 1790 3688 Hippo-

186 3702 303 3771 lyti
335 3702 690 3768 scriptiones
734 3702 848 3755 haec
896 3701 1167 3771 subiungit
1195 3703 1285 3761 lib.
1319 3721 1366 3759 νι
1402 3705 1565 3771 Ηίειη
1596 3726 1644 3764 c.
1679 3711 1785 3766 25:

182 3793 298 3858 Ἐξ
319 3793 555 3845 ἐκείνου
585 3791 645 3843 δὲ
667 3792 1031 3863 καὶὨριγένει
1058 3792 1163 3845 τῶν
1188 3796 1265 3856 είς
1292 3795 1386 3858 τὰς
1415 3795 1559 3859 θείας
1574 3798 1788 3868 Γραφὲις

183 3881 649 3954 ὑπομνημάτων
688 3881 893 3949 ἐγίνετο
924 3881 1099 3952 ἁρχὴ,
1151 3883 1462 3953 Ἀμϐροσίου
1501 3889 1557 3948 ἐς
1588 3887 1653 3940 τὰ
1688 3888 1788 3957 μά-

181 3974 374 4027 λιστα.
423 3970 835 4042 παρορμῶντος
876 3972 1053 4025 αὐτόν.
1097 3973 1149 4026 Id
1202 3983 1284 4027 est
1324 3990 1336 4024 :
1370 3975 1445 4028 Ab
1486 3992 1546 4030 eo
1591 3996 1787 4049 quoque

178 4075 455 4128 tempore
490 4062 717 4128 Origeui
741 4061 796 4113 in
839 4062 1039 4115 diuinas
1068 4061 1362 4129 Scripturas
1414 4070 1786 4122 commentandi

180 4153 438 4207 initium
491 4151 704 4219 factum
736 4159 832 4215 est,
867 4149 1014 4202 valde
1039 4164 1156 4203 eum
1198 4150 1441 4203 incitante
1492 4154 1781 4208 Ambrosio.

181 4240 606 4310 Hieronymus
637 4246 818 4291 autem
851 4251 1033 4292 vocem
1060 4238 1224 4301 hanc,
1253 4240 1479 4305 ἐκείνου,
1514 4257 1629 4310 qua:
1662 4259 1784 4311 per-

179 4332 432 4385 tinebat
459 4328 531 4382 ad
552 4336 790 4396 tempus,
818 4340 1091 4394 perperam
1114 4330 1180 4380 ad
1204 4327 1541 4398 Hippolytum
1569 4333 1783 4387 retulit:

174 4422 264 4475 de
299 4436 425 4489 quo
482 4417 669 4473 simile
719 4418 850 4471 nihil
898 4418 1059 4472 habet
1099 4416 1446 4487 Nicephorus.
1492 4418 1608 4474 1am
1660 4431 1781 4476 ante

1890 3348 2081 3401 φοντας
2125 3332 2203 3393 είς
2248 3329 2436 3391 κάλλος
2459 3370 2474 3393 ,
2509 3322 2582 3382 ὧν
2632 3324 2696 3397 ἦν
2739 3331 2828 3380 καὶ
2859 3328 2957 3398 τῆς
2986 3330 3222 3399 δαπάνης
3259 3330 3416 3393 αὐτὸς

1887 3420 2143 3491 χορηγός”
2170 3420 2263 3473 καὶ
2285 3418 2451 3472 ταῦτα
2488 3418 2913 3488 ὑπηρετούμενος
2951 3420 3095 3489 αὐτῷ
3115 3459 3129 3482 ,
3175 3422 3416 3475 ἀπαιτεῖν

1887 3510 2043 3564 αὐτὸν
2068 3511 2445 3581 ἀπαραιτήτως
2468 3510 2525 3561 τὸ
2547 3508 2721 3579 ἔργον.
2753 3509 2839 3574 Ἐξ
2861 3504 2920 3562 οὗ
2952 3511 3043 3562 καὶ
3064 3508 3415 3579 ἐργοδιὼκτην

1887 3602 1943 3652 ἐν
1988 3600 2085 3670 μιᾷ
2129 3599 2233 3651 τῶν
2279 3599 2566 3652 ἐπιστολῶν
2614 3599 2759 3670 παρὰ
2803 3600 3099 3669 Ὠριγένους
3135 3599 3412 3670 κληθῆναι.

1885 3689 2012 3755 Quae
2040 3704 2157 3743 cum
2190 3704 2254 3743 ex
2283 3687 2585 3759 Hieronymi
2628 3688 2812 3745 Grmco
2853 3690 3143 3760 interprete
3180 3692 3416 3746 derivata

1885 3777 2011 3842 sint,
2036 3776 2342 3830 manifestus
2364 3784 2445 3831 est
2469 3778 2814 3845 quorumdam
2829 3791 3007 3840 error,
3032 3777 3262 3833 virorum
3282 3777 3416 3830 male

1883 3865 2252 3935 suspicacium,
2280 3865 2367 3933 qui
2403 3877 2655 3931 nuperum
2690 3880 2820 3935 opus
2868 3879 2985 3919 esse
3022 3865 3410 3933 interpretatio-

1886 3973 2002 4010 llt‘m
2041 3956 2174 4007 hanc
2208 3954 2522 4016 coniectant.
2553 3953 2814 4008 Caeterum
2849 3955 2970 4009 hinc
2999 3954 3261 4023 aliquibus
3288 3968 3414 4024 per-

1883 4060 2095 4099 suasum
2125 4043 2224 4097 fuit
2265 4042 2599 4113 Hippolytum
2631 4041 2876 4113 Origeni,
2933 4059 3034 4098 non
3080 4044 3413 4099 Ambrosium

1885 4134 1949 4185 ad
1977 4130 2315 4201 explicandus
2337 4133 2410 4186 rei
2437 4131 2708 4186 litteraria:
2736 4144 2973 4200 sumptus
2999 4142 3188 4201 priesto
3213 4132 3410 4188 fuisse:

1883 4220 2019 4289 quod
2053 4234 2210 4287 quam
2244 4234 2426 4274 verum
2460 4219 2548 4283 sit,
2578 4217 2743 4274 lector
2765 4220 3052 4285 existimet,
3081 4230 3135 4276 et
3162 4218 3417 4289 quemadu

1884 4309 2092 4363 modum
2124 4306 2267 4363 falsa:
2290 4308 2565 4377 opiniones
2589 4308 2738 4376 quasi
2767 4322 2830 4361 ex
2865 4309 3079 4363 traduce
3122 4324 3413 4378 propagen-

1885 4408 1986 4454 tur.
2065 4397 2259 4452 Fraudi
2328 4397 2518 4466 quippe
2572 4396 2668 4450 fuit
2744 4396 3063 4467 Hieronymo
3134 4398 3409 4462 Eusebius,

178 4485 461 4565 Henrico
496 4507 719 4562 Valesio
743 4507 795 4561 id
825 4507 1166 4561 observatum
1208 4485 1308 4561 est.
1351 4508 1558 4562 Falsam
1596 4511 1781 4566 Hiero.

1892 4488 2064 4543 [ξι-ιεεο
2093 4487 2364 4554 interpreti
2389 4485 2764 4554 Hierouynuts,
2791 4485 2979 4541 Photio
3010 4485 3227 4542 Griecus
3251 4487 3413 4541 inter-

174 4601 365 4671 nymi
414 4597 851 4666 explicationem
902 4611 1038 4650 nova
1095 4599 1473 4665 deprauatione
1527 4604 1784 4668 pervertit

175 4697 411 4742 auctor
440 4685 657 4741 Graeca:
696 4685 1155 4750 interpretationis
1193 4684 1308 4737 libri
1346 4683 1420 4736 De
1452 4689 1783 4754 scriptoribus

173 4774 621 4832 ecclesiasticis.
643 4770 770 4826 Hinc
795 4771 956 4825 habet
976 4770 1328 4841 Hieronymus
1360 4790 1373 4824 :
1405 4769 1618 4838 Scripsit
1646 4774 1787 4841 (Hip-

179 4866 464 4937 polytus)
520 4861 812 4918 nonnullos
854 4862 909 4913 in
961 4860 1256 4930 Scripturas
1302 4862 1723 4925 commentarios,
1758 4878 1787 4915 e

175 4958 409 5030 quibus
440 4956 542 5008 hos
574 4952 774 5020 reperi:
802 4952 856 5001 in
889 4944 1237 5017 Ἐξαήμερον
1259 4988 1275 5002 .
1307 4988 1319 5001 .
1349 4990 1362 5002 .
1383 4987 1398 5000 .
1419 4989 1434 5002 .
1465 4948 1538 5001 De
1562 4948 1781 5010 Pascha,

173 5050 520 5105 Adversum
547 5058 728 5097 omnes
745 5044 984 5103 htereses,
1011 5051 1057 5092 et
1084 5040 1237 5108 Πρὸς
1260 5036 1516 5108 ὁμιλιῶν,
1546 5038 1616 5091 De
1638 5040 1788 5092 laude

178 5139 437 5195 Domini
472 5133 811 5195 Saluatoris;
854 5134 907 5184 iu
947 5148 1048 5199 qua
1080 5143 1327 5197 prwsente
1361 5129 1582 5197 Origene
1617 5145 1671 5181 se
1712 5130 1788 5183 lo-

171 5231 301 5298 qui
348 5231 409 5280 in
468 5221 723 5278 Ecclesia
758 5220 1037 5288 signiﬁcat.
1087 5219 1151 5271 In
1202 5220 1355 5287 hujus
1411 5218 1787 5271 a’mulationem

174 5314 563 5377 Ambrosius,
619 5325 774 5378 quem
818 5309 882 5361 de
937 5307 1214 5361 Marcionis
1252 5309 1435 5360 Iuere’st'
1495 5307 1563 5357 ad
1618 5322 1785 5359 veram

173 5409 378 5472 ﬁdem
402 5412 715 5457 correctum
731 5398 985 5459 diximus,
1015 5398 1308 5449 cohortatus
1336 5406 1408 5449 est
1445 5394 1711 5464 Origenem
1736 5399 1786 5449 iu

175 5496 540 5561 Scripturas
568 5486 982 5543 commentarios
1007 5486 1242 5548 scribere,
1265 5487 1490 5553 praebens
1523 5486 1567 5537 ei
1598 5496 1784 5551 septem

281 5690 411 5757 (45)
440 5684 652 5757 Epiph.
689 5682 823 5757 Inger.
852 5678 940 5739 64,
973 5693 1088 5746 cap.
1119 5680 1167 5731 5.

288 5745 407 5830 {46)
436 5745 678 5822 equipt."
714 5745 790 5798 De
809 5760 969 5799 meus.
996 5745 1227 5814 etportd.,
1257 5764 1301 5835 c.
1338 5749 1417 5800 18.

1887 4594 2031 4651 pres,
2056 4577 2344 4632 innumeris
2374 4577 2491 4629 aliis
2517 4579 2627 4645 ipse
2652 4575 2888 4638 Pbotius,
2919 4583 2972 4629 et
3002 4591 3157 4645 quem
3203 4577 3270 4633 ab
3311 4577 3414 4631 alio

1888 4667 2242 4737 unusquisque
2275 4666 2476 4735 accepit
2516 4681 2785 4729 errorem,
2816 4666 2965 4720 novis
3006 4667 3196 4720 deinde
3225 4682 3414 4722 cumu-

1889 4758 2029 4815 lavit.
2075 4754 2202 4810 Sed‘
2231 4757 2340 4810 haec
2387 4756 2657 4809 hactenus.
2699 4752 2955 4810 Omnibus
3021 4756 3180 4823 igitur
3257 4757 3415 4809 rebus

1886 4846 2101 4913 Origeni
2133 4845 2501 4899 commodabat
2524 4845 2863 4911 Ambrosius,
2893 4854 2944 4899 et
2980 4860 3307 4914 quaecunque
3349 4847 3412 4909 ad

1891 4933 2127 5000 corporis
2162 4932 2357 4985 cultum
2386 4930 2738 4998 pertinebant,
2766 4946 2829 4986 ac
2864 4932 3035 5003 studia
3055 4971 3071 4998 ,
3103 4932 3246 5000 large
3271 4933 3410 4994 huic,

1891 5023 2041 5090 quasi
2071 5023 2269 5089 virgula
2295 5022 2491 5085 divina,
2519 5024 2584 5074 ab
2633 5035 2696 5076 eo
2746 5022 3133 5091 praebebantur.
3173 5022 3414 5076 Notarius

1893 5115 2065 5181 itaque
2090 5113 2318 5166 habebat
2349 5111 2412 5164 ad
2447 5126 2657 5164 manum
2699 5112 2813 5181 plus
2837 5121 3070 5180 septem,
3100 5113 3187 5180 qui
3222 5112 3412 5164 dictata

1893 5218 1955 5253 ex
1980 5216 2075 5254 ore
2110 5199 2371 5268 loquentis
2400 5205 2740 5272 exciperent,
2773 5202 2986 5254 totidem
3019 5200 3260 5254 librarios
3291 5208 3410 5246 cum

1893 5292 2096 5359 puellis,
2122 5305 2240 5358 quae
2262 5303 2606 5360 properanter
2634 5292 2832 5360 scripta
2872 5290 3089 5344 nitidius
3111 5291 3410 5342 exorarent.

1961 5381 2046 5433 IX.
2078 5380 2187 5449 (47)
2215 5378 2395 5448 Neque
2422 5380 2521 5435 sibi
2546 5394 2675 5435 sane
2720 5381 2819 5434 hac
2840 5378 3015 5430 oblata
3040 5374 3291 5445 facultate
3318 5367 3412 5419 de-

1894 5470 2026 5535 fuit;
2073 5470 2536 5526 beneﬁcentissimi
2579 5469 2774 5538 quippe
2820 5466 3049 5522 hominis
3098 5455 3413 5516 liberalitale

1961 5679 2299 5751 (tenellae,
2327 5681 2449 5751 cod.
2476 5681 2595 5751 tsi.

1957 5741 2297 5821 (‘47)'Enseb.,
2333 5748 2533 5805 Hister.
2564 5749 2653 5804 lib.
2681 5764 2752 5812 rt,
2777 5760 2889 5812 cap.
2918 5741 3006 5795 24.
