3846 6412
534 431 635 489 659
1764 424 1820 478 P.
1857 423 2168 477 DANlELlS
2201 419 2432 478 HUETII
3579 408 3659 464 tuo

533 563 679 611 usus,
713 559 946 613 qumque
978 544 1186 612 priores
1217 543 1715 597 Commentariorum
1733 546 1784 595 in
1807 543 2060 599 Joannem
2089 547 2133 601 A
2165 539 2594 609 frequentatione
2649 535 2798 589 aliud
2859 529 3194 584 Atheniense
3221 527 3318 581 iter
3371 528 3434 581 ab
3473 526 3672 608 Origene:

531 645 719 696 tomos,
746 642 798 686 et
831 634 1035 686 initium
1061 634 1197 687 sexti
1224 633 1560 686 Alexandria
1586 635 1684 687 hoc
1712 643 1974 704 tempore,
2007 646 2059 690 et
2159 635 2284 686 olim
2333 630 2675 684 adolescente
2726 623 3043 678 institutum
3079 619 3383 690 contingant
3409 618 3659 686 Baronius,

527 741 590 779 ex
627 723 878 785 Achaico,
914 724 1052 790 quod
1095 737 1216 776 mox
1270 737 1619 790 exponemus,
1671 725 1859 778 itinere
1897 726 2060 779 redux
2159 721 2225 773 ad
2250 736 2336 773 an.
2363 720 2489 784 2'52,
2521 732 2668 772 num.
2698 716 2750 778 4,
2782 723 2835 767 et
2867 710 3126 766 Petavius
3155 707 3220 761 ad
3246 707 3429 774 Epipb.
3453 707 3565 760 har.
3592 709 3661 772 64,

525 812 838 868 elaboravit.
879 810 1012 865 Octo
1043 812 1169 866 item
1211 813 1418 881 priores
1466 816 1519 866 in
1560 811 1792 867 Genesim
1829 825 1998 869 tmnos
2032 831 2062 870 e
2159 823 2276 875 caP-
2306 809 2508 871 “nam
2537 808 2604 858 δά
2633 800 2998 873 βῖιίΙοεοβῗιοδ
3021 808 3076 853 θι
3105 795 3662 862 Γδθίθτθείδληίθυὴδ*

525 902 803 955 duodecim
856 902 1126 968 confecit;
1182 902 1414 972 psalmos
1453 905 1516 957 ad
1568 905 1676 959 hac
1716 907 1957 972 exposuit
1984 907 2062 959 vi-

2168 913 2372 966 cunque
2395 897 2569 949 atatis
2604 893 2879 953 homines,
2911 903 3089 957 neque
3128 885 3410 941 verisimile
3451 896 3527 939 est
3563 887 3659 940 Ori-

523 992 652 1058 ginti
682 996 914 1060 quinque
935 994 1160 1062 priores,
1183 994 1426 1061 quamvis
1449 994 1624 1062 plures
1647 995 1807 1047 etiam
1839 996 2062 1068 subinde
2161 1003 2348 1056 genem
2401 985 2774 1053 philosOpbia,
2822 981 3261 1048 reliquarumque
3315 975 3662 1068 disciplinarum

522 1082 874 1144 enarrarerit,
909 1090 966 1134 ut
991 1083 1228 1136 dicemus
1260 1081 1442 1146 infra;
1477 1092 1529 1135 et
1567 1081 1810 1136 Jeremia
1850 1097 2063 1150 quoque
2162 1092 2341 1130 amore
2365 1075 2698 1144 flagrantem,
2731 1075 2788 1125 in
2816 1087 2879 1126 ea
2912 1073 3194 1139 degentem
3231 1068 3357 1120 urbe
3382 1080 3490 1134 qua
3513 1067 3666 1119 artium

523 1169 934 1224 Lamentationes
975 1172 1100 1225 totis
1148 1173 1510 1226 voluminibus
1558 1173 1934 1238 interpretatus
1961 1180 2058 1225 est.
2161 1169 2394 1222 omnium
2421 1167 2689 1220 inventrix
2718 1165 3044 1225 haberetur,
3069 1160 3197 1214 etin
3225 1174 3322 1228 qua
3349 1173 3462 1211 cum
3489 1158 3666 1220 civium,

522 1262 671 1314 Adde
690 1261 852 1314 libros
875 1261 949 1312 De
967 1262 1232 1328 principiis
1262 1270 1316 1314 et
1334 1260 1687 1328 Στρωματεῒς
1709 1263 1910 1324 decem,
1931 1274 2064 1329 quos
2166 1268 2275 1310 tum
2301 1259 2630 1309 advenarum
2677 1254 3015 1321 pracipuum
3048 1259 3190 1302 esset
3208 1248 3433 1301 studium
3455 1247 3561 1299 novi
3585 1247 3666 1300 ali-

523 1352 708 1405 eadem
744 1338 1062 1417 tempestate
1097 1351 1432 1405 Alexandria
1464 1351 1788 1418 composuit.
2163 1347 2287 1412 quid
2320 1345 2402 1398 vel
2427 1345 2630 1408 dicere,
2685 1342 2768 1395 vel
2807 1341 3022 1403 audire,
3063 1347 3222 1392 atate
3256 1335 3412 1390 luisse
3453 1336 3665 1390 absterri-

596 1442 661 1495 Χ.
711 1441 820 1512 (48)
846 1442 936 1495 His
960 1443 1221 1494 intentum
1262 1443 1451 1495 studiis
1485 1441 1770 1508 Origenem
1810 1441 2063 1508 intcrpel-
2165 1447 2273 1489 tum
2302 1437 2592 1502 quominus
2623 1433 2866 1486 civitatis
2897 1428 3297 1484 consuetudine
3319 1427 3380 1480 ad
3403 1426 3664 1492 explendam

526 1534 706 1586 larunt
773 1533 978 1601 negotia
1037 1533 1431 1596 ecclesiastica,
1487 1546 1710 1599 quorum
1785 1532 1951 1600 gratia
2011 1535 2062 1582 ln
2164 1527 2503 1595 cupiditatem
2545 1533 2818 1579 uteretur.
2857 1522 3035 1588 Supra
3071 1519 3287 1588 quidem
3326 1517 3667 1572 observavimus

524 1621 776 1675 Athaiam
809 1620 1074 1689 profectus
1095 1631 1194 1673 est.
1228 1619 1447 1688 Negotia
1471 1621 1558 1673 illa
1583 1636 1698 1688 qua
1717 1620 1939 1681 fuerint,
1962 1633 2064 1672 non
2167 1618 2439 1671 testificari
2471 1616 2862 1684 Porphyrium,
2889 1613 2957 1664 ad
2984 1611 3258 1664 Plotinum
3307 1608 3478 1661 Roma
3499 1607 3667 1676 publice

526 1711 785 1777 expressit
817 1709 1108 1775 Eusebius;
1139 1711 1418 1775 Baronius,
1449 1711 1513 1764 ad
1547 1726 1634 1764 an.
1665 1711 1792 1774 250,
1829 1725 1974 1763 num.
2009 1710 2064 1772 7,
2165 1709 2444 1761 docentem
2464 1703 2758 1772 aliquando
2785 1699 3092 1754 accessisse
3114 1695 3392 1765 Origenem
3417 1696 3666 1764 quemdam,

529 1801 852 1869 conjectnris
883 1801 1120 1867 reperire
1149 1802 1352 1863 voluit;
1399 1815 1569 1869 caque
1604 1802 1670 1854 de
1697 1815 1856 1852 causa
1892 1800 2066 1866 profe-
2103 1857 2138 1869 ἢ
2167 1800 2325 1853 alium
2359 1800 2424 1852 ab
2453 1795 2803 1856 Adamantio,
2850 1792 3054 1845 Plotini
3083 1789 3364 1859 aqualem,
3391 1802 3544 1855 eoque
3561 1802 3664 1840 con-

529 1901 667 1945 ctum
700 1891 750 1944 in
774 1890 1031 1944 Graciam
1054 1891 1332 1959 Origenem
1359 1892 1583 1956 divinat,
1611 1890 1721 1958 (49)
1755 1899 1810 1943 ut
1840 1890 2068 1956 Nicopo-
2102 1879 2141 1910 ’³
2167 1901 2346 1960 specto
2379 1892 2575 1944 victum
2617 1888 2826 1957 pudore
2855 1885 3129 1938 Plotinum
3179 1881 3380 1936 dicendi
3425 1880 3560 1933 finem
3602 1879 3660 1932 le-

530 1981 705 2034 litana
735 1981 981 2034 editionis
1009 1983 1153 2033 circa
1194 1983 1302 2034 hac
1334 1990 1570 2047 tempora
1597 1989 1820 2047 reperta
1852 1994 2067 2046 compos
2167 1983 2323 2036 cisse.
2352 1979 2506 2032 Prius
2532 1979 2672 2032 idem
2699 1981 2913 2030 factum
2944 1977 3174 2046 legimus
3206 1989 3233 2026 a
3257 1971 3441 2031 Tullio,
3470 1970 3546 2038 qui
3579 1980 3670 2021 octo

531 2071 702 2124 lieret.
749 2069 852 2123 Sed
907 2083 1160 2138 quorsum
1210 2071 1273 2121 ad
1306 2070 1634 2137 excogitatas
1692 2067 2067 2121 descendemus
2163 2073 2273 2141 jam
2310 2081 2363 2125 et
2391 2070 2579 2140 viginti
2615 2085 2790 2123 annos
2828 2079 3013 2130 natus,
3039 2083 3161 2120 cum
3192 2065 3367 2119 Roma
3393 2070 3520 2116 esset
3557 2061 3670 2114 hicn.

530 2157 886 2224 conjecturas,
921 2173 1041 2211 cum
1092 2158 1288 2210 veritas
1320 2158 1431 2224 ipsa
1472 2157 1643 2224 palam
1679 2157 1893 2209 exstet?
1923 2155 2066 2209 Scri-
2167 2163 2308 2216 nium
2339 2171 2582 2216 versatus
2619 2164 2671 2215 in
2701 2161 2920 2223 causis,
2952 2170 3009 2214 ει
3054 2159 3170 2226 jam
3210 2157 3347 2210 inter
3392 2154 3566 2222 primos
3593 2149 3671 2205 Ur.

528 2248 658 2300 bunt
689 2248 946 2315 siquidem
970 2246 1322 2315 Hier-Onymus
1354 2246 1426 2299 De
1449 2247 1623 2310 script.
1661 2248 1840 2299 eccles.
1871 2289 1885 2310 ,
1941 2261 2063 2314 cap.

529 2339 618 2399 65,
653 2349 708 2390 et
738 2337 958 2390 Rufinus
988 2339 1039 2389 in
1075 2337 1311 2403 Exposit.
1344 2352 1464 2403 cap.
1490 2337 1577 2397 25,
1605 2337 1695 2389 lib.
1719 2352 1791 2396 Vl,
1829 2337 2063 2398 Eusebii,

528 2428 744 2481 Achaia
769 2426 1030 2480 Ecclesias
1054 2426 1294 2493 plurimis
1320 2436 1443 2478 tunc
1472 2425 1765 2478 haresibus
1793 2425 1953 2478 fuisse
1976 2441 2065 2478 ve-

530 2525 712 2576 xatas;
744 2515 935 2582 quibus
955 2513 1318 2582 expugnandis
1352 2515 1596 2568 idoneum
1615 2529 1727 2583 pra
1753 2515 1959 2568 cateris
1987 2515 2061 2567 vi-

533 2618 647 2656 sum
677 2604 996 2671 Origenem;
1029 2619 1143 2656 eam
1171 2603 1246 2656 illi
1277 2619 1492 2657 causam
1531 2604 1584 2656 in
1620 2603 1874 2657 Graciam
1905 2603 2064 2672 proﬁ-

533 2693 765 2746 ciscendi
799 2693 983 2748 fuisse.
1017 2693 1148 2746 Illuc
1177 2708 1303 2746 vero
1331 2695 1654 2747 accersitum
1697 2695 1764 2748 ab
1785 2695 2066 2748 Ambrosio

532 2797 636 2835 non
661 2784 885 2837 absurde
907 2784 1166 2853 quispiam
1190 2784 1573 2852 suspicabitur;
1603 2800 1725 2838 nam
1742 2785 2062 2838 Alexandria

531 2873 718 2926 crebro
739 2873 970 2928 abfuisse
1000 2875 1331 2927 Ambrosium
1356 2883 1564 2928 constat
1591 2887 1666 2939 et,
1687 2887 1961 2944 postquam
1981 2875 2064 2927 in-

535 2973 615 3015 ter
641 2976 732 3015 eos
771 2963 1112 3016 necessitudo
1141 2965 1460 3027 intercessu,
1515 2965 1740 3018 Athenis
1773 2965 1956 3027 fuisse,
1981 2972 2062 3016 at-

533 3066 636 3120 que
667 3052 788 3105 inde
841 3053 1046 3106 litteras
1081 3057 1144 3106 ad
1178 3052 1460 3120 Origenem
1515 3054 1723 3108 dedisse
1773 3070 1836 3107 ex
1879 3055 2066 3108 Hiero-

535 3157 692 3210 aymo
715 3143 919 3196 discere
941 3144 1066 3197 licet
1091 3145 1246 3210 epist.
1274 3143 1340 3196 t8
1362 3145 1425 3196 ad
1458 3143 1781 3197 Marcellam.
1811 3143 1932 3197 Hac
1955 3144 2066 3212 qui-

536 3234 652 3285 dem
685 3236 1047 3301 proponimus,
1082 3248 1184 3286 non
1223 3233 1534 3288 asserimus.
1578 3233 1710 3287 l-linc
1733 3234 1889 3287 etiam
1915 3235 2066 3286 habi-

537 3333 604 3375 ta
653 3323 754 3376 sibi
809 3339 926 3375 cum
974 3322 1324 3376 haresiarcha
1372 3322 1601 3390 quodam
1651 3325 2068 3377 concertationis

538 3413 810 3478 exemplar
828 3413 892 3466 ad
911 3413 1174 3466 amicosin
1193 3412 1523 3466 Palastinam
1542 3414 1685 3467 misit
1700 3416 2066 3476 Adamantius,

537 3505 626 3567 qui
656 3501 804 3556 falsis
831 3504 894 3556 de
933 3517 1012 3565 se,
1063 3504 1234 3570 deque
1263 3518 1324 3556 ea
1381 3504 1733 3571 disputatione
1766 3505 2068 3559 rumoribus

537 3600 866 3644 occurreret.
901 3592 1124 3645 Athenis
1153 3593 1589 3663 moramjfccisse
1631 3593 1912 3661 Origenem
1952 3611 2067 3648 cer-

540 3687 650 3731 tum
683 3687 781 3739 est,
812 3693 971 3731 mora
1004 3689 1208 3745 tempus
1257 3681 1516 3733 incertum
1545 3697 1558 3733 :
1617 3683 1842 3734 rediisse
1894 3693 2067 3736 tamen

537 3766 779 3835 sequenti
809 3781 968 3831 anno,
1004 3767 1086 3821 vel
1119 3767 1330 3820 biennio
1362 3776 1501 3835 post,
1550 3768 1689 3822 inter
1718 3770 2070 3838 chronologos

539 3867 790 3910 constare
823 3858 994 3911 video.
1034 3857 1286 3925 Equidem
1311 3873 1414 3910 non
1452 3858 1616 3911 multo
1650 3861 1824 3914 minus
1854 3855 2070 3915 biennio

541 3945 747 3998 itineris
783 3945 997 3999 Achaici
1026 3953 1234 4013 tempus
1283 3945 1448 3998 fuisse
1506 3947 1799 4011 existimo;
1841 3963 1962 4000 nam
2014 3958 2069 4002 et

540 4049 636 4103 per
655 4034 988 4088 Palastinam
1019 4035 1119 4088 iter
1149 4036 1352 4101 habuit,
1387 4035 1565 4103 ibique
1593 4046 1830 4091 moratus
1862 4047 1942 4091 est
1965 4038 2063 4090 ali-

542 4127 794 4195 quandiu,
829 4135 879 4180 et
903 4127 1131 4194 spatium
1157 4128 1370 4195 aliquod
1403 4128 1564 4180 itione
1586 4141 1645 4181 ac
1675 4128 1931 4180 reditione
1947 4144 2072 4181 con-

541 4227 806 4284 sumptqu
832 4226 933 4278 est,
957 4228 1010 4270 et
1033 4218 1082 4268 in
1114 4217 1332 4278 Achaia,
1359 4231 1477 4268 cum
1497 4217 1761 4270 bareticis
1787 4217 2071 4278 velitando.

545 4317 597 4358 ct
625 4307 850 4360 Athenis
873 4307 1279 4374 perlustrandis,
1311 4308 1614 4374 scholisque
1639 4305 2069 4375 philosOpborum

542 4395 946 4463 frequentandis
983 4395 1146 4463 (quod
1190 4396 1256 4448 ab
1307 4409 1370 4448 eo
1410 4395 1604 4448 factum
1654 4404 1915 4448 testantur
1945 4395 2071 4462 Epi-

541 4485 768 4550 phanius
786 4486 914 4538 har.
940 4486 1026 4539 64.
1059 4501 1175 4554 cap.
1205 4485 1254 4549 l,
1277 4495 1326 4538 et
1353 4485 1566 4538 Nicetas
1615 4484 1862 4538 Thesaur.
1896 4487 2070 4539 ortho-

544 4577 694 4628 doxa:
731 4577 850 4645 ﬁdei
899 4577 990 4628 lib.
1025 4592 1095 4638 tv,
1130 4576 1321 4630 hares.
1356 4576 1444 4640 3i,
1471 4584 1524 4628 et
1554 4575 1657 4628 huc
1685 4577 1958 4629 commode
1985 4591 2068 4629 re-

544 4661 670 4715 ferri
712 4663 928 4731 potest),
962 4671 1044 4715 sat
1095 4662 1304 4728 longum
1335 4670 1544 4729 tempus
1572 4661 1854 4713 contritum
1908 4660 2069 4714 fuisse

542 4767 760 4806 necesse
779 4761 878 4805 est.
911 4751 1018 4804 Nec
1061 4765 1238 4804 causa
1264 4758 1344 4804 est
1394 4765 1488 4804 cur
1517 4765 1584 4803 ex
1615 4751 1711 4802 hac
1763 4748 2066 4803 scholarum

641 4909 730 4976 48)
768 4907 985 4970 Euseb.,
1028 4907 1169 4960 Hist.
1200 4907 1348 4970 eccl.,
1385 4907 1476 4960 lib.
1505 4923 1576 4970 vt,
1604 4924 1723 4977 cap.
1747 4908 1838 4960 25.

617 4909 733 5044 ξω)
766 4975 834 5029 Ut
869 4975 1243 5036 Nicopolitana:
1272 4976 1509 5029 editionis
1538 4979 1675 5030 circa
1703 4979 1811 5029 hwc

643 4975 733 5044 49)
766 4975 834 5029 Ut
869 4975 1243 5045 Nicopolitamc
1272 4976 1509 5045 editionis
1538 4975 1677 5030 circa
1703 4979 1811 5029 hwc
1853 4987 2082 5045 tempora

552 5058 784 5113 reperta.
828 5044 1009 5097 Refert
1051 5044 1308 5098 Eusebius
1347 5044 1482 5097 Hist.
1544 5047 1637 5100 lib.
1691 5061 1760 5107 vr,
1813 5061 1930 5112 cap.
1956 5044 2070 5109 'lti,

552 5131 710 5174 unam
738 5128 802 5167 ex
831 5113 1000 5182 tribus
1034 5113 1311 5182 anonymis
1339 5113 1627 5182 Scriptura
1684 5116 2079 5181 interpretatio-

550 5186 713 5240 nibus
751 5182 949 5250 quibus
988 5181 1041 5233 in
1079 5179 1328 5250 liciaplis
1355 5179 1482 5234 usus
1511 5194 1593 5238 est
1621 5179 1895 5250 Origenes,
1929 5183 2081 5235 Nico-

548 5255 657 5322 poli
677 5247 828 5321 jux'ta
852 5250 1063 5322 Actium
1094 5247 1257 5302 fuisse
1286 5250 1572 5314 inventam,
1605 5253 1694 5306 sed
1720 5247 1962 5322 quanam
1991 5251 2076 5303 illa

549 5321 642 5382 sit,
674 5337 740 5374 an
783 5321 984 5388 quinta,
1025 5331 1092 5369 an
1139 5326 1310 5388 sexta,
1342 5327 1395 5371 et
1423 5335 1528 5386 quo
1569 5331 1805 5386 tempore
1838 5321 2073 5380 inventa,

548 5406 654 5446 non
683 5384 919 5443 adnotat.
942 5391 1144 5456 Auctor
1170 5384 1457 5456 Synopseoi
1497 5389 1636 5442 inter
1667 5384 1825 5454 opera
1851 5388 2078 5440 Athana-

549 5460 700 5512 siana
735 5473 899 5521 cusa,
936 5467 990 5511 et
1017 5455 1344 5524 Epiphanius
1368 5457 1461 5509 lih.
1515 5456 1591 5510 De
1627 5457 1784 5524 pond.
1822 5465 1870 5508 et
1915 5471 2076 5508 mens.

550 5541 671 5595 cap.
708 5528 797 5591 18,
823 5536 1029 5580 sextam
1055 5525 1190 5578 hanc
1213 5539 1332 5580 esse
1353 5528 1669 5595 perlendunt
1691 5524 2082 5595 ;_Hieronyntus

553 5591 680 5662 vero
701 5597 967 5662 quintam,
992 5604 1046 5648 et
1085 5595 1159 5650 ita
1189 5591 1408 5649 narrare
1447 5594 1620 5662 ipsum
1640 5591 1917 5662 Origenem
1945 5594 2079 5643 scri-

557 5660 640 5733 bit
679 5660 887 5733 Prolog.
935 5670 987 5721 in
1016 5665 1169 5722 Cant.
1213 5665 1403 5719 cantic.
1438 5660 1540 5733 Sed
1583 5660 2085 5733 Epiphauigtnagis

550 5726 900 5792 adharemtis.
927 5735 1058 5796 Cum
1081 5738 1223 5796 enim
1250 5744 1359 5790 tum
1389 5746 1452 5787 ex
1475 5730 1612 5798 ipso,
1633 5726 1745 5782 tum
1771 5742 1834 5783 ex
1861 5726 2087 5784 Eusebio

2165 2254 2246 2307 his
2280 2265 2520 2307 oratores
2542 2261 2862 2321 poneretur,
2895 2252 3137 2305 Athenas
3185 2260 3356 2302 tamen
3411 2247 3471 2299 ad
3508 2245 3655 2297 Antio.

2162 2329 2318 2393 chum
2391 2341 2766 2407 philosophum
2827 2347 2884 2394 et
2939 2337 3271 2392 Demetrium
3339 2335 3575 2387 rhetorem
3614 2346 3658 2384 se

2163 2431 2406 2486 contulit.
2445 2430 2570 2484 lude
2603 2431 2667 2482 ad
2705 2431 2986 2484 Asiaticos
3033 2437 3296 2489 oratores,
3328 2427 3577 2495 ipsumque
3593 2423 3663 2474 de-

2165 2537 2305 2574 mum
2337 2521 2599 2575 Melonem
2627 2537 2685 2574 se
2721 2521 3041 2590 applicavit.
3081 2520 3220 2586 Quin
3261 2530 3315 2572 et
3341 2516 3536 2570 Antonii
3568 2511 3668 2566 Gni-

2164 2609 2352 2677 phonis
2379 2609 2618 2662 scholam
2667 2609 3059 2677 frequentasse
3090 2653 3104 2674 ,
3138 2609 3302 2662 etiam
3339 2621 3453 2660 cum
3486 2613 3666 2672 praetura

2164 2698 2494 2766 fungeretur,
2527 2713 2555 2749 a
2578 2697 2848 2752 Suetonio
2886 2698 3207 2767 Tranquillo
3234 2696 3486 2768 proditum
3509 2702 3576 2746 est
3595 2692 3664 2743 lib.

2165 2789 2238 2841 De
2267 2789 2460 2841 illustr.
2493 2800 2808 2856 grammat.,
2838 2805 2963 2858 cap.
2997 2789 3050 2843 Ἰ.
3079 2787 3221 2841 Sane
3256 2787 3307 2838 in
3353 2785 3448 2838 hac
3474 2782 3657 2837 Achaica

2162 2879 2501 2932 remansione
2543 2877 2657 2948 (50)
2705 2879 3146 2946 Nicopolilanam
3187 2877 3458 2930 editionem
3488 2881 3656 2926 nactum

2163 2965 2325 3019 fuisse
2347 2965 2630 3034 Origenem
2667 2967 2940 3022 credibile
2963 2977 3085 3031 est;
3117 2981 3328 3020 causam
3355 2965 3480 3016 hanc
3507 2960 3668 3014 itineris

2163 3056 2433 3121 habuisse,
2460 3073 2564 3110 non
2603 3059 2764 3110 item.

2236 3146 2322 3199 X1.
2349 3147 2655 3215 Digressum
2691 3149 2846 3210 inde,
2903 3149 3117 3216 Epheso
3149 3146 3416 3200 transiisse
3437 3159 3527 3197 non
3567 3155 3668 3208 pnt-

2169 3251 2247 3292 ter
2269 3239 2805 3293 verisimilitudinem
2839 3240 2989 3294 credi
3018 3249 3218 3307 potest.
3249 3236 3436 3290 Scribit
3462 3232 3667 3300 siquidem

2166 3324 2424 3394 Origenes
2452 3329 2502 3378 in
2527 3328 2766 3394 cpistola
2794 3329 2862 3382 ad
2891 3329 3097 3380 amicos
3113 3326 3502 3384 Alexandrinos,
3534 3336 3581 3374 se
3603 3318 3671 3370 ali-

2167 3417 2377 3485 quando
2406 3415 2600 3483 Ephesi
2649 3419 2704 3470 in
2763 3419 3082 3473 hareticum
3116 3418 3392 3486 quemdam
3429 3413 3664 3472 incidisse,

2115 3559 2118 3562 ,
2167 3506 2256 3574 qui
2287 3520 2406 3557 cum
2437 3519 2504 3557 ne
2527 3509 2761 3560 verbum
2793 3509 3016 3576 quidem
3076 3522 3256 3562 secum
3282 3505 3507 3560 conferre
3545 3500 3668 3554 susti-»

2167 3594 2387 3654 nuisset,
2423 3609 2480 3645 se
2505 3603 2686 3647 tamen
2723 3596 2856 3652 inde
2885 3597 3132 3667 profecto
3148 3596 3420 3650 confictam
3445 3592 3569 3645 falsa
3590 3589 3669 3640 dis-

2169 3683 2462 3752 putationis
2512 3684 2810 3740 historiam
2850 3690 3072 3743 misisse
3107 3688 3170 3741 ad
3198 3685 3491 3753 discipulos,
3547 3681 3669 3732 alios-

2168 3788 2269 3841 que
2304 3794 2316 3827 :
2345 3782 2538 3826 ateum
2568 3775 2794 3830 demum
2820 3780 3127 3834 Antiochia
3150 3792 3309 3833 vanos
3329 3777 3464 3830 falsa
3485 3771 3670 3827 victoria

2170 3876 2411 3915 rumores
2443 3875 2826 3933 spargentem,
2865 3878 3157 3937 postquam
3204 3869 3324 3922 illuc
3353 3863 3569 3924 accessit,
3595 3874 3668 3929 [πει-

2169 3953 2307 4006 blice
2341 3955 2669 4022 coarguisse,
2724 3959 3076 4028 hominisque
3094 3961 3376 4013 vanitatem
3403 3957 3666 4011 confutassc.

2169 4041 2223 4095 ld
2258 4044 2299 4097 si
2324 4045 2443 4112 quis
2478 4056 2586 4099 tum
2631 4053 2941 4120 contigisse
2998 4053 3147 4116 velit,
3199 4068 3316 4107 cum
3367 4051 3448 4104 vix
3475 4051 3519 4104 in
3563 4044 3670 4123 aliud

2172 4143 2376 4202 tempus
2431 4137 2578 4205 rejici
2615 4143 2818 4206 possit,
2855 4142 3055 4197 favebo
3111 4143 3462 4210 conjectura:
3517 4137 3593 4193 sed
3629 4141 3668 4186 el

2172 4224 2259 4278 hic
2284 4239 2494 4292 quoque
2536 4225 2816 4292 jUdiCium
2861 4247 3022 4286 suum
3081 4236 3181 4289 sibi
3213 4227 3668 4297 ututsquisqucinte-

2169 4325 2320 4378 grunt
2349 4311 2564 4375 habeat,
2593 4328 2695 4367 nec
2730 4332 2928 4374 omnes
2969 4323 3112 4375 enim
3158 4321 3396 4390 Origenis
3426 4314 3672 4384 pcregrina-

2173 4399 2346 4451 tiones
2392 4399 2588 4454 litteris
2621 4401 2806 4460 fuisse
2857 4409 3086 4463 traditas
3133 4411 3400 4472 existimo,
3447 4419 3551 4460 cum
3590 4402 3672 4468 ipse

2102 4517 2144 4570 ι)
2175 4484 2470 4549 praesertim
2517 4485 2728 4542 alicubi
2769 4505 2830 4545 se
2871 4494 3039 4547 multa
3073 4504 3230 4549 terra
3262 4495 3370 4548 loca
3421 4497 3673 4561 peragrasse

2174 4573 2378 4624 doceat.
2411 4573 2542 4637 Qua
2571 4573 2677 4628 hoc
2719 4592 2852 4646 ergo
2879 4581 3018 4644 loco,
3046 4593 3100 4636 et
3128 4583 3252 4636 alibi
3282 4583 3466 4650 passim
3485 4576 3672 4630 dubitan-

2176 4670 2256 4714 ter
2279 4673 2654 4728 proponuntur
2675 4680 2714 4718 a
2741 4670 2923 4734 nobis,
2949 4672 3029 4725 sic
3045 4671 3213 4724 lector
3235 4669 3451 4737 accipiat
3472 4671 3669 4730 tanquam

2178 4766 2352 4804 meras
2373 4753 2744 4824 conjecturas,
2775 4759 2982 4828 aliqua,
3022 4763 3068 4816 si
3092 4761 3250 4824 forte,
3281 4751 3668 4813 verisimilitudine

2179 4921 2387 4965 constet
2414 4913 2572 4966 aliam
2603 4928 2666 4967 ex
2698 4916 2791 4969 his
2826 4918 3158 4972 editionibns
3199 4915 3516 4984 Hiericbunte
3541 4907 3666 4984 fuisse

2180 4992 2440 5054 repertam
2463 4985 2808 5054 temporibus
2840 4986 3155 5047 Caracalla,
3180 4989 3332 5038 aliam
3360 4977 3564 5054 Nicopuii
3583 4977 3665 5054 .i'i'f

2179 5059 2397 5115 perante
2415 5051 2747 5112 Alexandro.
2767 5065 2921 5109 certe
2939 5057 3339 5110 Hierichuntina
3360 5053 3504 5104 editio
3523 5051 3661 5115 quin”

2177 5114 2294 5189 esse
2321 5118 2498 5181 debet,
2531 5119 2914 5188 Nicopolilana
2953 5141 3082 5180 vero
3124 5136 3304 5187 sexta;
3335 5114 3663 5189 siQUide'"_,h“'

2177 5184 2282 5258 bita
2321 5198 2640 5258 temporum,
2660 5184 2864 5258 quibus
2894 5196 3125 5246 inventa
3156 5184 3300 5256 sunt,
3323 5184 3522 5247 ratione.
3541 5184 3662 5258 f'i‘m'

2176 5251 2863 5332 Quir-ttatngaliztttt:sextam
2900 5264 2967 5315 ab
2997 5263 3226 5332 Origene
3263 5251 3484 5314 vocatam
3537 5251 3662 5301 fuisse

2172 5323 2356 5395 scribit
2380 5325 2513 5395 idem
2543 5327 2899 5395 Epiphanius.
3092 5323 3121 5332 ⁷
3528 5390 3552 5395 __
3586 5385 3594 5393 .

2244 5392 2355 5461 (50)
2378 5390 2807 5463 Νἰεομοιὶιὶιηαηι
2833 5401 3109 5454 editionem
3133 5411 3334 5453 nactum
3359 5390 3658 5463 fuisseUt’lﬂfr“

2177 5451 2290 5537 nent
2318 5451 2562 5537 credibile
2590 5475 2689 5517 est.
2715 5451 3241 5537 Caracalliarz,‘
3287 5451 3653 5537 Epitthﬁniusrm,"

2177 5527 2262 5602 De
2277 5531 2431 5602 pond.
2459 5542 2506 5582 et
2527 5548 2714 5597 mens.,
2741 5552 2865 5602 cap.
2890 5539 2979 5599 18,
3003 5525 3226 5591 succedit
3252 5525 3514 5602 Antonius:
3537 5525 3653 5602 αέξξιέτ

2178 5590 2559 5664 ᾳηὶἶηψεναυὶι
2586 5590 2753 5656 minos
2784 5590 2859 5657 ni.
2888 5590 3110 5661 Secutus
3148 5618 3220 5660 est
3268 5600 3530 5658 Alexander
3550 5590 3653 5665 βίίζιε

2184 5665 2472 5742 Μρηιηιαίω
2493 5673 2644 5742 annis
2669 5687 2790 5725 xm.
2825 5673 2889 5726 In
2921 5677 3090 5728 medio
3115 5687 3385 5742 temporum
3407 5669 3652 5742 illorum:

2188 5734 2335 5805 μέσῳ
2367 5737 2472 5791 τῶν
2507 5740 2712 5809 χρόνων
2755 5742 2988 5811 τούτων,
3015 5747 3170 5799 editio
3197 5734 3356 5804 sexta,
3385 5750 3486 5807 qua:
3513 5737 3552 5786 et
3571 5734 3651 5792 φδα
