3846 6446
174 411 293 482 εϐι
1304 421 1777 483 οιιιοεΝιρςΝοω

1906 429 2027 483 LIB.
2070 428 2109 491 l,
2143 426 2290 481 CAP.
2327 427 2391 483 ll.
3355 415 3454 467 662

181 517 334 612 ωιιεὶ
345 520 549 612 {infigi
565 510 736 612 53W!
755 519 916 575 nulla
945 535 995 579 et
1017 541 1304 594 constanti
1328 548 1534 599 ratione
1550 544 1777 597 suhuitta:

1875 554 1891 604 ι
1923 546 2013 596 sia:
2036 551 2303 610 postremo
2330 540 2703 593 communione
2723 547 3024 605 segregare.
3053 530 3244 584 Narrat
3262 529 3452 602 quippe

261 598 406 664 3“.
445 597 553 694 (5})
576 598 734 655 Ρτίυε
759 617 963 666 antem
988 629 1154 684 quam
1190 597 1690 692 Athenas'veuiret,
1720 647 1810 683 ar-
1850 597 1890 604 η
1921 597 2136 683 Photius
2163 629 2283 681 cod.
2313 626 2434 693 118,
2479 628 2737 694 geminam
2772 597 3029 678 adversus
3059 634 3182 675 eum
3209 597 3447 673 coactam

177 699 463 795 raque-rat
487 690 592 746 iter
617 700 724 791 per
781 694 1175 774 Palaestinam,
1209 727 1268 770 et
1314 720 1572 775 amarem
1607 690 1816 790 abrepi-
1918 718 2086 770 fuisse
2116 716 2375 785 synodum
2397 690 2428 778 ;v
2448 690 2669 781 quarum
2704 714 2849 781 prior
2873 710 3139 779 episcopis
3167 707 3364 775 aliquot
3393 715 3447 760 et

177 796 410 864 3‘09“
430 796 586 852 δυβη
614 794 728 850 iam
758 797 1230 858 commemoratis
1255 806 1569 863 Theoctisto
1610 818 1665 862 et
1688 809 1816 862 Ate-
1918 803 2249 872 presbyteris
2273 798 2520 865 conﬂata,
2548 815 2666 852 eum
2698 799 2916 852 docendi
2946 810 3164 851 munere
3190 794 3443 849 abdican-

203 912 238 948 ι
280 872 540 969 antire-ad
569 888 785 969 sacrum
824 887 1170 959 presbyterii
1195 898 1446 953 ordinem
1500 900 1673 953 fuerat
1696 916 1818 969 pro-
1914 895 2038 947 dum
2086 903 2140 947 et
2187 890 2504 944 Alexandria
2545 888 2841 957 pellendum
2878 888 3074 949 sanxit,
3127 882 3444 954 presbyterii

225 965 736 1034 vectusoPrioresne
755 967 877 1039 iam
900 987 1037 1035 ante
1057 989 1611 1056 susceperitordines,
1630 965 1815 1055 necne,
1916 984 2230 1052 dignitatem
2260 995 2364 1033 non
2396 978 2650 1042 abstulit;
2679 976 2844 1029 altera
2885 990 2915 1028 a
2954 975 3221 1029 Demetrio
3245 989 3310 1027 ex
3341 971 3443 1025 ali-

245 1078 361 1123 non
380 1061 579 1131 liquet;
612 1058 769 1115 facile
792 1067 1067 1134 equidem
1112 1077 1355 1134 adducor
1383 1089 1441 1133 ut
1468 1081 1678 1134 credam
1724 1095 1816 1149 per
1914 1081 2042 1141 quot
2067 1069 2279 1141 IEgypti
2309 1068 2572 1136 episcopis
2594 1074 2779 1120 coacta
2797 1064 3081 1118 sacerdotii
3106 1078 3312 1132 quoque
3348 1064 3443 1117 ho-

266 1153 552 1216 saltumml
573 1158 788 1213 vocant.
842 1161 1242 1233 presbyterum
1280 1167 1443 1224 fuisse
1468 1169 1765 1224 ordinatum
1798 1210 1813 1232 ,
1914 1177 2042 1216 uore
2089 1160 2388 1215 exuendum
2428 1156 2683 1212 decrevit.
2746 1155 2880 1208 Huic
2932 1154 3182 1208 Demetrii
3227 1155 3441 1209 decreto

253 1257 423 1316 prout
448 1243 713 1314 primitivis
744 1243 1019 1306 Ecclesia
1040 1258 1368 1322 temporibus
1402 1260 1454 1313 in
1495 1275 1645 1314 more
1673 1261 1777 1328 posi

1912 1252 2248 1306 consensisse
2290 1248 2591 1302 universum
2625 1246 2827 1302 orbem,
2867 1253 3082 1309 excepta
3117 1243 3393 1305 Palaestina
3423 1282 3438 1306 ,

243 1348 385 1393 tum
410 1335 521 1392 fuit.
546 1333 603 1389 ιιι
624 1343 736 1388 tum
766 1339 1003 1408 contigit
1032 1358 1156 1397 cum
1190 1346 1536 1400 Antiocheam
1566 1346 1814 1401 Ecclesia:
1911 1342 2132 1405 Arabia,
2181 1339 2452 1393 Phoenicia
2487 1347 2540 1391 et
2568 1336 2766 1390 Achaia
2831 1335 3147 1389 testificatur
3180 1334 3437 1402 Hierony-

236 1429 506 1499 regimeu
528 1426 814 1495 capessivit
870 1427 1137 1501 Zebinus,
1168 1435 1369 1489 Christi
1404 1437 1655 1490 nimirum
1709 1436 1812 1491 228
1911 1449 2028 1487 mus
2061 1433 2151 1486 lib.
2179 1444 2219 1485 ll
2243 1433 2296 1484 in
2319 1432 2517 1497 Ruﬁn.,
2550 1443 2666 1496 cap.
2695 1428 2747 1494 5,
2780 1442 2876 1481 nec
2901 1437 3117 1496 propter
3137 1426 3436 1501 dogmatum

234 1531 431 1579 almo,
456 1516 744 1571 Alexandri
773 1516 969 1573 Severi
1003 1537 1098 1586 vn,
1131 1522 1377 1592 Origenis
1409 1541 1560 1580 mu.
1593 1526 1809 1580 Factum
1910 1524 2219 1586 novitatem,
2244 1534 2544 1585 erronesve,
2573 1520 2663 1574 sed
2718 1518 2915 1573 invidia
2969 1517 3181 1570 laudem
3229 1518 3438 1569 virtutis

232 1606 369 1661 hoc
399 1622 430 1661 a
458 1606 816 1662 sanctissimis
851 1610 1126 1679 episcopis
1158 1614 1209 1666 in
1239 1615 1449 1669 homine
1470 1615 1684 1669 ditionis
1707 1631 1810 1669 non
1908 1614 2022 1681 ejus
2052 1610 2214 1665 fuisse
2259 1611 2532 1664 obtritam.
2582 1611 2782 1663 Auctor
2806 1622 3013 1677 quoque
3038 1607 3174 1660 idem
3198 1606 3310 1675 ipse
3334 1616 3433 1666 est.

228 1712 393 1764 sine,
419 1701 522 1753 sub
552 1700 861 1755 testimonio
887 1701 1130 1772 epistola:
1155 1703 1546 1767 ecclesiasticae.
1576 1721 1679 1774 qua
1705 1708 1811 1760 dis-
1910 1718 2014 1755 non
2041 1700 2376 1770 presbyterio
2402 1700 2573 1753 solum
2603 1698 2881 1769 Origenem
2913 1713 2941 1750 a
3001 1696 3267 1751 Demetrio
3314 1710 3433 1751 esse

228 1787 546 1843 cedentem
576 1790 874 1846 Demetrius
900 1792 1074 1847 fuerat
1122 1803 1437 1861 prosecutus
1461 1811 1476 1859 ;
1507 1805 1565 1848 ut
1594 1796 1659 1848 ad
1684 1812 1801 1848 eum
1909 1792 2228 1854 submotum,
2253 1792 2341 1843 sed
2362 1790 2612 1844 Ecclesia:
2629 1791 2788 1844 etiam
2812 1790 3063 1844 societate
3088 1788 3431 1857 prohibitum,

225 1887 257 1927 s
282 1875 342 1927 ui
369 1878 637 1945 purgandi
666 1864 825 1933 cauSa
862 1881 1141 1949 rescripsit
1182 1881 1504 1947 Alexander,
1531 1895 1808 1938 mansueto
1839 1862 1878 1915 Β
1906 1880 2359 1932 consentientibus
2389 1880 2439 1932 in
2471 1878 2523 1931 id
2554 1878 2949 1942 sacerdotibus;
2980 1888 3038 1929 ut
3086 1876 3214 1929 mihi
3246 1876 3435 1930 verisi-

224 1964 341 2016 Vir
368 1964 596 2034 ingenio
632 1975 796 2036 atque
821 1967 929 2022 leni
957 1987 971 2024 :
1004 1968 1154 2036 cujus
1183 1979 1370 2024 testem
1411 1972 1595 2025 damus
1625 1971 1809 2027 Hiero-
1908 1967 2030 2024 mile
2061 1969 2152 2022 (lat
2178 1968 2230 2021 in
2266 1968 2467 2038 synodo
2527 1984 2556 2022 a
2609 1967 2872 2021 Demetrio
2900 1964 3133 2020 'collecta
3169 1966 3430 2019 sancitum

221 2066 478 2121 thymum
516 2053 614 2108 lib.
648 2054 725 2109 De
751 2058 928 2122 script.
981 2058 1158 2111 eccles.
1210 2059 1262 2111 in
1293 2057 1440 2127 Orig.
1477 2068 1531 2113 et
1567 2060 1797 2115 Alexan-
1906 2074 2116 2127 quoque
2146 2059 2277 2112 illud
2315 2059 2496 2114 fuisse.
2522 2059 2624 2113 Sed
2650 2059 2758 2126 jam
2787 2068 2938 2110 antea
2985 2058 3154 2126 patria
3186 2070 3433 2111 excesse.

216 2140 376 2195 tiro.
404 2141 774 2208 Quamobrem
813 2147 1047 2214 episcopi
1100 2145 1315 2216 Egypti
1351 2156 1405 2201 et
1463 2148 1801 2204 Alexandriae
1905 2157 1987 2200 rat
2011 2162 2130 2202 cum
2161 2148 2290 2201 coiit
2319 2147 2655 2202 Demetriana
2688 2146 2774 2200 illa
2801 2147 3059 2217 synodus,
3083 2149 3429 2215 quemadmo-

214 2232 304 2284 im
342 2233 612 2301 synodica
639 2235 866 2303 epistola
897 2234 1009 2304 (52)
1036 2236 1290 2290 adversus
1333 2236 1576 2305 Origenis
1607 2238 1803 2301 doctri-
1903 2239 2023 2290 dum
2058 2238 2295 2291 dicemus
2332 2237 2487 2306 paulo
2520 2247 2655 2305 post.
2685 2237 2759 2290 lta
2806 2237 3003 2290 Achaia
3036 2250 3280 2290 reversus
3306 2236 3429 2290 Ale-

216 2338 410 2386 ruant,
465 2324 918 2395 χειροτονηθέντα
967 2326 1124 2378 αὑτὸν
1175 2327 1529 2399 πρεσϐύτερον
1563 2329 1663 2380 ὑπὸ
1708 2329 1777 2398 τῆι

1904 2326 2180 2379 xandriam
2213 2326 2560 2380 Adamantius
2586 2326 2696 2392 jam
2747 2326 3042 2395 presbyter,
3083 2325 3428 2392 pristinisque

213 2412 548 2481 εανονικῆς
582 2429 643 2466 τε
682 2414 774 2467 καὶ
816 2416 943 2485 μιᾶς
980 2414 1155 2484 χειρὸς
1192 2414 1444 2486 ἀληθινῆς
1490 2428 1797 2487 agnoscunt.

211 2502 366 2568 Quo
421 2504 606 2574 magis
657 2506 827 2559 miror
868 2505 1154 2573 scripsisse
1204 2504 1453 2560 Photium
1497 2508 1617 2563 cod.
1654 2508 1754 2561 “8
1781 2548 1797 2572 ,

215 2593 584 2648 Alexandria
633 2592 916 2664 Origenem
975 2594 1297 2662 profectum,
1346 2596 1543 2664 absque
1602 2597 1796 2664 proprii

219 2684 490 2754 episcopi
557 2699 824 2740 consensu
885 2685 1203 2756 presbyterii
1265 2670 1572 2754 dignitatem
1621 2701 1798 2741 susce-

219 2773 411 2843 pisse.
434 2774 587 2828 ldem
617 2774 766 2828 addit
796 2773 920 2829 facti
943 2784 1212 2828 auctorem
1234 2772 1394 2828 fuisse
1416 2774 1794 2842 Theoctistum,

219 2864 598 2931 probatorem
632 2862 1018 2917 Alexandrum.
1059 2861 1168 2931 (5‘5)
1203 2861 1326 2916 lito.
1355 2872 1456 2925 est,
1481 2864 1584 2917 hoc
1613 2863 1796 2918 dolore

219 2953 490 3022 graviter
515 2951 728 3006 exarsit
767 2951 1088 3012 Demetrius,
1120 2960 1172 3004 et
1197 2965 1260 3004 ex
1315 2951 1509 3021 insigni
1551 2951 1795 3022 Origenis

217 3041 414 3110 gloria
429 3038 647 3107 jamdiu
686 3039 739 3093 in
775 3039 897 3094 sinu
948 3038 1226 3092 collectum
1287 3039 1499 3094 invidia:
1530 3042 1678 3097 virus
1722 3052 1794 3097 to-

220 3146 355 3186 tum
386 3129 659 3196 evomuit,
705 3128 845 3183 unde
890 3129 1132 3197 ingentes
1177 3128 1403 3184 subinde
1435 3133 1684 3186 concitati
1712 3143 1791 3186 tu-

216 3221 444 3275 multus
478 3229 649 3273 totam
697 3217 989 3272 Ecclesiam
1043 3217 1094 3271 in
1144 3216 1400 3273 factiones
1443 3221 1784 3289 dissiparant.

215 3308 372 3363 Nam
406 3309 650 3377 primum
679 3306 927 3376 Origenis
958 3306 1362 3370 casuationem,
1420 3310 1642 3365 mirifice
1673 3327 1701 3364 a
1729 3327 1787 3367 se
1890 3311 2164 3378 expulsum
2195 3320 2247 3365 et
2279 3312 2689 3365 exterminatqu
2722 3310 2884 3363 fuisse
2910 3310 3114 3363 volunt.

215 3410 397 3456 antea
420 3399 700 3453 laudatam
734 3406 790 3452 et
812 3397 1111 3466 probatam,
1142 3396 1345 3464 publice
1361 3396 1572 3452 dill'erre
1599 3415 1661 3454 ac
1689 3409 1788 3453 tra-
1957 3397 2090 3453 Xlll.
2126 3399 2236 3469 (54)
2267 3401 2437 3454 Aliam
2470 3401 2638 3454 exsilii
2673 3400 2827 3466 hujus
2856 3414 3067 3453 causam
3097 3395 3251 3450 aliert
3291 3396 3417 3462 Epi-

215 3489 438 3543 ducere
463 3486 657 3556 capit,
680 3485 971 3540 Ecclesiam
991 3497 1203 3538 omnem
1227 3483 1483 3540 adversus
1504 3500 1622 3541 eum
1655 3503 1784 3543 που·
1883 3490 2111 3557 phauius
2142 3490 2271 3543 har.
2309 3490 2376 3543 64
2399 3529 2415 3552 ,
2445 3503 2563 3557 cap.
2597 3489 2663 3553 2,
2697 3490 2875 3556 aitque
2904 3487 3101 3540 eximia
3132 3486 3409 3560 ﬂorentem

1902 2416 2133 2468 intentus
2189 2415 2400 2481 studiis,
2450 2431 2478 2469 a
2520 2416 2734 2484 proprio
2766 2415 3012 2484 episcopo
3056 2415 3155 2468 sibi
3195 2416 3423 2482 primum

1900 2504 2126 2568 favente,
2179 2505 2367 2559 deinde
2399 2506 2536 2557 clam
2595 2505 2883 2568 invidente,
2919 2513 3026 2557 tum
3059 2503 3308 2557 maximis
3357 2505 3423 2557 ad

1898 2595 2148 2649 invidiam
2179 2595 2286 2648 odii
2341 2595 2497 2647 factis
2542 2595 2936 2648 accessionibus
2989 2594 3162 2662 palam
3217 2595 3424 2655 infenso

1896 2685 2147 2754 agitatus,
2181 2684 2388 2738 tandem
2423 2683 2665 2737 defessus
2693 2684 2845 2735 malis
2876 2683 3082 2749 injuria:
3120 2685 3419 2746 concessit,

1896 2775 2187 2842 patriisque
2237 2774 2452 2828 sedibus
2489 2776 2743 2827 excedere
2777 2783 2992 2826 coactus
3017 2783 3116 2827 est.
3162 2771 3418 2826 Exsilium

1894 2864 2086 2932 quippe
2117 2863 2215 2930 ipsi
2244 2863 2565 2917 decernente
2617 2863 2839 2931 synodo.
2882 2863 3023 2928 quod
3052 2862 3150 2915 sibi
3186 2876 3419 2929 praesen-

1893 2953 2057 3005 tiebat
2084 2965 2202 3005 esse
2225 2950 2519 3005 faciendum
2560 2951 2644 3004 vel
2706 2951 2967 3018 ingratiis,
3016 2959 3203 3018 sponte
3233 2952 3419 3003 admit-

1894 3053 2006 3094 tere
2036 3042 2221 3096 maluit
2252 3060 2265 3096 :
2311 3057 2430 3096 cum
2459 3042 2751 3112 praesertim
2784 3043 3237 3112 ingravescentem
3277 3041 3415 3094 iuvi-

1894 3132 2030 3185 diam
2056 3133 2196 3187 l’erre
2246 3148 2347 3187 non
2386 3142 2582 3202 posset.
2623 3134 2713 3187 Sic
2741 3132 2881 3187 enim
2911 3132 3228 3187 conciliandi
3269 3139 3406 3198 sunt,

1896 3177 2030 3185 φη...
2056 3177 2195 3187 η..-
2387 3177 2582 3202 ,,...,-....
2623 3177 2713 3187 η..-
2743 3177 2881 3187 ,...-..
2914 3177 3228 3187 "Mum--.
3269 3177 3406 3198 --.--,

1819 3177 1863 3236 C
1891 3222 1979 3290 qui
1997 3222 2196 3289 jactant
2219 3232 2405 3292 sponte
2431 3223 2629 3277 abiisse
2659 3224 2851 3291 ipsum,
2875 3237 2994 3276 cum
3026 3223 3093 3276 iis
3116 3223 3205 3291 qui
3245 3220 3414 3290 patria

215 3579 429 3643 citare,
460 3577 612 3631 hunc
640 3576 841 3630 honore
867 3571 1150 3629 sacerdotii
1181 3572 1408 3640 privare,
1432 3584 1485 3630 et
1511 3576 1578 3631 ab
1606 3577 1783 3633 Eccle-

214 3741 276 3793 in
295 3737 464 3791 doliis
482 3735 703 3801 latebat,
727 3733 964 3802 Nicopoli
982 3742 1048 3789 ad
1066 3738 1265 3791 Actium
1284 3748 1356 3791 est
1375 3740 1595 3791 inventa.
1617 3738 1780 3789 Porro

216 3810 314 3862 ltts
343 3806 555 3868 verbis,
583 3806 643 3856 ὲν
661 3804 956 3877 -μέσῳᾲτῶν
977 3808 1178 3877 χρόνων
1201 3806 1421 3877 τούτων,
1456 3806 1778 3877 Epiphanius

217 3878 308 3929 vel
339 3889 552 3927 annum
582 3873 683 3939 qui
704 3873 907 3928 medius
929 3873 1289 3929 intercedebat
1310 3876 1375 3928 ab
1396 3875 1546 3926 initio
1582 3873 1774 3940 Eloga-

215 3944 337 3997 bali
362 3943 434 3995 ad
470 3941 769 3996 Alexandri
794 3942 969 4006 linem,
1000 3943 1050 3997 id
1098 3952 1199 4007 est,
1239 3958 1431 3995 annum
1466 3942 1628 4009 ipsius
1656 3941 1778 3994 Ale-

217 4010 433 4065 xandri
462 4026 499 4065 v
538 4010 738 4064 Christi
769 4010 893 4074 226,
943 4010 1022 4064 vel
1055 4012 1280 4065 medium
1313 4011 1467 4062 unius
1493 4009 1774 4062 Alexandri

215 4088 473 4147 tempus,
508 4079 565 4147 id
597 4088 701 4145 est,
728 4094 922 4133 annum
948 4079 1062 4142 ejus
1094 4079 1300 4147 imperii
1327 4093 1423 4147 vn,
1435 4077 1650 4147 Christi
1674 4076 1777 4147 228

215 4144 463 4202 indicat.
495 4146 607 4201 Sed
631 4157 773 4201 recte
804 4144 1384 4212 coniiciuntBaronius,
1410 4145 1650 4208 Huctius,
1673 4144 1779 4198 Til-

215 4219 537 4272 letnontins
594 4225 649 4269 et
702 4214 1144 4270 Montefalconius
1196 4216 1334 4270 hanc
1364 4213 1777 4280 Nicopolitanam

213 4287 535 4340 editionem
572 4285 844 4338 inventam
883 4285 1055 4351 potius
1102 4283 1263 4337 fuisse
1313 4297 1451 4337 anno
1478 4280 1603 4346 228,
1640 4283 1778 4349 quod

213 4355 347 4424 ipsa
370 4354 627 4424 his_tori:_e
649 4354 817 4424 seges
848 4353 1060 4424 videtur
1084 4352 1337 4424 indicare2

313 4422 415 4490 51)
443 4420 671 4490 Euseb”
707 4416 902 4490 Hister.
936 4420 1027 4475 lib.
1060 4435 1288 4490 vr,_cap.
1313 4420 1396 4473 23.

316 4478 415 4560 52)
438 4478 814 4560 Concilftotn.
853 4487 912 4553 ν,
943 4503 1059 4560 pag.
1099 4478 1218 4560 669.

317 4556 416 4621 55)
446 4559 682 4621 Euseb.,
724 4556 925 4609 Histor.
955 4556 1133 4610 eccles.
1161 4558 1250 4611 lib.
1282 4573 1355 4617 v1.
1382 4572 1498 4621 cap.
1529 4557 1589 4619 8,
1608 4566 1659 4611 et
1682 4557 1767 4610 25.

307 4562 392 4612 ’55
446 4562 682 4621 Euseb.,
724 4562 925 4609 Histor.
955 4562 1133 4610 eccles.
1161 4562 1250 4611 lib.
1282 4573 1355 4617 v1.
1382 4572 1440 4610 ca
1483 4596 1498 4610 .
1529 4562 1659 4619 8,et
1682 4562 1767 4610 25.

291 4562 416 4698 254;
438 4626 625 4698 Alium
646 4624 818 4698 exsilii
843 4624 1235 4698 Itttjuslcnttsant
1253 4626 1401 4698 aﬂ'ert
1433 4573 1770 4698 Epiphanius,

210 4694 328 4753 etc}
361 4694 526 4762 Adeo
556 4697 699 4762 omni
728 4708 946 4762 prorsus
966 4694 1424 4747 verisimilitudine
1451 4708 1633 4747 carere
1661 4694 1772 4747 haec

214 4766 458 4821 historia
502 4760 742 4816 Baronio
759 4763 869 4815 visa
895 4770 995 4822 est.
1050 4770 1108 4815 ut
1163 4763 1367 4816 dubitet
1410 4777 1476 4814 an
1515 4762 1599 4815 hic
1628 4762 1772 4815 locns

213 4831 732 4902 Epiphanii‘textui
783 4846 886 4884 non
943 4832 1011 4884 sit
1041 4831 1270 4884 insertus
1299 4838 1354 4883 et
1404 4829 1767 4902 interpolatus.

212 4898 433 4957 verum
484 4899 553 4951 ad
610 4899 662 4951 id
711 4912 814 4951 non
846 4912 1059 4954 necesse
1081 4908 1163 4953 est
1194 4908 1250 4952 ut
1291 4912 1644 4952 recurramus.
1680 4898 1770 4951 Vel

209 4985 281 5026 ea
316 4969 440 5024 sola
476 4981 599 5036 quae
627 4968 693 5020 de
714 4965 920 5021 Meletio
940 4976 997 5019 et
1022 4967 1149 5036 Ario
1199 4965 1360 5021 refert
1411 4965 1734 5036 Epiphanius
1753 5008 1767 5030 ,

213 5035 527 5092 manifesto
556 5045 871 5104 argumento
898 5045 1019 5104 sunt
1054 5035 1223 5102 ipsum
1263 5035 1521 5088 interdum
1552 5035 1769 5104 incertis

211 5118 276 5161 et
309 5107 467 5160 falsis
492 5102 717 5157 nimium
754 5117 813 5157 se
840 5102 1107 5156 credulum
1134 5103 1421 5170 praebuisse
1446 5103 1765 5170 rumoribus.

215 5176 355 5242 Ejus
385 5176 581 5240 itaque
606 5171 898 5242 auctoritas
923 5186 1025 5242 non
1071 5169 1287 5242 _obstitit
1313 5169 1592 5238 quominus
1616 5170 1767 5242 vale-

215 5238 341 5298 si'us
396 5238 568 5295 merae
604 5239 793 5293 fabula:
845 5238 960 5292 loco
1003 5238 1217 5293 haberet
1265 5254 1380 5293 eam
1407 5252 1563 5305 quam
1614 5238 1769 5294 alfert

219 5312 409 5364 exsilii
451 5307 705 5375 Origeuis
733 5320 974 5361 causam.
1007 5308 1062 5359 1⁸
1100 5306 1253 5360 Certe
1290 5305 1592 5375 auctoritati
1643 5307 1765 5375 Epi-

220 5379 435 5448 phanii
465 5381 519 5430 in
557 5373 621 5448 ea
646 5391 716 5448 re_
734 5375 960 5428 multum
993 5385 1146 5427 nocet
1186 5374 1453 5448 silentium
1491 5373 1764 5429 hominum

221 5439 392 5516 longe
423 5446 545 5513 ipso
575 5443 875 5516 doctio_rum
896 5480 911 5502 ,
967 5456 1187 5516 quorum
1240 5443 1331 5495 alii
1363 5439 1643 5516 Origenem
1673 5460 1770 5497 sa:-

222 5508 357 5583 culo
377 5508 577 5583 quarto
604 5520 660 5583 et
682 5512 866 5583 quinto
882 5508 1503 5583 convitiisjncesserunt,
1532 5510 1624 5562 alii
1643 5526 1768 5579 apo-

225 5574 798 5648 logiis’defenderunt.
821 5574 937 5627 Non
960 5575 1009 5648 is
1031 5576 1261 5642 profecto
1283 5586 1397 5632 erat
1422 5574 1768 5646 llieronymns

226 5643 327 5719 qui
360 5651 502 5719 hanc
512 5648 574 5719 _ei
601 5646 811 5719 culpam
832 5643 1174 5719 condonaret,
1195 5643 1766 5719 quantacunquejllatu

230 5708 557 5789 {manentia
572 5708 808 5770 cluisset.
832 5708 1000 5764 Multo
1027 5712 1196 5766 minus
1211 5708 1564 5767 condonasset
1591 5714 1764 5772 Theo.

1879 3580 2194 3634 eruditionis
2232 3594 2293 3633 ac
2332 3580 2633 3634 sanctitatis
2676 3580 2831 3633 laude
2877 3577 3159 3646 Origenem
3184 3618 3198 3638 ,
3244 3576 3413 3644 magi-

1883 3740 2072 3859 ehilus.
2106 3708 2563 3807 Hujnshisturiaa.
2586 3743 2905 3798 mentionem
2962 3743 3144 3859 utigue
3195 3740 3408 3796 fecisset

1929 3810 2189 3859 incentius
2219 3808 2541 3859 Lirinensis:
2596 3825 2766 3859 neaue
2792 3812 2834 3859 si
2884 3825 3007 3859 vera
3065 3811 3245 3859 uisset.
3280 3809 3408 3859 Por—

1929 3810 2189 3879 incentius
2219 3808 2541 3879 Lirinensis;
2596 3825 2766 3879 neque
2792 3812 2835 3865 si
2884 3825 3007 3863 vera
3042 3808 3245 3871 fuisset,
3280 3809 3409 3862 Por.

1878 3876 2120 3945 phyrins,
2160 3879 2247 3944 qui
2306 3877 2596 3931 reluctante
2644 3876 2767 3932 licet
2819 3880 3040 3934 veritate
3065 3879 3403 3932 Ammoniutn

1880 3944 2196 4013 Christianis
2213 3945 2425 4013 eripuit,
2447 3947 2727 4013 Origenem
2749 3948 2829 4001 eis
2860 3947 3179 4013 reliquisset.
3194 3946 3251 3998 2°
3271 3946 3402 4010 Quis

1881 4011 2038 4081 facile
2052 4012 2157 4081 sibi
2197 4012 2514 4081 persuadeat
2542 4011 2883 4080 magistratus
2911 4011 3401 4081 etprasfectosAle-

1882 4080 2165 4149 xanitdrinos
2193 4079 2266 4145 (id
2295 4080 2434 4149 enim
2463 4081 2562 4142 eis,
2594 4079 2698 4135 nun
2737 4079 3008 4149 seditiosai
3042 4082 3183 4149 plebi
3216 4082 3398 4134 tribuit

1879 4147 2234 4217 Epiphanius;
2290 4146 2590 4201 Alexandro
2640 4150 2931 4217 imperante
2971 4146 3396 4217 Christianisque

1878 4217 2036 4268 rebus
2065 4214 2293 4276 favente,
2329 4229 2486 4268 ausos
2508 4231 2626 4269 esse
2659 4214 2765 4270 tam
2793 4218 3109 4271 horrendam
3144 4217 3247 4268 vim
3276 4214 3395 4271 Ori-

1877 4282 1995 4350 geni
2024 4282 2241 4343 inferre.
2278 4283 2390 4353 viro
2417 4292 2541 4353 tunc
2568 4286 2819 4353 temporis
2847 4284 3211 4350 celeberrimo,
3238 4299 3392 4352 quem

1877 4360 1932 4421 et
1963 4362 2195 4411 noverat,
2223 4361 2276 4404 et
2309 4351 2520 4421 plurimi
2554 4351 2781 4421 faciebat
2817 4353 3082 4406 Mammaea
3111 4351 3393 4421 imperato-

1878 4420 1954 4489 ris
2005 4429 2172 4474 mater
2199 4419 2600 4489 poteutissima?
2652 4419 2866 4474 Videtur
2894 4419 3226 4476 existimasse
3266 4421 3393 4489 Epi-

1812 4488 1853 4540 D
1880 4487 2106 4555 phanius
2136 4491 2188 4557 id
2215 4489 2516 4557 ccutigisse,
2547 4488 2754 4557 furente
2785 4490 2960 4557 aliqua
2988 4487 3352 4557 persecutione
3375 4532 3389 4554 ,

1877 4557 2137 4635 siquidem
2159 4555 2437 4635 ()rigenem
2460 4558 2531 4608 ait
2563 4555 2923 4635 confessoruin
2948 4555 3346 4635 triar‘tyrttmque
3377 4601 3392 4621 ,

1868 4624 1960 4690 qui
1996 4624 2100 4679 illis
2124 4624 2447 4692 temporibus
2490 4636 2663 4685 erant.
2692 4625 2888 4691 judicio
2927 4630 2996 4680 ab
3035 4624 3273 4681 Ecclesia
3299 4640 3391 4682 de—

1862 4691 2060 4767 jectum
2094 4691 2242 4746 esse.
2269 4692 2459 4767 Verum
2484 4693 2570 4746 vix
2600 4694 2736 4767 ullus
2778 4704 3295 4767 reperttnr_martyr_
3328 4715 3393 4750 eo

1870 4763 1981 4833 ipso
2010 4770 2243 4833 tempore
2261 4777 2366 4833 quo
2388 4762 2705 4833 Alexandria
2737 4765 2957 4815 recessit
2976 4762 3247 4833 Origenes.
3273 4765 3387 4818 .l.nu

1866 4830 2006 4882 enim
2033 4844 2061 4881 a
2090 4829 2272 4898 viginti
2312 4829 2436 4898 fere
2474 4830 2627 4898 annis
2653 4845 2806 4898 nemo
2837 4829 3220 4897 persecutionis
3245 4834 3388 4886 sciu-

1871 4898 2030 4949 tillatu
2056 4896 2276 4950 viderat.
2310 4897 2482 4952 Unum
2512 4897 2697 4960 saltem
2746 4896 2965 4952 Huetius
3020 4900 3256 4965 proferre
3295 4905 3385 4955 de-

1866 4966 2055 5019 buerat
2084 4976 2364 5032 martyrem
2384 4981 2539 5032 quem
2567 4966 2863 5019 Alexandro
2915 4967 3203 5032 imperante
3264 4970 3383 5024 Ale—

1867 5034 2101 5086 xandriae
2157 5047 2370 5099 passum
2401 5047 2520 5086 esse
2566 5046 2710 5088 certa
2737 5045 2792 5086 et
2837 5034 3132 5088 indubitata
3170 5041 3382 5091 tradant

1868 5101 2204 5172 monimenta.
2227 5100 2454 5172 blicetas,
2471 5101 2821 5172 Eicepltorus,
2844 5104 3038 5171 aliique
3056 5109 3379 5161 recentiores

1865 5167 2189 5240 Graacihunc
2218 5167 2675 5240 Origenislapsnm
2696 5170 2766 5240 ad
2798 5167 3379 5240 Decii—persecutionem

1867 5235 2214 5311 rejiciun‘trk.
2247 5235 2659 5311 P._Pagius'pag.
2685 5238 2857 5311 251$
2880 5240 2934 5301 8,
2964 5235 3069 5293 non
3090 5241 3248 5311 aliam
3275 5246 3380 5295 uti-

1864 5321 1966 5394 ξξξιξε
1986 5306 2405 5394 calefacere
2435 5309 2794 5394 reiecisset!»
2809 5306 3124 5394 ausast!!!
3147 5309 3380 5394 βνίριιυς

1867 5374 1954 5447 uio
1982 5373 2196 5447 disertis
2224 5375 2398 5447 verbis
2434 5374 2654 5447 indicari
2672 5377 2799 5447 ait;
2831 5377 2919 5447 sed
2944 5373 3125 5447 incidit
3151 5373 3207 5429 in
3236 5373 3380 5447 Scyl-

1865 5444 1968 5512 lam
1991 5446 2199 5511 cupiens
2233 5445 2395 5496 vitare
2444 5442 2774 5512 Charybdim,
2825 5445 2897 5496 uti
2942 5445 3132 5498 invicte
3185 5442 3379 5512 probat

1866 5509 2082 5582 liuetius
2108 5512 2399 5582 iul'rahcap.
2424 5512 2476 5576 4,
2507 5509 2719 5582 unum}.
2759 5513 2816 5566 5°
2846 5512 2993 5578 Quod
3022 5515 3066 5565 si
3114 5509 3377 5582 utexpro-

1867 5579 2135 5649 hrantium
2163 5580 2400 5634 ludibriis
2448 5595 2563 5635 sese
2582 5579 2993 5649 _substraheret,
3024 5591 3217 5649 sponte;
3253 5579 3376 5636 Ale-

1868 5647 2138 5701 xandriam
2167 5649 2373 5717 reliquit
2400 5661 2452 5703 et
2480 5650 2530 5702 in
2578 5647 2909 5718 Palaestinam
2941 5647 3159 5704 secessit
3189 5647 3377 5718 Orige-

1868 5729 1978 5782 nes,
2003 5726 2060 5770 ut
2090 5730 2266 5773 narrat
2290 5717 2630 5789 Epiphanius,
2659 5729 2783 5785 ergo
2807 5717 2996 5772 falsum
3027 5726 3111 5772 est
3138 5718 3306 5786 ipsum
3338 5738 3369 5772 a
