3846 6442
45 559 51 574 ι

67 653 132 744 ⁸(

90 747 128 780 \W

115 809 170 868 ξι

180 981 242 1014 Ἧι

216 1043 304 1105 uio

163 773 398 933 ῥάκη
431 773 790 894 ueneﬁca;

163 922 170 933 .
275 931 286 933 _
359 875 736 933 ὰιιπςληικ---ι

139 889 308 977 καλ

426 595 441 608 .
702 592 774 617 ο,
842 592 866 612 .

430 613 490 658 "‘
516 592 871 702 λεῡῐειοιδνο

349 697 442 741 νου
482 656 808 756 ’ἆψδξωῗ
835 656 923 709 ad
953 658 1215 727 Menam.
1240 676 1410 732 Verba
1443 683 1553 735 haec
1580 691 1725 735 sunt:
1758 683 1880 754 Ἀρ-

464 711 504 766 Ὑ
560 725 813 786 ραυτου
836 738 1233 786 Βληη,-ι..-..-
1355 769 1404 786 υ
1492 773 1504 786 .
1575 771 1592 786 .
1634 774 1654 786 .
1727 773 1740 786 .
1864 776 1878 786 .

830 738 1092 847 ἐξασφή
1103 778 1234 829 μους
1260 767 1467 836 ὁμιλίας
1483 771 1700 839 ὁμιλεῖν,
1718 773 1745 823 ὁ
1759 738 1878 825 κοὶτν

359 834 790 953 nimii?
820 834 1148 953 ᾙεῖῗδξέἀς
1196 856 1224 905 δ
1247 834 1656 953 fere???“
1673 862 1876 953 ,ἀροτὴρ

371 911 783 1020 ifng
820 928 1158 1011 φιλαλήθης
1182 944 1274 996 τοῦ
1301 948 1398 1015 τῆς
1432 911 1748 1018 Ἐκζξληξιίαξ
1770 911 1875 1020 χιιλῖ

837 988 848 992 -
1037 988 1154 1011 ,ηρ
1194 988 1272 996 η,
1313 988 1394 1015 ..⁸,
1451 988 1745 1018 unum...“
1771 988 1875 1020 Αω-

300 988 724 1107 ﬁliiﬁlii”;
752 1009 826 1064 ἐκ
863 1020 1054 1086 μέσον
1092 1032 1184 1084 τοῦ
1218 1035 1378 1087 καλοῦ
1410 1038 1547 1090 σίτου
1579 1039 1757 1092 τοῦτον
1793 1042 1878 1107 ἐξ-

253 1090 589 1199 ἓν.σῆ
623 1095 729 1151 τοῦ
762 1116 1029 1184 πονηροῦ
1066 1119 1297 1183 ζιζανέου
1330 1126 1451 1179 ὄντα
1486 1129 1710 1199 ἀληθῶς.
1748 1090 1876 1185 Cain

291 1193 426 1251 enim
444 1193 644 1282 ἔξηβιαξ
675 1199 963 1258 orationes
1007 1209 1200 1266 habere
1230 1218 1475 1282 coepisset,
1501 1193 1660 1272 beata:
1687 1239 1877 1274 memo-

305 1287 398 1338 τίω
441 1270 702 1337 Heraclas
744 1292 1052 1364 episcOpus,
1094 1306 1183 1368 qui
1218 1316 1339 1359 tunc
1365 1309 1600 1375 florebat,
1628 1320 1874 1378 tanquam

321 1381 500 1428 arator
536 1382 583 1428 et
604 1378 801 1434 vinitor
835 1389 1075 1444 veritatis
1103 1396 1363 1448 studiosus
1387 1399 1718 1452 ecclesiastici
1740 1403 1871 1469 agri,

315 1482 431 1519 eum
469 1483 496 1520 e
520 1470 692 1522 medio
723 1474 962 1540 pulchra:
985 1485 1185 1548 segetis,
1234 1486 1307 1537 sic
1346 1499 1588 1556 tanquam
1622 1507 1734 1543 vere
1759 1507 1872 1543 ma-

309 1558 420 1610 lam
449 1559 718 1616 zizaniam
743 1566 936 1624 evellit.
961 1569 1164 1636 Quibus
1187 1575 1286 1628 alia
1314 1592 1473 1630 causa
1507 1593 1602 1632 cur
1627 1581 1872 1646 expulsus

298 1649 484 1702 fuerit
509 1650 774 1720 Origenes
799 1671 998 1726 prazter
1026 1665 1326 1730 superiores
1366 1665 1604 1720 aﬂ‘ertur.
1639 1668 1746 1739 (68)
1781 1670 1872 1722 Est

294 1741 493 1795 simile
525 1746 806 1814 quidpiam
849 1751 990 1818 apud
1035 1752 1248 1807 Petrum
1303 1756 1714 1810 Alexandrinum
1754 1759 1864 1825 epi-

285 1846 538 1900 scopum
592 1838 648 1890 in
696 1837 1058 1912 Mystagagia,
1093 1843 1244 1910 cujus
1299 1847 1611 1911 particulam
1661 1863 1867 1915 quoque

1384 471 1944 532 ORIGENIANORUM
1981 477 2106 533 LIB.
2146 480 2187 543 I,
2222 478 2371 534 CAP.
2411 478 2475 536 II.
3157 549 3163 555 '

867 559 920 666 ίζ
949 575 1135 666 ξδΡὶιιε
1169 583 1526 655 fragmentum
1550 590 1699 646 aﬂ’ert
1723 590 1886 647 Justi-
1914 600 1958 654 A
1983 595 2286 663 gnationem
2317 610 2345 648 a
2372 595 2637 652 Demetrio
2668 599 2876 654 litteras
2901 599 3097 666 scripta
3121 611 3182 653 ea
3214 610 3370 665 quam
3394 594 3501 650 dixi

3399 477 3501 535 670

1981 689 2047 738 ad
2075 688 2274 740 amicos
2311 687 2564 752 quosdam
2603 703 2726 742 suos
2754 691 3124 743 Alexandriam
3173 685 3393 756 epistola
3420 686 3502 738 lu-

1977 775 2214 829 culenter
2245 777 2556 830 confutavit.
2592 778 2645 830 In
2684 793 2784 846 qua
2821 780 3026 833 etiamsi
3052 778 3343 832 maledictis
3373 777 3496 830 abs-

1977 865 2143 919 tinere
2187 880 2245 919 se
2292 866 2427 919 velle
2466 866 2715 928 declarat,
2784 882 2970 935 aspere
3023 878 3198 921 tamen
3225 876 3277 921 et
3304 865 3498 919 acerbe

1976 953 2319 1018 Demetrium,
2351 957 2504 1022 eique
2546 957 2932 1010 consentientes
2973 960 3248 1012 adversum
3288 971 3346 1010 se
3387 954 3496 1022 epi-

1974 1054 2163 1109 scopos
2211 1043 2537 1110 perstringit,
2585 1049 2638 1093 et
2683 1041 2876 1093 illatam
2909 1042 3004 1095 sibi
3059 1041 3492 1108 injuriam,.inlli-

1975 1145 2191 1200 ctosque
2221 1132 2694 1185 anathematismos
2728 1130 2938 1184 refellit.
2973 1131 3078 1183 Nec
3105 1133 3274 1184 minus
3297 1132 3366 1185 ob
3397 1131 3492 1186 De-

1977 1221 2152 1273 metrii
2204 1221 2416 1272 decreta
2452 1229 2503 1272 et
2547 1219 2934 1272 Alexandrinas
2966 1218 3194 1286 synodos
3246 1217 3493 1271 ecclesia-

1973 1307 2352 1360 sticis'muniis
2383 1306 2658 1360 defunctus
2693 1315 2804 1369 est;
2837 1305 3062 1358 docebat
3103 1305 3330 1372 publice,
3362 1315 3415 1358 et
3437 1305 3488 1357 in

1970 1397 2189 1450 ecclesia
2248 1397 2312 1450 de
2370 1399 2528 1450 rebus
2573 1397 2742 1449 sacris
2782 1396 2849 1448 ad
2889 1396 3132 1462 populum
3163 1395 3484 1458 disserebat;

1970 1494 2127 1552 atque
2153 1487 2264 1539 haec
2298 1500 2398 1538 non
2429 1485 2769 1539 Cmsariensis
2798 1485 3029 1552 episcopi
3061 1484 3233 1546 modo,
3260 1493 3311 1536 et
3341 1482 3494 1537 ,Ιοτο-

1969 1575 2271 1644 solymitani
2311 1575 2592 1642 permissu,
2630 1574 2720 1627 sed
2746 1575 2894 1638 jussu
2930 1573 3120 1636 etiam;
3151 1573 3239 1639 qui
3267 1572 3491 1626 adhunc

1971 1679 2127 1718 unum
2157 1665 2444 1732 Scriptura:
2476 1679 2640 1716 sacra:
2670 1662 3077 1728 interpretanda
3107 1677 3297 1714 munus
3339 1663 3490 1714 detu-

1966 1753 2162 1806 lerunt.
2197 1753 2326 1807 Cum
2362 1753 2499 1806 enim
2540 1756 2588 1805 in
2636 1753 2752 1821 ejus
2793 1769 2950 1808 causa
2984 1755 3144 1806 varias
3192 1762 3368 1806 essent
3401 1767 3490 1804 va-

1970 1843 2169 1896 riorum
2201 1843 2495 1906 sententiae,
2523 1843 2755 1910 duasque
2783 1844 2923 1896 velut
2953 1843 3004 1896 in
3034 1853 3211 1912 partes
3244 1846 3486 1897 universa

285 1926 508 1978 recitat
541 1925 882 1986 Justinianus
916 1934 967 1984 in
1001 1937 1182 1987 eadem
1205 1936 1419 2002 epistola
1447 1950 1462 1988 :
1507 1937 1569 1988 Tl
1611 1938 1666 1989 δὲ
1711 1914 1864 2001 ctam,
1899 1914 1940 1966 Β
1967 1930 2184 1984 abiisset
2205 1931 2442 1985 Ecclesia
2463 1971 2478 1994 ,
2505 1931 2726 1985 infensis
2753 1932 2973 2000 reliquis
3005 1931 3351 1998 patrocinium
3376 1931 3489 1996 ejus

278 2014 526 2082 inquit,
584 2018 863 2088 Ἡρακλᾶν
903 2023 994 2075 καὶ
1050 2025 1352 2094 Δημήτριον
1399 2027 1520 2089 τοὺς
1575 2029 1867 2097 μακαρίους

273 2105 652 2170 ἐπισκόπους
684 2125 698 2172 ;
747 2110 891 2173 οἴους
921 2115 1252 2182 πειρασμοὺς
1297 2115 1598 2185 ὑπέστησαν
1646 2116 1746 2169 ὑπὸ
1774 2116 1863 2169 τοῦ

274 2191 578 2263 μανέντος
627 2198 954 2266 Ὠριγένους,
995 2203 1084 2253 καὶ
1114 2202 1272 2254 αὐτοῦ
1301 2205 1566 2272 σχίσματα
1590 2204 1865 2274 βάλλοντος

267 2289 341 2339 ὲν
359 2291 442 2357 τῇ
466 2289 797 2361 Ἐκκλησία,
827 2293 894 2344 τὰ
917 2293 1018 2355 ’ἐως
1049 2296 1279 2363 σήμερον
1308 2297 1544 2365 ταραχὰς
1570 2297 1701 2367 αὐτῇ
1728 2299 1866 2365 ἐγεί-

270 2391 513 2444 ρανταο
561 2377 707 2440 Quid
749 2390 924 2432 autem
967 2382 1134 2434 dicam
1163 2382 1439 2436 Heraclam
1481 2396 1525 2438 et
1555 2385 1864 2439 Demetrium

264 2466 484 2518 beatos
522 2467 803 2534 episcopos
841 2469 866 2521 ?
897 2468 1086 2533 Quales
1117 2473 1416 2526 tentationes
1447 2473 1508 2525 ab
1532 2475 1715 2527 insano
1745 2474 1866 2526 Ori-

261 2569 426 2622 gene
444 2555 601 2618 passi
621 2565 768 2619 sunt,
783 2568 956 2610 cumet
979 2559 1193 2611 dissidia
1217 2571 1399 2613 sereret
1418 2563 1468 2613 in
1488 2559 1733 2624 Ecclesia,
1751 2579 1864 2628 qua:

261 2645 351 2695 ad
389 2645 544 2698 hanc
577 2661 745 2714 usque
773 2647 907 2698 diem
945 2647 1118 2698 turbas
1147 2646 1201 2699 in
1241 2663 1299 2700 ea
1337 2648 1674 2700 excitarunt?
1705 2647 1862 2700 Deni-

259 2749 398 2803 que
425 2735 728 2799 Eusebius,
757 2745 815 2789 ut
843 2736 954 2804 jam
988 2751 1016 2788 a
1042 2752 1125 2790 me
1155 2746 1388 2790 notatum
1418 2745 1517 2798 est,
1539 2738 1588 2788 in
1613 2735 1863 2790 Chronico

263 2827 605 2896 Origenem
635 2827 913 2880 exsulasse
942 2827 1090 2895 ﬁngit
1114 2866 1130 2890 ,
1160 2827 1370 2880 biennio
1428 2837 1701 2894 postquam
1745 2828 1858 2893 epi-

259 2935 507 2988 scopus
562 2928 786 2972 creatus
825 2928 908 2972 est
963 2918 1232 2972 Heraelas.
1264 2918 1380 2987 (09)
1406 2918 1582 2976 Facile
1623 2919 1860 2987 equidem

258 3011 564 3065 existimo
600 3009 858 3062 Demetrii
892 3008 1148 3060 adversus
1187 3006 1462 3074 Origenem
1495 3010 1706 3062 decreto
1736 3010 1863 3062 asti-

261 3100 552 3168 pulatum
599 3097 770 3150 fuisse
815 3095 1090 3149 Heraclam
1131 3095 1306 3148 adhuc
1354 3095 1758 3164 presbyterum,
1809 3106 1862 3150 et

265 3189 467 3244 simul
502 3197 564 3241 ut
611 3187 982 3256 episcopatum
1030 3184 1248 3251 adeptus
1285 3193 1364 3236 est
1389 3223 1404 3246 ,
1445 3185 1736 3238 decessoris
1782 3186 1858 3239 sui

265 3281 671 3337 conﬁrmasse
714 3278 969 3338 edictum,
998 3285 1050 3328 et
1089 3276 1368 3342 quominus
1406 3277 1776 3329 restitueretur
1807 3279 1856 3330 in

264 3370 584 3436 integrum
614 3365 878 3431 Origenes
915 3363 1285 3431 impedivisse:
1320 3363 1392 3414 ait
1423 3364 1612 3430 quippe
1641 3362 1859 3418 Photius

263 3459 426 3513 cod.
464 3456 575 3509 118
601 3493 618 3517 ,
665 3453 844 3507 edicto
878 3451 1131 3504 Demetrii
1178 3451 1554 3517 subscripsisse
1600 3463 1857 3520 quotquot

264 3549 397 3615 ipsi
424 3544 659 3614 Origeni
685 3552 844 3596 antea
868 3539 1139 3608 suifragati
1168 3539 1397 3592 fuerant.
1424 3541 1615 3593 Verum
1645 3555 1856 3608 persua-

265 3637 414 3689 deri
455 3650 567 3686 non
601 3645 818 3699 possum
852 3627 960 3696 jam
997 3638 1104 3680 tum
1132 3628 1324 3685 abiisse
1369 3629 1707 3692 Demetrium,
1737 3645 1854 3682 eum

265 3721 644 3778 Alexandria
681 3719 922 3786 dejectus
947 3726 1027 3770 est
1053 3717 1322 3785 Origenes,
1357 3728 1408 3770 et
1433 3733 1528 3770 cur
1558 3719 1859 3786 expellere-

270 3824 386 3866 tur
419 3820 711 3864 auctorem
758 3807 924 3860 fuisse
966 3806 1239 3859 Heraclam
1264 3846 1278 3868 ,
1317 3815 1499 3858 contra
1545 3806 1854 3860 Ensebianaa

271 3901 568 3956 Historia
603 3897 1064 3960 testiﬁcationem,
1097 3905 1151 3947 et
1191 3893 1491 3960 Hieronymi
1518 3893 1639 3947 libr.
1672 3911 1705 3948 ιι
1737 3897 1850 3948 adv.

268 3991 483 4060 Ruﬁn.
513 4030 531 4057 ,
563 4003 690 4055 cap.
729 3987 763 4039 5
788 4026 804 4050 ,
854 3996 908 4040 et
956 3987 1120 4054 ipsius
1167 3985 1324 4039 etiam
1367 3984 1608 4052 Origenis
1633 4027 1646 4049 ,
1678 3988 1764 4053 qui
1802 3988 1854 4039 in

268 4081 527 4152 epistola
559 4081 630 4132 ad
654 4079 858 4130 amicos
877 4074 1267 4129 Alexandrinos
1287 4073 1671 4151 postexsilium
1690 4075 1854 4142 ipsius

268 4175 506 4242 scripta
531 4210 550 4236 ,
584 4169 914 4224 Demetrium
948 4166 1188 4235 aliosque
1230 4163 1511 4219 adversum
1540 4180 1596 4217 se
1627 4179 1853 4219 consen-

268 4265 504 4318 tientes
531 4260 836 4313 ulciscitur.

363 4352 520 4407 XVI.
558 4350 679 4418 (70)
718 4348 1002 4416 Postquam
1054 4361 1118 4400 ex
1169 4345 1272 4398 hoc
1303 4345 1521 4398 tumultu
1558 4345 1852 4399 Caesaream

269 4459 418 4498 sese
444 4441 660 4509 recepit
689 4438 966 4506 Origenes,
992 4437 1143 4489 larua:
1163 4451 1270 4490 sua:
1298 4445 1372 4490 tot
1391 4436 1671 4490 calumniis
1690 4451 1854 4504 appe-

273 4537 410 4590 tita:
439 4530 744 4596 consuluit,
779 4539 832 4583 et
884 4529 1173 4582 submissas
1229 4529 1281 4581 in
1319 4528 1546 4582 nominis
1574 4527 1654 4582 sui
1683 4542 1850 4596 Oppu-

1963 2037 2024 2075 ac
2083 2021 2437 2076 defensionem
2495 2023 2813 2087 Palaestina,
2871 2022 3135 2076 thnicia
3197 2030 3249 2073 et
3292 2022 3485 2074 Arabia

1963 2120 2310 2178 susceperunt
2339 2128 2353 2162 :
2377 2125 2600 2178 quarum
2629 2113 2946 2164 auctoritate
2965 2112 3128 2164 fretus
3163 2125 3278 2164 sese
3309 2125 3488 2163 sacer-

1962 2199 2104 2252 dotio
2143 2216 2204 2253 ae
2241 2201 2493 2254 Ecclesia:
2551 2201 2928 2255 communione
2965 2201 3225 2254 excidisse
3273 2201 3488 2252 minime

1965 2297 2112 2342 ratus
2145 2298 2246 2353 est,
2271 2299 2323 2343 et
2351 2290 2491 2344 inter
2514 2304 2604 2342 eas
2637 2290 2858 2357 gradum
2891 2305 3045 2346 suum
3080 2305 3142 2344 ac
3173 2288 3484 2357 dignitatem

1961 2377 2203 2432 obtinuit.

2033 2465 2191 2521 XVII.
2221 2465 2602 2535 Jerosolymam
2633 2483 2844 2536 quoque
2889 2469 3071 2522 iisdem
3108 2468 3322 2522 circiter
3353 2479 3486 2520 tem-

1963 2557 2175 2622 poribus
2211 2555 2358 2618 adiit,
2391 2557 2587 2610 Christi
2631 2557 3098 2625 apostolorumquc
3154 2559 3363 2611 visurus
3395 2571 3485 2610 ve-

1961 2645 2136 2713 stigia.
2172 2645 2284 2714 (7t)
2307 2645 2378 2698 lbi
2413 2647 2748 2699 vehementer
2769 2647 2836 2699 ab
2862 2661 2926 2699 eo
2963 2647 3112 2713 petiit
3148 2648 3482 2700 sacerdotum

1961 2735 2235 2802 collegium
2263 2734 2394 2802 (72),
2427 2745 2484 2787 ut
2527 2736 2577 2787 in
2610 2736 2834 2788 ecclesia
2881 2736 3036 2788 verba
3072 2735 3304 2799 faceret;
3340 2750 3484 2788 cum-

1961 2837 2062 2891 que
2089 2823 2193 2875 vim
2235 2826 2300 2876 ad
2331 2825 2716 2891 impetrandum
2749 2824 3122 2890 propemodum
3165 2823 3482 2877 adhiberent

1961 2916 2052 2981 qui
2088 2923 2351 2982 praeerant
2400 2914 2588 2979 sacris,
2619 2928 2901 2980 assurgens
2940 2917 3029 2969 ille
3054 2924 3322 2981 assumpto
3347 2914 3484 2966 libro

1963 3003 2097 3057 unde
2146 3003 2245 3056 sibi
2289 3013 2650 3070 argumentum
2699 3004 2966 3074 deligeret,
3003 3007 3052 3058 in
3105 3005 3244 3056 hunc
3290 3004 3484 3072 epsal-

1962 3107 2046 3144 mo
2075 3107 2222 3154 xux,
2271 3107 2478 3145 versum
2524 3093 2660 3147 forte
2718 3094 2901 3146 incidit
2942 3113 2956 3148 :
2996 3094 3258 3147 Peccatori
3310 3104 3482 3146 autem

1960 3180 2091 3234 dixit
2127 3182 2264 3235 Deus
2289 3199 2306 3236 :
2330 3181 2502 3246 Quare
2527 3193 2581 3234 tu
2606 3199 2820 3235 enarras
2840 3183 3076 3252 justitias
3108 3199 3266 3244 meas,
3299 3191 3347 3234 et
3389 3198 3483 3235 as-

1957 3273 2116 3323 sumis
2146 3282 2505 3325 testamentum
2535 3271 2702 3324 meum
2749 3289 2840 3339 per
2882 3289 2938 3325 os
2985 3274 3171 3325 tuum?
3197 3272 3309 3336 Quo
3347 3272 3482 3324 reci-

1958 3371 2088 3426 tato,
2118 3363 2272 3428 quasi
2307 3377 2401 3416 sua
2432 3363 2532 3415 sibi
2579 3377 2608 3415 a
2655 3363 2761 3416 Deo
2787 3363 3003 3430 perﬁdia
3047 3363 3480 3430 exprobraretur,

1957 3451 2007 3503 in
2040 3460 2212 3504 tantos
2243 3453 2415 3504 luctus
2461 3452 2666 3514 incidit,
2697 3461 2752 3503 ul
2784 3451 3081 3505 astantibus
3113 3451 3370 3504 universis
3405 3450 3482 3501 la-

1955 3555 2163 3609 crymas
2188 3550 2476 3594 excuteret.
2517 3540 2648 3594 Cum
2682 3556 2808 3594 vero
2845 3555 2902 3594 se
2950 3539 3232 3608 aliquando
3258 3539 3478 3602 Christi,

1955 3629 2420 3698 apostolorumquc
2442 3631 2797 3698 perlustrasse
2826 3632 3046 3700 vestigia
3076 3630 3477 3698 signiﬁcaverit,

1955 3728 2084 3772 tom.
2121 3736 2168 3773 vr
2217 3722 2273 3773 in
2324 3721 2509 3783 Joan.,
2538 3737 2682 3774 num.
2715 3721 2806 3784 24,
2841 3736 2962 3790 pag.
2997 3721 3122 3783 140,
3156 3721 3238 3774 his
3280 3715 3513 3787 tempo—'

1925 3805 1928 3810 ’
1955 3811 2101 3864 ribus
2127 3813 2176 3864 id
2202 3813 2358 3864 tribui
2383 3828 2535 3881 posse
2562 3828 2859 3868 censemus.
2885 3814 3005 3867 Inde
3030 3828 3156 3867 vero
3185 3829 3287 3868 non
3317 3813 3481 3866 multo

1952 3912 2069 3971 post
2096 3902 2362 3970 digressus
2381 3913 2480 3954 est.

2021 3992 2202 4044 XVIII.
2236 3992 2431 4045 Scribit
2460 3991 2786 4060 Epiphanius
2819 3994 2947 4047 hmr.
2976 3993 3065 4057 64,
3099 4010 3215 4062 cap.
3242 3995 3294 4059 5,
3323 4005 3377 4048 et
3404 3995 3480 4048 De

1949 4082 2105 4150 pond.
2138 4092 2183 4133 et
2219 4097 2402 4146 mens.,
2440 4097 2565 4150 cap.
2601 4084 2686 4146 18,
2718 4083 2916 4152 Tyrum
2947 4086 3275 4137 concessisse
3309 4085 3478 4151 ipsum

1953 4179 2071 4237 post
2113 4169 2613 4240 Jerosolymitanum
2643 4172 2761 4232 iter,
2791 4181 2953 4238 atque
2995 4172 3069 4224 ibi
3097 4187 3189 4238 per
3217 4187 3479 4223 annorum

1950 4271 2070 4315 octo
2099 4269 2152 4312 et
2184 4261 2369 4328 viginti
2413 4261 2694 4313 decursum
2747 4260 2798 4312 in
2860 4261 3288 4328 interpretandis,
3331 4259 3480 4325 juxta

1951 4350 2215 4402 Ambrosii
2266 4349 2552 4418 postulata,
2603 4349 2895 4415 Scripturis
2936 4350 3100 4401 otium
3151 4365 3302 4402 suum
3347 4365 3480 4402 eon-

1953 4440 2262 4509 sumpsisse.
2301 4439 2535 4492 Dicerem
2591 4450 2898 4507 corruptum
2950 4454 2979 4491 a
3026 4439 3261 4492 librariis
3309 4455 3482 4492 nume-

1954 4542 2090 4590 rum,
2123 4526 2222 4580 nisi
2259 4527 2461 4582 duobus
2493 4526 2629 4592 apud
2654 4525 3006 4594 Epiphaniqu
3033 4526 3164 4580 locis
3197 4526 3483 4580 haberetur

358 4760 480 4828 (68)
511 4754 833 4828 comrbelisq
860 4753 971 4804 Act.
999 4751 1060 4804 V.
1097 4752 1234 4805 Petr.
1267 4767 1318 4819 p.
1340 4750 1478 4816 9.03;
1511 4750 1706 4803 Concil.
1727 4759 1853 4803 tom.
1889 4746 1931 4799 D
1963 4749 2283 4828 Demetriani
2310 4749 2515 4804 concilii
2552 4750 2687 4828 a_cti_s
2709 4749 3482 4828 subscripsisse._Certenullibi

273 4825 520 4882 V.'uatz.
558 4825 688 4878 652.

337 4845 719 4966 ’(ιέΐ)ῗ.ι⁴9ιῗεῗὶε
763 4891 998 4966 equidem
1050 4891 1284 4966 existimo
1311 4888 1582 4966 _Dem_etrii
1609 4887 1856 4966 adversus

282 4954 595 5032 Origenem
632 4954 838 5032 decreto
879 4958 1217 5032 astipulatum
1245 4957 1403 5023 fuisse
1429 4954 1854 5032 Herae-lam,_etc.

276 5035 345 5088 Μ
390 5022 448 5085 ut
477 5033 732 5084 crederet
761 5022 1264 5080 lluetiusadductns
1304 5034 1384 5076 est
1429 5022 1562 5074 male
1594 5023 1857 5075 intellecto

278 5105 405 5155 hoc
437 5100 622 5154 Photii
659 5099 774 5148 loco
805 5097 924 5148 cod.
962 5095 1059 5145 “8
1086 5112 1098 5145 :
1143 5092 1263 5145 Ἀλλ
1292 5093 1382 5158 ὅγε
1411 5091 1710 5158 Δημήτριος
1743 5091 1855 5159 ἅμα

276 5172 442 5222 τισὶν
503 5165 826 5226 ἐπισκόποις
879 5162 1216 5228 Αἰγυπτίοις,
1268 5160 1360 5212 καὶ
1414 5160 1507 5226 τῆς
1569 5159 1857 5228 ἱερωσύνης

279 5235 644 5307 ἀπεκήρυξε,
676 5231 1190 5307 συνοπογραψάνῖων
1220 5229 1415 5307 καὶ-’τῇ
1463 5228 1724 5307 ἁποιράσει
1751 5228 1855 5307 τῷν

285 5295 829 5376 συμψςξφώνέαὺτῷ.
856 5295 1247 5376 γεγεὺημένιιιγ,
1318 5295 1500 5376 Verum
1565 5297 1851 5376 Demetrius

284 5365 566 5428 una'cuiu
611 5365 830 5438 .Egypti
863 5365 1111 5438 episcopis
1149 5368 1368 5438 aliquot,
1407 5365 1692 5438 sacerdotio
1733 5380 1855 5438 quo.

283 5461 408 5511 que
452 5445 610 5494 illum
659 5431 926 5505 ubiutlicat
953 5474 972 5495 ,ν
1005 5431 1433 5511 δρὺεενίρειξιὶριιδ
1481 5431 1637 5511 etiam
1684 5434 1848 5485 edicto

284 5499 454 5572 huic,
481 5499 735 5577 quotquol
772 5516 921 5557 antea
947 5504 1224 5570 stt/Tragati
1250 5502 1296 5553 ei
1331 5499 1650 5577 [uisuntqu
1682 5516 1746 5552 eo
1789 5517 1847 5554 se

287 5567 717 5645 decipi'passus
753 5584 853 5645 est,
881 5567 1039 5645 quod:
1069 5567 1247 5645 vocem
1299 5568 1441 5645 αὐτῷ
1471 5568 1534 5645 ad
1563 5567 1844 5645 Qrigenem

285 5633 490 5701 uetera
502 5633 541 5708 tl,
564 5660 687 5698 cum
719 5644 782 5693 ad
817 5633 1132 5692 Demetrium
1162 5633 1430 5708 referenda
1457 5637 1546 5708 si}.
1568 5633 1679 5686 Hoc
1705 5639 1843 5708 etiitn

287 5731 474 5768 tinum
528 5705 610 5765 ait
668 5710 908 5767 i’hotins,
957 5714 1209 5772 quotquot
1260 5707 1449 5771 prioris
1495 5705 1841 5756 Demetriana:

288 5783 499 5853 synodi
553 5782 775 5834 decreto
815 5775 1257 5840 subscripserunt,
1289 5775 1498 5829 eosdem
1534 5773 1838 5839 posterioris

1961 4819 2098 4881 apud
2152 4817 2521 4889 Hieronymum
2569 4818 2786 4889 legimus
2832 4817 3152 4889 ab__l|eraela
3199 4823 3481 4889 quidquam

1963 4895 2142 4938 contra
2172 4885 2456 4954 Qrigenem
2487 4885 2675 4954 actum
2696 4885 2871 4938 fuisse.
2901 4885 3090 4952 Ecquis
3115 4885 3253 4940 enim
3291 4885 3484 4942 ill—cre-

1962 4954 2050 5005 dat
2079 4956 2143 5005 de
2172 4952 2414 5016 Heraela,
2443 4971 2600 5023 quem
2651 4953 2920 5023 Origenes,
2963 4969 3053 5019 per
3106 4958 3313 5019 triginta
3377 4959 3484 5010 fere

1961 5037 2130 5090 annos
2159 5022 2470 5090 discipulum
2505 5023 2756 5075 habuerat
2795 5039 2807 5073 :
2842 5022 2925 5075 cui
2959 5023 3278 5075 Alexandria
3321 5027 3486 5078 disce-

1963 5089 2090 5158 dens
2118 5089 2452 5144 catech’etica'.
2484 5092 2677 5144 schola;
2714 5105 2903 5142 munus
2951 5091 3181 5156 reliquit,
3217 5102 3268 5141 et
3296 5096 3382 5158 qui
3413 5095 3482 5144 si-

1962 5157 2561 5275 biltle|lI|lSI?8llbfogaVIl
2594 5161 2896 5228 Dionysium
2947 5158 3188 5226 Origenis
3222 5157 3380 5211 etiam
3405 5161 3485 5212 di-

1962 5239 2101 5275 SCIDII
2127 5242 2210 5275 ιιιιι
2232 5269 2244 5275 -

1958 5227 2250 5280 sciuulunt?

2053 5295 2142 5363 70)
2181 5292 2457 5363 Postquam
2507 5311 2569 5346 ea:
2623 5296 2717 5346 hoc
2779 5296 2997 5346 tumultu
3033 5295 3472 5352 (Σίνδοι-ιαπῶς.

1958 5362 2106 5427 Qubd
2143 5373 2251 5415 toto
2307 5362 2356 5416 in
2424 5365 2583 5416 hocce
2635 5363 2855 5414 articulo
2897 5366 2971 5414 ait
3002 5364 3238 5421 Hnetins,
3269 5363 3482 5416 intnime

1956 5442 2100 5484 certe
2147 5433 2381 5485 cohaeret
2413 5448 2534 5484 cum
2565 5431 2810 5500 Origenis
2836 5431 3034 5500 ﬂagitio
3066 5441 3118 5482 et
3145 5431 3479 5497 paenitentia,

1954 5510 2010 5551 ut
2034 5499 2141 5567 jam
2173 5500 2422 5553 diximus.

2021 5564 2132 5637 (71)
2162 5567 2246 5620 1ὺὶ
2275 5569 2590 5621 vehementer
2615 5570 2677 5620 ab
2707 5584 2764 5619 eo
2791 5569 2937 5635 petiit
2969 5566 3290 5637 saterdotum
3321 5564 3482 5637 colle-

1949 5631 2240 5702 giu'rn,'etc.
2274 5637 2394 5690 Haec
2439 5653 2502 5690 ex
2552 5639 2736 5689 iisdem
2763 5631 2982 5702 impuris
3013 5636 3241 5688 fontilms
3268 5647 3329 5684 ac
3361 5631 3485 5689 Ori-

1953 5707 2100 5772 genis
2131 5705 2436 5758 idololatria:
2466 5708 2738 5757 historiam
2784 5706 2957 5760 hausit
2986 5703 3330 5772 Epiphanius.

2013 5772 2121 5843 (7‘2)
2157 5775 2341 5844 Epiph.
2367 5777 2495 5828 liter.
2522 5775 2607 5836 6i,
2645 5788 2758 5840 cap.
2777 5773 2843 5827 "2.
