3846 6444
45 88 220 226 /

83 403 288 657 τί
301 539 513 657 ἓρθδίη

1350 514 1900 574 ORIGENIANORUM
1935 515 2060 570 LIB.
2075 518 2120 581 1,
2158 516 2304 575 CAP.
2350 517 2434 572 111.

3375 516 3479 574 678

689 613 824 704 ξηο
887 618 1145 686 Christi
1191 635 1313 690 259.
1365 636 1588 699 Idcirco,
1642 637 1852 704 opinor,
1882 641 1926 693 Α
1954 633 2228 688 succisivis
2262 633 2409 688 horis
2438 635 2582 687 varia
2609 636 2777 703 ipsum
2809 637 3135 704 exemplaria
3165 633 3320 690 simul
3351 649 3476 688 con-

96 615 254 756 “7/
291 615 513 724 diluit;
538 615 678 743 ἐξ,
708 615 824 704 :Tn'
887 618 1145 686 Christi
1191 635 1313 690 259.
1365 636 1588 699 Idcirco,
1642 637 1852 704 opinor,
1882 641 1926 693 Α
1954 633 2228 688 succisivis
2262 633 2409 688 horis
2438 635 2582 687 varia
2609 636 2777 703 ipsum
2809 637 3135 704 exemplaria
3165 633 3320 690 simul
3351 649 3474 688 con-

96 697 558 832 \‘:\\/’xemp\o
601 702 1186 832 (1::ﬁ?:hl:ie:a.te,
1218 727 1446 794 scriptis,
1483 727 1841 830 concionibus,
1947 721 2322 832 qui
2343 721 2497 776 labor
2521 723 2584 775 ad
2610 725 2878 778 condenda
2911 724 3147 794 Hexapla
3176 733 3293 778 erat
3315 724 3474 781 velutl

124 754 144 756 -γ
366 760 392 802 ἢ
740 754 770 800 ἰ
850 754 878 759 ν
924 754 1186 788 νιυιηιε,
1218 754 1446 794 δυῐιμιιθ,
1483 754 1841 788 ιιυιιυιυιιιυυδ,

120 754 234 887 si!
263 754 983 887 (:‘EEEEEbI-tstiana
1040 814 1183 870 ﬁdes
1238 833 1484 885 magnum
1513 818 1620 887 jam
1671 819 1844 872 incre-

136 873 171 910 ἃ
329 848 438 904 mm
464 869 612 920 “ce
660 871 674 884 ,
841 848 983 860 κ---υ
1042 848 1183 870 "nos
1239 848 1484 920 μηδ..υηῖ
1513 848 1620 887 μ...
1672 848 1718 871 ..ι

161 880 313 987 ΝΑ
366 941 391 1000 ι
617 885 844 949 Dtsset.
880 905 945 949 et
971 913 1155 966 porro
1184 917 1404 974 captura
1433 909 1718 962 vnderetur.

258 975 294 1003 Δ
393 963 666 1003 ἷὶετιὶοῇιῖ
707 980 943 1003 unt—2--..
1028 993 1052 1003 -
1335 999 1346 1003 -
1387 999 1399 1003 _
1479 998 1490 1003 -
1571 999 1597 1003 _
1639 999 1649 1003 _

226 965 336 1065 ξι,
371 965 991 1067 lilgtuenti‘perieulo
1025 993 1152 1064 fuga
1184 965 1518 1052 sesubduxit
1563 999 1840 1067 Origenes,

215 1059 326 1162 {in
370 1059 496 1162 CAN“
537 1062 740 1162 paulo
795 1085 938 1132 ante
975 1059 1320 1154 Gregorium,
1352 1097 1408 1140 ct
1443 1059 1839 1142 Athenodorum

251 1155 368 1237 “ge
392 1157 627 1207 exactos
663 1155 725 1211 in
786 1167 1066 1227 exhedris
1119 1176 1230 1227 suis
1279 1190 1446 1229 annos
1494 1176 1726 1243 quinque
1787 1176 1838 1229 in

261 1250 496 1328 patriam
528 1247 816 1309 redituros
849 1272 881 1310 a
907 1275 969 1314 se
993 1264 1280 1318 amisisset.
1319 1265 1382 1317 Et
1417 1274 1525 1317 tum
1559 1267 1624 1319 ad
1655 1265 1843 1319 Firmi-

273 1349 482 1401 liamtm
525 1339 798 1400 Caesareae
859 1347 1216 1421 Cappadocire
1271 1355 1594 1422 episcopum,
1631 1369 1835 1407 summa

267 1439 387 1493 sibi
433 1438 839 1494 necessitudine
865 1443 1327 1508 devinctum,tota
1374 1460 1490 1498 cum
1530 1444 1838 1497 Firmiliano

261 1525 556 1581 invitante
582 1542 706 1581 eum
743 1528 1110 1598 Cappadocia.
1141 1533 1336 1601 fugisse
1361 1535 1522 1587 certis
1549 1534 1840 1586 rationibus

241 1619 332 1672 ad
369 1619 718 1672 credendum
746 1621 893 1674 ducti
929 1637 1133 1675 sumus.
1181 1622 1309 1676 Cum
1358 1624 1498 1676 enim
1532 1623 1838 1690 probaveri-

237 1718 391 1758 mus
449 1719 624 1772 supra
665 1705 716 1758 in
754 1707 956 1774 quinta:
981 1709 1362 1776 persecutionis
1393 1721 1626 1778 tempora
1659 1709 1836 1778 fugam

223 1792 414 1845 hanc
443 1793 656 1846 cadere
677 1794 992 1862 neutiquam
1019 1811 1195 1863 posse,
1221 1804 1462 1863 superest
1506 1805 1564 1850 ut
1595 1797 1659 1849 ad
1711 1811 1834 1850 sex-

221 1889 404 1945 tam,
447 1873 580 1949 Quae
606 1882 709 1936 fuit
730 1883 1025 1954 Maximini,
1055 1886 1138 1938 vel
1160 1890 1222 1939 ad
1242 1886 1516 1940 Decianam
1552 1886 1830 1940 referatur.

209 1973 438 2039 Atqui
489 1972 698 2026 Decius
734 1973 1008 2028 biennium
1058 1990 1159 2028 non
1215 1975 1441 2042 explevit
1490 1976 1541 2028 in
1589 1975 1829 2042 imperio,

209 2063 480 2129 diuque
511 2064 716 2128 etiam,
763 2063 890 2132 dum
921 2080 1098 2119 rerum
1132 2066 1328 2127 potitus
1365 2074 1466 2128 est,
1509 2066 1560 2118 in
1611 2065 1832 2120 vinculis

208 2153 356 2204 fuit
393 2151 719 2222 Origenes;
743 2167 867 2206 cum
899 2162 1010 2207 toto
1042 2153 1254 2208 biennio
1275 2153 1381 2206 illic
1405 2153 1540 2220 apud
1567 2151 1830 2206 Julianam

201 2241 522 2305 latuerit,
563 2252 626 2296 ut
658 2244 918 2311 scriptum
950 2254 1031 2296 est
1075 2248 1104 2294 a
1138 2243 1390 2296 Palladio.
1418 2243 1645 2296 Omnino
1675 2243 1833 2310 igitur

203 2331 282 2384 in
325 2331 650 2384 Haxindni
685 2332 1111 2399 persecutionem
1144 2332 1328 2385 incidit
1351 2331 1691 2384 Caesariensis
1733 2330 1830 2382 iste

195 2435 550 2474 secessus.
582 2419 960 2473 Firmilianum
984 2434 1212 2487 quoque,
1245 2434 1363 2473 cum
1396 2419 1553 2472 rebus
1581 2419 1691 2485 ipse
1723 2419 1831 2472 suis

192 2509 597 2564 consuleret
642 2509 732 2578 (ad
781 2509 1037 2562 Ecclesiae
1086 2509 1278 2576 quippe
1327 2509 1576 2578 praesides
1621 2508 1830 2576 potissi-

197 2619 412 2656 mum
445 2601 765 2671 pertinebat
794 2601 1129 2671 periculum),
1149 2601 1340 2654 alicubi
1372 2599 1606 2665 latuisse,
1633 2608 1683 2652 et
1710 2614 1825 2652 cum

197 2693 512 2762 Origene
555 2692 812 2756 fortasse,
848 2690 1104 2745 credibile
1131 2699 1231 2755 est,
1261 2701 1536 2757 postquam
1583 2704 1826 2743 securum

204 2784 269 2837 ei
311 2784 490 2851 apud
515 2780 799 2835 Julianam
825 2780 1119 2849 perfugium
1152 2780 1462 2849 assignavit.
1496 2777 1618 2831 Haec
1658 2779 1822 2830 abun-

205 2873 397 2928 dans
435 2872 670 2941 opibus,
711 2885 908 2939 easque
947 2871 998 2922 in
1032 2870 1276 2924 Ecclesiae
1301 2869 1575 2924 commoda
1608 2871 1826 2940 profun-

211 2963 390 3016 dere
442 2961 641 3023 solita,
674 2974 882 3013 summa
916 2958 1233 3012 liberalitate
1285 2959 1550 3014 hominem
1581 2961 1644 3014 de
1675 2975 1827 3029 repu-

207 3051 403 3105 blica
440 3049 765 3103 Christiana
789 3047 989 3114 optime
1015 3047 1261 3099 meritum
1285 3047 1554 3114 complexa
1581 3057 1690 3112 est;
1732 3066 1828 3105 nec

207 3141 508 3208 hospitio
531 3137 751 3204 excepit
773 3135 968 3199 solum,
993 3135 1084 3188 sed
1105 3135 1418 3189 bibliotheca
1451 3139 1636 3200 etiam,
1668 3152 1824 3206 quam

1944 811 2280 882 παρασκευή.

2010 899 2097 953 ιν.
2143 900 2454 955 Ambrosius
2487 900 2696 954 interim
2717 900 2826 968 jam
2860 918 3019 972 supra
3051 905 3205 959 nobis
3236 919 3475 961 comme-

1943 1001 2199 1054 moratus,
2247 999 2299 1045 et
2341 990 2684 1044 Caesariensis
2721 991 2970 1046 Ecclesiae
3023 995 3300 1064 presbyter
3345 996 3475 1049 Pro-

1945 1086 2187 1140 toctetus,
2237 1077 2493 1147 flagrante
2542 1079 2640 1132 hac
2696 1081 3064 1144 persecutione
3103 1085 3468 1151 comprehensi

1942 1177 1995 1221 et
2025 1169 2074 1220 in
2099 1169 2387 1220 custodiam
2417 1167 2523 1222 acti
2556 1179 2698 1221 sunt.
2729 1169 2983 1234 Quamvis
3025 1180 3199 1226 autem
3242 1176 3338 1241 ipsi
3378 1189 3472 1242 per

1941 1275 1999 1312 se
2022 1259 2220 1312 Christi
2256 1274 2467 1312 causam
2501 1267 2896 1326 propugnarent
2923 1259 3168 1323 viriliter,
3216 1279 3318 1316 non
3351 1279 3466 1318 me-

1939 1347 2192 1400 diocriter
2248 1355 2422 1398 tamen
2464 1356 2744 1414 utrumque
2793 1347 3134 1402 confirmavit
3186 1350 3464 1418 Origenes,

1938 1437 2102 1490 misso
2132 1451 2290 1490 aureo
2333 1435 2526 1498 libello,
2554 1452 2660 1504 quo
2693 1438 2756 1489 ad
2791 1437 3101 1505 martyrium
3129 1453 3220 1491 eos
3259 1451 3338 1493 est
3373 1444 3468 1495 ad-

1938 1526 2198 1578 hortatus.
2229 1523 2446 1577 Librum
2484 1527 2625 1578 hunc
2655 1524 2814 1592 igitur
2835 1525 2885 1577 in
2907 1523 3218 1579 Caesariensi
3251 1527 3468 1592 latibulo

1937 1617 2192 1684 scriptum
2240 1615 2400 1669 fuisse
2446 1615 2633 1668 merito
2681 1615 2924 1668 videmur
2969 1615 3232 1682 conjicere
3290 1633 3302 1668 :
3358 1635 3467 1688 quo

1935 1719 2060 1758 vero
2089 1706 2383 1760 destinatus
2445 1704 2622 1768 fuerit,
2681 1719 2773 1758 seu
2811 1703 3004 1772 quibus
3057 1705 3110 1758 in
3159 1705 3288 1760 locis
3338 1710 3463 1762 torti

1935 1793 2135 1846 fuerint
2181 1793 2495 1849 Ambrosius
2543 1803 2597 1847 et
2650 1791 3009 1856 Protoctetus,
3063 1795 3112 1847 id
3159 1796 3464 1863 conjectura

1938 1885 2144 1952 assequi
2172 1883 2326 1938 facile
2358 1900 2464 1938 non
2504 1893 2603 1938 est.
2632 1883 2722 1936 Sic
2759 1899 2850 1937 eos
2891 1884 3178 1952 alloquitur
3209 1885 3465 1953 Origenes

1939 1972 2100 2036 ineo,
2139 1973 2204 2026 de
2235 1988 2336 2040 quo
2366 1973 2674 2039 qumrimus,
2718 1973 2894 2025 libello
2930 1989 3077 2026 num.
3119 1973 3179 2024 41
3215 1991 3226 2026 :
3257 1972 3465 2034 Παῦλος

1937 2061 2033 2129 μὲν
2077 2060 2295 2128 λεγέτω,
2329 2062 2377 2112 εἰ
2430 2061 2565 2114 κατὰ
2608 2061 2908 2132 ἄνθρωπον,
2967 2061 3369 2132 ἐθηριομάχησα
3405 2064 3462 2115 ὲν

1943 2154 2146 2224 Ἐφέσῳ
2166 2171 2179 2184 ·
2233 2158 2389 2225 ἡμεῖς
2419 2157 2492 2220 δὲ,
2526 2159 2572 2208 εἰ
2611 2158 2747 2210 κατὰ
2778 2155 3078 2227 ἄνθρωπον,
3112 2158 3376 2229 ἀνῃρέθην
3403 2160 3465 2212 ἐν

1929 2247 2217 2317 Γερμανίᾳ.
2259 2266 2276 2298 r
2337 2249 2484 2300 Dicat
2513 2248 2725 2316 quidem
2768 2247 3009 2304 Paulus:
3052 2247 3105 2302 Si
3139 2249 3456 2314 (secundum

1932 2335 2300 2404 hominem)ad
2323 2337 2520 2390 bestias
2541 2337 2765 2406 pugnavi
2790 2336 2980 2404 Ephesi
3013 2337 3054 2404 ’ς
3106 2352 3203 2392 nos
3227 2341 3402 2392 autem
3439 2353 3455 2389 :

1930 2425 1984 2478 Si
2014 2425 2324 2495 (secundum
2354 2426 2645 2494 hominem)
2675 2427 2978 2480 interfectus
3009 2439 3124 2480 sum
3158 2427 3209 2482 in
3235 2428 3459 2482 Germa-

1929 2512 2036 2565 nia.
2072 2531 2090 2564 ι
2122 2514 2290 2581 Loqui
2348 2513 2630 2582 Origenem
2665 2527 2728 2567 cx
2769 2515 3034 2569 Ambrosii
3074 2525 3128 2570 et
3165 2516 3454 2571 Protocteti

1928 2617 2150 2671 persona
2189 2602 2524 2657 manifestum
2553 2614 2670 2668 est;
2703 2603 2900 2656 nullum
2927 2605 3040 2673 ipse
3070 2607 3326 2674 siquidem
3359 2607 3458 2660 hoc

1928 2703 2162 2762 tempore
2201 2695 2485 2747 discrimen
2527 2695 2678 2751 adiit.
2713 2693 2846 2758 Quid
2877 2694 2945 2747 sit
2969 2705 3143 2748 autem
3176 2694 3456 2750 Germania

1883 2791 1892 2800 '
1928 2781 2042 2847 illa,
2075 2797 2263 2850 magna
2297 2782 2610 2852 dijudicalio
2636 2790 2736 2835 est.
2774 2781 3064 2835 Addubitat
3103 2783 3338 2838 Ortelius
3365 2799 3459 2836 ai:-

1930 2885 2030 2924 non
2061 2870 2345 2924 Germania
2379 2872 2448 2925 sit
2491 2868 2913 2936 Germanopolis,
2954 2885 3109 2936 quam
3143 2871 3194 2923 in
3225 2871 3453 2939 Paphla-

1926 2975 2118 3029 gonum
2165 2960 2572 3014 mediterraneis
2623 2959 2849 3012 collocat
2894 2960 3209 3014 Ptolemazus
3260 2960 3453 3029 Geogr.

1927 3049 2018 3103 lib.
2053 3063 2105 3112 v,
2135 3064 2252 3116 cap.
2290 3049 2791 3117 6.Germanopolim
2823 3059 3001 3102 autem
3050 3050 3288 3102 eamdem
3336 3064 3457 3104 esse

1924 3141 2223 3208 suspicatur
2248 3153 2310 3192 ac
2340 3137 2822 3207 Germanicopolim
2854 3136 3009 3190 Plinii
3043 3136 3173 3206 (86),
3197 3137 3247 3190 in
3273 3137 3456 3207 Bithy-

214 3231 758 3288 instrnctissimam
788 3243 818 3280 a
843 3226 1160 3296 Symmacho
1184 3225 1524 3282 hzereditario
1546 3225 1665 3295 jure
1688 3228 1823 3282 obti-
1848 3243 1888 3300 ο
1925 3228 2010 3281 nia
2040 3227 2104 3280 ad
2133 3241 2278 3280 mare
2303 3226 2479 3279 sitam.
2511 3225 2643 3280 Falli
2675 3227 2820 3280 illum
2850 3234 2957 3278 tam
2987 3227 3120 3289 scio,
3149 3241 3307 3294 quam
3341 3229 3454 3280 scio

213 3327 390 3379 neba
402 3336 448 3376 t.

311 3413 422 3465 III.
461 3411 585 3464 Illic
628 3407 839 3476 insigne
873 3404 1224 3471 Hexaplorum
1256 3413 1512 3472 opustum
1542 3404 1824 3460 inchoasse

221 3501 570 3570 Origenem
627 3496 901 3557 existimo,
953 3493 1241 3546 maximam
1299 3501 1508 3546 nactum
1562 3493 1819 3546 librorum

219 3589 693 3660 supellectilem,
745 3594 798 3639 et
821 3583 1314 3650 interpretationum
1344 3585 1634 3650 praesertim
1671 3585 1821 3638 Scri-

220 3693 461 3751 pturae,
497 3692 643 3746 quas
689 3676 743 3729 in
803 3689 930 3729 suos
958 3687 1085 3727 usus
1131 3673 1402 3742 collegisse
1441 3671 1818 3743 Symmachum

220 3768 569 3826 verisimile
601 3775 712 3829 est,
745 3779 865 3818 cum
900 3765 1010 3831 ipse
1041 3777 1190 3814 suam
1225 3762 1524 3815 adornaret.
1557 3761 1671 3814 iam
1712 3764 1820 3830 pri-

219 3877 401 3916 mum
440 3859 671 3926 quidem
715 3870 901 3909 eorum
941 3851 1350 3918 descriptionem
1381 3851 1558 3904 animo
1601 3853 1818 3920 praefor-

219 3965 467 4010 masse.
499 3961 632 4000 cum
665 3952 980 3998 versaretur
1023 3939 1381 4002 Alexandriae,
1430 3940 1817 4008 nonnullasque

221 4044 305 4096 ad
341 4042 407 4095 id
448 4039 762 4106 Scripturae
807 4035 1276 4102 interpretationes
1303 4030 1580 4097 collegisse
1609 4039 1660 4082 et
1690 4047 1817 4085 con-

217 4134 446 4188 tulisse
492 4128 812 4199 signilicare
841 4125 1046 4178 videtur
1081 4123 1357 4184 Eusebius,
1394 4119 1532 4172 Hist.
1584 4135 1698 4188 cap.
1734 4120 1815 4180 l6,

215 4237 392 4290 quas
443 4230 503 4274 et
560 4213 778 4282 magnis
826 4213 996 4278 ipsum
1053 4209 1355 4276 sumptibus
1407 4205 1694 4258 redemisse
1743 4208 1817 4258 ait

213 4313 635 4377 Hieronymus
670 4301 822 4371 Apol.
858 4301 912 4352 in
943 4299 1143 4366 Ruﬁn.,
1177 4297 1266 4350 lib.
1301 4310 1360 4358 ιι,
1392 4309 1509 4362 cap.
1542 4295 1593 4347 9.
1642 4293 1817 4346 Cresa-

210 4415 346 4453 reae
382 4410 526 4450 vero
548 4389 906 4460 Cappadocia:
925 4387 1064 4440 serio
1093 4399 1308 4437 manum
1342 4384 1485 4449 Operi
1515 4382 1815 4435 admovisse

204 4503 408 4560 puto,
441 4485 580 4556 Tyri
621 4482 838 4551 penitus
875 4476 1190 4532 absolvisse.
1243 4474 1318 4525 Ex
1355 4487 1458 4540 quo
1500 4472 1809 4540 intelligitur

1925 3331 2007 3370 me
2038 3317 2238 3369 vivere.
2266 3315 2468 3370 Catena
2501 3326 2654 3370 vetus
2682 3317 2866 3371 Graeca
2919 3317 2972 3368 in
3017 3315 3299 3384 Evangelia
3339 3317 3454 3369 latt-

1921 3405 2010 3458 dat
2053 3404 2304 3458 Severum
2355 3406 2744 3459 Antiochenum
2801 3405 2852 3457 in
2901 3403 3070 3472 Opere
3097 3405 3162 3458 ad
3195 3405 3451 3458 Thomam

1920 3495 2216 3549 Germania:
2248 3495 2574 3564 episcopum.
2619 3494 2757 3548 Hinc
2795 3495 2984 3564 aliquis
3017 3495 3303 3563 coniecerit
3334 3509 3450 3547 eam

1919 3599 2035 3638 esse
2065 3584 2456 3639 Germaniciam
2504 3599 2620 3654 qua:
2675 3570 3040 3653 Euphratesiae
3081 3584 3211 3637 urbs
3241 3591 3323 3638 est
3369 3599 3453 3636 ar-

1918 3675 2346 3744 chiepiscopalis,
2402 3675 2748 3728 Antiochena:
2790 3674 3001 3727 subdita
3053 3673 3323 3727 Ecclesiae.
3383 3672 3452 3725 At

1917 3763 2198 3818 Germania
2238 3763 2542 3832 metropolis
2564 3773 2666 3828 est,
2701 3763 3306 3832 Constantinopolitante
3351 3763 3451 3815 Ec-

1916 3852 2094 3905 clesiae
2149 3850 2406 3917 subjecta,
2466 3851 2652 3905 ordine
2701 3851 2787 3912 68,
2843 3851 2992 3918 juxta
3051 3851 3447 3920 Dispositionem

1915 3941 2108 3995 Leonis
2152 3940 2457 4008 Philosophi
2490 3957 2608 4009 quae
2643 3941 2780 4010 juris
2812 3940 3250 3995 Graeco-Romani
3291 3941 3449 3993 collc-

1923 4029 2083 4083 ctioni
2108 4029 2514 4082 Leunclaniante
2548 4030 2746 4084 inserta
2782 4039 2862 4083 est
2883 4029 3018 4099 (87),
3052 4037 3106 4082 et
3152 4029 3217 4082 ad
3251 4030 3444 4082 calcent

1916 4119 2038 4172 libri
2093 4119 2169 4171 De
2217 4119 2392 4188 ofﬁciis
2436 4119 2969 4186 Constantinopoleos
3007 4119 3219 4187 Georgii
3260 4117 3446 4173 Codini

1913 4218 1998 4262 est
2024 4215 2242 4261 attexta.
2277 4207 2330 4262 In
2371 4208 2536 4261 altera
2591 4223 2716 4262 vero
2769 4208 3046 4274 Palacologi
3081 4207 3441 4270 Dispositione,

1915 4315 2031 4365 quae
2061 4300 2291 4368 priorem
2328 4300 2466 4352 hanc
2493 4297 2693 4365 excipit
2730 4297 2782 4350 in
2834 4298 3018 4350 eodem
3047 4296 3235 4349 Codini
3285 4296 3440 4356 libro.

1914 4391 1990 4443 sic
2025 4391 2286 4443 habetur:
2325 4389 2384 4442 '0
2415 4387 2662 4456 Γερμίου,
2688 4385 2780 4438 καὶ
2815 4385 2950 4438 αὐτὰ
2993 4385 3066 4450 ξςν
3097 4385 3222 4438 ὄντα
3254 4385 3327 4438 οθθ
3355 4403 3444 4455 γε-
3503 4431 3508 4434 .

1914 4482 2150 4550 γόνασιν.
2192 4480 2328 4534 Hinc
2381 4489 2599 4548 apparet
2647 4478 2922 4547 legendum
2967 4477 3233 4547 Γερμίων,
3286 4486 3444 4546 atque

203 4555 552 4650 Epiphanii
610 4572 769 4634 ratio,
805 4569 930 4639 Tyri
979 4582 1039 4620 εδ
1089 4566 1354 4619 elabora“!
1412 4562 1572 4615 “lisse
1621 4560 1810 4613 leSliﬁ-
1842 4555 1885 4608 Ῐ)
1914 4569 2051 4622 idem
2076 4583 2196 4622 esse
2223 4567 2434 4623 Germia
2466 4581 2528 4620 ac
2550 4565 2909 4619 Germaniam.
2945 4565 3157 4619 Germia
3189 4576 3360 4618 autem
3392 4569 3442 4618 in

200 4670 454 4732 cautis,
485 4667 596 4718 hoc
629 4670 732 4722 est,
759 4659 951 4727 partim
983 4656 1129 4726 Tyri,
1169 4654 1362 4722 partim
1395 4652 1446 4704 in
1485 4653 1548 4703 iis
1576 4651 1729 4711 locis,
1758 4651 1807 4703 in

202 4759 452 4828 quibus
480 4766 698 4807 moram
728 4749 852 4800 fecit
885 4746 1138 4814 Origenes
1169 4740 1357 4810 viginti
1386 4747 1507 4792 octo
1543 4751 1802 4790 annorum

197 4851 512 4906 decursu,
581 4853 721 4908 quos
767 4836 894 4904 Tyri
945 4844 1094 4886 actos
1139 4830 1467 4899 Epiphanius
1515 4827 1624 4897 (84)
1668 4827 1801 4880 falso

199 4933 652 4989 arbitrabatur.
685 4926 808 4979 Haec
858 4939 886 4975 a
920 4922 1073 4975 nobis
1126 4921 1499 4973 tractabuntur
1551 4916 1797 4968 inferius.

194 5022 554 5080 Coattmode
587 5032 721 5070 vero
756 5015 819 5067 ad
846 5029 960 5067 eam
1009 5010 1432 5064 lucubrationem
1484 5005 1669 5060 referri
1711 5021 1805 5072 po-

197 5126 336 5170 test
387 5111 543 5180 quod
577 5109 658 5172 de]
687 5119 746 5157 se
786 5105 916 5155 dicit
943 5102 1222 5167 Origenes,
1259 5096 1394 5165 apud
1425 5096 1640 5148 Suidam
1665 5095 1805 5160 (85),

189 5207 468 5263 solitum
499 5214 627 5254 esse
649 5196 772 5256 sibi,
800 5195 856 5244 ὲν
882 5192 1088 5261 καιροῖς
1119 5189 1346 5249 ἀνέσεως
1376 5185 1682 5254 φιλολογεῖν,
1716 5187 1806 5237 καὶ

187 5288 517 5362 ἀκριϐοῦν
558 5283 630 5338 τὰ
683 5281 1016 5349 ἀντίγραφα·
1067 5276 1221 5329 facile
1281 5277 1420 5328 enim
1486 5275 1807 5340 persuadeor

290 5385 323 5414 ⁸
370 5381 396 5431 l
422 5381 544 5432 Cor.
578 5391 671 5435 xv,
695 5373 786 5425 52.

288 5497 440 5567 (83)
469 5493 619 5567 (ἐωῑι.
661 5488 976 5567 male!”
1048 5482 1449 5567 GTFQ9’,_‘_"".‘_£‘
1482 5477 1795 5567 ᾎίέενξρέίὶῖ

185 5554 392 5625 ηιέη,
423 5554 538 5615 ἐιρ.
579 5554 881 5625 Verisimile
913 5567 1018 5625 non
1061 5560 1141 5625 est
1168 5554 1276 5616 jam
1325 5557 1444 5625 tum
1482 5554 1534 5625 in
1570 5555 1795 5625 patriam

183 5613 836 5694 radii'ssevGregOI-ium
861 5622 1051 5694 et_ejus
1082 5613 1333 5694 fratremn
1351 5613 1602 5694 Videntur
1625 5614 1797 5694 potius

182 5679 830 5761 $31.33'dlexan’driam
872 5679 1148 5761 migrasse,
1181 5684 1369 5761 deinde
1397 5691 1602 5760 mortuo
1626 5679 1792 5761 illa“-

186 5751 406 5830 ὖῖἷιῖο
436 5770 499 5818 ad
531 5765 850 5830 Ονίεξειιεειῃι
875 5751 1180 5810 δοάειηυιη
1205 5752 1267 5804 ad
1291 5752 1510 5816 patriam
1547 5751 1790 5802 rediisse.

190 5825 382 5896 vade
425 5846 578 5889 notas
609 5831 678 5882 τι
709 5837 764 5882 ct
791 5825 872 5878 78.

1913 4655 2118 4710 Galatia
2152 4655 2380 4709 secunda
2419 4669 2512 4708 seu
2566 4651 2798 4706 Salutari
2843 4653 3177 4706 constituunt
3225 4651 3442 4705 Notium

1910 4757 2119 4812 ueteres,
2147 4753 2200 4799 et
2233 4745 2371 4798 inter
2395 4742 2890 4811 archiepiscopatus
2938 4742 3332 4811 αὐτοκεφάλους
3359 4758 3442 4796 re-

1909 4835 2105 4888 ferunt.
2131 4833 2234 4888 Sed
2265 4833 2347 4886 his
2378 4839 2639 4899 repugnat
2663 4830 2846 4884 eadem
2893 4829 3087 4886 Leonis
3110 4831 3395 4898 Dispositio
3419 4844 3439 4893 ,'

1911 4940 2028 4977 nam
2064 4931 2343 4991 postquam
2383 4919 2724 4986 metropoles,
2766 4925 2823 4972 et
2863 4917 2914 4971 in
2975 4919 3044 4973 iis
3090 4919 3436 4973 Germaniam

1911 5013 2198 5076 recensuit,
2227 5010 2498 5079 subiungit
2535 5008 3050 5076 archiepiscOpatus,
3081 5018 3132 5061 et
3177 5010 3315 5060 inter
3343 5023 3435 5061 ens

1908 5100 2132 5154 Gertniis
2166 5101 2451 5153 secundum
2488 5099 2659 5151 locum
2691 5098 2945 5166 assignat.
2974 5097 3109 5162 Quid
3129 5097 3295 5164 igitur
3323 5107 3432 5150 sta-

1913 5197 2076 5251 tuam,
2113 5201 2215 5238 non
2261 5187 2434 5239 habeo
2469 5208 2480 5238 ;
2511 5199 2662 5237 suum
2698 5185 2985 5252 unicuique
3029 5184 3269 5249 relinquo
3297 5183 3435 5250 judi-

1912 5276 2074 5339 cium,
2103 5278 2272 5329 satius
2299 5276 2501 5327 ducens
2531 5273 2684 5327 silere
2713 5273 2765 5326 in
2798 5288 2855 5326 re
2901 5275 3127 5334 incerta,
3153 5285 3314 5338 quam
3343 5285 3434 5323 va-

1966 5479 2070 5549 (84)
2111 5479 2300 5548 Epiph.
2329 5478 2456 5532 liter.
2489 5477 2580 5539 6i,
2620 5493 2668 5531 c.
2701 5478 2754 5538 '5,
2783 5486 2838 5530 et
2874 5477 2944 5529 De
2977 5476 3137 5542 pond.
3163 5483 3209 5527 et
3241 5487 3439 5540 mena,

1895 5563 1942 5603 c.
1982 5550 2046 5602 l8

1985 5587 2070 5686 ἐςΞῇ
2105 5615 2379 5686 ξιιίαεείξλη
2410 5611 2555 5682 Orig.

1987 5683 2071 5750 36)
2097 5685 2265 5744 Plin.,
2301 5683 2394 5736 lib.
2421 5698 2486 5746 ,v,
2521 5697 2634 5749 cap.
2663 5683 2751 5735 32.

1966 5750 2191 5823 (87).!«3
2216 5750 2595 5814 erco-Rom.,
2629 5762 2759 5804 tom.
2789 5751 2828 5815 Ι,
2865 5750 2950 5805 lib.
2985 5763 3041 5802 ll.
