3846 6404
495 392 593 447 685

1714 361 1775 417 P.
1816 354 2125 413 DANIELIS
2163 354 2391 411 HUETll
2811 360 2817 367 '
3144 342 3145 345 C
3564 350 3645 406 θεά

495 517 627 573 fuit;
669 520 785 561 nam
813 507 1089 571 postquam
1123 493 1238 558 ejus
1287 492 1462 544 locum
1498 500 1595 556 per
1620 499 1878 539 summam
1906 498 2026 554 per—
2059 485 2101 541 Α
2126 478 2337 548 penitus
2364 476 2534 530 fuisse
2560 467 2928 539 consopitas;
2970 463 3281 535 Dionysium
3302 479 3421 520 vero
3451 465 3648 521 lleracla.

496 603 667 653 tidiam
712 590 905 647 invasit
949 585 1238 654 Philippus,
1265 583 1426 636 vitam
1466 580 1513 633 ei
1549 576 1729 633 statim
1760 575 1873 644 pari
1908 588 2024 627 sre-

495 692 601 744 lere
648 681 915 739 exhausit.
971 677 1074 731 Sed
1125 681 1382 743 concepta
1432 671 1666 725 facinora
1715 665 2022 733 poenitentia

493 777 820 836 eniemlassc,
854 781 907 825 et
948 769 1012 821 ad
1065 767 1261 824 Christi
1294 776 1508 834 qtmque
1557 770 1735 830 partes
1772 757 2027 811 transisse

493 867 731 925 historici
758 864 971 933 quidam
1000 858 1311 920 Christiani,
1346 856 1421 909 uti
1447 868 1567 907 mox
1602 850 1794 904 dicturi
1821 864 2023 911 sumus,

490 958 857 1030 prodiderunt.
883 952 1008 1006 lltnt
1036 959 1136 1014 est,
1162 948 1374 1001 tertium
1399 944 1507 1013 jam
1562 939 1767 1007 imperii
1791 952 1854 991 eo
1877 951 2030 1007 agen-

492 1024 543 1100 ie
570 1059 766 1099 annum
803 1040 1056 1094 Ecclesiae
1104 1033 1474 1089 Alexandrinae
1512 1024 2026 1083 administrationem

491 1135 773 1207 capessivit
807 1131 1090 1199 Dionysius
1131 1127 1244 1188 ille,
1273 1137 1429 1193 quem
1474 1118 1805 1174 Alexandriae
1838 1115 2028 1184 Orige-

492 1204 587 1281 nes
614 1222 895 1293 praeceptis
926 1219 1052 1271 olim
1106 1214 1505 1274 informaverat,
1565 1216 1776 1262 mortuo
1808 1204 2029 1258 Heracla

492 1313 743 1385 Origenis
774 1321 827 1365 et
864 1311 977 1378 ipso
998 1304 1276 1373 discipulo,
1311 1309 1589 1369 postquam
1613 1294 2028 1349 Alexandrinum

494 1408 854 1474 episcopatum
907 1414 1001 1467 per
1044 1396 1234 1448 multos
1277 1406 1445 1446 annos
1494 1389 1685 1443 tenuit.
1756 1386 2031 1439 Annorum

494 1472 787 1549 octodecim
810 1502 1084 1545 numerum
1104 1484 1289 1539 deﬁnit
1307 1480 1565 1535 Eusebius
1594 1478 1644 1531 in
1666 1475 1920 1530 Chronico
1936 1472 2031 1542 (l),

496 1587 761 1646 sexdecim
783 1586 837 1638 in
876 1580 1105 1634 Historia
1135 1590 1153 1627 :
1184 1588 1367 1627 verum
1400 1587 1496 1641 pro
1520 1568 1828 1632 ἑκκαίδεκα,
1858 1565 2033 1632 aliqua

497 1675 824 1746 exemplaria
868 1668 1163 1739 przetulisse
1210 1663 1414 1725 ἕνδεκα,
1451 1660 1534 1714 vel
1566 1660 1635 1712 ita
1670 1666 1814 1712 certe
1846 1654 2034 1724 legisse

499 1744 817 1837 interpretes
854 1762 1081 1829 aliquos,
1130 1769 1193 1808 ex
1240 1753 1305 1806 iis
1353 1752 1517 1819 liquet
1560 1747 1754 1814 qumin
1792 1744 1843 1798 id
1877 1757 2035 1812 argu-

500 1835 734 1915 mentum
771 1852 983 1922 scripsit
1009 1846 1270 1902 Baronius
1291 1843 1389 1911 (2).
1432 1841 1680 1894 Errorem
1712 1837 1827 1904 ipse
1855 1835 1910 1886 in
1939 1848 2035 1885 nn-

498 1963 703 2005 merum
752 1946 894 1999 hunc
941 1938 1221 2008 irrepsisse
1253 1934 1408 1995 vidit,
1440 1939 1493 1983 et
1520 1944 1583 1982 ex
1630 1923 1858 1981 Eusebio
1905 1935 2035 1989 qua-

501 2038 794 2094 tuordecim
843 2031 1031 2087 saltem
1084 2026 1238 2081 annis
1285 2023 1339 2076 in
1382 2017 1743 2073 Alexandrina
1779 2013 2033 2068 cathedra

496 2125 779 2184 Heraclam
814 2122 1012 2176 sedisse
1057 2112 1338 2171 conclusit.
1376 2108 1537 2163 Plane
1581 2120 1763 2158 verum
1803 2112 1884 2157 est
1913 2101 2036 2154 totis

502 2216 804 2287 quindecim
830 2211 1031 2265 sedisse
1062 2205 1246 2268 annis;
1302 2215 1425 2255 nam
1459 2200 1526 2251 ab
1564 2209 1704 2249 anno
1753 2189 2035 2247 Alexandri

502 2281 732 2367 decimo,
760 2316 864 2369 quo
894 2312 1028 2350 anno
1062 2293 1305 2365 ponimus
1336 2287 1664 2357 acquievisse
1688 2281 2036 2357 Demetrium,

504 2398 570 2451 ad
605 2391 826 2460 Philippi
853 2388 1095 2448 tertium,
1132 2380 1270 2451 pleni
1306 2376 1609 2448 quindecim
1649 2373 1772 2427 anni
1806 2371 2038 2424 interce-

505 2488 655 2539 dunt.
684 2478 976 2535 Dicendum
1016 2486 1144 2541 ergo
1178 2467 1479 2538 quindecim
1507 2465 1560 2518 in
1592 2460 1903 2531 pontiﬁcatu
1934 2467 2042 2509 tra-

504 2573 680 2629 ductis
704 2570 882 2632 annis,
932 2564 1138 2618 decimo
1179 2567 1328 2613 sexto
1368 2553 1645 2610 Heraclam
1680 2559 1881 2604 natura:
1908 2562 2040 2602 con-

502 2663 751 2720 cessisse.
785 2659 856 2711 lta
904 2651 1300 2723 intelligendum
1344 2646 1472 2718 puto
1516 2641 1805 2698 Eusebium
1841 2658 1855 2694 :
1885 2648 2043 2707 atque

505 2757 548 2809 si
581 2759 732 2807 recte
768 2746 1101 2815 conjicimus,
1146 2755 1211 2796 eo
1240 2740 1354 2809 ipso
1381 2749 1523 2791 anno
1551 2731 1852 2787 Demetrius
1896 2729 2045 2783 obie-

508 2845 596 2905 rit,
631 2855 738 2910 quo
783 2837 1040 2906 Origenes
1068 2815 1623 2901 Aﬂgyptum'reliquit.
1659 2820 1809 2910 Hine
1835 2833 2046 2910 quoque

507 2907 816 2980 manifestus
847 2918 1129 2987 Nicephori
1175 2915 1250 2987 (5)
1275 2927 1446 2974 error,
1494 2910 1583 2979 qui
1623 2916 1742 2977 post
1779 2907 2044 2961 decimum

508 3014 722 3069 tertium
773 3009 1114 3079 episcopatus
1163 3018 1357 3058 aumun
1427 3001 1722 3067 imperante
1771 2994 2045 3051 Gordiano

2124 581 2489 623 successorem
2536 563 2765 631 Origeni
2816 556 3249 615 infensissimum
3283 571 3339 610 se
3382 558 3649 626 przebuisse.

2125 659 2199 731 (5)
2251 659 2427 727 Supra
2473 656 2921 708 demonstratqu
2976 664 3008 702 a
3051 647 3208 701 nobis
3256 656 3337 700 est
3397 648 3653 702 testimonio

2124 749 2417 811 Gennadii,
2478 744 2624 800 Petri
2691 739 3090 801 Alexandrini.
3148 736 3381 801 epistolae
3426 739 3655 807 synodica:

2126 840 2498 909 Egyptiorum
2552 834 2872 903 prmsulum,
2933 839 2993 885 et
3038 828 3242 888 Photii,
3290 842 3388 881 n0u
3446 829 3582 883 aliter
3615 831 3655 884 in

2126 931 2408 999 Origenem
2446 926 2749 978 animatum
2790 921 2966 974 fuisse
3011 918 3318 981 Heraclam,
3364 931 3423 969 ac
3453 917 3658 975 decesso-

2128 1037 2239 1075 rem
2278 1018 2444 1083 ipsius
2494 1013 2855 1068 Demetrium.
2898 1010 3140 1064 Causam
3177 1022 3306 1060 vero
3332 1022 3422 1060 cur
3456 1010 3660 1064 eumdem

2129 1126 2158 1165 a
2192 1108 2443 1181 Dionysio
2475 1113 2847 1175 oppugnatum
2885 1100 3140 1155 crederet
3169 1098 3445 1162 Baronius,
3492 1100 3591 1153 sive
3611 1116 3661 1155 ex

2131 1202 2477 1262 auctoritate,
2506 1199 2621 1252 sive
2661 1211 2729 1251 ex
2757 1193 3243 1250 verisimilitudine
3270 1192 3478 1260 petitam
3504 1194 3664 1250 addere

2131 1290 2343 1351 debuit;
2378 1303 2501 1357 qua:
2528 1297 2677 1340 certe
2708 1285 2856 1339 nulla
2878 1293 2989 1337 est.
3021 1282 3218 1336 Merito
3245 1282 3418 1349 itaque
3439 1282 3665 1353 hancejus

2131 1380 2439 1450 Opinionem
2480 1374 2789 1445 repudiavit
2838 1373 3128 1427 Halloxius
3159 1374 3259 1442 (6),
3294 1378 3346 1427 et
3392 1373 3668 1442 Origenem,

2132 1474 2308 1540 quoad
2346 1469 2502 1531 vixit,
2534 1481 2888 1534 summopere
2924 1480 2953 1517 a
2989 1464 3249 1533 Dionysio
3270 1464 3606 1530 observatum,
3628 1476 3670 1520 et

2133 1568 2251 1623 post
2284 1568 2512 1613 mortem
2539 1556 2705 1611 etiam
2731 1554 3014 1609 laudatum
3040 1552 3213 1608 fuisse
3234 1554 3533 1619 contendit;
3560 1556 3672 1624 quod

2133 1659 2188 1704 et
2213 1665 2312 1704 nos
2342 1648 2483 1701 infra
2516 1647 2900 1701 ostendemus.

2205 1738 2296 1791 XI.
2326 1736 2403 1807 (7)
2437 1737 2707 1791 Caeterum
2736 1733 3109 1805 sexagenario
3130 1733 3244 1801 jam
3273 1732 3437 1798 major
3456 1733 3672 1805 Origenes

2138 1830 2275 1883 haud
2327 1829 2548 1897 segnius
2587 1843 2772 1881 rerum
2819 1827 3140 1880 divinarum
3198 1826 3491 1893 satagebat,
3538 1842 3674 1895 neque

2137 1920 2305 1973 ullum
2355 1919 2470 1974 fere
2517 1917 2924 1972 intermittebat
2960 1919 3133 1983 diem,
3171 1917 3306 1985 quin
3354 1917 3435 1970 vel
3463 1918 3521 1971 ad
3544 1933 3675 1987 popu-

2137 2010 2244 2065 lum
2274 2011 2339 2063 de
2363 2009 2472 2064 Deo
2522 2011 2687 2064 verba
2725 2009 2962 2072 faceret,
2996 2009 3085 2062 vel
3139 2009 3423 2072 scriberet,
3462 2010 3536 2062 vel
3568 2008 3677 2079 lege-

2138 2109 2238 2162 ret,
2268 2096 2352 2151 vel
2381 2097 2807 2166 colloqueretur.
2837 2097 3038 2152 Testes
3070 2106 3203 2151 sunt
3227 2096 3373 2149 omni
3408 2110 3560 2149 sacrm
3578 2112 3676 2151 ern-

2139 2190 2358 2243 ditionis
2412 2187 2563 2257 fruge
2613 2187 2801 2243 referti
2846 2188 2971 2242 libri
3006 2198 3195 2239 contra
3246 2185 3476 2246 Celsum,
3524 2187 3677 2254 quibus

2139 2275 2384 2346 Epicurei
2452 2279 2711 2346 sophista:
2777 2278 3153 2344 petulantiam
3219 2275 3487 2331 Ambrosii
3550 2292 3678 2331 suasu

2141 2371 2386 2424 contudit
2443 2372 2710 2440 (quosque
2762 2371 3054 2425 Gordiano
3134 2370 3439 2436 imperante
3494 2368 3679 2436 scriptos

2142 2459 2275 2514 falso
2316 2460 2598 2515 Marianus
2645 2461 2847 2515 Scotus
2883 2462 2963 2531 (8)
3002 2461 3364 2527 existimavit,
3413 2473 3465 2518 et
3491 2477 3678 2531 quorum

2142 2550 2572 2605 lucubrationem
2604 2552 2671 2605 ad
2703 2565 2914 2605 annum
2949 2550 3060 2605 237
3093 2568 3378 2622 perperam
3412 2553 3577 2607 retulit
3600 2552 3679 2604 Da-

2143 2640 2233 2693 vid
2274 2639 2578 2694 Blondcllus
2608 2638 2708 2711 (9),
2743 2654 3107 2709 summopere
3149 2640 3299 2707 licet,
3329 2641 3379 2695 in
3423 2653 3479 2693 re
3502 2652 3678 2708 praeser-

2147 2728 2240 2782 tim
2266 2731 2670 2799 chronologica,
2697 2738 2903 2784 cautus
2931 2738 2989 2784 et
3023 2731 3293 2799 diligens;
3331 2743 3484 2798 atque
3513 2730 3575 2781 ita
3601 2735 3683 2779 toto

2145 2820 2417 2876 aberravit
2464 2821 2763 2884 decennio,
2814 2821 3029 2890 quippe
3089 2821 3183 2891 qui
3237 2821 3439 2875 obitum
3484 2818 3685 2887 Origenis

2145 2925 2285 2964 anno
2307 2908 2410 2962 256
2440 2909 2813 2978 assignasset),
2848 2919 3023 2964 testes
3053 2911 3200 2964 docti
3240 2912 3293 2963 in
3336 2909 3611 2963 Matt/imum
3647 2915 3685 2958 et

2146 3003 2200 3054 in
2267 3000 2554 3069 Prophetas
2594 2995 2678 3054 ἰιι
2731 2999 3169 3065 Commentarii;
3223 3010 3388 3055 testes
3440 3000 3686 3053 innumera

510 3104 789 3161 Heraclam
836 3097 1127 3155 decessisse
1186 3093 1390 3149 scribit.
1450 3092 1517 3144 At
1587 3088 1825 3158 Scaliger
1854 3086 1932 3157 (4)
1959 3086 2046 3140 hic
2072 3112 2115 3168 ο
2146 3093 2213 3146 ad
2244 3092 2420 3145 varios
2445 3093 2665 3161 scriptae
2694 3091 2989 3160 Epistolze,
3024 3108 3172 3162 quas
3198 3093 3484 3161 plusquam
3514 3100 3686 3144 centum

507 3192 761 3249 memoria
784 3190 990 3256 lapsum
1009 3182 1284 3239 contendit
1306 3178 1615 3241 Eusebium,
1633 3175 1852 3244 ejusque
1874 3174 2047 3229 adhze-

510 3292 593 3358 ret
616 3278 894 3341 Chronico,
924 3275 1063 3344 quod
1102 3286 1240 3325 anno
1284 3267 1510 3336 Philippi
1545 3267 1733 3335 quinto
1765 3266 2047 3335 episcOpa-

511 3353 623 3423 tum
660 3363 1078 3421 Alexandrinum
1109 3375 1137 3412 a
1170 3355 1423 3427 Dionysio
1452 3354 1640 3407 initum
1675 3353 1837 3407 fuisse
1866 3356 2040 3407 docet.

510 3459 566 3512 Id
593 3472 659 3512 ex
688 3452 956 3510 constanti
990 3451 1244 3504 duntaxat
1273 3446 1511 3501 codicum
1542 3457 1805 3496 consensu
1838 3445 2048 3512 probat,

511 3547 603 3616 qui
665 3546 744 3600 sic
792 3544 1007 3596 habent.
1046 3541 1217 3594 Futile
1265 3545 1635 3605 argumentum
1684 3535 1885 3600 :quasi
1943 3550 2047 3589 non

513 3635 762 3689 Historia:
808 3633 1120 3687 Eusebianaa
1168 3631 1379 3685 codices
1423 3627 1576 3681 tertio
1628 3625 1852 3694 Philippi
1909 3641 2051 3678 anno

513 3738 823 3782 constanter
849 3738 1061 3793 quoque
1093 3723 1143 3776 id
1166 3722 1463 3790 assignent.
1489 3717 1646 3772 Certe
1674 3718 1717 3770 si
1744 3732 1808 3768 ex
1838 3716 2049 3770 Eusebii

515 3819 768 3872 Chronico
812 3814 1123 3882 caStiganda
1180 3820 1261 3865 est
1310 3809 1426 3878 ejus
1479 3806 1731 3867 Historia,
1783 3807 2052 3859 sexcentis

514 3908 806 3977 castigetur
831 3904 991 3968 locis,
1021 3905 1074 3957 in
1118 3902 1316 3972 quibus
1344 3898 1683 3953 dissentiunt.
1733 3894 1827 3950 Vel
1863 3897 1914 3949 in
1952 3898 2051 3951 hoc

513 3997 752 4052 lleraclze
800 4010 1061 4049 annorum
1093 3989 1424 4061 ἐπιλογισμῷ
1453 3988 1660 4042 initium
1697 3985 1811 4052 ejus
1845 3985 2055 4054 episco-

514 4101 671 4157 patus
711 4087 920 4143 confert
952 4084 1247 4139 Chronicon
1286 4083 1341 4135 in
1393 4095 1587 4134 annum
1635 4076 1921 4130 Alexandri
1966 4090 2055 4129 no-

516 4194 677 4244 num;
729 4179 929 4232 exitum
975 4174 1220 4243 Origenis
1269 4186 1335 4226 ex
1372 4167 1695 4225 Alexandria
1735 4167 1785 4218 iu
1833 4167 2054 4220 undeci-

517 4285 691 4335 mum;
718 4283 837 4323 cum
861 4267 1025 4321 exitui
1062 4264 1310 4333 Origeuis
1336 4277 1531 4316 annum
1588 4258 1874 4311 Alexandri
1908 4257 2053 4311 deci-

518 4375 661 4413 mum
713 4356 1252 4425 ascribatlﬂistoria,
1311 4362 1366 4410 et
1409 4360 1529 4423 post
1575 4350 1808 4419 ejusdem
1850 4349 2053 4403 exitum

2149 3183 2501 3250 undecunque
2534 3191 2726 3236 nactas
2772 3183 3088 3252 collegerat
3124 3192 3288 3238 :etate
3320 3198 3411 3238 sua
3451 3180 3685 3242 Eusebius,

2149 3270 2283 3326 etin
2335 3269 2502 3323 libros
2546 3270 2881 3339 digesserat.
2926 3272 3048 3341 (10)
3084 3270 3214 3326 lllas
3258 3286 3512 3326 annorum
3558 3268 3689 3323 series

2150 3360 2497 3428 consumpsit.

2219 3449 2331 3505 XII.
2361 3451 2534 3517 Atque
2567 3449 2773 3501 utinam
2826 3450 2922 3504 vel
2955 3452 3081 3506 dua:
3107 3453 3213 3507 illae
3245 3458 3570 3522 superessent
3604 3447 3690 3513 epi-

2150 3541 2318 3605 stolae,
2368 3554 2502 3608 quas
2555 3539 2620 3591 ad
2675 3538 3001 3609 Philippum
3059 3543 3469 3607 imperatorem,
3515 3537 3691 3607 ejusque

2151 3643 2368 3684 uxorem
2426 3626 2685 3682 Severam
2726 3630 3047 3698 Augustam
3097 3634 3342 3701 scripsit.
3402 3631 3529 3685 Hinc
3575 3636 3691 3682 certo

2151 3721 2342 3792 conjici
2389 3728 2591 3787 posset,
2642 3734 2849 3775 verene
2893 3722 3125 3777 Christo
3160 3724 3499 3785 adhaeserunt,
3544 3732 3691 3789 quem-

2152 3811 2434 3866 admodum
2463 3811 2531 3863 ab
2562 3810 2890 3866 auctoribus
2933 3812 3273 3867 Christianis
3321 3814 3568 3880 proditum
3593 3816 3691 3861 est:

2152 3917 2218 3955 an
2247 3917 2276 3954 a
2310 3899 2632 3955 Christianis
2676 3900 2940 3967 partibus
2971 3901 3187 3956 fuerint
3230 3902 3415 3965 alieni,
3446 3899 3573 3970 quod
3600 3912 3692 3967 per-

2153 3992 2343 4046 suadet
2393 3988 2734 4043 ethuicorum
2778 3999 3086 4047 auctorum
3116 3994 3186 4048 de
3216 4008 3351 4048 nova
3381 3994 3446 4046 ab
3473 3993 3532 4045 iis
3553 4001 3695 4043 susce-

2152 4092 2241 4152 pta
2276 4080 2532 4149 religione
2557 4078 2834 4134 silentium
2861 4097 2881 4140 :
2937 4091 2997 4137 et
3021 4084 3321 4139 multorum
3349 4090 3587 4153 praeterea
3614 4088 3695 4132 tum

2153 4171 2612 4232 Christianorum,
2657 4177 2773 4222 tum
2824 4173 3194 4228 ethnicorum
3222 4188 3531 4234 consensus,
3555 4186 3582 4224 a
3610 4167 3697 4237 qul-

2153 4262 2254 4316 bus
2286 4262 2491 4330 primus
2538 4259 2682 4312 inter
2744 4260 3126 4329 imperatores
3161 4264 3434 4319 Christum
3476 4262 3697 4333 prolessos

2155 4349 2537 4407 Constantinus
2582 4348 2922 4406 celebratur.
2995 4354 3113 4423 Ego
3163 4356 3383 4424 quidem
3439 4364 3697 4424 magnorum

518 4445 804 4501 decessisse
838 4442 1161 4498 Demetrium
1192 4441 1476 4513 significet,
1525 4454 1645 4494 eum
1678 4438 1763 4492 cui
1796 4437 2051 4491 Heraclas
2085 4437 2129 4492 D
2158 4444 2393 4496 virorum
2425 4439 2710 4495 sententiis
2739 4457 2932 4498 meum
2965 4461 3192 4516 quoque
3214 4447 3471 4515 judicium
3492 4486 3505 4509 ,
3530 4440 3700 4514 quando

520 4538 791 4593 successit.

590 4628 656 4683 Χ.
687 4627 946 4682 Baronius
976 4626 1040 4679 ad
1064 4638 1260 4678 annum
1304 4621 1429 4686 248,
1465 4636 1612 4675 num.
1651 4621 1702 4685 l,
1747 4619 1961 4689 Origeni
1997 4620 2051 4673 in

521 4719 763 4776 omnibus
796 4718 1070 4777 lleraclam
1118 4716 1314 4771 favisse
1342 4715 1549 4778 scribit,
1583 4723 1741 4781 atque
1772 4712 1893 4765 ideo
1930 4725 2050 4782 post

521 4810 772 4867 Demetrii
811 4816 1034 4861 mortem
1086 4806 1329 4861 concitas
1382 4804 1639 4858 adversus
1684 4816 1803 4856 eum
1865 4802 2046 4856 turbas

588 5032 660 5105 (at)
688 5030 903 5105 Euseb,
940 5027 1078 5105 Hist.
1107 5027 1255 5105 egch,
1282 5026 1374 5081 lib.
1398 5041 1472 5105 vr,
1505 5040 1627 5105 cap.
1656 5023 1745 5079 35.

587 5094 665 5167 (εἴ)
699 5099 894 5152 Barou.
924 5098 1098 5167 atlan.
1126 5097 1250 5158 248,
1276 5111 1422 5167 num.
1450 5097 1476 5151 1
1507 5104 1563 5150 et
1587 5094 1641 5149 5.

500 5170 509 5219 t
588 5164 665 5236 ('5)
697 5168 944 5233 Nieeph.,
972 5165 1062 5236 lib.
1092 5180 1153 5236 v,
1177 5181 1295 5230 cap.
1320 5164 1412 5236 26.

529 5229 665 5361 vis?
693 5229 891 5305 Scalig.
932 5229 1287 5289 Animadvers.
1314 5235 1370 5286 in
1397 5231 1591 5288 Chron.
1624 5231 1817 5285 Euseb.
1840 5229 1902 5282 ad
1929 5245 2054 5283 ann.

591 5378 669 5447 (5)
698 5376 871 5447 supra
914 5373 1313 5447 demonstratum
1371 5388 1403 5423 a
1451 5370 1717 5447 nobis_est
1766 5367 2056 5447 testimqr'tio

527 5433 804 5505 Ge‘miadii'.
837 5451 941 5496 etc.
974 5440 1274 5494 Verisimile
1305 5456 1407 5494 non
1428 5448 1511 5493 est
1539 5438 1827 5506 quidquam
1862 5437 1929 5488 ab
1955 5433 2061 5487 He-

530 5515 665 5566 rscla
691 5521 875 5565 contra
902 5510 1183 5578 Origenem
1229 5517 1408 5578 actum
1449 5506 1634 5570 fuisse,
1673 5515 1729 5558 ut
1762 5506 1872 5572 jam
1901 5518 2059 5572 supra

530 5581 853 5635 ostendimus
882 5579 934 5634 in
966 5577 1084 5645 cap.
1108 5578 1163 5642 2,
1198 5594 1251 5633 n.
1293 5577 1378 5645 i5,

533 5648 919 5781 médgallallox.
973 5640 1157 5701 Natat.
1225 5648 1291 5699 ad
1339 5644 1552 5714 Origen.
1616 5641 1812 5709 defens.
1876 5640 1968 5696 lib.
2020 5656 2060 5706 1,

2162 4549 2249 4588 me
2280 4546 2365 4585 res
2407 4531 2458 4584 id
2485 4530 2762 4595 admonet,
2817 4531 3205 4605 interponam.
3261 4538 3318 4592 Si
3364 4536 3562 4607 publice
3584 4529 3702 4586 Chri-

2161 4623 2458 4678 stianorum
2487 4619 2644 4673 ﬁdem
2675 4621 2969 4689 professus
3000 4626 3198 4681 fuisset
3228 4627 3524 4696 Philippus,
3552 4620 3701 4676 verisi—

2161 4711 2286 4766 mile
2342 4710 2530 4778 utiqne
2586 4722 2694 4762 non
2725 4719 2810 4764 est
2871 4714 3157 4771 tacituros
3213 4718 3264 4772 id
3318 4718 3479 4771 fuisse
3506 4713 3702 4771 ethnicos

2156 4801 2467 4870 scriptores,
2495 4798 2847 4868 futuramque
2875 4804 2959 4858 rei
3007 4805 3199 4874 hujus,
3237 4808 3377 4862 sicut
3404 4807 3519 4872 fuit,
3543 4805 3699 4858 obscur

2235 5025 2289 5094 (7
2344 5024 2564 5105 Ettseb.,
2592 5021 2808 5080 Hister.
2833 5029 2998 5096 each,
3027 5032 3126 5088 lib.
3161 5048 3240 5100 vr,
3268 5048 3328 5088 ca
3373 5071 3387 5086 .
3414 5030 3498 5086 36.

2235 5024 2314 5165 (8;
2335 5093 2748 5165 μωρίη-δορί.
2780 5098 2849 5165 ad
2875 5114 2970 5153 an.
3005 5101 3217 5157 Christi
3242 5048 3370 5156 242p.

2232 5093 2311 5175 (ἓ)
2333 5093 2748 5175 ,ἔεπίτὲηιβοριο
2780 5098 2849 5175 es!
2875 5093 3370 5175 θηέοιινίειίᾮιὶτ

2161 5161 2534 5285 Ε
2553 5161 2652 5217 lib.
2682 5162 2738 5217 in
2771 5163 3206 5225 lllustramentis
3234 5171 3407 5239 famil.
3432 5178 3633 5223 contror.
3654 5164 3699 5213 dt

2214 5246 2360 5294 ucu.,
2395 5246 2446 5284 c.
2474 5246 2534 5285 4.

2235 5300 2349 5370 (10)
2391 5298 2528 5354 Illas
2597 5309 3093 5377 annorumﬂseries
3143 5309 3481 5377 consumpsit.
3541 5303 3699 5377 llarutu

2162 5369 2461 5449 fragmenta
2486 5372 2734 5437 quaedam
2764 5374 3045 5449 edidimus
3068 5379 3229 5433 initio
3263 5369 3440 5432 tomiJ
3461 5371 3699 5449 quasdam-

2164 5452 2270 5518 {lue
2307 5441 2579 5518 ίηιθετθεῐ
2614 5454 2679 5494 ac
2730 5445 2961 5518 proinde
3006 5462 3119 5501 non
3153 5463 3357 5518 (omnes
3408 5441 3693 5518 intercidere.

2162 5506 2355 5586 διηυρο
2387 5506 2553 5586 etiam
2596 5506 2924 5586 grauissime
2963 5517 3238 5583 epistolae,
3280 5530 3415 5586 quas
3460 5513 3695 5586 colleﬂe'j‘"

2163 5574 2448 5654 Eusebius,
2499 5577 2568 5632 ab
2598 5576 2839 5650 Origene
2872 5574 3246 5654 sexagenarii)
3298 5574 3495 5653 inajore
3524 5574 3696 5654 still”?

2162 5653 2393 5766 ῗῶιίιιὲμι
2426 5655 2577 5716 patet
2626 5662 2695 5705 ex
2734 5661 2922 5709 nostra
2954 5651 3152 5711 in'bas
3203 5651 3460 5725 epistolas
3501 5651 3695 5706 adnom-
