3846 6436
1236 476 1791 536 οιιιαΕΝιΑΝοιιυιι
1832 476 1956 533 LIB.
1996 477 2037 544 l,
2079 479 2223 533 CAP.
2267 480 2353 536 IV.

197 594 390 654 strages
419 578 602 645 aﬁecit
630 596 648 634 :
681 584 843 643 multi
894 589 1164 661 siquidem
1198 591 1442 661 Origenis
1478 590 1729 644 exhorta-
1758 593 1799 649 Α
1829 589 2199 646 bliotltecarius
2214 592 2322 659 (‘28)
2337 601 2388 645 et
2402 592 2636 650 Zonaras
2656 595 2786 668 (‘29),
2816 597 2899 652 vix
2920 598 3162 667 equidem
3178 606 3358 668 credo,

199 673 421 729 tionibus
451 670 667 733 accensi
709 670 859 730 Decii
896 676 1173 737 furoribus
1208 693 1328 733 sese
1355 677 1561 732 fortiter
1587 675 1734 745 obje-

197 772 398 821 terunt.

255 855 319 908 ll.
350 853 453 921 Qui
504 853 709 923 Tyrum
754 853 867 923 jam
921 870 1046 912 ante
1080 858 1409 913 concessisse
1450 855 1731 926 Origeuctn

191 946 437 1010 credunt,
476 961 640 1015 quam
662 944 961 1002 Christiani
999 963 1029 1003 a
1061 948 1220 1002 Decio
1247 945 1540 1016 oppugnari
1574 948 1731 1015 empti

183 1038 311 1100 sint,
342 1037 509 1093 facile
536 1039 603 1092 iis
625 1039 892 1093 assentior
914 1053 1188 1093 :secessus
1219 1054 1411 1090 annum
1437 1037 1732 1106 assignare,

184 1127 441 1184 hariolari
480 1137 591 1182 est.
642 1126 698 1182 lu
731 1143 853 1182 eum
887 1140 1033 1184 certe
1073 1129 1300 1183 maxima
1349 1124 1732 1195 persecutionis

172 1214 348 1290 'hujus
411 1219 666 1283 gravitas
719 1218 997 1283 incubuit,
1054 1233 1211 1286 quam
1275 1217 1458 1270 eadem
1517 1214 1733 1281 pertulit

179 1312 527 1372 constantia,
558 1324 665 1379 qua
693 1309 812 1365 aliis
833 1325 951 1364 eam
979 1320 1035 1362 ut
1058 1307 1375 1379 perferrent,
1405 1294 1591 1361 auctor
1619 1306 1733 1378 foe:

175 1412 278 1458 rat.
314 1398 469 1454 Nam
511 1400 744 1471 primum
778 1399 832 1455 in
869 1398 1181 1468 profundum
1234 1412 1503 1451 carcerem
1556 1395 1733 1449 detru-

172 1507 267 1546 sus
290 1499 418 1555 est;
448 1489 667 1559 torquis
691 1488 894 1544 ferreus
916 1488 1050 1541 collo
1081 1488 1335 1556 injectus;
1370 1486 1734 1556 pedesligneis

170 1580 381 1648 pedicis
412 1578 623 1649 grandi
649 1577 931 1633 intervallo
964 1578 1187 1632 invicem
1215 1577 1431 1630 remotis
1460 1577 1529 1629 ita
1551 1576 1730 1629 inserti

168 1678 318 1738 sunt,
356 1678 422 1723 ut
450 1668 772 1723 divaricatis
799 1669 1050 1727 cruribus
1080 1668 1394 1721 distractum
1422 1681 1613 1734 corpus
1639 1681 1735 1734 per

165 1759 372 1815 multos
427 1757 553 1813 dies
605 1757 881 1812 dirissime
921 1767 1257 1825 torqueretur
1288 1773 1302 1808 :
1332 1755 1735 1809 intentabantur

164 1848 376 1918 igniqu
408 1834 471 1901 et
499 1846 891 1915 suppliciorum
917 1846 1095 1909 minae,
1121 1859 1184 1898 ac
1203 1844 1475 1913 multiplici
1504 1844 1733 1909 denique

164 1947 447 1992 tormento
474 1936 653 1994 senile
676 1950 872 2003 corpus
894 1935 1254 1989 cruciabatur.
1290 1933 1466 1986 Altum
1492 1933 1578 1987 ille
1602 1947 1730 1986 con-

163 2035 271 2092 tra,
301 2039 365 2087 et
386 2035 644 2085 erectum
668 2025 907 2085 animum
939 2038 1104 2093 super
1133 2023 1402 2077 fortunam
1432 2036 1646 2092 gerens,
1679 2029 1732 2076 et

163 2118 332 2175 vitam
372 2130 541 2173 suam
571 2123 697 2181 post
719 2113 920 2173 Christi
946 2112 1101 2166 fidem
1127 2113 1341 2176 ducens,
1369 2126 1552 2165 omnes
1582 2126 1734 2181 aspe-

164 2207 361 2265 ritates
394 2202 731 2273 supervasit.
763 2201 840 2257 Ac
857 2217 1039 2257 secum
1063 2200 1321 2272 prteclare
1349 2209 1526 2254 actum
1545 2200 1733 2254 existi-

166 2304 393 2357 masset,
442 2294 491 2351 si
539 2301 846 2353 extremum
886 2292 953 2343 ab
991 2306 1056 2344 eo
1093 2290 1413 2360 supplicium
1457 2288 1735 2358 improbus

164 2384 536 2451 expetivisset
568 2381 776 2448 judex,
813 2382 899 2434 cui
947 2396 1107 2433 unum
1155 2378 1209 2433 id
1240 2379 1341 2433 fuit
1381 2379 1735 2449 propositum,

161 2488 358 2531 omnes
414 2470 670 2540 martyrii
716 2470 990 2545 cruciatus
1047 2469 1484 2525 innocentissimo
1526 2469 1729 2522 homini

167 2562 441 2632 inﬂigere,
473 2562 731 2615 eumdem
777 2576 902 2613 vero
945 2571 1154 2629 sperata
1190 2574 1286 2629 per
1319 2569 1546 2612 mortem
1586 2574 1729 2612 mar-

165 2648 290 2717 tyrii
338 2647 600 2701 mercede
644 2646 879 2716 privare.
928 2646 1261 2701 Ostentatutu
1308 2645 1487 2714 itaque
1551 2658 1727 2701 certa-

165 2736 333 2791 minis
381 2746 443 2790 et
491 2735 738 2790 laborum
770 2735 1043 2805 praemium
1074 2735 1129 2787 in
1175 2734 1320 2789 aliud
1359 2745 1567 2804 tempus
1598 2735 1731 2788 dila-

162 2841 274 2887 tum
309 2843 421 2887 est.

232 2923 325 2979 lIl.
363 2920 483 2991 (26)
516 2920 663 2976 Bene
689 2930 868 2975 autem
898 2919 961 2974 de
984 2933 1042 2974 se
1080 2920 1270 2974 merito
1295 2921 1573 2987 magistro.
1604 2922 1729 2977 dum

156 3013 216 3066 in
249 3010 555 3065 tormentis
581 3019 746 3073 esset,
787 3008 1021 3078 optimus
1063 3008 1381 3078 discipulus,
1434 3020 1488 3065 et
1533 3015 1731 3068 veteris

159 3100 428 3154 amicitiae
460 3112 671 3152 memor
690 3097 974 3168 Dionysius
995 3096 1383 3153 Alexandrinus
1405 3112 1511 3153 non
1542 3100 1727 3165 defuit,

1832 681 1918 748 qui
1958 680 2346 749 subiectissime
2385 682 2449 734 de
2490 699 2548 738 se
2579 700 2640 739 ac
2678 686 3028 743 detuisissinte
3062 687 3116 741 itt
3151 687 3300 745 libris
3324 706 3354 744 ιι

1831 783 1888 822 se
1920 769 2019 823 hoc
2060 781 2294 838 tempore
2348 772 2564 840 scriptis
2610 784 2665 826 et
2714 776 2944 843 loquitur
2970 778 3230 832 etsentit.
3278 779 3359 835 Ad

1831 857 1945 911 ham
1988 868 2267 928 postquam
2318 859 2372 914 in
2420 863 2789 929 persecutione
2841 865 3066 919 Deciana
3116 868 3356 921 nuntium

1831 946 2045 1003 Christo
2078 950 2347 1004 remisisse
2374 951 2654 1021 Origenem
2681 954 2918 1022 scripsit.
2963 956 3109 1009 addit
3145 957 3198 1011 in
3225 958 3361 1011 mul-

1834 1046 1915 1091 tas
1956 1037 2144 1092 deinde
2202 1038 2449 1094 incidisse
2511 1041 2775 1105 haereses,
2823 1042 3104 1112 multisque
3146 1047 3358 1100 errandi

1832 1140 2047 1181 causam
2075 1128 2309 1193 dedisse,
2342 1144 2405 1184 ac
2437 1130 2603 1185 multo
2623 1139 2745 1199 post
2768 1139 3003 1199 tempore
3030 1131 3359 1189 Christiano-

1833 1230 1950 1269 rum
2010 1219 2386 1273 communione
2449 1219 2613 1275 fuisse
2666 1220 2978 1289 privatum:
3012 1237 3128 1290 qua:
3178 1239 3358 1279 secum

1833 1305 2116 1359 manifesto
2160 1316 2415 1378 pugnant,
2472 1322 2591 1362 cum
2631 1287 2912 1379 perpaucis
2958 1287 3080 1364 ante
3117 1287 3372 1380 Origenis'

1830 1394 2037 1449 obitum
2079 1397 2235 1451 annis
2277 1396 2560 1453 instinctus
2589 1397 2772 1451 furore
2810 1398 3001 1452 Decius
3045 1400 3363 1458 Christianis

1831 1483 2023 1540 bellum
2071 1483 2340 1545 indixerit.
2383 1487 2667 1542 Sciendum
2716 1500 2971 1556 prieterea
3029 1488 3079 1541 id
3123 1489 3364 1544 hausisse

1832 1572 2186 1640 Nicephorum
2216 1589 2285 1629 ex
2312 1575 2629 1645 Epiphanio,
2660 1579 2748 1645 qui
2777 1579 2914 1631 hanc
2956 1576 3200 1646 Origeuis
3238 1594 3359 1648 per-

1830 1660 2145 1714 duellionem
2201 1676 2426 1716 narrans
2466 1663 2596 1717 hzer.
2633 1664 2720 1727 ϐε,
2750 1680 2866 1731 cap.
2911 1665 2967 1727 2,
3005 1665 3072 1719 de
3113 1679 3363 1732 persecu-

1832 1750 1973 1813 tione
2016 1751 2242 1806 Deeiana
2281 1752 2444 1806 altum
2495 1754 2636 1818 silet,
2686 1755 3125 1823 quemadmodum
3170 1750 3375 1810 Cedre-'

1832 1857 1930 1896 nus
1959 1852 2013 1896 et
2044 1840 2238 1897 Suidas
2268 1861 2284 1896 :
2321 1844 2372 1896 in
2395 1843 2528 1899 libro
2556 1854 2731 1898 autent
2779 1846 2854 1899 De
2892 1862 3053 1899 utens.
3090 1857 3137 1900 et
3175 1847 3362 1914 poud.,

1831 1948 1889 1985 ιι.
1919 1931 2006 1994 l8,
2036 1945 2154 1993 cum
2197 1931 2437 1985 Deciana:
2466 1932 2854 2000 persecutionis
2894 1934 3156 1997 meminit,
3183 1932 3363 2004 Orige-

1830 2035 1951 2075 nem
1985 2021 2196 2090 quidem
2240 2022 2403 2075 multa
2441 2030 2569 2075 tunc
2612 2036 2916 2090 perpessum
2970 2024 3134 2077 fuisse
3187 2026 3362 2087 docet,

1829 2109 2137 2187 Ethiopem
2165 2125 2293 2165 vero
2323 2112 2630 2180 neutiquam
2655 2123 3059 2167 commemorat.
3091 2113 3198 2169 Nec
3223 2129 3362 2170 com-

1831 2206 2092 2252 memorat
2143 2205 2291 2253 certe
2347 2194 2578 2251 Joannes
2634 2198 2873 2252 Zonaras
2919 2199 3050 2268 (30),
3099 2200 3189 2268 qui
3240 2216 3361 2253 eum

1831 2295 2007 2340 tamen
2044 2286 2327 2340 tormentis
2351 2287 2548 2340 victum
2571 2287 2669 2340 sub
2699 2287 2861 2342 Decio
2893 2303 2924 2342 a
2947 2287 3049 2342 title
3074 2289 3363 2344 descivisse

1831 2374 2032 2439 tradit;
2075 2384 2129 2430 et
2158 2376 2468 2444 arrogantia
2506 2375 2705 2430 elatum
2744 2393 3028 2444 pravorum
3056 2380 3361 2450 dogmatum

1829 2474 2097 2518 auctorem
2129 2463 2309 2519 fuisse.
2343 2463 2604 2517 Zonaram
2635 2464 2931 2520 fefellerunt
2975 2467 3111 2521 male
3143 2460 3373 2538 accepta.

1828 2554 1939 2607 hate
1969 2554 2247 2622 Epiphanii
2276 2556 2435 2607 verba
2457 2558 2594 2609 :Ka‘t
2613 2556 2772 2619 αὐτὸς
2799 2556 2856 2608 δὲ
2892 2558 3166 2629 Ὠριγένης
3196 2557 3364 2613 πολλὰ

1827 2642 2121 2705 πεπονθὼς,
2150 2645 2228 2706 εἰς
2252 2642 2399 2706 τέλος
2435 2644 2524 2696 τοῦ
2563 2645 2854 2715 μαρτυρίου
2881 2647 2977 2699 οὐκ
3001 2646 3243 2717 ἔφθανεν,
3268 2649 3362 2703 ob~

1827 2742 2001 2787 stante
2030 2733 2278 2786 nimirum
2326 2734 2526 2786 saevitia
2563 2734 2775 2802 judieis,
2805 2750 2908 2788 non
2929 2734 3173 2804 Origeuis
3205 2738 3362 2805 perfi-

1829 2822 1936 2888 dia,
1981 2822 2268 2891 quominus
2316 2823 2558 2891 martyrii
2612 2837 2865 2878 coronam
2919 2838 3357 2895 consequeretur.

1828 2910 1963 2967 Male
1989 2927 2051 2967 ea
2078 2926 2293 2981 quoque
2326 2912 2594 2966 intellecta
2625 2924 2746 2967 sunt
2770 2914 2836 2967 ab
2868 2915 3148 2970 Anastasio
3170 2915 3361 2979 Biblio-

1829 3002 2084 3067 thecario,
2106 3011 2160 3055 et
2180 3002 2247 3054 ad
2269 3016 2467 3054 annum
2487 2988 2685 3057 Christi
2703 3001 2809 3056 2M
2845 3016 3122 3071 perperam
3146 3003 3316 3058 relata
3341 3022 3355 3058 :

1827 3106 1934 3160 quo
1959 3107 2102 3146 anno.
2122 3091 2404 3160 imperium
2427 3092 2647 3161 adeptus
2675 3101 2756 3147 est
2779 3091 3076 3162 Philippus,
3102 3094 3361 3149 sexennio

159 3188 486 3255 librumque
529 3188 598 3240 ad
640 3200 763 3241 eum
794 3186 867 3240 De
898 3186 1148 3255 martyrio
1178 3187 1413 3256 scripsit,
1456 3203 1562 3261 quo
1614 3191 1726 3244 aui-
1752 3200 1796 3260 ο
1827 3197 1999 3250 eoque
2026 3181 2251 3250 amplius
2283 3192 2408 3235 ante
2445 3182 2727 3236 Decianam
2759 3185 3201 3250 persecutionem.
3230 3183 3360 3256 Gly-

160 3294 315 3332 mum
371 3278 448 3330 illi
480 3276 667 3330 dolore
698 3291 760 3331 ac
788 3275 1005 3330 miseria
1047 3276 1408 3332 tabescentem
1440 3278 1724 3345 relevaret,

160 3378 212 3419 et
239 3368 292 3420 ei
343 3365 536 3421 solatii
570 3374 851 3434 praestaret
880 3364 1074 3433 vicem,
1104 3363 1195 3433 qui
1228 3365 1348 3431 aliis
1390 3366 1527 3421 hanc
1557 3368 1730 3426 omni-

164 3455 264 3510 bus
292 3456 552 3523 praebere
574 3453 766 3508 solitus
791 3463 926 3508 erat.

229 3544 324 3599 Ν.
376 3543 722 3610 Nieephorus
746 3543 960 3597 Eusebii
991 3532 1275 3613 perpetuus
1309 3556 1601 3602 assectator
1632 3547 1731 3601 du-

159 3650 277 3687 cem
306 3649 475 3686 suum
512 3633 604 3686 hic
636 3634 868 3698 deserit,
904 3643 958 3686 et
987 3633 1038 3687 in
1077 3643 1295 3689 atroces
1328 3635 1583 3691 adversus
1610 3636 1728 3691 Ori-

156 3738 381 3790 genem,
447 3736 604 3776 more
658 3723 953 3776 recentium
1019 3723 1333 3783 Grrecorum
1368 3765 1385 3791 ,
1434 3725 1729 3783 calumnias

159 3812 412 3868 divertit.
456 3812 599 3865 Eum
645 3812 720 3864 ait
773 3813 1030 3873 modestia
1072 3829 1137 3871 ac
1181 3814 1483 3872 Christiana
1522 3816 1729 3871 humili-

158 3908 300 3965 tate,
327 3917 462 3969 qua:
493 3899 756 3954 virtutum
779 3900 1020 3957 nomium
1051 3915 1247 3968 parens
1270 3910 1375 3964 est,
1408 3903 1624 3966 amissa,
1674 3905 1724 3958 in

160 3990 410 4043 Deciana
467 3987 851 4057 persecutione
900 3990 1184 4043 tormentis
1226 3988 1511 4054 amictum,
1575 4007 1724 4045 suam

157 4079 380 4147 quidem
408 4076 776 4131 constantiam
805 4090 867 4131 ac
900 4076 1057 4131 fidem
1091 4076 1348 4131 Ecclesiae
1378 4080 1724 4148 prmstitisse;

158 4183 349 4225 verum
382 4171 618 4224 admoto
648 4168 904 4237 .Ethiope
936 4167 1025 4236 qui
1058 4166 1358 4222 castissime
1378 4160 1589 4236 corpori
1617 4167 1729 4222 illu-

157 4261 341 4325 deret,
375 4259 554 4313 thura
583 4257 691 4312 diis
719 4259 936 4312 adolere
966 4256 1251 4321 maluisse,
1281 4271 1441 4324 quam
1466 4257 1725 4323 ejusmodi

157 4347 432 4413 probrum
465 4347 525 4399 in
555 4359 615 4400 se
652 4345 939 4400 admittere
968 4361 982 4397 :
1011 4355 1175 4413 atque
1204 4346 1325 4398 inde
1354 4345 1529 4400 divina
1556 4348 1726 4414 gratia

151 4454 280 4492 cum
308 4436 645 4500 excidisset,
684 4437 739 4491 in
774 4439 955 4491 varias
980 4437 1211 4490 haereses
1252 4435 1545 4506 delapsum,
1587 4437 1724 4490 tnul~

1824 3290 1918 3329 eas
1931 3280 2105 3328 autem
2126 3272 2422 3341 Epiphanio
2445 3273 2665 3327 adhaesit
2681 3273 2814 3344 (5|).
2830 3273 3160 3342 Nicephorus
3174 3274 3355 3344 igitur,

1824 3365 1917 3443 qui
1952 3365 2053 3423 hoc
2083 3361 2199 3417 loco
2222 3363 2433 3417 videtur
2464 3362 2820 3432 Epiphaniam
2852 3373 3083 3419 sectatus
3102 3403 3118 3429 ,
3155 3374 3211 3419 et
3235 3366 3358 3435 qui-

1823 3470 2034 3527 cunque
2067 3455 2169 3512 hoc
2203 3454 2449 3528 Origenis
2476 3455 2684 3509 facinus
2706 3455 2948 3510 Deciana:
2968 3446 3369 3526 persecutionis,

1828 3546 2156 3614 temporibus
2177 3545 2478 3616 assignant,
2510 3544 2729 3599 minime
2761 3544 2978 3613 quidem
3008 3544 3359 3613 Epiphaniam

1828 3645 2102 3692 auctorem
2146 3637 2366 3692 habent.
2407 3634 2520 3690 lmo
2566 3651 2712 3700 vero,
2743 3647 2925 3704 aperte
2953 3637 3056 3690 illis
3088 3635 3359 3690 contradi-

1824 3739 1968 3790 cere,
2018 3724 2063 3778 si
2105 3724 2229 3792 quis
2267 3722 2334 3777 ad
2366 3723 2695 3776 narrationis
2740 3723 2884 3776 illius
2910 3732 3215 3777 contextum
3244 3723 3360 3776 ani-

1827 3812 2150 3875 madvertat,
2184 3811 2344 3880 plane
2372 3809 2630 3863 fatebitur
2659 3828 2673 3863 :
2707 3810 2761 3863 id
2791 3810 2986 3879 quippe
3024 3810 3360 3866 Alexandria

1826 3902 2117 3969 couﬁgisse
2148 3901 2338 3955 scribit
2360 3938 2376 3963 ,
2415 3908 2573 3966 atque
2612 3882 2897 3970 brigenetu
2930 3899 3128 3954 idcirco
3156 3901 3223 3954 ab
3256 3901 3356 3956 Ec-

1825 3990 1991 4045 clesia
2052 3988 2219 4042 fuisse
2269 3988 2565 4056 deiectum;
2609 4003 2840 4056 eumque
2887 4003 2946 4041 se
2997 3988 3178 4042 irrisui
3236 4003 3358 4044 esse

1828 4077 2148 4149 perdoleret,
2169 4075 2765 4145 patria.excessisse.At
2790 4076 3016 4129 Deciana
3042 4084 3358 4145 tempestate

1826 4181 1996 4233 neque
2033 4164 2367 4220 Alexandriae
2404 4164 2566 4219 fuisse
2609 4164 2919 4233 Origenem,
2946 4180 3119 4232 neque
3151 4166 3219 4221 ab
3255 4165 3356 4219 Ec-

1824 4257 2002 4312 clesiae
2031 4256 2409 4310 communione
2437 4264 2801 4324 segregatum,
2834 4270 3005 4324 neque
3036 4255 3357 4315 Alexandria

1828 4346 1986 4399 fuisse
2040 4343 2336 4412 profectum
2382 4341 2465 4396 vel
2503 4343 2688 4396 docuit
2736 4344 3040 4412 quisquam,
3092 4343 3176 4398 vel
3209 4344 3355 4399 credi

1829 4439 2038 4502 potest;
2067 4441 2122 4487 et
2150 4446 2215 4486 ex
2246 4430 2487 4493 Eusebii,
2513 4430 2789 4498 ipsiusque
2813 4428 3092 4500 Nicephori
3111 4470 3126 4497 ,
3149 4438 3204 4485 et
3227 4430 3356 4484 alio~

153 4527 340 4596 lisque
392 4529 454 4581 in
497 4541 743 4580 errorem
803 4526 1058 4590 inductis,
1117 4528 1184 4579 ab
1237 4526 1473 4580 Ecclesia
1521 4527 1720 4581 Christi
1755 4519 1799 4574 D
1827 4535 1943 4574 rum
1967 4519 2203 4579 historiis
2221 4516 3159 4587 satis'refellilur.(3£)Qutequidem
3180 4520 3356 4573 omnia

152 4612 316 4686 longe
349 4625 483 4686 post
512 4627 754 4684 tempore
769 4615 938 4670 fuisse
959 4616 1389 4669 exterminatum.
1418 4614 1540 4671 llam
1564 4617 1724 4671 habet

152 4705 515 4777 Nicephorus
550 4704 692 4775 (27),
722 4721 839 4774 quae
871 4704 937 4760 ad
971 4705 1215 4759 veritatis
1264 4704 1517 4758 amussim
1568 4720 1712 4760 revo‘

149 4808 311 4862 cata,
345 4807 412 4852 et.
468 4811 599 4849 cum
655 4804 897 4850 veterum
938 4795 1183 4865 scriptis.
1233 4794 1372 4873 unde
1416 4795 1721 4863 deprompta

147 4898 301 4952 sunt,
359 4884 652 4949 condicta,
707 4883 865 4937 fidem
916 4899 1065 4939 suam
1123 4886 1433 4951 decoquent.
1489 4882 1716 4937 Nimiam

145 4973 299 5028 enim
354 4973 469 5028 sibi
525 4971 834 5040 superbiam
886 4979 1011 5033 tunc
1061 4971 1348 5039 sumpsisse
1398 4969 1709 5039 Origeneat,

145 5063 416 5129 Quamvis
436 5070 572 5117 ante
589 5059 947 5129 Nicephorum
967 5059 1279 5129 scripserint
1298 5058 1609 5117 Anastasius
1629 5058 1720 5119 Bis

227 5298 346 5364 (εις)
386 5297 623 5367 Ettseh.,
650 5294 784 5346 Hist.
803 5292 959 5367 (eth,
979 5294 1070 5367 lib.
1100 5309 1315 5367 vr,_eap.
1348 5291 1435 5345 46.
1457 5291 1592 5367 Esne
1614 5309 1715 5345 au-

146 5361 266 5419 tem
292 5370 363 5420 de
387 5382 448 5419 se
488 5363 679 5417 merito
718 5363 983 5429 magistro,
1014 5362 1135 5413 dum
1168 5364 1219 5414 iu
1256 5361 1520 5414 tormentis
1561 5370 1713 5423 esset,

146 5446 271 5487 etc.
341 5438 489 5488 Cum
546 5430 808 5483 Eusebius
858 5429 1090 5481 libellum
1144 5430 1216 5483 De
1271 5429 1524 5495 martyrio
1577 5429 1718 5481 inter

146 5504 425 5576 epistolas
499 5498 660 5567 paulo
713 5506 831 5563 post
890 5496 1341 5576 [lectiustragem-
1368 5494 1428 5576 ξιξ
1462 5494 1718 5576 Dionysio

148 5563 397 5639 scriptas
454 5563 775 5625 recenseat,
824 5563 1111 5618 verisimile
1154 5563 1252 5618 non
1296 5564 1502 5616 videtur
1548 5563 1715 5629 hunc,

146 5639 287 5690 dum
324 5642 381 5691 in
415 5634 709 5690 tormentis
747 5640 887 5685 esset
912 5629 1182 5700 Origenes,
1211 5633 1370 5687 fuisse
1400 5645 1431 5684 a
1459 5630 1715 5702 Dionysio

144 5707 528 5760 elaboratum.

232 5776 352 5844 (27)
391 5769 629 5838 Nicepll.
665 5766 741 5819 lib
792 5780 843 5831 ν,
870 5778 986 5832 cap.
1013 5764 1093 5818 se.

1832 4611 1956 4665 huic
2005 4610 2245 4678 apprime
2283 4608 2426 4662 διιοιί
2474 4609 2818 4669 conveniunt,
2868 4608 2921 4662 iu
2968 4623 3128 4676 quam
3161 4610 3358 4663 factum

1832 4702 1959 4757 illud
1988 4700 2337 4771 coniecimus.
2363 4697 2501 4752 Nam
2522 4707 2575 4752 et
2601 4709 2711 4751 tum
2743 4697 3080 4751 Alexandriae
3105 4697 3357 4751 versaba-

1830 4800 1914 4845 tur
1973 4788 2264 4857 Origenes,
2312 4799 2367 4843 et
2421 4788 2601 4842 statim
2652 4796 2770 4855 post
2820 4785 3078 4854 flagitium
3142 4786 3357 4855 reliquit

1825 4877 2227 4941 Alexandriam,
2254 4887 2307 4930 et
2331 4892 2360 4929 a
2379 4875 2808 4933 Christianorum
2834 4876 3089 4931 societate
3107 4877 3359 4944 depulsus

1822 4978 1924 5032 est,
1957 4983 2058 5022 uec
2091 4968 2257 5021 multo
2283 4979 2406 5037 post
2440 4966 2828 5038 Jerosolytnam
2858 4965 3020 5028 adiit,
3055 4964 3145 5018 ubi
3175 4966 3226 5017 in
3257 4980 3354 5034 pu-

1821 5061 1963 5115 blico
1985 5059 2412 5138 Christianorum
2444 5068 2595 5113 coetu
2614 5058 2963 5113 commissum.
2976 5054 3150 5110 scelus
3174 5054 3347 5124 lacry.

1980 5291 1999 5345 l
2032 5292 2219 5345 Anast.
2258 5293 2308 5342 in
2334 5291 2471 5344 Hist.
2500 5293 2564 5345 ad
2602 5308 2689 5345 au.
2722 5291 2917 5347 Christi
2941 5288 3062 5343 2“.

1906 5362 1996 5427 29)
2025 5360 2215 5413 Zouar.
2252 5359 2389 5415 Hist.
2426 5360 2514 5413 illi.
2550 5375 2606 5414 ιι.

1910 5429 1997 5489 30)
2028 5429 2101 5481 Id.
2136 5430 2263 5481 ibid.

1889 5499 1973 5570 (5i
1984 5498 2005 5570 )
2047 5499 2198 5570 Clye.
2225 5498 2440 5570 Annal"
2466 5508 2605 5570 part.
2627 5513 2720 5570 ιιι.
2900 5562 2911 5570 _
3234 5556 3250 5570 θ

1891 5562 2002 5636 (32)
2018 5562 2167 5637 Qu}:
2193 5566 2398 5637 quidem
2421 5562 2594 5637 omnia
2617 5567 2737 5637 huic
2766 5562 2992 5637 apprime
3035 5562 3356 5637 conueniunt

1819 5627 1992 5695 (ututi,
2010 5627 2080 5707 in;
2096 5627 2250 5703 quam
2278 5633 2477 5707 factum
2503 5633 2635 5707 illud
2681 5627 3009 5707 coniecimus.
3026 5628 3067 5707 ,ν
3078 5627 3161 5707 ἰιλε
3178 5638 3355 5707 supra

1822 5706 1877 5755 tu
1904 5692 2021 5769 cap.
2049 5692 2288 5764 2,'nttm.'
2308 5702 2395 5763 l3,
2426 5701 2514 5755 ubi
2538 5702 2673 5754 hanc
2702 5692 2979 5769 Epiphaui't
3008 5698 3074 5750 de
3100 5692 3362 5762 Origcttis

1823 5770 2115 5826 idololatria
2138 5770 2363 5826 fabulam
2383 5769 2717 5825 destruimus.

1823 5770 2115 5826 idololatria
2138 5770 2363 5826 fabulam
2383 5770 2717 5825 destruimus.
