3846 6436
210 481 330 548 ωδ

1288 482 1848 544 ORIGENtANOR'UM
1883 482 2008 535 LIB;
2047 482 2088 544 l,
2127 480 2276 541 CAP.
2318 478 2406 534 IV.

3321 468 3422 526 θοι

237 604 417 658 carent
448 593 702 664 Origenis
726 598 1052 670 adversarii,
1073 602 1212 672 quod
1230 602 1350 657 licet
1367 597 1787 654 sacrificaturum
1819 599 1861 652 Α
1891 593 2042 646 nobis
2069 591 2244 645 fucum
2272 590 2550 646 facientes.
2579 590 2641 642 Et
2669 600 2780 644 tum
2813 586 2893 642 vel
2915 584 3144 640 maxime
3175 596 3294 638 sese
3319 583 3424 637 cri-

237 707 294 746 se
326 686 636 756 recepisset,
670 702 778 742 non
805 687 925 758 ipse
951 700 1150 754 tamen,
1179 691 1271 744 sed
1291 689 1380 755 qui
1411 702 1530 741 eum
1563 684 1824 737 circumr‘

235 780 453 834 stabant
495 776 756 833 facinoris
787 790 1039 836 auctores
1072 788 1127 835 et
1177 778 1508 847 impulsores,
1547 773 1789 826 manibus

234 871 349 938 ejus
372 869 732 939 apprehensis
747 877 802 923 et
814 871 1079 933 excussis,
1094 870 1192 939 ipsi
1219 869 1520 921 viderentur
1537 863 1650 917 foco
1673 862 1792 916 thus

231 961 503 1024 intulisse,
535 960 679 1028 quod
708 960 833 1014 licet
859 962 926 1014 ab
956 959 1192 1015 Ecclesia
1221 957 1406 1023 fuisset
1431 958 1499 1010 ob
1527 970 1642 1008 eam
1667 968 1794 1008 cau-

227 1067 342 1105 sam
375 1051 596 1121 eiectus
625 1051 884 1107 Demetrii
925 1050 1381 1120 compluriumque
1423 1045 1790 1114 episcoporum

221 1141 452 1208 judicio,
507 1142 579 1196 ab
651 1141 963 1196 Alexandro
1012 1149 1185 1194 tamen
1238 1147 1291 1192 et
1327 1133 1631 1190 Theoctisto
1680 1131 1791 1200 epi-

226 1231 417 1300 scopis
437 1239 594 1284 tanta
621 1242 763 1285 esset
777 1232 1037 1284 charitate
1057 1237 1354 1298 susceptus,
1381 1226 1598 1295 ejusque
1617 1231 1796 1292 patro-

221 1321 442 1373 cinium
487 1330 644 1373 tanto
691 1319 868 1374 studio
898 1318 1186 1388 complexa
1218 1325 1396 1372 essent
1433 1315 1662 1378 Arabia,
1697 1313 1794 1368 Pao

224 1410 490 1469 uestina,
554 1409 844 1464 Phoenicia
872 1418 926 1462 et
969 1407 1182 1462 Achaia
1228 1406 1504 1468 Ecclesia,
1542 1416 1599 1457 ut
1631 1419 1692 1457 ea
1739 1417 1794 1457 re

225 1501 349 1554 fere
375 1500 639 1553 criminis
673 1499 912 1568 depulsio
952 1500 1346 1560 contineretur;
1376 1495 1514 1565 quod
1557 1494 1680 1547 licet
1704 1509 1796 1547 ca-

223 1589 417 1659 pitalis
467 1589 544 1642 sit
583 1589 671 1642 vel
708 1588 891 1642 tenuis
919 1589 1163 1642 admissa
1189 1585 1495 1641 idololatria
1541 1582 1792 1652 suspicio,

217 1691 282 1735 et
305 1681 564 1749 graviter
606 1694 858 1746 peccasse
895 1677 1174 1746 Origenem
1198 1676 1467 1730 fatendum
1507 1674 1598 1737 sit,
1651 1675 1798 1727 mini-

217 1784 312 1823 me
355 1780 549 1821 tamen
601 1768 702 1821 hoc
747 1767 964 1820 nomine
1011 1774 1192 1833 posset
1237 1761 1498 1828 accusari,
1527 1762 1652 1830 quin
1681 1762 1797 1828 ejus

219 1860 429 1925 ingens
459 1857 746 1924 pudicitia
788 1856 1020 1908 studium
1065 1869 1165 1908 una
1219 1853 1622 1921 pradicaretur;
1655 1850 1794 1920 quod

1894 684 2024 738 ticos
2055 683 2165 740 dici
2213 690 2420 744 amant,
2471 681 2679 747 sibique
2725 679 2963 745 placent,
3007 673 3218 743 quando
3271 671 3424 727 nobis

1891 781 2168 828 auctorum
2198 771 2396 832 larvas,
2427 769 2568 822 veris
2600 768 2728 836 ipsis
2757 764 3067 820 defer-matis
3093 760 3422 825 auctoribus,

1893 862 2226 929 objecerunt.
2255 859 2432 927 Atque
2471 857 2585 912 hac
2637 857 2803 924 pestis
2833 855 2962 908 nihil
2999 869 3101 908 non
3136 861 3423 920 pervagata

1891 962 1991 1008 est.
2021 952 2272 1007 Plurima
2315 949 2526 1018 quidem
2565 947 2749 1002 sordes
2783 947 2865 998 vel
2900 960 2993 1014 per
3033 943 3284 1013 temporis
3309 944 3426 996 diu-

1892 1045 2225 1106 turnitatem,
2275 1039 2357 1094 vel
2414 1052 2509 1106 per
2559 1036 2896 1090 librariorum
2941 1033 3236 1088 socordiam
3283 1031 3427 1086 anti-

1891 1148 2115 1204 quortnn
2139 1129 2354 1197 scriptis
2379 1125 2527 1181 allini
2553 1135 2721 1194 atque
2752 1123 3114 1177 adhaerescere
3135 1121 3250 1174 sita
3269 1127 3422 1182 sunt;
3475 1127 3487 1144 '

1892 1235 1949 1278 at
1979 1237 2071 1277 eas
2103 1218 2313 1276 uonnisi
2345 1217 2656 1271 manifestas
2689 1212 2815 1277 elui,
2850 1225 2948 1264 nec
2996 1209 3281 1278 quidquam
3324 1206 3425 1261 nisi

1894 1312 1974 1367 vel
2009 1326 2167 1365 manu
2219 1309 2540 1377 scriptorum
2571 1303 2813 1359 codicum
2859 1317 2981 1370 ope,
3033 1301 3116 1354 vel
3162 1299 3322 1352 certis
3373 1307 3428 1349 ct

1893 1395 2230 1456 evidentibus
2259 1394 2590 1464 argumentis
2621 1392 2871 1461 supponi,
2906 1399 2962 1444 et
2990 1390 3041 1442 in
3073 1399 3223 1441 notas
3253 1387 3428 1453 potius

1896 1503 2045 1548 extra
2076 1489 2309 1544 auctoris
2336 1486 2502 1556 ipsius
2527 1494 2863 1544 contextum,
2892 1477 3238 1550 quantumvis
3275 1484 3427 1528 acute

1896 1583 2160 1652 cogitatas
2206 1577 2544 1643 conjecturas
2579 1576 2728 1643 rejici
2766 1574 2945 1629 velim.
2981 1570 3084 1626 Sed
3134 1568 3248 1624 hac
3275 1573 3432 1622 erant

1897 1674 2114 1727 alterius
2145 1669 2268 1722 loci.
2303 1666 2454 1720 Nunc
2487 1667 2550 1721 ad
2583 1681 2720 1719 rem.

1967 1762 2050 1814 Vl.
2099 1759 2274 1825 Quoto
2304 1756 2449 1810 Decii
2504 1770 2644 1810 anno
2668 1753 2992 1808 cruciatibus
3048 1759 3219 1806 tortus
3271 1748 3434 1803 fuerit

1897 1851 2182 1919 Origenes,
2239 1847 2512 1910 nescitur;
2554 1853 2608 1898 at
2653 1860 2772 1898 cum
2821 1843 3088 1898 biennium
3139 1840 3332 1894 Decius
3377 1837 3430 1891 in

215 1947 469 2014 denique
492 1946 636 1998 diris
669 1947 770 1998 sub
816 1944 975 1999 Decio
997 1943 1248 2012 singulari
1271 1941 1568 1997 constantia
1602 1940 1796 1995 tolera-
1831 1943 1871 1996 Β
1901 1941 2124 2010 imperio
2145 1954 2248 1994 non
2271 1937 2581 2007 expleverit,
2612 1935 2741 1989 levis
2759 1945 2840 1989 est
2858 1931 3135 1988 dubitatio.
3152 1931 3208 1985 ld
3226 1931 3434 1984 videtur

217 2039 292 2091 tis
324 2037 652 2099 tormentis,
697 2034 895 2102 prioris
945 2034 1186 2088 criminis
1216 2047 1406 2086 noxam
1440 2032 1574 2087 satis
1615 2046 1794 2086 corre-

216 2123 396 2184 xisse,
426 2121 662 2189 ejusque
687 2121 854 2175 luisse
886 2133 1093 2187 poenas,
1125 2129 1178 2174 et
1203 2120 1481 2188 pristinam
1519 2118 1793 2173 mollitiem

216 2205 488 2274 expiasse
513 2207 814 2260 videretur.
864 2206 1042 2272 Atque
1089 2205 1273 2259 iisdem
1324 2205 1435 2260 fere
1482 2205 1794 2268 rationibus,

215 2293 526 2359 quominus
577 2293 631 2345 id
678 2291 999 2346 Christianis
1041 2294 1405 2360 exprobraret,
1457 2293 1794 2348 absterritum

218 2381 398 2436 fuisse
431 2381 798 2451 Porphyrium
839 2380 1110 2435 existimo.
1136 2382 1285 2446 Quod
1325 2381 1498 2434 nullus
1519 2396 1645 2451 ergo
1667 2382 1796 2437 vitio

217 2474 490 2538 dederat,
548 2471 905 2542 quamobrem
955 2474 1246 2540 quisquam
1295 2483 1609 2538 excusaret,
1659 2474 1794 2527 ratio

218 2563 371 2616 anilla
415 2563 547 2618 fuit.
585 2562 715 2617 inde
741 2578 839 2631 par
867 2563 1005 2629 apud
1038 2561 1231 2616 multos
1253 2575 1314 2616 ea
1337 2563 1399 2616 de
1426 2577 1482 2615 re
1506 2562 1790 2616 silentium.

219 2652 533 2706 Eusebium
559 2661 764 2714 autem,
811 2666 906 2704 cur
938 2650 988 2704 id
1018 2649 1300 2704 scribendo
1341 2651 1792 2718 praetermitteret,

215 2757 285 2796 eo
326 2740 509 2794 fuisse
539 2738 829 2806 impulsum
853 2738 967 2806 jam
996 2753 1154 2805 supra
1183 2737 1315 2801 dixi,
1335 2737 1386 2790 in
1420 2740 1558 2806 quod
1589 2739 1796 2808 ittApo.-

218 2831 372 2900 logia
403 2847 507 2900 pro
533 2829 761 2898 Origene
797 2829 898 2882 hoc
948 2837 1000 2881 et
1052 2826 1309 2894 ejusmodi
1340 2827 1565 2896 plurima
1611 2829 1796 2884 fuisset

137 2929 140 2933 '
219 2921 590 2989 complexus,
620 2933 742 2988 qua
781 2920 848 2971 ad
885 2917 1136 2972 Historia:
1175 2935 1287 2974 sua
1315 2915 1639 2985 propositum
1690 2937 1792 2974 non

221 3014 466 3066 antnino
503 3011 878 3074 accommoda,
913 3009 1108 3078 quippe
1138 3011 1226 3078 qui
1282 3025 1367 3064 res
1391 3011 1456 3063 ad
1490 3011 1795 3064 universam

219 3102 542 3157 Eeclesiam
570 3105 877 3168 spectantes
899 3108 1302 3168 exsequeretur,
1320 3109 1561 3168 repetere
1583 3100 1796 3170 insuper

218 3193 445 3247 habuit.
492 3190 692 3244 Jacent
724 3191 892 3259 igitur
940 3189 1162 3243 collecta
1211 3205 1238 3243 a
1279 3189 1507 3244 Baronio
1541 3191 1795 3247 adversus

1897 2047 2038 2085 anno
2061 2029 2264 2084 Christi
2292 2026 2418 2093 9.50,
2450 2025 2695 2094 Origenis
2725 2039 2845 2085 uv,
2879 2021 3294 2076 attribuendmn.
3324 2019 3434 2074 Nec

1895 2131 2117 2190 apparet
2155 2119 2288 2173 item
2341 2116 2612 2186 quomodo
2651 2113 2884 2168 vinculis
2917 2113 3132 2180 elapsus
3176 2111 3264 2166 sit.
3325 2109 3434 2178 Ego

1895 2226 2023 2265 vero
2053 2211 2101 2263 id
2132 2224 2226 2278 per
2257 2207 2460 2262 obitum
2497 2205 2636 2259 Decii
2667 2204 2952 2272 contigisse
2995 2201 3219 2268 opinor;
3267 2212 3373 2267 quo
3401 2214 3432 2252 a

1894 2300 2138 2356 barbaris
2164 2299 2336 2354 deleto
2380 2312 2503 2352 cum
2535 2295 2796 2355 exercitu,
2839 2292 3118 2362 imperium
3151 2289 3434 2358 capessivit

1898 2392 2083 2445 Vibius
2105 2390 2306 2453 Gallus,
2359 2387 2530 2442 ascito
2558 2387 2610 2440 in
2640 2385 2972 2442 consortium
3003 2382 3286 2438 Volusiano
3303 2380 3432 2436 lilio.

1895 2481 2044 2535 Tunc
2071 2481 2212 2535 enim
2249 2477 2608 2546 tranquillatis
2634 2475 3057 2530 Christianorum
3078 2473 3255 2535 rebus,
3273 2470 3428 2525 liber-

1897 2579 2059 2624 tatem
2091 2582 2304 2638 quoque
2349 2581 2498 2621 suam
2544 2566 2793 2633 adeptum
2829 2562 3107 2632 Origenem
3147 2559 3435 2615 verisimile

1893 2668 1997 2714 est.
2023 2658 2133 2728 (Η)
2161 2658 2228 2710 At
2261 2670 2326 2709 ne
2352 2662 2462 2708 tum
2490 2653 2704 2722 quidem
2727 2660 2855 2706 atas
2886 2651 2952 2704 ad
2973 2649 3180 2706 senium
3211 2649 3433 2710 devexa,

1894 2746 2170 2800 laboribus
2196 2743 2447 2809 fractum,
2469 2741 2670 2795 otioac
2703 2740 2906 2794 desidia
2934 2738 3158 2792 mollivit
3183 2755 3197 2792 :
3227 2737 3318 2791 sed
3347 2739 3433 2791 vix

1895 2833 2208 2905 agritudine
2243 2831 2528 2886 relaxatus.
2552 2845 2618 2884 ac
2640 2828 2882 2892 miseria,
2907 2842 3026 2897 qua
3051 2840 3170 2881 eum
3198 2827 3248 2879 in
3291 2825 3434 2880 Decii

1896 2925 2107 2978 laniena
2158 2938 2298 2993 pene
2345 2921 2586 2987 eliserat,
2610 2919 2730 2974 aliis
2768 2933 2904 2987 quos
2957 2918 3142 2972 eadem
3169 2915 3434 2969 aillixerat

1894 3015 2095 3079 clades,
2120 3014 2268 3068 utilia
2294 3011 2483 3067 solatia
2507 3026 2603 3080 per
2629 3007 2883 3078 epistolas
2919 3005 3364 3062 subministravit.
3380 3005 3434 3059 ld

1897 3102 2248 3157 ostendebant
2276 3100 2568 3153 innumera
2596 3097 2710 3164 ejus
2755 3094 3012 3165 epistola,
3039 3108 3157 3167 qua
3182 3103 3301 3162 post
3326 3094 3433 3150 De-

1896 3190 2106 3243 cianam
2146 3187 2496 3241 vastationem
2520 3185 2752 3253 scripta,
2775 3193 2828 3238 et
2861 3183 3027 3237 multo
3049 3194 3173 3252 post
3202 3197 3231 3236 a
3259 3183 3361 3251 piis
3381 3192 3435 3237 et

221 3284 378 3336 hunc
412 3280 714 3350 Epiphanii
771 3280 946 3333 locum
988 3288 1324 3348 argumenta,
1358 3295 1514 3348 quem
1547 3281 1626 3335 vel
1684 3283 1794 3351 ipsa
1823 3277 1867 3337 C
1897 3277 2147 3333 studiosis
2170 3277 2475 3331 hominibus
2493 3284 2736 3340 servata,
2760 3281 3023 3328 vetustate
3037 3274 3245 3327 demum
3263 3273 3434 3340 perie-

221 3373 357 3442 styli
421 3371 752 3434 similitudo,
784 3381 842 3424 ut
875 3379 1025 3424 recte
1086 3371 1288 3424 notavit
1334 3369 1608 3435 Petavius,
1664 3374 1793 3428 satis

219 3460 548 3531 Epiphanio
579 3458 870 3527 atljudicat.

294 3550 366 3606 Υ.
398 3549 636 3604 Cautius
669 3547 914 3615 equidem
952 3563 1016 3602 ac
1057 3550 1384 3604 reverentius
1433 3550 1792 3620 antiquorum,

221 3640 320 3693 sed
347 3637 584 3692 Patrum
634 3637 931 3704 praesertim
987 3647 1324 3690 monumenta
1360 3640 1550 3707 attingi
1581 3641 1791 3694 vellem.

219 3729 362 3783 Nam
402 3729 665 3796 quamvis
689 3739 870 3792 parce,
902 3733 954 3776 et
984 3740 1084 3778 non
1116 3725 1235 3778 sine
1266 3725 1441 3792 aliqua
1489 3727 1792 3781 verisimili-

223 3818 426 3875 tudine
482 3829 682 3868 manus
713 3812 1014 3882 Epiphanio
1047 3812 1286 3866 attulerit
1335 3814 1433 3867 hoc
1484 3813 1601 3869 loco
1632 3816 1794 3870 Baro-

197 3905 373 3971 -nius,
415 3903 590 3956 homo
617 3910 674 3954 ut
713 3901 984 3955 excellens
1011 3901 1131 3970 ejus
1169 3901 1459 3969 ingenium,
1479 3911 1532 3955 et
1553 3905 1791 3972 singula-

225 4010 342 4047 rem
389 3993 710 4046 doctrinam
730 3990 940 4052 sileam,
974 3990 1333 4059 sagacissima
1371 3993 1425 4043 in
1458 4002 1573 4046 arte
1607 3995 1792 4049 critica

219 4092 279 4138 et
306 4084 610 4138 acerrima:
639 4081 787 4135 naris
808 4081 946 4146 ;ltoc
965 4090 1139 4134 tamen
1167 4079 1465 4149 exemplum
1491 4082 1543 4134 in
1563 4096 1794 4152 sequens

219 4190 402 4230 avum
441 4173 626 4226 labem
652 4171 864 4227 trahere
895 4179 1093 4240 pntest,
1113 4179 1170 4222 ut
1192 4169 1322 4222 tanti
1346 4170 1446 4223 viri
1479 4173 1794 4228 auctoritate

219 4265 483 4337 producti
541 4263 763 4317 litterati
810 4261 1087 4325 homines,
1161 4261 1473 4315 veneranda
1521 4269 1793 4320 vetustatis

219 4353 496 4421 operibus
533 4349 777 4411 illndere,
814 4362 983 4416 eaque
1009 4349 1075 4400 ad
1126 4348 1332 4403 libitum
1367 4366 1676 4420 recoquere,
1731 4367 1794 4407 ac

220 4442 556 4500 incudisua
585 4439 808 4492 reddere
828 4437 1056 4492 fortasse
1073 4441 1250 4494 ausuri
1268 4440 1396 4494 sint.
1420 4442 1645 4506 Quasivi
1666 4459 1793 4497 sane

219 4532 462 4584 multum
497 4543 565 4584 ac
592 4528 706 4591 ditt,
743 4527 931 4595 plusne
953 4531 1205 4596 perniciei
1233 4530 1284 4581 in
1325 4529 1528 4584 litteras
1552 4547 1618 4584 an
1652 4533 1794 4586 utili-

1903 3378 2046 3422 runt.
2077 3367 2265 3422 Aliane
2299 3377 2567 3436 praterea
2588 3375 2713 3419 ante
2738 3374 2964 3420 mortem
2991 3363 3188 3418 litteris
3214 3362 3435 3416 manda-

1897 3460 2053 3522 verit,
2091 3458 2343 3528 quoniam
2378 3457 2444 3511 de
2467 3471 2531 3511 eo
2563 3455 2695 3509 nihil
2734 3455 2940 3522 antiqui
2984 3453 3273 3522 scriptores
3323 3460 3427 3504 tra-

1898 3549 2107 3615 didere,
2135 3557 2468 3616 compertum
2499 3562 2602 3602 non
2628 3556 2730 3601 est.
2771 3547 2869 3600 Vix
2908 3543 3062 3599 credi
3113 3551 3289 3596 tamen
3341 3555 3435 3609 po-

1899 3650 2022 3703 test,
2041 3639 2558 3709 impatientissimum
2579 3638 2676 3692 otii
2697 3638 2964 3707 ingenium
2991 3635 3057 3688 ab
3073 3641 3285 3688 assueto
3303 3632 3433 3686 scri-

1897 3730 2054 3784 bendi
2093 3729 2297 3792 labore,
2325 3743 2432 3795 quo
2463 3737 2538 3780 tot
2559 3727 2869 3782 elucubrata
2901 3725 3143 3780 feruntur
3178 3723 3429 3776 librorum

1899 3819 2092 3881 millia,
2116 3817 2504 3885 conquievisse.

1968 3907 2078 3960 Vll.
2130 3903 2493 3975 (undamque
2543 3919 2728 3958 novem
2773 3920 2836 3957 ac
2869 3903 3141 3971 sexaginta
3179 3902 3435 3970 Origenes

1898 3994 2205 4047 confecerat
2237 4007 2426 4056 annos,
2460 4008 2580 4044 cum
2623 3992 2804 4046 labore
2829 4000 2886 4044 et
2932 4007 3086 4045 annis
3132 4000 3432 4044 contectum

1901 4083 2216 4150 tempestiva
2249 4095 2393 4134 mors
2417 4079 2548 4150 Tyri
2572 4081 2921 4150 consumpsit,
2938 4095 3078 4132 anno
3100 4092 3215 4151 post
3238 4079 3432 4132 Christi

1899 4183 2074 4226 ortum
2107 4171 2252 4229 254,:
2283 4183 2546 4239 quo.anno
2575 4169 2895 4226 Interamna
2943 4168 3125 4223 Gallus
3172 4177 3226 4222 et
3277 4167 3436 4221 Volu-

1897 4263 2079 4316 sianus
2109 4260 2372 4315 interfecti
2391 4268 2534 4314 sunt.
2560 4259 2692 4313 Cum
2717 4261 2855 4313 enim
2875 4269 3056 4312 natum
3072 4270 3190 4311 eum
3214 4258 3435 4311 demon-

1900 4346 2255 4402 straverimus
2284 4361 2422 4402 anno
2455 4354 2568 4415 post
2604 4346 2873 4400 Christum
2923 4346 3045 4410 l85,
3076 4346 3299 4414 adjectis
3342 4345 3432 4406 69.

1899 4437 2180 4506 quoLvita.
2202 4435 2436 4504 explevit
2473 4451 2665 4500 annos,
2697 4437 2914 4490 omnino
2956 4434 3181 4489 eliicitur
3225 4447 3433 4489 summa

1899 4541 2158 4580 annorum
2192 4527 2318 4582 254.
2349 4526 2602 4590 Quamvis
2627 4533 2803 4580 autem
2836 4526 2905 4578 ita
2936 4527 3216 4594 scripserit
3265 4524 3432 4578 Ense-

221 4622 353 4674 tatis
393 4619 599 4672 critica
627 4631 719 4670 ars
747 4616 1156 4682 intulerit.Quot
1175 4617 1316 4670 enim
1345 4632 1473 4670 sana
1503 4628 1557 4672 et
1585 4619 1790 4688 integra

1901 4619 2012 4672 bius
2042 4617 2150 4688 (45)
2168 4635 2182 4670 :
2199 4618 2444 4669 Δέκιον...
2479 4618 2885 4685 κατασφαγέντα
2906 4617 3096 4680 Γάλλος
3117 4617 3431 4686 διαδέχεται)

222 4719 481 4763 veterum
551 4705 753 4773 scripta
807 4705 1064 4772 pervertit
1112 4705 1424 4757 criticorum
1496 4706 1793 4773 temeritas,

223 4799 349 4852 dum
375 4795 654 4866 quidquid
675 4797 852 4849 minus
878 4807 1055 4849 mente
1075 4796 1434 4865 perciperent,
1465 4795 1516 4847 id
1551 4796 1620 4849 ad
1647 4796 1793 4849 arbi-

231 4889 402 4940 trium
461 4900 628 4938 suum
678 4883 968 4952 relingendi
1024 4883 1292 4937 licentiam
1342 4881 1440 4934 sibi
1501 4881 1793 4936 fecerunt?

222 4975 368 5040 Quot
403 4972 686 5027 volumina
728 4972 840 5026 suis
891 4978 998 5024 tota
1030 4972 1376 5025 detraxerunt
1415 4971 1787 5040 scriptoribus,

221 5065 431 5120 alienis
487 5061 894 5118 attribuerunt?
941 5060 1169 5114 Diﬂ'eror
1221 5060 1324 5123 ira,
1371 5061 1792 5129 quotiescunque

222 5155 363 5209 viles
397 5155 474 5207 de
535 5152 690 5219 plebe
744 5150 1212 5218 grammaticorum
1249 5150 1575 5202 litteratores
1632 5151 1789 5205 bonis

225 5244 561 5300 auctoribus
589 5240 815 5294 inscitiae
849 5255 957 5294 sua
981 5243 1127 5293 virus
1165 5248 1472 5307 spargentes
1503 5240 1690 5303 video;
1734 5250 1789 5294 et

224 5335 278 5388 si
300 5334 534 5404 quando
559 5345 700 5386 nova
727 5343 852 5390 vox,
893 5339 948 5382 et
970 5328 1359 5397 lexicographis
1380 5328 1648 5394 incognita
1672 5345 1792 5384 sese

224 5423 340 5488 dot,
368 5438 499 5477 eam
530 5421 741 5485 absque
769 5421 1106 5472 cunetatione
1133 5421 1288 5474 obelov
1321 5433 1415 5472 suo
1439 5416 1748 5484 jugulantes
1773 5461 1788 5487 ,

225 5522 282 5565 et
304 5509 564 5568 obtrusis
591 5508 706 5561 suis
744 5507 1065 5575 conjecturis
1101 5521 1193 5575 per
1225 5521 1482 5562 summam
1508 5507 1788 5562 audaciam

298 5669 678 5744 (41,)_E_useb_.,
879 5667 1024 5744 ειίιςζη
1052 5665 1141 5718 lib.
1172 5682 1238 5730 Vl,
1269 5665 1497 5744 cqp.§9.

299 5732 438 5805 ΗΞ)
468 5737 673 5791 Euseb.
711 5735 861 5805 ibid,
926 5735 1018 5788 lib.
1053 5748 1138 5798 νυ.
1166 5750 1280 5804 cap.
1314 5732 1362 5788 li.
1396 5732 1613 5793 Hieron.
1664 5737 1786 5796 Cat.

231 5802 329 5865 ria".
363 5809 574 5863 illnslr.
631 5817 754 5868 cap.
785 5802 867 5856 bi.

1907 4708 2180 4782 Ὠριγένης
2210 4710 2266 4760 ὲν
2292 4707 2462 4778 τούτῳ
2489 4707 2900 4776 ὲνὸςδέοντατῆς
2917 4707 3058 4777 ζωῆς
3077 4707 3434 4779 ἐϐδομήκοντα

1896 4800 2212 4869 ἀποπλήσας
2243 4798 2357 4868 ἐτη,
2385 4798 2624 4868 τελευτᾷ,
2651 4813 2754 4852 non
2781 4798 2846 4851 iis
2872 4798 3090 4866 pracise
3119 4797 3436 4865 signiﬁcavit

1900 4889 2001 4944 hoc
2056 4890 2172 4958 ipso
2207 4899 2442 4956 tempore
2497 4888 2698 4942 obiisse
2753 4887 3056 4956 Origenem,
3092 4900 3196 4952 quo
3241 4884 3428 4938 Gallus

1900 4981 2168 5034 exstincto
2200 4980 2359 5033 Decio
2385 4978 2667 5042 successit,
2709 4978 2849 5048 quod
2884 4974 3119 5030 nonnulli
3148 4989 3429 5042 perperam

1899 5070 2098 5138 Opinati
2125 5078 2286 5132 sunt;
2317 5069 2410 5122 sed
2436 5069 2712 5135 imperium
2742 5075 2953 5120 tenente
2974 5063 3146 5126 Gallo,
3173 5062 3279 5114 fato
3317 5065 3435 5115 fun-

1894 5169 2034 5214 ctum
2063 5158 2345 5226 Origenem
2361 5159 2552 5217 fuisse.
2577 5159 2688 5229 (44)
2708 5158 2911 5212 Scribit
2928 5154 3144 5208 l’hotius
3167 5154 3288 5205 cod.
3312 5154 3430 5217 ll8,

1900 5262 2120 5300 narrare
2149 5247 2522 5319 Pamphilum,
2555 5249 2791 5320 aliosque
2829 5244 3147 5312 complures,
3183 5240 3437 5308 Origenis

1900 5337 2061 5389 vitam
2093 5345 2264 5392 etres
2296 5347 2472 5404 gestas
2503 5352 2566 5390 ex
2614 5338 2676 5390 iis
2703 5315 2835 5405 ipsis
2861 5334 2953 5402 qui
2984 5329 3250 5384 hominem
3287 5315 3460 5383 vide;

1901 5433 2020 5478 rant
2051 5434 2434 5492 perscrutatos,
2464 5424 2516 5478 in
2536 5425 2760 5478 Deciana
2779 5433 2953 5489 strage
2979 5417 3233 5484 martyrio
3261 5416 3440 5482 ipsum

1904 5513 2066 5567 vitam
2101 5514 2354 5571 lluivisse.
2402 5515 2456 5570 ld
2503 5515 2698 5569 refellit
2722 5514 2973 5574 Photius,
3009 5507 3142 5562 Galli
3171 5516 3225 5560 et
3272 5503 3446 5560 Volu-

1979 5675 2086 5745 (45)
2125 5678 2338 5741 Enseh.,
2381 5679 2518 5735 Hist.
2544 5683 2697 5742 εισι,
2715 5681 2804 5734 lib.
2837 5695 2930 5738 vtt,
2956 5675 3154 5745 cap._l.

1967 5739 2294 5814 (MXScribit
2323 5739 2538 5801 Photius
2559 5739 2718 5802 ευάξί
2737 5751 2818 5810 l8,
2842 5739 3057 5814 narrare
3086 5739 3465 5814 Ρηηιριιίζζεηιι

1899 5809 2004 5869 etc.
2041 5809 2226 5870 Mirum
2256 5825 2404 5874 certe
2436 5821 2642 5876 videtur
2672 5809 2812 5879 quod
2843 5813 3004 5870 refert
3035 5811 3276 5865 l’ltntius.
3315 5809 3470 5863 Cum
