3846 6442
238 407 357 471 ’105

1121 414 1677 484 ORIGENIANORUM
1715 417 1842 480 LIB.
1881 419 1944 487 ll,
1988 418 2138 478 CAP.
2177 423 2244 490 Π,
2285 425 2556 491 ΟυὶΕὸΤ.
2594 429 2637 484 l.

3347 423 3466 484 1706

258 529 319 586 te
342 523 476 614 :plll.
496 523 578 614 ‘de
603 524 835 614 (itu-isto
861 573 878 598 ,
932 537 1158 614 ejusque
1190 541 1550 614 incarnatione
1576 548 1628 614 et
1651 535 1924 614 οἰκονομίᾳ
1954 550 1968 587 :
2001 534 2090 591 IV.
2123 535 2190 614 de
2223 537 2285 614 Il.
2313 537 2474 614 Maria
2506 539 2726 614 Virgine
2757 557 2771 614 :_
2809 539 2871 594 ν.
2900 539 2966 614 de
2992 539 3195 614 angolis
3217 541 3389 614 bouis
3413 553 3467 596 et

265 597 422 679 natalis
453 614 468 650 :
496 594 586 650 \‘I.
616 599 683 653 de
709 594 898 659 anima
927 594 1090 679 {vui
1118 611 1183 664 de
1212 610 1377 663 libero
1433 608 1655 679 arbitrio
1675 644 1692 668 ,
1737 594 1908 679 gratia
1964 615 2017 658 et
2044 604 2502 679 praedestinatione
2530 594 2712 679 :jlill.
2739 611 2807 663 de
2830 594 2990 666 astris
3022 627 3036 664 :
3064 594 3163 665 ΪΧ.
3195 611 3262 664 de
3288 594 3467 670 resurQ

265 672 1031 748 reetioneutortuoruner.
1059 678 1124 748 de
1157 689 1421 748 postremo
1460 676 1659 748 judicio
1693 691 1708 726 :
1741 672 1830 748 XI.
1864 674 1929 725 de
1960 674 2132 748 pmnis
2176 683 2229 725 et
2264 675 2492 748 pr_:_c_t_n_iis
2521 693 2533 727 :
2564 677 2676 748 XII.
2715 679 2780 731 de
2810 679 3013 748 mundo
3035 718 3050 742 ,
3082 679 3329 748 paradiso
3358 689 3468 732 ter-

264 739 432 791 restri
489 746 543 792 et
588 739 844 817 Adamn;
878 742 1022 799 XIII.
1067 747 1132 800 de
1157 739 1770 817 'allegoricaVScriptura:
1800 741 2238 808 interpretatione
2267 739 2282 794 ξ
2311 741 2445 796 XIV.
2476 745 2887 810 quarstiunculas
2920 739 3121 816 aliquot
3169 747 3320 816 quasi
3373 762 3468 816 per

253 817 508 861 saturam
540 809 942 875 centplectitur.

754 1061 1080 1128 QUIESTIO
1129 1061 1353 1118 PRIMA.

739 1171 757 1204 ο
941 1169 1007 1206 ΒΕ
1055 1168 1175 1208 ιεο.

252 1244 297 1297 1.
336 1244 550 1298 Utrum
601 1245 1054 1309 circumscriptam
1099 1261 1208 1297 esse
1244 1244 1335 1297 Dei
1365 1244 1649 1312 potentiam
1685 1241 1828 1312 Ada-

321 1315 580 1368 mantius
603 1313 812 1367 dixerit.
837 1313 901 1366 Il.
927 1309 1374 1378 Quemadmodum
1407 1313 1504 1378 ipsi
1529 1329 1560 1363 a
1587 1309 1828 1363 Patribas

323 1383 666 1450 quibusdam
712 1381 974 1450 objicitur.
1005 1381 1090 1434 111.
1129 1379 1226 1435 Cui
1265 1391 1312 1435 et
1361 1379 1592 1433 nonnulli
1635 1381 1829 1450 assensi

324 1440 484 1503 sunt.
540 1449 633 1503 IV.
668 1440 1054 1503 Em'academia
1095 1451 1315 1503 manavit
1348 1449 1526 1501 isthwc
1563 1449 1823 1500 doctrina.

327 1518 396 1572 V.
441 1518 646 1572 Utrum
681 1533 984 1584 corporeum
1019 1533 1126 1571 esse
1164 1518 1321 1571 Deum
1352 1527 1495 1569 ratas
1525 1518 1610 1568 sit.
1632 1515 1727 1584 AVI.
1752 1518 1826 1566 Ab

321 1589 603 1641 haereseos
635 1582 793 1655 hujus
811 1587 1103 1655 suspicione
1124 1587 1455 1655 vindicatur.
1475 1584 1582 1638 VII.
1613 1582 1826 1652 Objecta

321 1659 648 1710 diluuntur.
689 1653 817 1708 VIII.
844 1653 1049 1720 Multos
1087 1656 1168 1707 hic
1196 1671 1340 1708 error
1370 1653 1571 1722 infecit.

324 1768 372 1821 Ι.
405 1767 660 1820 Primum
694 1765 798 1818 hoe
820 1765 1035 1820 nomine
1057 1765 1270 1833 vapulat
1293 1763 1664 1826 Adamantius,
1688 1763 1826 1831 quod

249 1859 479 1912 ﬁnitam
511 1871 640 1911 esse
670 1869 736 1910 ae
765 1855 1011 1912 terminis
1035 1854 1498 1919 circumscriptam
1525 1853 1614 1906 Dei
1644 1867 1828 1922 poten-

250 1950 391 2001 tiam
438 1945 776 2009 crediderit,
808 1955 991 2013 totque
1029 1959 1149 1999 eum
1190 1958 1508 2012 procreasse
1541 1960 1650 2009 res,
1699 1955 1828 2012 quot

251 2037 632 2092 Providentia
659 2048 759 2090 sua
787 2038 1063 2091 continere
1084 2044 1140 2089 et
1163 2035 1544 2090 administrare
1577 2043 1782 2103 poterat
1810 2053 1825 2101 ;

249 2138 475 2181 tantam
525 2141 654 2182 eum
715 2125 908 2181 fecisse
961 2126 1257 2187 materiam.
1314 2135 1568 2193 quantam
1619 2127 1828 2182 valebat

245 2233 491 2281 ornare,
524 2226 584 2271 et
614 2218 669 2270 in
703 2231 882 2270 rerum
911 2216 1119 2271 formas
1150 2215 1416 2280 dividere;
1465 2226 1668 2271 tantum
1711 2219 1825 2286 ipse

236 2308 537 2378 potuisse,
560 2321 824 2376 quantum
845 2306 896 2362 ei
929 2306 994 2359 ad
1020 2307 1278 2373 agendum
1304 2309 1524 2361 materia
1557 2309 1826 2362 ministra-

1853 1064 1899 1118 Α
1993 1056 2080 1111 III.
2137 1057 2344 1112 Vanum
2397 1071 2528 1125 ergo
2583 1055 2797 1126 Origeni
2851 1061 3204 1124 patrocinium
3263 1061 3466 1129 prabet

1929 1149 2201 1205 Halloxius
2224 1149 2318 1203 lib.
2370 1164 2423 1202 tv
2486 1149 2696 1218 θήρεια.
2725 1149 2947 1214 defens.,
2977 1162 3166 1218 quasst.
3199 1152 3252 1218 6,
3280 1152 3333 1206 id
3361 1153 3464 1208 sibi

1926 1239 2061 1294 velle
2088 1239 2371 1308 Origenem
2404 1239 2720 1308 praedicans,
2763 1258 2782 1291 ε
2814 1249 3003 1293 cuncta
3044 1241 3153 1294 Deo
3179 1255 3299 1298 esse
3337 1243 3467 1300 sub-

1919 1329 2082 1399 jecta,
2111 1338 2166 1384 et
2214 1329 2330 1397 ejus
2364 1327 2772 1397 omnipOtentize
2815 1329 2865 1382 in
2915 1329 3149 1384 creando
3197 1332 3463 1400 aequalem

1925 1433 2048 1475 esse
2105 1418 2423 1486 sapientiam
2475 1417 2526 1470 in
2572 1417 2938 1484 gubernando,
2983 1418 3058 1472 ita
3099 1429 3156 1471 ut
3194 1434 3466 1488 nunquam

1926 1514 2044 1568 ﬁeri
2071 1513 2261 1580 possit,
2291 1521 2349 1565 ut
2379 1520 2455 1564 tot
2481 1519 2738 1578 tantaque
2765 1519 2933 1574 creet,
2961 1512 3090 1579 quin
3129 1521 3206 1564 tot
3227 1522 3284 1566 et
3314 1521 3467 1568 tanta

1927 1603 2228 1668 gubernare
2257 1600 2457 1669 possit;
2505 1607 2564 1652 ut
2595 1599 2851 1665 sapientia
2893 1601 3260 1664 gubernatoris
3299 1602 3468 1669 tequi-

1925 1699 2145 1758 paretur
2165 1691 2414 1759 potentiae
2446 1689 2769 1744 Conditoris.
2811 1706 2828 1738 r
2857 1687 3010 1754 Quod
3027 1688 3073 1741 si
3109 1689 3295 1742 eadem
3323 1705 3468 1757 qua-

1923 1787 2104 1840 stione
2145 1785 2526 1854 cespitantium
2574 1798 2830 1838 numerus
2865 1783 3040 1838 facere
3071 1784 3271 1854 aliquid
3297 1793 3468 1853 potest

1925 1890 2022 1944 pro
2053 1890 2210 1930 causa
2247 1875 2514 1944 Origenis,
2549 1875 2797 1928 dabunus
2837 1875 3055 1929 Petrum
3105 1876 3464 1939 Abaelardum,

1927 1964 2192 2017 hominem
2226 1965 2445 2032 inquieti
2492 1963 2712 2030 ingenii,
2757 1972 2811 2015 et
2857 1977 3114 2016 novarum
3155 1964 3470 2031 opinionum

1915 2053 2170 2113 studiosi,
2221 2053 2308 2120 qui
2356 2051 2454 2105 lib.
2505 2065 2564 2105 ut
2617 2049 2906 2105 Iatroduct.
2956 2051 3196 2119 theolog.,
3243 2066 3365 2120 cap.
3410 2052 3466 2115 5,

1926 2142 1998 2195 ita
2048 2142 2338 2210 disputat:
2389 2141 2698 2206 «Quantum
2750 2141 2912 2208 igitur
2961 2141 3192 2204 aestimo,
3237 2155 3357 2196 cum
3414 2141 3467 2194 id

1928 2238 2127 2284 tantum
2160 2229 2299 2284 Deus
2331 2230 2508 2284 facere
2543 2230 2732 2300 possit,
2778 2231 2923 2298 quod
2952 2245 3076 2286 eum
3123 2231 3305 2286 facere
3333 2239 3467 2286 cen-

1927 2321 2106 2386 venit,
2158 2335 2256 2376 nec
2305 2337 2424 2376 eum
2471 2323 2762 2391 quidquam
2803 2322 2981 2376 facere
3021 2324 3288 2385 convenit,
3325 2324 3464 2391 quod

245 2398 362 2460 rit;
407 2411 516 2450 nec
548 2395 605 2449 in
631 2396 904 2448 inﬁnitum
951 2394 1322 2462 proferendam
1366 2395 1479 2462 ejus
1509 2397 1822 2464 potentiam,

1927 2412 2105 2466 facere
2133 2412 2544 2480 praetermittat,
2577 2383 2820 2480 profecto
2848 2413 2903 2466 id
2945 2412 3115 2467 solum
3159 2383 3283 2466 eum
3305 2383 3472 2480 posse

246 2487 444 2541 laudis
471 2487 738 2550 obtentu;
768 2499 836 2540 ne
866 2485 1098 2552 seipsam
1131 2486 1324 2553 quippe
1350 2500 1378 2537 a
1401 2500 1460 2539 se
1503 2485 1823 2540 intellectum

247 2579 359 2644 iri,
385 2576 499 2631 nisi
527 2577 886 2630 determinata
916 2575 1088 2639 foret,
1123 2575 1388 2628 infinitum
1420 2574 1560 2626 enim
1584 2589 1827 2642 compre-

250 2668 430 2722 hendi
471 2681 583 2720 non
611 2679 788 2735 posse.
819 2665 1253 2731 Quotiescunque
1283 2663 1440 2732 igitur
1470 2664 1631 2717 [leum
1654 2665 1826 2717 omni-

247 2766 551 2828 potentem
601 2757 862 2826 Origenes
897 2754 1112 2819 dixerit,
1162 2767 1248 2807 rcs
1283 2768 1469 2808 omnes
1506 2770 1626 2823 qua:
1655 2757 1723 2809 ab
1763 2771 1826 2809 eo

251 2858 474 2904 creatis
501 2855 634 2902 sunt
660 2847 714 2901 in
748 2846 864 2914 ejus
891 2860 1010 2900 esse
1043 2853 1343 2914 potestate;
1393 2859 1495 2897 non
1535 2859 1664 2899 vero
1702 2845 1824 2898 inli-

250 2943 442 2995 ultum
483 2953 672 2993 rerum
717 2950 1000 2990 numerum
1029 2935 1098 2989 ab
1122 2949 1185 2988 eo
1210 2935 1402 2998 creari,
1431 2946 1485 2989 et
1522 2935 1586 2988 ad
1619 2935 1824 2989 libitum

245 3032 370 3100 regi
402 3042 580 3100 posse
625 3025 982 3088 intellexerit;
1028 3025 1129 3078 hoc
1158 3032 1260 3089 est,
1291 3039 1408 3078 esse
1442 3025 1656 3093 quidem
1701 3038 1824 3078 eum

249 3117 709 3187 mmxpd'wpa,
759 3125 813 3168 at
855 3112 1254 3183 παντοδύναμον
1301 3129 1405 3167 non
1455 3128 1591 3168 esse.
1649 3115 1828 3182 Atque

253 3208 376 3260 haec
408 3220 551 3258 sane
599 3204 868 3258 sententia
895 3217 962 3254 ex
991 3201 1076 3254 his
1118 3200 1232 3269 ejus
1265 3201 1444 3255 verbis
1485 3201 1618 3255 satis
1647 3210 1822 3256 exstat

254 3297 353 3351 lib.
409 3311 428 3350 I
487 3293 567 3348 οε
615 3294 864 3362 princip.,
891 3307 1010 3360 cap.
1039 3291 1097 3355 2,
1121 3307 1270 3346 num.
1317 3291 1384 3346 10
1413 3312 1426 3348 :
1452 3311 1472 3343 ι
1501 3292 1640 3346 Deus
1665 3291 1823 3346 Pater

238 3385 616 3452 omnipotens
644 3391 749 3447 est,
771 3395 837 3435 eo
857 3381 996 3450 quod
1036 3389 1366 3449 potentatum
1388 3380 1628 3434 omnium
1658 3389 1820 3444 tenet,

255 3476 308 3529 id
339 3483 436 3529 est
462 3473 596 3528 caeli
629 3481 689 3526 et
739 3482 923 3536 terrae,
972 3471 1102 3525 solis
1144 3479 1198 3525 et
1234 3470 1394 3536 lente,
1424 3480 1480 3526 et
1519 3471 1821 3539 stellarum,

255 3567 625 3632 omniumque
655 3577 774 3630 qua:
813 3561 866 3616 in
896 3563 1024 3630 ipsis
1047 3569 1193 3615 sunt.
1221 3579 1241 3613 ι

1927 2502 2106 2556 facere
2149 2503 2403 2566 arbitror,
2451 2503 2594 2570 quod
2643 2504 2959 2572 quandoque
3005 2504 3169 2557 facit:
3201 2504 3321 2557 licet
3355 2505 3470 2558 hac

1925 2602 2107 2645 nostra
2138 2590 2320 2659 opinio
2342 2607 2541 2660 paucos
2571 2600 2663 2644 aut
2687 2591 2857 2646 nullos
2878 2593 3070 2647 habeat
3091 2604 3471 2658 assentatores,

1929 2692 1982 2737 et
2005 2683 2290 2751 plurimum
2317 2681 2476 2736 dictis
2496 2690 2827 2745 sanctorum,
2848 2683 3298 2752 etaliquantulum
3321 2699 3358 2738 'a
3377 2700 3467 2738 ra-

1911 2772 2069 2826 tione
2094 2771 2380 2825 dissentire
2414 2772 2682 2824 videatur.
2712 2789 2731 2822 ι
2768 2771 3022 2826 Dabimus
3057 2782 3112 2826 et
3135 2772 3458 2827 Guilelmum

1923 2861 2306 2926 Parisiensem,
2353 2861 2444 2930 qui
2489 2860 2668 2930 plures
2703 2876 2731 2913 a
2769 2861 2876 2915 Deo
2926 2863 3150 2916 mundos
3195 2863 3463 2930 procreari

1927 2965 2080 3020 posse
2113 2951 2358 3019 negabat.

1994 3037 2079 3095 iV.
2107 3039 2370 3094 Videntur
2390 3053 2454 3092 ea
2479 3037 2722 3107 profecto
2750 3051 2782 3092 e
2807 3037 3005 3091 veteris
3031 3037 3322 3092 academia:
3344 3047 3464 3096 orta

1925 3131 2156 3185 decretis
2183 3148 2198 3185 :
2227 3130 2409 3184 docuit
2432 3130 2574 3184 enim
2603 3129 2790 3192 Plato,
2833 3141 2988 3195 quem
3029 3126 3141 3181 fere
3174 3135 3466 3182 assectatur

1925 3221 2294 3284 Adamantius,
2349 3219 2510 3272 Deum
2567 3231 2688 3272 esse
2740 3218 2914 3286 ipsum
2963 3217 3206 3270 animum
3256 3218 3469 3282 mundi,

1923 3310 2100 3365 omnia
2138 3324 2257 3378 quae
2291 3309 2344 3362 in
2384 3307 2586 3361 mundo
2611 3315 2741 3360 sunt
2781 3314 3250 3374 procurantem'et
3294 3306 3466 3359 admi-

1914 3401 2260 3456 nistrantem.
2286 3397 2472 3452 Cicero
2515 3413 2530 3450 ι
2566 3394 2811 3448 Academ.
2833 3403 3014 3461 mst.
3037 3408 3057 3447 :
3095 3409 3115 3444 ο
3140 3393 3329 3448 Partes
3369 3405 3465 3450 att-

1916 3499 2030 3544 -tem
2059 3502 2176 3544 esse
2204 3487 2385 3541 mundi
2407 3485 2640 3557 '(pntant
2683 3481 2999 3553 academici)
3039 3483 3219 3537 omnia
3241 3497 3362 3552 quae
3386 3485 3468 3540 iu-

1925 3580 2032 3634 sint
2063 3579 2114 3634 in
2145 3592 2230 3643 eo,
2261 3591 2382 3646 qua:
2405 3584 2591 3629 natura
2626 3573 2890 3654 sentiente
2932 3581 3230 3656 teneantur.
3273 3574 3324 3630 iu
3359 3589 3470 3643 qua

329 3657 400 3711 Π·
439 3654 637 3722 "aque
668 3653 841 3743 δοογθί
871 3651 1289 3743 οτξωθηλοβὶίείξ
1327 3649 1657 3743 Theophilus
1692 3651 1823 3743 Ah?
1851 3686 1893 3743 ο
1926 3671 2062 3724 ratio
2096 3668 2327 3739 perfecta
2378 3668 2526 3728 insit,
2578 3681 2696 3734 quae
2739 3664 2808 3718 sit
2857 3650 3042 3718 eadem
3071 3649 3415 3732 sempiterna
3448 3681 3469 3720 :

257 3746 572 3802 xandrinus
608 3745 661 3796 in
709 3742 880 3812 prima
929 3739 1176 3794 Poscenti
1205 3739 1463 3810 epistola;
1506 3741 1588 3795 cui
1632 3739 1822 3794 testifi-

259 3837 442 3890 cando
469 3835 744 3888 disertum
773 3830 976 3900 profert
1004 3844 1034 3884 e
1058 3829 1233 3899 primo
1281 3828 1354 3882 De
1390 3830 1659 3897 principiis
1691 3830 1826 3884 libro

259 3927 638 3996 fragmentum
666 3923 1002 3978 Justinianus
1027 3921 1317 3988 imperator
1341 3919 1405 3974 ad
1429 3921 1632 3974 calcem
1664 3921 1822 3990 epist.

257 4019 327 4071 ad
358 4017 513 4072 Men.
579 4014 726 4082 quod
789 4015 842 4067 in
910 4009 1100 4063 Latina
1154 4007 1331 4062 Ruﬁni
1379 4007 1826 4076 interpretatione

257 4109 404 4163 libro
437 4121 482 4169 I,
518 4119 643 4172 cap.
679 4102 736 4162 2,
771 4116 920 4157 num.
968 4099 1057 4163 10,
1101 4113 1207 4152 non
1249 4111 1436 4164 parum
1479 4097 1824 4150 deformatum

259 4198 564 4268 reperitur.
623 4194 889 4246 Praeterea
926 4191 1125 4244 ideirco
1172 4187 1424 4242 mundum
1461 4188 1569 4240 Deo
1597 4195 1825 4240 coaeter-

261 4305 392 4343 nqu
425 4284 734 4342 credidisse
768 4281 915 4335 illum
967 4279 1131 4333 refert
1174 4277 1469 4331 Methodius
1501 4275 1638 4343 apud
1686 4275 1827 4329 Pho-

260 4384 401 4437 tium
432 4379 632 4434 codice
659 4374 786 4438 255,
804 4373 943 4442 quod
977 4383 1190 4438 semper
1220 4368 1379 4422 fuerit
1413 4366 1822 4437 παντοκράτωρ,

263 4481 496 4534 minime
539 4485 720 4529 autem
765 4469 1172 4541 παντοκράτορα
1207 4481 1327 4522 esse
1362 4481 1517 4534 posse
1555 4464 1680 4518 ἄνευ
1716 4463 1827 4516 τῶν

261 4565 682 4642 κρατουμένων.
729 4561 879 4617 Unde
930 4559 1173 4627 sequitur
1222 4558 1637 4624 omnipotentem
1681 4569 1821 4618 esse,

265 4675 374 4712 non
405 4654 558 4726 quod
589 4651 770 4706 omnia
811 4651 974 4718 possit
1015 4647 1244 4713 edicere,
1274 4645 1370 4700 sed
1393 4647 1530 4715 quod
1564 4647 1614 4698 in
1645 4644 1821 4700 omnia

266 4763 388 4815 quae
422 4753 558 4800 sunt
585 4749 905 4810 potestatem
939 4737 1149 4791 habeat.
1178 4735 1403 4790 Ruﬁnus
1430 4734 1744 4788 Palaestinas
1768 4732 1820 4786 in

267 4837 454 4890 libello
502 4833 579 4886 De
619 4831 746 4899 ﬁde,
784 4843 942 4897 quem
985 4827 1152 4882 edidit
1191 4824 1504 4880 Sirmondus
1537 4838 1554 4876 :
1593 4844 1611 4876 ι
1643 4825 1821 4894 Impie,

268 4924 474 4993 inquit,
518 4921 786 4988 Origenes
811 4932 875 4972 ac
905 4915 1110 4970 nefarie
1130 4915 1273 4968 i‘atus
1303 4921 1403 4975 est,
1420 4913 1509 4981 qui
1543 4913 1623 4967 sic
1651 4915 1820 4967 dixit:

1927 3759 2054 3812 nihil
2081 3759 2222 3813 enim
2248 3757 2512 3810 valentius
2539 3771 2657 3808 esse
2687 3769 2716 3808 a
2744 3769 2850 3824 quo
2875 3755 3131 3820 intereat.
3159 3753 3329 3820 Quam
3355 3755 3468 3809 vim

1926 3846 2159 3900 animum
2181 3859 2300 3898 esse
2326 3843 2510 3896 dicunt
2539 3842 2742 3908 mundi,
2782 3844 3130 3912 eamdemque
3159 3857 3279 3898 esse
3315 3857 3465 3897 men-

1925 3948 2058 4000 tem,
2093 3936 2518 4004 sapientiamque
2555 3933 2866 4001 perfectam,
2898 3949 3056 4000 quam
3085 3933 3250 3986 Deum
3277 3932 3468 4001 appel-

1921 4028 2059 4090 lant,
2077 4026 2419 4092 omniumque
2449 4037 2626 4077 rerum
2659 4037 2776 4090 quae
2798 4030 2922 4076 sunt
2949 4022 2997 4082 ei
3031 4022 3283 4088 subjecta:
3313 4021 3465 4088 quasi

1924 4115 2260 4184 prudentiam
2291 4113 2598 4182 quamdam,
2625 4122 3000 4180 procurantem
3028 4108 3266 4162 coelestia
3291 4106 3458 4171 maxi-

1925 4222 2030 4268 me,
2066 4207 2256 4261 deinde
2289 4207 2340 4258 in
2377 4206 2536 4258 terris
2560 4219 2621 4258 ea
2663 4218 2780 4272 qum
2803 4204 3068 4270 pertinent
3099 4203 3166 4255 ad
3193 4201 3461 4263 homines,

1923 4309 2082 4364 quam
2120 4294 2388 4349 interdum
2418 4292 2782 4345 necessitatem
2835 4289 3136 4357 appellant,
3176 4288 3302 4354 quia
3327 4287 3462 4340 nihil

1925 4386 2078 4438 aliter
2114 4399 2232 4438 esse
2264 4381 2453 4453 possit,
2496 4390 2655 4450 atque
2696 4381 2761 4434 ab
2807 4377 2870 4432 eti
2919 4378 3264 4446 constitutum
3311 4376 3402 4430 sit.
3435 4394 3460 4427 ν

1923 4474 2083 4540 Atqui
2124 4472 2198 4526 rei
2231 4469 2646 4538 uniuscujusth
2675 4469 2886 4522 animus
2917 4467 3041 4522 huic
3067 4467 3364 4521 animandte
3397 4474 3453 4521 et
3512 4502 3515 4505 -

1920 4562 2166 4631 regenda:
2212 4576 2328 4630 par,
2373 4561 2482 4613 vim
2513 4573 2667 4614 suam
2711 4559 2782 4612 ad
2821 4558 2972 4626 plura
3018 4557 3301 4611 animanda
3355 4571 3466 4611 non

1921 4662 2096 4720 potest
2125 4665 2380 4716 exerere;
2412 4650 2551 4702 intra
2580 4648 2656 4701 rei
2689 4647 2829 4701 enim
2860 4646 2959 4701 sibi
2985 4645 3234 4713 subjectae
3271 4645 3457 4700 termi-

1924 4758 2020 4796 nos
2055 4745 2166 4796 haac
2190 4742 2358 4808 ipsius
2384 4741 2462 4792 vis
2485 4739 2783 4793 cohibetur.
2826 4737 3050 4792 Animus
3090 4752 3218 4805 ergo
3251 4733 3457 4798 mundi,

1916 4834 2008 4899 equi
2032 4831 2179 4897 juxta
2206 4830 2482 4882 Platonem
2507 4829 2643 4882 Deus
2677 4828 2789 4895 ipse
2816 4836 2917 4891 est,
2947 4836 3270 4895 potestatem
3306 4840 3459 4878 suam

1925 4923 1991 4974 ad
2022 4921 2162 4972 aliud
2201 4918 2540 4972 animandum
2576 4925 2727 4969 extra
2769 4917 3023 4968 mundum
3075 4915 3318 4981 proferre
3354 4927 3459 4964 non

270 4991 386 5068 Non
422 5010 614 5068 omnia
649 5024 765 5078 qua:
792 5007 956 5063 voluit
1005 5006 1144 5059 Deus
1192 5003 1318 5058 fecit
1340 5043 1355 5068 ,
1393 5002 1483 5056 sed
1513 5017 1574 5055 ea
1623 5013 1822 5057 tantum
1858 4991 1900 5045 θ
1929 5018 2135 5077 potest;
2165 5007 2324 5077 igitur
2351 5021 2420 5059 ne
2445 5006 2512 5058 ad
2535 5005 2822 5059 creandum
2863 5004 3098 5071 quidem.
3129 5002 3462 5071 Quapropter

273 5119 392 5173 quae
416 5101 599 5172 potuit
637 5099 914 5154 continere
961 5106 1017 5152 et
1046 5093 1515 5162 comprehendere.
1559 5092 1664 5158 Qui
1703 5109 1821 5148 cum

275 5197 376 5250 hoc
418 5193 583 5256 dixit,
633 5189 834 5243 ademit
873 5187 1098 5241 Domino
1141 5193 1449 5239 cunctorum
1491 5183 1822 5249 potentiam,

276 5283 431 5352 quasi
464 5299 533 5336 ex
557 5290 709 5348 parte
735 5276 954 5334 dimidia
990 5275 1040 5331 ei
1063 5275 1290 5330 faciendi
1319 5282 1552 5342 potestas
1583 5274 1822 5328 daretur.

280 5372 413 5427 Nam
445 5372 491 5427 si
515 5368 861 5432 continendi,
893 5381 956 5420 ac
977 5365 1081 5420 sibi
1115 5379 1234 5434 qua:
1261 5362 1468 5416 faceret
1493 5361 1823 5428 subjugaudi

280 5477 388 5516 non
413 5462 600 5523 habet,
632 5467 694 5511 ut
735 5458 824 5510 ille
851 5457 1112 5520 aestimat,
1147 5452 1476 5513 facultatem,
1509 5464 1580 5503 ne
1603 5452 1824 5504 creandi

283 5553 500 5621 quidem
582 5548 784 5602 scilicet
843 5554 1151 5615 potestatem
1215 5539 1446 5595 habebit.
1517 5538 1657 5594 Nam
1733 5541 1822 5609 qui

280 5643 506 5696 creandi
534 5638 840 5692 facultatem
875 5637 1054 5699 habet,
1078 5642 1129 5687 ct
1162 5629 1472 5700 subiugandi
1495 5630 1606 5685 sibi
1637 5642 1822 5687 creata

287 5733 536 5786 similiter
563 5727 798 5782 habebit.
835 5743 852 5774 ι

1929 5099 2166 5153 Plotinus
2193 5097 2330 5150 Enn.
2371 5095 2432 5160 γ,
2464 5096 2560 5149 Iib.
2589 5111 2640 5157 ν,
2663 5109 2779 5160 cap.
2813 5093 2903 5155 I2,
2930 5093 3062 5146 nihil
3081 5107 3271 5146 creare
3301 5091 3466 5144 Deum

1927 5203 2082 5258 posse
2111 5187 2363 5252 decrevit,
2391 5196 2741 5256 prteterquam
2777 5187 2914 5254 quod
2942 5184 3164 5245 creavit,

1999 5277 2062 5333 ν.
2089 5279 2196 5334 Deo
2217 5292 2415 5346 corpus
2445 5277 2512 5330 ab
2537 5275 2763 5346 Origene
2803 5275 3091 5345 ascriptum
3138 5271 3302 5326 fuisse
3331 5284 3466 5324 nono

1928 5370 2075 5424 nulla
2121 5371 2439 5438 persuadere
2487 5377 2728 5436 possunt.
2787 5367 3019 5420 Primum
3071 5361 3472 5432 argumentatio

1930 5461 2043 5525 illa,
2073 5474 2230 5526 quam
2282 5474 2312 5512 e
2351 5458 2442 5511 lib.
2471 5473 2528 5510 III
2562 5456 2696 5525 Περὶ
2734 5455 2952 5525 ἀρχῶν,
2988 5469 3108 5522 cap.
3142 5455 3195 5517 6,
3226 5463 3378 5502 num.
3411 5449 3471 5514 ι,

1930 5550 2141 5603 adducit
2171 5548 2526 5618 Hieronymus
2553 5547 2707 5615 epist.
2739 5548 2808 5600 59
2847 5549 2913 5600 ad
2947 5546 3110 5607 Avit.,
3136 5557 3255 5610 cap.
3281 5539 3339 5601 '5,
3365 5553 3475 5606 qua

1929 5639 2162 5690 animam
2219 5651 2442 5704 corpore
2502 5638 2791 5696 carituram
2855 5637 3228 5689 demonstrare
3289 5628 3484 5692 studet

1929 5725 2298 5790 Adamantius,
2351 5727 2470 5790 quia
2516 5725 2683 5779 sancti
2717 5724 2828 5780 Deo
2875 5726 3072 5780 similes
3104 5720 3276 5776 futuri
3331 5728 3490 5778 sunt,
