3846 6434
157 346 294 420 {09

1071 363 1628 424 ORIGENIANORUM
1665 365 1793 423 LIB.
1832 365 1898 430 II,
1935 366 2086 422 CAP.
2124 365 2189 431 II,
2222 367 2498 434 QUIEST.
2535 367 2601 424 Il.

3314 365 3417 422 7I0

181 480 258 531 iit
305 477 428 537 qua:
479 463 738 526 Zenonis
776 485 850 530 -et
907 477 1186 549 Chrysippi
1241 489 1530 534 sectatores
1573 479 1776 534 incide-
1805 485 1851 540 Α
1879 477 1998 548 legii
2036 478 2238 532 crimen
2277 479 2538 544 additum,
2588 479 2665 533 ait
2702 477 3097 550 Hieronymus;
3138 492 3234 534 nos
3261 481 3416 535 beni-

212 567 352 615 runt.
385 573 405 606 ι
460 554 575 626 (Ὠ)
629 559 882 628 Denique
926 567 978 618 in
1027 565 1225 620 Catena
1276 568 1659 622 Combelisiana
1707 570 1770 622 ad

209 649 344 706 Gen.
377 663 416 710 t,
441 645 539 710 26,
566 657 622 702 et
649 654 795 717 apud
827 653 1218 709 Theotloretum
1255 669 1446 726 quaest.
1482 657 1550 711 20
1594 658 1644 711 iu
1667 657 1773 712 Ge-

205 741 409 804 nesim,
451 737 770 795 Melitonem
801 759 911 798 non
970 745 1340 812 perfunctorie
1377 747 1627 813 castigat,
1680 748 1774 816 qui

200 834 409 886 librum
447 831 746 900 scripserat
776 835 879 889 hoc
916 845 1248 905 argumento,
1296 837 1461 890 Deum
1503 851 1620 892 esse
1649 853 1772 893 cor-

200 936 464 991 poreum.
503 919 652 975 Sane
680 922 798 992 ipse
829 923 1008 991 Plato,
1057 925 1206 992 cujus
1235 926 1482 998 dogmata
1516 927 1628 982 fere
1659 944 1774 982 am-

198 1014 399 1083 plexus
431 1024 527 1071 est
557 1013 850 1083 Origenes,
883 1032 910 1069 a
943 1018 1053 1072 Deo
1074 1032 1266 1086 corpus
1292 1033 1452 1072 omne
1486 1030 1724 1074 removet
1755 1038 1769 1075 :

198 1114 459 1160 removet
489 1114 549 1160 et
570 1106 916 1162 Aristoteles.

267 1195 388 1251 VII.
444 1194 588 1250 Cum
635 1196 712 1250 ait
752 1195 920 1265 igitur
962 1197 1217 1266 Origenes
1260 1197 1500 1251 animam
1547 1213 1772 1268 corpore

1879 567 2035 636 gnius
2065 566 2403 634 interpretari
2429 582 2728 636 possumus.

1946 655 2077 710 Vlll.
2118 655 2244 722 Quze
2273 671 2392 709 cum
2426 657 2497 710 ita
2529 658 2657 721 sint,
2702 659 2813 712 hate
2845 669 3022 712 tamen
3060 659 3247 712 scribit
3292 658 3415 715 Ori-

1877 759 2037 814 geues
2057 745 2108 800 in
2137 759 2360 815 prooem.
2388 745 2570 799 lihror.
2587 747 2724 814 Περὶ
2746 745 2961 816 ἀρχῶν,
2988 763 3135 801 nttm.
3153 748 3186 802 9
3211 765 3253 801 ει
3278 747 3415 803 Deus

1876 850 2086 905 quoque
2117 835 2231 904 ipse
2257 833 2524 904 quomodo
2553 835 2773 905 intelligi
2808 838 3016 899 debeat,
3040 839 3410 906 inquirendum

1876 935 1978 988 est,
2027 941 2353 996 corporeus,
2419 941 2485 978 att
2553 929 2844 979 secundum
2895 928 3122 995 aliquem
3169 927 3409 982 habitum

1877 1018 2241 1080 deformatus,
2307 1032 2372 1069 an
2435 1015 2657 1068 alterius
2709 1025 2909 1069 natura?
2965 1033 3123 1084 quam
3181 1032 3408 1086 corpora

1877 1118 2020 1171 sunt,
2052 1109 2191 1176 quod
2223 1107 2405 1175 utique
2428 1106 2481 1158 in
2520 1105 2900 1173 praedicatione
2924 1115 3105 1160 nostra
3129 1107 3412 1161 manifeste

1878 1212 1980 1251 non
2015 1199 2347 1266 designatur.
2377 1214 2396 1247 ι
2437 1194 2566 1248 Inde
2592 1203 2674 1248 est
2711 1196 2850 1262 quod
2885 1194 3050 1248 Deum
3081 1196 3408 1264 corporalem

191 1288 536 1346 carituram,
572 1286 702 1354 quia
732 1286 923 1340 similis
954 1285 1131 1340 futura
1170 1297 1251 1341 est
1283 1288 1392 1342 Deo
1426 1288 1516 1356 qui
1548 1303 1772 1359 corpore

190 1383 379 1434 caret,
416 1373 474 1427 id
500 1374 608 1427 sibi
630 1373 766 1435 vult,
798 1373 963 1427 Deum
994 1383 1050 1428 et
1073 1374 1303 1428 animam
1326 1390 1554 1444 corpore
1585 1391 1772 1432 carere

187 1463 525 1535 ὁμωνύμως
556 1463 816 1532 quidem,
863 1463 956 1518 sed
996 1479 1098 1517 non
1141 1465 1326 1519 eodem
1370 1467 1562 1531 modo;
1607 1467 1769 1521 Deum

188 1556 402 1624 quippe
447 1553 779 1623 simpliciter
809 1561 864 1608 et
909 1553 1151 1608 absolute
1202 1569 1321 1609 esse
1357 1554 1766 1626 incorporeum;

189 1644 315 1713 (7‘5)
350 1643 608 1697 animam
647 1655 778 1696 vero
818 1641 1142 1696 crassiorum
1195 1644 1454 1697 duntaxat
1486 1659 1768 1714 corporum
1876 1644 1979 1699 Sed
2015 1655 2065 1700 et
2096 1645 2380 1700 invisibilia
2413 1645 2502 1698 illa
2529 1659 2860 1714 quaecunque
2881 1652 3022 1705 sunt,
3048 1643 3249 1697 habent
3272 1643 3408 1712 apud

185 1734 443 1786 ratione.
477 1731 643 1799 Quod
676 1740 859 1784 autem
898 1730 1158 1800 objiciunt
1201 1731 1525 1801 Theophilus
1561 1745 1614 1789 et
1645 1735 1770 1792 Hie-
1877 1732 2037 1786 Deum
2067 1742 2122 1786 et
2159 1747 2313 1785 suum
2343 1747 2538 1797 corpus
2560 1771 2575 1796 ,
2609 1742 2662 1786 e‘t
2688 1747 2838 1786 suam
2873 1732 3120 1795 formam,
3159 1746 3255 1800 per
3291 1746 3412 1799 qua:

185 1836 473 1893 ronymus
507 1821 684 1875 Deum
720 1820 879 1874 unius
901 1829 954 1874 et
984 1821 1219 1889 ejusdem
1248 1823 1556 1878 substantiae
1594 1841 1658 1881 ac
1688 1843 1773 1882 res
1805 1824 1842 1876 Β
1872 1822 1967 1875 soli
1997 1822 2128 1876 -Deo
2183 1821 2414 1875 visibilia
2462 1831 2586 1875 sunt
2614 1839 2629 1887 ;
2690 1828 2889 1890 quanto
2935 1822 3103 1888 magis
3155 1821 3294 1889 quod
3344 1835 3411 1874 ex

187 1913 418 1967 ratione
440 1911 709 1981 praeditas
725 1912 1104 1964 Adamantium
1131 1912 1394 1980 posuisse,
1419 1915 1534 1982 pari
1559 1930 1770 1985 respou-
1879 1912 2046 1980 ipsius
2073 1912 2375 1966 substantia
2408 1912 2628 1965 missum
2673 1919 2775 1974 est,
2812 1910 2927 1964 sine
2959 1911 3261 1965 substantia
3306 1923 3409 1964 non

182 2004 352 2058 sione
389 2000 750 2065 dissolvitur;
783 2000 835 2052 in
870 2015 934 2054 eo
960 2000 1078 2054 illas
1105 2001 1396 2055 convenire
1419 2003 1767 2069 substantias,
1875 2002 2015 2056 erit?
2043 2021 2061 2052 ι
2105 2003 2231 2066 Qua:
2254 2001 2495 2069 quamvis
2522 1999 2805 2054 manifesta
2845 1998 2971 2064 sint,
3009 2000 3060 2054 in
3088 1999 3410 2054 contrariam

184 2093 340 2164 quod
375 2093 496 2146 sint
525 2090 716 2160 νοεραὶ
756 2098 811 2143 et
847 2087 1079 2156 λογικαὶ,
1105 2102 1224 2142 cum
1263 2089 1578 2144 immensum
1614 2102 1771 2146 caete-
1876 2102 2052 2146 tamen
2090 2094 2406 2146 sententiam
2453 2091 2668 2145 ﬂectere
2712 2101 2978 2145 conantur
3021 2089 3258 2158 quidam,
3317 2105 3412 2160 per

184 2181 396 2251 roquin
435 2179 718 2233 diII'eruut.
752 2176 958 2230 Firmat
993 2175 1130 2228 hanc
1173 2178 1575 2246 responsionem
1619 2179 1768 2234 locus
1875 2197 2066 2249 corpus
2111 2181 2462 2235 substantiam
2509 2181 2729 2251 intelligi
2774 2182 3032 2234 volentes.
3093 2181 3254 2246 Quasi
3285 2194 3411 2234 vero

186 2269 316 2334 ipse
359 2265 629 2334 Origeuis
679 2278 840 2332 quem
886 2261 1042 2316 affert
1086 2261 1438 2333 Hieronymus
1481 2280 1548 2319 ex
1581 2265 1672 2321 lib.
1714 2283 1768 2321 tv
1873 2280 1976 2324 tam
2006 2270 2180 2324 Latini
2211 2271 2475 2324 sermonis
2516 2272 2794 2339 imperitus
2819 2269 3000 2335 fuerit,
3032 2277 3087 2323 et
3126 2268 3412 2324 vocabulo-

183 2354 338 2422 Περὶ
389 2350 626 2423 ἀρχῶν.
685 2367 834 2406 num.
892 2351 981 2405 56.
1037 2349 1530 2417 ιιιιιθηεειιιίιιειη,
1574 2354 1765 2422 inquit,

1896 2375 1988 2414 um
2023 2361 2174 2430 inops
2195 2359 2582 2424 Tertullianus,
2634 2370 2691 2414 ut
2726 2376 2836 2416 rem
2881 2374 2978 2428 per
3021 2373 3077 2412 se
3113 2368 3409 2417 exstantem

186 2443 707 2509 rationabilemque
733 2454 978 2495 naturam
1017 2441 1188 2496 sentit
1226 2441 1364 2496 Deus
1387 2481 1402 2506 .
1437 2453 1490 2496 el
1527 2443 1769 2511 unigeni-
1871 2459 2058 2504 notare
2086 2449 2294 2516 volens,
2323 2465 2426 2505 non
2454 2451 2610 2504 aliter
2641 2449 2909 2519 appellare
2935 2448 3204 2518 potuerit,
3250 2465 3409 2518 quam

185 2545 277 2590 ωε
296 2533 486 2588 Filius
519 2534 660 2599 eius,
687 2541 743 2586 ει
774 2530 1007 2600 δρίτίιυε
1025 2543 1278 2596 Sanetus;
1313 2533 1550 2586 sentiunt
1573 2533 1766 2601 angeli,
1873 2552 2087 2608 corpus.
2111 2538 2256 2592 Idem
2283 2541 2348 2594 de
2393 2540 2502 2594 Deo
2527 2551 2814 2594 senserunt
2847 2542 3178 2608 Valentinus,
3224 2541 3410 2596 Seleu-

185 2637 240 2682 et
276 2632 635 2698 potestates,
671 2632 992 2690 catterznque
1034 2622 1301 2686 virtutes;
1348 2621 1510 2675 sentit
1548 2621 1772 2674 interior
1874 2642 1966 2682 cus
1996 2637 2049 2682 et
2077 2627 2319 2683 Hermias
2364 2629 2592 2695 Galate,
2636 2630 2858 2694 Audius,
2911 2641 2966 2684 et
3017 2632 3134 2701 ejus
3189 2632 3412 2687 assecla:

189 2718 394 2780 homo,
429 2715 528 2783 qui
565 2713 633 2766 ad
671 2711 960 2779 imaginem
988 2717 1043 2764 et
1074 2709 1475 2764 similitudinem
1508 2711 1598 2764 Dei
1640 2725 1772 2765 con-
1872 2718 2100 2772 Audiani
2159 2719 2334 2789 (quos
2393 2720 2482 2774 alii
2534 2720 2760 2774 subinde
2815 2720 3084 2776 Vadianos
3130 2738 3408 2792 perperam

184 2807 353 2861 titus
397 2814 510 2860 est.
559 2803 640 2856 Ex
671 2816 780 2870 quo
809 2798 1148 2854 concluditur
1182 2799 1344 2851 Deum
1383 2808 1436 2851 et
1475 2800 1590 2853 haec
1638 2813 1770 2868 quo-

1896 2807 2245 2880 tppellarunt)
2295 2818 2350 2864 et
2395 2810 2640 2881 Egyptii
2701 2811 3295 2880 anthropomorphitas,
3344 2815 3410 2866 de

188 2895 506 2952 dammodo
548 2894 714 2947 unius
760 2907 881 2946 esse
928 2887 1712 2954 substantiae.Quodammodo,
1743 2909 1762 2942 ι
1871 2899 2066 2967 quibus
2098 2899 2236 2953 intra
2269 2900 2614 2955 disseremus,

189 2987 241 3041 id
280 2993 404 3053 est,
439 2983 630 3054 aliqua
659 2995 724 3035 ex
753 2989 940 3052 parte;
969 2982 1108 3049 quod
1127 2978 1192 3033 ad
1216 2979 1568 3048 ell‘ugiendum
1597 2981 1769 3034 sacri-
2403 3007 2409 3013 -

1875 1302 1994 1341 esse
2029 1287 2226 1356 absque
2247 1285 2578 1340 dubitatione
2608 1284 2844 1362 decrevit
2874 1283 3254 1350 Tertullianus,
3289 1301 3410 1338 cum

1875 1376 2019 1438 alibi,
2053 1387 2160 1429 tum
2203 1377 2403 1430 advers.
2439 1373 2723 1440 Praxeam,
2775 1389 2895 1444 cap.
2944 1374 2998 1428 7.
3051 1375 3222 1440 «Quis
3269 1375 3408 1429 enim

1875 1466 2108 1534 negabit,
2169 1465 2362 1533 inquit,
2404 1465 2568 1519 Deum
2617 1479 2810 1532 corpus
2848 1477 2985 1526 esse,
3033 1464 3132 1519 etsi
3195 1465 3412 1532 spiritus

1873 1555 1996 1608 est?
2023 1555 2240 1622 spiritus
2273 1555 2412 1609 enim
2441 1569 2635 1624 corpus
2671 1556 2750 1608 sui
2779 1553 2988 1622 generis
3017 1554 3068 1607 iu
3101 1569 3193 1607 sua
3220 1553 3408 1622 elligie.

1799 3126 1843 3184 C
1944 3132 2287 3195 cogntttonem
2358 3128 2642 3195 cognitione
2671 3125 3182 3195 gPatris,,Spiritus
3241 3130 3409 3182 sancli

1947 3188 2625 3314 cognitionemcogititione
2666 3188 2796 3248 Filii
2851 3188 3148 3259 inferiorem
3197 3197 3407 3260 dixerit,

1945 3259 1993 3332 X_
2049 3297 2065 3314 .
2088 3262 2222 3331 quod
2246 3263 2529 3332 aliquando
2555 3264 2756 3316 videtur
2783 3279 3011 3332 negasse.
3051 3261 3188 3316 XXI.
3223 3263 3405 3318 Utrum

1945 3328 2142 3384 Filium
2162 3340 2206 3399 et
2226 3328 2476 3399 Spiritum
2497 3342 2729 3384 sanctum
2743 3328 3122 3399 existimaverit
3138 3348 3245 3386 esse
3266 3350 3410 3387 crea-

1945 3409 2047 3470 tos,
2084 3398 2246 3454 XXII.
2267 3397 2326 3451 ut
2355 3399 2500 3466 rttlgo
2521 3399 2705 3467 fertur.
2739 3397 3209 3470 XXIIILPlurima:
3243 3403 3409 3470 culpa

1944 3468 2065 3521 huic
2094 3470 2352 3538 elevaudte
2390 3467 2985 3538 propattuntur._XXIV.
3042 3468 3282 3538 Aperitur
3317 3467 3407 3538 ge-

1945 3538 2104 3589 nuina
2138 3535 2372 3603 Origenis
2399 3541 2671 3606 sententia.
2692 3535 2858 3592 XXV.
2888 3535 3070 3590 Patres
3090 3535 3299 3606 aliquo}
3319 3535 3407 3592 as-

1941 3606 2209 3658 seutientes
2233 3602 2402 3660 habet.
2427 3602 2611 3658 XXVI.
2638 3603 2750 3668 Quo
2781 3622 2929 3657 sensu
2964 3605 3151 3658 dixerit
3179 3602 3307 3658 duos
3329 3624 3406 3660 se-

1945 3674 2186 3742 raphinos
2218 3671 2397 3742 (Isaia:
2423 3690 2545 3742 cap.
2562 3689 2634 3734 νι,
2661 3689 2790 3742 vers.
2815 3673 2868 3741 ‘2)
2901 3689 3008 3726 esse
3035 3673 3324 3738 Christum,
3359 3685 3407 3727 et

1944 3741 2199 3806 Spiritum
2224 3754 2475 3812 sanctum.
2509 3741 2715 3795 XXVII.
2749 3741 2970 3812 Crimini
2994 3743 3405 3812 daturOrigeni,

1942 3813 2076 3879 quod
2106 3811 2296 3879 dixerit
2327 3809 2540 3879 Patrem
2575 3814 2722 3862 rebus
2770 3811 3041 3873 universis,
3083 3809 3286 3863 Filium
3321 3827 3408 3864 ra-

1944 3877 2082 3930 tione
2108 3877 2670 3946 pra'ditisLSpiritum
2717 3888 2952 3932 sanctum
2996 3880 3188 3946 sangtis
3212 3883 3400 3946 dunta-

1939 3957 2028 4014 aiat
2050 3961 2267 4012 prwesse
2288 3961 2307 3999 :
2325 3945 2551 4000 XXVIII.
2581 3951 2668 3998 sed
2681 3946 2992 4014 defenditur.
3020 3944 3206 4000 XXIX.
3221 3945 3408 4014 Utrum

1943 4012 2136 4065 Filium
2178 4031 2277 4066 non
2316 4015 2569 4066 orandum
2609 4030 2718 4067 esse
2747 4012 3184 4079 'pronuntiaverit.
3234 4013 3404 4068 XXX.

1940 4079 2122 4134 Utrum
2145 4081 2352 4148 ﬁnxerit
2381 4081 2477 4133 sibi
2500 4079 2749 4147 Spiritum
2774 4092 3006 4134 sanctum
3031 4099 3188 4150 genus
3219 4082 3407 4134 huma-

1935 4165 2055 4202 num
2087 4151 2334 4202 redimere
2358 4165 2457 4202 non
2486 4151 2734 4216 potuisse.

1937 4239 1976 4291 I.
2021 4237 2096 4291 Ex
2133 4238 2198 4292 iis
2236 4238 2509 4307 religionis
2539 4237 2854 4292 Christiana:
2892 4239 3152 4308 dogmatis
3191 4254 3308 4308 qua:
3337 4241 3405 4294 ab

1854 4327 2094 4394 .Origene
2124 4337 2352 4383 tractata
2398 4337 2809 4393 sunt;tractata
2862 4339 2988 4384 sunt
3045 4339 3222 4384 autem
3271 4345 3404 4399 pene

1792 4446 1836 4500 Β
1866 4419 2110 4474 universa
2136 4437 2151 4486 ;
2185 4419 2384 4474 nullum
2415 4433 2565 4488 asque
2597 4422 2912 4475 commentis
2941 4430 2992 4476 et
3012 4421 3402 4492 opiuatlonibus

1866 4507 2197 4562 deformasse
2226 4509 2338 4564 suis
2368 4505 2604 4562 creditus
2634 4519 2688 4564 et
2716 4509 2892 4565 dictus
2924 4521 3028 4575 est,
3054 4527 3116 4566 ac
3141 4512 3265 4566 illud
3297 4527 3404 4580 quo

1863 4608 2220 4652 sacrosancta:
2248 4598 2526 4653 Trinitatis
2560 4602 2870 4670 mysterium
2907 4603 3230 4658 continetur.
3267 4602 3400 4656 Natu

1864 4699 1917 4743 et
1940 4689 2059 4744 Filii
2097 4691 2450 4745 substantiam
2499 4691 2643 4747 visus
2676 4701 2757 4748 est
2807 4709 2837 4748 a
2882 4697 3178 4752 substantia
3227 4696 3402 4752 Patris

1866 4794 2190 4847 secernere;
2240 4791 2297 4836 et
2354 4781 2548 4836 Filium
2593 4782 2788 4850 Patre,
2845 4784 3100 4853 Spiritum
3159 4798 3399 4843 sanctum

1869 4866 2009 4922 Filio
2047 4868 2352 4924 inferiorem
2383 4883 2613 4938 ponere,
2646 4871 2774 4925 adeo
2801 4880 2857 4924 ut
2880 4871 3038 4927 Pater
3061 4891 3091 4930 a
3114 4876 3271 4942 Filio,
3311 4875 3399 4929 Fi-

709 3138 1182 3206 QUIESTIO
1227 3137 1288 3192 II.

606 3223 674 3264 DE
711 3223 1051 3264 SANCTISSIIA
1081 3223 1392 3264 TBINITATE.

182 3297 228 3353 Ι.
296 3299 374 3352 In
419 3299 623 3352 multos
679 3301 820 3367 circa
857 3297 917 3352 S.
947 3296 1217 3351 Trinitatis
1241 3299 1536 3367 mysterium
1576 3315 1770 3356 errores

250 3368 533 3421 incidisse
575 3367 748 3434 fertur
790 3366 1069 3435 Origenes,
1114 3366 1330 3435 quorum
1365 3369 1774 3434 gravissimi'no-

251 3448 483 3490 lantur.
505 3433 716 3489 ΙΙζΗοο
739 3433 942 3488 nomine
965 3433 1176 3502 Patrum
1201 3433 1478 3488 multorum
1503 3439 1771 3502 reprelien-

249 3506 447 3560 as‘ones
472 3515 722 3571 expertus
754 3513 848 3556 est.
873 3503 955 3556 III.
995 3501 1180 3555 Utrum
1204 3503 1262 3556 S.
1299 3501 1563 3572 Trinitatis
1596 3521 1770 3572 perso-

251 3589 376 3626 nas
412 3570 718 3625 substantia
751 3572 1234 3640 diﬂerreopinatus
1266 3572 1354 3640 sit.
1385 3570 1472 3640 IV.
1504 3570 1770 3628 Nonnulla

252 3645 337 3694 in
373 3643 489 3711 ejus
534 3638 903 3711 defensionem
927 3639 1238 3711 afferuntur.
1293 3638 1619 3711 VLAAEruitur
1651 3658 1768 3710 ger-

252 3705 437 3766 maria
465 3705 638 3778 ipsius
683 3705 1079 3778 sententia.”\'l.
1113 3705 1294 3759 Utrum
1312 3705 1622 3778 Filinmper
1643 3705 1764 3774 pro-

252 3773 548 3847 lationem
575 3778 804 3847 genitum
841 3792 956 3847 esse
999 3777 1276 3829 arbitratus
1312 3773 1408 3847 iii.
1449 3773 1554 3847 VII.
1581 3773 1766 3847 Utrum

251 3847 482 3902 Filium
513 3841 684 3898 Patre
704 3885 720 3905 ,
755 3843 1012 3910 Spiritum
1037 3852 1268 3912 sanetum
1303 3841 1442 3896 Filio
1471 3845 1767 3912 inferiorem

248 3933 387 3972 esse
425 3917 647 3976 dixerit,
672 3912 804 3967 VIII.
848 3915 921 3965 ita
952 3923 1006 3966 ut
1046 3911 1282 3979 jactatur
1325 3928 1355 3963 a
1379 3912 1633 3979 plurimis.
1673 3913 1762 3968 IX.

251 3985 574 4053 Utriusque
624 3983 928 4053 dignitatem
972 3981 1183 4053 videtur
1211 3995 1573 4053 nonnunquan
1613 3983 1763 4053 tueri.

248 4053 347 4110 Ἀ.
384 4046 614 4107 Patrum
641 4046 924 4102 multorum
967 4049 1215 4116 suffragio
1244 4046 1452 4116 gaudet.
1500 4046 1585 4100 XI.
1615 4049 1767 4103 Recte

249 4140 397 4177 eum
438 4122 504 4174 de
540 4119 676 4172 Filii
710 4129 756 4172 et
793 4117 1019 4185 Spiritus
1064 4116 1228 4185 sancti
1253 4116 1514 4185 dignitate
1545 4119 1761 4172 sensisse

251 4191 471 4246 Patres
496 4187 740 4242 nonnulli
780 4182 1053 4239 testantur.
1098 4184 1210 4238 XII.
1246 4182 1524 4236 Platonicis
1563 4187 1760 4239 deliriis

249 4261 632 4315 arthodoxam
658 4254 949 4308 doctrinam
975 4252 1253 4306 oblimavit.
1282 4250 1414 4305 XIII.
1448 4250 1627 4305 Utrum
1656 4253 1757 4305 Pa-

251 4342 268 4382 t
303 4344 409 4381 rem
454 4325 770 4395 primarium
792 4338 985 4395 ferum
1020 4319 1366 4395 Conditorem,
1411 4319 1606 4395 ilium
1620 4337 1757 4395 ’φρίσ

249 4388 660 4451 secundarium
690 4402 739 4445 et
783 4389 958 4443 Patris
979 4389 1272 4444 ministrum
1302 4390 1592 4442 crediderit.
1620 4388 1757 4442 XIV.

262 4463 649 4520 Vetustiorum
689 4460 886 4520 aliquot
914 4457 1133 4512 Patrum
1165 4471 1412 4510 consensu
1443 4458 1756 4513 sublevatur.

261 4532 395 4587 XV.
429 4530 552 4595 Quo
588 4545 741 4581 sensu
768 4525 967 4580 Filium
1007 4525 1193 4580 dixerit
1237 4541 1339 4577 non
1384 4542 1490 4578 esse
1527 4528 1758 4595 absolute

262 4593 497 4661 bonum,
532 4597 670 4650 XVI.
706 4605 756 4649 et
780 4612 883 4649 non
905 4612 1013 4649 esse
1040 4595 1268 4648 absolute
1296 4595 1574 4646 veritatem.
1596 4593 1756 4651 XVII.

261 4669 471 4724 Utrum
501 4682 653 4734 a'qua
693 4667 760 4717 sit
805 4664 1083 4734 multarum
1121 4663 1454 4734 criminatio,
1489 4661 1759 4734 Origenem

261 4740 476 4792 dixisse
505 4729 833 4803 querentium
871 4731 1078 4785 Patrem
1102 4749 1132 4784 a
1154 4729 1544 4803 lt'ilig_,_Filiunt
1578 4729 1609 4782 a
1637 4729 1757 4803 Spi-

263 4809 385 4860 ritu
407 4797 596 4858 sancto
621 4802 785 4854 videri
827 4816 930 4854 non
987 4815 1164 4864 posse,
1202 4797 1378 4851 XVIII.
1401 4814 1555 4864 quam
1610 4801 1674 4850 ab
1699 4816 1758 4852 eo

262 4873 538 4943 depellere
601 4877 824 4924 conatur
884 4867 1124 4937 Rufinus.
1182 4864 1320 4922 XIX.
1378 4864 1566 4919 Utrum
1629 4865 1758 4920 Filii

265 5058 390 5136 (zz).
415 5053 680 5136 Origene
694 5042 1760 5136 “‘1?_‘°'E-_'P°.“_‘fi*if’di!l2?:II:@623?

269 5058 390 5129 (Ἠ)
415 5053 680 5136 οτίεθηίδ
694 5049 1182 5128 νίάειοιιιοηοβιτω
1195 5047 1411 5101 εάίιίοη·
1444 5047 1639 5122 Πνικιετ
1665 5047 1760 5099 25.
1863 5047 2190 5130 omninoque
2222 5047 2511 5116 spiritalem
2540 5048 2783 5118 agnoscit
2806 5047 2953 5116 juxta
2983 5062 3048 5102 ac
3074 5049 3398 5132 Platonicos,

269 5127 396 5196 (75)
439 5125 694 5196 Animam
739 5133 857 5196 vero
902 5131 1209 5196 crassiorem
1253 5114 1756 5196 duntazatrattone.
1863 5117 2082 5170 uttnl'ra
2115 5117 2786 5196 ostendemushqutestlti,
2839 5133 2983 5171 nunt.
3015 5117 3067 5170 5.
3101 5119 3247 5196 ‘thc.
3266 5135 3396 5196 cou-

1863 5127 1923 5170 ut
1947 5116 2082 5170 infra
2107 5116 2483 5186 ostendemus,
2507 5116 2701 5186 quaest.
2731 5117 2786 5181 6,
2839 5133 2983 5171 nunt.
3015 5117 3067 5170 5.
3101 5119 3234 5173 Hinc
3266 5135 3396 5172 cou-

192 5181 417 5263 Corptis
444 5193 666 5263 quidem
693 5189 884 5263 anima;
916 5181 1556 5263 caeterisqtte_substantiis
1590 5181 1760 5234 ratio-

197 5249 485 5317 ttahilibus
550 5258 735 5311 tribuit
791 5253 1048 5322 Origenes
1104 5249 1252 5322 quasi
1305 5249 1610 5322 vehiculum
1663 5263 1755 5303 seu

197 5315 620 5390 indutiientutu,
685 5334 865 5393 utpote
887 5315 1019 5393 'qttae
1042 5315 1206 5393 nulla:
1238 5315 1612 5393 corttprehendi
1649 5331 1754 5370 non

195 5401 444 5467 possint,
479 5411 581 5449 uec
606 5385 718 5446 ullo
745 5385 940 5467 degere
965 5389 1156 5467 inloco
1185 5387 1308 5453 quin
1343 5385 1608 5467 indigeant
1627 5399 1746 5467 cor:

196 5455 340 5534 pore
399 5455 472 5520 a'd
529 5472 782 5534 naturam
831 5455 932 5512 loci
988 5456 1128 5509 illius
1177 5456 1570 5534 accommodato
1603 5469 1615 5503 :
1649 5455 1742 5505 sed

196 5520 332 5588 itou—
365 5536 504 5588 inde
559 5531 800 5597 sequitur
858 5533 1102 5597 naturam
1173 5523 1362 5575 animae
1413 5520 1742 5597 aliarumque

198 5601 621 5659 rationabiliutu
638 5589 1015 5650 creaturarum
1051 5593 1102 5645 itt
1132 5604 1348 5668 corpore
1370 5589 1738 5668 'quatntumvis

195 5673 394 5727 subtili
447 5668 714 5739 posuisse,
758 5677 910 5731 quam
966 5675 998 5714 e
1052 5661 1316 5713 contrario
1369 5661 1734 5722 incorporeum

1860 5200 2088 5254 sequens
2120 5194 2220 5248 est,
2254 5184 2426 5254 sicubi
2457 5184 2652 5239 diierit
2676 5185 3113 5254 Origenes,quod
3145 5189 3399 5254 objiciunt

1862 5253 2188 5323 Theophilus
2231 5263 2285 5307 et
2315 5253 2684 5323 Hieronymus,
2709 5253 2872 5308 Deum
2901 5255 3059 5308 unius
3087 5267 3141 5308 et
3160 5253 3396 5322 ejusdem

1859 5322 2249 5388 quodammodo
2271 5337 2388 5382 esse
2416 5322 2723 5377 substantia:
2757 5339 2820 5375 ac
2846 5338 2928 5375 res
2965 5323 3171 5377 ratione
3205 5323 3393 5391 praedi-

1857 5399 1958 5456 tas,
1990 5392 2042 5443 in
2067 5406 2130 5444 eo
2159 5391 2274 5444 illas
2322 5391 2607 5444 convenire
2638 5393 2964 5445 substantias
2992 5402 3256 5458 quatenus
3281 5391 3392 5444 sint

1848 5458 2234 5513 iutellectuales
2307 5473 2559 5527 mereque
2607 5459 2894 5527 spiritales,
2943 5473 3064 5527 non
3115 5469 3385 5526 quatenus

1845 5541 2112 5599 corporea
2135 5566 2171 5599 ,_
2193 5538 2248 5581 ιιι
2279 5538 2422 5599 recte
2449 5526 2698 5582 observat
2722 5526 3076 5599 clarissimus
3126 5527 3392 5599 lluetiug,

1843 5595 2084 5664 qttatnvis
2107 5597 2336 5667 alioquin
2365 5597 2672 5653 immensum
2703 5595 2960 5650 differant.
