3846 6454
143 499 257 558 ’Ἀθ

1101 496 1662 552 ORIGENIANORUM
1701 496 1829 550 LIB.
1869 497 1934 559 il,
1976 496 2124 550 CAP.
2165 497 2227 559 li,
2266 495 2532 562 QUAZST.
2571 477 2664 552 11..

3331 497 3433 552 περ

167 618 272 683 τὴν
295 586 696 684 ,πρῗπέτειαν
740 602 1104 663 ὑποτίθεσθαι
1150 613 1238 664 τὸν
1286 615 1504 684 ἠιτῆρα
1540 609 1672 666 εἶναι
1717 601 1806 665 τὸν

1922 613 2192 682 ignorasse
2217 612 2506 676 Christum,
2547 625 2804 683 quatenus
2827 616 2994 683 ipsam
3026 613 3284 678 Ecciesia,
3315 629 3435 683 qua:

181 677 297 756 είς..
368 677 513 732 πᾶσι
553 680 728 741 Θεὸν.
783 694 936 749 Ἀλλ’
979 699 1090 751 οὔτι
1141 716 1201 767 γε
1252 677 1710 770 ἡμεῖς-’τοιοῦτοι
1755 704 1804 754 οἱ

187 773 540 845 πειθόμενοι
589 777 750 850 αὐτῷ
790 784 1028 852 λέγοντι·
1073 809 1091 838 ι
1112 789 1172 840 '0
1196 790 1378 860 Πατὴρ
1414 793 1442 844 ὁ
1472 791 1687 861 πέμψας
1717 806 1803 861 με,

215 869 435 946 μίζων
475 865 583 938 μού
616 870 794 925 ἐστιν.
825 891 850 927 ι
892 877 988 930 His
1019 879 1280 946 vulgatam
1314 896 1378 932 ex
1398 881 1686 933 Athanasio
1721 895 1805 934 re-

235 961 593 1032 sponsionem
637 964 868 1029 suhjicit
913 967 1240 1022 litescltelius
1277 987 1291 1021 :
1341 971 1416 1021 Οὑ
1451 969 1664 1038 μεγέθει
1702 972 1808 1023 τινὶ

236 1055 366 1107 οὑδὲ
419 1054 633 1124 χρόνῳ,
685 1054 823 1107 ἀλλὰ
869 1056 960 1110 διὰ
1003 1057 1100 1125 τὴν
1146 1056 1203 1119 ἐξ
1256 1057 1414 1109 αὑτοῦ
1453 1058 1548 1110 τοῦ
1597 1059 1806 1128 Πατρὸς

232 1145 526 1212 γέννησιν.
561 1161 578 1193 ι
618 1143 732 1197 Non
765 1147 1134 1212 magnitudine
1157 1145 1356 1212 aliqua,
1395 1161 1491 1200 nec
1539 1155 1796 1214 tempore,

234 1234 333 1286 sed
365 1245 608 1302 propter
648 1236 1046 1299 generationem
1075 1250 1141 1288 ex
1171 1237 1284 1302 ipso
1313 1236 1507 1296 Patre;
1544 1253 1562 1287 ι
1591 1246 1642 1288 et
1671 1238 1806 1290 alte-

227 1337 349 1374 ram
387 1321 582 1375 hanc:
626 1323 716 1384 Ὦς
755 1322 886 1385 Θεὸς
924 1322 1058 1375 Θεοῦ
1095 1322 1212 1392 οὑχ,
1248 1324 1322 1386 ὡς
1366 1324 1552 1394 Πατὴρ
1593 1325 1649 1376 δὲ
1679 1324 1807 1375 Υἰοῦ

223 1409 799 1480 ὲνανΘρωπήσαντος.
841 1430 858 1461 ι
884 1409 999 1463 Non
1033 1421 1088 1463 ut
1117 1412 1252 1464 Deus
1281 1413 1405 1474 Deo,
1442 1416 1532 1465 sed
1565 1422 1623 1464 ut
1655 1411 1810 1464 Pater

223 1499 395 1565 Filio,
442 1500 548 1566 qui
582 1501 871 1552 humanam
906 1500 1138 1568 suscepit
1181 1509 1444 1554 naturam.
1478 1519 1497 1550 ι
1532 1499 1598 1552 At
1637 1515 1720 1557 ea.
1755 1509 1813 1553 ut

221 1602 366 1641 vere
420 1588 646 1651 dicam,
696 1604 887 1656 parum
935 1589 999 1641 ad
1039 1605 1173 1642 rem.
1204 1589 1552 1641 Aﬂirmahant
1595 1591 1807 1654 quidam

219 1677 538 1732 Christum
573 1692 704 1731 esse
733 1679 1103 1732 universorum
1157 1679 1341 1743 Deum,
1393 1680 1551 1747 idque
1591 1695 1714 1733 vere
1759 1690 1813 1733 et

218 1767 584 1822 orthodoxe.
616 1767 860 1821 Pertinet
914 1768 1038 1821 illud
1091 1782 1217 1822 sane
1253 1769 1316 1822 ad
1355 1769 1585 1821 divinam
1616 1769 1811 1822 Christi

218 1866 531 1919 naturam,
569 1871 678 1910 non
705 1857 770 1908 ad
804 1857 1112 1911 humanam.
1141 1856 1306 1926 Negat
1334 1872 1364 1910 e
1401 1858 1666 1910 contrario
1693 1858 1812 1912 Ori-

1907 714 2101 767 corpus
2131 700 2328 753 Christi
2353 712 2454 764 est,
2485 704 2710 770 ignorat.
2746 704 2859 758 Huc
2892 704 3183 756 addendam
3215 713 3433 771 censeat

1905 790 2096 856 aliquis
2135 790 2342 858 longam
2387 791 2792 858 disputationem
2838 808 2900 846 ex
2945 795 3095 847 initio
3125 796 3250 848 tomi
3284 811 3345 858 tt,
3375 796 3428 845 in

1905 877 2088 940 Joan.,
2115 895 2259 931 num.
2295 878 2402 931 ﬂet
2426 894 2564 944 seq.,
2603 880 2654 930 in
2694 896 2794 946 qua
2819 896 2998 934 vocem
3039 881 3170 945 Θεός
3211 882 3435 935 articulo

1907 981 2002 1020 suo
2031 966 2365 1032 coniunctam
2399 968 2674 1036 distinguit
2705 966 2960 1036 Origenes
2986 985 3014 1020 a
3038 985 3166 1023 voce
3191 968 3321 1032 Θεός
3345 983 3438 1022 eo—

1908 1054 2025 1108 dem
2069 1055 2295 1108 articulo
2339 1055 2612 1116 destituta,
2645 1065 2804 1122 atque
2854 1057 2990 1109 hanc
3023 1058 3240 1124 deputat
3276 1057 3433 1119 Filio,

1909 1144 2049 1197 illam
2079 1144 2220 1197 Patri
2255 1162 2268 1196 :
2307 1145 2445 1198 unde
2469 1146 2670 1212 Opinati
2696 1153 2816 1196 sunt
2836 1147 3049 1213 quidam
3080 1147 3234 1199 aliam
3257 1149 3431 1215 ipsum

1909 1233 2168 1288 Deitatem
2233 1219 2542 1300 ascripsisse
2572 1233 2737 1294 Patri,
2769 1248 2834 1286 ac
2859 1236 3318 1302 praestantiorem;
3356 1237 3439 1289 in-

1911 1323 2158 1374 feriorem
2216 1337 2342 1376 vero
2384 1321 2540 1374 Filio.
2595 1321 2929 1390 Quapropter
2971 1337 3030 1374 ea
3060 1322 3434 1378 Genebrardus

1911 1411 1976 1464 ab
2006 1411 2216 1462 Arianis
2249 1421 2425 1463 assuta
2467 1413 2628 1465 fuisse
2672 1413 2942 1465 censebat.
2982 1413 3050 1464 At
3098 1427 3216 1466 cum
3247 1429 3307 1466 ea
3362 1425 3438 1465 ta-

1911 1515 2034 1557 men
2060 1501 2242 1553 dextre
2288 1502 2452 1568 accipi
2478 1515 2633 1569 posse
2680 1513 2950 1570 agnoscat,
2991 1511 3044 1554 et
3077 1516 3170 1554 nos
3231 1516 3440 1570 quoque

1914 1590 1965 1642 in
2007 1588 2460 1643 Observatianibus
2488 1591 2900 1644 demonstraturi
2956 1591 3144 1651 simus.
3191 1605 3288 1644 cur
3325 1590 3442 1645 loco

1911 1679 2034 1733 huic
2083 1680 2200 1733 falsi
2247 1694 2574 1747 apponamus
2618 1689 2818 1740 notam,
2863 1695 3023 1732 causa
3061 1680 3200 1732 nulla
3236 1688 3338 1733 est.
3374 1680 3444 1732 At

1914 1769 2190 1822 manifeste
2223 1779 2460 1822 sanctum
2501 1769 2752 1836 Spiritum
2799 1770 2999 1822 honore
3044 1781 3137 1821 Suo
3172 1783 3236 1820 ac
3274 1768 3444 1836 digni-

1917 1865 2022 1909 tate
2049 1857 2297 1912 fraudare
2329 1867 2554 1912 conatur
2588 1858 2840 1925 Origenes
2868 1868 2992 1909 tom.
3041 1872 3134 1910 xm
3171 1858 3222 1908 in
3253 1855 3438 1914 Joan..

217 1961 406 2016 genes
450 1946 813 2000 Servatorem
867 1961 986 2000 esse
1021 1949 1388 2000 universorum
1418 1948 1578 2000 Deum
1606 1986 1621 2010 ,
1670 1947 1810 2014 quod

1917 1962 2059 1998 num.
2112 1947 2201 2008 23,
2256 1947 2339 2000 his
2389 1948 2595 2000 verbis:
2643 1947 2754 2015 (92)
2805 1945 2944 2015 Πρὸς
2999 1947 3086 1997 τὸν
3127 1945 3441 2015 βουλόμενον

217 2035 365 2090 inde
407 2037 618 2102 probat
643 2036 772 2103 quia
803 2035 959 2087 Patre
986 2036 1158 2088 minor
1194 2037 1283 2096 sit,
1310 2037 1398 2103 qui
1429 2046 1510 2088 est
1537 2036 1813 2088 universo-

219 2139 357 2179 rum
422 2125 602 2178 Deus.
663 2123 869 2176 Divinas
909 2138 1038 2190 ergo
1085 2123 1287 2176 Christi
1338 2131 1537 2176 natura:
1583 2123 1817 2176 detrahit

219 2229 569 2283 Supremam
620 2213 767 2265 i!|am
815 2211 1041 2282 Θεότητα
1083 2227 1239 2278 supra
1297 2227 1380 2265 res
1418 2212 1712 2274 universas,
1763 2221 1817 2266 et

218 2304 389 2359 Patri
430 2306 649 2358 addicit
680 2321 696 2369 ;
722 2304 1053 2372 proindeqne
1086 2302 1299 2372 μεγέθει
1331 2304 1460 2366 τινί,
1488 2311 1541 2357 et
1573 2315 1628 2356 ut
1652 2304 1814 2357 Deum

221 2394 372 2460 Deo,
408 2395 738 2448 inferiorem
771 2394 925 2446 Patre
956 2393 1146 2446 Filium
1177 2394 1382 2454 statuit,
1414 2408 1515 2446 non
1548 2402 1606 2445 ut
1645 2394 1815 2446 homi-

219 2499 358 2538 nem
405 2484 552 2537 Deo.
585 2483 846 2536 Leontius
881 2483 1205 2552 Byzantinus
1229 2481 1563 2536 Scholiorunt
1608 2483 1814 2535 actione

223 2574 324 2634 10,
364 2573 443 2625 ad
471 2572 914 2626 convincendum
945 2572 1147 2624 erroris
1192 2569 1349 2634 hujus
1380 2569 1666 2638 Origenem
1717 2571 1813 2621 ista

221 2663 477 2716 adducit
510 2662 682 2714 verba
711 2675 779 2714 ex
806 2661 1034 2728 quadam
1077 2662 1244 2726 ipsius
1275 2658 1493 2726 epistola
1521 2677 1534 2711 ε
1582 2658 1638 2710 '0
1688 2658 1815 2720 Υἱὸς

222 2752 262 2820 ἢ
292 2750 522 2820 μείζων
557 2749 680 2801 ἐστὶ
706 2747 801 2800 τοῦ
828 2749 1057 2815 Πατρὸς,
1083 2748 1114 2816 ἢ
1145 2747 1396 2810 ἐλάττων,
1425 2747 1456 2816 ἢ
1486 2747 1614 2809 ἴσος
1653 2749 1699 2799 εἰ
1725 2744 1816 2800 οὖν

221 2842 406 2905 δείξω
447 2841 536 2892 ὅτι
587 2838 711 2890 οὑδὲ
762 2837 958 2907 μείζων
999 2837 1162 2899 ἐστὶν,
1199 2835 1318 2888 οὐδὲ
1363 2837 1492 2899 ἴσος,
1535 2836 1685 2904 δῆλον
1735 2838 1815 2888 ὅτι

225 2932 496 2986 ἐλάττων
531 2930 707 2984 ἐστίν.
739 2928 1017 2981 Postremo
1046 2941 1164 2980 cum
1193 2929 1388 2980 dixerit
1432 2929 1677 2994 superius
1707 2927 1814 2980 Pa-

226 3034 386 3078 trem
428 3021 705 3082 essentia,
731 3019 1011 3085 dignitate,
1063 3018 1283 3079 virtute,
1338 3018 1632 3078 divinitate,
1665 3018 1816 3071 boni-

226 3121 354 3168 tate
404 3121 466 3165 et
514 3110 785 3177 sapientia
823 3117 1079 3175 praestare
1110 3107 1267 3167 Filio,
1301 3105 1438 3161 idem
1469 3122 1682 3174 quoque
1708 3109 1816 3160 sci-

227 3204 346 3257 scit
401 3204 474 3255 de
526 3200 758 3253 scientia
809 3209 966 3252 tract.
1026 3197 1114 3260 50,
1164 3195 1218 3249 in
1258 3197 1470 3261 Mauh.,
1527 3213 1672 3250 num.
1704 3199 1883 3284 ὕδια

234 3309 259 3344 ι
295 3291 572 3346 Forsitan
609 3298 788 3341 autem
819 3297 873 3340 et
904 3289 1043 3354 quod
1077 3286 1151 3338 ait
1178 3286 1383 3339 nescire
1409 3301 1466 3339 se
1505 3289 1641 3338 diem
1687 3301 1814 3339 con-

227 3379 648 3438 summationis
687 3388 742 3430 et
779 3376 989 3434 horam.
1027 3385 1150 3427 ante
1175 3375 1619 3442 dispensationem
1654 3389 1805 3427 suam

229 3472 382 3526 dixit
426 3470 584 3539 quia,
624 3467 794 3520 Nemo
819 3466 936 3527 scit,
989 3481 1149 3533 neque
1195 3465 1381 3533 angeli,
1435 3481 1593 3531 neque
1624 3463 1811 3526 Filius,

228 3561 348 3615 nisi
397 3561 551 3612 solus
587 3555 750 3608 Pater
779 3555 844 3606 ¹⁴.
881 3554 1005 3607 Post
1035 3554 1480 3620 dispensationem
1516 3563 1689 3606 autem
1714 3555 1808 3606 im.

230 3650 458 3718 pictam
505 3659 851 3712 nequaquam
871 3643 973 3696 hoc
1001 3643 1159 3703 dixit,
1190 3652 1467 3707 postquam
1507 3641 1639 3694 Deus
1669 3642 1815 3694 illum

232 3735 697 3807 superexallauit,
723 3743 769 3784 et
799 3732 1005 3784 donavit
1060 3731 1106 3781 ei
1140 3746 1320 3782 nomen
1371 3731 1505 3792 quod
1544 3742 1618 3782 est
1664 3747 1816 3798 super

233 3844 410 3882 omne
460 3840 660 3878 nomen
714 3823 758 3854 ¹³
802 3839 816 3876 :
869 3837 988 3873 nam
1043 3828 1223 3888 postea
1277 3828 1331 3869 et
1380 3818 1544 3871 Filius
1569 3823 1816 3887 cognovit

232 3917 550 3972 scientiam
605 3929 633 3966 a
686 3913 848 3966 Patre
891 3913 1208 3978 suscipiens,
1245 3910 1404 3962 etiam
1459 3908 1524 3961 de
1570 3910 1652 3961 die
1687 3924 1814 3961 con-

234 4005 649 4063 summationis
674 4013 730 4055 et
755 4002 908 4063 hora,
945 4009 1004 4053 ut
1035 4001 1144 4066 jam
1182 4012 1282 4050 non
1315 3997 1484 4050 solum
1523 3996 1677 4050 Pater
1709 3999 1815 4051 sci-

233 4109 332 4154 ret
371 4098 443 4150 de
472 4111 566 4160 ea,
609 4093 703 4147 sed
727 4092 886 4144 etiam
925 4090 1116 4143 Filius.
1152 4107 1169 4138 »
1204 4088 1362 4152 Quasi
1405 4073 1646 4139 Christus
1677 4102 1811 4140 non-

233 4189 354 4243 nisi
388 4195 518 4255 post
553 4193 782 4237 mortem
813 4180 1011 4232 obitam
1047 4179 1399 4245 cognitionem
1437 4177 1570 4226 hanc
1599 4191 1627 4227 a
1658 4176 1814 4230 Patre

235 4275 560 4344 acceperit.
602 4273 674 4324 At
713 4269 896 4324 sanior
938 4277 1020 4322 est
1070 4282 1188 4330 qua:
1225 4265 1380 4334 paulo
1419 4276 1535 4331 post
1574 4266 1816 4332 sequitur

233 4365 358 4420 loci
391 4363 644 4430 ejusdem
674 4360 956 4427 expositio.
985 4367 1211 4410 eatenus
1246 4369 1432 4422 netnpe
1468 4355 1650 4406 horam
1677 4354 1814 4407 hanc

331 4498 382 4530 “
405 4499 610 4553 Matth.
639 4511 789 4560 xxiv,
819 4495 906 4548 56.
984 4495 1028 4525 ¹⁵
1053 4493 1242 4560 Philip.
1272 4507 1332 4553 ιι.
1373 4492 1405 4545 9

1912 2034 2282 2104 ὑπερδοξάζειν
2320 2037 2408 2087 τὸν
2456 2035 2598 2096 Υἱὸν,
2656 2037 2864 2088 πάντων
2909 2036 3002 2103 μὲν
3046 2034 3150 2085 τῶν
3209 2035 3445 2104 γενητῶν

1912 2126 2210 2194 ὑπερέχειν,
2231 2126 2292 2176 οὑ
2328 2126 2624 2194 συγκρίσει,
2670 2125 2782 2176 ἀλλ’
2829 2124 3228 2196 ὑπερϐαλλούσῃ
3277 2125 3444 2196 ὑπερ-

1921 2215 2240 2284 οχῇ,-φαμὲν
2277 2215 2365 2268 τὸν
2395 2216 2637 2285 Σωτῆρα,
2687 2216 2780 2266 καὶ
2824 2215 2882 2266 τὸ
2927 2216 3144 2285 Πνεῦμα
3174 2215 3233 2267 τὸ
3270 2215 3444 2283 ἅγιον,

1915 2305 2307 2374 ὑπερεχόμενον
2365 2305 2634 2367 τοσοῦτον,
2666 2307 2697 2375 ἢ
2735 2305 2824 2358 καὶ
2867 2305 3019 2357 πλέον
3062 2305 3164 2357 ἀπὸ
3208 2304 3298 2356 τοῦ
3343 2305 3450 2358 Παι

1912 2391 2054 2461 τρὸς,
2089 2393 2194 2460 ὅσῳ
2222 2391 2471 2462 ὑπερέχει
2497 2393 2652 2454 αὐτὸς
2693 2393 2784 2445 καὶ
2811 2393 2870 2444 τὸ
2898 2392 3046 2460 ἅγιον
3076 2391 3296 2462 Πνεῦμα.
3336 2391 3445 2445 τῶν

1911 2479 2128 2542 λοιπῶν,
2167 2481 2227 2531 οὑ
2267 2483 2372 2533 τῶν
2410 2483 2694 2549 τυχόντων.
2744 2483 3000 2549 Spiritum
3049 2493 3290 2535 sanctum
3337 2481 3446 2536 illic

1916 2567 2052 2621 infra
2081 2569 2289 2624 Patrem
2318 2571 2600 2636 deprimit:
2632 2571 2766 2624 Filio
2785 2586 2908 2625 vero
2928 2572 3209 2638 posthabet
3233 2581 3360 2626 tom.
3381 2587 3444 2636 ιι,

1913 2659 1966 2710 in
1990 2657 2170 2721 10am,
2193 2673 2338 2710 num.
2386 2657 2451 2711 6:
2482 2658 2589 2727 (95)
2628 2658 2808 2712 Ταῦτα
2835 2657 2889 2711 δὲ
2917 2661 3139 2712 ἐπιπολὺ
3165 2661 3448 2729 ἐξήτασται

1914 2747 2235 2816 σαφέστερον
2289 2748 2413 2801 ἰδεῖν
2466 2747 2818 2817 βουλομένοις,
2882 2749 3017 2811 πῶς,
3073 2751 3121 2801 εἰ
3175 2750 3349 2802 πάντα
3380 2750 3446 2802 δι’

1911 2837 2070 2890 αὑτοῦ
2098 2838 2326 2904 ἐγένετο,
2355 2839 2446 2890 καὶ
2469 2839 2528 2890 τὸ
2553 2837 2771 2907 Πνεῦμα
2799 2839 2883 2890 διὰ
2911 2839 3000 2891 τοῦ
3032 2839 3186 2906 λόγον
3211 2840 3445 2906 ἐγένετο,

1911 2925 1967 2976 ἒν
2019 2927 2124 2978 τῶν
2178 2927 2388 2979 πάντων
2437 2927 2694 2997 τυγχάνον
2727 2927 3117 2997 ὑποδεεστέρων
3158 2926 3250 2979 τοῦ
3295 2929 3360 2980 δι’
3388 2924 3449 2984 οὗ

1911 3016 2121 3082 ἐγένετο
2145 3017 2445 3084 νοούμενον,
2473 3019 2520 3068 εἰ
2551 3017 2643 3069 καὶ
2664 3015 2832 3079 λέξεις
2853 3018 2989 3079 τινὲς
3017 3019 3280 3087 περισπᾷν
3305 3019 3449 3087 ἡμᾶς

1912 3108 1990 3168 εἰς
2028 3106 2088 3157 τὸ
2117 3107 2349 3158 ἐναντίον
2390 3106 2650 3158 δοκοῦσιν.

1987 3194 2112 3248 VIII.
2167 3195 2326 3249 Laesae
2377 3197 2574 3249 Christi
2619 3197 2909 3264 majestatis
2963 3210 3109 3248 reum
3165 3195 3446 3265 Origenem

1917 3287 2122 3353 peragit
2149 3284 2505 3354 Hieronymus
2532 3287 2690 3351 epist.
2733 3287 2822 3348 59,
2849 3289 2916 3337 ad
2941 3285 3102 3347 Auit.,
3144 3301 3259 3354 cap.
3293 3302 3330 3348 ι,
3359 3285 3450 3339 ubi

1917 3374 2035 3426 libri
2074 3375 2228 3440 primi
2261 3374 2400 3440 Περὶ
2426 3373 2623 3441 ἀρχῶν
2645 3375 2830 3428 deliria
2864 3389 3310 3434 commemorans.
3334 3375 3450 3443 (9ι)

1918 3464 2115 3516 dixisse
2162 3463 2305 3515 illum
2343 3472 2491 3517 notat
2524 3481 2537 3516 :
2587 3481 2604 3514 ι
2633 3464 2898 3516 Christum
2956 3464 3236 3526 collatione
3276 3463 3451 3518 Patris

1919 3553 2254 3620 splendorem
2287 3567 2406 3606 esse
2437 3567 2776 3620 perparvum,
2808 3554 2899 3620 qui
2929 3557 3066 3622 apud
3101 3568 3197 3606 nos
3227 3568 3323 3622 pro
3351 3553 3451 3607 im-

1918 3642 2206 3695 becillitate
2261 3653 2439 3696 nostra
2489 3658 2708 3711 magnus
2738 3656 2857 3696 esse
2900 3643 3162 3696 videatur.
3202 3661 3220 3692 ι
3255 3643 3453 3697 Deinde

1919 3730 2103 3784 addit:
2145 3729 2255 3800 (95)
2301 3749 2320 3780 ι
2357 3733 2590 3785 Duarum
2624 3733 2946 3796 statuarum,
2984 3731 3201 3800 majoris
3244 3741 3299 3784 et
3332 3746 3453 3799 par-

1918 3820 2050 3872 vulte
2073 3837 2099 3882 ;.
2137 3823 2294 3874 unius
2329 3837 2445 3888 quae
2501 3824 2752 3874 mundum
2795 3822 3031 3889 impleat,
3086 3831 3140 3874 et
3183 3823 3448 3890 magnitu-

1920 3909 2041 3962 dine
2081 3924 2173 3962 sua
2203 3911 2595 3976 quodammodo
2637 3911 2913 3964 invisibilis
2965 3911 3074 3972 sit;
3125 3920 3182 3963 et
3233 3895 3454 3964 alterius

1919 4013 2039 4065 qua:
2067 4001 2163 4051 sub
2185 3999 2366 4051 oculos
2391 4002 2569 4062 cadat,
2601 4001 2750 4066 punit
2779 3999 3080 4067 exemplum
3109 4038 3124 4062 ,
3155 3999 3319 4064 priori
3353 3998 3454 4050 Pa-o

1921 4097 2077 4148 trem.
2111 4089 2388 4154 posteriori
2414 4089 2607 4153 Filium
2632 4103 2968 4156 comparans.
2995 4106 3013 4138 ι
3039 4086 3375 4141 Justinianus
3397 4089 3450 4140 in

1919 4175 2145 4243 epistola
2194 4178 2258 4228 ad
2307 4175 2512 4228 Menam
2561 4177 2754 4240 gradus
2801 4178 2852 4230 in
2901 4176 3162 4230 Trinitate
3209 4177 3452 4244 posuisse

1921 4265 2092 4332 ipsum
2121 4265 2196 4318 ait
2220 4305 2234 4326 ,
2273 4275 2326 4318 et
2354 4264 2562 4318 Patrem
2594 4264 2730 4318 Filio
2752 4265 3005 4331 majorem
3042 4265 3259 4319 {tinxisse
3290 4282 3303 4316 :
3341 4275 3450 4318 tum

1920 4370 1983 4409 ex
2020 4354 2150 4422 ipsis
2177 4355 2421 4424 Origenis
2456 4354 2632 4408 verbis
2673 4354 3067 4408 accusationem
3115 4369 3270 4408 suam
3302 4369 3450 4410 com-

238 4633 682 4694 dominabitur?
709 4651 728 4682 ι
756 4631 882 4697 Qum
902 4646 1021 4684 cum
1054 4628 1423 4697 hereticorum
1453 4628 1668 4697 propria
1693 4643 1811 4681 esse
1850 4611 1894 4666 θ
1975 4626 2119 4697 (94)-
2145 4625 2348 4697 Dixisse
2384 4624 2528 4676 illum
2552 4616 2715 4685 notet,
2738 4622 3002 4676 Christum
3031 4623 3302 4697 uitiatione
3337 4621 3448 4697 Pa-

239 4708 504 4761 nesciret
557 4711 653 4754 aut
701 4696 1080 4758 dissimularet,
1113 4697 1301 4750 Filium
1335 4696 1420 4748 Dei
1457 4696 1592 4762 apud
1625 4711 1811 4748 omnes

237 4775 634 4832 Christianos,
684 4787 702 4817 α
745 4770 1020 4822 fortiorem
1079 4766 1183 4817 Deo
1251 4763 1530 4828 imperium
1577 4772 1807 4823 tenente,

241 4844 498 4908 ejusque
526 4839 810 4893 Dominum
831 4838 958 4898 dici,
994 4849 1058 4908 ac
1089 4833 1260 4886 solum
1280 4832 1378 4884 coli
1409 4850 1425 4878 ι
1459 4833 1804 4908 querebatur.

245 4897 549 4963 Christum
600 4920 754 4970 ergo,
807 4914 860 4955 ut
907 4919 972 4956 ex
1008 4904 1090 4954 his
1117 4912 1290 4970 patet,
1327 4915 1426 4950 non
1462 4897 1620 4970 Deum
1655 4910 1809 4970 negat

245 4977 560 5046 Origenes.
593 4966 690 5027 sed
717 4973 873 5046 Patre
897 4966 1151 5046 majorem
1185 4969 1395 5046 Denm';
1438 4980 1536 5046 nec
1567 4966 1807 5046 Catholi-

243 5037 623 5104 cosvrefellit,
655 5042 749 5094 sed
778 5039 1230 5096 criminationem.
1275 5037 1671 5110 cuimmateriam
1716 5037 1809 5086 de-

245 5117 464 5166 derant
497 5110 874 5164 haereticorum
918 5109 1242 5167 cetnmenta,
1271 5121 1298 5155 ιι
1333 5103 1656 5156 Christianis
1688 5118 1811 5169 pro-

243 5181 560 5251 pulsatsD.
588 5175 1044 5251 PrudentLMaran
1069 5173 1358 5251 ριεέίιυὶηίςἸ
1381 5169 1584 5251 Christ:
1610 5170 1807 5251 iiD.‘I'V,

248 5238 394 5315 cap.
428 5250 520 5308 16.
556 5263 706 5315 nunt.
740 5245 793 5315 5:
829 5243 958 5315 Vide
988 5252 1041 5315 et
1069 5241 1299 5315 Rullum-
1317 5238 1669 5315 Defeats._&dei
1707 5238 1811 5315 Νέο

247 5303 429 5372 ιόηω
466 5303 535 5366 de
572 5313 692 5392 [filii
723 5309 1108 5394 egif'ipoouaiq)‘.
1135 5324 1250 5375 cap.
1273 5303 1503 5394 9.nnutli.
1532 5303 1620 5365 12,
1659 5316 1712 5358 et
1741 5307 1814 5358 De

249 5384 708 5439 subordination
741 5375 890 5436 Filii.
921 5394 1039 5442 cap.
1063 5375 1122 5437 ’2,
1151 5393 1295 5429 num.
1319 5375 1371 5429 6.

339 5453 454 5522 (92)
495 5450 640 5519 Πρὸς
667 5439 1122 5522 τὸν-βοὺλόμενον,
1153 5453 1254 5522 etc.
1305 5443 1432 5522 Vide
1460 5439 1812 5522 paujo‘s’upra

250 5507 718 5590 observationem
774 5507 827 5564 in
858 5507 967 5565 haec
997 5512 1240 5578 Origenis
1270 5512 1424 5564 verba
1449 5525 1462 5560 :
1507 5507 1640 5560 Ἀλλ’
1664 5509 1815 5577 ὅμως

243 5588 378 5639 τῶν
395 5585 707 5641 τοσούτων,
747 5591 852 5633 etc.

309 5659 452 5725 (393)
500 5652 700 5705 Ταῦτα.
739 5648 798 5725 δὲ
840 5646 1062 5725 Enimn
1107 5646 1582 5725 εξῄτασται,νειο.ρ
1598 5643 1810 5722 Ex'Pa-

211 5711 403 5778 (rubi.
430 5711 682 5776 'aliomm
731 5715 988 5774 similibus
1038 5711 1208 5766 verbis
1247 5712 1473 5768 ostendit
1504 5711 1638 5765 infra
1689 5713 1808 5780 ipse

227 5787 488 5847 “uenus
517 5801 634 5856 quo
666 5796 836 5836 sensu
867 5783 970 5832 haec
1003 5783 1171 5848 accipi
1195 5785 1436 5836 debeant.

1917 4696 2010 4747 tris
2041 4691 2360 4758 splendorem
2406 4709 2512 4745 esse
2557 4707 2878 4758 perparvum,
2928 4702 3029 4745 etc.
3075 4691 3291 4745 Videtur
3337 4692 3452 4744 haec

1916 4764 2216 4814 criminatio
2269 4776 2332 4812 ex
2374 4761 2439 4812 iis
2493 4761 2620 4812 locis
2663 4761 2845 4825 petita,
2885 4760 2971 4827 ubi
3021 4761 3149 4812 dicit
3192 4761 3450 4827 Origenes

1921 4847 1939 4878 ι
1984 4832 2034 4882 in
2064 4829 2218 4881 Patre
2246 4829 2418 4880 nultas
2447 4843 2564 4881 esse
2591 4828 2856 4887 tenebras.
2897 4826 3085 4879 Filium
3112 4843 3242 4881 vero
3284 4826 3332 4879 in
3373 4837 3450 4877 te-

1916 4899 2098 4951 nebris
2130 4898 2328 4949 lucere.
2361 4915 2378 4945 »
2411 4895 2514 4948 Sed
2544 4910 2650 4962 quo
2679 4909 2837 4963 sensu
2865 4894 2918 4946 id
2953 4896 3150 4948 dixerit
3173 4911 3328 4963 supra
3355 4908 3452 4946 ex-

1915 4967 2176 5031 ponimus,
2218 4980 2362 5016 num.
2394 4965 2448 5024 5,
2503 4966 2554 5015 in
2594 4965 2703 5015 haec
2734 4962 2930 5031 verba:
2967 4979 2984 5010 ι
3020 4963 3123 5031 sed
3152 4962 3340 5017 vereor
3373 4971 3452 5014 ta»

1914 5030 2031 5086 inen
2090 5047 2153 5086 ne
2201 5033 2265 5084 de
2311 5032 2597 5084 Platonica
2649 5030 2899 5081 doctrinae
2952 5030 3250 5094 narthecio,
3295 5049 3313 5080 ι
3342 5037 3448 5082 etc.

1911 5099 2044 5152 Vide
2085 5110 2138 5153 et
2169 5101 2375 5152 Bullum
2425 5100 2636 5166 Defem.
2689 5098 2812 5164 ﬁdei
2854 5094 3088 5148 Nicwna:
3119 5099 3184 5150 de
3224 5099 3346 5150 Filii
3371 5095 3450 5166 τῷ

1911 5169 2191 5238 ὁμοουσίῳ,
2233 5185 2350 5236 cap.
2387 5167 2442 5224 9.
2472 5184 2617 5218 num.
2653 5168 2734 5220 18.

1983 5239 2094 5305 (95)
2143 5231 2379 5288 Duarum
2426 5245 2736 5298 statuarum,
2785 5236 3006 5305 majoris
3072 5231 3450 5305 etuparvulaz.

1915 5298 2021 5361 etc.
2078 5298 2271 5358 Exstat
2324 5305 2535 5370 quidem
2591 5298 2886 5369 exemplum
2930 5307 3056 5370 iitOC
3132 5298 3224 5357 lib.
3283 5315 3300 5351 ι
3372 5298 3452 5352 De

1911 5376 2157 5440 princip.,
2185 5388 2300 5438 Cap.
2333 5369 2386 5433 Ξ,
2419 5388 2564 5426 ιιιιιιι.
2595 5371 2646 5424 8.
2680 5372 2783 5424 Sed
2817 5373 2883 5423 de
2927 5369 3292 5423 lncarnatioue
3337 5382 3456 5440 nia-

1916 5436 2165 5494 bifestum
2225 5436 2306 5493 est
2351 5444 2628 5507 Origenem
2689 5441 2854 5506 loqui,
2888 5450 2941 5490 et
2989 5440 3090 5491 hoc
3139 5436 3448 5507 exemplum

1917 5511 2117 5580 idcirco
2159 5511 2430 5580 adhibere,
2451 5505 2485 5580 ﬁt
2521 5510 2662 5575 quod
2695 5505 3006 5580 exinaniens
3035 5521 3112 5580 se_
3137 5505 3324 5580 Filius,
3357 5505 3452 5568 qui

1913 5589 2028 5632 erat
2079 5579 2128 5629 in
2184 5579 2351 5629 forma
2397 5578 2508 5634 Dei.
2540 5573 2656 5641 _per
2713 5577 2878 5642 ipsam
2908 5575 2987 5624 sui
3027 5573 3452 5642 exinanritiornep

1917 5647 2096 5700 studet
2146 5647 2295 5698 nobis
2341 5645 2428 5697 Dei
2477 5634 2852 5712 plenitudinem
2899 5643 3294 5712 demonstrare.

1920 5715 2078 5767 Prud.
2099 5714 2300 5833 1Maran
2344 5713 2443 5785 De_
2473 5701 2668 5765 divinit.
2719 5710 2909 5764 Christi
2933 5704 3042 5777 lib.
3103 5723 3175 5772 tv,
3215 5719 3333 5773 cap.
3365 5701 3456 5766 16,

1920 5799 2062 5833 "Uill-
2133 5824 2146 5833 .
3389 5818 3396 5823 -

1919 5799 2062 5835 ιιιιιιι.
2099 5799 2146 5836 ι.
3389 5818 3396 5823 .
