3846 6446
169 412 278 468 :33

1063 419 1621 481 οιιιοεΝιΑΝοιιωι
1660 424 1787 479 us.
1827 424 1893 489 ιι,
1931 426 2080 482 car.
2119 426 2185 492 ιι,
2224 429 2492 494 oumsr.
2533 409 2601 482 ιιί

3240 384 3245 393 ’
3326 427 3427 482 ἐει

199 530 403 613 guttam
434 513 544 568 hoc
572 530 917 613 argumento
947 539 1126 586 tuetur
1153 533 1501 591 Bellarminus
1531 537 1622 593 lib.
1648 553 1665 591 ι
1722 536 1794 591 De

1894 555 2021 608 ματι
2042 554 2056 566 ·
2091 539 2154 591 ὲκ
2182 539 2274 593 τοῦ
2312 540 2522 609 Harpe;
2552 541 2657 613 γὰρ
2692 541 2721 594 6
2749 540 2875 605 Ϊῐῐός
2896 557 2912 573 ⁸
2940 540 3039 596 οὐκ
3067 541 3130 593 ἐκ
3162 539 3254 593 τοῦ
3297 540 3425 593 Tia;

204 609 440 669 Christ.
497 618 626 674 cap.
691 609 788 676 10,
829 617 972 681 quod
1022 633 1153 673 sana
1190 631 1242 675 et
1301 624 1603 678 orthodoxa
1634 625 1792 679 fuerit

214 696 578 767 praeceptoris
603 699 785 768 ipsius
807 703 1125 774 Clementis,
1155 708 1536 780 discipulorum
1557 714 1790 784 Dionysii

213 786 603 874 Alexandrini.
636 798 696 843 et
725 790 977 865 Gregorii
1016 795 1399 872 Thaumaturgi
1444 805 1515 858 de
1540 806 1792 874 mysterio

215 887 424 934 sanctte
481 872 786 938 Trinitatis
841 886 1044 955 opinio,
1103 889 1362 946 credibile
1414 872 1607 962 quippe
1650 908 1789 959 esse,

210 982 382 1038 quam
414 982 444 1018 a
470 965 771 1027 Clemente
802 974 1100 1031 doctrinam
1137 988 1436 1046 acceperat,
1479 983 1716 1037 eamdem
1759 998 1790 1037 a

210 1070 276 1112 se
301 1054 588 1110 excultam
621 1059 908 1129 discipulis
942 1065 1052 1119 suis
1085 1067 1403 1133 tradidisse;
1438 1070 1569 1124 nihil
1615 1071 1792 1140 profe-

206 1155 306 1201 cto
318 1144 871 1216 Origenianaecausa:
886 1153 1212 1208 contrarium
1234 1156 1399 1226 magis
1415 1159 1591 1213 dicere
1602 1160 1787 1228 potuit.

205 1235 428 1291 Nullius
460 1238 620 1290 enim
648 1252 716 1292 ex
748 1238 831 1294 his
864 1240 1034 1296 tribus
1065 1243 1198 1297 satis
1236 1247 1350 1313 puri
1383 1244 1599 1301 fuerunt
1623 1258 1676 1302 et
1703 1249 1789 1302 iu-

204 1328 355 1397 tegri
387 1325 463 1380 de
512 1327 793 1384 Trinitate
842 1345 1077 1387 sensus:
1118 1349 1238 1388 nam
1287 1345 1339 1390 ct
1368 1335 1484 1390 Filii
1543 1330 1791 1393 substanL

204 1418 349 1471 tiam
369 1432 396 1471 a
430 1415 688 1474 Paterna
720 1421 791 1473 ita
826 1422 1060 1476 secernit
1091 1422 1365 1489 Clemens,
1402 1433 1460 1478 ut
1490 1426 1789 1483 inferiorem

203 1525 343 1563 eam
371 1517 612 1564 statuat
636 1529 651 1566 :
689 1511 974 1581 Dionysius
1023 1527 1150 1568 vero
1177 1514 1574 1572 Alexandrinus
1602 1518 1789 1572 Filium

200 1597 395 1652 Patris
439 1597 691 1669 ποίημα,
723 1601 880 1668 eique
909 1600 1214 1656 dissimilem
1233 1617 1349 1658 esse
1371 1604 1523 1669 dixit,
1545 1613 1596 1658 et
1614 1604 1791 1675 ἀφῆκε

198 1687 401 1760 φωνὰς
465 1689 681 1760 ἥκιστα
720 1689 1032 1760 πρεπούσας
1074 1690 1151 1764 τῷ
1202 1693 1495 1763 Πνεὺματι,
1550 1712 1575 1746 ι»
1620 1693 1788 1750 Voces

198 1779 450 1849 Spiritui
490 1795 690 1849 parum
721 1782 1098 1836 convenientes
1123 1783 1320 1848 emisit,
1358 1802 1378 1834 ι
1425 1784 1598 1854 inquit
1633 1784 1787 1840 Basi-

1888 627 1918 679 6
1944 629 2159 698 Πατήρ·
2193 627 2348 697 φύσει
2383 630 2440 682 δὲ
2465 630 2611 694 ἴσοςο
2651 631 2935 701 Έγιὼτὰρ,
2968 631 3120 702 φησι,
3154 628 3426 684 καιδηω-
3481 686 3495 698 ,

1888 714 1998 783 tim
2015 714 2084 769 ἓν
2105 716 2305 784 ἐσμεν.
2349 715 2503 770 οὕτω
2533 718 2631 770 καὶ
2648 718 2708 770 τὸ
2737 718 2955 788 Πνεῦμα
3000 716 3062 770 τὸ
3084 708 3238 785 ἅγιον
3276 715 3425 779 τάξει

1890 802 1989 874 μὲν
2005 802 2250 874 δεύτερον
2280 802 2372 856 τοῦ
2395 804 2545 870 Υῐοῢ,
2572 804 2747 868 καθὼς
2773 801 2830 859 ἐν
2852 809 2919 878 τῇ
2953 804 3427 876 συναριθμήσειδσ-

1888 889 2116 961 δήλωται
2134 906 2148 918 '
2181 890 2267 943 ναὶ
2295 889 2395 961 μὴν
2429 891 2520 945 καὶ
2556 890 2818 962 ἀξιώματι
2836 911 2851 925 ·
2908 893 3128 964 Πνεῦμα
3154 891 3261 961 γὰρ
3292 890 3424 945 Υίοῦ

1888 981 2118 1052 λέγεται,
2152 985 2227 1049 ὡς
2253 986 2338 1040 διὰ
2381 986 2472 1040 τοῦ
2507 985 2633 1039 Υἱοῦ
2665 986 3073 1057 χορηγούμενον.
3109 1005 3128 1039 ι
3162 985 3426 1052 Quemad-

1891 1073 2101 1127 modum
2135 1073 2299 1129 Filius
2324 1075 2511 1129 ordine
2539 1075 2749 1141 quidem
2774 1075 3041 1128 secundos
3058 1085 3139 1128 est
3163 1089 3191 1126 a
3226 1073 3421 1126 Patre:

1888 1162 2036 1235 prior
2060 1164 2198 1217 enim
2221 1164 2437 1233 ponitur
2473 1163 2651 1227 Pater,
2680 1179 2797 1230 cum
2824 1172 3169 1216 numerantur
3199 1162 3422 1216 simul...

1888 1240 2151 1306 Prmterea
2185 1255 2451 1308 secundus
2477 1261 2558 1307 est
2582 1254 2741 1306 etiam
2764 1252 3053 1321 dignitate;
3083 1266 3201 1304 nam
3223 1266 3251 1303 a
3267 1250 3425 1304 Patre

1889 1351 1973 1398 est
1998 1341 2197 1407 Filius;
2232 1342 2394 1398 Pater
2420 1358 2523 1397 non
2556 1351 2635 1398 est
2662 1357 2690 1395 a
2721 1341 2889 1396 Filio:
2928 1351 3120 1395 natura
3151 1351 3325 1396 autem
3352 1355 3425 1395 aa-

1889 1431 2067 1501 qualis
2091 1442 2174 1487 est
2195 1447 2210 1497 ;
2235 1431 2342 1501 Ego
2358 1432 2514 1497 enim,
2537 1431 2725 1500 inquit,
2749 1439 2798 1484 et
2819 1427 2976 1489 Pater
2988 1444 3145 1482 unum
3162 1445 3337 1483 sumus
3353 1430 3416 1484 ⁸⁸.

1887 1521 1963 1578 ita
1998 1530 2050 1577 et
2071 1521 2301 1591 Spiritus
2337 1531 2554 1578 sanctus
2590 1522 2778 1576 ordine
2806 1521 3019 1590 quidem
3053 1520 3317 1575 secundus
3343 1529 3426 1574 cst

1889 1625 1920 1665 a
1958 1611 2112 1673 Filio,
2141 1611 2592 1680 quemadmodum
2620 1612 3042 1666 demonstratum
3074 1618 3175 1675 est,
3198 1624 3316 1663 cum
3352 1609 3427 1662 si-

1890 1703 1996 1756 mul
2051 1712 2471 1756 numerarentur
2505 1718 2519 1755 :
2557 1710 2703 1755 certe
2742 1710 2798 1755 et
2866 1700 3156 1770 dignitate;
3196 1700 3427 1770 Spiritus

1891 1792 2030 1847 enim
2061 1791 2179 1846 Filii
2207 1792 2429 1854 dicitur,
2464 1799 2648 1859 utpote
2704 1806 2797 1859 per
2829 1789 3022 1843 Filium
3054 1790 3428 1845 subministra.

196 1869 318 1924 lius
343 1869 523 1937 epist.
556 1869 650 1936 6|,
681 1884 709 1922 a
751 1884 856 1938 quo
884 1872 1197 1941 castigatus,
1229 1886 1436 1941 quoque
1473 1873 1780 1944 estGrt'SO-
1817 1868 1860 1923 Β
1893 1891 2000 1936 tus.
2036 1899 2056 1934 ι
2121 1881 2243 1934 Hmc
2283 1888 2629 1948 repraesentat
2674 1872 2989 1949 Eutbymius
3035 1877 3087 1932 in
3126 1875 3383 1946 PanOplia
3408 1918 3426 1944 ,

198 1962 329 2016 rius
372 1959 838 2025 Thaumaturgus
889 1964 1029 2032 quod
1077 1961 1264 2016 Filium
1314 1972 1498 2031 aperte
1549 1975 1786 2019 creatum

199 2050 646 2122 pra-dicaverit.
670 2050 824 2105 Adeo
856 2061 915 2105 ut
941 2067 1124 2121 parum
1158 2062 1419 2107 attentum
1451 2053 1618 2108 fuisse
1646 2053 1786 2108 Aua-

194 2142 451 2199 stasium
484 2140 972 2196 Bibliothecarlum
1005 2144 1293 2212 putandum
1329 2142 1423 2205 sit,
1474 2157 1594 2198 cum
1631 2143 1707 2196 ait
1734 2142 1784 2197 in

200 2230 499 2294 Historia,
533 2232 604 2286 ad
633 2247 724 2285 an.
754 2231 950 2287 Christi
977 2230 1103 2298 266,
1131 2232 1312 2288 laudes
1334 2231 1574 2301 Gregorii
1599 2232 1776 2287 Thau-

197 2322 456 2391 maturgi
503 2321 723 2375 silentio
756 2320 1014 2390 pressisse
1052 2321 1357 2386 Eusebium,
1385 2323 1526 2390 quod
1552 2322 1619 2375 ab
1652 2309 1777 2375 Ori-

194 2411 369 2481 genis
402 2423 464 2464 et
495 2411 612 2465 Arii
656 2409 1026 2465 deliramentis
1072 2425 1292 2479 prorsus
1337 2411 1498 2465 fuerit
1542 2411 1782 2465 alienus:

196 2516 329 2556 cum
374 2511 436 2554 et
469 2501 590 2554 ha-c
620 2500 971 2554 deliramenta
1000 2502 1069 2555 sit
1096 2512 1349 2561 sectatus.
1392 2515 1492 2556 nec
1535 2501 1785 2556 laudibus

195 2602 331 2643 eum
378 2589 662 2645 Eusebius
712 2587 1039 2643 fraudaverit
1084 2589 1176 2645 lib.
1212 2606 1262 2642 vt
1323 2589 1490 2655 llist.,
1544 2605 1662 2659 cap.
1693 2591 1783 2645 30.

195 2678 453 2734 Constat
498 2679 739 2748 denique
790 2693 855 2732 ne
878 2677 1054 2732 Basilii
1086 2679 1296 2747 quidem
1331 2680 1674 2749 temporibus,
1721 2695 1784 2735 ac

199 2769 634 2823 reci-,tttiorihus
692 2768 880 2835 etiam,
931 2766 1162 2836 Spiritus
1223 2768 1395 2823 sancti
1451 2769 1782 2822 divinitatem

201 2871 418 2926 aperte
468 2858 722 2926 proﬁteri
773 2873 935 2912 ausos
978 2872 1097 2911 esse
1147 2856 1472 2925 Catholicos,
1505 2872 1572 2915 ne
1611 2856 1786 2914 Pneu-

196 2946 696 3002 matomacborum
735 2946 1082 3015 petulantiam
1114 2927 1500 3014 experirentur.
1573 2989 1579 2996 .

273 3034 692 3092 Verumtamen
719 3024 840 3090 cum
872 3033 1178 3090 inferiorem
1207 3034 1362 3089 Patre
1392 3034 1611 3101 Filium,
1647 3035 1784 3091 Filio

198 3124 493 3195 Spiritum
531 3135 781 3179 sanctum
819 3122 919 3178 visi
951 3133 1077 3178 sunt
1110 3124 1183 3179 illi
1222 3135 1475 3189 statuere,
1508 3125 1574 3180 ad
1597 3137 1785 3181 aucto-

198 3218 444 3271 ritatem
485 3215 769 3285 principii,
803 3215 1052 3284 originis,
1086 3230 1282 3280 causre,
1315 3216 1656 3284 paternitatis
1727 3227 1784 3271 et
1811 3215 1852 3251 '4

198 3304 558 3379 ἁτεννησίας
612 3303 728 3358 fere
799 3304 1161 3368 attenderunt,
1214 3318 1334 3372 quae
1393 3304 1532 3358 inter
1586 3312 1785 3359 sanctis

199 3395 517 3451 Trinitatis
568 3408 836 3464 personas
886 3395 1129 3449 ordinem
1180 3395 1413 3463 aliquem
1483 3396 1782 3450 constituit.

199 3485 355 3541 Nam
390 3485 543 3553 quod
578 3483 743 3538 Pater
781 3483 1101 3553 principium
1133 3483 1198 3538 sit
1229 3493 1282 3537 et
1310 3484 1460 3552 origo
1496 3482 1639 3549 Filii,
1666 3500 1785 3547 ma-

193 3576 289 3646 jor
344 3574 495 3629 Filio
525 3581 582 3629 et
614 3574 875 3645 dignitate
911 3575 1153 3627 anterior
1189 3573 1290 3627 dici
1345 3582 1539 3640 potest,
1585 3576 1786 3646 absque

201 3667 322 3724 ullo
363 3674 555 3720 tamen
605 3674 812 3719 natura:
868 3663 1280 3735 perfectionisve
1325 3663 1656 3719 discrimine.
1692 3656 1784 3720 Sic

202 3753 644 3824 intelligendum
691 3767 812 3808 esse
843 3753 968 3807 illud
1020 3752 1274 3807 Joannis:
1310 3752 1471 3806 Pater
1501 3755 1672 3822 major
1704 3772 1785 3809 me

202 3855 281 3899 est
317 3845 399 3908 ⁸⁸,
432 3856 638 3908 magna
676 3840 895 3895 Patrum
921 3856 1045 3909 pars
1085 3840 1339 3894 arbitrata
1378 3851 1495 3906 est;
1533 3844 1669 3911 quod
1695 3843 1784 3898 alii

203 3934 272 3989 de
313 3933 673 3987 humanitate
698 3932 899 3986 Christi
937 3934 1002 3985 ad
1035 3931 1211 3986 Patris
1251 3932 1583 3986 divinitatem
1637 3948 1784 3987 com-

201 4032 413 4094 parata
450 4022 903 4092 interpretantur.
950 4021 1078 4077 Item
1116 4021 1255 4090 quod
1310 4036 1340 4075 a
1363 4021 1512 4089 .Filio
1549 4021 1784 4090 Spiritus

202 4124 449 4171 sanctus
506 4118 673 4168 ducat
725 4113 1022 4183 originem,
1126 4112 1305 4166 minor
1356 4127 1421 4166 eo
1471 4112 1784 4181 appellatur.

201 4202 560 4258 Athanasius
599 4209 744 4257 orat.
797 4200 831 4254 2
885 4210 1066 4254 contra
1122 4198 1340 4252 Arianos
1366 4214 1385 4253 :
1416 4197 1646 4253 Τοιαῦτα
1689 4201 1785 4270 μὲν

200 4290 303 4351 οὖν
350 4295 477 4356 τοῖς
537 4291 808 4354 Ἰουδαίοις
851 4290 927 4353 ὡς
969 4288 1248 4358 ἄνθρωπος
1296 4287 1476 4357 ἔλεγεν
1508 4292 1537 4343 6
1563 4288 1782 4360 Κύριος·

201 4386 325 4447 τοῖς
363 4382 429 4436 δὲ
457 4380 733 4452 μαθηταῖς
761 4379 859 4450 τὴν
898 4378 1122 4448 θεότητα
1148 4378 1241 4431 καὶ
1277 4378 1372 4448 τὴν
1403 4378 1786 4448 μεγαλειότητα

1889 1980 2030 2042 part.
2062 1986 2123 2036 ιι,
2149 1970 2232 2024 tit.
2265 1969 2351 2036 {2,
2377 1969 2467 2024 ubi
2506 1969 2657 2024 vides
2692 1970 2889 2039 gradus
2919 1970 3152 2039 aliquos,
3175 1978 3227 2022 et
3250 1966 3427 2037 digni-

1891 2065 2015 2118 tatis
2036 2062 2377 2133 ὑποϐάθμους
2403 2061 2455 2115 in
2480 2058 2741 2115 Trinitate
2758 2061 3101 2115 constitutos.
3126 2060 3298 2128 Atque
3325 2058 3428 2114 hac

1888 2139 2222 2223 potissimum
2265 2149 2611 2220 responsione
2651 2163 2925 2217 aspersam
2976 2148 3302 2216 Origeniano
3330 2160 3428 2201 no-

1889 2242 2019 2296 mini
2046 2241 2366 2296 calumniam
2393 2241 2698 2308 abstergere
2746 2253 2805 2295 se
2848 2253 3001 2303 posse
3053 2237 3431 2292 Genebrardus

1888 2331 2211 2385 exiSIimavit
2230 2329 2444 2384 Colle“.
2471 2344 2586 2398 cap.
2610 2328 2662 2382 6.
3080 2396 3093 2407 ο

1957 2417 2047 2471 Xl.
2091 2417 2183 2471 llis
2220 2419 2444 2472 fortasse
2483 2429 2756 2487 permotus
2810 2418 3130 2472 Athanasius
3170 2415 3429 2487 praeclare

1888 2506 1955 2561 de
1975 2505 2231 2560 Trinitate
2260 2506 2541 2575 Origcnem
2572 2507 2848 2575 scripsisse
2880 2508 3039 2559 tradit
3062 2504 3159 2560 lib.
3186 2504 3261 2558 De
3287 2506 3429 2559 decr.

1890 2595 2095 2651 Nisam.
2137 2596 2341 2665 synodi,
2378 2594 2600 2663 ejusque
2630 2588 3006 2649 auctoritatem
3045 2610 3152 2664 prae
3194 2609 3253 2650 se
3282 2594 3426 2650 fert:

1889 2686 2023 2758 napi.
2053 2685 2106 2739 δὲ
2139 2685 2230 2740 τοῦ
2261 2685 2458 2750 ἁῖδὶως,
2499 2687 2688 2753 inquit,
2738 2689 2971 2738 συνεῖναι
2997 2685 3089 2740 τὸν
3136 2685 3304 2753 Λόγον

1888 2756 2078 2846 Hirpi.
2104 2775 2196 2827 καὶ
2219 2773 2291 2845 μὴ
2320 2774 2508 2844 ἐτέρας
2525 2773 2758 2844 οὐσίαςῆ
2783 2773 3142 2835 ὑποστάσεως,
3176 2773 3308 2826 ἀλλὰ
3331 2756 3429 2843 τῆς

1887 2862 1979 2915 τοῦ
2014 2861 2220 2933 Πατρδς
2248 2861 2374 2914 ἴδιον
2401 2861 2559 2916 αὑτὸν
2584 2856 2741 2923 εἶναι,
2775 2860 2850 2923 ὡς
2889 2860 3170 2931 εἰρήκασιν
3188 2860 3237 2910 oi
3270 2858 3329 2911 ὲν
3359 2862 3428 2928 τῇ

1890 2955 2109 3025 συνόδῳ,
2142 2955 2338 3020 ἐξέστω
2369 2954 2527 3008 πάλιν
2573 2954 2714 3024 ὑμᾶς
2745 2951 2971 3006 ἀκοῦσαι
3004 2953 3097 3006 καὶ
3145 2950 3295 3022 παρὰ
3332 2950 3426 3002 τοῦ

1890 3046 2169 3116 φιλοπόνου
2214 3046 2535 3119 Ὠριγένους.
2587 3065 2606 3097 ι
2646 3043 2875 3098 Verbum
2911 3058 3070 3113 porro
3123 3044 3190 3098 ab
3225 3054 3426 3096 :eterno

1890 3148 2009 3187 esse
2034 3147 2153 3186 cum
2172 3130 2350 3195 Patre,
2379 3144 2475 3183 nec
2495 3130 2725 3182 essentia
2745 3128 2829 3182 vel
2859 3126 3155 3181 substantia
3188 3124 3424 3189 differre,

1885 3221 1976 3273 sed
2007 3218 2313 3273 substantiae
2333 3227 2567 3286 paterna:
2591 3217 2860 3285 prppriqu
2891 3214 3039 3268 illum
3059 3226 3178 3268 esse
3200 3213 3419 3274 Filium,

1884 3318 1943 3361 ut
1965 3307 2212 3361 dixerunt
2240 3305 2329 3374 'qui
2354 3302 2706 3358 interfuerunt
2748 3302 2972 3357 Nicaeum
3030 3302 3253 3372 synodo,
3295 3300 3427 3354 licet

1884 3398 2057 3454 denuo
2089 3395 2242 3450 nobis
2293 3395 2481 3449 audire
2530 3408 2596 3448 ex
2629 3392 2897 3447 laborioso
2944 3389 3193 3470 Origene.
3231 3408 3250 3442 ι
3288 3388 3423 3444 Tum

1883 3488 2017 3549 duos
2059 3502 2124 3542 ex
2155 3500 2218 3540 eo
2248 3484 2514 3539 subnectit
2552 3483 2720 3546 locos,
2766 3482 2961 3551 quibus
2998 3489 3199 3534 acterna
3238 3479 3359 3534 Filii
3394 3493 3427 3532 a

1884 3576 2039 3632 Patre
2080 3575 2368 3647 processio,
2413 3588 2533 3628 cum
2570 3588 2738 3642 eoque
2769 3570 3044 3641 aequalitas
3110 3578 3292 3639 aperte
3331 3568 3426 3622 de»

1885 3676 2228 3723 monstratur.
2263 3664 2517 3720 Basilium
2541 3676 2773 3733 quoque,
2802 3670 2859 3716 et
2876 3660 3268 3715 Naziattzeuum
3292 3658 3427 3714 Gre-

1882 3756 2088 3826 gorium
2153 3756 2318 3810 refert
2365 3753 2613 3809 Socrates
2645 3753 2739 3807 lib.
2795 3767 2871 3817 tv,
2906 3764 3024 3819 cap.
3073 3749 3167 3815 26,
3210 3762 3330 3803 cum
3356 3753 3426 3803 ab

1884 3850 2103 3905 Arianis
2151 3848 2397 3916 Origenis
2424 3848 2743 3902 auctoritate
2782 3853 2833 3900 et
2866 3842 3188 3899 testimoniis
3213 3851 3426 3909 preme-

1886 3946 2091 4003 rentur,
2112 3948 2387 4004 perperam
2410 3936 2480 3987 ab
2515 3934 2580 3987 iis
2605 3933 2934 3987 intellectum
2979 3929 3299 3986 ostendisse.
3328 3927 3426 3982 Dl-

1885 4025 2100 4094 dymum
2132 4032 2385 4091 praeterea
2414 4021 2660 4089 Origenis
2695 4023 2760 4075 de
2791 4019 3054 4075 Trinitate
3100 4016 3423 4072 sententiam

1887 4113 1956 4166 ita
1991 4125 2350 4182 propuguasse
2386 4111 2463 4164 ait
2492 4111 2845 4181 Hieronymus
2878 4110 3036 4178 epist.
3063 4107 3216 4162 65ad
3266 4105 3426 4160 Pam-

1887 4201 2058 4255 mach.
2082 4211 2134 4254 et
2157 4200 2354 4256 Ocean.
2393 4214 2514 4266 cap.
2564 4200 2617 4263 4,
2658 4209 2712 4253 et
2745 4199 2961 4268 Apolog.
3006 4199 3211 4251 advers.
3242 4195 3419 4264 Rufin.

1887 4290 1980 4344 lib.
2015 4305 2074 4355 ιι,
2102 4305 2222 4358 cap.
2255 4287 2305 4352 Δ,
2349 4297 2408 4342 ιιι
2456 4286 2593 4341 male
2623 4289 2940 4342 sonantibus
2993 4287 3170 4341 verbis
3213 4295 3422 4340 rectum

1889 4389 2061 4435 tamen
2091 4395 2301 4434 sensum
2335 4379 2507 4432 inesse
2541 4379 2740 4432 diceret
2784 4395 2798 4431 :
2839 4394 2860 4428 ι
2903 4378 3153 4447 Didymus
3178 4416 3195 4442 ,
3233 4375 3422 4444 inquit,

204 4473 443 4535 δεικνὺς
469 4470 691 4536 ἑαυτοῦ,
720 4468 902 4523 οὐκέτι
930 4467 1183 4521 ἐλάττονα
1209 4469 1395 4522 ἑαυτὸν
1421 4468 1514 4521 τοῦ
1542 4469 1675 4523 ΙΙνεύ
1684 4486 1786 4539 μα-

1890 4472 1943 4525 ἰιι
1986 4471 2113 4540 ipsis
2139 4467 2277 4538 Περὶ
2301 4467 2516 4536 ἀρχῶν,
2546 4482 2679 4536 quos
2713 4479 2767 4521 tu
2824 4468 3206 4537 interpretatus
3242 4481 3319 4530 es.
3357 4466 3427 4520 li-

204 4581 325 4628 τος,
373 4560 524 4616 ἀλλὰ
571 4559 792 4631 μείζονα
836 4558 930 4612 καὶ
968 4557 1078 4611 ἴσον
1107 4557 1231 4611 ὄντα
1276 4558 1569 4627 σημαίνων,
1617 4559 1783 4612 ἐδίδου

208 4654 315 4725 μὲν
330 4652 401 4705 τὸ
419 4647 673 4719 Πνεῦμα,
706 4648 802 4701 καὶ
828 4647 998 4715 ἔλεγε·
1027 4646 1242 4700 Λάϐετε
1261 4648 1324 4699 τὸ
1339 4647 1576 4716 Πνεῦμα
1595 4646 1782 4717 ἅγιον,

206 4744 331 4799 aut-
405 4738 557 4808 Ἐγὼ
567 4738 714 4793 αὐτὸ
727 4739 1098 4800 ἀποστέλλω,
1120 4736 1390 4802 κάκεῖνος
1402 4737 1506 4806 ἐμὲ
1520 4736 1782 4801 δοξάσει.

213 4849 234 4883 σ
300 4831 443 4886 Haec
508 4829 727 4899 quidem
794 4826 990 4882 Judaais
1037 4835 1288 4893 tanquam
1345 4826 1504 4879 homo
1570 4825 1781 4880 dicebat

208 4921 538 4976 Dominus:
571 4916 847 4985 discipulis
879 4925 1056 4970 autem
1112 4914 1444 4968 divinitatem
1471 4921 1524 4967 et
1574 4914 1780 4983 magni-

211 5013 475 5071 tudinem
507 5022 664 5061 suam
686 5005 1000 5070 ostendens,
1034 5018 1137 5058 non
1159 5002 1272 5071 jam
1304 5002 1530 5071 amplius
1572 5016 1631 5056 se
1659 5000 1781 5070 Spi-

212 5104 326 5156 ritu
369 5098 667 5162 minorem,
694 5096 785 5149 sed
814 5094 1069 5164 majorem
1107 5102 1164 5146 ct
1183 5091 1438 5161 aequalem
1465 5105 1584 5144 esse
1609 5093 1779 5161 signi—

214 5192 423 5251 ﬁcans.
474 5186 641 5241 dabat
673 5185 888 5255 quidem
921 5183 1209 5254 Spiritum,
1241 5189 1294 5234 et
1338 5178 1545 5233 dicebat
1578 5197 1592 5232 :
1630 5179 1780 5233 Acci-

213 5285 327 5351 pite
346 5279 615 5347 Spiritum
645 5286 878 5328 sanctum
904 5274 945 5305 “
965 5291 980 5339 ;
1004 5282 1059 5327 et
1085 5269 1383 5339 :Egoillttm
1408 5267 1581 5333 mitto,
1605 5270 1784 5337 rt'ipu

218 5386 306 5426 me
340 5367 664 5441 gloriﬁcabit
690 5367 757 5420 “.
786 5382 807 5417 ι
832 5365 1042 5420 Clarius
1076 5363 1237 5417 etiam
1277 5360 1501 5415 Basilius
1528 5378 1544 5415 :
1576 5361 1783 5433 ’Ὠσπερ

216 5464 249 5519 6
272 5461 414 5523 Υἱὸς
439 5455 596 5521 τάξει
627 5453 725 5526 μὲν
751 5454 995 5526 δεύτερος
1023 5451 1115 5504 τοῦ
1153 5449 1364 5520 Πατρός
1381 5463 1396 5478 ⁸
1426 5450 1782 5519 ⁸προτέτακται

218 5552 339 5623 γὰρ
372 5553 406 5604 6
432 5548 628 5617 Πατὴρ
647 5547 703 5599 ὲν
731 5547 795 5615 τῇ
827 5542 1298 5613 συκθαριομήσεμ...
1327 5540 1404 5591 ἔτι
1436 5539 1490 5590 δὲ
1512 5542 1605 5592 καὶ
1626 5540 1783 5607 ἀξιώ-

1885 4559 1998 4615 bris
2025 4561 2214 4615 breves
2233 4557 2959 4621 dictavitcommentariolos,
2979 4559 3172 4628 quibus
3194 4570 3299 4611 non
3331 4570 3427 4611 ne-

1888 4659 2039 4719 garet
2069 4650 2136 4704 ab
2161 4648 2387 4717 Origene
2402 4646 2621 4714 scripta,
2645 4659 2763 4715 qua:
2789 4647 2983 4717 scripta
3014 4655 3181 4712 sunt;
3209 4646 3303 4701 sed
3329 4660 3426 4701 nos

1887 4739 2156 4807 simplices
2185 4737 2426 4792 homines
2458 4750 2562 4790 non
2596 4749 2753 4804 posse
2775 4735 3071 4804 intelligere
3098 4750 3215 4804 qua:
3235 4735 3424 4790 dicun-

1889 4841 2011 4899 tur;
2035 4837 2091 4883 et
2114 4842 2220 4898 quo
2252 4841 2409 4881 sensu
2445 4825 2497 4878 in
2527 4826 2721 4879 bonam
2743 4834 2947 4893 partem
2978 4825 3146 4894 accipi
3175 4825 3422 4885 debeant.
3524 4836 3531 4841 ‘

1882 4917 2206 4986 persuadere
2235 4924 2477 4968 conatur.
2517 4930 2539 4964 ι
2592 4912 2815 4967 Accedit
2852 4914 3111 4983 anonymi
3143 4913 3424 4981 scriptoris

1882 5023 1911 5061 a
1943 5006 2132 5061 Photio
2181 5004 2303 5062 cod.
2362 5018 2502 5059 cxvtt
2539 5002 2940 5057 commemorati
3002 5002 3324 5056 testificatio.
3376 5004 3426 5057 ls

1881 5097 2127 5166 Origenis
2180 5097 2546 5151 defensionem
2604 5096 2839 5163 quinque
2886 5093 3037 5148 libris
3068 5093 3424 5159 complexus.

1879 5187 2010 5256 φησὶ
2033 5185 2192 5256 μηδὲν
2213 5185 2372 5239 αὐτὸν
2390 5183 2528 5239 κατὰ
2551 5183 2704 5248 δόξαν
2726 5180 2983 5259 ἐσφάλθαι
2999 5179 3126 5251 περὶ
3145 5179 3244 5248 τῆς
3259 5181 3430 5251 Τριά-

1885 5273 1972 5337 δος
1991 5290 2007 5306 ·
2049 5272 2531 5344 ἀπιφερόμενονδὲ
2551 5275 2616 5343 τῇ
2634 5271 2837 5342 αἱρέσει
2860 5267 3165 5328 Σαϐελλίου,
3185 5268 3266 5328 είς
3288 5269 3459 5336 μέγα.

1886 5363 2051 5417 κακὸν
2085 5363 2295 5436 ἠρμένη
2324 5363 2441 5417 τότε
2464 5379 2479 5395 ’
2510 5363 2603 5417 καὶ
2620 5363 2718 5433 τὴν
2746 5360 2852 5413 τῶν
2873 5356 3172 5429 προσώπων
3197 5354 3430 5425 Τριὰδα,

1887 5456 2277 5526 ἐναργεστάτην
2313 5455 2405 5508 κα)⁸
2441 5453 2649 5517 πολλοῖς
2669 5451 2881 5524 τρόποις
2897 5445 3254 5518 διαφέρουσαν
3282 5443 3437 5513 ἀγω-

1887 5544 2181 5615 νιζόμενον,
2221 5529 2566 5615 παραστῆσαι
2591 5541 2737 5612 παρὰ
2762 5537 2867 5595 soil
2891 5535 3253 5609 προσήκοντος
3272 5569 3305 5597 ,,
3342 5534 3440 5591 καὶ

244 5719 254 5726 ’
301 5724 351 5754 ’⁸
380 5720 540 5776 J‘oan.
577 5730 685 5786 xiv,
715 5715 801 5774 εδ.
876 5718 916 5750 ’⁸
950 5713 1105 5769 Joau.
1141 5726 1229 5777 xx,
1262 5711 1346 5764 ‘22.
1422 5711 1467 5743 "
1494 5709 1646 5765 Joan.
1672 5727 1782 5781 xvi,

1888 5755 1899 5768 .
1976 5717 2018 5751 ’τ
2049 5713 2201 5772 han.
2249 5729 2301 5781 Χ,
2338 5714 2427 5769 50.
