3846 6436
464 452 567 505 755

459 560 536 618 εἰς
585 547 879 602 τούναντίον
918 544 1272 612 ἀπενεχθῆναι
1308 561 1319 571 δ

446 637 718 711 ,Ἆρειανῴ
737 635 1121 705 ἀρρωστήματι
1141 633 1451 686 ἑαλωκέναι.
1485 651 1502 682 ι
1534 631 1675 685 Nihil
1705 633 1872 700 ipsum
1907 647 1986 685 as-

453 731 578 785 serit
603 728 740 781 circa
759 724 1074 777 Trinitatem
1105 738 1342 787 errasse;
1371 724 1462 777 sed
1488 737 1608 777 cum
1635 721 1850 776 Sabellii
1878 721 1986 774 bae-

449 819 608 872 resini
635 816 986 883 impugnaret,
1013 827 1132 881 qua;
1163 821 1270 864 tum
1307 814 1361 864 in
1405 826 1649 880 magnam
1673 811 1989 880 erumpebat

449 905 764 973 perniciem,
794 912 849 956 et
891 917 1239 969 personarum
1274 901 1588 954 Trinitatem
1643 899 1983 952 manifestam

446 1003 502 1048 et
535 994 715 1047 multis
745 993 914 1046 modis
944 990 1275 1044 diﬂ‘erentem
1321 989 1648 1052 defenderet,
1688 996 1834 1043 extra
1876 987 1986 1040 cal-

446 1081 546 1134 lem
579 1079 792 1140 abiisse,
828 1089 878 1131 et
924 1077 975 1130 in
1021 1077 1343 1132 contrariam
1395 1087 1596 1142 partem
1628 1075 1789 1129 fuisse
1825 1075 1983 1129 abre‘

445 1177 617 1233 ptum,
673 1167 903 1234 indeque
955 1165 1125 1217 visum
1188 1165 1389 1219 Ariano
1433 1165 1616 1219 inorbo
1665 1165 1927 1218 laborare.
1957 1182 1977 1215 ι

432 1256 599 1321 Quod
628 1257 703 1308 ait
734 1257 799 1308 de
831 1254 1129 1308 Sabelliana
1162 1255 1373 1318 liairesi,
1428 1256 1493 1308 de
1543 1254 1795 1308 Noetiana
1827 1254 1984 1307 intel-

444 1345 582 1413 lige;
607 1353 726 1412 post
755 1342 1036 1411 Origeneni
1059 1344 1250 1411 quippe
1282 1358 1431 1397 suam
1475 1343 1740 1396 Sabellius
1787 1344 1983 1411 sparsit

442 1434 688 1488 haeresim
723 1451 739 1484 :
797 1447 976 1485 verum
1033 1447 1137 1485 non
1169 1440 1273 1484 tam
1299 1446 1486 1484 novam
1524 1431 1726 1485 invexit
1754 1442 1980 1495 sectam,

431 1499 602 1592 ’quam
636 1533 863 1575 veterem
895 1536 924 1573 a
956 1520 1123 1575 Noeto
1150 1531 1472 1589 praeceptore
1502 1536 1598 1576 suo
1622 1520 1867 1575 traditam
1891 1536 1977 1575 re-

442 1613 617 1666 ﬁnxit.
649 1610 892 1680 Aiqualis
919 1620 1094 1664 autem
1121 1609 1366 1680 Origenis
1405 1609 1507 1664 fuit
1527 1609 1747 1678 Noetus,
1775 1610 1867 1680 qui
1891 1606 1981 1664 ve;

428 1703 575 1769 teris
601 1709 654 1753 et
683 1701 792 1768 ipse
825 1709 1146 1768 propagator
1178 1701 1439 1754 haereseos
1479 1701 1655 1769 potius
1689 1716 1849 1768 quant
1882 1717 1978 1754 no-

441 1803 520 1841 vae
548 1799 736 1842 auctor
765 1789 1016 1842 dicendus
1061 1797 1165 1842 est.
1213 1788 1462 1856 IEqualis
1507 1791 1668 1842 etiam
1706 1792 1980 1858 utriusque

1687 437 1746 488 P.
1782 435 2088 488 DANIELIS
2125 435 2356 488 HUETll

1371 543 1428 608 ἐξ
1484 537 1542 596 οὗ
1589 542 1732 606 δόξαι
1775 542 1865 593 καὶ
1907 540 1966 610 τις

2161 539 2445 607 sapientia.
2470 537 2717 608 Cyrillus
2745 536 2848 590 lib.
2879 550 2943 588 ιιι
2981 541 3179 585 contra
3201 531 3431 584 Julian.
3461 546 3481 583 :
3508 533 3728 588 Πλάτων

3630 427 3729 482 756

2084 627 2176 679 ἕνα
2202 629 2297 697 μὲν
2321 623 2462 678 εἶναι
2484 626 2576 679 τὸν
2612 624 2973 695 δημιουργὸν
3009 623 3318 692 διωρίσατο
3347 622 3448 674 τὸν
3480 623 3729 676 ἁπάντων

2084 717 2274 779 αἴτιον,
2300 715 2360 767 ὃν
2395 716 2490 768 καὶ
2538 714 2799 783 προσεχῆ
2845 710 2932 780 τῷ
2989 712 3194 778 κόσμῳ
3243 709 3521 776 γενὲποαι
3563 713 3728 779 φησί’

2084 807 2490 876 προϋφεστάναι
2525 821 2589 872 γε
2637 803 2750 873 μὴν
2779 801 2960 856 αὑτοῦ
3021 801 3162 853 Θεὸν
3203 801 3436 870 ἕτερον,
3471 801 3594 870 ἦτοι
3641 804 3730 872 τὴν

2087 895 2224 948 ἰδέαν
2250 894 2516 961 τάγαθοῦ.
2541 894 2926 965 Προσεπινοεῖ
2966 891 3028 942 δὲ
3064 892 3166 942 καὶ
3200 891 3401 959 τρίτον
3419 891 3620 952 αἴτιον,
3646 892 3732 942 τά-

2083 983 2162 1048 ξει
2193 984 2250 1036 δὲ
2277 985 2372 1037 καὶ
2401 983 2563 1052 φύσει
2598 983 2712 1036 τῶν
2741 981 2996 1051 πρώτων
3040 978 3588 1050 μειονεκτούμενον,
3621 980 3649 1032 ὃ
3677 982 3732 1054 δὴ

2083 1073 2176 1124 καὶ
2219 1072 2398 1141 ψυχὴν
2446 1072 2556 1123 τῶν
2599 1072 2774 1124 ὄντων
2824 1070 3105 1122 ἁπάντων
3155 1069 3471 1122 ἀποκαλεῖ.
3516 1087 3536 1120 ι
3594 1071 3733 1124 Plato

2082 1177 2244 1215 unum
2268 1164 2485 1230 quidem
2504 1178 2628 1217 esse
2659 1163 2926 1231 opiﬁcem
2949 1161 3245 1225 deﬁnivit,
3272 1175 3476 1214 rerum
3498 1161 3731 1218 omnium

2085 1265 2323 1312 causam,
2357 1266 2524 1319 quem
2587 1259 2644 1304 et
2703 1249 3098 1318 pr0pinquum
3150 1249 3384 1302 mundo
3417 1263 3549 1302 esse
3589 1251 3731 1313 dixit,

2079 1339 2352 1394 exstitisse
2377 1355 2507 1393 vero
2530 1339 2709 1394 Deum
2729 1338 2978 1393 alterum
3011 1347 3150 1391 ante
3170 1337 3365 1402 hunc,
3399 1351 3602 1406 nempe
3621 1338 3734 1394 boni

2081 1429 2278 1482 ideatn.
2300 1428 2592 1498 Excogitat
2615 1437 2894 1497 prasterea
2914 1438 2976 1481 et
3002 1427 3242 1480 tertiam
3264 1443 3541 1492 causam,
3560 1430 3734 1484 ordine

2080 1518 2293 1584 quidem
2325 1529 2378 1572 et
2423 1529 2628 1572 natura
2666 1519 2963 1586 prioribus
3001 1517 3121 1572 illis
3173 1518 3558 1585 inferiorem,
3587 1534 3734 1588 quam

2084 1619 2138 1661 et
2160 1608 2395 1660 animam
2422 1608 2816 1662 universarum
2860 1623 3063 1662 rerum
3125 1607 3425 1676 appellat.
3479 1627 3500 1660 ›
3538 1609 3653 1674 Quo
3679 1627 3736 1665 ex

2079 1697 2231 1751 t‘onte
2265 1697 2581 1765 proﬂuxere
2609 1713 2719 1750 non
2749 1696 3024 1764 Origenis
3058 1713 3310 1752 errores
3333 1699 3524 1754 solum
3557 1704 3735 1763 adver-

2078 1803 2170 1840 sus
2194 1787 2602 1840 sanctissimam
2653 1787 3036 1854 Trinitatem,
3103 1788 3454 1843 aliarumve
3481 1806 3619 1858 quos
3669 1808 3738 1848 re-

445 1877 547 1930 fuit
577 1877 818 1947 Beryllus
844 1879 1132 1933 Bostrenus
1172 1880 1476 1948 episcopus,
1521 1881 1722 1934 erroris
1746 1881 1978 1947 ejusdem
2012 1859 2052 1916 Β
2083 1878 2392 1930 Censuimus
2426 1876 2651 1930 Patrum
2687 1878 2878 1931 minus
2914 1879 3394 1947 circumspecta).
3427 1880 3733 1948 locutiones,

443 1964 773 2028 defensioue,
822 1975 874 2020 et
917 1967 1108 2021 deinde
1138 1969 1506 2035 repudiatione
1535 1968 1778 2035 celebris,
1831 1978 1978 2038 post-

442 2068 602 2122 quam
626 2055 692 2108 ab
717 2055 947 2122 Origene
983 2058 1278 2119 convictus,
1307 2067 1360 2111 et
1392 2058 1456 2111 ad
1485 2059 1752 2111 saniorem
1782 2060 1974 2112 doctri-

442 2164 567 2201 nam
595 2150 868 2211 traductus
890 2158 989 2202 est.
1021 2150 1132 2204 llos
1167 2149 1474 2219 perstringit
1513 2150 1768 2217 Origenes
1797 2190 1812 2213 ,
1856 2166 1976 2203 cum

440 2239 564 2291 alibi
591 2238 920 2308 frequenter,
949 2251 1055 2293 tum
1075 2241 1127 2292 in
1155 2241 1290 2294 libro
1315 2257 1469 2309 quem
1502 2242 1557 2293 in
1593 2240 1880 2307 Epistolam
1908 2241 1976 2292 ad

444 2325 620 2380 Titum
644 2329 898 2396 scripsit;
927 2331 1388 2398 quiquelaudatur
1413 2347 1440 2383 a
1466 2331 1736 2399 Pamphilo
1768 2332 1818 2382 in
1843 2326 1977 2398 Apo-

441 2411 598 2479 logia.
619 2412 778 2467 lnitia
799 2415 1052 2468 doctrina:
1078 2417 1358 2484 hujusjam
1393 2419 1512 2472 inde
1543 2419 1607 2472 ab
1633 2419 1813 2486 lgnatii
1845 2433 1977 2472 tem-

440 2501 657 2564 poribus
691 2505 880 2570 repetit
914 2503 1174 2558 Baronius
1217 2511 1282 2560 ad
1315 2522 1400 2560 an.
1431 2507 1627 2561 Christi
1672 2509 1794 2570 260,
1823 2526 1972 2563 num.

439 2589 528 2644 65.
565 2590 714 2657 Quod
759 2607 887 2662 ergo
941 2595 1074 2648 dixit
1120 2611 1417 2665 anonymus
1463 2597 1679 2651 Sahellii
1733 2600 1972 2652 haeresim

439 2685 776 2753 impugnasse
827 2685 1131 2755 Origenem,
1170 2689 1247 2741 sic
1293 2690 1658 2756 accipiendum
1699 2700 1800 2753 est,
1839 2692 1974 2742 hanc

439 2775 507 2826 ab
539 2789 608 2828 eo
637 2774 996 2842 impugnatatn
1027 2776 1269 2830 haeresim
1295 2793 1412 2844 quae
1434 2794 1463 2830 a
1499 2778 1722 2831 vetustis
1752 2777 1971 2832 haereti-

434 2864 513 2916 cis
539 2872 680 2927 orta,
705 2880 734 2916 a
763 2863 930 2919 Νοθιο
958 2874 1009 2919 et
1032 2866 1238 2936 Beryllo
1264 2867 1375 2921 suis
1410 2877 1736 2936 propugnata
1770 2879 1972 2935 tempo-

436 2951 604 3015 ribus,
636 2969 830 3007 novum
863 2956 1053 3010 deinde
1084 2972 1114 3009 a
1152 2956 1382 3010 Sabellio
1408 2972 1600 3011 nomen
1633 2972 1695 3010 ac
1745 2957 1969 3011 formam

433 3043 656 3110 accepit.
689 3045 766 3096 Ac
795 3043 840 3096 si
873 3044 991 3112 quis
1039 3044 1384 3114 Ἀρειανίζειν
1420 3046 1617 3098 diceret
1643 3045 1926 3112 Origenem
1950 3086 1967 3109 ,

2081 1969 2174 2020 sed
2203 1968 2462 2035 quidquid
2489 1969 2655 2020 etiam
2690 1967 2793 2022 fuit
2825 1978 3035 2023 contra
3086 1969 3256 2024 idem
3310 1973 3648 2042 mysterium
3678 1977 3735 2030 ab

2077 2057 2348 2111 haereticis
2381 2060 2702 2115 insanitum.

2149 2145 2287 2224 _Xlll.
2339 2147 2396 2201 Si
2430 2163 2538 2202 non
2569 2165 2638 2202 ex
2673 2166 2841 2219 supra
2872 2150 3075 2205 allatis
3103 2160 3170 2204 et
3199 2152 3260 2205 in
3293 2162 3604 2222 utramque
3626 2169 3732 2224 paro

2080 2221 2183 2291 tetit
2234 2239 2499 2308 expositis
2539 2243 2901 2305 testimoniis,
2953 2244 3186 2311 quibus
3234 2243 3372 2298 Filii
3412 2256 3468 2298 et
3519 2221 3734 2314 spiritus

2075 2330 2242 2381 sancti
2274 2329 2590 2397 dignitatem
2617 2331 2964 2385 labefactare
2999 2333 3094 2386 vel
3135 2350 3422 2391 asserere
3478 2339 3622 2393 visus
3664 2349 3732 2393 est

2076 2409 2356 2487 Origenes,
2397 2423 2536 2474 satis
2599 2423 2773 2489 ipsius
2822 2423 3017 2478 elucet
3050 2429 3374 2480 sententia
3412 2445 3428 2479 :
3491 2440 3547 2482 at
3592 2430 3730 2484 lat-ile

2075 2518 2224 2560 Certe
2251 2507 2679 2575 deprehenditur
2705 2526 2775 2564 ex
2806 2514 3248 2582 sequentibus,
3300 2517 3362 2569 in
3402 2518 3606 2585 quibus
3634 2535 3732 2572 nio-

2073 2594 2314 2648 litionem
2349 2611 2529 2648 rerum
2551 2597 2607 2650 in
2634 2597 2806 2652 Deum
2835 2598 3078 2654 Patrem
3115 2606 3489 2660 transcribit
3514 2623 3530 2670 ;
3559 2607 3730 2661 Filium

2076 2701 2206 2737 vero
2231 2687 2614 2740 secundariam
2656 2697 2875 2743 tantum
2907 2694 3224 2748 creationi
3266 2697 3620 2765 impendisse
3639 2701 3734 2756 vult

2073 2789 2315 2839 operam,
2337 2785 2391 2827 et
2420 2776 2772 2831 instrumenti
2807 2779 2898 2833 vel
2939 2783 3221 2837 ministri
3263 2798 3470 2853 partes
3498 2788 3721 2843 obiisse:

2073 2864 2180 2932 (99)
2211 2864 2364 2917 Dii-cio
2404 2866 2606 2932 τοίνυν,
2641 2868 2820 2937 inquit
2853 2880 2999 2926 tom.
3046 2888 3093 2926 ιι
3167 2876 3234 2928 in
3265 2876 3475 2943 Joan.,
3521 2896 3662 2934 num.
3685 2883 3730 2946 6,

2073 2957 2162 3006 καὶ
2196 2955 2403 3020 ἐνθάδε,
2435 2959 2482 3009 εἰ
2517 2958 2698 3011 πάντα
2722 2959 2814 3011 διὰ
2838 2961 2941 3012 τοῦ
2979 2963 3194 3032 Λόγου
3230 2968 3497 3035 ἐγένετο,
3527 2971 3624 3040 οὐχ
3645 2971 3732 3023 ὑπὸ

2069 3047 2160 3098 τοῦ
2178 3047 2351 3116 Λόγου
2376 3050 2612 3116 ἐγένετο,
2649 3051 2764 3102 ἀλλ’
2799 3053 2912 3106 ὑπὸ
2957 3057 3328 3125 κρείττονος
3357 3063 3460 3114 καὶ
3507 3064 3729 3134 μείζονος

435 3147 553 3186 eam
588 3147 777 3203 nempe
825 3136 964 3189 tueri
1005 3135 1338 3199 doctrinam,
1371 3150 1487 3204 quae
1516 3137 1681 3190 inulto
1731 3146 1850 3206 post
1901 3141 1966 3193 ab

2136 3137 2219 3208 ιρὰ
2233 3139 2325 3191 τὸν
2339 3141 2529 3208 Λόγονο
2548 3143 2630 3206 τίς
2642 3143 2688 3195 δ’
2707 3143 2774 3196 ἂν
2791 3145 2962 3209 ἄλλος
2978 3142 3176 3214 οὗτος
3193 3156 3470 3227 τυγχάνῃ
3486 3158 3690 3226 (100λῆ
3704 3159 3728 3208 ό

431 3224 563 3277 Ario
589 3224 935 3292 ampliﬁcata,
957 3240 1148 3279 nomen
1177 3224 1244 3278 ab
1266 3240 1329 3278 eo
1354 3227 1538 3294 adepta
1565 3237 1668 3280 est.

502 3311 614 3366 Xll.
645 3313 862 3366 Multum
912 3315 1122 3382 quidem
1157 3315 1293 3368 valet
1337 3317 1473 3381 apud
1528 3332 1630 3379 me,
1664 3332 1758 3384 pro
1791 3333 1854 3370 eo
1906 3334 1969 3371 ac

434 3402 614 3467 debet,
660 3403 878 3455 Patrum
925 3403 1132 3455 illorum
1167 3405 1458 3457 auctoritas
1483 3443 1499 3468 ,
1547 3406 1636 3474 qui
1672 3406 1967 3460 doctrinam

434 3493 681 3559 Origenis
705 3493 769 3544 de
797 3492 1060 3548 Trinitate
1090 3493 1362 3562 sull'ragiis
1387 3495 1498 3548 suis
1534 3497 1969 3562 comprobarunt.

435 3580 539 3632 Sed
579 3581 707 3633 inihi
739 3590 914 3634 tamen
943 3583 1108 3648 pluris
1137 3593 1219 3636 est
1251 3586 1362 3651 ipsa
1389 3585 1604 3650 veritas,
1629 3601 1786 3654 quam
1824 3596 1876 3640 et
1902 3605 1968 3642 ex

433 3669 768 3737 Origeniana':
792 3670 1043 3725 doctrina:
1066 3674 1414 3736 connexione,
1438 3684 1491 3727 et
1518 3690 1580 3726 ex
1611 3684 1808 3729 attente
1843 3693 1966 3745 per-

433 3758 632 3825 spectis
675 3758 974 3812 Adamantii
1027 3761 1223 3824 verbis,
1275 3771 1327 3814 et
1375 3777 1440 3813 ex
1477 3762 1694 3815 Patrum
1741 3765 1966 3818 aliorum

433 3847 784 3914 complurium
821 3848 1304 3914 testiﬁcationibus,
1331 3850 1439 3920 (98)
1470 3851 1521 3904 in
1555 3863 1730 3919 partes
1761 3865 1960 3907 sectam

431 3941 502 3991 ab
551 3939 666 4006 ipso
701 3939 1045 4004 Trinitatem,
1076 3950 1129 3994 et
1158 3943 1406 3996 essentia:
1438 3959 1499 3996 ac
1526 3944 1817 4000 divinitatis
1845 3949 1965 4015 qui-

429 4025 654 4081 busdam
689 4027 851 4080 veluti
883 4029 1136 4096 gradibus
1168 4029 1471 4082 distinctam
1502 4030 1868 4096 clamantium,
1895 4034 1958 4086 li-

430 4117 591 4184 quido
615 4116 744 4169 mihi
776 4119 1108 4185 perspexisse
1135 4118 1337 4171 videor.
1365 4119 1511 4172 Adde
1536 4119 1817 4175 Platonicae
1843 4124 1962 4189 phi-

431 4205 686 4274 losophiae
707 4207 937 4276 decreta,
986 4207 1050 4260 ad
1077 4222 1194 4276 quae
1222 4208 1334 4262 fere
1360 4224 1452 4260 sua
1481 4212 1741 4276 expressit
1772 4210 1961 4282 Orige-

430 4309 549 4358 nes,
569 4297 706 4360 quod
727 4296 837 4364 jam
871 4312 1030 4364 supra
1061 4297 1385 4362 monuimus,
1428 4299 1630 4351 larvam
1675 4304 1959 4368 quamdam

430 4386 713 4440 Trinitatis
777 4387 1056 4456 eﬂingere,
1104 4389 1346 4456 personis
1385 4397 1712 4443 constantem
1771 4393 1960 4457 tribus,

434 4475 943 4542 inaequalipraaditis
975 4477 1254 4546 dignitate,
1296 4487 1593 4546 potestate,
1643 4481 1962 4550 antiquitate

501 4583 547 4615 "
569 4583 722 4639 Joan.
759 4602 798 4650 ι,
821 4587 876 4640 ’5.

469 4769 480 4780 _
499 4699 606 4770 (98)
632 4701 696 4753 In
719 4714 888 4780 partes
913 4717 1101 4780 sectam
1123 4711 1186 4763 ab
1208 4711 1316 4776 ipso
1351 4713 1676 4777 Trinitatem,
1720 4728 1822 4772 etc.
1877 4721 1952 4773 Ex

429 4771 514 4823 his
537 4785 652 4836 qua:
678 4786 837 4842 supra
865 4774 1104 4842 infraque
1127 4771 1547 4842 observavimus.
1603 4771 1739 4839 satis?
1773 4771 1953 4841 osleii;

429 4853 546 4892 sum
577 4847 659 4891 est
688 4841 858 4918 nullos
879 4841 1073 4910 gradus
1104 4847 1153 4898 in
1183 4848 1441 4904 Trinitate
1475 4841 1808 4908 constituisse
1832 4858 1954 4911 Ori-

429 4921 636 4985 getioem,
662 4923 763 4959 nisi
797 4922 1032 4988 respectu
1062 4930 1253 4988 cauete,
1288 4921 1553 4988 principii,
1588 4924 1745 4976 fontis
1775 4935 1828 4977 et
1855 4929 1959 4978 ori-

429 4980 602 5055 ginisi
637 4989 705 5055 .ac
734 4980 961 5055 proinde
997 4981 1140 5055 nullo
1175 4980 1328 5055 modo
1363 4987 1412 5055 in
1461 4980 1641 5055 partes
1667 5003 1863 5046 sectam
1891 4996 1956 5047 ab

428 5045 545 5116 ipso
581 5042 1052 5116 fuisseiessentiam
1082 5052 1336 5107 divinam.
1372 5042 1542 5110 Unum
1573 5042 1953 5116 liociadda'mre

426 5112 564 5187 libro
588 5128 601 5164 ι
629 5113 766 5180 Περὶ
793 5113 1018 5182 ἀρχῶν,
1051 5135 1167 5187 cap.
1193 5121 1248 5187 ‘2,
1293 5139 1438 5180 num.
1491 5129 1553 5180 6:
1577 5112 1627 5177 ιθ
1652 5112 1950 5184 Observan;

427 5183 811 5254 domitamque
834 5196 914 5236 est
938 5200 1002 5238 ne
1023 5183 1140 5254 quis
1170 5183 1407 5245 incurrat
1451 5196 1499 5247 iii
1547 5198 1662 5250 illas
1695 5183 1952 5252 absurdus

425 5250 636 5335 tabulas
665 5265 847 5335 eorum
882 5256 968 5335 qui
1015 5250 1335 5323 prolationes
1383 5267 1641 5335 quasdam
1676 5250 1952 5335 sibiwipsis

425 5319 716 5400 depingunt
761 5319 1092 5400 ιιιᾌόίνὶηριιι
1151 5319 1414 5382 naturam.
1438 5334 1487 5383 in
1544 5319 1952 5400 partesvoeent

425 5384 692 5466 (secent),
731 5400 782 5443 et
810 5391 983 5466 Deum
999 5393 1228 5460 Patrem,
1271 5409 1522 5464 quantum
1544 5384 1948 5466 ἰἑῖέέοέῐζέιίί

425 5454 780 5535 γίώιιιιίςυιιι
817 5462 916 5535 hoc
955 5463 1019 5516 de
1057 5454 1362 5532 incorporea
1402 5479 1588 5522 natura
1628 5454 1708 5524 vel
1744 5454 1949 5524 leviter

424 5530 809 5604 suspicati-non
832 5530 994 5604 solum
1025 5530 1274 5587 extremm
1301 5536 1581 5601 impietatis
1625 5541 1726 5602 sit,
1765 5556 1944 5592 verum

426 5592 585 5672 etiam
615 5592 810 5647 ultima:
838 5595 1174 5672 insipientia,
1202 5618 1299 5656 nec
1323 5592 1541 5658 omnino
1558 5607 1620 5657 ad
1645 5592 1942 5672 intelligen-

429 5663 550 5737 liam
564 5673 898 5737 consequens
929 5663 983 5720 ut
1017 5663 1344 5737 incorporeze
1367 5681 1567 5725 naturae
1584 5663 1953 5730 substantialis.

425 5723 611 5779 divisio
655 5723 818 5798 possit
860 5723 1312 5810 intelligiiibiagis
1357 5723 1945 5808 ergo’s’iéai'iéiiiii’ti;

725 5823 884 5833 ra—.-__.

1987 4729 2030 4780 ι)
2070 4723 2309 4784 ιιιοιοριιίι
2337 4737 2366 4774 e
2398 4738 2604 4800 tuente,
2645 4739 2697 4780 et
2737 4748 2929 4800 neque

2073 3227 2295 3300 Πατήρ;
2328 3233 2530 3299 Duplex
2556 3244 2640 3287 est
2668 3235 2834 3304 hujus
2874 3237 2988 3291 loci
3027 3240 3241 3306 labes,
3287 3263 3422 3299 nam
3463 3257 3526 3302 et'
3543 3249 3723 3303 Filium

2067 3315 2226 3370 Patre
2266 3321 2528 3374 minorem
2552 3323 2973 3380 acinferiorem
3015 3346 3174 3388 esse
3241 3336 3534 3404 decernit,
3561 3350 3616 3394 et
3657 3355 3722 3394 rc-

2068 3421 2184 3458 ruin
2221 3411 2548 3464 creationem
2587 3415 2812 3481 penitus
2841 3419 2952 3486 ipsi
2981 3421 3138 3488 abju
3153 3426 3365 3494 dicat;
3423 3431 3478 3485 in
3511 3448 3613 3500 qua
3637 3433 3724 3487 Pa-

2071 3499 2136 3549 tri
2176 3508 2383 3553 tantum
2427 3503 2795 3572 ministrasse,
2857 3526 2974 3564 non
3012 3516 3384 3574 molitorem
3445 3499 3632 3579 itidem
3670 3535 3722 3578 ut

2066 3585 2278 3686 Patrem
2306 3591 2468 3686 fuisse
2512 3594 2642 3686 dicit
2668 3596 2762 3650 lib.
2791 3602 2981 3667 ιπερὶ
3018 3605 3281 3677 ἀρχῶν
3314 3612 3374 3666 in
3418 3614 3539 3684 ipso
3569 3632 3727 3686 prom-

2067 3679 2196 3740 niio,
2222 3696 2368 3733 num.
2395 3682 2428 3734 4
2464 3700 2478 3735 :
2513 3701 2533 3733 ι
2573 3683 2734 3740 Jesus
2763 3687 3037 3747 Christus
3085 3698 3239 3766 ipse
3274 3706 3379 3772 qui
3409 3679 3585 3771 venit,
3614 3720 3725 3763 ante

2066 3783 2278 3823 omnem
2313 3781 2624 3826 creaturam
2659 3787 2825 3832 natus
2857 3797 2930 3834 ex
2967 3783 3171 3842 Patre
3219 3805 3340 3848 est.
3383 3796 3492 3864 Qui
3522 3815 3641 3854 cum
3683 3801 3727 3855 in

2065 3860 2304 3955 omnium
2351 3866 2660 3918 conditione
2702 3867 2857 3923 Patri
2912 3875 3354 3940 ministrasset
3408 3860 3721 3960 (perimam

2065 3951 2202 4049 enim
2242 3955 2418 4006 omnia
2452 3955 2597 4021 facta
2623 3971 2745 4033 sunt
2770 3961 2841 4023 “)
2883 3969 3262 4031 novissimis
3296 3951 3646 4052 temporibus
3668 3999 3736 4039 se-

2067 4037 2237 4107 ipsum
2267 4043 2587 4099 exinaniens
2622 4048 2794 4104 homo
2828 4052 3024 4112 factus
3077 4076 3194 4118 est
3225 4086 3242 4121 :
3281 4092 3304 4121 ι
3342 4037 3517 4140 qu-em

2023 4162 2034 4174 ο
2067 4131 2263 4218 repetit.
2295 4143 2487 4184 auctor
2524 4135 2647 4188 libri
2676 4137 2756 4192 De
2788 4143 3002 4198 deitale
3039 4162 3101 4204 et
3143 4131 3560 4218 incar,;‘u,°o,,e
3597 4162 3728 4218 νηοί

2066 4217 2143 4318 ad.
2169 4215 2512 4318 ianua-riam,
2538 4223 2631 4287 qui
2665 4232 2816 4279 tomo
2857 4243 3094 4298 quarto
3148 4256 3412 4310 operum
3458 4215 3730 4318 Augustini

2064 4307 2254 4410 subjici
2280 4309 2447 4410 solet,
2469 4326 2594 4410 cap.
2625 4315 2680 4366 1.
2718 4315 2979 4410 Repetiit
3014 4338 3085 4380 et
3110 4307 3262 4387 aii—te
3293 4337 3460 4390 illum
3489 4307 3730 4410 Pavmpbi-

2066 4396 2230 4496 lius-in
2260 4396 2546 4496 Apologia:
2578 4412 2748 4472 atque
2792 4409 2955 4464 illum
2992 4430 3075 4470 ex
3121 4422 3232 4476 lib.
3273 4442 3341 4480 Ill
3373 4432 3434 4482 in
3475 4396 3645 4496 Epist:
3671 4429 3728 4480 ad

2070 4487 2269 4542 Coloss.
2297 4504 2310 4540 :
2341 4507 2358 4538 ι
2395 4489 2522 4544 Data
2543 4505 2632 4547 est
2653 4507 2841 4552 autem
2877 4503 2974 4557 lex
3008 4506 3216 4582 Moysi
3264 4535 3376 4587 per
3401 4487 3648 4592 angelos,
3682 4523 3729 4575 in

2970 4757 3218 4823 barley:
3251 4753 3518 4823 aliquam
3545 4759 3726 4814 mentis

2059 4799 2232 4854 secat,
2256 4807 2427 4870 neque
2455 4797 2535 4843 ab.
2555 4813 2617 4846 ea
2645 4797 3727 4896 separatur-si

2061 4860 2181 4896 nleun
2227 4874 2405 4896 ennmn
2443 4865 2712 4896 ιιιιι-..υΙυυ
2757 4881 2838 4896 ηη.
2895 4874 2999 4896 n_.
3139 4887 3257 4896 ...η
3439 4866 3456 4889 ⁹

2061 4860 2181 4929 dam
2211 4862 2405 4929 specie
2443 4860 2724 4924 putandus
2756 4881 2844 4923 est
2895 4874 2977 4929 Pa

2541 5277 2551 5286 .
2702 5284 2712 5293 .
2972 5276 3309 5291 μνη-...μη
3371 5276 3404 5293 υ

2535 5279 2812 5363 “typum”
2843 5307 3069 5363 o'lmem
3097 5302 3408 5363 hominem

2059 5340 2111 5388 in
2139 5340 2275 5391 [tunc
2310 5345 2561 5397 mundum
2598 5349 2790 5416 (Joatt.
2823 5373 2863 5420 ι,

2060 5411 2554 5432 ..ι-....-ι..έι,.,.1ἶ.ιν⁸
2654 5421 2665 5432 ι

2059 5422 2215 5484 mune
2234 5411 2298 5484 ad
2319 5411 2630 5484 solisltujus
2654 5411 2866 5479 lumen:
2898 5411 2997 5484 illi

2053 5557 2104 5592 ιιι
2130 5561 2284 5618 itum.
2382 5561 2436 5600 et
2469 5548 2522 5602 in
2557 5573 2710 5617 num.
2743 5548 2840 5618 9.4.

2123 5612 3043 5727 (iﬂaz‘lgffxmt‘ﬂtﬁur,_etc:UVIide
3077 5652 3270 5727 paulo
3303 5670 3483 5727 supra
3519 5673 3660 5714 num.
3681 5651 3710 5708 7

2130 5683 2136 5690 .
2206 5707 2212 5713 ἡ
2401 5689 2408 5696 .
2541 5709 2550 5718 ε
2699 5683 2712 5696 .
2765 5683 2869 5717 --σς
2923 5683 3043 5696 "vv
3077 5683 3270 5714 γαυιυ
3303 5683 3372 5709 δυ
3425 5683 3483 5712 ra
3519 5683 3660 5714 nunt.

3487 5729 3678 5784 ιοοιιω-

2121 5748 2270 5822 (ιυθ)
2295 5755 2578 5834 Tanaim.

3442 5315 3718 5366 venientem

3451 5385 3543 5462 bet
3577 5397 3718 5462 eom-

1977 5845 2056 5858 ηε.-
