3846 6448
160 393 236 445 751

1093 387 1646 448 ORIGENIANORUM
1686 392 1810 446 LIB.

1853 395 1916 458 li,
1956 396 2104 449 CAP.
2146 397 2210 456 Η,
2255 398 2521 462 ρυᾹΞδΤ.
2563 401 2627 452 ll.
3320 403 3419 456 πε

189 490 368 547 tuan"
402 477 719 584 “filim”
753 496 1076 553 mediatoris
1099 502 1290 556 Christi
1320 506 1384 567 ’⁸,
1417 507 1504 574 qui
1554 523 1670 561 cum
1697 523 1783 562 es-

1894 510 1970 562 τὸν
1987 510 2115 564 Θεὸν
2141 507 2227 580 ἦν,
2249 513 2340 565 καὶ
2354 513 2482 576 Θεὸς
2513 511 2599 584 ἦν.
2635 534 2652 565 ι
2688 514 2819 568 Cum
2854 530 2980 569 vero
3010 515 3212 584 opilicis
3232 517 3422 584 agebat

205 583 378 635 setis“
404 567 696 640 Principio
723 577 964 638 Verbum
1009 587 1122 653 Dei,
1157 601 1210 644 et
1246 595 1384 660 apud
1419 567 1581 649 Deum
1611 607 1786 665 esset,

230 679 280 722 et
294 669 452 720 beas
494 674 652 718 esset
704 667 973 740 Verbum,
1005 676 1152 732 Patri
1181 681 1231 732 in
1255 684 1496 737 omnibus
1527 685 1791 738 ministra-

250 756 332 806 rit.
378 747 574 804 Omnia
620 758 768 812 enim
815 780 908 828 per
933 766 1098 832 ipsum
1116 769 1254 834 facta
1279 783 1418 835 sunt,
1455 773 1506 825 ld
1550 784 1652 837 est,
1685 791 1789 829 non

247 842 404 896 solum
432 852 731 909 creatum,
753 851 850 904 sed
879 853 1030 906 etlex
1052 864 1105 908 et
1135 857 1453 924 prophetae.»
1481 861 1624 915 Unde
1650 871 1793 915 tomo

246 948 312 986 xx
344 934 392 983 in
429 930 629 996 Joan.,
654 935 808 994 ιιιιιίι.
845 941 894 1005 7,
941 945 1108 1012 ipsum
1139 949 1344 1014 quidem
1382 950 1648 1021 αὐτόπτην
1677 967 1794 1007 esse

244 1023 317 1074 ait
343 1037 534 1076 eorum
558 1040 682 1094 qua:
722 1040 850 1084 sunt
874 1032 924 1084 in
952 1033 1142 1100 Patre;
1171 1039 1388 1107 angelos
1411 1049 1585 1092 autem
1615 1043 1794 1097 videre

243 1116 426 1165 eadem
463 1128 567 1181 per
597 1117 796 1184 ipsum,
831 1130 1082 1190 tanquam
1129 1141 1221 1192 per
1257 1129 1592 1182 mediatorem
1617 1140 1669 1183 et
1697 1133 1796 1185 mi-

237 1203 472 1257 nistrutn
503 1244 520 1269 ,
569 1206 648 1268 ὡς
675 1208 764 1261 διὰ
795 1213 1009 1280 μεσίτου
1040 1216 1130 1268 καὶ
1159 1218 1442 1289 ὑπηρέτου.
1496 1221 1556 1274 Et
1592 1231 1717 1274 tom.
1754 1239 1790 1284 ι,

236 1307 388 1346 unm.
419 1293 516 1356 22,
549 1295 828 1352 Christum
888 1311 1107 1359 eatenus
1140 1322 1256 1360 esse
1284 1308 1590 1364 Creatorem
1622 1312 1794 1378 docet,

230 1392 512 1448 quatenus
544 1386 685 1439 dixit
718 1387 874 1442 Pater
903 1413 914 1445 :
951 1391 1072 1445 Fiat
1111 1395 1224 1457 lux,
1260 1397 1431 1460 idest,
1462 1409 1720 1466 quatenus
1745 1402 1794 1455 in

229 1473 492 1526 iacienda
518 1474 640 1528 luce
657 1476 803 1529 Patri
822 1481 1126 1535 ministrum
1143 1499 1200 1537 se
1218 1487 1458 1552 praebuit.
1501 1487 1574 1556 ll)
1596 1489 1795 1542 Claris-

224 1561 371 1614 sime
395 1577 539 1617 vero
569 1569 898 1622 sententiam
931 1570 1068 1625 hanc
1093 1575 1356 1641 expressit
1384 1575 1476 1628 lib.
1529 1591 1577 1628 νι
1615 1591 1792 1630 contr.

224 1648 349 1737 Cels
397 1689 413 1713 ,
461 1669 619 1707 num.
670 1655 756 1708 60'
790 1675 801 1709 :
840 1658 942 1710 Τὸν
988 1660 1082 1729 μὲν
1133 1662 1406 1732 προσεχῶς
1475 1664 1794 1737 δημιουργὸν

219 1736 370 1827 εἶναι
397 1743 496 1794 τὸν
523 1744 654 1797 Υιὸν
679 1745 772 1798 τοῦ
796 1747 928 1800 Θεοῦ
949 1750 1134 1817 Λόγον,
1153 1752 1242 1804 καὶ
1263 1751 1495 1822 ὡσπερεὶ
1511 1736 1795 1824 αὐτουργὸν

217 1829 320 1882 τοῦ
351 1831 575 1902 κόσμου
597 1850 612 1864 ·
640 1834 732 1886 τὸν
751 1835 807 1887 δὲ
828 1836 1041 1907 Πατέρα
1071 1839 1160 1890 τοῦ
1193 1841 1384 1907 Λόγου,
1407 1842 1480 1912 τῷ
1506 1860 1795 1912 προστετα-

219 1917 388 1987 χέναι
419 1920 503 1989 τῷ
531 1921 648 1990 Υἱῷ
674 1924 864 1976 ἑαυτοῦ
885 1927 1040 1994 Λόγῳ
1067 1928 1281 1996 ποιῆσαι
1309 1929 1400 1980 τὸν
1429 1929 1642 2000 κόσμον,
1662 1927 1794 1985 εἶναι

219 2006 476 2078 πρώτως
502 2009 854 2082 δημιουργόν.
883 2013 1000 2068 1am
1033 2031 1157 2085 ergo
1191 2019 1353 2085 liquet
1401 2034 1505 2086 quo
1531 2035 1687 2073 sensu
1715 2022 1796 2075 di-

217 2100 378 2150 xerit
412 2099 468 2151 in
505 2097 712 2153 Catena
736 2101 1030 2158 Baltasaris
1053 2106 1290 2159 Corderii
1320 2108 1373 2159 in
1398 2107 1554 2161 Joan.
1588 2111 1651 2161 ad
1676 2125 1790 2178 cap.

218 2205 262 2250 ι,
331 2190 362 2242 1
415 2191 488 2257 (si
545 2195 705 2245 modo
753 2191 815 2246 ea'
876 2209 1000 2248 vere
1039 2207 1160 2250 sunt
1202 2195 1468 2266 Origenis,
1515 2209 1567 2252 et
1599 2200 1794 2268 aliquid

217 2275 573 2334 Calenus-um
600 2284 907 2338 auctoritati
944 2285 1276 2339 tribuentium
1298 2286 1400 2353 est)
1426 2306 1438 2340 :
1464 2289 1796 2358 Δημιουργὸν

218 2368 340 2423 τῶν
370 2371 600 2424 πάντων
624 2371 904 2440 τιθέμενος
919 2374 1097 2438 αὐτὸν,
1116 2375 1174 2426 τὸ
1192 2375 1283 2428 τοῦ
1301 2376 1468 2440 Λόγου
1486 2375 1652 2445 ὄνομα
1671 2393 1797 2429 κατ-

212 2461 431 2529 ηγορεῖ
486 2458 676 2514 αὑτοῦ.
719 2479 738 2510 ι
775 2460 1025 2530 Opilicem
1069 2478 1239 2516 rerum
1280 2465 1513 2518 omnium
1563 2475 1796 2518 statuens

217 2549 442 2617 ipsum,
482 2547 646 2602 Verbi
675 2551 890 2604 nomine
915 2554 1081 2620 ipsum
1111 2553 1307 2617 allicit;
1341 2572 1360 2604 ι
1388 2555 1472 2608 ubi
1502 2563 1552 2606 et
1576 2555 1796 2626 ποιητὴν

215 2638 335 2691 τῶν
376 2640 598 2692 πάντων
629 2639 898 2706 appellat:
928 2651 980 2693 et
1011 2641 1086 2693 ait
1115 2643 1272 2709 paulo
1318 2653 1436 2710 post
1465 2663 1478 2698 :
1517 2645 1638 2706 Πῶς
1689 2647 1795 2717 γὰρ

213 2729 324 2779 οὐκ
362 2727 474 2780 ἔδει
504 2728 670 2780 αὐτὸν
709 2724 846 2780 εἶναι
877 2729 984 2798 πρὸ
1041 2731 1274 2794 πάντων,
1306 2733 1398 2784 καὶ
1448 2736 1503 2786 ὲν
1533 2735 1670 2804 ἀρχῇ
1703 2737 1796 2804 τῆς

216 2816 532 2885 ὑπάρξεως
563 2815 738 2868 αὐτῶν
757 2815 978 2884 κτίστην
999 2815 1152 2878 ovem;
1185 2835 1203 2866 ι
1233 2818 1506 2882 Quomodo
1531 2822 1670 2872 enim
1694 2836 1794 2871 non

218 2907 538 2974 oportebat
565 2920 685 2958 esse
711 2905 883 2971 ipsqu
915 2917 1038 2957 ante
1063 2906 1258 2965 tnnnia,
1303 2916 1356 2959 et
1407 2921 1527 2960 cum
1566 2909 1793 2974 primum

216 3011 362 3048 e~se
379 3006 681 3058 creverunt,
699 2993 789 3060 qui
811 3009 990 3046 eorum
1007 2993 1227 3046 Creator
1244 2995 1362 3046 est?
1383 3015 1399 3044 ι
1420 3007 1473 3048 et
1503 3011 1620 3048 mox.
1641 3013 1653 3047 :
1672 2997 1795 3048 Ὅτε

215 3085 273 3138 δὲ
324 3085 686 3152 ἐδημιούργει
712 3083 791 3144 εἰς
822 3082 1002 3134 οὐσίαν
1041 3081 1195 3150 ἔφερε
1220 3083 1286 3134 τὰ
1316 3083 1506 3148 πάντα,
1537 3085 1626 3136 καὶ
1662 3075 1794 3154 πρὸς

297 3200 361 3231 ⁸⁵
392 3196 573 3251 Galat.
604 3211 683 3259 ιιι,
727 3196 813 3250 l9.

1890 609 2086 667 partes,
2105 601 2308 653 cunctis
2324 603 2586 670 praebebat
2603 611 2658 656 ut
2671 613 2870 666 essent,
2887 615 2939 658 et
2953 614 3063 658 erat
3078 605 3215 669 apud
3236 605 3418 666 Deum,

1889 695 1942 740 et
1969 686 2104 740 Deus
2146 696 2290 751 erat;
2323 706 2342 737 ι
2385 697 2436 742 et
2455 690 2678 757 denique
2707 708 2720 741 :
2752 691 2884 742 Ἀλλ’
2918 693 3014 761 οὐχ
3041 693 3068 743 ὁ
3097 691 3419 764 δημιουργὸς

1890 773 1977 826 τοῦ
1995 775 2187 838 παντὸς
2208 774 2460 838 τοιοῦτος,
2479 779 2751 845 τυγχάνων
2767 779 2891 842 Θεὸς
2907 782 3072 846 Λόγος
3090 782 3206 834 κατ’
3218 781 3418 834 οὐσίανο

1889 863 1966 914 διὸ
1995 863 2083 915 καὶ
2107 863 2288 930 Σοφία,
2311 865 2402 915 καὶ
2435 863 2676 932 Ἀλήθεια.
2700 867 2754 916 ἐν
2783 871 2898 930 ταῖς
2925 868 3215 935 Θεολογῐαις
3239 870 3422 938 ὀνομά-

1892 949 2054 1013 Caret.
2094 969 2112 1001 ι
2140 953 2208 1004 At
2240 967 2342 1005 non
2391 953 2462 1005 ita
2519 969 2696 1006 rerum
2745 957 2978 1010 omnium
3007 959 3295 1026 (Conditor,
3331 959 3422 1027 qui

1894 1042 2032 1095 Dens
2062 1042 2288 1096 Verbum
2313 1052 2394 1097 est
2414 1045 2701 1097 secundum
2727 1048 3032 1104 essentiam.
3063 1049 3213 1105 Unde
3241 1063 3294 1106 et
3321 1054 3420 1105 Sa-

1891 1131 2087 1198 pientia
2118 1131 2432 1199 appellatur.
2458 1141 2512 1186 et
2547 1132 2775 1196 Veritas,
2800 1149 2917 1188 cum
2945 1136 3008 1190 de
3039 1137 3197 1193 rebus
3229 1141 3420 1193 divinis

1893 1218 2186 1271 disseritur.
2224 1237 2240 1269 ι
2272 1219 2396 1272 Item
2417 1219 2507 1273 lib.
2534 1235 2600 1272 vn
2625 1221 2675 1272 in
2704 1218 2866 1286 Epist.
2890 1223 2956 1274 ad
2983 1223 3153 1287 Rom.,
3184 1241 3327 1279 num.
3349 1227 3414 1281 9:

1899 1325 1918 1356 ι
1956 1307 2097 1360 Nihil
2120 1319 2200 1361 est
2227 1309 2470 1373 visibilis,
2503 1310 2615 1363 sive
2639 1310 2930 1365 invisibilis’
2952 1317 3206 1367 creaturae
3229 1355 3244 1379 ,
3279 1319 3421 1384 quod

1893 1397 2026 1450 Filio
2055 1399 2217 1465 possit
2253 1400 2556 1466 adueqnari:
2593 1399 2737 1454 nullo
2789 1401 2933 1454 enim
2988 1411 3143 1469 pacto
3191 1407 3420 1459 creatori

1894 1500 1990 1540 suo
2021 1497 2260 1540 creatura
2301 1497 2470 1552 potest
2493 1488 2722 1541 conferri
2754 1508 2766 1543 :
2796 1498 2850 1544 et
2875 1490 2920 1544 si
2965 1503 3176 1544 creator
3200 1493 3309 1559 ipse
3333 1496 3424 1545 do-

1895 1587 2048 1628 natus
2075 1587 2158 1628 est
2183 1577 2352 1638 nobis,
2379 1581 2643 1642 quomodo
2671 1594 2774 1632 non
2797 1595 2916 1632 cum
2944 1581 3054 1648 ipso
3082 1582 3232 1635 nobis
3251 1586 3423 1636 omnis

1895 1675 2137 1717 creatura
2165 1665 2481 1718 donabitur?
2505 1685 2522 1716 ι
2557 1665 2750 1720 Rerum
2770 1667 3067 1723 effectorem
3092 1669 3280 1724 Filium
3306 1687 3424 1725 esse

1897 1760 2061 1819 putat,
2087 1755 2177 1806 sed
2209 1755 2574 1806 secundarium
2601 1774 2615 1809 :
2645 1765 2696 1810 et
2719 1773 2802 1811 res
2827 1759 3042 1826 quidem
3090 1776 3321 1824 creasse,
3370 1771 3424 1814 at

1898 1839 2232 1894 instrumenti
2276 1843 2386 1895 \‘iCe
2414 1843 2752 1913 fungentem;
2784 1847 2992 1901 Patrem
3021 1863 3144 1903 vero
3198 1852 3424 1903 ereatio~

1899 1927 1979 1980 nis
2001 1940 2274 1982 auctorem
2299 1945 2435 1993 esse,
2469 1944 2516 1984 et
2543 1935 2844 2000 primariam
2878 1951 2940 1990 ac
2961 1939 3277 2007 praecipuam
3306 1953 3426 1992 cauo

1897 2033 2010 2070 sam
2039 2037 2052 2071 :
2081 2028 2238 2083 atque
2270 2021 2336 2072 ita
2362 2035 2512 2073 suum
2540 2024 2730 2090 cuique
2752 2023 2978 2078 oliicium
3021 2027 3264 2094 partitur.
3291 2027 3426 2083 Hinc

1897 2104 2198 2160 Gennadius
2234 2108 2323 2160 lib.
2354 2109 2429 2162 De
2473 2110 2736 2179 Dogmat.,
2770 2128 2890 2182 cap.
2923 2114 2955 2166 4
2985 2131 2997 2164 :
3031 2133 3048 2165 (
3081 2115 3220 2167 Nihil
3251 2116 3423 2170 ollicio

1898 2196 2188 2264 singulare,
2237 2213 2334 2250 nec
2381 2199 2533 2253 alteri
2567 2205 3012 2256 communicabile
3061 2204 3144 2262 (in
3175 2204 3426 2260 Trinitats

1897 2285 2188 2352 credamus)
2216 2296 2272 2338 ut
2299 2286 2577 2352 Origenes.
2606 2309 2625 2339 ι
2664 2290 2797 2344 Hinc
2823 2293 2982 2345 etiam
3007 2293 3261 2362 Cyriaens
3287 2295 3424 2361 apud

1898 2373 2199 2426 Simeonem
2254 2375 2660 2443 Metaphrastem
2718 2380 2855 2434 inter
2889 2380 3132 2447 dogmata
3181 2383 3426 2450 Origeni-

1897 2471 2102 2518 starum
2121 2463 2524 2520 Palaestiuorum
2543 2469 2717 2522 sreculi
2747 2471 2880 2522 seXIi
2906 2471 3196 2538 pouitillud
3221 2491 3234 2524 :
3266 2491 3282 2522 t
3308 2472 3426 2528 Triq-

1899 2552 2120 2607 nitatem
2156 2571 2258 2608 non
2293 2555 2456 2609 fuisse
2494 2559 2671 2608 mundi
2703 2557 2967 2623 opificem,
3010 2579 3028 2609 ι
3070 2569 3122 2612 et
3170 2561 3426 2614 Jtlslittia"

1900 2657 2000 2696 nus
2029 2640 2308 2708 Origenem
2335 2645 2676 2710 conqueritur
2705 2645 2894 2697 Filium
2927 2657 2979 2700 et
3021 2649 3272 2715 Spiritum
3298 2665 3425 2702 san-

1899 2742 2040 2786 ctum
2080 2732 2372 2798 appellasse
2414 2733 2750 2802 λειτουργικὰ
2779 2733 2910 2798 ζῶα,
2969 2754 2987 2786 ι
3040 2737 3425 2792 ministratoris

1899 2822 2167 2883 animalia,
2203 2840 2221 2871 ι
2251 2831 2307 2872 ιιι
2329 2838 2482 2888 supra
2511 2838 2537 2873 a
2580 2839 2662 2873 tne
2687 2826 3024 2876 observatum
3055 2835 3155 2878 est.

1970 2907 2108 2960 XIV.
2135 2907 2213 2978 (9.)
2246 2909 2467 2962 Easdem
2501 2920 2674 2975 partes
2703 2911 2752 2962 in
2776 2926 2948 2963 rerum
2983 2913 3253 2966 molitione
3289 2929 3419 2966 uou-

1901 2997 2028 3049 uulli
2083 3012 2113 3050 e
2170 2999 2544 3050 vetustioribus
2607 2998 2848 3054 Patribus
2913 3000 3040 3053 Filio
3103 3001 3422 3054 tribuerunt.

1901 3083 2220 3153 Theophilus
2244 3087 2600 3139 Antiochenus
2625 3087 2714 3140 lib.
2747 3103 2781 3139 li
2820 3090 2885 3140 atl
2916 3089 3217 3157 Autolycum
3249 3105 3266 3140 :
3290 3089 3426 3141 Τοῦ-

1829 1823 1867 1875 Β

295 3315 393 3382 (τι)
424 3311 734 3382 Clarissime
760 3326 875 3362 vero
907 3311 1218 3382 sententiam;
1248 3311 1377 3363 hanc
1418 3315 1666 3382 expressit
1699 3312 1791 3382 lio.
1823 3320 1866 3376 C
1897 3313 2250 3366 vetustioribus
2285 3310 2528 3364 Patribus
2563 3309 2700 3382 Filio
2737 3310 3042 3382 tribuerunt.
3081 3311 3236 3364 Certe
3264 3325 3292 3362 a
3319 3309 3422 3364 Pa-

223 3397 274 3438 η
296 3379 499 3436 contra
518 3380 894 3448 Celsunt,num.
915 3379 1008 3448 60:
1036 3379 1142 3431 Τὸν
1150 3379 1264 3445 μὲν
1277 3379 1600 3448 προσεχῶς.
1619 3390 1720 3434 etc.
1741 3381 1797 3434 Si

227 3451 474 3504 nimium
509 3456 796 3516 urgeretur
823 3447 910 3500 hic
944 3446 1112 3509 locus,
1147 3448 1269 3499 illud
1295 3446 1542 3513 potiusin
1571 3449 1795 3514 Origene

223 3519 879 3585 vituperandum:esset,
911 3517 1158 3585 quodin
1192 3517 1460 3570 creatione
1512 3518 1628 3584 plus
1661 3517 1796 3571 Filio

225 3582 452 3641 tribuat
475 3600 641 3651 quant
664 3582 840 3636 P‘atri:
873 3601 992 3652 nam
1026 3584 1162 3636 illius
1179 3586 1267 3650 qui
1302 3595 1445 3652 creat
1473 3582 1648 3652 plures
1675 3601 1792 3639 esse

227 3663 431 3724 partes
456 3655 724 3724 ridentur
750 3652 800 3703 in
829 3651 1118 3724 creatione,
1145 3666 1300 3724 quam
1329 3651 1483 3724 illius
1503 3654 1590 3719 qui
1620 3655 1790 3724 cre_ari

221 3719 414 3791 jubet.
447 3721 557 3775 Sed
595 3736 702 3773 nou
731 3735 795 3773 ea
815 3719 922 3791 [uit
949 3719 1158 3791 Origeni
1177 3720 1436 3772 sententia
1462 3735 1599 3791 guec
1616 3723 1678 3773 de
1696 3721 1794 3773 Pa-

229 3787 324 3846 tre
359 3791 640 3851 detrahit,
662 3803 781 3840 cum
814 3787 944 3839 Filio
963 3789 1290 3840 creationem
1313 3789 1493 3841 tnundi
1523 3791 1790 3850 attribuit;

228 3875 348 3914 nec
379 3861 448 3913 tle
500 3857 660 3916 Filio,
695 3870 816 3908 cum
867 3856 1331 3923 omnipotentiam.
1385 3871 1484 3921 qua
1540 3857 1790 3910 mundum

227 3929 479 3985 ereavit,
509 3926 576 3977 ad
611 3925 819 3977 Patrem
847 3924 1025 3977 refert.
1048 3933 1102 3974 ut
1126 3923 1429 3989 primarium
1463 3923 1787 3980 Creatorem.

227 3999 379 4051 Cum
415 3997 628 4046 diceret
660 3993 844 4044 Celsus
872 3992 1138 4058 indignum
1165 4006 1273 4042 esse
1300 3992 1464 4056 primo
1486 3999 1532 4042 et
1559 3994 1782 4044 maximo

231 4067 357 4118 Deo
377 4065 609 4130 jubere:
651 4059 771 4112 Fiat
805 4061 918 4130 hoc,
955 4060 1488 4130 optime-respondet
1530 4058 1787 4130 Origenes

233 4127 420 4187 Deum
449 4146 556 4184 nou
594 4130 748 4182 alicui
782 4129 1022 4180 ministro
1045 4127 1108 4178 ab
1145 4127 1256 4195 ejus
1286 4127 1789 4195 substantias-lieno

234 4205 391 4255 hanc
421 4199 757 4268 provinciam
789 4196 1138 4268 commisisse,
1176 4194 1274 4246 sed
1319 4194 1531 4260 proprio
1571 4194 1706 4268 Filio
1734 4207 1790 4248 et

235 4263 455 4328 Verbo,
491 4267 581 4319 cui
613 4265 791 4318 onmia
824 4265 1057 4331 tradidit.
1093 4263 1264 4315 Locus
1302 4272 1474 4331 autem
1519 4264 1582 4314 ad
1631 4280 1786 4331 quem

235 4340 340 4394 hic
377 4338 637 4388 lectorem
669 4330 1177 4398 dimittitOrigenes.
1208 4339 1384 4382 exstat
1418 4329 1507 4384 lib.
1545 4346 1601 4387 Il.
1641 4329 1785 4385 num.

233 4410 302 4470 9,
339 4407 428 4456 tllti
466 4405 549 4456 sic
593 4401 866 4467 loquitur:
913 4401 971 4453 Ei
1009 4399 1114 4468 γὰρ
1137 4399 1430 4470 ἐνετείλατο
1457 4399 1483 4449 ὁ
1509 4399 1659 4470 θεὸς,
1699 4402 1789 4455 καὶ

232 4466 478 4550 sigma
508 4471 577 4523 τὰ
602 4466 1187 4550 δηζμς-ιυργὴματαίτςς
1214 4467 1275 4550 αν
1312 4466 1445 4550 κατξι
1476 4467 1532 4518 τὸ
1555 4469 1791 4548 ,ἄρεσκον

230 4541 331 4611 τῷ
359 4533 686 4611 προὶρητικῷ
723 4533 990 4611 {iisquae}
1025 4535 1161 4611 sine
1196 4535 1308 4611 riis
1345 4533 1679 4611 τηῇι-καύτὴν
1698 4538 1790 4590 τοῦ

231 4589 713 4678 Ιῖᾆτρδιςῐὲντολὴν
742 4589 1368 4678 ὲκπὶῖηρῶσαίᾷυνηύεὶς,
1454 4604 1500 4678 ᾧ,
1523 4605 1604 4657 ἵνα
1626 4589 1792 4678 ουτως

231 4672 527 4747 ὁνομῖἁσω,
540 4672 778 4745 ἔμψυχος
793 4672 956 4742 Λόγος
975 4675 1064 4747 καὶ
1081 4672 1296 4740 ἀλήθεια
1311 4673 1580 4739 τυγχάνων
1600 4692 1655 4747 ;t_
1666 4673 1790 4726 Nam

235 4751 292 4803 si
334 4744 609 4799 mandavit
629 4747 786 4803 Dens,
813 4754 866 4794 et
887 4744 1110 4794 condita-
1134 4752 1251 4793 sunt
1278 4751 1551 4801 creaturae,
1572 4744 1690 4808 quis
1710 4753 1792 4795 est

238 4818 348 4885 ιιιιὶ
381 4817 680 4885 secundum
716 4811 1005 4885 prophetici
1041 4811 1268 4885 Spiritus
1300 4811 1635 4869 sententiam,
1676 4821 1791 4862 tati-

242 4879 373 4941 ιῖιιιι
413 4883 723 4936 mandatmn
783 4880 1070 4944 adimplere
1106 4879 1381 4944 potuisset,
1411 4889 1600 4942 praeter
1629 4894 1746 4930 eum
1772 4918 1786 4938 ,

241 4952 368 5019 qui.
401 4962 459 5003 ut
503 4955 577 5019 ita
611 4951 810 5009 dicam,
863 4949 1154 5019 animatum
1196 4945 1460 5019 Verbum,
1494 4957 1548 5019 et
1581 4949 1791 5019 Averitas

239 5013 372 5074 est?
406 5039 426 5070 ι
473 5017 590 5071 ιιιιο
625 5031 760 5085 ergo
786 5017 1076 5085 redittota
1121 5013 1362 5081 Origenis
1408 5015 1743 5085 ratiocinatio
1772 5033 1787 5068 :

243 5081 724 5154 Quemadmodum
749 5084 905 5138 Patre
937 5084 1206 5154 indignum
1241 5090 1444 5154 nonest
1472 5081 1604 5154 Filio
1624 5100 1791 5154 _man-

244 5151 391 5210 tiare
420 5165 478 5208 ut
505 5155 760 5206 mnmlmn
795 5163 966 5214 creet,
1009 5153 1132 5216 quia
1190 5151 1430 5216 proprius
1474 5153 1586 5214 ejus
1621 5151 1790 5205 Filius

247 5239 365 5286 cst,
393 5242 456 5277 ac
487 5224 758 5290 proprium
793 5221 1054 5280 Verbum;
1096 5221 1164 5272 ita
1195 5235 1289 5290 nec
1320 5218 1450 5290 Filio
1483 5219 1788 5272 indecorum

253 5287 513 5346 mandata
572 5291 744 5342 Patris
787 5303 1091 5354 Capt-ssere,
1141 5289 1263 5354 quia
1298 5287 1437 5338 nulla
1475 5302 1557 5340 res
1610 5298 1786 5340 creata

250 5360 521 5422 ejusmodi
550 5359 796 5410 mandata
825 5357 1110 5420 adimplere
1148 5355 1423 5420 potuisset.
1442 5384 1508 5422 έ-
1534 5355 1590 5406 Ι).
1625 5355 1784 5408 Prud.

253 5421 447 5482 Maron
487 5429 560 5479 De
582 5426 788 5477 divinit.
811 5425 1001 5476 Christi
1037 5425 1126 5475 lib.
1156 5438 1247 5490 tv,
1270 5439 1385 5490 cap.
1419 5421 1501 5479 16.
1543 5440 1682 5474 ιιιιιιι.
1732 5425 1785 5476 t5.

261 5495 399 5550 ι’..ιθ
431 5507 487 5548 et
516 5492 1152 5562 Bnlluttt__De[ens._ﬁdei
1203 5489 1426 5562 Νιιξιινιι.⁹
1455 5496 1517 5543 de
1569 5492 1682 5562 lf‘ilii
1713 5493 1787 5562 τῷ

255 5563 552 5634 δζιοουσίῳ,
581 5560 785 5634 εξιρηδ,
815 5558 960 5612 ιιιιιιι.
986 5558 1040 5618 6,
1063 5568 1113 5610 et
1137 5573 1249 5624 cap.
1277 5559 1329 5634 ξ),
1356 5575 1499 5634 unm.
1536 5561 1616 5621 1.0,
1640 5558 1786 5629 cujus

258 5627 670 5686 observationes
707 5627 757 5680 in
789 5638 909 5679 nota
956 5639 1200 5692 sequente
1229 5627 1557 5680 adducimus.

339 5700 414 5768 (ἓ)
448 5699 674 5752 Easdem
711 5704 876 5763 partes
907 5695 962 5745 in
1003 5707 1163 5744 rerum
1196 5695 1452 5748 molitione
1484 5697 1717 5752 nonnulli
1760 5717 1786 5753 e

1905 3391 1981 3434 tre
2003 3392 2249 3448 tauquam
2281 3394 2488 3432 summo
2541 3381 2727 3446 opilice
2771 3381 2918 3444 quasi
2975 3379 3284 3445 imperante,
3330 3395 3427 3447 per

1901 3447 2308 3502 Filium’Patris
2337 3448 2629 3514 iussionem
2669 3463 2730 3500 ac
2779 3447 3098 3500 Voluntatem
3129 3463 3422 3515 exsequen-

1903 3527 2028 3579 tem,
2057 3527 2234 3571 creata
2265 3517 2423 3570 fuisse
2444 3517 2642 3577 omnia,
2667 3517 2795 3568 adeo
2821 3516 3074 3568 Arianum
3102 3530 3202 3568 non
3232 3527 3328 3576 est,
3369 3527 3426 3568 ut.

1898 3587 2058 3638 etiam
2094 3585 2335 3638 catholici
2366 3585 2611 3636 doctores
2655 3585 2740 3650 qui
2777 3592 2892 3650 post
2927 3583 3205 3635 concilium
3261 3585 3423 3636 bitat:-

1899 3670 2022 3706 nnm
2049 3653 2312 3715 vixerunt,
2339 3655 2538 3720 quique
2563 3652 2769 3704 Arianae
2801 3652 3022 3704 haeresis
3048 3653 3290 3720 acerrimi
3328 3655 3421 3704 im-

1898 3732 2218 3788 pugnatores
2241 3719 2404 3779 fuere,
2431 3723 2622 3786 passim
2660 3721 2784 3772 illud
2817 3720 2867 3771 in
2915 3721 3131 3788 scriptis
3158 3719 3423 3788 aliirmare

1898 3786 1998 3842 non
2027 3791 2135 3842 sint
2167 3789 2342 3842 veriti.
2363 3789 2682 3841 Athanasius
2717 3790 2768 3840 in
2797 3788 2885 3840 lib.
2925 3787 2997 3840 De
3017 3786 3227 3840 decretis
3254 3786 3424 3840 Nicae-

1895 3875 1973 3909 me
1997 3859 2198 3925 synodi,
2233 3859 2340 3910 haec
2371 3861 2434 3909 de
2464 3857 2661 3922 psalmo
2685 3871 2869 3925 xxx";
2890 3873 2908 3906 t
2936 3853 3050 3922 Ipse
3074 3858 3343 3908 mandavit
3371 3867 3424 3910 et

1897 3922 2074 3978 creaia
2104 3935 2245 3984 sunt,
2277 3943 2294 3973 ι
2339 3929 2556 3990 exponit
2605 3925 2703 3978 sic.
2738 3935 2795 3975 ut
2843 3922 3052 3977 Patrem
3109 3925 3238 3975 Filio
3269 3941 3421 3977 man-

1891 3994 2042 4061 dasse
2067 3993 2224 4061 velit:
2266 3992 2407 4053 Ἐνός
2436 3995 2562 4061 ὲςιτι⁸
2587 3991 2736 4061 Θεοῦ,
2771 3992 2844 4051 ὼς
2881 3992 3322 4061 χειρὶλχρωμένου
3347 3993 3420 4061 τῷ

1891 4059 2002 4130 ἰδίῳ
2029 4059 2218 4130 ᾼὸγῳ,
2234 4061 2324 4112 καὶ
2347 4063 2403 4110 ὲν
2433 4059 2575 4130 αὑτῴ
2592 4060 2862 4121 ποιοῦντος
2968 4059 3159 4112 πάντα.
3198 4077 3215 4108 ι
3257 4059 3419 4130 Unius

1889 4128 2012 4180 smit
2053 4128 2162 4188 llet,
2211 4128 2395 4193 inquit,
2434 4129 2600 4178 Verbo
2643 4143 2736 4179 suo
2790 4128 2939 4194 quasi
2999 4141 3152 4180 manu
3207 4129 3417 4194 prept'ia

1893 4197 2107 4255 utentis,
2134 4205 2188 4248 et
2223 4196 2272 4246 in
2297 4209 2358 4244 eo
2391 4196 2565 4245 omina
2599 4196 2864 4249 facientis.
2900 4213 2917 4244 ι
2950 4194 3148 4251 Eodem
3177 4195 3312 4247 libro
3340 4197 3418 4248 in-

1891 4263 1969 4314 fra
2004 4282 2057 4315 τι
2097 4263 2300 4316 Etenim
2327 4263 2489 4315 Filius
2527 4263 2638 4323 Dei,
2671 4265 2858 4328 inquit,
2889 4273 2944 4315 ut
2993 4277 3057 4316 ex
3095 4263 3224 4327 ipsis
3274 4263 3420 4316 Scri-

1895 4333 2069 4398 pturis
2092 4343 2256 4399 patet,
2286 4333 2396 4398 ipse
2417 4342 2498 4382 est
2529 4331 2615 4382 Dei
2655 4330 2881 4399 Verbum
2906 4369 2918 4387 .
2955 4340 3008 4384 et
3060 4331 3340 4398 sapientia,
3368 4344 3420 4386 et

1896 4398 2176 4467 imago,:et
2208 4415 2408 4455 manus,
2443 4409 2498 4450 ct
2537 4400 2721 4450 virtus.
2761 4418 2778 4448 ι
2819 4398 2913 4451 Ubi
2955 4415 3056 4452 non
3099 4401 3273 4452 minus
3297 4414 3419 4467 apte

1827 4457 1869 4512 D
1895 4457 2087 4520 Filium
2149 4476 2299 4520 vocat
2356 4483 2565 4520 manum
2611 4467 2804 4527 Patris,
2844 4483 3001 4534 quam
3029 4467 3263 4522 Ecclesia
3298 4457 3417 4520 eum

1893 4537 2119 4604 appellat
2148 4536 2416 4588 Dexteram
2467 4534 2578 4604 Dei,
2607 4545 2657 4587 et
2699 4536 2953 4602 Spiritum
2981 4547 3219 4588 sanctum
3250 4540 3417 4589 uomi-

1895 4603 1986 4656 nat
2019 4603 2245 4675 Digitum
2283 4606 2477 4675 dextra:
2503 4603 2632 4675 "Dei,
2693 4604 2742 4654 iu
2765 4603 2868 4675 illo
2895 4605 3090 4675 hymno
3115 4605 3418 4675 celebratis-

1893 4675 2028 4724 simu
2054 4689 2068 4728 :
2090 4669 2478 4741 VeniCreator
2495 4669 2738 4736 Spiritus.
2757 4669 3054 4726 Orientales
3087 4675 3137 4725 in
3166 4672 3414 4741 Exemplo

1889 4741 2011 4806 [nisi
2032 4750 2218 4794 contra
2246 4739 2524 4791 Photitium
2555 4740 2857 4793 haereticum
2883 4759 2895 4794 :
2941 4760 2960 4792 ι
2999 4742 3062 4799 Et
3094 4744 3304 4806 iterum,
3332 4739 3418 4793 in-

1890 4811 2096 4875 qniunt,
2124 4808 2498 4875 coulirtuantes
2532 4806 2923 4862 Christianismi
2970 4810 3289 4863 intellectum
3329 4811 3413 4861 di-

1891 4874 2101 4929 cemus:
2139 4874 2400 4939 Quoniam
2447 4875 2490 4926 si
2527 4877 2647 4942 quis
2697 4878 2962 4929 Christum
3025 4879 3183 4931 Deum
3220 4878 3412 4931 Filium

1893 4945 1979 4996 Dei
2011 4955 2134 4996 ante
2165 4944 2351 4996 sarcula
2381 4943 2760 4997 subsistentem
2789 4953 2842 4996 et
2887 4946 3276 5002 ministrantem
3315 4945 3415 4998 Pa.-

1892 5013 1956 5064 tri
1981 5013 2044 5065 ad
2074 5014 2310 5065 omnium
2349 5011 2726 5078 perfectionem
2762 5029 2863 5067 non
2893 5014 3068 5076 dicat;
3098 5015 3189 5066 sed
3218 5028 3278 5064 ex
3312 5029 3416 5079 quo

1888 5081 1952 5134 de
1984 5081 2149 5134 Maria
2205 5089 2361 5132 natus
2403 5090 2505 5142 est,
2533 5096 2595 5132 ex
2644 5093 2706 5132 eo
2737 5090 2788 5132 et
2821 5081 3086 5134 Christum
3122 5095 3172 5136 et
3226 5081 3413 5133 Filium

1888 5151 2213 5202 nominatum
2243 5163 2379 5212 esse,
2425 5159 2477 5200 et
2510 5149 2716 5201 initium
2772 5150 3042 5215 accepisse
3070 5158 3126 5201 ut
3175 5151 3244 5202 sit
3275 5150 3414 5202 Deus

1887 5219 2047 5278 dicat,
2099 5219 2380 5270 anathema
2411 5217 2499 5269 sit.
2554 5237 2572 5269 ι
2635 5215 2829 5270 Marius
2868 5218 2993 5270 item
3045 5216 3223 5271 Victor
3274 5217 3413 5270 libro

1887 5287 2150 5353 priutopDe
2177 5301 2340 5339 rerum
2370 5287 2626 5338 creatione
2657 5301 2674 5338 :
2962 5287 2970 5297 ’

1956 5353 2084 5436 Qun:
2121 5359 2395 5407 mandante
2423 5354 2528 5436 Περ
2557 5371 2670 5407 cum
2697 5355 2875 5424 plenus
2913 5365 3075 5407 ments
3104 5353 3341 5407 Parentis

1954 5422 2121 5475 Filius
2149 5427 2460 5489 onmipotens
2485 5423 2691 5488 faceret.

1956 5491 2151 5546 Eodem
2176 5501 2416 5558 Spectnnt
2443 5502 2496 5542 et
2540 5492 2622 5542 illa
2669 5491 2905 5557 Prosperi
2944 5494 2992 5542 iu
3025 5491 3404 5544 Commentario

1884 5563 1951 5613 at!
1995 5562 2248 5627 psalmum
2314 5575 2506 5612 chvnt
2542 5577 2570 5613 :,
2610 5578 2625 5607 ι
2661 5559 2772 5627 ipse
2833 5561 3096 5610 inandavit
3127 5567 3404 5627 etprreata

1885 5626 2044 5683 sunt:
2075 5629 2222 5692 Quod
2249 5631 2380 5680 enim
2400 5628 2533 5680 Deus
2555 5631 2700 5687 dicit,
2740 5626 2894 5678 Verbo
2917 5630 3077 5678 dicit:
3107 5637 3153 5677 et
3193 5626 3405 5678 Verbum

1883 5715 1973 5766 per
2004 5699 2138 5768 quod
2169 5698 2304 5766 facta
2330 5705 2445 5750 sunt
2469 5697 2661 5762 omnia,
2693 5700 2992 5749 mandatum
3017 5695 3231 5748 dicentis
3259 5709 3404 5746 (xse-
