3846 6398
646 426 742 482 763

1879 423 1938 476 P.
1980 421 2286 476 DANIELIS
2325 420 2554 474 HUETII
3631 425 3701 482 irit

649 536 859 604 quidem
894 547 955 585 ac
995 544 1089 596 per
1139 532 1317 586 omnia
1373 532 1660 603 archetypo
1717 534 1812 602 ipsi
1859 503 2085 588 similem
2129 544 2182 588 et
2210 541 2253 594 Α
2286 535 2416 587 resis
2460 533 2596 586 libro
2638 549 2654 585 ι
2697 533 2840 599 Περὶ
2883 531 3098 602 ἀρχῶν,
3131 545 3241 598 cap.
3268 531 3317 594 2,
3353 547 3477 583 num.
3515 533 3559 596 6,
3587 535 3700 592 fuisse

639 625 932 694 aequalem,
991 626 1086 678 sed
1131 639 1438 692 expressam
1484 626 1694 688 leviter,
1743 636 1799 680 et
1857 627 2176 694 exemplaris

639 715 942 781 praestantia
991 714 1146 783 longe
1185 715 1511 770 inferiorem.
1557 715 1613 769 Si
1662 717 1876 784 quando
1901 717 2059 786 igitur
2085 717 2176 769 bo-

639 804 856 858 nitatem
890 804 1010 857 Filii
1040 806 1283 859 eamdem
1313 819 1432 858 esse
1467 807 1622 859 docet
1671 821 1732 858 ac
1763 807 1938 861 Patris
1970 806 2176 860 bonita-

639 904 819 961 tatem,
861 897 1006 953 velut
1046 897 1136 948 lib.
1188 910 1206 948 ι
1244 895 1384 962 Περὶ
1434 894 1655 964 ἀρχῶν,
1682 912 1801 965 cap.
1833 897 1889 959 2,
1922 913 2070 951 num.
2109 898 2174 952 10

635 995 688 1038 et
722 987 806 1046 I5,
842 987 927 1038 ubl
973 989 1214 1040 eamdem
1261 1001 1380 1040 esse
1425 988 1500 1040 ait
1535 987 1813 1054 utriusque
1861 989 2173 1055 potentiam,

635 1077 929 1130 bonitatem
975 1077 1258 1141 eamdem,
1298 1087 1352 1131 et
1404 1091 1736 1145 quaecunque
1788 1078 1948 1130 habet
1994 1077 2174 1140 Pater,

636 1169 835 1222 habere
865 1178 919 1220 et
952 1165 1170 1232 Filium,
1201 1169 1372 1221 facilis
1397 1177 1478 1222 est
1512 1168 1843 1232 intellectus;
1881 1168 1998 1220 Filii
2026 1184 2175 1221 nem-

645 1270 720 1323 pe,
735 1255 1026 1308 bonitatem
1060 1253 1306 1310 Paterna
1339 1256 1598 1310 bonitatis
1636 1270 1753 1310 esse
1779 1257 2092 1323 particulam
2125 1267 2178 1311 et

637 1361 842 1411 auram,
870 1361 899 1398 e
923 1345 1152 1399 Paterna
1194 1346 1436 1400 bonitate
1466 1347 1742 1413 deceptam
1771 1361 1834 1399 ac
1863 1346 2172 1399 delibatam.

638 1434 694 1488 Si
727 1437 939 1501 quando
990 1434 1136 1487 Patri
1186 1435 1284 1489 soli
1328 1435 1625 1489 bonitatem
1679 1435 1883 1500 tribuit,
1927 1437 2179 1504 primige-

637 1522 778 1576 niam
821 1525 1135 1586 bonitatem,
1166 1533 1220 1577 et
1261 1525 1517 1578 bonitatis
1559 1524 1808 1592 intelligit
1855 1525 2174 1593 principiqu

539 1683 546 1689 θ
636 1626 699 1666 ac
723 1611 954 1677 fontem;
985 1612 1173 1666 Filium
1202 1621 1378 1666 autem
1423 1613 1648 1666 Paterna
1683 1615 1990 1667 tantumilla
2022 1615 2178 1668 boni.

639 1710 748 1756 tate
778 1702 1128 1770 impertitum.
1162 1702 1323 1769 Cujus
1350 1703 1640 1771 impietatis
1669 1707 2001 1759 occasionem
2026 1707 2177 1760 vide—

639 1801 723 1845 tur
769 1791 1040 1860 accepisse
1082 1809 1146 1846 ex
1180 1794 1317 1847 male
1367 1793 1635 1849 intellecto
1660 1795 1910 1848 .‘llatthaao
1937 1811 2048 1860 χιχ,
2085 1796 2176 1859 t7,

2277 637 2559 690 expressa,
2603 622 2699 677 sed
2751 621 2933 674 Ruﬁni
2980 621 3178 673 artibus
3212 619 3520 686 dissimulata,
3544 633 3585 676 et
3613 626 3704 682 ialsa

2280 714 2381 765 hac
2429 711 2886 778 interpretatione
2926 709 3147 762 obducta
3181 727 3194 761 :
3222 727 3240 758 ι
3260 708 3420 778 Imago
3441 725 3548 780 ergo
3571 717 3705 768 estin-

2275 801 2506 855 visibilis
2541 802 2636 854 Dei
2682 799 2868 853 Patris
2916 799 3158 852 Salvator
3203 808 3389 861 noster,
3435 811 3639 867 quantum
3666 808 3708 858 ad

2279 893 2452 960 ipsum
2481 893 2701 960 quidem
2729 892 2966 950 Patrem,
2999 890 3192 942 veritas
3219 906 3236 955 ;
3267 899 3491 956 quantutn
3514 902 3648 945 autem
3669 899 3709 949 ad

2277 1000 2402 1045 nos,
2433 985 2632 1050 quibus
2680 984 2890 1037 revelat
2922 983 3156 1042 Patrem,
3193 981 3354 1050 imago
3382 990 3468 1043 est,
3494 997 3572 1051 per
3607 1000 3711 1053 quam

2278 1075 2658 1142 cognoscimus
2688 1074 2926 1127 Patrem.
2959 1092 2978 1124 ι

2349 1161 2510 1215 XVII.
2547 1164 2679 1227 Quae
2725 1162 2943 1230 Origeni
2993 1161 3107 1214 dica
3149 1160 3352 1228 impingi
3399 1159 3536 1224 solet,
3561 1177 3712 1230 negasse

2279 1255 2452 1321 ipsum
2486 1253 2704 1306 Patrem
2729 1269 2758 1305 a
2790 1252 2944 1314 Filio,
2968 1251 3157 1303 Filium
3181 1266 3208 1302 a
3241 1250 3423 1315 Spiritu
3449 1265 3616 1310 sancto,
3639 1252 3712 1317 Spi-

2280 1346 2444 1398 ritum
2502 1355 2754 1397 sanctum
2792 1346 2858 1397 ab
2889 1344 3114 1412 angelis,
3155 1341 3359 1407 angelos
3405 1343 3461 1394 ab
3498 1342 3712 1399 hominibu

2280 1435 2448 1487 videri
2482 1450 2663 1503 posse,
2687 1433 2860 1486 facilis
2891 1443 3184 1502 expurgatu
3217 1448 3312 1484 non
3332 1444 3423 1496 est,
3450 1433 3487 1484 si
3512 1433 3712 1486 criminaa

2282 1519 2414 1572 titttn
2453 1535 2715 1573 numerus
2759 1530 3036 1589 spectetur
3069 1530 3123 1574 et
3164 1520 3454 1573 attetoritas.
3486 1518 3712 1573 Prituariuu

2280 1609 2422 1659 hunc
2468 1623 2530 1660 ac
2565 1607 2896 1674 prtecipuum
2930 1607 3069 1660 inter
3097 1607 3210 1672 ejus
3251 1620 3448 1658 errores
3471 1605 3620 1657 statuit
3643 1606 3712 1669 Epi-

2280 1696 2510 1762 phanius
2538 1697 2670 1748 liter.
2699 1710 2851 1758 LXIV,
2879 1710 3001 1762 cap.
3045 1694 3100 1756 4,
3130 1704 3182 1746 et
3209 1693 3257 1745 in
3294 1693 3542 1749 Ancorato,
3566 1706 3652 1758 cap.
3668 1692 3710 1743 65

2281 1785 2369 1838 ubi
2407 1786 2567 1838 verba
2621 1786 2739 1852 ipsa
2792 1785 3046 1852 Origenis
3078 1783 3329 1836 exhibet:
3366 1782 3655 1844 Μαθέτωσαν,
3677 1784 3708 1834 in

635 1892 691 1936 et
719 1881 873 1936 Joan.
900 1899 1029 1947 xvii,
1071 1883 1156 1949 15,
1187 1896 1241 1938 et
1274 1898 1336 1937 ex
1368 1885 1587 1937 Platone
1617 1886 1705 1953 qui
1744 1885 1860 1937 boni
1889 1901 2084 1940 nomen
2110 1901 2154 1939 at

2211 1853 2251 1906 Β
2278 1878 2413 1943 quit,
2440 1875 2569 1939 ’πῶς
2599 1878 2702 1928 οὐκ
2735 1876 3050 1946 ἀπηξίωσεν
3094 1873 3358 1945 Ὠριγένης
3394 1875 3558 1934 εἰπεῖν,
3592 1874 3711 1941 ὅτιοῆ

634 1970 799 2025 Deum
827 1973 1171 2040 peculiariter
1197 1977 1467 2041 pertinere
1502 1975 1734 2028 dicebat.

705 2061 841 2116 XVI.
876 2061 1052 2116 Simili
1083 2065 1237 2116 modo
1280 2063 1650 2131 explicandum
1694 2064 1840 2116 venit
1869 2065 2058 2130 dogma
2095 2063 2176 2116 al-

637 2164 827 2217 terum,
855 2155 998 2222 quod
1045 2155 1111 2206 ab
1160 2154 1273 2222 ipso
1324 2153 1655 2219 propositum
1709 2152 1872 2204 rel‘ert
1920 2151 2180 2221 Iiierony-

636 2259 753 2295 mus
785 2244 940 2311 epist.
972 2243 1061 2305 59,
1087 2243 1152 2294 ad
1192 2243 1354 2303 Avit.,
1387 2241 1551 2308 cap.l
1588 2258 1600 2292 :
1635 2257 1652 2289 ι
1676 2239 1890 2304 Filiutn,
1921 2249 2177 2306 quantum

635 2333 700 2382 ad
730 2331 1094 2394 Patrem,n0tt
1139 2345 1257 2384 esse
1310 2331 1617 2390 veritatem,
1661 2340 1914 2396 quantum
1951 2331 2016 2383 ad
2060 2347 2175 2394 nos,

635 2437 754 2473 esse
785 2420 1153 2488 imaginariam
1186 2419 1482 2472 veritatem.
1513 2436 1530 2467 ι
1557 2417 1707 2468 Paria
1739 2418 1848 2469 lere
1879 2417 2035 2470 habet
2065 2419 2175 2469 Att-

636 2512 896 2578 gnstinus,
925 2510 998 2563 De
1028 2512 1208 2564 lateres.
1244 2511 1312 2562 ad
1361 2508 1774 2573 Quodvultdeum
1797 2548 1811 2568 ,
1865 2511 2050 2562 haeres.
2070 2509 2173 2563 45:

642 2618 659 2647 ι
695 2598 834 2651 Dicit
860 2609 1117 2668 praeterea
1156 2597 1437 2666 Origenes,
1479 2598 1671 2664 inquit,
1708 2598 1846 2665 quod
1877 2596 2043 2650 Filius
2085 2599 2174 2651 Dei

636 2687 835 2742 sanctis
858 2688 1160 2741 hominibus
1185 2697 1544 2754 comparatus,
1561 2688 1756 2740 veritas
1781 2687 1882 2750 sit;
1917 2686 1991 2756 (6)
2030 2687 2177 2740 Patri

635 2775 897 2840 collatus,
950 2775 1302 2828 mendacium.
1355 2793 1374 2826 ι
1431 2771 1541 2827 Nec
1588 2775 1861 2828 dissimilia
1929 2789 2045 2840 qua:
2112 2791 2176 2827 ex

634 2866 859 2935 cpistola
910 2864 1160 2919 decretali
1208 2863 1611 2916 Pala'stinorum
1666 2865 2034 2932 episcoporum
2088 2880 2175 2917 re-

635 2966 920 3024 praesentat
955 2955 1126 3010 Guido
1154 2955 1444 3009 Carntelita
1476 2956 1730 3007 adversus
1755 2954 2090 3022 Origenistas
2123 2955 2174 3008 in

635 3046 834 3102 Summ.
861 3048 924 3099 de
945 3048 1152 3110 Itreres.,
1177 3047 1226 3098 in
1263 3048 1393 3099 haer.
1426 3045 1760 3113 Origenist.:
1797 3063 1814 3095 ι
1851 3045 1905 3098 Si
1937 3047 2024 3111 qui
2053 3055 2178 3099 sunt

634 3138 722 3205 qui
760 3137 810 3188 in
847 3137 956 3190 suis
991 3136 1302 3190 tractatibus
1337 3137 1671 3188 tradiderunt
1699 3137 1840 3203 quod
1881 3135 2046 3188 Filius
2079 3150 2176 3188 no-

591 3218 605 3226 ’
635 3227 720 3279 bis
767 3236 1106 3293 comparatus
1138 3226 1206 3278 sit
1249 3225 1466 3287 veritas,
1502 3225 1647 3277 Patri
1700 3225 1924 3278 collatus
1959 3227 2171 3277 tuenda-

634 3315 800 3380 cium,
825 3323 880 3367 et
913 3314 1052 3381 quod
1083 3325 1166 3367 est
1193 3313 1380 3366 Petrus
1410 3322 1465 3366 et
1499 3313 1691 3390 Paulus
1715 3318 1778 3365 ad
1812 3313 2170 3378 Salvator-em,

638 3401 742 3454 hoc
774 3409 856 3454 est
899 3400 1218 3468 Unigenitus
1243 3401 1409 3455 Filius
1436 3411 1490 3453 et
1523 3401 1662 3454 Deus
1692 3401 1924 3454 Verbum
1953 3417 2172 3470 compa-

639 3497 790 3540 ratus
826 3488 1084 3544 Patri.....
1141 3497 1194 3543 et
1243 3491 1364 3557 ipsi,
1392 3501 1446 3541 et
1498 3489 1744 3557 dOgmata
1797 3490 2030 3556 ipsorum
2066 3491 2174 3542 sint

639 3574 892 3629 Ecclesia:
944 3579 1248 3630 anathema.
1278 3597 1296 3628 ι
1347 3577 1550 3641 Quibus
1601 3578 1920 3645 astipulantur
1974 3593 2176 3644 anony-

639 3680 758 3717 mus
785 3664 873 3718 ille
903 3666 1149 3719 defensor
1174 3665 1439 3732 Origcnis,
1465 3681 1621 3732 quem
1673 3667 1802 3725 dixi,
1835 3675 1888 3718 et
1916 3666 2056 3717 inter
2083 3685 2175 3719 ca-

642 3736 752 3818 pita
785 3756 835 3806 in
873 3755 986 3820 ipso
1021 3753 1336 3820 reprehendi
1365 3755 1522 3807 solita
1568 3761 1895 3819 postremum
1928 3754 2050 3805 illud
2081 3772 2175 3823 po-

637 3842 718 3897 nit
749 3843 906 3896 :"O‘rt
939 3845 971 3914 ἡ
1007 3842 1167 3895 εἰκὼν
1227 3842 1320 3894 τοῦ
1369 3842 1521 3904 Θεοῦ,
1564 3844 1638 3905 ὼς
1683 3842 1817 3912 πρὸς
1859 3844 2082 3903 ἐκεῖνον,
2118 3839 2178 3897 οὗ

637 3931 780 3984 ἐστιν
810 3929 990 3996 εἰκὼν,
1017 3932 1137 3985 καθ’
1159 3932 1186 3984 ὃ
1214 3931 1393 3995 εἰκὼν,
1429 3932 1525 3984 οὐκ
1561 3932 1703 3984 ἔστιν
1723 3933 1963 4004 ἀλήθεια.
2003 3953 2018 3982 ι
2045 3935 2180 3986 Ima-

640 4023 816 4091 ginem
848 4023 936 4076 Dei
967 4032 1212 4091 respectu
1238 4023 1354 4090 ejus
1385 4025 1537 4091 cujus
1566 4034 1646 4076 est
1684 4024 1878 4090 imago,
1911 4035 2178 4091 quatenus

639 4121 719 4166 eSt
745 4112 937 4180 imago,
966 4127 1071 4166 non
1097 4128 1214 4168 esse
1251 4115 1549 4166 veritatem.
1574 4133 1592 4164 ι
1638 4113 1852 4166 Videtur
1903 4115 2016 4167 haec
2064 4115 2176 4168 lue-

2275 1967 2377 2036 ὁρᾷ
2404 1967 2493 2018 τὸν
2519 1967 2742 2037 Πατέρα
2771 1969 2801 2019 ὁ
2835 1967 2962 2028 Υἱός
2982 1986 2997 1997 ’
3033 1966 3164 2018 ἀλλὰ
3191 1982 3365 2033 φησιν·
3411 1965 3486 2026 Ὠς
3507 1964 3556 2014 οὐ
3582 1962 3712 2016 δύνατα

2275 2058 2404 2126 ὁρᾷν
2435 2057 2524 2109 τὸν
2558 2057 2784 2128 Πατέρα
2809 2059 2838 2108 ὁ
2867 2057 3020 2120 Υἱὸς,
3057 2058 3149 2109 καὶ
3173 2056 3232 2108 τὸ
3255 2056 3395 2120 ἅγιον
3417 2054 3600 2123 Πνεῦμα
3619 2056 3659 2105 οὐ
3676 2053 3712 2105 δύ

2275 2163 2429 2199 ναται
2454 2147 2580 2198 ἰδεῖν
2601 2147 2694 2199 τὸν
2731 2146 2884 2200 Υἱόν.
2918 2148 3028 2200 Καὶ
3059 2149 3230 2200 πάλιν·
3249 2148 3307 2199 Οἱ
3326 2147 3519 2213 ἄγγελοι
3543 2145 3589 2196 οὐ
3611 2144 3712 2196 irim

2274 2253 2362 2287 ται
2390 2236 2512 2288 ἰδεῖν
2543 2237 2604 2288 τὸ
2633 2238 2791 2305 ἅγιον
2822 2236 3067 2306 Πνεῦμα,
3089 2238 3179 2289 καὶ
3205 2239 3250 2288 oi
3283 2235 3588 2306 ἄνθρωποιοῦ
3609 2234 3712 2285 eam

2274 2341 2366 2377 ται
2418 2325 2544 2377 ἰδεῖν
2591 2328 2722 2388 τοὺς
2773 2328 3066 2395 ἀγγέλους.
3110 2346 3128 2377 ‹
3166 2328 3374 2379 Discant
3429 2327 3711 2394 quomoilouu

2279 2415 2544 2468 dubitavit
2596 2415 2875 2484 Origenes
2907 2418 3094 2471 dicere
3128 2417 3314 2472 Filium
3362 2432 3457 2470 non
3508 2413 3712 2468 viderePa

2279 2513 2433 2568 trem,
2469 2505 2564 2558 sed
2600 2506 2742 2560 dicit
2773 2524 2786 2558 :
2822 2507 3284 2572 Quemadmodum
3309 2523 3405 2560 non
3428 2515 3579 2574 potest
3616 2503 3712 2555 videt

2279 2593 2489 2646 Patrem
2542 2593 2717 2648 Filius
2742 2635 2758 2658 ,
2816 2612 2919 2650 nec
2956 2595 3152 2649 Filium
3200 2596 3375 2650 videre
3403 2604 3551 2662 potest
3580 2591 3712 2659 Spiritu

2277 2690 2517 2736 sanctus.
2541 2683 2606 2736 Et
2635 2701 2858 2740 rursum
2895 2706 2910 2740 :
2936 2688 3123 2755 Angeli
3145 2687 3319 2739 videre
3351 2700 3444 2738 non
3476 2678 3712 2753 possutttSpi

2280 2778 2437 2828 ritum
2459 2788 2742 2841 sanetum,
2773 2789 2828 2832 et
2868 2780 3119 2832 homines
3162 2793 3264 2829 non
3298 2784 3501 2844 possunt
3522 2772 3659 2823 videre
3680 2783 3711 2819 at

2277 2865 2448 2932 gelos.
2486 2885 2504 2917 ι
2548 2867 2759 2921 Eadem
2807 2870 3038 2938 replicat
3064 2872 3115 2920 in
3143 2867 3362 2936 epistola
3394 2867 3452 2918 ad
3473 2854 3712 2916 Joannemlt

2283 2957 2768 3024 rosolytnitauum,
2812 2975 2936 3028 cap.
2963 2959 3018 3011 9..
3057 2958 3410 3026 Hieronymus
3441 2965 3615 3020 quoque
3642 2961 3712 3001 em

2279 3060 2364 3098 res
2399 3062 2691 3102 recensens
2720 3049 2991 3102 librorum
3018 3049 3158 3116 Περὶ
3186 3045 3400 3116 ἀρχῶν,
3425 3046 3470 3098 itt
3497 3036 3712 3112 epistolaSi

2279 3135 2348 3186 ad
2387 3136 2626 3201 Avitum,
2661 3138 2952 3206 scripsisse
2983 3154 3106 3191 eum
3133 3140 3208 3190 ait
3235 3139 3284 3190 in
3310 3137 3468 3206 primo
3489 3131 3628 3200 operis
3644 3126 3712 3190 ltuit

2279 3225 2574 3288 volmnine,
2613 3244 2633 3275 ‹
2683 3225 2856 3280 Deum
2890 3227 3135 3295 Patrem,
3173 3243 3269 3296 per
3314 3236 3535 3281 naturam
3582 3217 3712 3274 invisili

2279 3313 2402 3378 lem,
2432 3331 2462 3368 a
2490 3314 2631 3369 Filio
2671 3333 2779 3370 non
2814 3318 3027 3382 videri;
3068 3338 3087 3369 ι
3110 3328 3165 3372 et
3208 3319 3258 3371 in
3291 3316 3503 3372 secundo
3532 3330 3545 3366 ε
3577 3329 3592 3361 t
3622 3311 3712 3362 RM

2279 3413 2338 3455 ut
2372 3402 2669 3458 invisibilis
2708 3407 2785 3460 sit
2818 3407 2983 3461 Deus.
3019 3407 3076 3461 Si
3111 3417 3288 3461 autem
3317 3401 3574 3460 invisibilis
3593 3413 3660 3466 per
3683 3409 3712 3446 nt

2283 3502 2457 3545 turam
2490 3504 2595 3558 est,
2645 3511 2827 3564 neque
2863 3499 3136 3552 Salvatori
3179 3499 3396 3552 visibilis
3415 3498 3523 3550 erit.
3554 3514 3569 3544 ι
3596 3485 3711 3543 ldemi

2276 3585 2500 3652 epistola
2533 3586 2624 3648 6t,
2665 3589 2736 3639 ad
2778 3587 3120 3654 Pammach.,
3159 3605 3278 3659 cap.
3305 3589 3369 3642 ὗε
3399 3605 3416 3636 ‹
3441 3586 3496 3639 Ει
3521 3582 3712 3652 primum

2278 3674 2415 3727 libro
2440 3675 2579 3742 Περὶ
2601 3677 2841 3746 ἀρχῶν,
2873 3680 2964 3734 ubi
3006 3681 3244 3749 loquitur
3274 3697 3287 3732 :
3321 3679 3464 3732 Sicut
3487 3675 3602 3728 enim
3626 3672 3712 3722 ilicei

2279 3779 2468 3829 gruum
2501 3773 2586 3816 est
2616 3767 2806 3820 dicere
2839 3771 2985 3835 quod
3021 3770 3192 3838 possit
3217 3769 3380 3824 Filius
3407 3767 3564 3820 videre
3591 3760 3712 3814 Patren

2281 3857 2350 3904 ita
2409 3854 2810 3911 inconveniens
2840 3872 2928 3915 est
2961 3864 3174 3931 opinari
3209 3865 3346 3931 quod
3377 3861 3584 3928 Spiritus
3607 3857 3712 3906 Sane“

2286 3944 2453 4010 possit
2532 3945 2724 3999 videre
2778 3947 3004 4003 Filium.
3053 3970 3072 4003 ι
3127 3952 3182 4005 In
3235 3968 3336 4021 qua
3414 3946 3575 4003 haeresi
3635 3952 3711 3991 tich

2286 4041 2395 4084 tum
2459 4031 2628 4086 fuisse
2694 4034 2966 4092 Joannem
3022 4039 3509 4111 Jerosolymitanum
3571 4043 3652 4087 toto
3687 4030 3712 4079 ΙΝ

2285 4121 2463 4189 capite
2513 4121 2890 4181 demonstrat.
2939 4129 3049 4183 Par
3078 4140 3163 4184 est
3193 4129 3442 4185 Gennadii
3487 4120 3656 4196 querela
3690 4116 3710 4168 li

714 4293 790 4378 (ii)
825 4291 1630 4378 Patrihcollatus,.memlrtrium,
1665 4301 1769 4345 etc.
1800 4293 2027 4378 Fatetur
2069 4294 2171 4378 Ile:-
2202 4299 2246 4352 D
2276 4298 2523 4378 nomine:
2542 4299 2907 4378 intelligatur
2951 4306 3185 4364 Verbum
3242 4309 3362 4362 illttd
3415 4305 3538 4378 quod
3573 4311 3712 4378 palefm

642 4364 812 4432 tavius
847 4379 949 4415 non
979 4363 1048 4415 ita
1078 4363 1371 4432 desipuisse
1419 4362 1721 4431 Origenent,
1750 4373 1817 4432 fut
1857 4363 2046 4416 Filium
2082 4364 2171 4416 Dei

643 4429 744 4484 ulla
797 4432 1001 4484 ratione
1047 4429 1378 4484 mendacium
1409 4429 1762 4484 dice'retzsed
1813 4434 1945 4485 lianc
1989 4447 2178 4485 conse-

643 4499 909 4551 cutionem
935 4515 1010 4568 ex
1028 4500 1141 4566 ejus
1165 4501 1423 4554 sententia
1470 4502 1536 4552 ab
1565 4499 1881 4568 Hieronymo
1909 4516 2069 4568 supra
2094 4503 2175 4554 ci-

646 4577 753 4621 tata
798 4567 1080 4620 nonnullos
1116 4571 1336 4622 eruisse.
1362 4569 1641 4620 Existimat
1673 4567 1892 4620 Iluetius
1936 4567 2096 4631 hanc,
2122 4579 2177 4622 ιιι

645 4637 756 4702 ipse
783 4635 1032 4705 appellat,
1065 4637 1308 4690 haeresim
1355 4653 1417 4690 ex
1464 4636 1558 4691 lib.
1609 4654 1623 4690 ι
1675 4636 1746 4688 De
1775 4639 2018 4704 princip.,
2054 4654 2172 4705 cap.

642 4705 697 4765 2,
729 4719 874 4756 num.
910 4703 963 4765 6,
1018 4719 1326 4771 expressam
1361 4706 1544 4768 fuisse,
1597 4706 1687 4760 sed
1739 4706 1916 4758 Rnlini
1946 4703 2177 4762 artibus

646 4772 975 4833 iutricatam,
1004 4783 1058 4826 et
1089 4773 1215 4826 falsa
1251 4775 1347 4827 hac
1378 4775 1817 4841 interpretatione
1843 4777 2124 4829 obductam
2156 4793 2170 4830 :

647 4858 669 4894 ί
695 4841 872 4907 Imago
897 4849 994 4910 est_
1029 4841 1312 4896 invisibilis
1352 4843 1442 4896 Dei
1491 4843 1660 4896 Patris
1688 4845 1935 4897 Salvator
1965 4856 2170 4910 uoster,

644 4906 900 4978 quantum
933 4906 999 4960 ad
1043 4909 1211 4981 ipsum
1253 4912 1466 4978 quidem
1493 4912 1728 4973 Patrem,
1760 4915 1985 4966 veritas:
2011 4906 2179 4981 quan;

647 4988 754 5032 tum
804 4985 980 5030 autem
1007 4980 1073 5029 ad
1106 4993 1222 5041 nos,
1265 4980 1456 5046 quibus
1491 4983 1693 5036 revelat
1733 4981 1966 5046 Patrem,
2003 4980 2177 5050 imago

644 5056 752 5109 est,
779 5059 875 5115 per
897 5060 1055 5115 qua_ut
1081 5051 1449 5112 cognoscimus
1476 5049 1711 5105 Patrem.
1743 5071 1761 5102 ι
1797 5054 1995 5105 ltevera
2032 5049 2178 5106 locus

646 5113 854 5188 videtur
874 5126 965 5167 aut
989 5113 1295 5188 Ituliui,aut
1319 5119 1654 5174 librariorum
1682 5122 1839 5188 culpa
1866 5131 2173 5185 corruptus;

645 5184 719 5238 ita
751 5193 808 5238 ut
840 5185 952 5253 haec
986 5183 1226 5252 Origeuis
1273 5190 1533 5241 sententia
1583 5204 1701 5242 esse
1746 5183 1953 5253 debeat,
1987 5183 2176 5242 Filium

651 5260 896 5320 respectu
917 5250 1101 5324 Patris
1126 5265 1246 5324 esse
1285 5257 1586 5324 imaginem,
1619 5269 1858 5324 respectu
1896 5250 2062 5310 nostri
2097 5271 2178 5310 ve-

648 5324 882 5395 ritatem.
909 5320 1015 5375 Sed
1041 5323 1235 5376 veritas
1265 5326 1364 5380 hoc
1388 5320 1522 5395 loco,
1550 5320 2018 5395 prout'oppmiitur
2045 5327 2177 5377 ima-

646 5391 775 5463 gini,
810 5391 946 5443 idem
992 5400 1146 5444 sonat
1169 5411 1253 5463 _ac
1279 5391 1568 5460 exemplar,
1603 5411 1697 5448 nec
1730 5391 2003 5463 Origenes,
2053 5410 2175 5448 cum

644 5459 834 5531 Filium
882 5470 1120 5528 respectu
1167 5461 1337 5516 Patris
1374 5459 1676 5530 imaginem,
1730 5459 1966 5531 respectu
2007 5464 2175 5515 nostri

647 5529 921 5598 veritatem
949 5531 1060 5583 sive
1087 5532 1359 5598 exetnplar
1388 5529 1505 5584 esse
1526 5531 1674 5598 dicit,
1703 5549 1731 5585 a
1762 5529 1968 5584 caeteris
2003 5531 2176 5583 Patri-

648 5595 746 5648 hos
798 5597 1020 5652 discedit
1057 5601 1145 5665 qui
1197 5595 1406 5653 Patrem
1446 5597 1719 5664 exemplar
1772 5601 1912 5662 Filii,
1977 5598 2167 5652 Filium

658 5673 965 5736 generorum
991 5668 1279 5733 exemplar,
1309 5665 1498 5720 Filium
1540 5668 1821 5736 imaginem
1852 5668 2043 5726 Patris,
2078 5681 2173 5718 nos

657 5727 775 5785 Filii
824 5732 1080 5804 imagines
1129 5727 1556 5792 esse-dixerunt.
1603 5727 1677 5790 Si
1709 5747 1878 5791 autem
1938 5736 2174 5790 veritatis

2279 4380 2468 4445 omnes
2511 4367 2669 4445 ideas
2727 4367 3142 4442 complectitur,
3177 4367 3454 4434 secunzlun'i
3508 4367 3711 4445 quodiis

2277 4439 2456 4517 omnia
2504 4439 2807 4509 gubernat,
2837 4439 2985 4517 nihil
3045 4439 3254 4517 longius
3303 4450 3446 4501 abest
3491 4439 3547 4498 ab
3585 4442 3712 4517 Ψῑεειι

2278 4513 2478 4573 tuente,
2508 4520 2686 4573 quam
2731 4523 2790 4566 ut
2836 4515 2976 4568 illud
3027 4510 3308 4573 veritatem
3349 4533 3445 4570 non
3481 4529 3580 4568 esse
3598 4510 3712 4562 dicelt

2277 4568 2478 4652 1:380":
2511 4568 2775 4652 éqttitlent
2801 4585 2992 4638 malim
3026 4604 3040 4638 :
3451 4588 3589 4652 ipsum
3612 4577 3712 4646 quid?

2279 4639 2517 4724 Patrem,
2552 4639 2747 4710 uirtus,
2801 4653 2995 4724 idest,
3031 4639 3260 4724 persona
3291 4639 3484 4708 divina'.
3527 4639 3712 4724 Setlﬂ'lftl'“

2279 4716 2498 4763 retineri
2526 4726 2712 4786 potest
2733 4735 2837 4774 vox
2865 4716 3217 4786 illa,'v'eritas.
3243 4726 3395 4779 modo
3423 4737 3578 4776 verum
3603 4716 3712 4786 Filiuii

2277 4792 2341 4830 ac
2373 4794 2498 4832 vere
2526 4779 2869 4842 'substantia
2907 4779 3092 4846 divina
3125 4815 3156 4848 a
3189 4779 3344 4848 Patre
3374 4795 3596 4846 dunatuni
3622 4779 3712 4835 iuteil

2277 4861 2484 4966 glomus.
2526 4849 2823 4931 Yituperat
2883 4861 2989 4916 hoc
3051 4864 3167 4919 loco
3213 4866 3456 4932 Origenes
3507 4854 3692 4928 probolas

2326 4917 2682 4966 alentimanig
2745 4927 2799 4966 in
2861 4936 3269 4966 «numnam...
3323 4933 3432 4966 mla:
3483 4929 3686 4966 imlnrlas-

2326 4917 2685 5001 alentinianis
2744 4927 2799 5001 in
2860 4917 3270 4998 generationem
3306 4917 3712 5001 ‘It‘iliiinduclasl

2277 4983 2473 5038 Filium
2517 4993 2716 5046 statuit
2751 4996 2831 5068 ita
2861 4983 3301 5068 ‘inta‘g—iiieiii'Dei
3322 4983 3576 5054 invisibilis
3599 4991 3712 5062 diem

2278 5068 2625 5140 nequaquam
2669 5066 3024 5140 assiniiletur—
3071 5073 3176 5127 illis
3228 5070 3538 5140 imaginibus.
3591 5071 3712 5140 φηςι

2279 5127 2506 5210 proteram.
2534 5127 2745 5210 aliqua,
2789 5136 2867 5210 id_
2889 5149 2965 5210 est
3013 5140 3168 5210 ligni,
3195 5145 3270 5194 vel
3299 5127 3472 5210 lapidis
3504 5127 3673 5210 ᾴςηίηςί
3694 5144 3711 5174 ⁵

2275 5191 2506 5278 ξεῖξσιέίρί
2529 5191 2741 5278 solent,"
2771 5207 2868 5258 sed
2885 5207 3024 5260 sicut
3187 5191 3712 5267 Puler'iuvisibiliséitpa

2278 5273 2548 5348 NW???
2576 5270 2663 5348 Ψ
2696 5270 2986 5348 ε’ζὲαρίηεηι
3007 5270 3210 5348 (lubth
3258 5278 3538 5333 inuisibilem
3561 5281 3712 5343 9W?“

2283 5327 2681 5416 valde-statuit
2739 5327 2980 5416 Filium,
2997 5327 3138 5416 {iii
3148 5327 3379 5402 [limati
3396 5327 3579 5400 Pati-eui
3598 5337 3711 5389 aliine

2277 5412 2400 5487 ἓξξεί
2421 5411 2754 5487 ἶεῖῗξίθιειιιο,
2788 5411 2843 5487 id
2897 5411 3314 5487 esu—personam
3351 5416 3567 5487 divinam,
3600 5422 3644 5486 sic
3667 5418 3711 5487 '9“

2429 5483 2621 5556 [se
2671 5479 3104 5556 ευδξῖειεηιειῖη
3138 5500 3387 5556 quantum
3412 5485 3468 5538 ad
3484 5497 3588 5556 nos,
3615 5479 3712 5556 illfi'ilf

2277 5549 2743 5625 ιιξξθτρετέιυειευ
2770 5545 3373 5625 periucundae-nus.
3400 5582 3461 5594 -—
3480 5554 3531 5606 υ.
3558 5545 3712 5625 eum

2276 5600 2493 5692 ξίυςῇιξον
2542 5600 2620 5692 οξ
2666 5600 3392 5692 _._uaut}:"mersura.
3436 5600 3533 5692 ca'pl
3558 5600 3620 5692 i6.
3638 5623 3712 5692 "1",“

2558 5687 2616 5762 ei.
2665 5670 2888 5743 Bullutii
3189 5670 3712 5757 ﬁdei-viiiictii'iiwidrlﬁll

2282 5743 2355 5807 τῷ
2380 5743 2679 5819 ὁδ’-νηυσίν,
2720 5769 2840 5827 cup.
2868 5743 3386 5828 9,1iii'uil'ir'3fts‘.
