3846 6410
204 439 299 499 705

1003 435 1564 492 ORIGENIANORUM
1599 434 1726 491 LIB.
1767 435 1830 498 II,
1869 433 2017 488 CAP.
2053 435 2117 497 Il,
2155 434 2417 500 ρυΑεεΤ.
2451 436 2514 490 II.

3221 435 3320 490 766

202 558 265 612 De
285 552 577 624 dogmatib.,
601 564 728 616 cap.
752 550 788 603 4
813 564 827 600 :
859 550 1062 616 (Nihil,
1092 553 1281 620 inquit,
1315 555 1415 608 sibi
1445 554 1705 608 invisibile
1729 557 1776 613 Α
1802 561 1853 605 et
1879 565 2225 620 cognoscere,
2276 552 2646 606 intellectualis
2677 562 2879 606 naturae
2916 561 3016 607 est.
3057 553 3324 621 Quidquid

204 659 229 698 a
252 639 489 696 creaturis
537 639 614 707 (in
657 636 914 693 Trinitate
949 641 1238 712 credamus)
1269 653 1326 696 ut
1367 643 1644 712 Origenes.
1673 662 1693 693 ι

198 731 491 798 Legendnm,
514 727 568 780 ni
583 727 764 791 fallor,
791 737 847 781 ut
874 733 1152 796 creaturis,
1184 734 1282 786 hoc
1310 745 1411 798 est,
1436 734 1701 788 nihilesse

200 819 452 875 credamus
477 817 528 870 in
562 815 850 882 Trinitate,
887 821 1024 886 quod
1054 821 1120 874 ab
1142 821 1406 890 aliquibus
1431 823 1544 890 ejus
1580 837 1701 890 per-

195 908 322 960 sonis
352 903 512 958 videri
533 919 639 958 non
667 905 859 972 possit,
881 909 1322 973 quemadmodum
1369 925 1398 961 a
1437 911 1700 964 creaturis

194 994 338 1049 videri
375 1009 472 1045 non
532 1001 729 1060 potest,
789 995 926 1058 quod
965 998 1163 1064 putavit
1212 996 1490 1065 Origenes.
1520 997 1624 1051 Par
1648 1008 1702 1053 et

191 1083 267 1136 illa
299 1080 571 1134 Iustiniani
621 1080 674 1134 in
724 1079 962 1150 Epistola
1005 1085 1072 1136 ad
1128 1084 1367 1151 Menam,
1410 1096 1466 1140 et
1516 1088 1698 1142 Isidori

192 1172 267 1226 lib.
294 1185 378 1222 vttt
407 1169 634 1237 Origin.,
671 1185 792 1238 cap.
827 1171 882 1234 5,
922 1182 975 1227 et
1017 1177 1262 1243 anonytui
1291 1177 1522 1230 auctoris
1565 1177 1700 1245 Apo-

189 1259 319 1326 logia:
339 1275 430 1326 pro
454 1257 697 1326 Origene,
732 1262 872 1328 apud
903 1261 1309 1328 Photium,cod.
1337 1279 1500 1328 cxvu,
1529 1275 1583 1318 et
1607 1265 1698 1318 Ni-

185 1356 294 1400 cetae
316 1347 634 1413 Acominatl,
667 1359 724 1402 et
750 1349 968 1406 Honorii
992 1353 1484 1420 Augustodunensis
1516 1356 1566 1408 in
1605 1354 1694 1408 lib.

181 1437 247 1490 De
267 1438 384 1492 Iter.
415 1446 467 1490 et
498 1436 727 1492 Cedreni
773 1439 823 1493 in
847 1439 1174 1505 Compendio,
1211 1451 1264 1497 et
1289 1441 1463 1497 Suidae
1497 1444 1545 1496 in
1573 1458 1701 1497 voce

191 1522 478 1592 Ὠριγένης,
510 1534 563 1577 et
589 1523 822 1580 Zonaras
847 1527 942 1581 lib.
974 1544 1022 1582 .tt
1065 1529 1116 1582 in
1145 1529 1321 1584 Decio.
1362 1531 1534 1599 Atque
1561 1533 1700 1585 hunc

178 1627 317 1680 porro
345 1627 579 1667 errorem
612 1616 682 1668 ab
727 1616 1051 1672 Adamantio
1099 1631 1364 1674 mutuatus
1395 1632 1478 1674 est
1520 1623 1698 1686 Arius,

177 1716 316 1767 quem
347 1701 522 1756 dicere
548 1719 745 1757 ausum
787 1721 906 1760 esse
940 1719 1120 1760 narrat
1149 1709 1472 1762 Athanasius
1501 1709 1575 1762 De
1611 1727 1699 1778 sy-

179 1790 340 1842 nodir:
385 1790 642 1844 Ἀδύνατα
676 1793 800 1864 Υἱῷ
825 1796 916 1848 τὸν
968 1797 1180 1866 Πατέρα
1235 1798 1546 1868 ἐξιχνιάσαι,
1595 1795 1702 1862 οἷός

1796 658 1924 711 ergo
1950 642 2222 709 proprium
2259 655 2538 706 corporum
2561 653 2660 703 est,
2697 644 2796 696 hoc
2826 658 2924 696 nec
2957 645 3022 696 de
3047 643 3204 698 Patre
3219 653 3322 710 est,

1797 746 1896 784 nec
1951 730 2016 782 de
2049 727 2182 780 Filio
2233 727 2590 780 sentiendum.
2629 727 2779 790 Quod
2807 743 2933 782 vero
2983 733 3050 780 ad
3082 739 3322 782 naturam

1797 816 2025 883 pertinet
2059 814 2309 874 Deitatis,
2359 815 2459 866 hoc
2511 813 2649 865 inter
2675 814 2882 868 Patrem
2907 826 2960 869 et
2990 815 3179 869 Filium
3205 830 3327 870 con-

1796 913 1924 958 stat.
1962 922 1982 954 t
2009 904 2095 956 Ait
2126 905 2339 956 demum
2379 903 2716 968 depravatam
2761 903 2863 958 hoc
2895 907 3032 968 loco,
3064 914 3116 958 et
3139 919 3325 958 corru-

1798 1003 1939 1061 ptam
1971 993 2134 1067 fuisse
2172 1007 2320 1044 suam
2355 993 2864 1059 interpretationem,
2897 1002 3055 1061 atque
3100 995 3172 1046 ita
3202 1007 3325 1061 pur-

1797 1084 1952 1152 gandi
2005 1085 2084 1134 sui
2118 1097 2276 1136 causa
2312 1081 2583 1135 concludit
2614 1097 2628 1132 :
2663 1098 2680 1130 ι
2723 1081 2779 1133 Si
2823 1082 2942 1148 quis
2980 1091 3136 1150 negat
3181 1081 3322 1150 quod

1798 1185 1901 1223 non
1944 1171 2012 1222 ita
2059 1171 2199 1222 videt
2247 1165 2412 1221 Filius
2446 1167 2682 1232 Patrem,
2713 1167 2851 1220 sicut
2901 1168 3057 1221 Pater
3090 1167 3324 1234 Filium;

1797 1267 1850 1310 et
1881 1271 1983 1308 non
2015 1256 2086 1308 ita
2123 1255 2268 1307 videt
2296 1255 2518 1318 Spiritu;
2550 1263 2763 1306 sanctus
2797 1252 3005 1304 Patrem
3033 1261 3087 1304 et
3109 1251 3323 1315 Filium,

1797 1346 1933 1396 sicut
1963 1345 2106 1396 videt
2135 1343 2290 1396 Pater
2325 1342 2516 1396 Filiutn
2547 1353 2600 1394 et
2629 1341 2884 1408 Spiritum
2910 1351 3170 1403 sanctum,
3192 1354 3326 1392 aua-

1800 1433 1972 1484 tliema
2005 1433 2092 1483 sit.
2141 1429 2292 1482 Videt
2325 1431 2492 1492 enim,
2543 1437 2594 1483 et
2645 1428 2918 1481 verissime
2941 1427 3104 1489 videt,
3143 1425 3237 1480 sed
3265 1433 3325 1480 ut

1799 1519 1934 1570 Deus
1963 1517 2146 1580 Deum,
2173 1527 2227 1570 et
2272 1517 2364 1569 lux
2394 1516 2584 1580 lucem,
2623 1525 2677 1568 et
2706 1530 2808 1567 non
2836 1524 2891 1566 ut
2925 1528 3048 1566 caro
3084 1526 3326 1578 carnem,

1799 1606 1888 1658 sed
1916 1615 1970 1656 ut
1999 1606 2227 1672 Spiritus
2258 1615 2510 1668 sanctus;
2571 1620 2673 1656 non
2733 1603 3005 1668 corporeis
3059 1600 3327 1664 sensibus,

1799 1699 1888 1750 sed
1920 1695 2206 1747 virtutibus
2236 1694 2477 1747 Deitatis.
2514 1712 2532 1744 ι
2569 1693 2742 1744 Rufini
2777 1692 3172 1760 responsionem
3197 1691 3327 1744 arri-

1799 1786 1912 1852 pttit
1953 1794 2008 1837 et
2056 1783 2272 1835 uberius
2317 1781 2608 1848 explicavit
2655 1778 2926 1831 Ilalloxius
2977 1778 3066 1830 lib.
3101 1794 3148 1831 tv
3175 1775 3320 1846 Orig.

175 1878 298 1929 ἐστιν
311 1879 390 1945 ἐφ’
416 1880 628 1933 ἑαυτοῦ.
650 1884 830 1946 Αὐτὸς
855 1884 960 1954 γὰρ
987 1888 1014 1938 ὁ
1042 1865 1164 1948 Υἱὸς
1190 1887 1284 1956 τὴν
1304 1865 1696 1942 ἑαυτοῦίοὺσίαν

1800 1870 2018 1935 deferam,
2051 1878 2241 1937 quaest.
2266 1868 2320 1919 ιι.
2345 1867 2512 1920 Porro
2534 1867 2682 1920 locus
2708 1866 2948 1933 Origenis
2978 1866 3058 1918 Itis
3085 1865 3321 1920 celebra-

176 1966 260 2018 οὐκ
292 1963 441 2020 οἶδεν.
492 1970 620 2033 Υἱὸς
649 1972 768 2042 γὰρ
817 1973 912 2036 ὢν,
959 1975 1164 2044 θελήσει
1199 1977 1405 2046 Πατρὸς
1458 1979 1696 2048 ὑπῆρχεν

174 2054 376 2121 ἀληθῶς.
410 2057 503 2120 Τίς
525 2057 632 2128 γὰρ
660 2059 824 2128 λόγος
859 2067 1122 2132 συγχωρεῖ
1143 2064 1230 2116 τὸν
1255 2067 1316 2116 ὲκ
1343 2067 1547 2134 Πατρὸς
1572 2068 1696 2119 ὅντα

176 2143 312 2193 αὐτὸν
328 2143 413 2196 τὸν
436 2149 779 2216 γεννήσαντα
802 2150 999 2217 γνῶναι
1012 2153 1068 2204 ὲν
1089 2152 1377 2221 καταλήψει
1397 2169 1411 2216 ;
1437 2155 1603 2224 Δῆλον
1618 2157 1697 2206 ὅτι

175 2231 224 2282 τὺ
246 2233 404 2302 ἀρχὴν
431 2235 551 2303 ἔχον
584 2237 678 2290 τὸν
704 2239 940 2309 ἄναρχον
963 2239 1035 2303 ὦς
1071 2244 1212 2294 ἐστιν
1237 2243 1638 2313 ὲμπερινοῆσαι,
1662 2245 1696 2314 ἢ

176 2321 636 2394 ὲμπεριδράξασθαι.
673 2329 780 2398 οὐχ
810 2323 978 2382 οἷόντὲ
1027 2333 1188 2385 ἐστιν.
1221 2352 1239 2382 ι
1275 2334 1521 2388 Possibilc
1557 2336 1696 2388 enim

178 2411 262 2476 'psi
291 2428 387 2466 non
412 2425 493 2469 est
515 2416 850 2489 investigare
885 2420 1093 2474 Patrem
1119 2422 1292 2490 qualis
1320 2423 1370 2476 in
1396 2425 1570 2491 seipso
1594 2435 1696 2478 est.

176 2499 320 2557 Filius
343 2505 533 2574 quippe
562 2523 723 2562 suam
777 2510 890 2576 ipse
918 2512 1199 2564 essentiam
1231 2528 1334 2565 non
1369 2514 1530 2566 novit.
1567 2514 1696 2567 Cum

177 2591 236 2643 sit
261 2593 393 2646 enim
424 2594 614 2657 Filius.
655 2601 943 2653 voluntate
973 2601 1146 2656 Patris
1179 2603 1298 2656 talis
1324 2604 1545 2656 exstitit.
1570 2604 1700 2668 Quae

77 2725 80 2730 .
176 2680 297 2734 enim
332 2688 574 2740 concedit
609 2690 754 2742 ratio
802 2703 922 2742 eum
949 2691 1036 2757 qui
1073 2691 1141 2744 sit
1172 2707 1237 2746 ex
1285 2693 1462 2757 Patre,
1497 2695 1700 2758 genito-

177 2781 272 2820 rem
292 2769 456 2837 ipsum
483 2779 968 2844 comprehensione
980 2781 1335 2846 cognoscere?
1357 2781 1696 2850 Perspicuum

173 2864 258 2920 est,
294 2861 428 2926 quod
466 2863 630 2918 habet
661 2868 1012 2936 principium,
1042 2884 1160 2922 eum
1188 2869 1274 2936 qui
1297 2881 1477 2924 careat
1499 2874 1699 2938 princi-

168 2941 243 3009 pio
271 2958 438 3003 mente
461 2955 755 3020 complecti
786 2956 866 3010 vel
897 2958 1342 3024 comprehendere
1366 2974 1469 3012 non
1491 2975 1693 3028 posse.»

226 3032 390 3091 XVIII.
422 3042 490 3093 At
539 3057 660 3096 eam
707 3046 1132 3098 criminationem
1164 3047 1234 3098 ab
1267 3046 1492 3116 Origene
1521 3049 1700 3103 multis

172 3120 408 3189 depellere
440 3141 669 3185 conatur
708 3133 928 3186 Ilulinus
953 3133 1146 3186 lnvect.
1177 3150 1192 3187 ι
1221 3135 1270 3187 in
1297 3133 1695 3204 Hieronymum,

66 3243 72 3270 τ
169 3215 482 3284 ostenditque
516 3224 584 3274 ad
608 3223 968 3277 refellendam
1016 3222 1506 3277 Valentinianorum
1536 3227 1698 3279 haere-

171 3301 276 3364 sim,
307 3306 392 3370 qui
426 3308 592 3362 Deum
617 3327 945 3378 corporeum
990 3314 1234 3366 humanis
1266 3314 1514 3367 membris
1547 3314 1695 3366 habi-

169 3396 310 3456 tuque
337 3408 690 3454 constantem
723 3401 1110 3466 describebant,
1135 3401 1413 3471 Origenem
1449 3404 1696 3470 probasse

172 3476 312 3532 Deum
337 3497 401 3535 ex
441 3497 638 3540 natura
669 3504 768 3542 sua
794 3504 1016 3556 corpore
1043 3505 1244 3552 carere,
1271 3507 1332 3544 ac
1361 3493 1579 3558 proinde
1598 3493 1694 3544 sub

165 3569 328 3624 oculos
345 3573 541 3628 cadere
566 3593 679 3631 non
708 3592 880 3646 posse,
915 3579 1164 3632 visionem
1198 3579 1388 3648 quippe
1417 3596 1694 3646 corporum

167 3667 300 3718 esse;
330 3661 475 3714 nosci
514 3674 704 3717 autem
738 3680 911 3732 posse,
965 3666 1102 3733 quod
1147 3669 1381 3732 cognitio
1430 3684 1604 3719 rerum
1633 3667 1702 3720 sit

165 3754 374 3810 corpore
420 3753 766 3814 carentium;
806 3756 954 3806 nosci
1017 3754 1180 3821 igitur
1230 3753 1440 3806 Patrem
1471 3772 1498 3805 a
1529 3754 1700 3818 Filio,

165 3830 313 3885 videri
343 3839 687 3906 neutiquam.
707 3842 838 3894 Tum
865 3843 1038 3896 locutu
1059 3843 1227 3910 ipsum
1256 3842 1497 3908 Origenis
1515 3845 1705 3911 depro-

165 3919 267 3981 utit,
286 3921 336 3974 in
368 3939 476 3992 quo
509 3929 628 3982 haec
662 3931 920 3982 habeantur
949 3947 961 3981 :
992 3949 1009 3980 ί
1036 3932 1186 3983 Aliud
1221 3941 1302 3984 est
1336 3932 1530 3994 videre,
1559 3932 1700 3984 aliud

163 4021 473 4076 cognoscere
502 4021 717 4074 :videri
736 4032 790 4074 et
824 4021 998 4073 videre
1027 4036 1304 4088 corporqu
1321 4030 1400 4073 est
1423 4021 1698 4088 ;coguosci

321 4189 464 4268 Nam
493 4193 872 4268 Ilierouymus,
905 4205 1006 4251 etc.
1034 4196 1141 4268 Hoc
1171 4198 1287 4268 loco
1317 4213 1425 4268 nnn
1445 4197 1556 4251 suis
1586 4198 1698 4264 ipse

161 4259 327 4332 verbis
358 4260 607 4332 loquitur
633 4259 907 4332 Origenes.
935 4269 1027 4318 sed
1059 4267 1218 4316 aliutn
1257 4267 1457 4317 inducit
1480 4259 1697 4332 loquen-

160 4330 277 4402 tem.
304 4329 464 4393 cujus
499 4329 830 4385 sententiam
881 4335 1021 4402 nulla
1055 4334 1452 4399 approbatinuis
1497 4329 1698 4402 signili-

158 4401 359 4467 catione
394 4402 714 4468 continuat,
749 4411 804 4452 ιιι
835 4401 1060 4468 quisque
1107 4405 1404 4467 perspicere
1429 4401 1604 4466 potest
1630 4416 1694 4454 ex

1801 1969 1886 2012 tus
1914 1957 2399 2012 concertationibus
2429 1965 2602 2008 exstat
2627 1955 2716 2006 lib.
2753 1969 2767 2006 ι
2809 1955 2942 2020 Περὶ
2967 1951 3180 2020 ἀρχῶν,
3204 1967 3323 2019 cap.

1803 2050 1854 2112 1,
1909 2064 2052 2101 ιιιιιη.
2089 2048 2142 2112 8,
2182 2046 2266 2099 cui
2321 2045 2546 2097 similem
2579 2043 2802 2096 alterum
2857 2043 3086 2108 reperies
3130 2041 3221 2092 lib.
3264 2055 3325 2103 tt,

1799 2154 1918 2207 cap.
1945 2138 1998 2199 4,
2033 2153 2178 2189 num.
2210 2137 2261 2189 5.
2295 2135 2385 2188 llis
2409 2133 2624 2202 adiungi
2653 2142 2828 2200 potest
2865 2132 2929 2184 ad
2957 2133 3176 2184 tutelam
3207 2131 3329 2184 Ori-

1799 2224 1944 2292 genis
1973 2232 2025 2274 et
2058 2221 2141 2273 ille
2163 2235 2371 2288 quoque
2396 2235 2426 2272 e
2463 2231 2590 2271 tom.
2629 2234 2695 2270 xx
2745 2217 2797 2269 in
2843 2215 3021 2280 Joan.,
3052 2233 3197 2269 ttttm.
3230 2218 3258 2268 7
3300 2234 3315 2269 :

1803 2313 2006 2380 Ὠσπερ
2033 2308 2343 2379 ἀνθρώπους
2367 2307 2430 2360 ἄν
2470 2325 2616 2368 τινας
2643 2306 2882 2376 εἴποιμεν
2914 2307 3004 2357 ἀπ’
3031 2307 3198 2376 ἀρχῆς
3226 2307 3324 2359 αὑ-

1798 2403 1993 2464 τόπτας
2025 2401 2295 2468 γεγονέναι
2325 2400 2414 2451 τοῦ
2441 2399 2630 2465 Λόγου,
2662 2400 2783 2468 περὶ
2801 2392 2871 2450 ὧν
2893 2400 2920 2450 ὁ
2947 2398 3152 2460 Λουκᾶς
3175 2415 3322 2467 φησι·

1799 2492 1998 2555 Καθὼς
2019 2489 2352 2556 παρέδοσαν
2367 2487 2502 2555 ἡμῖν
2527 2491 2578 2539 οἱ
2602 2488 2698 2540 ἀπ’
2715 2485 2902 2553 ἀρχῆς
2932 2487 3211 2539 αὐτόπται
3230 2485 3325 2539 καὶ

1800 2580 2079 2647 ὑπηρέται
2102 2580 2400 2647 γενόμενοι
2441 2577 2542 2629 τοῦ
2571 2579 2786 2645 Λόγουο
2818 2578 2956 2629 οὕτω
2983 2578 3070 2629 τὸν
3102 2579 3328 2648 Σωτῆρα

1801 2669 2066 2736 αὐτόπτην
2110 2666 2326 2734 λέξομεν
2371 2661 2505 2716 εἶναι
2548 2664 2655 2716 τῶν
2699 2667 2845 2734 παρὰ
2879 2664 2954 2733 τῷ
2997 2665 3187 2734 Πατρὶ,
3235 2664 3330 2718 καὶ

1802 2756 1936 2808 κατὰ
1967 2755 2121 2806 τοῦτο
2162 2753 2404 2823 εἰρῆσθαι.
2429 2753 2516 2804 τόο
2554 2753 2756 2817 Οὐδεὶς
2791 2754 2940 2820 ἔγνω
2973 2753 3075 2803 τὸν
3103 2751 3329 2821 Πατέρα

1801 2849 1852 2898 εὶ
1869 2846 1951 2913 μὴ
1978 2847 2007 2896 ὀ
2039 2841 2713 2907 Υἱὸς,οὺκέτιαὺτόπτων
2729 2841 2911 2893 ὄντων
2928 2836 3014 2905 οἷς
3034 2839 3109 2893 ἂν
3135 2845 3166 2894 ό
3200 2841 3328 2906 Υἱὸς

1802 2935 2176 3000 ἀποκαλύψῃ
2209 2933 2351 3001 δηλοῖ
2371 2932 2425 2984 δὲ
2453 2932 2514 2983 τὸ
2556 2931 2820 3000 αὐτόπτην
2846 2931 2949 2982 τῶν
2967 2933 3023 2982 ὲν
3049 2929 3126 2998 τῷ
3156 2931 3328 3000 Ilath

1801 3023 2078 3092 τυγχάνειν
2105 3025 2192 3074 τὸν
2219 3022 2439 3090 Σωτῆρα
2471 3020 2652 3088 σαφῶς
2682 3021 2716 3089 ἡ
2744 3019 3067 3090 προκειμένη
3096 3018 3235 3085 λέξις
3271 3021 3329 3071 ὲν

1802 3112 1909 3182 τῷ·
1957 3114 2022 3165 "A
2063 3112 2173 3180 ἐγὼ
2208 3111 2427 3176 ἑώρακα
2472 3109 2626 3175 παρὰ
2655 3107 2732 3173 τῷ
2759 3109 2954 3175 Harp},
2993 3107 3175 3161 λαλῶ.
3233 3109 3330 3160 llic

1799 3213 1996 3264 autem,
2057 3211 2112 3253 ut
2158 3200 2280 3252 alibi
2309 3213 2467 3264 saepe,
2519 3196 2642 3250 illud
2687 3213 2748 3249 ex
2780 3198 3028 3265 Apologia
3066 3197 3326 3266 Pamphili

1801 3305 2060 3356 usurpare
2105 3289 2268 3341 licet:
2305 3307 2322 3336 ι
2363 3287 2586 3340 Dubium
2637 3296 2812 3340 autem
2872 3303 2974 3339 non
3034 3295 3138 3350 est,
3186 3289 3326 3354 quod

1798 3381 1982 3432 eodem
2017 3393 2174 3432 sensu
2217 3378 2374 3429 etiam
2417 3377 2469 3429 itt
2505 3378 2714 3430 caeteris
2745 3377 2960 3441 sentiat,
2989 3392 3086 3431 nec
3113 3377 3186 3431 sit
3224 3377 3326 3430 sibi

1800 3468 1909 3535 ipse
1939 3467 2255 3520 contrarius.
2287 3485 2306 3516 ι

1867 3571 2006 3624 XIX.
2038 3573 2284 3624 Attamen
2318 3587 2383 3626 ne
2429 3573 2660 3640 perfecte
2692 3573 2906 3640 quidem
2935 3581 2988 3626 et
3020 3574 3170 3641 plene
3226 3571 3327 3625 Pa-

1804 3670 1936 3714 trem
1969 3676 1998 3712 a
2036 3659 2172 3714 Filio
2211 3661 2380 3724 nosci,
2409 3662 2480 3714 ita
2515 3670 2572 3715 ut
2606 3678 2634 3714 a
2660 3663 2836 3730 seipse
2876 3663 3116 3715 noscitur
3150 3663 3329 3726 Pater,

1803 3758 2168 3824 minoremque
2199 3771 2318 3810 esse
2348 3757 2721 3832 'cognitionem
2773 3757 2891 3810 Filii
2941 3772 3098 3824 quant
3157 3757 3328 3810 Patris

1801 3859 2174 3911 nonnunquam
2217 3843 2476 3910 Origenes
2497 3845 2760 3896 asseruit:
2791 3844 2866 3912 (7)
2915 3859 3036 3895 nam
3071 3844 3330 3912 Ilierony-

1803 3946 1918 3983 inus
1979 3930 2030 3982 itt
2077 3930 2232 3996 epist.
2307 3930 2394 3991 59,
2441 3931 2508 3981 ad
2563 3931 2722 3992 Avit.,
2752 3945 2870 3998 cap.
2909 3930 2964 3992 4,
2995 3931 3186 3982 recitat
3227 3931 3327 3984 hoc

1801 4021 1972 4089 ipsius
2001 4018 2273 4072 decretum
2317 4032 2347 4070 e
2388 4017 2478 4072 lib.
2509 4033 2559 4071 tv
2587 4019 2724 4086 Περὶ
2756 4017 2976 4086 ἀρχῶν,
3023 4034 3170 4075 num.
3231 4019 3325 4083 55,

1802 4198 1973 4251 cimus
2007 4197 2226 4250 artiﬁcis
2258 4196 2489 4248 animum
2521 4195 2652 4248 artis
2684 4195 2822 4248 st-ire
2853 4209 3173 4249 mensuram.
3211 4194 3326 4252 Nec

1801 4267 2012 4319 dubium
2064 4268 2188 4334 quin
2214 4265 2257 4316 si
2287 4263 2446 4317 Pater
2476 4264 2555 4334 psit
2584 4264 2633 4316 in
2657 4263 2811 4328 Filio,
2835 4275 2885 4316 et
2912 4265 3330 4334 comprehenda-

1805 4343 1887 4386 tur
1915 4335 1979 4386 ιιι)
2001 4349 2064 4386 eo
2091 4337 2140 4386 in
2179 4349 2280 4400 quo
2321 4343 2421 4384 est.
2463 4333 2554 4385 Sin
2585 4342 2757 4383 autem
2798 4333 3323 4398 comprehensionem

1801 4417 1916 4454 eam
1951 4403 2196 4464 dicimus,
2224 4410 2280 4452 ιιι
2311 4417 2412 4452 non
2447 4401 2616 4468 solum
2643 4414 2800 4452 sensu
2834 4400 2952 4468 quis
2990 4410 3044 4452 et
3065 4401 3322 4467 sapientia

158 4456 264 4536 ipso
305 4466 659 4536 testimonio,
701 4456 865 4532 'quod'
904 4456 1360 4523 Odere-habetur
1388 4456 1480 4521 lib.
1527 4485 1578 4522 tv
1623 4469 1694 4522 De
1723 4459 1772 4515 ο
1797 4456 2229 4536 comprehendat,
2295 4471 2384 4521 sed
2429 4479 2483 4522 et
2534 4467 2726 4519 virtute
2759 4478 2812 4522 et
2850 4456 3086 4535 potentia
3127 4456 3324 4523 'cuttcra

156 4527 446 4604 principiis,
501 4527 658 4587 num.
693 4527 781 4590 ὃὸ.
834 4540 1008 4604 Atque
1047 4537 1254 4588 etiamsi
1295 4539 1390 4588 hoc
1443 4537 1557 4590 loco
1593 4553 1695 4591 non

158 4595 384 4671 alienam
436 4595 800 4667 sententiam,
844 4595 937 4658 sed
989 4620 1136 4656 suam
1170 4617 1509 4671 proponeret,
1557 4605 1698 4659 illius

159 4665 394 4738 profecto
422 4671 596 4738 verba
621 4665 803 4726 eodem
833 4688 988 4725 sensu
1018 4665 1318 4737 accipienda
1351 4665 1563 4734 esset“.
1591 4689 1698 4738 (tuo

153 4732 243 4809 ista
283 4732 474 4809 Basilii
511 4754 592 4809 ex!
615 4740 701 4792 lib.
739 4757 787 4793 tv
813 4743 1054 4809 adversus
1083 4732 1391 4809 Ennomium
1423 4755 1442 4791 :
1476 4732 1696 4809 Eidivq-

147 4793 279 4876 ρινὸς
307 4800 612 4876 Θεὸιςμκαὶ
645 4809 779 4876 φῶς,
813 4809 903 4861 καὶ
936 4807 1215 4876 ἄτρεπτος,
1244 4809 1333 4858 καὶ
1361 4808 1577 4872 ἀγαθὸς,
1606 4793 1698 4861 κά),

140 4860 302 4945 ἅγιος,
330 4860 434 4945 παῖ
450 4860 687 4945 ὑριοξ
708 4860 889 4939 ὄῨίός
908 4894 919 4906 ·
961 4860 1129 4929 ταῦτα
1155 4860 1214 4928 δ’ἓέ
1235 4877 1322 4927 καὶ
1392 4860 1576 4945 Πατὴρ
1601 4860 1694 4941 ὢν,

139 4930 450 5054 Ἠμοὶως
469 4930 806 5005 ἐστ“ιν,αλλὰ
829 4930 1104 5054 ρέιζόνως·
1120 4946 1215 4996 οὐκ
1237 4943 1417 5005 οὐσίας
1440 4930 1694 5015 exibam;

297 5009 607 5054 Rom-nato:-
627 5014 827 5054 ὑπςηϐη
861 5016 913 5054 ἦε
945 5034 961 5054 ι
993 5015 1044 5054 Si
1067 5029 1217 5054 vnrtte
1247 5014 1397 5054 "tum-
1430 5023 1482 5054 pl
1514 5015 1619 5054 IIII_
1643 5025 1694 5054 μι

151 4964 450 5054 mtuam);
469 4964 658 5005 εστιν,
676 4964 806 4998 arma
829 4964 1104 5065 {Lagei/tu;
1120 4964 1215 4996 ουκ
1237 4964 1417 5005 onata;
1440 4964 1694 5015 υπεροχῃ,

151 5066 176 5087 εν
297 5009 607 5087 ποιοτητος
627 5014 827 5087 ὑπερϐο
861 5016 915 5083 ᾗ.
945 5034 961 5063 ι
992 5015 1045 5067 Si
1067 5029 1217 5066 verus
1244 5014 1399 5087 Deus,
1430 5023 1483 5087 et
1512 5015 1622 5076 lux,
1643 5025 1699 5068 et

152 5077 524 5149 uittttutabilis,
552 5092 616 5133 et
658 5077 934 5142 boimsfet
958 5093 1210 5145 sanctus;
1242 5092 1294 5133 et
1327 5082 1573 5133 Dominus
1617 5093 1698 5136 est

153 5135 330 5194 Filius.
365 5135 712 5201 Ilaee'autem
747 5159 800 5201 et
828 5135 982 5203 Pater
1032 5165 1151 5202 cum
1194 5135 1284 5210 sit,
1318 5165 1417 5200 non
1449 5135 1697 5203 similiter

156 5214 393 5283 est{sed
412 5216 690 5282 amplius;
723 5233 824 5269 non
849 5220 1154 5269 substantia:
1182 5218 1572 5283 exsuperantia,
1602 5221 1696 5272 sed

159 5277 432 5348 qualitatis
462 5277 805 5348 praestantia.
840 5303 857 5334 ι
887 5286 950 5336 Et
981 5289 1111 5337 hanc
1150 5300 1264 5337 esse
1315 5277 1539 5336 iacntem
1571 5287 1694 5339 Ori-

161 5345 303 5458 gcnis
337 5345 672 5416 intelligitur
711 5368 774 5403 ex
803 5353 867 5403 iis
893 5353 1062 5404 verbis
1082 5367 1196 5418 quae
1229 5353 1523 5418 praecedunt
1552 5356 1694 5420 apud

187 5407 575 5458 Iterttmnnnm,
636 5420 725 5458 nlui
765 5420 1012 5458 (ὶι-ἰσρηρς
1060 5435 1154 5458 etin
1189 5420 1397 5458 nnmittt!
1437 5419 1670 5458 lnnttinir

187 5407 578 5488 liernnymum,
636 5420 726 5469 ubi
765 5420 1012 5487 Origenes
1059 5407 1154 5472 suo
1188 5407 1399 5488 nomine
1435 5407 1689 5488 loquiiur,

167 5491 226 5529 ac
252 5485 439 5535 statuit
467 5500 575 5554 non
593 5500 716 5554 esse
739 5485 947 5538 dubium
967 5488 1086 5554 quin
1106 5487 1151 5538 si
1195 5485 1345 5538 Pater
1363 5487 1428 5538 sit
1449 5485 1687 5552 in'Filio,

166 5554 213 5620 εει
253 5553 762 5620 comprehendatur
792 5554 864 5620 ab
913 5553 994 5619 eo,
1029 5557 1078 5607 itt
1112 5569 1216 5620 quo
1241 5564 1357 5607 est:
1386 5570 1403 5602 ι
1449 5556 1503 5607 Si
1541 5559 1690 5612 enim

168 5607 696 5691 Patrem'cognoscit
723 5617 904 5683 Filius,
934 5607 1357 5691 in'quit,lvidetur,
1379 5623 1427 5674 itt
1450 5637 1514 5675 eo

176 5683 312 5736 nevit
341 5683 583 5748 Patrem,
610 5699 779 5752 posse
798 5700 908 5740 eum
937 5683 1370 5758 comprehendere
1398 5705 1415 5744 :
1448 5700 1502 5746 ιιι
1529 5683 1590 5752 εἰ
1604 5693 1692 5750 di-

1803 4547 1978 4589 teneat
2031 4540 2118 4606 qui
2155 4539 2583 4606 c0gttovit,_nou
2627 4550 2905 4606 possumus
2953 4537 3130 4592 dicere
3185 4539 3324 4605 quod

1797 4603 2423 4672 comprehendatFilius
2463 4603 2694 4657 Patrem.
2752 4604 2908 4656 Pater
2959 4621 3084 4659 vero
3141 4603 3320 4661 omnia

1797 4676 2209 4742 comprehendit.
2240 4674 2380 4724 Inter
2407 4673 2582 4742 omnia
2616 4680 2788 4742 a_utem
2809 4683 2860 4724 et
2885 4673 3044 4726 Filius
3069 4685 3168 4736 est,
3195 4691 3325 4742 ergo

1796 4753 1848 4794 et
1887 4741 2074 4793 Filium
2126 4741 2542 4806 comprehendit.
2581 4758 2599 4789 υ
2629 4738 2902 4792 Postrema
2937 4746 3095 4796 verba
3139 4738 3324 4798 Graece

1797 4812 1934 4876 apud
1977 4808 2333 4876 Jttstittianuttt
2377 4810 2438 4859 atl
2473 4809 2672 4860 calcem
2710 4810 2877 4876 epist.
2903 4809 2966 4860 ad
2998 4810 3202 4864 Menam
3246 4813 3323 4863 sic

1794 4875 2035 4956 leguntur
2054 4893 2065 4926 :
2086 4878 2146 4956 Idl.
2158 4877 2217 4956 ea
2242 4878 2270 4927 ὁ
2292 4875 2481 4956 Haemi
2497 4875 2814 4956 ἐμπεριέχει.
2830 4875 2895 4926 τὰ
2924 4877 3112 4956 παντα,
3140 4878 3325 4956 τςῖξνρὲ

1797 4945 2008 5014 πάντων
2052 4945 2111 4996 τέ
2155 4947 2298 4997 ἐστιν
2342 4946 2370 4995 ὁ
2402 4945 2557 5006 Υἱὸς,
2601 4945 2753 5014 δῆλον
2789 4946 2868 4996 ὃτι
2924 4947 3015 5014 καὶ
3045 4947 3132 4999 τὸν
3174 4947 3321 4999 Υἱὸν.

1801 5013 2060 5066 Unitatem
2094 5014 2335 5067 essentia:
2363 5023 2416 5064 et
2436 5013 2788 5081 aequalitatem
2837 5015 2890 5065 in
2934 5013 3086 5066 Patre
3112 5027 3164 5067 et
3190 5014 3329 5067 Filio

1797 5081 2016 5134 tniriliee
2037 5084 2250 5148 exponit
2277 5082 2552 5148 Origenes,
2577 5084 2702 5133 dum
2727 5081 2938 5134 Patrem
2962 5098 2990 5132 a
3023 5081 3158 5136 Filio
3179 5097 3328 5135 com-

1796 5150 2044 5216 prehendi
2091 5150 2292 5212 statuit,
2323 5151 2442 5216 quia
2490 5149 2646 5203 l’ater
2677 5151 2728 5203 in
2777 5149 2908 5202 Filio
2954 5162 3052 5201 est.
3111 5151 3322 5216 Patrem

1796 5215 1921 5286 ergo
1950 5219 1998 5268 in
2032 5217 2166 5270 Filio
2199 5219 2615 5286 esseperedelmt,
2655 5233 2754 5270 non
2803 5219 2926 5284 quia
2974 5217 3117 5270 Patri
3151 5215 3320 5271 Filius

1795 5284 1993 5345 obetlit,
2023 5287 2113 5338 sed
2137 5286 2260 5353 quia
2293 5284 2425 5338 Filio
2456 5286 2610 5338 Pater
2635 5297 2794 5338 totam
2817 5288 3042 5337 divinant
3077 5287 3322 5339 substanu

1799 5356 1920 5406 tiam
1955 5355 2254 5420 generando
2285 5356 2517 5407 tradidit.
2552 5353 2700 5409 Unde
2730 5355 3004 5407 scientiam
3029 5365 3082 5408 et
3114 5356 3325 5420 sapien-

1799 5424 1921 5472 tiam
1945 5423 1995 5474 in
2028 5433 2248 5489 utroque
2268 5423 2520 5492 aequalem
2551 5423 2788 5491 agnoscit
2819 5421 3090 5492 Origenes,
3117 5438 3177 5474 ac
3198 5421 3324 5473 illud

1798 5500 1998 5542 tatttuut
2029 5491 2519 5556 comprehensionis
2556 5505 2743 5556 genus,
2765 5505 2866 5558 quo
2898 5491 3131 5558 genitum
3172 5503 3324 5558 com.

1791 5559 2068 5626 prehendit
2101 5560 2322 5626 genitor,
2353 5577 2380 5612 a
2408 5560 2535 5613 Filio
2562 5556 2808 5613 removet.
2837 5556 3168 5612 —‘Domnus
3186 5556 3321 5626 Prti-

1794 5623 1938 5680 deut.
1993 5623 2174 5680 Μαι-ἶλαι
2215 5623 2534 5684 οβ’όιυίιιὶι.
2576 5627 2763 5680 Christi
2815 5627 2906 5680 lib.
2955 5642 3030 5694 Iv,
3075 5640 3195 5694 cap.
3231 5623 3302 5676 16

1797 5711 1946 5750 aunt.
1970 5697 2006 5750 2
2026 5706 2078 5750 et
2107 5697 2162 5749 ι.

1797 5711 1946 5753 nutu.
1970 5706 2006 5750 2
2026 5706 2078 5751 et
2107 5706 2162 5749 4.
