3846 6456
122 456 204 489 μς)

116 551 298 618 Spiritu
387 559 584 608 sancto
640 553 958 610 decrevisse.
1025 556 1282 609 Similiter
1331 557 1725 624 EpiphaniusA

112 646 228 697 liazr.
255 655 420 703 LXIV,
456 657 577 708 cap.
612 643 646 696 4
672 661 688 694 :
733 646 823 696 Ἐκ
843 645 938 714 τῆς
958 646 1141 707 οὐσίας
1166 645 1256 697 τοῦ
1297 646 1502 715 Πατρὸς
1527 645 1649 698 τοῦ-

111 749 188 785 τον
217 730 396 800 (Υξὸν)
442 734 765 802 εἰσηγεῖται,
799 734 1006 786 κτιστὸν
1043 735 1099 786 δὲ
1138 734 1252 803 ἅμα
1273 749 1288 763 ·
1318 735 1555 804 βούλεται
1595 735 1652 788 δὲ

108 821 173 884 ὡς
217 821 362 872 κατὰ
420 821 585 890 χάριν
636 822 724 875 τὸν
767 824 889 875 Υἱὸν
931 823 1087 874 αὐτὸν
1137 824 1408 876 καλεῖσθαι
1455 823 1647 891 λέγειν.

113 930 129 960 i
159 911 226 964 Ex
259 912 579 965 substantia
613 913 789 965 Patris
815 929 931 966 eum
969 912 1200 983 (Filium)
1223 929 1342 967 esse
1368 913 1652 968 arbitratur

107 1000 454 1070 (Origenes),
499 1001 594 1054 sed
642 1001 982 1054 nihilominus
1022 1012 1276 1055 creatum.
1310 1003 1429 1055 Vult
1477 1013 1650 1056 autem

105 1090 239 1158 quasi
290 1105 401 1158 per
453 1093 684 1160 gratiam
735 1091 924 1145 Filium
974 1093 1144 1160 ipsum
1205 1092 1520 1160 appellatum
1570 1093 1652 1145 di-

104 1194 271 1259 cere;
316 1197 338 1228 ι
378 1187 436 1233 et
472 1195 595 1248 cap.
630 1181 663 1234 5
704 1199 718 1234 :
752 1181 1100 1251 Φανερὼτατα
1131 1181 1217 1233 τὸν
1251 1182 1375 1233 Υἱὸν
1403 1181 1492 1234 τοῦ
1521 1182 1652 1236 Θεοῦ

104 1271 297 1340 κτίσμα
325 1270 659 1339 ἐδογμάτισε
678 1311 693 1334 ,
723 1270 816 1322 καὶ
845 1270 950 1322 ἀπὸ
991 1269 1085 1338 τῆς
1108 1271 1231 1340 ’περὶ¹
1264 1271 1353 1324 τοῦ
1386 1271 1512 1324 Υἱοῦ
1538 1272 1654 1324 τόλ-

108 1377 204 1430 μης
227 1359 422 1430 γνῴης
445 1361 530 1412 ὅτι
563 1361 655 1412 καὶ
684 1361 742 1412 τὸ
770 1359 988 1428 Πνεῦμα
1011 1359 1070 1411 τὸ
1094 1361 1243 1426 ἅγιον
1291 1362 1498 1414 κτιστὸν
1543 1364 1654 1413 εἰσ-

101 1451 372 1520 ηγήσατο.
419 1467 438 1498 ι
483 1449 834 1517 Apertissimc
867 1447 1056 1500 Filium
1089 1450 1178 1502 Dei
1211 1461 1506 1504 creaturam
1539 1465 1655 1505 esse

101 1540 473 1598 asseveravit,
502 1547 555 1590 et
583 1537 651 1590 ab
689 1539 788 1590 hac
821 1538 870 1588 in
907 1535 1098 1589 Filium
1142 1539 1359 1591 audacia
1403 1553 1561 1591 nosce
1603 1548 1656 1593 et

95 1641 184 1694 pro
247 1639 314 1678 re
375 1635 566 1679 creata
617 1625 871 1690 Spiritum
931 1635 1171 1679 sanctum
1210 1626 1495 1682 habuisse:
1532 1644 1550 1675 ι
1603 1635 1657 1680 et

98 1729 204 1783 cap.
239 1714 322 1767 8:
365 1713 563 1766 Ὁπότε
602 1712 658 1764 δὲ
690 1714 746 1764 ὲν
784 1712 991 1774 πολλοῖς
1027 1712 1208 1774 τόποις
1241 1711 1464 1781 εὕρομεν
1501 1712 1656 1764 αὑτὸν

95 1807 178 1858 τὸν
211 1805 513 1873 Μονογενῆ
547 1803 678 1856 Θεὸν
713 1803 1164 1874 ἀπαλλοτριοῢντα
1193 1805 1290 1872 τῆς
1325 1803 1415 1855 τοῦ
1452 1805 1656 1874 Πατρὸς

94 1894 349 1962 Θεότητός
386 1860 449 1944 ατε
487 1860 583 1945 καὶ
618 1890 824 1954 οὐσίας,
857 1860 987 1960 ὁμοὶῖ
1026 1909 1084 1942 τε
1124 1893 1215 1944 καὶ
1249 1860 1309 1943 :er
1345 1860 1652 1960 ΙΙνεῠμαθτο
1687 1860 1727 1915 Β

93 1985 257 2053 ἅγιον,
307 1982 510 2034 τούτου
549 1982 708 2050 χάριν
745 1982 802 2032 τὸ
833 1982 1052 2049 γενητὸν
1086 1981 1214 2032 Θεὸν
1250 1983 1521 2052 εἰρηκέναι
1558 1983 1654 2034 αὑ-

93 2075 196 2134 τὸν,
224 2071 415 2139 σαφές
455 2072 627 2130 ἐστιν,
667 2071 745 2122 ὅτι
781 2069 990 2121 κτιστὸν
1037 2069 1287 2138 ὁρίζεται.
1341 2088 1359 2118 α
1397 2069 1652 2132 Quoniam

92 2171 264 2215 autem
308 2162 362 2212 in
407 2160 599 2212 multis
641 2159 770 2210 locis
812 2159 1112 2212 invenimus
1153 2175 1271 2211 eum
1317 2157 1652 2221 Unigenitum

91 2249 248 2302 Deum
298 2256 682 2316 segregantem
715 2262 742 2298 a
773 2246 948 2299 Patris
995 2248 1274 2299 divinitate
1305 2255 1359 2299 et
1402 2247 1653 2297 subsmn-

92 2341 198 2404 tia;
232 2338 413 2392 simul
449 2351 582 2389 vero
615 2345 668 2389 et
695 2335 951 2403 Spiritum
992 2347 1273 2397 sanctum;
1309 2336 1505 2388 idcirco
1533 2348 1652 2386 eum

91 2430 420 2496 productum
458 2426 626 2481 Deum
656 2425 856 2478 dixisse
885 2424 1084 2490 liquet,
1110 2424 1229 2490 quia
1272 2432 1507 2475 creatum
1535 2435 1656 2474 esse

65 2519 364 2574 'decernit.
405 2536 425 2566 ι
459 2514 794 2570 Justinianus
827 2513 877 2565 in
922 2511 1092 2577 Epist.
1125 2514 1195 2564 vd
1226 2512 1431 2564 Menam
1461 2511 1656 2563 dixisse

88 2607 488 2662 Adamantiiim
556 2605 786 2657 asserit:
833 2602 951 2653 Ὀτι
1007 2603 1033 2654 ὁ
1088 2602 1248 2663 Υἱὸς,
1287 2600 1470 2653 καὶτὸ
1507 2600 1656 2667 ἆγιον

84 2699 318 2767 Πνεῦμα
352 2695 637 2764 κτίσματά
668 2695 802 2755 εἰσι,
843 2692 934 2744 καὶ
972 2694 1104 2761 ὅπερ
1139 2692 1295 2758 ἡμεῖς
1328 2692 1488 2758 ἐσμεν
1525 2689 1657 2758 πρὸς

82 2789 168 2843 τὸν
202 2774 372 2846 Υἱδν,
411 2785 574 2838 τοῦτο
609 2785 637 2835 ὁ
675 2785 801 2846 Υἱός
833 2785 947 2834 ἐστι
982 2781 1113 2850 πρὸς
1143 2779 1372 2847 Πατέρα.
1414 2795 1434 2827 ι
1468 2777 1654 2830 Filium

81 2889 133 2934 et
160 2877 448 2947 Spiritum
489 2882 740 2927 sanctum
777 2887 862 2925 res
887 2885 1004 2923 esse
1028 2878 1252 2928 creatas,
1286 2869 1531 2935 quodque
1563 2881 1657 2919 nos

80 2980 266 3020 sumus
305 2964 376 3014 ad
411 2961 631 3020 Filium,
652 2960 703 3011 id
734 2958 926 3011 Filium
964 2970 1082 3009 esse
1108 2956 1171 3008 ad
1198 2955 1428 3007 Patrem.
1464 2970 1482 3002 ›
1523 2952 1658 3006 Plio-

82 3059 185 3108 tiiis
221 3057 363 3108 cod.
390 3067 488 3103 Viti
520 3049 709 3104 scribit
740 3046 1022 3115 Origenem
1050 3045 1295 3098 docuisse
1325 3044 1376 3094 in
1411 3041 1501 3095 lib.
1538 3058 1552 3093 ι
1587 3041 1658 3094 De

75 3146 315 3215 princip.
340 3182 356 3206 ,
383 3141 482 3192 τὸν
521 3139 618 3208 μὲν
649 3138 776 3189 Υἱὸν
811 3135 913 3188 ὑπὸ
944 3133 1035 3186 τοῦ
1073 3133 1278 3202 Πατρος
1317 3131 1653 3201 πεποιῆσθαι,

74 3198 134 3286 ἓδ
166 3235 227 3287 δὲ
249 3198 534 3299 ’Πεᾷεῡμεὶ
557 3228 662 3280 ὑπὸ
692 3226 786 3278 τοῦ
821 3223 970 3276 Υἱοῦ.
1007 3241 1027 3273 ‹
1070 3198 1258 3275 Filium
1295 3235 1412 3276 esse
1439 3238 1467 3273 a
1498 3198 1656 3274 Patre
1683 3198 1723 3252 (ἶ

72 3327 314 3386 factum,
348 3319 624 3388 Spiritum
659 3323 900 3370 sanctum
932 3328 961 3365 a
1005 3311 1155 3363 Filio.
1194 3329 1211 3361 ι
1244 3310 1446 3375 Quibus
1476 3324 1658 3362 assen-

73 3414 295 3465 tiuntur
325 3407 696 3476 Augustinus,
741 3401 1036 3464 Cedrenus,
1083 3399 1290 3464 Suidas,
1333 3397 1564 3452 Zonaras
1608 3408 1660 3451 et

66 3499 334 3556 Nicetas.

141 3587 356 3644 XXIII.
414 3584 474 3639 Si
529 3597 655 3651 quae
705 3592 882 3634 tamen
934 3580 1142 3646 culpam
1194 3577 1328 3629 hanc
1375 3586 1661 3629 extenuare

61 3687 342 3748 possunt,
373 3675 726 3743 colligamus.
758 3671 980 3722 Rufinus
1009 3669 1078 3720 De
1102 3667 1273 3719 adutt.
1299 3667 1417 3717 libr.
1449 3665 1658 3731 Origen.

64 3747 244 3842 liuius
264 3773 557 3826 hereseos
601 3766 751 3817 virus
800 3763 948 3815 libris
997 3759 1240 3828 Origenis
1284 3757 1452 3809 aliena
1503 3747 1660 3808 manu

57 3864 326 3918 aﬂ'usum
358 3855 720 3914 existimabat
746 3869 762 3904 :
813 3870 832 3901 ς
871 3849 1115 3916 Nunquid
1142 3886 1157 3908 ,
1182 3848 1372 3914 inquit,
1401 3848 1452 3898 in
1478 3847 1660 3898 eodem

55 3967 246 4024 Opere
283 3949 544 4018 ejusdem
578 3942 741 4005 libri,
781 3941 1042 3993 interdum
1065 3976 1081 4002 ,
1113 3949 1169 3987 ut
1199 3936 1450 3997 diximus,
1480 3935 1659 3986 statim

53 4022 114 4098 iri
171 4033 568 4106 consequenti
613 4028 847 4099 capitulo
895 4027 1089 4082 oblitus
1135 4023 1214 4076 sui
1264 4037 1384 4076 esse
1444 4022 1664 4089 potuit?

51 4134 249 4188 Verbi
282 4144 483 4186 causa.
513 4134 575 4177 ut
598 4123 691 4190 qui
727 4120 971 4188 superius
997 4117 1205 4169 dixerat
1239 4128 1496 4179 nusquam
1527 4113 1666 4165 inve-

48 4221 172 4276 niri
213 4221 280 4272 in
315 4215 471 4271 omni
504 4211 789 4277 Scriptura
831 4206 917 4258 ubi
957 4204 1189 4271 Spiritus
1222 4210 1442 4255 sanctus
1495 4202 1665 4253 factus

49 4310 146 4365 vel
171 4316 430 4362 creatus
462 4315 590 4358 esse
618 4300 914 4358 diceretur,
941 4297 1194 4349 continuo
1220 4291 1503 4358 subjiceret
1530 4290 1669 4343 inter

43 4409 325 4454 ceteras
355 4402 649 4450 creaturas
672 4388 876 4442 factum
906 4400 1023 4440 esse
1053 4384 1309 4452 Spiritum
1337 4380 1616 4435 sanctum?
1645 4399 1661 4430 ι

42 4488 309 4544 Similia
357 4482 568 4553 regerit
607 4477 986 4531 Genebrardus
1031 4476 1080 4527 in
1131 4473 1412 4526 Collectan.
1456 4473 1517 4522 de
1553 4469 1668 4521 Vita

44 4577 348 4647 0n’gen.,
383 4588 509 4641 cap.
536 4573 589 4624 6.
625 4569 885 4637 Didymus
909 4579 1036 4618 vero
1059 4603 1072 4626 .
1112 4578 1216 4617 non
1251 4561 1457 4614 eximiae
1499 4561 1667 4632 solum

35 4664 426 4722 eruditionis
455 4663 644 4722 homo,
662 4658 757 4710 sed
790 4656 1101 4708 orthodoxae
1118 4654 1276 4706 etiam
1302 4650 1442 4714 lidei,
1468 4651 1664 4716 scripta

40 4757 319 4824 quidem
346 4755 412 4804 ab
439 4750 682 4818 Origene
711 4759 819 4797 non
843 4753 1001 4812 negat
1030 4757 1147 4810 quae
1176 4739 1330 4807 objici
1357 4739 1550 4802 solent,
1574 4739 1663 4791 sed

40 4849 105 4900 in
153 4845 395 4898 malam
440 4849 660 4908 partem
713 4833 854 4887 ﬂecti
899 4834 1091 4886 asserit
1139 4847 1168 4884 a
1201 4827 1508 4891 malevolis,
1554 4842 1670 4895 qua:

39 4945 222 4990 recta
251 4937 533 5002 poterant
555 4923 1004 4992 interpretatione
1029 4919 1257 4976 defendi.
1289 4917 1342 4970 1d
1361 4917 1668 4985 priusquam

121 5087 184 5157 (ί
207 5086 272 5150 ι)
321 5081 546 5157 Were
569 5067 1494 5157 .qwzsﬂétllﬁi‘,{Pf‘tifft"ia.‘?}£:
1519 5064 1665 5157 οἳὲέὶ

33 5133 774 5223 supra’aituEpiphZauius
816 5139 879 5189 ab
905 5139 1125 5223 Origene
1170 5151 1269 5223 non
1309 5143 1496 5223 natura
1524 5133 1665 5223 nscia!

35 5202 253 5290 {Er-Stis!
316 5202 740 5286 Filiuiii'_(lici,
789 5202 1134 5283 commentum
1183 5213 1271 5290 est
1315 5202 1379 5252 ab
1422 5202 1668 5290 omnibus

33 5270 354 5356 Brigensis
384 5275 695 5356 principiis
727 5273 1162 5356 felDOIPSSilll'tllll..
1182 5271 1465 5356 Ιιιοξηὲἱιοξι⁸
1480 5270 1667 5356 dicati:

39 5337 693 5422 ivit-3“titionemtion‘3:.ex
717 5342 1000 5422 ,Y9“"}‘“E°
1025 5340 1241 5422 3"???
1268 5351 1382 5422 qua?
1418 5337 1667 5422 1995.393

31 5402 401 5477 aviis—cum
444 5408 658 5477 multis
711 5405 830 5457 aliis
862 5407 1115 5477 probata“,
1161 5419 1266 5458 tuin
1311 5405 1372 5454 ad
1417 5402 1670 5477 Origenis

26 5472 412 5544 eguit—entiam
432 5475 594 5528 satis
620 5474 1041 5525 accommodata.
1058 5473 1183 5526 Nam
1209 5486 1320 5544 cum
1346 5472 1676 5544 voluntatem

34 5538 250 5612 Ῐῖὁῖι-ἷε
285 5553 344 5602 in
369 5545 530 5600 Filio
564 5549 996 5612 generatam,“
1025 5538 1334 5612 totam_Filio
1354 5539 1670 5612 communio

27 5605 238 5679 £53.};
279 5617 523 5679 doceat,
562 5605 650 5656 ita
693 5612 759 5679 ut
786 5607 1020 5679 identitas
1043 5609 1107 5658 sit
1131 5607 1401 5679 voluntatis
1433 5605 1488 5657 in
1523 5615 1674 5679 utro-

21 5673 214 5762 ἆῖιῖς
279 5696 398 5734 ιιοη
415 5673 1675 5762 ,ἑξὶἮξῖἓὲῖηξέΞΕἓ¹¹Ε91¹ξξῖἒ9έ¹⁰Αὲἓὲἰτίίἐδὲϋὲίξ

28 5737 255 5815 inﬁda
301 5762 370 5802 ει
412 5738 640 5794 Patris
677 5737 949 5794 voluntate
987 5741 1226 5809 genitum.
1262 5740 1406 5805 Quod
1452 5737 1672 5809 spectat

954 439 1508 494 ORIGENIANORUM
1547 440 1676 494 LIB.
1712 440 1777 504 Η,
1818 439 1968 494 CAP.
2006 441 2072 503 ll,
2111 441 2380 506 QUAEST.
2408 445 2472 497 ll.

1700 4520 1742 4572 Ι)

3177 447 3240 498 77

1751 554 2082 622 aggredimur
2112 554 2319 618 facere,
2367 557 2648 614 atl'eremus
2685 558 2930 628 Origenis
2974 559 3276 613 testimoaia

1749 634 1984 710 qiiaedam
2019 644 2294 696 catholicae
2330 645 2580 701 doctrinte
2608 650 2738 701 satis
2781 658 3150 701 consentanea.
3188 647 3279 701 Fi-

1747 731 1872 783 lium
1904 731 2205 785 Creatorem
2234 735 2457 800 appellat
2493 736 2584 788 lib.
2612 751 2683 790 vn
2716 739 2771 790 in
2797 737 2964 804 Epist.
2997 743 3065 790 ad
3099 737 3278 799 Rom..

1748 834 1896 872 num.
1923 818 1974 880 9,
2005 830 2058 872 et
2083 835 2108 870 a
2138 822 2296 874 rebus
2321 823 2514 874 creatis
2539 824 2738 879 diserte
2769 826 2996 879 secernit
3024 843 3040 879 :
3082 845 3100 876 ι
3134 823 3278 878 Nihil

1750 919 1831 962 est
1864 911 2026 976 enim,
2059 911 2248 976 inquit,
2277 910 2388 964 sive
2411 912 2653 978 visibilis,
2687 914 2797 967 sive
2820 915 3099 968 invisibilis
3127 928 3280 969 crea-

1751 1007 1900 1062 turzn,
1924 1001 2063 1068 quod
2098 1000 2236 1054 Filio
2262 1001 2429 1069 possit
2457 1001 2722 1068 aquuari
2749 1019 2763 1065 ;
2793 1003 2933 1056 nullo
2961 1005 3097 1057 enim
3125 1011 3279 1071 pacto

1751 1089 1974 1142 creatori
2008 1104 2103 1142 suo
2136 1100 2376 1142 creatura
2425 1098 2598 1159 potest
2623 1091 2880 1156 conferri;
2904 1102 2957 1145 et
2983 1093 3025 1145 si
3057 1092 3278 1146 Creator

1751 1179 1863 1247 ipse
1891 1178 2116 1231 donatus
2142 1186 2223 1231 est
2262 1179 2434 1243 nobis,
2468 1181 2732 1246 quomodo
2761 1195 2861 1232 non
2897 1195 3014 1233 cum
3045 1181 3160 1246 ipso
3185 1195 3282 1236 no—

1749 1267 1833 1320 bis
1868 1267 2040 1320 omnis
2079 1275 2323 1320 creatura
2365 1269 2701 1322 donabitur?
2735 1286 2752 1319 i
2802 1279 2855 1321 et
2894 1269 2943 1320 in
2984 1269 3282 1334 Anacepha—

1752 1355 1895 1408 (mosi
1919 1356 2007 1408 lib.
2038 1371 2088 1408 Iv
2115 1357 2250 1424 Περὶ
2281 1357 2494 1425 ἀρχῶν,
2527 1375 2672 1412 num.
2698 1358 2767 1411 28
2791 1376 2806 1414 :
2840 1377 2858 1408 ‹
2896 1357 3008 1410 Νοη
3035 1359 3174 1411 enim
3202 1358 3283 1411 di-

1752 1445 1939 1504 cimus,
1972 1445 2108 1497 sicut
2137 1447 2366 1498 hmretici
2405 1456 2614 1513 putant,
2647 1456 2848 1515 partem
2891 1446 3119 1513 aliquam
3157 1446 3282 1500 sub-

1753 1538 1957 1587 stantia:
2000 1535 2091 1587 Dei
2132 1535 2181 1587 in
2209 1533 2397 1587 Filium
2433 1551 2638 1588 versam
2663 1576 2677 1597 ,
2708 1546 2797 1588 aut
2823 1551 2884 1588 ex
2927 1536 3082 1588 nullis
3111 1534 3284 1588 subsi-

1754 1624 2008 1676 stentibus
2038 1623 2224 1675 Filium
2268 1632 2594 1689 procreatum
2633 1638 2660 1675 a
2695 1623 2876 1684 Patre,
2908 1624 2958 1675 id
2991 1632 3102 1681 est.
3134 1631 3282 1674 extra

1754 1713 2096 1764 substantiam
2127 1728 2301 1772 suam.
2337 1722 2394 1764 ut
2426 1713 2584 1764 fuerit
2625 1713 2906 1779 aliquando
2933 1713 3146 1780 quando
3176 1727 3282 1764 non

1757 1800 1935 1862 fuerit,
1964 1802 2053 1853 sed
2090 1801 2327 1854 abscisso
2358 1803 2501 1853 omni
2546 1816 2703 1854 sensu
2743 1816 3020 1869 corporeo,
3051 1816 3115 1854 ex
3152 1801 3285 1852 iuvi-

1754 1891 1890 1944 sibili
1923 1900 1975 1944 et
2005 1891 2315 1958 incorporeo
2341 1890 2569 1944 Verbum
2607 1902 2658 1944 et
2690 1891 3015 1959 Sapientiam
3051 1893 3282 1958 genitam

1754 1979 1977 2031 dicimus
1999 2017 2014 2040 ,
2048 1980 2246 2046 absque
2286 1979 2386 2031 ulla
2435 1981 2693 2048 corporali
2743 1982 3026 2047 passione.
3061 1982 3203 2033 velut
3239 1982 3282 2034 si

1755 2069 1991 2121 voluntas
2037 2071 2289 2137 procedat
2337 2086 2366 2124 e
2413 2081 2607 2123 mente.
2646 2089 2663 2121 ι
2701 2071 2894 2125 Locum
2936 2072 3074 2123 hunc
3111 2075 3287 2136 capite

1754 2157 1820 2209 l8
1852 2159 2041 2225 repetit
2085 2169 2268 2212 auctor
2304 2159 2461 2213 libelli
2494 2160 2567 2211 De
2613 2160 2803 2212 deitate
2850 2169 2896 2212 et
2930 2160 3288 2214 incarnatione

1767 2245 1946 2308 Verbi,
1997 2252 2060 2300 ad
2110 2246 2452 2310 Januarium,
2482 2247 2568 2315 qui
2625 2247 2847 2300 habetur
2893 2248 2944 2298 in
2999 2247 3101 2300 line
3160 2247 3286 2300 tomi

1755 2337 1926 2403 quarti
1950 2337 2252 2405 Augustini.
2275 2340 2444 2405 Atque
2479 2339 2589 2390 bzec
2609 2339 2768 2391 verba
2797 2353 2811 2389 :
2843 2367 2860 2388 ι
2901 2339 3002 2389 Aut
3033 2353 3095 2392 ex
3127 2336 3286 2392 nullis

1756 2425 2166 2478 subsistentibus
2200 2425 2388 2478 Filium
2419 2436 2752 2494 procreatum
2797 2443 2824 2478 a
2867 2425 3066 2491 Patre,
3112 2427 3162 2480 id
3205 2439 3288 2482 est

1755 2524 1903 2567 extra
1931 2516 2281 2568 substantiam
2311 2531 2479 2577 suam,
2509 2524 2566 2567 ut
2587 2516 2745 2568 fuerit
2767 2516 3050 2584 aliquando
3073 2519 3287 2584 quando

1756 2620 1860 2658 nOn
1901 2605 2060 2656 fuerit
2085 2643 2100 2666 ,
2141 2625 2159 2656 ι
2191 2620 2344 2658 nemo
2392 2620 2492 2657 non
2524 2605 2666 2656 videt
2702 2605 2781 2656 vel
2828 2620 2854 2656 a
2895 2604 3094 2658 Ruﬁno
3124 2605 3223 2657 luis
3256 2621 3286 2658 e

1758 2695 2184 2762 interpretationi
2217 2696 2438 2754 intexta,
2466 2694 2544 2745 vel
2565 2695 2631 2746 ab
2655 2693 2771 2745 aliis
2797 2693 2986 2746 Ruﬁno
3021 2693 3286 2760 antiquio-

1757 2787 1902 2838 ribus
1938 2784 2123 2838 Graeco
2180 2784 2281 2851 ipsi
2327 2783 2595 2836 contextiii
2632 2783 2824 2835 infarta
2862 2792 3044 2835 contra
3078 2785 3284 2840 Arium.

1757 2888 1912 2940 quem
1939 2874 2261 2925 Sozoinenus
2298 2873 2388 2923 lib.
2419 2889 2461 2929 i.
2489 2888 2604 2938 cap.
2641 2870 2736 2934 15,
2768 2869 2842 2921 ait
2872 2871 3128 2940 πρότερον
3161 2871 3286 2937 παρ’

1757 2962 1936 3032 ἐτέρου
1979 2963 2050 3031 μὴ
2076 2963 2353 3032 εἰρημένον
2384 2962 2642 3030 τολμῆσαι
2679 2963 2734 3012 ἐν
2769 2960 3056 3029 Ἐκκλησία
3080 2958 3288 3026 ἀποφή-

1759 3051 1963 3111 νασθαι,
1990 3051 2078 3102 τὸν
2108 3051 2230 3102 Υἱὸν
2262 3049 2354 3101 τοῦ
2391 3049 2522 3100 Θεοῦ
2549 3049 2604 3114 ἐξ
2630 3049 2726 3099 οὐκ
2755 3048 2916 3100 ὄντων
2946 3045 3288 3114 γεγενῆσθαι,

1762 3141 1853 3194 καὶ
1867 3135 2001 3192 εἷναί
2031 3158 2158 3192 ποτε
2183 3142 2265 3192 ὅτε
2297 3141 2393 3191 οὐκ
2426 3137 2510 3210 ἦν.
2543 3157 2560 3187 i
2588 3139 2817 3190 Primum
2850 3140 2899 3190 in
2933 3137 3162 3191 Ecclesia
3196 3152 3292 3188 au-

1754 3247 1869 3283 sum
1919 3245 2036 3284 esse
2080 3231 2287 3291 dicere,
2317 3235 2456 3298 quod
2505 3243 2660 3282 neuio
2704 3241 2830 3282 ante
2875 3229 3017 3281 illum
3061 3229 3291 3288 dixerat,

1755 3319 1944 3371 Filium
1977 3321 2179 3373 scilicet
2213 3320 2300 3372 Dei
2328 3336 2391 3372 ex
2428 3334 2527 3371 non
2559 3319 2890 3371 exstantibus
2921 3318 3209 3376 exstitisse.
3235 3325 3294 3370 et

1756 3408 1919 3462 fuisse
1957 3408 2238 3476 aliquando
2289 3423 2408 3462 eum
2465 3410 2694 3461 nondum
2750 3416 2911 3461 esset.
2971 3423 2990 3456 ι
3032 3405 3291 3460 Disertis-

1758 3499 1890 3550 sima
1919 3499 2074 3550 etiam
2104 3499 2214 3550 haec
2241 3497 2305 3549 de
2342 3507 2525 3551 sancto
2551 3497 2751 3565 Spiritu
2786 3512 2816 3550 e
2853 3497 2945 3548 lib.
2976 3511 2989 3548 i
3022 3495 3161 3562 Περὶ
3186 3493 3289 3564 ἀρ-

1758 3587 1897 3656 χῶν,
1915 3603 2029 3654 cap.
2060 3589 2112 3648 5,
2139 3605 2281 3640 ηιιιιι.
2309 3588 2341 3640 5
2366 3607 2377 3640 :
2414 3605 2433 3637 ι
2465 3587 2835 3640 Verumtamen
2870 3601 3038 3655 usque
3063 3587 3129 3640 ad
3157 3603 3295 3655 pra:-

1759 3690 1879 3727 sens
1901 3675 2101 3728 nullum
2131 3690 2426 3728 sermonem
2455 3676 2506 3727 in
2533 3674 2824 3742 Scripturis
2845 3676 3042 3728 sanctis
3060 3675 3297 3727 invenire

1760 3767 2026 3830 potuimus
2071 3780 2165 3833 per
2209 3781 2362 3830 quem
2411 3763 2643 3832 Spiritus
2671 3779 2888 3818 saueius
2921 3763 3124 3817 factura
3157 3778 3297 3825 esse,

1758 3854 1838 3903 vel
1864 3862 2104 3904 creatura
2131 3853 2395 3905 diceretur
2420 3870 2434 3915 ;
2468 3867 2534 3906 ne
2565 3867 2628 3905 eo
2655 3854 2871 3919 quidem
2904 3855 3064 3906 modo
3093 3866 3202 3918 quo
3229 3851 3298 3901 de

1765 3939 2036 4006 Sapientia
2071 3940 2270 3991 referre
2294 3940 2829 4007 Salonionemsupra
2859 3939 3187 4000 edocuimus,
3215 3937 3298 3988 vel

1777 4043 1894 4092 quae
1948 4028 2010 4078 de
2045 4027 2183 4088 vita,
2213 4027 2293 4077 vel
2339 4025 2505 4077 Verbo
2533 4064 2547 4086 ,
2595 4026 2816 4092 aliisque
2867 4024 3301 4092 appellationibus

1774 4117 1894 4169 Filii
1923 4117 2012 4169 Dei
2048 4116 2381 4184 intelligenda
2408 4115 2908 4168 esse'tractaviiuus.
2942 4131 2961 4163 ι
2988 4114 3160 4181 Atque
3190 4113 3302 4166 hac

1769 4205 1984 4272 quidem
2032 4218 2062 4255 e
2092 4203 2387 4256 Ruﬁnianis
2425 4201 2954 4268 interpretationibus
2993 4203 3322 4270 deprompta

1767 4295 2151 4353 testiinonia,ut
2177 4298 2346 4346 minus
2375 4292 2542 4345 valida
2573 4292 2940 4360 praemisimus,
2964 4291 3106 4345 velut
3135 4291 3301 4345 levio-

1771 4400 1880 4437 rem
1919 4387 2199 4450 quamdam
2231 4390 2574 4452 arinaturam.
2606 4381 2709 4435 Sed
2731 4380 2839 4449 jam
2869 4382 3116 4436 cominus
3143 4383 3292 4450 signa

1769 4488 1986 4526 COIISCI'O
1995 4487 2129 4525 mus.

1849 4563 2058 4629 Aliquot
2095 4561 2368 4613 attulimus
2403 4559 2570 4620 iocos,
2595 4560 2860 4626 quibusin
2886 4570 3184 4614 creatarnm
3220 4574 3305 4612 re-

1773 4669 1886 4705 rum
1915 4667 2128 4705 censum
2163 4652 2362 4704 detrusi
2390 4651 2636 4702 videntur
2669 4650 2735 4702 ab
2765 4648 2994 4716 Origene
3045 4649 3209 4702 Filius
3250 4659 3305 4702 et

1773 4743 1998 4810 Spiritus
2023 4753 2254 4794 sanctus.
2281 4741 2324 4807 (Ι
2341 4740 2386 4807 ι)
2407 4739 2606 4800 l’riore,
2638 4753 2792 4804 quem
2818 4739 3027 4791 adducit
3052 4737 3306 4791 Iustinia-

1765 4843 1905 4887 nus,
1970 4827 2133 4880 Filius
2195 4828 2386 4880 dicitur
2454 4826 2518 4875 ἐκ
2590 4823 2882 4893 θελήματος
2941 4823 3034 4875 τοῦ
3100 4826 3304 4894 Πατρὸς

1764 4914 2058 4984 γεννηθεὶς,
2098 4915 2436 4986 πρωτότοκος
2468 4911 2642 4980 πάσης
2675 4910 2917 4973 κτίσεως,
2956 4911 3174 4980 κτίσμα.
3205 4913 3307 4966 Re-

1772 5066 1836 5116 ad
1887 5063 2297 5117 Proverbiorum
2339 5061 2549 5126 locum,
2600 5079 2618 5111 ‹
2654 5060 2903 5114 Dominus
2943 5059 3178 5112 condidit
3221 5073 3307 5114 me

1773 5132 1953 5192 (Prov.
1986 5148 2092 5191 vin,
2122 5133 2234 5201 22).
2274 5147 2293 5180 ι
2325 5141 2428 5186 etc.
2449 5169 2463 5194 ,
2492 5145 2596 5197 quo
2641 5129 2810 5201 fretus
2837 5127 3088 5201 Origenes
3116 5126 3305 5201 Filium

1776 5203 2043 5254 conditum
2071 5210 2122 5252 et
2153 5195 2260 5253 rein
2305 5195 2576 5252 conditam
2620 5197 2918 5266 appellasse
2948 5195 3140 5266 dicitur
3176 5197 3304 5266 μνᾷ-

1773 5271 2000 5322 deudum
2045 5283 2273 5335 quonam
2334 5268 2382 5319 id
2433 5282 2589 5319 sensti
2644 5261 3136 5335 praestiterit_(_nam
3181 5262 3307 5335 vitio

1774 5337 1907 5389 verti
1956 5327 2298 5407 non'potest.
2346 5335 2484 5407 quod
2533 5327 2822 5407 Scriptura;
2873 5327 3309 5407 verbisutatur),

1775 5415 1950 5458 utrum
1980 5408 2077 5456 lioc
2095 5395 2451 5473 iestinionium
2479 5405 2545 5455 ad
2574 5395 2910 5473 evertendam
2937 5395 3056 5448 Filii
3095 5395 3309 5473 teterrii-

1783 5482 2058 5543 tatein,ut
2092 5472 2388 5543 claruinuet
2426 5480 2664 5543 apertum
2695 5467 2984 5543 adhibeat;
3019 5477 3086 5543 an
3108 5467 3313 5543 potius,

1781 5551 1840 5593 ut
1873 5532 2176 5609 inqobscuro
2200 5550 2253 5593 et
2282 5532 2481 5609 dilli_cili
2515 5539 2663 5609 loco,
2686 5538 2761 5609 ad
2791 5532 3012 5588 subtiles
3042 5532 3320 5609 interpre-

1783 5604 2009 5662 tationes
2059 5608 2348 5674 confugiat.
2385 5605 2553 5659 Litcin
2599 5596 2853 5674 dirimunt
2901 5615 3017 5674 (illa:
3070 5596 3324 5674 leguntur

1779 5676 1871 5729 lib.
1917 5693 1929 5729 ι
1958 5661 2028 5729 De
2069 5661 2288 5742 princip.
2313 5713 2327 5735 ,
2354 5689 2470 5741 cap.
2499 5674 2534 5726 9.
2559 5712 2574 5736 ,
2605 5669 2814 5742 num._2
2844 5661 2962 5742 et}
2987 5706 3000 5729 ,
3021 5661 3326 5742 ubilillutl!

1786 5726 2091 5800 illam—inus
2113 5726 2520 5826 (ἐοῖιάίἂῖιξηέερ
2550 5726 2651 5816 non
2679 5741 2742 5795 de
2765 5740 2881 5811 ipsa
2905 5726 3220 5804 Sapientia,
3242 5726 3335 5815 sed
