3846 6450
191 446 305 512 W1

1074 451 1626 510 ORIGENIANORUM
1663 451 1785 509 LIB.
1826 452 1887 516 ll,
1923 450 2070 506 CAP.
2112 451 2173 515 ll,
2214 450 2480 517 QUIEST.
2520 451 2581 505 11.

3284 447 3383 499 783

226 552 634 624 mm,quotlllle
655 556 1109 633 sitprimOgenitus
1126 568 1286 620 omnis
1304 564 1776 634 creatum,etquod
1805 570 1846 624 Α
1878 575 1934 616 ιιι
1979 573 2118 618 esset
2152 562 2337 626 Filius,
2372 564 2462 616 sed
2506 574 2714 631 semper
2759 560 2876 625 fuit,
2925 567 2980 612 et
3009 563 3111 620 est,
3156 554 3295 609 sicut
3334 567 3385 608 et

233 668 345 722 pm
368 646 571 701 naturis
605 647 833 717 reliquis
859 653 928 705 sit
953 654 1290 724 τελειωτάτη,
1324 664 1379 706 ut
1414 655 1639 719 loquitur
1657 653 1770 707 Cle-

249 753 393 795 mens
434 736 830 794 Alexandrinus
858 741 951 795 lib.
994 758 1061 795 vn
1106 742 1769 810 Strom.:Kat'dytmdwq,

250 830 343 883 καὶ
367 827 694 897 κυριωτάτη,
727 830 822 881 καὶ
850 832 1304 901 ἡγεμονικωτάτη,
1324 833 1415 884 καὶ
1428 831 1772 899 βασιλικωτά-

248 934 336 989 τη,
366 916 548 986 ὴΥἱοῢ
574 917 733 984 φύσις
766 920 800 988 ἡ
822 920 897 989 τῷ
937 921 1074 989 μόνῳ
1101 921 1484 991 παντοκράτορι
1525 938 1775 990 προσεχε-

247 1006 434 1074 στάτη.
474 1022 494 1055 ι
530 1004 947 1070 Perfectissima,
979 1020 1031 1060 et
1057 1009 1408 1072 sanctissima,
1452 1020 1504 1061 et
1549 1011 1775 1063 maxime

243 1095 549 1156 dominans,
573 1101 630 1148 et
658 1094 891 1149 maxime
927 1097 1261 1165 imperatoria
1293 1111 1354 1151 ac
1378 1099 1515 1165 regia
1532 1097 1651 1152 Filii
1682 1113 1775 1150 na-

242 1194 383 1250 tura,
403 1199 524 1252 quae
547 1183 647 1239 soli
679 1185 1039 1255 Omnipotenti
1065 1188 1501 1256 propinquissima
1521 1195 1617 1243 est.
1634 1207 1653 1241 ›
1674 1189 1774 1242 Sed

241 1287 429 1341 parum
462 1273 693 1327 interest
720 1290 821 1343 qua
850 1289 976 1329 voce
1003 1276 1118 1329 Filii
1155 1286 1327 1331 ortum
1361 1290 1388 1329 a
1425 1276 1579 1331 Patre
1612 1278 1774 1346 signi-

239 1361 506 1424 ﬁcaverit,
536 1363 653 1415 sive
678 1362 891 1415 κτιστύν
917 1363 1201 1430 appellans,
1254 1364 1363 1417 sive
1388 1365 1621 1433 ποιητὸν,
1667 1364 1777 1417 sive

236 1450 522 1518 γεννητόν,
552 1451 838 1505 dummodo
862 1453 925 1508 de
951 1467 1007 1505 re
1044 1460 1262 1505 constet.
1293 1452 1624 1506 Manifestum
1658 1453 1778 1506 hinc

234 1548 323 1591 est
349 1539 517 1591 etiam
545 1553 652 1605 quo
674 1554 831 1593 sensu
854 1541 1046 1593 dixerit
1066 1549 1189 1594 tom.
1223 1543 1333 1594 uin
1356 1541 1537 1606 Joan.,
1562 1556 1703 1594 num.
1721 1542 1773 1604 2,

235 1626 437 1680 Filium
480 1644 512 1681 e
549 1628 828 1682 divinitate
880 1628 1049 1681 Patris
1101 1630 1424 1683 divinitatem
1470 1645 1617 1683 suam
1651 1633 1774 1683 hau-

235 1719 348 1768 rire
385 1725 442 1769 et
488 1717 736 1778 trahere,
769 1716 873 1768 ἀπὸ
899 1714 990 1767 τοῦ
1022 1714 1153 1768 Θεοῦ
1194 1716 1482 1784 ἀρύσαντα,
1531 1728 1605 1778 et,
1645 1717 1777 1768 andi-

1868 651 2044 705 Pater.
2081 667 2099 697 ι
2131 648 2481 715 Quamobrem
2518 648 2830 701 Athanasius
2884 644 2935 697 in
2983 644 3115 697 libro
3166 642 3240 694 De
3292 642 3383 693 de-

1868 736 2017 787 cretis
2062 732 2292 787 Nicaea:
2334 732 2514 800 synodi
2562 733 2637 785 sic
2662 732 2737 785 ait
2770 749 2784 785 :
2821 732 2954 801 napi
2982 730 3036 782 δὲ
3080 728 3171 781 τοῦ
3210 728 3387 790 ditiis»;

1871 825 2097 875 συνεῖναι
2121 821 2209 875 τὸν
2236 820 2399 889 Λόγον
2422 819 2498 888 τῷ
2522 821 2795 889 Πατρί.....
2831 820 3025 884 ἐξέστω
3061 819 3215 871 πάλιν
3250 818 3389 885 ὑμᾶς

1868 912 2089 965 ἀκοῦσαι
2116 912 2204 964 καὶ
2230 909 2375 979 παρὰ
2403 907 2493 960 τοῦ
2540 907 2815 974 φιλοπόνου
2847 907 3138 976 Ὠριγένους
3172 923 3185 935 ·
3207 915 3260 960 et
3292 906 3390 958 So-

1870 1011 2061 1065 crates,
2091 1001 2181 1054 lib.
2209 1014 2305 1061 vn,
2343 1010 2459 1064 cap.
2496 996 2558 1060 6,
2602 1006 2875 1063 postquam
2932 996 3157 1048 lectitari
3205 995 3390 1049 solitos

1873 1091 2035 1145 fuisse
2059 1091 2189 1145 dixit
2218 1089 2488 1143 Platonem
2519 1102 2547 1139 a
2573 1086 2817 1152 Georgio,
2847 1084 3121 1152 Origenem
3160 1100 3189 1137 a
3211 1084 3390 1138 Timo-

1873 1181 1993 1235 theo
2016 1180 2227 1233 Arianis
2254 1178 2576 1248 presbyteris
2603 1194 2616 1229 :
2648 1174 2927 1242 Θαυμάσαι
2953 1169 3042 1225 οὗν
3071 1190 3177 1242 μοι,
3197 1174 3387 1241 inquit,

1871 1271 2042 1323 ἔπεισι
2084 1270 2197 1332 πῶς
2224 1265 2362 1323 οὗτοι
2399 1270 2446 1320 οἱ
2492 1266 2677 1336 ἄνδρες
2713 1268 2778 1334 τῇ
2812 1264 3090 1332 ’Δρειανῶν
3134 1262 3392 1333 θρησκείᾳ

1874 1359 2216 1428 παρέμειναν,
2250 1350 2324 1409 ὧν
2345 1358 2373 1408 ὁ
2401 1358 2495 1425 μὲν
2522 1355 2611 1408 τὸν
2638 1354 2890 1406 Πλάτωνα
2918 1352 3003 1404 ἀεὶ
3037 1350 3172 1420 μετὰ
3209 1353 3390 1419 χεῖρας

1874 1444 2013 1516 εἶχεν
2042 1464 2055 1476 ·
2079 1449 2107 1499 ὁ
2130 1447 2184 1499 δὲ
2202 1447 2290 1497 τὸν
2314 1444 2588 1514 Ὤριγένην
2601 1443 2849 1495 ἁνέπνεεν
2867 1460 2881 1473 ·
2897 1440 3015 1493 οὐδὲ
3042 1439 3147 1508 γὰρ
3174 1438 3392 1490 Πλάτων

1871 1538 1931 1587 τὸ
1948 1536 2189 1605 δεύτερον
2225 1535 2316 1587 καὶ
2342 1534 2401 1586 τὸ
2422 1533 2596 1603 τρίτον
2623 1534 2806 1594 αἴτιον,
2838 1530 2911 1592 ὡς
2936 1528 3093 1590 αὐτὸς
3117 1527 3393 1596 ὀνομάζειν

1875 1624 2076 1689 εἴωθεν,
2110 1622 2278 1693 ἀρχὴν
2312 1621 2586 1693 ὑπάρξεως
2619 1620 2885 1688 εἰληφέναι
2919 1618 3046 1687 φησί
3076 1633 3090 1646 ο
3124 1616 3214 1669 καὶ
3253 1616 3391 1685 Ὠρι-

1874 1717 2029 1784 γένης
2090 1715 2343 1767 συναϊδιον
2394 1712 2656 1781 πανταχοῦ
2722 1711 2963 1781 ὁμολογεῖ
3018 1710 3108 1762 τὸν
3145 1708 3269 1762 Υιὸν
3317 1706 3393 1777 τῷ

233 1821 410 1858 σαντα
436 1806 540 1875 τῆς
576 1804 825 1874 θεότητος
848 1807 926 1867 εἰς
952 1806 1155 1871 ἑαυτὸν,
1215 1809 1312 1859 hoc
1342 1815 1443 1868 est,
1488 1807 1777 1874 portionem

1878 1802 2063 1873 Πατρι.
2114 1803 2279 1857 Vertit
2306 1802 2626 1869 Epiphanius
2672 1799 3028 1855 Scholasticus
3061 1814 3071 1846 :
3105 1817 3123 1850 ι
3153 1798 3291 1867 Mihi,
3312 1807 3393 1852 ta-

233 1873 579 1956 divinitatis,
622 1873 729 1946 non
766 1894 1112 1949 divinitatem.
1148 1895 1427 1957 Praeterca,
1463 1873 1703 1963 quoniam
1736 1900 1777 1951 si
1810 1873 1849 1926 Β
1878 1906 1993 1944 men
2015 1892 2220 1944 Videtur
2241 1891 2569 1953 admirabile.
2593 1891 2851 1958 quomodo
2880 1888 3011 1942 tales
3046 1888 3146 1941 Viri
3166 1888 3217 1941 in
3234 1887 3389 1941 Aria-

230 1983 407 2036 soiem
458 1992 726 2037 mternum
760 1996 945 2048 ponas,
996 1982 1162 2035 lucem
1222 1995 1533 2036 coaeternam
1587 1999 1780 2051 ponere

234 2086 463 2124 necesse
485 2079 596 2132 est,
643 2069 842 2124 idcirco
863 2082 1180 2123 coaeternum
1215 2071 1348 2124 Filio
1384 2070 1587 2125 Patrem
1619 2087 1779 2136 agno-

228 2162 312 2216 vit
364 2170 493 2213 tom.
547 2176 565 2213 ι
605 2161 660 2212 in
697 2158 878 2219 Joan..
926 2176 1067 2212 num.
1124 2160 1211 2213 '52.
1248 2159 1371 2211 Ὅτε
1419 2160 1474 2212 δὲ
1510 2161 1612 2212 τότ
1657 2163 1782 2224 Υἱός

224 2266 350 2316 μου
363 2245 424 2301 εἴ
432 2249 540 2310 σὺ,
556 2247 671 2312 ἐγὼ
690 2247 949 2313 σήμερον
967 2246 1285 2313 γεγέννηκά
1305 2263 1398 2310 σε,
1425 2248 1631 2315 λέγεται
1654 2249 1782 2317 πρὸς

230 2339 389 2393 αὐτὸκ
424 2339 534 2390 ὑπὸ
560 2336 655 2390 τοῦ
680 2335 833 2399 Θεοῦ,
859 2330 902 2401 ᾧ
926 2334 1007 2387 ἀεί
1043 2337 1155 2386 ἐστι
1190 2336 1248 2388 τὸ
1282 2338 1511 2405 σήμερον
1543 2354 1555 2366 ·
1583 2338 1678 2389 οὐκ
1706 2336 1781 2389 ἔνι

229 2429 346 2499 γὰρ
379 2429 591 2499 ἑσπέρα
621 2427 753 2479 Θεοῦ
781 2443 793 2456 ·
824 2426 932 2493 ἐγὼ
973 2427 1027 2478 δὲ
1071 2426 1299 2496 ἡγοῦμαι
1333 2427 1410 2478 ὃτι
1442 2427 1558 2479 οὐδὲ
1584 2428 1778 2496 πρωῒα,

226 2519 351 2572 ἀλλ’
380 2520 410 2569 ὁ
439 2516 923 2587 συμπαρεκτεινων
948 2518 1012 2585 τῇ
1045 2516 1283 2585 ἀγενήτῳ
1316 2516 1407 2567 καὶ
1441 2516 1589 2584 ἀϊδίῳ
1622 2515 1779 2567 αὐτοῦ

227 2608 371 2675 ζωῇ,
390 2606 460 2657 ἵν’
487 2604 660 2665 οὕτως
681 2602 838 2667 εἴπω,
868 2601 1070 2670 χρόνος,
1106 2602 1282 2671 ἡμέρα
1315 2601 1455 2669 αὐτῷ
1475 2602 1586 2653 ἐστι
1615 2604 1677 2670 σή
1688 2619 1781 2670 με·

230 2712 350 2767 ρον,
383 2687 503 2764 ὲνῇ
538 2692 856 2761 γεγέννηται
882 2694 909 2743 ό
942 2692 1065 2753 Υἱός
1092 2708 1105 2720 ⁸
1138 2692 1304 2762 ἀρχῆς
1339 2693 1593 2757 γενέσεως
1625 2691 1780 2744 αὑτοῦ

227 2784 411 2846 οὕτως
450 2785 551 2852 οὐχ
598 2782 1007 2852 εὑρισκομένης,
1054 2780 1126 2842 ὼς
1156 2780 1272 2832 οὐδὲ
1315 2780 1413 2847 τῆς
1459 2780 1662 2851 ἡμέρας
1689 2797 1702 2811 ⁸
1732 2792 1784 2834 et

229 2874 332 2927 lib.
370 2872 589 2938 ιγπερὶ
637 2871 859 2938 ἀρχῶν,
894 2885 1011 2937 cap.
1048 2870 1101 2929 2,
1137 2885 1280 2925 ηιιηι.
1310 2868 1405 2921 iO:
1441 2887 1459 2918 ι
1488 2869 1586 2923 Per
1612 2871 1783 2923 Evan—

229 2963 445 3033 gelium
477 2962 707 3015 docetur
735 2960 860 3029 quia
888 2959 1057 3011 omnia
1086 2974 1175 3025 per
1216 2959 1380 3023 ipsum
1415 2958 1551 3024 facta
1578 2968 1714 3020 sunt,
1736 2966 1784 3011 et

229 3057 348 3107 sine
383 3054 499 3119 ipso
531 3050 726 3118 factum
758 3058 829 3102 est
863 3047 991 3100 nihil
1031 3047 1096 3078 η’
1132 3064 1145 3097 :
1196 3055 1248 3101 et
1278 3047 1530 3115 intelligat
1556 3062 1619 3101 ex
1664 3049 1782 3110 hoc,

229 3141 366 3210 quia
412 3154 522 3193 non
583 3146 756 3207 potest
815 3135 1080 3203 antiquior
1144 3148 1265 3188 esse
1334 3134 1387 3188 in
1461 3135 1566 3188 Deo
1616 3135 1784 3187 omni-

229 3231 483 3300 potentis
510 3227 814 3296 appellatio,
851 3240 1010 3295 quam
1064 3224 1238 3277 Patris
1264 3241 1278 3277 :
1312 3238 1407 3293 per
1433 3224 1619 3277 Filium
1644 3226 1783 3278 enim

229 3319 592 3387 omnipotens
639 3326 724 3371 est
782 3314 967 3377 Pater;
1027 3332 1047 3365 ι
1111 3323 1165 3367 et
1218 3314 1392 3380 capite
1445 3315 1681 3381 sequenti
1722 3315 1786 3367 de

231 3412 296 3466 S.
343 3410 624 3463 Trinitate
664 3406 884 3474 loquens
932 3404 1004 3457 ait
1036 3420 1179 3457 num.
1213 3404 1245 3457 ι
1277 3421 1291 3457 :
1325 3423 1342 3453 ι
1386 3403 1457 3457 Ea
1500 3403 1569 3457 de
1597 3403 1786 3470 quibus

236 3502 553 3569 loquimur,
586 3504 817 3549 tractatu
868 3494 1080 3563 quidem
1129 3492 1388 3547 sermonis
1429 3492 1787 3560 temporaliter

233 3588 624 3651 nominantur,
678 3594 865 3638 natura
911 3591 1086 3637 autem
1119 3585 1198 3638 sui
1245 3598 1454 3638 omnem
1500 3582 1787 3650 intelligen-

233 3681 374 3732 tiam
410 3689 611 3731 sensus
647 3671 954 3739 temporalis
994 3671 1283 3733 excedunt;
1333 3687 1350 3719 ι
1392 3678 1447 3722 et
1492 3669 1581 3721 lib.
1626 3685 1696 3733 tv,
1733 3671 1785 3722 in

178 3766 181 3769 ’
232 3762 712 3833 Anacephalwosi,
749 3775 895 3815 num.
929 3760 997 3815 28
1031 3775 1046 3813 ί
1080 3777 1099 3811 ι
1139 3758 1308 3826 Supra
1359 3772 1514 3811 omne
1560 3767 1784 3825 tempus,

232 3866 291 3910 et
317 3867 492 3917 supra
531 3850 712 3904 omnia
764 3849 973 3913 saecula,
1015 3858 1067 3901 et
1098 3862 1254 3915 supra
1283 3860 1488 3899 omnem
1522 3849 1783 3900 aeternita-

235 3957 351 4001 tem
390 3940 741 4009 intelligenda
781 3946 904 3991 sunt
944 3951 1005 3992 ea
1031 3952 1145 4004 qua:
1173 3937 1235 3989 de
1266 3935 1440 3996 Patre,
1469 3945 1522 3989 et
1549 3936 1703 3999 Filio,
1736 3944 1788 3988 et

234 4034 456 4105 Spiritu
483 4036 675 4084 sancto
699 4027 966 4082 dicuntur.
991 4026 1115 4079 Haec
1139 4024 1278 4079 enim
1303 4023 1411 4078 sola
1444 4023 1677 4077 Trinitas
1705 4032 1789 4078 est

232 4141 365 4195 qua:
393 4137 613 4179 omnem
645 4134 861 4175 sensum
906 4117 1279 4185 intelligentiae,
1316 4130 1419 4170 non
1456 4114 1621 4169 solum
1650 4123 1785 4167 tem-

231 4216 476 4287 poralis,
505 4226 693 4266 verum
719 4209 880 4264 etiam
901 4207 1163 4261 mternalis
1184 4205 1409 4260 excedit.
1426 4202 1622 4258 Caetera
1638 4219 1783 4267 vero,

232 4321 367 4377 qua
390 4313 519 4358 sunt
553 4311 704 4356 extra
741 4298 1078 4361 Trinitatem,
1122 4296 1174 4349 in
1207 4296 1409 4375 sagulis
1457 4304 1510 4348 et
1559 4296 1610 4348 in
1655 4305 1785 4347 tem-

233 4394 473 4465 poribus
508 4389 776 4443 metienda
822 4396 963 4441 sunt.
1002 4403 1022 4437 ι
1061 4384 1190 4450 Quae
1238 4384 1352 4438 loca
1386 4397 1503 4449 cap.
1540 4383 1605 4435 15
1625 4391 1677 4434 et
1718 4383 1783 4437 i9

1877 1994 2059 2032 norum
2081 1979 2191 2047 lege
2228 1980 2537 2043 manserint,
2568 1992 2786 2046 quorum
2818 1992 2951 2031 unus
2975 1977 3183 2045 quidem
3213 1975 3393 2031 Plato-

1877 2083 1993 2122 nem
2047 2082 2251 2126 semper
2285 2068 2511 2123 habebat
2557 2069 2607 2121 in
2652 2067 2929 2132 manibus,
2970 2068 3106 2121 alter
3158 2067 3393 2135 spirabat

1871 2156 2066 2226 iugiter
2107 2157 2384 2227 Origenem
2424 2176 2439 2211 :
2471 2173 2588 2213 cum
2623 2172 2880 2227 nusquam
2908 2158 3059 2212 Plato
3106 2157 3392 2212 secundam

1877 2247 1956 2299 vel
1995 2248 2199 2301 tertiam
2256 2262 2467 2302 causam
2535 2247 2692 2317 (sicut
2742 2248 2856 2316 ipse
2902 2247 3177 2301 nominare
3235 2245 3389 2313 solet)

1878 2337 2080 2389 initium
2106 2337 2453 2391 subsistentia:
2488 2347 2689 2391 asserat
2710 2338 3028 2405 percepisse,
3051 2344 3104 2390 et
3139 2334 3394 2404 Origenes

1878 2432 2193 2477 maternum
2220 2424 2412 2490 ubique
2432 2424 2661 2478 fateatur
2689 2425 2878 2478 Filium
2909 2424 3087 2487 Patri;
3110 2441 3128 2474 ι
3153 2423 3394 2478 eLGuido

1878 2512 2119 2565 Elnensis
2144 2512 2194 2564 in
2225 2509 2437 2567 Summa
2480 2518 2542 2567 de
2589 2514 2866 2567 hwresibus
2896 2530 2915 2567 :
2953 2532 2972 2566 ι
3013 2513 3288 2581 Origenes,
3316 2514 3395 2566 in-

1878 2602 2010 2667 quit,
2050 2617 2202 2669 super
2261 2599 2544 2671 Epistolam
2589 2606 2655 2655 ad
2704 2602 2853 2655 Rom.
2892 2618 2907 2655 ι
2955 2618 3057 2656 non
3078 2611 3159 2657 est
3181 2610 3397 2657 secutus

1879 2704 2111 2745 errorem
2158 2691 2269 2744 Arii
2301 2693 2365 2745 de
2403 2693 2709 2746 exsisteutia
2741 2692 2859 2745 Filii
2898 2691 2987 2745 Dei
3022 2707 3036 2744 :
3067 2692 3225 2746 Arius
3250 2693 3392 2745 enim

1880 2780 2007 2833 dicit
2027 2782 2163 2847 quod
2189 2790 2302 2833 erat
2334 2789 2536 2849 tempus
2563 2783 2774 2848 quando
2801 2780 2894 2833 Dei
2930 2782 3095 2836 Filius
3121 2798 3223 2837 non
3256 2792 3394 2847 erat,

1881 2870 2017 2935 quod
2048 2868 2289 2936 reprobat
2335 2868 2591 2935 Origenes
2613 2870 2908 2939 dupliciter,
2936 2873 3105 2940 primo
3129 2885 3398 2939 exponens

1882 2957 2005 3013 illud
2029 2958 2178 3013 Rom.
2214 2973 2259 3020 ι,
2290 2956 2390 3021 Qui
2419 2958 2583 3024 factus
2609 2969 2683 3011 est
2708 2976 2771 3012 ea:
2799 2961 2988 3013 semine
3016 2959 3178 3011 Dauid
3217 2974 3397 3011 secun-

1881 3047 2001 3100 dum
2023 3063 2246 3110 carnem,
2272 3048 2401 3102 dicit
2424 3048 2501 3101 sic
2532 3065 2547 3103 :
2579 3048 2769 3102 Factus
2787 3059 2869 3103 est
2896 3058 3069 3102 autem
3100 3048 3218 3101 sine
3236 3047 3398 3101 dubio

1809 3164 1850 3222 ρ
1882 3135 1933 3190 id
1959 3138 2093 3205 quod
2125 3138 2269 3205 prius
2302 3153 2403 3198 non
2436 3148 2553 3193 erat
2583 3140 2870 3195 secundum
2918 3153 3127 3193 carnem
3160 3154 3173 3189 :
3211 3153 3398 3191 secun-

1885 3230 2005 3281 dum
2044 3237 2216 3281 autem
2269 3229 2531 3296 spiritum,
2579 3229 2632 3282 id
2684 3239 2765 3283 est
2801 3230 3084 3283 secundum
3119 3229 3397 3291 Deitatem,

1883 3332 1983 3386 qua
2016 3316 2152 3371 Deus
2173 3326 2252 3372 est
2282 3318 2519 3385 spiritus,
2564 3318 2708 3385 prius
2735 3326 2870 3383 erat,
2899 3327 2951 3370 et
2992 3330 3095 3370 non
3114 3324 3230 3370 erat
3266 3326 3401 3370 tem-

1882 3421 1978 3475 pus
2001 3407 2212 3475 quando
2235 3422 2337 3460 non
2390 3415 2523 3459 erat.
2580 3404 2822 3461 Secundo
2870 3404 3117 3472 reprobat
3160 3417 3397 3457 errorem

1882 3495 1989 3548 Arii
2019 3510 2138 3548 cum
2170 3495 2246 3548 ait
2274 3512 2288 3547 :
2319 3493 2716 3559 Observandum
2744 3504 2824 3549 est
2851 3496 2991 3549 enim
3039 3494 3163 3562 quia
3187 3508 3289 3548 non
3321 3494 3400 3546 di-

1880 3586 1955 3636 cit
1993 3600 2007 3635 :
2043 3583 2147 3647 Qui
2203 3586 2591 3651 praedestinatus
2632 3592 2704 3636 est
2755 3581 2920 3635 Filius
2958 3582 3054 3636 Dei
3113 3584 3169 3635 in
3217 3584 3402 3636 virtue

1882 3674 2404 3741 secundumkpiritunt
2426 3671 2867 3739 sanctiﬁcationis,
2886 3674 2977 3727 sed
3002 3672 3047 3703 “
3076 3672 3208 3725 dicit
3247 3689 3261 3724 :
3296 3670 3401 3735 Qui

1883 3761 2165 3813 destinatus
2195 3770 2269 3813 est
2313 3760 2484 3814 Filius
2531 3762 2624 3815 Dei
2665 3764 2719 3815 in
2776 3764 3040 3817 uirtute...
3098 3762 3403 3817 Destinatur

1882 3850 2021 3903 enim
2045 3849 2131 3902 ille
2164 3849 2253 3916 qui
2287 3859 2407 3903 est:
2440 3852 2845 3918 praedestinatur
2869 3865 2997 3905 vero
3031 3850 3118 3904 ille
3140 3853 3227 3917 qui
3265 3867 3401 3906 non-

1883 3941 2005 3996 dum
2033 3949 2114 3994 est
2140 3981 2155 4006 ,
2184 3941 2321 3992 sicut
2346 3942 2409 3993 de
2437 3940 2519 3993 his
2551 3940 2677 3993 dicit
2706 3941 2987 4009 Apostolus
3016 3956 3031 3991 :
3055 3940 3194 4004 Quos
3231 3950 3404 3994 autem

1881 4030 2151 4092 praesciuit,
2175 4028 2292 4081 illos
2317 4038 2363 4080 et
2401 4029 2775 4095 prcedestinavit
2805 4029 2868 4081 ³⁷.
2903 4028 3144 4083 Ριδαξεοὶτί
3187 4043 3311 4097 ergo
3350 4041 3406 4081 et

1883 4117 2241 4187 praedestinari
2301 4126 2522 4184 possunt
2572 4116 2643 4169 illi
2689 4117 2777 4183 qui
2824 4118 3056 4170 nondum
3097 4127 3257 4181 sunt;
3317 4116 3404 4170 ille

1883 4216 2055 4261 autem
2083 4206 2297 4275 quiest,
2327 4214 2381 4259 et
2427 4218 2635 4273 semper
2673 4218 2773 4268 est,
2819 4221 2923 4261 non
2976 4205 3401 4274 prmdestinatur,

1883 4297 1973 4350 sed
2003 4297 2355 4349 destinatur...
2386 4295 2552 4351 Filius
2587 4306 2763 4351 autem
2799 4297 2889 4351 Dei
2946 4310 3154 4363 semper
3182 4294 3284 4349 fuit
3335 4298 3404 4348 ab

1884 4391 2097 4447 :eterno,
2138 4392 2193 4437 et
2229 4399 2329 4438 non
2360 4383 2457 4438 iuit
2484 4394 2685 4454 tempus
2715 4386 2923 4455 quando
2957 4399 3062 4438 non
3092 4384 3271 4439 fuerit.
3302 4382 3404 4438 Ubi

232 4489 481 4549 usurpat
524 4478 754 4545 scriptor
796 4473 973 4542 Operis
1008 4472 1084 4524 De
1117 4472 1306 4555 deitaie
1348 4479 1396 4524 et
1434 4471 1786 4523 incarnatione
1817 4472 1859 4526 D
1889 4479 2028 4538 patet
2059 4472 2195 4540 quod
2222 4471 2474 4542 Origenes
2501 4488 2735 4529 errorem
2762 4475 2876 4528 Arii
2927 4474 3067 4528 clare
3115 4474 3348 4528 damnat.
3378 4491 3399 4525 s

244 4572 439 4634 Verbi,
467 4569 611 4636 quod
640 4566 867 4619 habetur
891 4562 943 4616 in
964 4561 1107 4616 calce
1134 4561 1306 4628 quarti
1334 4558 1458 4611 tomi
1483 4560 1779 4627 Augustini.

232 4659 341 4714 His
397 4657 630 4724 adiunge
679 4661 733 4706 et
784 4652 940 4705 istum
976 4663 1008 4702 e
1046 4648 1139 4701 lib.
1178 4664 1194 4702 l
1230 4649 1285 4700 in
1328 4646 1493 4713 Epist.
1526 4649 1591 4699 ad
1612 4644 1781 4709 Rom.,

234 4765 370 4819 cap.
402 4747 458 4813 1,
484 4760 632 4797 num.
656 4742 689 4797 5
732 4760 745 4796 :
788 4760 805 4792 ι
837 4739 934 4806 Qui
969 4754 1230 4807 nunquam
1282 4738 1681 4808 praedestinatus
1708 4745 1787 4790 est

313 4899 386 4931 ³⁸·
415 4895 576 4950 Joan.
624 4910 663 4956 ι,
716 4892 769 4945 5.
910 4890 953 4920 ³⁵
992 4889 1142 4947 Rom.
1170 4906 1207 4955 ι,
1243 4890 1295 4944 4.

234 5070 444 5125 neret;
473 5059 562 5113 isti
590 5071 735 5123 vero,
769 5056 891 5125 quia
920 5063 1004 5108 est
1028 5055 1182 5125 Deus,
1214 5051 1462 5125 Verbum.
1496 5049 1783 5125 Sapientia,

239 5119 493 5193 Veritas,
532 5119 975 5194 splendor'Patris
1000 5132 1052 5175 et
1083 5119 1784 5194 imagoabsolutissimaAcui

233 5201 386 5256 nihil
440 5188 585 5248 desit
621 5194 758 5260 quod
794 5191 1010 5260 quidem
1054 5190 1137 5260 sit,
1164 5188 1226 5242 in‘
1254 5189 1431 5260 Patre.
1454 5188 1587 5260 Quin
1627 5189 1784 5260 etiam

237 5255 357 5322 non
383 5265 556 5319 solius
585 5255 759 5314 Patris
792 5255 1190 5324 omnipotentiae
1226 5255 1452 5324 consulit
1488 5257 1541 5324 in
1556 5258 1783 5324 bacab-

235 5336 421 5392 surda
460 5331 729 5399 opinione,
785 5327 873 5380 sed
920 5322 1086 5399 ipsius
1130 5327 1284 5399 etiam
1310 5322 1479 5399 “Filii.
1524 5322 1786 5399 Metuebat

234 5390 399 5460 enim
427 5390 599 5450 ut'vel
628 5390 784 5447 Pater
813 5390 1164 5457 omnipotens,
1192 5391 1271 5443 vel
1309 5390 1473 5460 Filius
1505 5392 1784 5458 aporrhtna

236 5458 403 5526 illius
433 5464 824 5531 Omnipotentiae
852 5474 1066 5525 semper
1092 5460 1268 5531 fuisse
1316 5458 1784 5531 dettionstrgetur,

236 5523 354 5593 nisi
412 5523 741 5586 exstitissent
765 5544 846 5580 res
872 5523 1065 5578 creata:
1090 5527 1145 5577 in
1180 5523 1478 5591 quasPater
1509 5534 1564 5578 et
1598 5526 1783 5590 Filius,

234 5592 455 5677 animus
496 5612 652 5652 unam
692 5592 1028 5677 emulsa
1059 5593 1786 5677 eanéPatemiauedule".

236 5659 682 5729 dominarentur.
716 5662 838 5729 Haec
853 5660 1032 5729 legere
1062 5668 1145 5711 est
1179 5659 1231 5729 in
1262 5661 1346 5711 lib.
1386 5674 1404 5711 ι
1443 5659 1519 5712 De
1544 5662 1782 5729 princip.,

238 5726 376 5806 cap.
409 5736 468 5801 9,
494 5748 640 5787 num.
672 5728 753 5781 i0.
804 5726 1157 5788 Quamobrem
1207 5726 1314 5780 haec
1357 5729 1424 5783 de
1472 5726 1783 5785 mundorum

1886 4562 2129 4616 Pluribus
2160 4562 2209 4615 id
2239 4563 2461 4631 probare
2488 4564 2805 4631 superﬂuum
2821 4574 2920 4630 est,
2938 4565 3075 4634 quod
3103 4578 3166 4619 ex
3198 4564 3409 4634 gemino

1887 4650 2130 4719 Origenis
2154 4652 2269 4707 loco
2293 4652 2423 4706 satis
2453 4655 2696 4719 probavit
2736 4654 3061 4710 Athanasius
3093 4656 3145 4708 in
3176 4653 3404 4709 Decretis

1893 4736 2119 4791 Niciam:
2172 4740 2374 4806 synodi.
2430 4738 2594 4795 Porro
2639 4755 2755 4807 quae
2801 4743 2865 4796 de
2905 4743 3021 4798 Filii
3070 4746 3410 4813 generatione

1404 4888 1444 4919 ³⁷
1474 4886 1624 4941 Rom.
1692 4905 1804 4955 vm,
1862 4889 1952 4942 29.

1891 5054 2221 5135 antiquitate,
2241 5065 2340 5135 aut
2370 5055 2413 5109 si
2441 5055 2862 5135 1ig,_aaternita'te
2878 5056 3091 5135 popini'o,
3118 5074 3230 5135 non
3244 5058 3410 5126 magis

1890 5123 2030 5175 laedit
2074 5123 2417 5193 aeternitatem
2444 5121 2560 5177 Filii
2588 5140 2745 5193 quam
2795 5121 2985 5178 Patris.
3027 5123 3161 5180 Hinc
3189 5121 3410 5181 Herm'o-

1887 5205 2047 5272 genes
2066 5190 2345 5272 quiadhuc
2373 5190 2948 5272 absurdius-materiam
2983 5193 3280 5272 inescatam
3312 5194 3412 5244 tin-

1887 5261 2061 5326 gebat,
2119 5259 2245 5313 nihil
2285 5260 2403 5314 novi
2456 5259 2523 5313 de
2569 5260 2702 5314 Filio
2752 5260 2861 5323 Dei,
2897 5270 3029 5312 teste
3062 5260 3411 5322 Tertulliano,

1887 5324 2183 5406 eii‘utierat;
2204 5341 2315 5406 _ne_t_:_
2329 5330 2728 5406 consecutiones
2752 5343 2883 5406 quas
2911 5328 3119 5406 eiejus
3146 5327 3417 5405 sententia

1890 5395 2075 5469 merito
2106 5396 2244 5469 eruit
2262 5393 2646 5469 _Tertullianus,
2673 5393 2839 5469 magis
2863 5393 3149 5469 in_Filium_,
3171 5408 3334 5469 quam
3360 5393 3418 5469 in

1886 5460 2094 5516 Patrem
2125 5462 2323 5528 injuriae
2351 5472 2492 5519 sunt.
2512 5491 2581 5504 —
2608 5464 2668 5518 D.
2699 5459 2855 5517 Prud.
2889 5463 3077 5516 Marum
3104 5459 3425 5528 De'dioinit.

1890 5529 2096 5601 Christi,
2126 5525 2216 5601 lib.
2248 5545 2325 5601 tv,
2349 5533 2588 5601 cap.__u,
2632 5547 2773 5586 num.
2802 5530 2999 5601 5.7Vide
3038 5532 3262 5601 insuper
3284 5525 3430 5601 l3le

1892 5596 1997 5650 lum
2048 5590 2251 5664 Πείρου.
2274 5590 2428 5722 ﬁndet“
2456 5590 2685 5656 Nicéna:
2736 5601 2804 5655 de
2856 5600 2972 5655 Filii
3018 5596 3100 5667 τῷ
3155 5590 3437 5660 ἁυναῖδιφς

1892 5668 2075 5723 cao.3.
2104 5682 2246 5722 uum.
2311 5704 2326 5721 .

1886 5680 2002 5734 cap.
2022 5680 2075 5736 ο,
2104 5682 2246 5722 num.
2274 5680 2326 5722 υ.
