3846 6450
195 443 292 503 νδκ
983 434 1532 506 OHIGENIANORUM
1573 437 1698 494 LIB.
1743 439 1804 506 II,
1841 438 1987 494 CAP.
2029 436 2092 500 II,
2131 436 2400 502 QUIES'I‘.
2439 437 2500 492 II.

1843 329 1976 344 .-κη
2005 341 2020 348 _

3231 429 3340 488 786

189 570 222 623 t’
237 565 434 621 Etenim
449 574 636 634 utpote
664 568 759 634 qui
787 569 858 624 sit
879 581 1030 637 opus,
1056 582 1157 622 non
1187 569 1300 620 erat
1335 566 1613 626 antequam
1636 557 1713 610 fa-
1740 562 1784 618 Α
1811 556 1948 625 quod
1963 556 2066 610 duo
2087 554 2173 609 illa
2193 553 2482 621 serapbim,
2501 564 2618 619 qua:
2640 549 2690 604 in
2715 547 2848 603 Isaia
2871 546 3012 602 senis
3024 544 3122 600 alis
3137 543 3336 601 descri-

191 672 295 715 clus
311 665 470 710 esset.
493 674 510 706 ι
538 654 942 725 Theoguostum
965 657 1120 710 etiam
1141 647 1561 707 Alexandrinum
1595 645 1714 700 Ori-

1809 643 2024 708 buntur,
2051 641 2331 696 clamantia
2363 642 2428 694 ad
2463 640 2708 702 invicem,
2729 649 2783 694 et
2809 639 3038 692 dicentia
3057 651 3071 688 :
3089 635 3332 703 Sanctus,

185 752 326 820 genis
354 743 613 798 asseclam
653 723 794 802 libro
843 746 1226 816 ngotyposeon
1269 738 1492 798 secundo
1513 737 1713 790 dixisse
1807 739 2044 794 sanctus,
2069 742 2310 792 sanctus,
2343 729 2590 783 Dominus
2615 728 2754 782 Deus
2785 727 3016 782 Sabaoth
3038 725 3185 787 “,de
3207 723 3335 780 Uni-

179 845 369 892 narrat
394 832 622 887 Pbotius
653 833 844 888 Filium
870 851 985 890 esse
1013 843 1242 887 creatum
1272 826 1509 898 quamvis
1525 825 1709 893 ipsius,

169 941 240 983 τι
266 925 493 994 Dionysii
525 940 742 993 quoque
766 925 1100 979 Alexandrini
1135 921 1445 975 auctoritate
1473 919 1538 970 ad
1564 917 1715 969 Aria-

171 1031 280 1070 mos
307 1014 662 1068 confulandos
691 1014 1012 1066 Athanasius
1039 1025 1165 1063 usus
1190 1009 1276 1062 sit.
1333 1005 1478 1071 Quod
1517 1005 1714 1073 allego-

1810 824 1984 890 genito
2000 821 2132 875 Filio
2161 820 2251 874 Dei
2277 829 2329 872 et
2348 819 2545 886 Spiritu
2567 828 2750 871 sancto
2770 828 2950 872 essent
2974 816 3330 883 intelligenda.

1810 913 1915 967 Nos
1947 926 2070 966 vero
2105 919 2350 978 putamus
2376 908 2533 961 etiam
2566 906 2690 958 illud
2719 907 2856 974 quod
2903 907 2954 958 in
2979 907 3197 960 Cantico
3230 903 3336 957 Ha-

1810 1005 1974 1059 bacuc
1997 1004 2189 1056 dictum
2214 999 2353 1054 est“
2375 1017 2388 1053 :
2410 998 2431 1051 1
2439 1016 2469 1052 η
2489 998 2652 1050 medio
2674 997 2753 1049 vel
2777 996 2991 1049 duorum
3013 996 3335 1060 animalium,

175 1107 288 1159 rice
315 1105 518 1158 dictum
566 1103 921 1156 indicavimus
951 1102 1015 1154 ab
1040 1099 1286 1169 Origene,
1345 1106 1452 1150 tum
1481 1110 1508 1148 a
1558 1093 1716 1147 Patre
1812 1095 1890 1148 vel
1919 1093 2136 1145 duarum
2179 1091 2396 1143 vitarum
2450 1085 2893 1155 cognosceris;'de
2928 1085 3140 1138 Christo
3183 1093 3236 1138 et
3271 1086 3336 1138 de

174 1201 498 1263 productum
549 1190 769 1254 Filium,
817 1190 1025 1259 quando
1071 1187 1225 1257 jussit
1277 1186 1388 1239 lleri
1430 1185 1616 1246 lucem,
1665 1183 1715 1236 id
1817 1183 2017 1252 Spiritu
2049 1188 2232 1234 sancto
2253 1177 2433 1232 sentiri
2456 1176 2664 1228 debere.
2702 1191 2721 1225 ι
2754 1171 2935 1227 Omnis
2960 1173 3096 1227 enim
3117 1173 3340 1226 scientia

175 1283 328 1351 plane
376 1293 433 1335 et
466 1290 651 1349 aperte
682 1280 812 1334 dixit
839 1277 1188 1334 Tertullianus
1230 1285 1405 1329 contra
1439 1274 1712 1335 Praaeam,

1815 1273 1879 1325 de
1913 1269 2087 1334 Patre,
2121 1262 2382 1321 revelante
2420 1264 2573 1327 Filio,
2605 1263 2654 1316 in
2697 1262 2893 1332 Spiritu
2933 1270 3114 1315 sancto
3149 1276 3349 1331 cogno-

174 1386 291 1439 ctp.
330 1369 365 1422 5
399 1387 414 1422 :
470 1388 488 1419 t
537 1367 691 1421 Tunc
741 1368 854 1436 ipse
903 1381 1075 1419 sermo
1125 1365 1352 1434 speciem
1382 1374 1435 1418 et
1473 1371 1714 1418 ornatutn
1815 1362 1995 1429 scitur,
2024 1367 2083 1412 ut
2106 1357 2262 1411 ambo
2292 1357 2401 1410 haec
2441 1370 2557 1422 quae
2603 1353 2886 1407 secundum
2922 1353 3227 1420 prophetam
3259 1351 3339 1405 vel

174 1469 330 1510 suum
383 1456 578 1520 sumit,
622 1469 811 1507 sonum
862 1463 916 1508 et
947 1467 1148 1516 vocem,
1202 1467 1319 1504 cum
1361 1451 1497 1505 dixit
1535 1450 1712 1503 Deus:

176 1545 306 1599 Fiat
328 1547 425 1598 tua:
450 1545 518 1596 δ’.
559 1564 576 1596 ι
631 1543 736 1597 Sed
770 1543 908 1612 quod
943 1542 993 1596 in
1022 1540 1234 1595 homine
1275 1541 1458 1593 horum
1514 1547 1715 1604 tempo-

1816 1449 2134 1513 animantia,
2167 1449 2248 1502 vel
2289 1447 2408 1501 vitae
2453 1446 2718 1508 dicuntur,
2774 1457 2932 1498 causa
2973 1441 3208 1496 scientia:
3247 1440 3338 1494 Dei

1815 1540 1985 1594 Patris
2007 1539 2283 1593 exsistant.
2319 1556 2335 1588 ι
2370 1535 2623 1590 Similiter
2650 1533 2809 1600 impia
2853 1541 2908 1585 et
2951 1532 3062 1585 haec
3088 1531 3351 1598 interpre-

173 1653 290 1691 rum
321 1637 546 1704 aequali,
572 1637 765 1704 quibus
796 1634 1026 1688 nondum
1055 1633 1368 1700 quaestiones
1395 1629 1495 1682 illa:
1515 1627 1719 1681 fuerant
1818 1630 1966 1694 tatio,
1991 1643 2104 1696 qua;
2136 1628 2287 1681 olivae
2309 1627 2421 1679 duae
2459 1623 2757 1678 candelabri
2787 1621 2926 1675 aurei
2949 1660 2962 1684 ,
2991 1621 3128 1688 quod
3151 1620 3343 1672 vidisse

169 1727 472 1790 ventilatur,
491 1726 863 1794 excipiendum
881 1734 961 1778 est
988 1725 1159 1778 minus
1185 1736 1389 1782 severe,
1416 1721 1714 1788 neutiquam
1817 1733 1873 1774 se
1907 1729 2085 1772 narrat
2115 1717 2400 1771 Zacharias
2429 1730 2542 1782 cap.
2575 1729 2658 1778 iv,
2678 1713 2844 1767 Filius
2868 1720 2922 1765 et
2962 1711 3190 1777 Spiritus
3222 1722 3346 1763 san-

173 1818 223 1869 id
259 1815 386 1868 ferri
437 1825 618 1882 potest
665 1815 715 1867 in
754 1813 982 1881 Ruperto
1011 1812 1087 1865 sic
1131 1810 1375 1877 loquente
1419 1807 1716 1863 Iib.iCom-

172 1913 332 1957 ment.
366 1899 423 1956 in
460 1900 674 1966 Cenes,
730 1915 844 1969 cap.
874 1917 904 1953 κ
947 1919 962 1955 :

1818 1821 1934 1864 ctus
1985 1817 2346 1877 exponuntur;
2378 1807 2544 1861 media
2585 1819 2710 1859 vero
2751 1803 2970 1871 lampas,
3013 1802 3151 1854 Deus
3189 1799 3344 1853 Pater

1018 1917 1036 1950 ε
1070 1897 1204 1951 vere
1239 1897 1376 1950 enim
1432 1896 1545 1948 εῖηθ
1591 1909 1716 1948 νοεθ
1748 1879 1788 1931 Β
1820 1906 1989 1974 (ollius
2039 1903 2102 1956 ad
2147 1902 2381 1955 dextram
2411 1906 2464 1950 et
2508 1895 2772 1950 sinistram
2823 1907 2938 1947 esse
2982 1891 3244 1946 Christum
3289 1897 3344 1944 et

173 2005 384 2052 uatum,
441 2000 499 2042 PI.
560 1992 739 2041 (iutilia
790 1984 1150 2056 potentialiter
1189 1982 1464 2036 continens
1496 1979 1720 2034 Verbum
1822 1993 2072 2062 spiritum
2118 1998 2359 2044 sanctum
2391 2002 2494 2040 ηοῃ
2527 1986 2640 2040 sine
2685 1983 3006 2051 blasphemia
3046 1981 3148 2034 dici
3195 1992 3348 2047 posse

171 2091 300 2135 “mc
327 2081 496 2134 Pinc"
530 2078 814 2132 οοιυθιίῑθτ
855 2074 1146 2144 εοηοηνίι,
1209 2073 1417 2139 quando
1441 2070 1629 2125 εωιυηι
1670 2077 1726 2122 ει
1821 2081 1893 2134 ait
1925 2079 2275 2147 Hieronymus
2319 2076 2374 2128 in
2403 2072 2561 2126 Zach.
2594 2072 2665 2141 tv)
2697 2072 2826 2125 rami
2856 2071 2968 2123 sive
3007 2069 3164 2136 spicae
3184 2067 3348 2121 oliva-

171 2172 378 2222 terra'm
405 2166 645 2228 creavit,
678 2165 892 2233 quando
918 2164 1087 2216 lucem
1115 2168 1167 2213 et
1197 2170 1384 2214 caetera
1414 2159 1560 2212 fecit.
1587 2156 1725 2209 Eru-

170 2257 330 2309 ctacit
370 2269 506 2319 ergo
531 2269 624 2306 cor
646 2252 824 2305 Patris
858 2251 1071 2305 Verbum
1095 2252 1278 2302 bonum
1299 2247 1344 2279 δ’
1369 2256 1420 2300 et
1455 2262 1518 2300 ea:
1558 2257 1721 2312 utero,

1822 2180 1960 2230 rum,
1995 2163 2286 2217 incarnatio
2306 2160 2525 2222 Christi,
2551 2170 2604 2213 et
2631 2158 2916 2213 similitudo
2946 2156 3200 2211 columbae
3227 2153 3350 2223 Spi-

1823 2251 1953 2304 ritus
1973 2249 2160 2303 sancti.
2196 2249 2287 2302 Sin
2313 2258 2369 2300 ut
2399 2248 2642 2300 Davidem
2669 2245 2865 2299 Christi
2909 2252 3085 2312 typum
3128 2256 3264 2307 esse,
3293 2251 3351 2295 et

172 2349 221 2399 id
267 2356 353 2398 est
406 2345 478 2397 de
504 2357 617 2397 suae
663 2343 970 2396 substantiae
999 2351 1223 2403 secrete.
1267 2346 1387 2391 ante
1431 2335 1725 2403 Luciferum
1823 2351 1879 2394 ut
1921 2339 2186 2402 animalia,
2221 2339 2300 2391 vel
2343 2337 2503 2400 vitas,
2531 2336 2612 2390 vel
2641 2335 2810 2390 olivas
2834 2332 3155 2396 candelabri,
3191 2332 3267 2385 sic
3297 2340 3351 2385 et

171 2437 359 2506 genuit
387 2435 524 2488 illud
554 2433 621 2497 ”,
646 2433 855 2501 quando
883 2432 1016 2485 dixit
1045 2450 1058 2486 :
1088 2430 1208 2483 Fiat
1231 2429 1340 2481 lux.
1371 2447 1391 2480 ι

240 2523 440 2578 XXVI.
481 2523 577 2576 Est
611 2523 759 2588 apud
803 2520 1084 2589 Origenem
1136 2518 1280 2571 hom.
1326 2516 1351 2569 I
1397 2516 1448 2568 in
1499 2514 1722 2576 Isaiam,

169 2631 324 2671 nunt.
361 2614 421 2676 2,
455 2614 564 2665 duo
590 2610 862 2678 seraphim
891 2610 1080 2677 quibus
1112 2607 1300 2662 solium
1339 2605 1430 2659 Dei
1476 2607 1724 2672 stipatum

169 2705 377 2757 vidisse
425 2717 489 2757 se
537 2701 729 2755 scribit
785 2697 1042 2766 propheta
1071 2696 1136 2760 ιδ,
1177 2709 1240 2750 ea
1276 2709 1392 2749 esse
1436 2693 1725 2753 Christum,

169 2804 221 2848 et
275 2793 550 2861 Spiritum
595 2799 864 2842 sanctum.
917 2785 1059 2840 Idem
1113 2785 1330 2839 iteratur
1393 2784 1482 2838 lib.
1532 2798 1550 2838 ι
1591 2781 1726 2847 Περὶ

1822 2428 2148 2496 serapbimos
2173 2425 2316 2479 Isaiae
2344 2425 2630 2492 anagogice
2654 2422 2849 2477 Christi
2871 2429 2926 2475 et
2958 2421 3186 2489 Spiritus
3221 2433 3349 2473 san-

1825 2519 1896 2573 cti
1944 2517 2182 2587 symbola
2227 2527 2342 2567 esse
2377 2513 2543 2567 voluit
2583 2512 2855 2579 Origenes,
2884 2519 2941 2564 ut
2986 2519 3137 2565 certe
3163 2509 3352 2572 voluit,

1827 2622 1972 2661 vana:
1999 2614 2122 2660 sunt
2147 2603 2451 2670 Hieronymi
2475 2601 2702 2670 querelae
2723 2639 2737 2653 .
2763 2599 2967 2654 Clarius
3005 2601 3055 2652 id
3085 2599 3245 2652 etiam
3275 2610 3354 2652 se-

1826 2693 2037 2764 quentia
2075 2692 2476 2754 demonstrant,
2511 2689 2563 2743 in
2609 2687 2799 2757 quibus
2836 2701 2930 2756 per
2988 2687 3100 2741 hac
3141 2686 3302 2740 verba
3331 2700 3356 2738 ι

1831 2800 1851 2833 t
1888 2780 2044 2834 Plena
2095 2788 2181 2832 est
2228 2778 2402 2832 onmis
2443 2786 2586 2830 terra
2627 2776 2792 2842 gloria
2830 2772 2976 2840 ejus,
3017 2792 3036 2825 ι
3067 2773 3352 2826 adventum

167 2858 399 2956 ἀρχῶν,
424 2897 549 2949 cap.
572 2881 628 2945 5,
656 2893 807 2933 num.
831 2877 883 2941 3,
907 2877 998 2931 ubi
1018 2884 1072 2929 et
1097 2883 1369 2929 auctorem
1390 2871 1729 2942 expositionis
1825 2868 2021 2924 Christi
2046 2865 2330 2935 significari
2361 2863 2547 2918 scribit
2567 2862 2838 2931 Origenes,
2868 2871 3068 2915 certum
3091 2868 3172 2913 est
3207 2858 3354 2913 enim

171 2949 334 3044 hujus
401 2969 691 3026 Hebrmum
755 2968 1064 3036 magistrum
1126 2965 1342 3030 laudat,
1402 2973 1458 3018 et
1511 2963 1601 3018 lib.
1655 2975 1726 3024 tv,
1826 2973 1945 3014 eum
1977 2957 2127 3026 cujus
2159 2955 2337 3025 gloriae
2358 2954 2509 3023 plena
2533 2953 2638 3007 illic
2663 2965 2783 3006 esse
2801 2950 2994 3005 dicitur
3029 2959 3190 3012 terra,
3211 2949 3356 3001 hunc

174 3037 326 3120 "uin.
353 3064 449 3117 26.
486 3061 642 3116 Unde
699 3059 977 3124 Antipater
1019 3056 1307 3109 Bostrenus
1355 3053 1630 3120 episcopus
1676 3049 1727 3102 in
1827 3049 1994 3117 ipsum
2022 3060 2140 3101 esse
2167 3045 2442 3099 Dominum
2468 3043 2628 3096 Deum
2657 3039 2928 3106 Sabaoth;
2961 3037 3226 3091 Christum
3255 3049 3359 3088 au-

178 3154 648 3225 Disputationibut
695 3152 940 3203 adversus
977 3147 1246 3216 Origenem
1306 3161 1324 3199 :
1375 3146 1510 3215 Περὶ
1556 3143 1730 3213 μέντοι
1759 3182 1805 3243 c
1834 3147 1937 3190 tem
1975 3151 2093 3190 eum
2119 3148 2236 3189 esse
2268 3134 2417 3203 cujus
2441 3133 2606 3200 gloria
2635 3131 2784 3199 plena
2813 3138 2894 3182 est
2922 3125 3355 3192 terra,Origeucs

733 3242 754 3243 η
983 3239 993 3243 -
1116 3238 1180 3243 ,μ
1250 3237 1268 3243 -
1353 3237 1363 3243 .
1446 3235 1466 3243 -
1539 3235 1552 3243 .
1583 3235 1593 3243 .
1842 3224 2032 3243 --,-__e.
2094 3222 2358 3243 ιπι...ε...,.αΔ
2399 3221 2557 3243 :..:.....
2583 3217 2797 3243 -.....I:.l:.
2822 3215 2986 3243 hu...“
3033 3227 3150 3243 “mn
3179 3211 3355 3243 lhsmi-

172 3211 286 3300 τῶν.
310 3245 605 3317 χερουεὶμ,
633 3243 664 3312 ἢ
691 3242 796 3293 τῶν
819 3239 1049 3308 σεραφὶμ
1074 3211 1224 3289 σὺδὲν
1246 3211 1510 3306 δυνάμεθα
1539 3211 1721 3301 λέγειντ

1835 3224 2056 3278 censuit.
2094 3222 2361 3276 Christum
2399 3221 2557 3289 igitur
2580 3217 2801 3273 credidit
2821 3215 2990 3284 ipsum
3033 3227 3152 3268 esse
3178 3211 3360 3266 Domi-

172 3337 260 3390 διὰ
311 3301 392 3389 ἓδι
432 3301 625 3404 adesis
655 3301 762 3384 ¹τδν
805 3301 1114 3397 murrea—ipes
1144 3327 1288 3396 παρὰ
1324 3301 1414 3379 τσῦ
1467 3324 1721 3393 Ἐδραίουχ

1833 3329 1954 3367 num
2001 3312 2166 3365 Deum
2207 3309 2459 3364 Sabaoth.
2501 3307 2610 3360 Hoc
2646 3307 2690 3361 si
2727 3307 2824 3368 sit,
2858 3305 3068 3359 Christo
3095 3303 3191 3370 ipsi
3235 3301 3360 3356 asti-

171 3429 322 3489 ὅστις
352 3389 450 3479 καὶ
473 3427 622 3477 ἐστιν
643 3425 672 3474 ὁ
706 3423 832 3492 παρ’
864 3389 1036 3485 agit-eu.
1059 3389 1440 3486 aquatvdpevo;
1476 3389 1721 3486 'E6-paiog.

1833 3402 1960 3456 tisse
1995 3400 2340 3468 seraphimos,
2373 3413 2474 3452 non
2502 3412 2661 3451 unum
2682 3411 2746 3451 ex
2778 3395 2878 3449 illis
2898 3393 3164 3448 Christum
3189 3389 3363 3446 fuisse

174 3479 256 3568 6st
270 3479 459 3575 arte;
484 3512 580 3565 καὶ
591 3511 651 3564 τὸ
666 3479 804 3562 Ilva";
813 3525 886 3578 μα
908 3479 1055 3573 ἆγιον
1087 3479 1417 3575 σῆμαίνέται.
1437 3523 1456 3555 ‹
1473 3479 1652 3572 Itaque
1673 3503 1721 3556 dt

1831 3489 2086 3558 Origenes
2121 3486 2522 3542 existimaverit.
2554 3486 2826 3538 Incassum
2863 3482 3021 3552 igitur
3046 3481 3192 3548 lingit
3220 3479 3361 3549 Ην]-

176 3569 500 3659 cherubinis
565 3608 620 3652 et
665 3569 966 3665 seraphinis
1015 3569 1169 3646 nihil”
1205 3608 1482 3660 possumus
1541 3569 1735 3656 dicere,
1835 3594 1922 3632 mo
1938 3577 2347 3632 Alberstatensis
2372 3577 2423 3628 in
2449 3575 2586 3628 libro
2607 3574 2681 3627 De
2711 3588 2880 3626 rerum
2903 3569 3362 3626 ecclesiasticarum

177 3694 321 3760 quod
382 3687 641 3744 didicerit
681 3661 907 3752 scriptor
940 3680 1229 3750 (Origenes)
1282 3683 1344 3734 ab
1377 3681 1614 3744 Hebraeo,
1647 3681 1738 3749 qui
1833 3669 2108 3732 memoria,
2147 3667 2477 3737 Origenianis
2514 3666 2624 3718 haec
2661 3678 2778 3720 esse
2818 3662 3066 3731 operibus
3098 3661 3296 3714 inserta
3325 3673 3358 3713 a

178 3753 399 3851 quidem
438 3783 560 3849 ipse
589 3787 672 3832 est
707 3777 1010 3845 designatus
1038 3773 1104 3825 ab
1129 3787 1191 3824 eo
1233 3770 1500 3832 Hebraaus,
1529 3772 1737 3833 Filium,
1835 3759 2104 3813 malevolis
2134 3776 2149 3823 ;
2180 3758 2262 3812 vel
2293 3759 2336 3812 si
2378 3758 2656 3827 Origenem
2690 3766 2962 3809 auctorem
3001 3753 3194 3806 habent
3214 3792 3229 3818 ,
3259 3753 3363 3804 du-

177 3849 231 3927 et
259 3873 534 3941 Spiritum
564 3876 807 3922 sanctum
840 3881 932 3934 per
957 3877 1048 3917 eos
1079 3860 1385 3930 signiﬁcari.
1419 3880 1436 3910 ι
1473 3860 1741 3914 Habentur
1840 3851 2075 3904 Dilaniet
2109 3849 2271 3902 fuisse
2293 3849 2579 3916 proposita.
3098 3865 3100 3868 ν

178 3931 362 4017 autem
385 3961 496 4013 illa:
530 3955 804 4025 Antipatri
840 3931 1232 4019 Disputationes
1263 3949 1314 4001 in
1343 3947 1548 4015 Eclogis
1573 3947 1736 4001 Joan-
1905 3937 2113 3992 XXVII.
2143 3937 2363 3992 Photius
2394 3939 2513 3993 cod.
2545 3953 2660 4002 vtu,
2696 3952 2907 3992 errores
2935 3935 3168 3990 referens
3195 3931 3362 3984 libro-

180 4053 266 4104 nis
299 4042 652 4105 Daniasceni,
705 4056 822 4108 qua:
873 4038 1103 4093 nondum
1136 4036 1288 4088 edita:
1326 4035 1376 4086 in
1417 4033 1738 4086 Bibliotheca

181 4140 618 4193 Claromontana
684 4128 966 4184 Societatis
1041 4126 1170 4179 Jesu
1223 4132 1526 4176 servantur.
1571 4122 1739 4179 Verba

184 4230 302 4296 ipsa
347 4227 450 4280 dat
476 4223 810 4279 Justinianus
847 4219 898 4272 in
950 4216 1093 4270 calce
1142 4215 1367 4282 epistolae
1405 4213 1473 4264 ad
1511 4209 1737 4263 Menam.

182 4288 530 4383 Hieronymo
563 4309 676 4380 (I7)
726 4305 1058 4362 stomachum
1107 4303 1179 4355 ita
1220 4301 1382 4354 movit
1437 4300 1549 4353 haec
1581 4299 1721 4351 inter

1837 4312 1925 4365 χρι
1946 4295 2115 4364 μόνων
2138 4294 2244 4346 τῶν
2275 4293 2640 4362 σεσωσμένων.
2662 4311 2680 4343 ‹
2704 4293 2999 4346 Pervadere
3027 4290 3236 4358 quidem
3261 4288 3364 4342 Pa-

183 4379 452 4475 pretatio,
482 4409 543 4453 ut
576 4379 799 4466 impiam
847 4407 963 4447 eam
999 4401 1052 4446 et
1084 4391 1444 4445 detestandam
1494 4387 1736 4456 appellet.
1841 4397 1973 4438 trem
1995 4399 2320 4453 quaecunque
2355 4393 2496 4445 sunt,
2531 4381 2721 4434 Filium
2749 4395 2873 4435 vero
2897 4394 2983 4434 res
3003 4379 3254 4434 duntaxat
3276 4393 3368 4430 ra-

185 4467 363 4563 impia
394 4503 536 4558 ergo
565 4502 631 4541 ea
655 4497 866 4553 quoque
912 4490 1014 4547 est,
1046 4491 1101 4534 et
1135 4478 1437 4534 detestanda
1482 4479 1740 4545 interpre-
1774 4498 1818 4551 ι)
1849 4471 2001 4526 tionis
2029 4469 2333 4539 participes,
2361 4467 2617 4536 Spiritum
2659 4475 2835 4518 autem
2878 4474 3122 4519 sanctum
3147 4478 3211 4516 ea
3249 4471 3370 4514 tan-

186 4555 323 4636 talio
375 4555 618 4634 homilia:
675 4572 948 4642 sequentis
1006 4585 1151 4624 num.
1204 4570 1256 4631 I,
1319 4583 1420 4635 qua
1493 4567 1740 4620 Ilavidem
1848 4572 1953 4614 tum
1983 4576 2100 4630 qua:
2152 4559 2372 4612 salutem
2414 4558 2601 4624 adepta
2640 4563 2781 4609 sunt.
2822 4574 2840 4608 ι
2875 4555 3069 4611 Codice
3115 4568 3242 4608 vero
3278 4566 3378 4609 cvt.

181 4671 476 4726 οιηίειυηι
523 4680 646 4720 esse
707 4664 881 4717 docet.
917 4660 1078 4726 Impia
1127 4657 1286 4711 etiam
1322 4671 1381 4709 ea
1430 4671 1585 4722 quam
1613 4657 1744 4708 lib.t
1843 4659 2028 4704 narrat
2084 4649 2473 4715 'I‘heognostum
2521 4646 2936 4700 Alexandrinum
2992 4643 3238 4710 Origeuis
3273 4645 3372 4694 do-

184 4761 334 4828 Περὶ
366 4755 597 4826 ἀρχῶν,
629 4768 746 4820 cap.
775 4753 830 4815 5,
857 4764 1002 4803 num.
1037 4751 1092 4811 5,
1125 4747 1389 4800 damnata:
1443 4745 1507 4796 ab
1559 4743 1744 4796 Hiero-
1843 4751 2016 4811 gmala
2062 4747 2479 4807 propugnantem
2513 4736 2649 4788 libro
2693 4735 3094 4805 Ilypotyposeon
3133 4731 3376 4788 secundo.

185 4823 362 4920 nyino
384 4823 672 4902 sententiae
693 4841 984 4910 subjunxit.
1003 4838 1147 4892 Talis
1177 4846 1397 4901 utraque
1420 4843 1500 4885 est
1523 4851 1536 4886 :
1558 4833 1721 4899 Ἔλεγε

1843 4832 2036 4886 dixisse
2061 4829 2247 4883 Filium
2279 4827 2382 4880 τῶν
2410 4826 2635 4895 λογικῶν
2659 4826 2828 4895 μόνων
2856 4826 3154 4878 ἐπιστατεῖν
3177 4840 3190 4853 ·
3220 4840 3238 4873 t
3267 4823 3371 4876 Ra-

183 4910 248 4994 δέ
278 4943 308 4993 ό
353 4936 610 5005 Ἐϐραῖος
638 4935 704 4985 τὰ
728 4933 782 4983 ὲν
805 4929 880 5000 τῷ
911 4929 1102 4998 Ἡσαΐᾳ
1123 4927 1214 4979 δύο
1254 4921 1486 4991 σεραφὶμ
1527 4921 1716 4984 ἐξαπτέ

1847 4923 1988 4975 tione
2038 4922 2294 4975 duntaxat
2340 4918 2573 4986 praeditis
2614 4919 2768 4968 rebus
2804 4927 3050 4982 praeesse.
3077 4929 3096 4960 ι
3133 4910 3369 4963 Athana-

188 5045 339 5098 ρυγα,
372 4995 685 5093 κεέραγότα
731 4995 912 5088 ἕτερὸν
945 4995 1089 5087 πρὸς-
1113 5015 1313 5083 ἕτερον,
1349 5011 1438 5061 καὶ
1485 5009 1704 5076 λέγοντα

1841 5011 1949 5065 sius
1987 5009 2037 5062 in
2088 5007 2224 5061 libro
2264 5020 2420 5074 quem
2449 5003 2662 5072 scripsit
2708 5003 2762 5054 in
2803 4999 2990 5053 Matth.
3035 5013 3144 5060 xu,
3174 4997 3266 5058 52.
3301 4995 3372 5047 ad.

187 5086 428 5187 LAi-rtoc,
482 5086 672 5180 t'irtoq,
701 5086 862 5177 ἅγιός
893 5086 1102 5173 Κύριος
1146 5099 1399 5159 Σαϐαὼθ,
1438 5098 1527 5150 τὸν
1581 5101 1721 5151 Μονο

1841 5099 2023 5154 Novati
2055 5098 2300 5153 haeresim
2333 5097 2446 5151 Ilch
2478 5093 2732 5147 accedere
2776 5092 2946 5152 docet,
2981 5086 3370 5153 Origenemque

184 5172 329 5277 '{aiﬁ
360 5172 504 5258 sive“
523 5172 771 5252 ’ἰδοῦ-Θεοΰ
805 5198 897 5249 καὶ
925 5172 987 5247 to
1013 5192 1226 5261 Πνεῦμα
1254 5189 1312 5239 τὸ
1347 5187 1519 5251 ἅγιον.
1559 5188 1721 5255 Ἦμεῖε

1839 5196 1892 5238 et
1923 5184 2037 5250 ejus
2075 5191 2391 5238 sectatorem
2426 5180 2816 5249 Theognostum
2865 5173 3115 5242 explodit.
3161 5172 3380 5226 Amaris

185 5260 247 5350 ἑὲ
279 5260 512 5362 οἰόμεθα
546 5291 626 5341 ὅτι
650 5288 740 5339 καὶ
768 5288 822 5337 ἐν
845 5287 908 5354 τῇ
944 5284 1045 5353 ᾠδῇ
1081 5275 1412 5348 Ἀμὸακούμο
1458 5276 1554 5327 Ἐν
1579 5277 1721 5343 μέση

1840 5274 1996 5327 etiam
2038 5271 2260 5325 defricat
2289 5272 2458 5339 ipsum
2490 5268 2745 5323 conviciis
2777 5262 3094 5332 Theophilus
3125 5261 3179 5312 in
3216 5277 3232 5313 ι
3271 5260 3378 5313 Ρι-

185 5389 309 5441 δύο
359 5349 521 5444 ξ’ὡων
575 5349 910 5447 γνωσθήσιῇ
1147 5363 1367 5436 Χριστοῦ
1418 5365 1516 5416 καὶ
1595 5366 1721 5432 ἁγίοι

1852 5363 2032 5426 δεήαιί,
2065 5372 2119 5415 et
2149 5361 2351 5416 ratione
2371 5377 2432 5415 ac
2465 5359 2778 5412 auctoritate
2817 5361 3110 5409 commenta
3136 5352 3230 5403 illa
3253 5349 3382 5404 ron-

191 5474 551 5543 Πνεῦματος.
583 5435 610 5516 ἰ
650 5435 1066 5518 Dicebat-autem
1107 5467 1156 5509 et
1198 5435 1444 5506 Hebraeus
1486 5455 1750 5521 magister
1852 5455 2014 5508 vellit.
2068 5455 2194 5518 Qua:
2243 5462 2298 5507 et
2343 5450 2526 5505 leviter
2575 5446 2880 5518 perstringit
2924 5443 3287 5506 Hieronymus
3329 5435 3392 5502 in

2333 5562 2644 5628 “ibid.,5.
2716 5549 3174 5618 “Habac.m,2.
3251 5616 3258 5622 κ
3341 5603 3346 5612 ξ

1839 4045 1954 4081 rum
1986 4028 2121 4094 Περὶ
2144 4026 2360 4093 ἀρχῶν,
2387 4029 2483 4080 hos
2530 4029 2605 4078 ait
2649 4027 2781 4079 libro
2839 4027 3011 4094 primo
3047 4021 3306 4078 contineri
3344 4038 3360 4074 :

1837 4117 2046 4184 Διήκειν
2079 4114 2174 4182 μὲν
2209 4114 2297 4167 τὸν
2328 4114 2539 4183 Πατέρα
2562 4113 2648 4165 διὰ
2679 4113 2890 4166 πάντων
2924 4113 3030 4164 τῶν
3061 4111 3243 4174 ὄντων,
3275 4106 3365 4160 τὸν

1837 4205 1891 4258 δὲ
1923 4205 2043 4257 Υἱὸν
2067 4204 2225 4273 μέχρι
2252 4203 2358 4255 τῶν
2386 4201 2611 4269 λογικῶν
2648 4203 2840 4272 μόνων,
2867 4202 2927 4254 τὸ
2949 4201 3005 4254 δὲ
3030 4198 3244 4268 Πνεῦμα
3268 4198 3366 4267 μέ-

269 5586 319 5617 “
376 5585 572 5639 Cenes.
615 5594 652 5640 ι.
690 5577 744 5631 ‘5.
832 5575 874 5605 "
901 5572 1036 5627 Psal.
1063 5581 1200 5629 xLIV.
1229 5564 1280 5616 2.
1331 5563 1370 5593 ⁸³
1398 5564 1551 5616 Psal.
1577 5581 1691 5633 oux,
1719 5569 1774 5623 3.
1849 5568 1894 5600 “
1924 5567 2022 5620 Isa.
2073 5581 2144 5631 vn,
2173 5564 2226 5616 ‘2.

276 5742 395 5811 (Π)
429 5738 667 5800 Hieron.,
714 5732 800 5786 lib.
849 5731 900 5782 in
946 5728 1154 5784 Isaiam,
1213 5730 1264 5773 et
1309 5721 1462 5788 epist.
1511 5723 1620 5790 p.63,
1671 5728 1742 5780 ad
1780 5726 1982 5781 Pamm.
2017 5733 2064 5777 ει
2100 5721 2290 5776 Ocean.
