3846 6414
456 436 557 490 73⁸1

1687 410 1746 465 Ρ.
1788 408 2096 463 DANIELIS
2134 404 2364 463 ιιυΕτιι

3594 389 3681 442 Ἱ88

451 556 598 621 epist.
620 544 687 597 ad
715 541 846 594 Avit.
876 538 997 591 Suis
1036 548 1160 589 vero
1196 535 1369 604 ipsius
1406 533 1582 588 verbis
1619 532 1861 602 coarguit
1894 529 1986 585 ιιι·
2016 539 2058 590 Α
2086 542 2182 621 pro
2219 524 2391 621 impiis
2412 522 2518 621 iam
2539 515 2883 621 interpella!
2904 496 3685 621 sffflimj‘fiﬁifﬂui:

451 639 707 694 stinianus
759 630 819 682 ad
866 629 1064 681 calcem
1119 625 1345 695 epistolae
1393 625 1460 678 ad
1506 623 1734 686 Menam,
1792 620 1914 675 talia
1957 634 1986 674 e

450 726 567 779 libr.
603 736 624 772 ι
647 718 777 784 Περὶ
800 714 1025 783 ἀρχῶν,
1058 729 1175 781 cap.
1206 714 1259 778 ὅ,
1297 729 1441 767 num.
1470 712 1521 775 5,
1557 722 1942 779 repraesentans
1969 722 1985 761 ε

451 816 568 865 Ὅτι
598 812 626 861 ὁ
656 809 752 877 μὲν
776 805 904 869 Θεὸς
937 806 1027 857 καὶ
1072 804 1253 875 Πατὴρ
1283 804 1511 873 συνέχων
1547 803 1614 855 τὰ
1643 799 1815 853 πάντα
1858 799 1988 866 φθά-

447 919 526 955 νει
555 902 631 962 εϊς
656 899 879 951 ἕκαστον
926 896 1030 949 τῶν
1069 896 1253 958 ὄντων,
1298 894 1603 964 μεταδιδοὺς
1644 891 1851 960 ἑκάστῳ
1881 889 1986 942 ἀπὸ

445 991 535 1044 τοῦ
580 990 703 1043 ἰδίου
738 989 798 1041 τὸ
824 985 957 1040 εἶναι
983 1003 998 1019 ⁸
1020 988 1093 1041 ὢν
1135 988 1240 1056 γάρ
1279 988 1419 1037 ἐστιν
1445 1001 1458 1014 ·
1496 985 1725 1037 ἐλάττων
1757 982 1813 1032 δὲ
1854 981 1986 1047 πρὸς

443 1082 534 1134 τὸν
586 1082 799 1150 Πατέρα
838 1081 865 1131 ὁ
901 1078 1027 1140 Υἱὸς
1073 1077 1284 1145 φθάνων
1327 1076 1419 1127 ἐπὶ
1469 1075 1601 1144 μόνα
1643 1072 1710 1126 τὰ
1754 1071 1942 1139 λογικά
1967 1087 1981 1103 ⁸

445 1170 687 1241 δεύτερος
716 1170 827 1240 γάρ
850 1171 964 1221 ἐστι
990 1168 1079 1221 τοῦ
1106 1166 1310 1235 Πατρός
1329 1183 1343 1196 ·
1369 1166 1445 1218 ἔτι
1472 1165 1526 1216 δὲ
1545 1160 1701 1235 ἧττον
1731 1162 1791 1214 τὸ
1822 1162 1988 1213 Ilvati-

449 1277 523 1329 μα
569 1260 632 1311 τὸ
669 1258 818 1325 ἅγιον
864 1256 955 1308 ὲπὶ
992 1256 1179 1325 μόνους
1226 1255 1350 1316 τοὺς
1384 1252 1564 1320 ἁγίους
1603 1251 1981 1319 διικνούμενον.

449 1353 607 1403 Ὥστε
639 1349 776 1402 κατὰ
799 1348 953 1400 τοῦτο
980 1348 1172 1417 μείζων
1197 1348 1228 1415 ἡ
1251 1344 1472 1413 δύναμις
1501 1342 1591 1395 τοῦ
1611 1341 1817 1411 Πατρὸς
1839 1339 1987 1409 παρὰ

444 1438 534 1489 τὸν
560 1438 682 1489 Υἱὸν
713 1438 806 1489 καὶ
845 1436 907 1487 τὸ
942 1435 1160 1504 Πνεῦμα
1208 1433 1267 1485 τὸ
1307 1432 1455 1499 ἅγιον
1474 1447 1487 1459 ·
1520 1429 1713 1481 πλείων
1740 1428 1798 1480 δὲ
1820 1430 1852 1496 ἡ
1891 1427 1985 1479 τοῦ

448 1524 575 1578 Υἱοῦ
608 1524 753 1595 παρὰ
772 1526 831 1577 τὸ
850 1525 1070 1594 Πνεῦμα
1088 1524 1145 1575 τὸ
1169 1522 1344 1589 ἅγιον·
1378 1521 1468 1573 καὶ
1489 1519 1645 1572 πάλιν
1668 1516 1991 1586 διαφέρουσα

451 1612 646 1682 μᾶλλον
663 1613 755 1664 τοῦ
783 1613 932 1680 ἁγίου
961 1611 1270 1680 Πνεύματος
1294 1612 1326 1679 ἡ
1350 1608 1572 1678 δύναμις
1595 1608 1742 1676 παρὰ
1770 1605 1837 1657 τὰ
1855 1603 1987 1658 ἄλλα

447 1703 600 1765 ἅγια.
630 1720 651 1753 ο
706 1701 856 1766 Quod
900 1702 1037 1754 Deus
1070 1700 1281 1768 quidem
1328 1708 1381 1752 et
1412 1697 1568 1751 Pater
1600 1696 1777 1749 omnia
1810 1694 1984 1747 conti-

447 1807 582 1846 nens
614 1793 679 1845 ad
713 1794 1124 1860 unumquodque
1174 1790 1376 1843 entium
1414 1786 1685 1856 pervenit,
1712 1797 1830 1837 esse
1867 1782 1984 1836 uni-

2087 620 2181 673 bus
2224 615 2464 671 omnibus
2503 612 2554 666 id
2600 610 2709 666 sibi
2751 607 2892 673 vult,
2926 603 3167 659 Patrem
3208 600 3266 654 in
3314 600 3559 655 omnibus
3585 618 3688 669 qua:

2086 716 2207 762 sunt
2236 703 2463 774 operari,
2485 700 2605 769 quia
2653 699 2830 754 totius
2871 694 3207 761 ὀντότητος,
3236 690 3356 744 sive
3382 689 3691 747 exsistcutie

2087 795 2184 867 (sic
2215 795 2354 848 enim
2408 792 2544 862 loqui
2577 788 2775 857 liceat)
2804 783 3161 856 principium
3195 789 3286 835 est
3317 794 3335 842 ;
3377 778 3589 843 Filium,
3611 783 3691 848 qui

2085 895 2138 938 et
2165 884 2336 951 λόγος,
2364 884 2464 937 hoc
2495 889 2575 934 est
2597 879 2761 949 juxta
2797 873 3071 944 Origenis
3102 870 3696 939 expositionem,rstio,

2084 976 2136 1028 in
2190 974 2256 1028 iis
2289 973 2459 1028 solum
2492 984 2614 1040 qua:
2651 968 2876 1022 ratione
2912 962 3164 1034 praedita
3212 969 3378 1025 sunt,
3411 962 3520 1015 vim
3555 977 3696 1017 suam

2082 1064 2344 1136 experiri;
2396 1062 2661 1131 Spiritus,
2696 1061 2797 1129 qui
2847 1072 2877 1111 a
2929 1056 3252 1111 sanctitate
3303 1054 3577 1123 proprium
3605 1055 3699 1110 sibi

2084 1169 2372 1224 cognomen
2408 1152 2593 1216 habet,
2619 1152 2733 1204 vim
2764 1145 3125 1217 ἁγιαστικὴν
3162 1146 3235 1200 ad
3270 1154 3496 1200 sanctos
3525 1146 3697 1201 dunta-

2084 1257 2174 1297 χιιι
2208 1245 2493 1311 pertinere.

2153 1328 2379 1384 XXVIII.
2408 1328 2520 1399 (l8)
2547 1327 2729 1396 Atque
2767 1326 2887 1380 haec
2914 1322 3244 1393 ἀποτόμως
3275 1321 3352 1376 ita
3378 1322 3597 1391 sumpta
3621 1324 3701 1378 vix

2083 1435 2163 1481 est
2222 1434 2279 1477 ut
2336 1420 2821 1489 reprehensionem
2874 1417 3190 1488 effugiant.
3235 1416 3310 1468 At
3361 1415 3408 1468 si
3473 1415 3593 1484 quis
3641 1418 3703 1473 ad

2084 1522 2315 1568 mentem
2344 1512 2525 1581 potius
2552 1510 2811 1582 Origenis
2839 1526 3025 1581 quam
3058 1512 3136 1565 ad
3182 1512 3361 1565 verba
3408 1511 3702 1574 attenderit,

2083 1603 2236 1657 aliter
2263 1603 2477 1658 sentiet.
2499 1600 2765 1667 Quamvis
2805 1601 2964 1655 enim
3001 1616 3122 1654 una
3148 1601 3469 1667 eademque
3498 1600 3600 1654 sint
3624 1614 3701 1655 ss-

2084 1707 2190 1746 craa
2219 1690 2504 1746 Trinitatis
2549 1699 2817 1746 extranea
2850 1704 3071 1759 opera,
3112 1697 3175 1745 et
3224 1689 3500 1761 quidquid
3531 1689 3633 1761 agit
3656 1692 3703 1745 In

2084 1784 2245 1838 rebus
2286 1782 2530 1838 externis
2580 1781 2787 1847 Pater,
2833 1782 2948 1836 hoc
3008 1790 3150 1852 agat
3182 1792 3242 1837 et
3282 1782 3497 1847 Filius,
3534 1782 3631 1837 hoc
3658 1792 3706 1838 et

448 1883 638 1950 cuique
681 1855 991 1948 impertiens
1027 1855 1091 1933 de
1130 1896 1226 1933 suo
1249 1921 1264 1944 ,
1300 1855 1424 1945 ipse,
1446 1876 1588 1930 enim
1617 1883 1697 1929 est
1726 1875 1814 1942 qui
1858 1881 1941 1926 est
1970 1889 1983 1926 :
2018 1855 2060 1914 Β
2093 1872 2328 1942 Spiritus
2353 1884 2606 1939 sanctus;
2631 1875 2887 1943 quaedam
2920 1882 3129 1929 tamen
3156 1872 3317 1927 Patri
3351 1873 3613 1944 assignari
3629 1888 3703 1929 so-

448 1974 589 2040 quod
628 1988 756 2026 vero
787 1972 959 2024 minor
1006 1969 1163 2022 Patre
1197 1968 1364 2021 Filius
1405 1966 1470 2020 ad
1509 1965 1621 2019 sola
1654 1961 1989 2016 rationabilia

446 2062 711 2131 pervenit,
742 2071 823 2115 est
852 2061 993 2114 enim
1037 2058 1300 2113 secundus
1340 2071 1367 2108 a
1405 2054 1597 2119 Patre,
1625 2053 1796 2105 adhuc
1831 2052 1992 2105 etiam

449 2148 628 2200 minor
660 2156 745 2200 est
776 2145 1007 2213 Spiritus
1034 2152 1251 2198 sanctus
1278 2144 1343 2195 ad
1377 2141 1519 2195 solos
1554 2148 1767 2194 sanctos
1805 2153 1992 2207 perve-

451 2237 627 2289 niens.
658 2234 737 2288 Ita
766 2249 832 2287 ex
862 2234 962 2287 hoc
984 2233 1151 2299 major
1176 2243 1258 2286 est
1286 2240 1519 2299 potestas
1542 2229 1717 2284 Patris
1734 2244 1839 2298 prae
1858 2228 1993 2281 Filio

450 2334 505 2379 et
525 2324 725 2393 Spiritu
748 2333 957 2385 sancto,
981 2321 1311 2391 ampliorque
1334 2319 1449 2373 Filii
1480 2333 1589 2387 pra:
1626 2316 1824 2385 Spiritu
1865 2330 1991 2369 san-

451 2422 571 2479 cto;
595 2428 656 2468 ac
679 2428 886 2467 rursum
917 2414 1253 2481 praestantior
1285 2411 1453 2465 sancti
1490 2410 1735 2478 Spiritus;
1763 2416 1994 2478 potestas

450 2518 561 2573 prae
602 2503 725 2557 aliis
754 2504 962 2557 entibus
996 2501 1215 2558 sanctis.
1242 2520 1260 2551 ι
1285 2501 1361 2553 Ex
1389 2500 1491 2554 hoc
1534 2500 1776 2567 dogmate
1813 2507 1992 2565 aptum

450 2609 535 2652 est
569 2598 693 2650 illud
722 2612 752 2651 e
787 2607 915 2650 tom.
949 2611 987 2649 ιι
1030 2593 1376 2648 Commentar.
1404 2594 1456 2645 in
1480 2590 1822 2659 Matth.,pag.
1850 2589 1988 2642 MI:

450 2682 546 2750 Εἷς
562 2687 619 2740 δὲ
641 2685 840 2756 ποιμὴν
856 2684 959 2739 τῶν
979 2683 1205 2751 λογικῶν
1223 2685 1250 2735 ὁ
1265 2683 1429 2750 Λόγος
1444 2698 1459 2712 ’
1477 2690 1531 2735 et
1554 2680 1692 2733 istud
1716 2694 1746 2732 e
1771 2688 1897 2731 tom.
1914 2692 1992 2741 ιι,

451 2792 571 2847 pag.
603 2776 706 2831 506
732 2794 745 2828 :
772 2777 921 2845 Τάχα
951 2775 1006 2827 δὲ
1034 2774 1126 2827 καὶ
1155 2773 1259 2826 τῶν
1286 2773 1455 2840 λόγων
1499 2769 1669 2841 Ἰησοῦ
1716 2770 1819 2821 εἰσί
1851 2783 1991 2829 τινες

449 2868 602 2937 ἄρτοι
624 2866 718 2930 οὓς
747 2870 856 2929 τοῖς
884 2866 1275 2936 λογικωτέρας,
1295 2865 1368 2927 ὡς
1405 2864 1629 2927 τέκνοις,
1656 2862 1825 2927 ἔξεστι
1865 2859 1993 2912 διδό-

450 2974 537 3009 ναι
570 2957 747 3027 μόνοιο
780 2959 991 3024 etquod
1021 2956 1179 3014 docet
1207 2965 1333 3008 tom.
1370 2969 1418 3007 v1
1455 2954 1509 3005 in
1529 2950 1988 3019 Joan.,pag.107,

449 3047 722 3101 Christum
748 3061 865 3101 esse
905 3045 1284 3116 αὑτοαλήθειαν
1315 3043 1412 3113 τὴν
1441 3041 1688 3111 οὐσιώδη,
1726 3041 1820 3093 καὶ
1844 3057 1990 3109 πρω-

449 3136 672 3190 τόανπον
698 3136 794 3204 τῆς
832 3136 889 3188 ἐν
916 3138 1032 3197 ταῖς
1059 3134 1296 3202 λογικαῖς
1325 3131 1515 3201 ψυχαῖς
1541 3129 1788 3226 ἀληθείας
1809 3145 1821 3157 ·
1851 3137 1901 3226 εἰ
1937 3127 1985 3179 id
2014 3169 2056 3226 ο

450 3239 661 3292 quoque
692 3240 722 3278 e
760 3235 889 3279 tom.
922 3237 1091 3287 xuii,
1125 3237 1176 3290 ρ.
1216 3220 1317 3274 450
1348 3221 1549 3291 ε”Ολης
1593 3221 1687 3290 μὲν
1714 3217 1804 3271 οὖν
1841 3214 1990 3287 οἶμαι

448 3314 549 3383 τῆπς
572 3314 727 3380 δόξης
743 3314 837 3366 τοῦ
868 3315 998 3366 Θεοῦ
1029 3311 1193 3366 αὑτοῦ
1217 3310 1547 3378 ἀπαύγασμα
1573 3306 1708 3362 εἶναι
1728 3309 1816 3360 τὸν
1842 3307 1987 3369 Υἱὸν,

451 3402 593 3455 κατὰ
619 3402 706 3454 τὸν
733 3403 951 3456 εἰπόντα
973 3401 1181 3455 Παῦλον
1205 3417 1217 3430 ·
1255 3402 1358 3464 '0;-
1387 3399 1470 3452 ὢν
1498 3402 1855 3469 ἀπαύγασμα
1884 3395 1991 3463 τῆς

451 3492 633 3558 δόξης
664 3508 679 3523 ο
727 3492 947 3558 φθάνειν
999 3492 1240 3561 μέντοιγε
1277 3490 1381 3542 ἀπὸ
1425 3489 1517 3542 τοῦ
1571 3491 1992 3559 ἀπαυγάσματος

449 3580 640 3634 τούτου
663 3581 761 3649 τῆς
791 3581 915 3651 ὅλης
938 3581 1092 3650 δόξης
1130 3579 1325 3649 μερικὰ
1355 3579 1749 3649 ἀπαυγάσματα
1779 3579 1867 3631 ean
1896 3579 1992 3649 τὴν

450 3669 637 3739 λοιπὴν
664 3668 880 3739 λογικὴν
911 3670 1081 3723 κτίσιν
1101 3686 1116 3699 ο
1145 3680 1199 3725 et
1225 3671 1364 3737 quod
1395 3670 1470 3721 ait
1506 3679 1632 3723 tom.
1683 3685 1698 3723 ι
1732 3670 1781 3721 in
1806 3669 1989 3732 Joan.,

451 3774 602 3814 num.
634 3759 721 3822 29,
753 3760 1020 3815 Christum
1074 3768 1296 3814 eatenus
1345 3759 1518 3814 lucem
1552 3773 1702 3823 esse,
1735 3767 1993 3827 quatenus

452 3858 659 3903 mentes
685 3849 907 3904 rationis
939 3850 1223 3918 participes
1252 3851 1503 3904 illustrat.
1554 3850 1725 3916 Atque
1766 3850 1890 3901 item
1938 3849 1995 3900 il-

451 3937 543 3991 Ind
556 3939 697 4006 quod
722 3939 775 3991 in
800 3938 965 4005 ιπερὶ
986 3938 1203 4007 ἀρχῶν,
1216 3955 1333 4008 cap.
1356 3942 1410 4004 3,
1456 3955 1599 3994 num.
1623 3939 1675 4000 5,
1705 3938 1995 3992 Rulluiantn

451 4026 904 4094 interpretationis
927 4028 1134 4095 reperio
1158 4047 1173 4082 :
1197 4047 1214 4080 ι
1242 4028 1298 4082 In
1332 4030 1432 4083 illis
1458 4028 1585 4083 solis
1618 4028 1850 4082 arbitror
1879 4042 1996 4082 esse

451 4131 585 4185 opus
617 4117 846 4187 Spiritus
892 4119 1091 4180 sancti.
1118 4120 1207 4187 qui
1238 4120 1351 4187 jam
1391 4134 1450 4174 se
1493 4119 1560 4171 ad
1605 4118 1819 4172 meliora
1864 4132 1994 4172 con-

450 4216 686 4270 vertunt,
716 4218 770 4263 et
815 4224 909 4277 per
941 4210 1052 4264 vias
1093 4210 1215 4264 Jesu
1254 4208 1452 4263 Christi
1505 4210 1782 4271 incedunt,
1823 4208 1871 4261 id
1891 4220 1992 4272 est,

453 4302 579 4347 sunt
623 4295 675 4348 in
704 4296 855 4351 bonis
890 4299 1129 4363 actibus,
1160 4307 1215 4353 et
1260 4298 1312 4351 in
1354 4297 1463 4351 Deo
1508 4306 1838 4365 permanent.
1882 4316 1901 4348 ι
1936 4298 2001 4353 Et

2090 1964 2220 2028 Ient,
2240 1963 2345 2018 alia
2374 1963 2534 2029 Filio,
2562 1966 2669 2020 alia
2699 1966 2941 2036 Spiritui
2982 1975 3220 2021 sancto.
3253 1962 3702 2031 Quemadmodum

2086 2068 2212 2124 ergo
2231 2053 2371 2109 Patri
2396 2056 2554 2126 vulgo
2571 2058 2901 2112 attribuitur
2924 2073 3067 2113 crea
3080 2057 3164 2112 tio
3189 2072 3403 2122 rerum,
3424 2056 3546 2112 licet
3562 2058 3703 2113 trium

2090 2160 2333 2214 peraeque
2361 2161 2724 2215 personarum
2781 2149 2885 2215 sit;
2935 2148 3025 2202 ita
3062 2148 3251 2212 Filio,
3277 2148 3375 2216 qui
3420 2159 3506 2202 est
3534 2149 3711 2216 A6709

2090 2234 2323 2288 omnium
2370 2235 2604 2303 λογικῶν
2635 2252 2828 2291 curam
2864 2237 3161 2307 Origenes
3218 2237 3493 2303 ascribit;
3527 2241 3703 2294 sancti-

2090 2323 2286 2376 tudinis
2338 2337 2465 2377 vero
2515 2323 2883 2380 collationem
2933 2327 3162 2381 addicit
3222 2327 3466 2395 Spiritui
3516 2336 3702 2390 sancto,

2084 2410 2232 2478 juxta
2264 2409 2419 2465 Rom.
2450 2426 2501 2476 I,
2536 2411 2594 2476 4,
2623 2421 2681 2467 et
2722 2412 2771 2467 Π
2809 2413 3036 2469 Thess.
3073 2431 3157 2479 ιι,
3193 2416 3303 2476 15,
3335 2417 3580 2484 quamvis
3621 2416 3701 2473 toti

2093 2497 2338 2553 Trinitati
2376 2500 2661 2557 debeatur.
2711 2502 3015 2573 Scriptum
3065 2506 3196 2559 est!
3231 2504 3385 2561 Petr.
3417 2522 3459 2570 ι,
3486 2507 3553 2559 2:
3580 2506 3701 2561 «Se-

2092 2594 2319 2647 cundum
2353 2597 2753 2661 praescientiam
2800 2599 2899 2654 Dei
2967 2601 3191 2667 Patris,
3243 2601 3301 2655 in
3341 2602 3700 2659 sanctiﬁcatio-

2092 2698 2211 2735 nem
2250 2682 2505 2751 Spiritus,
2536 2685 2589 2739 in
2645 2688 3046 2745 obedientiam
3105 2703 3166 2746 et
3197 2694 3572 2761 aspersionem
3596 2708 3709 2748 sano

2090 2772 2264 2839 guinis
2302 2771 2427 2827 Jesu
2475 2775 2704 2829 Christi.
2744 2797 2763 2829 ι
2805 2777 3194 2838 Praescientia
3242 2783 3426 2847 Patri.
3458 2787 3703 2841 sanctitu-

2088 2858 2452 2916 dinisinl‘usio
2501 2862 2732 2934 Spiritui
2772 2879 2993 2925 sancto
3037 2872 3337 2928 tribuitur.
3382 2872 3474 2929 Sic
3498 2875 3708 2928 sensisse

2089 2948 2369 3018 Origenem
2398 2966 2467 3005 ex
2501 2953 2569 3009 iis
2610 2954 2738 3010 licet
2783 2958 3142 3016 existimare
3176 2978 3308 3032 quas
3351 2975 3561 3021 exstant
3592 2965 3700 3021 Ιίιι.ι

2088 3038 2225 3106 Περὶ
2242 3040 2461 3110 ἀρχῶν.
2484 3058 2601 3112 cap.
2635 3045 2691 3110 '5,
2719 3062 2874 3101 num.
2898 3050 2949 3102 7
2982 3066 2999 3104 :
3042 3072 3065 3105 ‹
3096 3053 3280 3109 Porro
3313 3066 3493 3111 autem
3528 3059 3576 3111 in
3603 3057 3703 3111 Tri-

2091 3129 2254 3185 nitate
2309 3132 2444 3187 nihil
2492 3135 2671 3205 majus
2727 3138 3005 3197 minusve
3072 3146 3384 3200 dicendum
3440 3156 3553 3212 est,
3599 3162 3700 3203 cum

2089 3219 2243 3273 unius
2295 3222 2593 3280 divinitatis
2634 3225 2758 3284 fons
2796 3231 3003 3288 Verbo
3035 3249 3107 3289 ac
3149 3238 3375 3291 ratione
3417 3254 3509 3293 sua
3541 3249 3695 3293 teneat

2090 3310 2371 3377 universa;
2403 3312 2613 3382 Spiritu
2642 3334 2776 3375 vero
2802 3326 2927 3379 oris
2960 3326 3055 3380 sui
3092 3342 3227 3396 quae
3252 3329 3423 3399 digna
3453 3337 3573 3384 sunt
3592 3344 3700 3384 san-

2088 3400 2414 3456 ctiﬁcatione
2459 3409 2811 3477 sanctiticet,
2856 3414 3026 3469 sicut
3082 3418 3139 3471 in
3192 3417 3423 3474 Psalmo
3468 3420 3701 3487 scriptum

2087 3499 2170 3588 est
2205 3509 2218 3543 :
2263 3489 2429 3543 Verbo
2462 3492 2678 3550 Domini
2705 3500 2822 3553 οωιὶ
2848 3502 3087 3569 ﬁrmati
3119 3518 3253 3561 sunt
3278 3548 3295 3572 ,
3324 3519 3374 3562 et
3402 3510 3584 3576 spiritu
3610 3510 3699 3563 oris

2089 3582 2199 3644 eius
2236 3582 2402 3634 omnis
2438 3586 2602 3639 uirtus
2647 3604 2837 3642 eorum
2863 3591 2945 3646 ⁸⁸.
2995 3594 3102 3651 Est
3145 3599 3321 3652 etiam
3365 3600 3604 3667 quaedam
3629 3599 3697 3651 in-

2089 3668 2327 3735 operatio
2371 3670 2465 3725 Dei
2508 3670 2699 3730 Patris
2744 3680 3051 3750 praecipua
3098 3698 3313 3755 praeter
3356 3688 3536 3754 illam,
3567 3702 3697 3756 quam

2090 3758 2339 3813 omnibus
2372 3770 2432 3813 ut
2470 3774 2660 3819 essent
2690 3770 3050 3828 naturaliter
3095 3780 3386 3845 prastitit.
3419 3780 3514 3836 Est
3547 3791 3596 3835 et
3619 3781 3701 3833 Do-

2092 3848 2219 3901 mini
2247 3846 2372 3903 Jesu
2395 3847 2595 3907 Christi
2624 3856 2985 3926 praecipuum
3019 3868 3318 3934 quoddam
3346 3870 3700 3935 ministerium,

2094 3939 2146 3990 in
2189 3953 2280 3993 eos
2323 3941 2518 4008 quibus
2554 3946 2883 4003 naturaliter
2919 3964 2998 4008 ut
3038 3958 3416 4015 rationabiles
3452 3962 3576 4023 sint,
3602 3976 3704 4016 co:-

2094 4027 2231 4092 fert,
2259 4044 2354 4098 per
2388 4033 2530 4099 quod
2562 4034 2630 4087 ad
2664 4036 2784 4091 haec
2830 4054 2970 4108 qtiae
3010 4057 3189 4114 sunt,
3218 4061 3516 4117 prestatur
3545 4051 3616 4105 eis
3654 4059 3701 4103 ut

2095 4117 2228 4212 bene
2268 4120 2398 4174 sint.
2432 4121 2525 4175 Est
2562 4133 2617 4177 et
2649 4127 2757 4181 alia
2796 4145 3044 4203 quoque
3072 4140 3251 4195 etiam
3292 4141 3528 4212 Spiritus
3552 4143 3699 4198 sancti

2096 4210 2263 4304 gratia
2289 4224 2407 4278 quae
2433 4212 2615 4304 dignis
2641 4227 2978 4292 praestatur,
3018 4210 3352 4289 ministrata
3393 4235 3598 4304 quidem
3624 4246 3701 4303 per

2096 4295 2384 4366 Christum,
2427 4303 2710 4373 inoperata
2754 4322 2950 4368 autem
2992 4334 3025 4372 a
3064 4321 3237 4379 Patre
3272 4295 3566 4383 secundum
3610 4295 3700 4380 ιιιθο

452 4383 615 4483 paul:
638 4384 903 4483 inferius
938 4406 957 4438 ι
994 4387 1103 4443 Hoc
1151 4402 1279 4456 ergo
1308 4396 1463 4456 pacto
1512 4388 1753 4456 operatio
1785 4388 1999 4443 virtutis
2099 4387 2258 4441 ritum
2297 4404 2482 4444 eorum
2535 4394 2627 4461 qui
2673 4411 2910 4464 capaces
2956 4409 3315 4469 elﬁciuntur.
3365 4416 3517 4483 Quod
3556 4414 3699 4469 maui-

453 4471 549 4569 Ποῖ
578 4471 750 4529 Patris
778 4484 832 4528 et
855 4475 975 4529 Filii
1008 4477 1292 4531 indiscrete
1336 4489 1497 4543 super
1527 4491 1736 4531 omnem
1780 4488 1999 4546 proten-
2033 4479 2074 4534 D
2102 4476 2383 4534 festissime
2424 4482 2625 4539 iudieat
2654 4494 2949 4556 apostolus
2992 4501 3232 4569 Paulus,
3266 4471 3433 4562 unain
3458 4508 3699 4564 eamdem-

455 4563 603 4616 ditur
633 4573 974 4631 creaturam;
1027 4566 1258 4634 Spiritus
1309 4567 1478 4623 sancti
1534 4581 1660 4621 vero
1711 4567 1997 4637 participa-

456 4650 657 4703 tionem
687 4666 718 4703 a
746 4654 947 4707 sanctis
982 4656 1347 4710 tantummodo
1392 4656 1575 4710 haberi
1612 4655 1928 4711 invenimus.
1969 4675 1988 4708 ι

454 4738 525 4794 Ει
547 4738 640 4792 lib.
667 4754 738 4791 vu
764 4741 819 4794 in
843 4741 1008 4809 Epist.
1036 4745 1101 4797 ad
1132 4744 1301 4809 Rom.,
1329 4762 1472 4799 num.
1497 4745 1531 4798 6
1561 4760 1576 4798 :
1611 4766 1628 4795 ι
1666 4745 1888 4799 Tantum
1913 4756 1996 4801 est

455 4830 592 4897 quod
620 4829 703 4882 ille
719 4828 996 4900 (Christus)
1013 4846 1108 4899 pro
1138 4834 1311 4903 impiis
1341 4843 1580 4889 mortuus
1609 4844 1714 4902 est;
1743 4836 1818 4888 sic
1850 4836 1989 4889 enim

454 4929 509 4969 et
559 4917 672 4984 ipse
723 4917 914 4972 Paulus
960 4923 1218 4985 ostendit,
1255 4938 1375 4976 cum
1423 4924 1552 4978 dicit
1590 4943 1602 4977 :
1636 4924 1816 4976 Adhuc
1857 4925 1992 4977 enim

454 5004 712 5071 Christus,
735 5022 852 5059 curn
882 5005 1076 5073 inﬁrmi
1112 5025 1357 5076 essemus,
1378 5013 1656 5065 secundum
1681 5023 1875 5075 tempus
1899 5030 1991 5082 pro

453 5096 631 5166 impiis
663 5104 895 5151 mortuus
917 5105 991 5150 est
1015 5098 1095 5150 δτι
1131 5110 1343 5154 sanctus
1388 5112 1562 5157 autem
1610 5103 1841 5172 Spiritus
1885 5119 1992 5158 nou

522 5235 567 5267 "
597 5234 748 5289 Rom.
780 5248 830 5299 v,
863 5235 913 5290 6.
989 5236 1035 5268 ⁸⁸
1057 5235 1196 5293 Psal.
1223 5252 1391 5303 χχχιι,
1429 5241 1480 5294 6.
1555 5242 1599 5274 δ’
1624 5243 1639 5296 Ι
1662 5242 1787 5296 Cor.
1822 5257 1917 5306 xu,
1945 5241 2062 5296 4-7.

525 5358 635 5424 (I8)
674 5360 837 5428 Atque
857 5359 966 5413 Istuc
995 5358 1295 5428 ἀποτρμως
1307 5362 1401 5428 _ita
1429 5374 1648 5427 sumpta,
1670 5365 1755 5416 vix
1778 5373 1872 5427 est,
1896 5370 2001 5415 etc.

458 5425 516 5480 Si
540 5429 655 5481 sine
686 5425 842 5482 Patre
875 5425 1207 5481 rationabilia
1245 5443 1272 5478 a
1306 5425 1438 5481 Filio
1473 5425 1779 5493 illuminari,
1812 5425 1993 5483 sancta

459 5510 502 5567 a_
517 5496 711 5567 Spiritu
770 5496 1309 5567 sancto_sanctilicari
1349 5496 1549 5567 diceret
1579 5496 1851 5567 Origenes,
1882 5513 1995 5551 me-

460 5563 564 5615 rito
600 5565 650 5617 in
685 5574 921 5620 sanctam
949 5565 1263 5620 Trinitatem
1292 5563 1578 5633 iniuriosus
1600 5563 1888 5633 videretur,
1913 5577 1995 5617 at-

462 5645 565 5707 que
595 5634 738 5707 haud
760 5636 964 5707 scioan
1001 5635 1168 5707 ipsum
1197 5633 1246 5687 in
1296 5632 1503 5707 Patrem
1542 5632 1856 5707 iniuriosior:
1891 5634 1994 5707 Sed

465 5702 519 5749 in
544 5713 607 5753 eo
634 5702 770 5757 nulla
805 5704 958 5773 hujus
998 5702 1194 5761 erroris
1243 5702 1470 5773 suspicio
1498 5702 1707 5767 residet,
1740 5718 1801 5757 ac
1828 5702 1996 5757 Patris

2100 4583 2205 4658 que
2227 4569 2476 4626 virtutem
2508 4575 2800 4638 Trinitatis
2834 4601 3147 4658 exponens
3178 4598 3236 4651 in
3295 4613 3365 4653 eo
3406 4615 3525 4654 cum
3560 4598 3695 4652 dicit:

2102 4656 2385 4757 [linis-ian“
2425 4674 2544 4717 sunt
2580 4668 2875 4742 donorum,
2913 4656 3075 4738 idem
3129 4700 3317 4742 autem
3361 4687 3629 4757 Spiritus:
3658 4699 3698 4742 et

2099 4749 2372 4806 divisiones
2416 4768 2537 4809 sunt
2575 4760 3017 4828 ministeriorum
3041 4820 3057 4843 ,
3110 4780 3262 4834 idem
3316 4749 3496 4837 aniens
3534 4782 3698 4837 Domi-

2098 4852 2193 4938 nus
2225 4851 2243 4888 :
2276 4849 2344 4938 et.
2372 4841 2653 4901 divisiones
2703 4841 3101 4920 operationuns
3163 4882 3317 4938 sunt,
3367 4875 3504 4929 idem
3546 4883 3695 4928 autem

2095 4925 2235 4980 Deus
2256 4930 2344 4997 qui
2373 4945 2618 4999 operatur
2648 4946 2835 4999 omnia
2867 4950 2930 5005 in
2977 4960 3265 5015 omnibus.
3301 4925 3589 5034 ilnicuique
3613 4981 3695 5016 αι’

2097 5024 2197 5069 tem
2449 5026 2816 5124 manifestatio
2868 5037 3131 5107 Spiritus
3166 5055 3464 5108 secundum
3496 5022 3549 5109 id
3577 5051 3695 5124 quod

2096 5106 2299 5173 expedit
2345 5106 2413 5163 δ’.
2464 5110 2543 5165 Ex
2575 5131 2682 5184 quo
2718 5106 3199 5192 manifestissime
3233 5106 3550 5210 designatur
3573 5106 3693 5212 quod

2458 5371 2814 5467 hloq‘tagutum
2842 5386 3055 5445 virtute
3085 5374 3217 5449 Filii
3248 5406 3307 5452 et
3334 5398 3561 5467 Spiritus
3587 5407 3682 5447 mi-

2100 5439 2274 5530 ξῗέἷςῖ¹¹1
2295 5439 2445 5530 ﬁlii}.
2457 5452 2531 5530 ⁸3,
2550 5445 2725 5530 imus
2757 5439 3071 5525 νίιτεηίέιὶῖ.
3085 5439 3425 5530 nam;
3435 5439 3447 5451 ’
3462 5439 3679 5520 ’ἐέὖόὶἑί

2140 5501 2151 5512 ⁸
2180 5503 2190 5513 ⁸
2362 5508 2368 5515 -
2401 5507 2409 5516 ο
2572 5514 2584 5526 .
2701 5501 2721 5503 -
2759 5501 3071 5525 τ---νη-ν--ν
3108 5501 3261 5530 ιιυυυ
3292 5501 3419 5521 bu".
3475 5501 3669 5520 “nun-ur

2102 5501 2777 5600 Ἦέξῖἓ,Ξ¹¹¹2ηΐὲβιουθιεὶς
2812 5537 3002 5600 Sancta
3024 5545 3075 5600 7a
3107 5533 3326 5600 Spiritu
3371 5537 3677 5589 sanctitatem

2101 5576 2393 5669 tu,"
2401 5576 2612 5669 filius
2640 5605 2668 5641 a
2718 5576 2907 5669 Patre.
3043 5576 3675 5669 Fiiiiﬁ‘Ei'iii'liii

2100 5652 2719 5731 ξξξγξξιξι,ἒςςριξβνῖῃμ-
2751 5664 2810 5717 ι).
2846 5652 3204 5725 Prudentius.

2101 5713 2260 5762 nitate
2289 5713 2508 5783 Christi,
2541 5722 2641 5783 lib.
