3846 6444
213 405 326 466 τεο

225 511 369 586 nulla
381 531 466 578 est
487 523 540 578 in
571 516 848 591 nntiate
873 537 1140 610 discretio,
1162 546 1250 600 sed
1288 546 1389 599 hoc
1413 545 1550 612 quod
1575 545 1770 610 donum

227 613 450 684 Spiritus
471 615 694 708 dicitur,
739 628 1113 687 manifestatur
1154 651 1246 703 per
1273 635 1482 697 Filium.
1503 643 1554 690 οι
1583 635 1768 708 inape-

223 714 488 772 raturper
517 703 697 794 Deum_
717 708 1153 772 Patrem.0mm’a
1171 731 1342 776 autem
1368 728 1606 794 operatur
1632 703 1764 778 unus

214 805 375 864 atque
399 796 532 852 idem
567 797 832 869 Spiritus,
863 808 1088 863 dividens
1113 812 1381 880 unicuique
1403 821 1549 880 prout
1583 813 1714 866 uult.
1739 830 1760 865 ι

211 883 362 951 Quin
386 886 545 942 etiam
589 892 961 950 sanctimoniae
993 897 1318 954 collationem
1354 900 1488 954 idem
1527 897 1660 955 Filio
1684 915 1770 957 as-

208 973 428 1044 signat;
459 977 743 1046 sapientiae
775 997 903 1038 vero
932 999 996 1040 ac
1037 987 1271 1062 scientia:
1299 988 1519 1058 gratiam
1546 987 1764 1058 Spiritui

209 1076 404 1124 sancto
426 1067 611 1122 itidem
638 1078 698 1124 ut
729 1070 866 1126 Filio
885 1083 1146 1142 acceptam
1179 1075 1359 1131 refert.
1391 1095 1412 1127 ι
1441 1076 1614 1141 Unde,
1637 1097 1656 1130 ι
1690 1081 1768 1133 in-

212 1155 352 1225 quit,
376 1154 511 1209 ibid.
542 1172 694 1212 num.
713 1158 765 1222 8,
787 1176 806 1210 ι
831 1160 1118 1232 inoperatio
1139 1163 1335 1229 Patris,
1357 1181 1472 1234 qua:
1499 1180 1613 1221 esse
1636 1181 1767 1236 prae-

210 1253 324 1300 stat
363 1246 642 1311 omnibus,
685 1247 880 1303 clarior
927 1265 989 1306 ac
1025 1253 1438 1320 magniﬁcentior
1479 1255 1760 1320 invenitur,

206 1349 334 1389 cum
378 1336 753 1406 unusquisque
793 1353 887 1406 per
931 1341 1380 1410 participationem
1417 1345 1647 1409 Christi,
1687 1361 1765 1399 se-

205 1426 446 1486 cundum
477 1426 533 1478 id
561 1427 708 1494 quod
739 1428 994 1496 sapientia
1025 1441 1125 1496 est,
1155 1443 1207 1488 et
1233 1435 1514 1490 secundum
1545 1435 1597 1489 id
1629 1436 1765 1504 quod

202 1517 433 1572 scientia
461 1526 572 1583 est,
607 1527 662 1572 et
685 1520 1038 1575 sanctiﬁcatio
1065 1533 1169 1588 est,
1195 1527 1422 1594 prolicit,
1443 1539 1495 1582 et
1524 1530 1576 1582 in
1610 1532 1764 1587 altio-

201 1621 294 1662 res
317 1606 668 1676 prolectuum
695 1611 892 1679 gradus
914 1612 1074 1679 venit,
1091 1622 1144 1666 et
1162 1629 1253 1684 per
1277 1617 1374 1672 hoc
1396 1619 1532 1686 quod
1559 1622 1765 1688 partici-

197 1695 424 1762 patione
461 1696 642 1750 sancti
689 1696 916 1766 Spiritus
943 1702 1109 1756 factus
1144 1711 1224 1756 est
1251 1705 1368 1771 quis
1403 1707 1580 1772 purior
1609 1717 1762 1777 atque

195 1783 490 1854 sincerior,
506 1784 731 1840 effectus
751 1788 936 1859 dignus
955 1791 1136 1859 recipit
1155 1793 1422 1860 sapientiae
1451 1810 1508 1848 ac
1529 1798 1759 1852 scientia:

193 1875 457 1944 gratiam.
500 1893 519 1925 ι
552 1875 770 1944 Repetit
808 1877 909 1931 ista
952 1893 1068 1946 cap.
1108 1879 1199 1945 18,
1246 1892 1435 1935 auctor
1474 1882 1630 1936 libelli
1683 1885 1758 1940 De

192 1965 396 2039 deitate
431 1974 483 2018 et
525 1965 887 2018 incarnatione
921 1965 1090 2033 Verbi,
1122 1968 1187 2021 ad
1217 1967 1649 2039 Januarium,qui
1692 1975 1755 2026 ad

192 2035 404 2108 calcent
473 2053 718 2109 tomi‘lV
781 2055 1060 2124 Augustini
1102 2058 1448 2115 subnectitur.
1503 2035 1629 2126 Quae
1691 2078 1756 2118 ue

191 2131 328 2214 quis.
352 2143 624 2208 a,Ruﬁno
654 2144 944 2214 interprete
979 2146 1030 2198 in
1062 2143 1302 2216 Origenis
1342 2149 1561 2216 gratiam
1592 2154 1755 2204 conﬁ-

191 2247 284 2289 cta
317 2243 501 2303 putet,
537 2233 770 2288 similem
802 2234 1148 2304 adjungemus
1191 2235 1362 2289 locum
1389 2253 1418 2291 e
1460 2248 1586 2291 tom.
1627 2255 1663 2293 ιι
1702 2242 1754 2294 in

190 2323 395 2389 10am,
430 2339 586 2390 num.
629 2325 662 2378 6
701 2343 715 2380 :
749 2319 822 2378 Οὗ
863 2325 1030 2394 (Υἱοῦ)
1069 2325 1280 2396 χρῄζειν
1329 2327 1467 2380 ἔοικε
1506 2330 1566 2382 τὸ
1606 2331 1754 2399 ἅγιον

189 2413 446 2482 Πνεῦμα,
479 2413 852 2476 διακονοῦντος
902 2415 1060 2468 αὐτοῦ
1080 2420 1142 2486 τῇ
1172 2419 1484 2479 ὑποστάσει,
1515 2421 1572 2472 οὐ
1599 2423 1753 2490 μόνον

189 2504 270 2564 εἰς
293 2503 370 2558 τὸ
398 2499 564 2566 εἶναι,
587 2503 723 2564 ἀλλὰ
769 2505 860 2556 καὶ
902 2504 1057 2573 σοφὸν
1093 2502 1246 2570 εἶναι,
1274 2510 1366 2562 καὶ
1395 2508 1622 2577 λογικὸν,
1661 2512 1753 2564 καὶ

186 2596 422 2660 δίκαιον,
448 2595 547 2647 καὶ
569 2596 679 2648 πᾶν
703 2595 980 2647 ὁτιποτοῦν
1006 2595 1107 2665 χρὴ
1135 2597 1262 2648 αὐτὸ
1289 2599 1424 2650 νοεῖν
1450 2600 1750 2669 τυγχάνειν,

187 2684 332 2752 κατὰ
359 2683 599 2754 μετοχὴν
627 2684 735 2737 τῶν
773 2686 1171 2755 προειρημένων
1206 2687 1330 2756 ἡμῖν
1358 2687 1586 2757 Χριστοῦ
1633 2691 1751 2741 ὲπι-
1807 2706 1815 2716 ι

184 2776 347 2828 νοιῶν
367 2792 381 2804 ·
403 2771 562 2846 οἶμαι
592 2775 650 2828 δὲ
677 2775 736 2830 τὸ
757 2775 906 2842 ἆγιον
932 2775 1146 2846 Πνεῦμα
1175 2775 1288 2846 τὴν,
1319 2778 1383 2829 ἵν’
1405 2777 1571 2840 οὕτως
1595 2780 1748 2844 εῐπω,

185 2864 320 2938 ὓλην
359 2864 477 2918 τῶν
525 2864 636 2918 ἀπὸ
678 2864 811 2916 Θεοῦ
863 2865 1205 2934 χαρισμάτων
1253 2867 1503 2936 παρέχειν
1527 2870 1636 2930 τοῖς
1685 2869 1750 2921 δι’

184 2956 318 3008 αὐτὸ
353 2955 455 3006 καὶ
497 2953 597 3024 τὴν
636 2954 865 3023 μετοχὴν
889 2954 1049 3007 αὑτοῦ
1097 2955 1513 3024 χρηματίζουσιν
1557 2957 1747 3024 ἁγίοις,

183 3047 306 3116 τῆςο
334 3045 645 3116 εἰρημένης
677 3043 807 3114 ὕλης
855 3043 960 3096 τῶν
989 3045 1329 3113 χαρισμάτων
1369 3046 1750 3117 ἐνεργουμένης

187 3137 284 3205 μὲν
307 3136 423 3189 ἀπὸ
452 3130 550 3188 τοῦ
572 3133 1149 3202 Θεοῦ,διακονουμένης
1179 3133 1234 3184 δὲ
1259 3134 1360 3185 ὑπὸ
1379 3134 1470 3186 τοῦ
1498 3135 1748 3205 Χριστοῦ,

184 3223 514 3294 ὑφεστώσης
530 3223 586 3275 δὲ
609 3221 745 3276 κατὰ
760 3223 819 3275 τὸ
837 3222 982 3289 ἅγιον
994 3222 1231 3292 Πνεῦμα·
1247 3224 1337 3274 καὶ
1352 3226 1489 3275 κινεῖ
1509 3241 1572 3294 με
1595 3227 1672 3287 εἰς
1692 3225 1751 3278 τὸ

181 3313 528 3376 ταῦθόῦτως
550 3313 691 3382 ἔχειν
709 3311 990 3363 ὑπολαϐεῖν
1016 3309 1220 3374 Παῦλος
1245 3314 1368 3382 περὶ
1398 3315 1746 3383 χαρισμάτων

181 3407 323 3462 οὕτω
352 3421 462 3458 που
506 3403 750 3473 γράφωνο
784 3400 1098 3467 Διαιρέσεις
1124 3399 1191 3453 δὲ
1220 3405 1590 3472 χαρισμάτων
1610 3407 1749 3473 εἰσὶ,

183 3494 242 3547 τὸ
276 3493 330 3546 δ’
348 3490 504 3546 αὐτὸ
525 3489 793 3557 Πνεῦμω
822 3488 916 3540 καὶ
943 3486 1250 3554 διαιρέσεις
1280 3487 1584 3543 διακονιῶν·
1613 3493 1746 3556 εἱσι,

183 3584 280 3642 καὶ
307 3587 343 3638 ό
380 3579 570 3645 αὐτὸς
602 3579 816 3645 Κύριος
851 3576 979 3629 ’καὶ
1015 3575 1321 3644 διαιρέσεις
1350 3577 1750 3649 ἐνεργημάτων

182 3674 320 3740 εισι,
349 3672 456 3724 καὶ
481 3673 516 3723 ό
550 3670 732 3734 αὐτός
767 3668 898 3721 ἐστι
945 3666 1086 3731 Θεὸς
1113 3670 1145 3721 ὁ
1172 3667 1423 3736 ἐνεργῶν
1446 3670 1516 3722 τὰ
1554 3671 1746 3726 πάντα

181 3763 247 3814 ἐν
277 3759 498 3816 πᾶσιν.
547 3755 749 3825 Purgat
773 3762 825 3808 et
855 3753 982 3808 illud
1009 3752 1288 3823 Origenem
1325 3758 1464 3824 quod
1503 3758 1552 3809 in
1578 3759 1743 3826 prima

182 3853 296 3924 ejus
329 3855 385 3905 in
415 3850 629 3904 Isaiam
660 3847 886 3904 homelia
912 3845 1104 3912 legitur
1133 3859 1280 3897 num.
1305 3843 1338 3896 4
1363 3862 1375 3897 :
1398 3863 1414 3894 ι
1438 3846 1672 3914 Denique
1689 3855 1744 3902 ut

182 3942 450 4000 unitatem
472 3938 698 3993 Deitatis
724 3936 780 3990 in
807 3935 1071 3990 Trinitate
1097 3946 1410 4000 cognoscas,
1424 3933 1568 3987 solus
1589 3934 1741 3988 Chri-

1023 419 1570 486 outeENIANOItUtt
1599 424 2024 504 humanam
2065 437 2128 504 ιι,
2164 438 2435 508 quassu
2477 449 2541 504 n;

3288 462 3394 522 πη

1798 556 1843 613 Α
1871 553 1986 650 prie
2008 557 2255 650 vocamus
2284 563 2492 620 nomine
2529 564 2832 635 Sapientiae,
2865 584 2986 626 cum
3010 571 3081 628 sit
3107 572 3384 650 universa-

1871 639 1991 695 liter
2022 654 2072 698 et
2112 643 2336 714 Spiritus
2371 662 2614 719 sanctus,
2643 666 2695 708 et
2725 654 2881 712 Pater
2923 659 3033 730 ipsa
3080 645 3385 729 Sapientia;

1868 731 1941 786 ita
1974 733 2200 802 Spiritus
2253 748 2468 804 sanctus
2513 747 2721 812 proprie
2771 760 3102 822 nuncupatur
3130 753 3394 810 vocabulo
3431 809 3436 814 .

1822 810 1842 825 ⁸
1868 823 2159 915 charitatis.
2183 842 2303 883 cum
2331 830 2400 884 sit
2425 810 2792 915 universaliter
2818 810 3050 898 charitas
3079 852 3133 900 et
3159 843 3314 900 Pater
3333 854 3389 901 et

1868 911 2048 966 Filius.
2089 932 2106 965 ι

1937 1024 2055 1078 Pari
2091 1027 2244 1081 modo
2287 1028 2581 1098 excipimus
2608 1033 2913 1101 petitionem
2940 1039 3158 1096 alteram
3180 1083 3194 1105 ,
3225 1059 3390 1112 supe~

1864 1115 2021 1169 rioris
2041 1114 2195 1183 hujus
2219 1116 2443 1174 alﬁnem.
2483 1123 2736 1188 Queritur
2761 1129 3080 1185 Athanasius
3111 1136 3164 1186 in
3195 1134 3386 1192 Matth.

1865 1219 1961 1270 xu,
1983 1204 2070 1271 32,
2105 1216 2316 1275 putasse
2354 1209 2634 1282 Origenem
2662 1226 2875 1282 peccata
2905 1220 2957 1272 in
2991 1220 3242 1289 Spiritum
3263 1239 3386 1294 san,-

1864 1301 2005 1348 cturn
2060 1308 2122 1350 ea
2171 1311 2290 1353 esse
2329 1313 2449 1367 quae
2485 1312 2604 1370 post
2649 1303 2962 1372 baptismum
3019 1311 3384 1380 admittuntur.

1863 1382 2059 1452 Nempe
2091 1401 2208 1440 cum
2235 1388 2288 1442 in
2317 1391 2520 1444 sanctis
2545 1401 2600 1446 et
2631 1392 2947 1449 Christianis
2982 1399 3150 1452 solum
3178 1404 3382 1470 operari

1865 1471 2115 1540 Spiritum
2156 1487 2396 1532 sanctum
2439 1480 2670 1544 dixerit,
2715 1485 2953 1552 sequitur
3001 1502 3117 1542 cum
3169 1500 3385 1556 peccant

1863 1563 1982 1628 ipsi,
2015 1573 2234 1630 peccato
2273 1566 2502 1633 ipsorum
2548 1584 2663 1623 eam
2697 1575 2957 1641 praecipue
2985 1574 3178 1630 oﬂ‘endi
3209 1575 3390 1638 Trini‘

1861 1653 1984 1704 tatis
2013 1666 2293 1719 personam
2317 1670 2434 1723 quae
2452 1658 2504 1710 in
2525 1657 2589 1712 iis
2608 1669 2880 1728 operatur,
2909 1663 3164 1731 Spiritum
3194 1680 3402 1735 nempe-

1859 1749 2118 1794 sanctunt.
2147 1741 2258 1797 Non
2301 1745 2520 1800 multum
2567 1749 2690 1803 inde
2730 1750 3010 1806 abludebat
3040 1753 3382 1822 Novatianus,

1790 1862 1828 1914 Β
1864 1827 2230 1884 remissionem
2282 1844 2615 1900 peccatorum
2671 1837 2830 1906 lapsis
2889 1843 3102 1898 concedi
3150 1859 3384 1914 negans,

1853 1919 1992 1985 quod
2017 1919 2438 1976 Christianorum
2469 1927 2700 1992 peccatis
2734 1926 2930 1983 oil‘endi
2964 1931 3214 1999 Spiritum
3255 1949 3380 1990 san-

1853 2013 1994 2061 ctum
2043 2007 2263 2075 diceret,
2295 2011 2444 2078 cujus
2482 2013 2800 2070 oﬂ‘ensiones
2837 2031 2933 2072 nec
2973 2018 3025 2071 in
3063 2020 3162 2074 hoc
3191 2023 3382 2082 saculo,

1852 2108 1949 2147 nec
1979 2095 2033 2148 in
2056 2094 2233 2150 futuro
2267 2100 2462 2152 remitti
2491 2100 2732 2156 Christus
2755 2105 2950 2158 docuit.
2981 2107 3084 2161 Sed
3127 2113 3380 2178 quemad-

1851 2182 2062 2235 modum
2094 2184 2146 2236 in
2175 2182 2490 2241 Christianis
2517 2191 2724 2256 operari
2753 2194 2977 2247 credidit
2997 2195 3248 2264 Origenes
3277 2207 3384 2256 tres

1852 2269 2128 2326 Trinitatis
2154 2289 2441 2342 personas,
2475 2277 2685 2333 etiamsi
2727 2283 2965 2348 operatio
3014 2284 3124 2338 haec
3160 2285 3380 2354 Spiritui

1851 2371 2033 2416 sancto
2064 2364 2271 2431 proprie
2297 2364 2454 2420 tribui
2486 2369 2688 2434 soleat;
2713 2371 2785 2422 ita
2810 2371 3229 2428 Christianorum
3254 2390 3380 2444 pec-

1851 2449 1980 2504 catis
2011 2459 2129 2517 post
2165 2453 2482 2520 baptismum
2522 2457 2766 2512 admissis
2809 2461 2922 2513 laedi
2965 2465 3176 2529 proprie
3208 2465 3382 2533 ipsum

1849 2539 2002 2605 dixit,
2024 2543 2264 2608 quamvis
2290 2542 2480 2598 Filium
2527 2560 2738 2615 quoque
2763 2557 2815 2602 et
2849 2550 3058 2604 Patrem
3079 2553 3268 2608 iisdem
3298 2554 3380 2608 oi-

1849 2624 1989 2680 fendi
2019 2628 2089 2682 sit
2114 2630 2426 2684 arbitratus.

1912 2756 2102 2812 XXIX.
2136 2757 2264 2812 Illud
2299 2770 2554 2828 praeterea
2581 2763 2633 2816 in
2681 2763 2904 2834 Origene
2924 2765 3184 2833 culpatum
3213 2767 3379 2821 fuisse

1847 2858 2222 2902 commemorat
2251 2864 2540 2919 anonymus
2569 2851 2656 2906 ille
2683 2867 2838 2920 quem
2871 2868 2966 2922 pro
2994 2869 3058 2907 eo
3083 2855 3377 2922 Apologimn

1846 2935 2120 3003 scripsisse
2163 2936 2322 2990 tradit
2356 2937 2572 2991 Photius
2621 2940 2741 2993 cod.
2777 2954 2922 2993 cxvu
2945 2979 2960 3003 ,
2993 2941 3133 3009 quod
3184 2941 3392 2994 Filium‘

1846 3027 2150 3093 neutiquam
2196 3026 2544 3081 invocaudum
2575 3042 2694 3082 esse
2734 3031 3176 3097 pronuntiaverit.
3218 3029 3374 3083 Mini-

1852 3131 1935 3168 me
1967 3116 2174 3183 quidem
2203 3117 2456 3170 orandum
2487 3132 2604 3172 cum
2644 3117 2799 3172 Patre
2829 3119 3042 3183 Filium,
3072 3134 3176 3174 non
3199 3129 3374 3173 autem

1852 3205 2160 3272 simpliciter
2193 3220 2296 3260 non
2333 3205 2585 3260 orandum
2613 3208 2843 3262 sensisse
2875 3209 3154 3276 Origenem
3195 3216 3375 3261 narrat

1848 3295 2169 3363 Augustinus
2214 3295 2341 3350 haer.
2390 3311 2541 3359 xuu,
2586 3297 2651 3351 ad
2699 3295 3133 3362 Quodvultdeum,
3181 3305 3234 3351 et
3277 3309 3376 3351 cur

1849 3384 1920 3438 ita
1947 3386 2172 3439 senserit
2201 3400 2414 3439 causam
2450 3385 2604 3439 affert
2637 3403 2651 3440 :
2676 3405 2693 3436 ι
2721 3386 2857 3440 Dicit
2886 3398 3158 3456 praeterea,
3183 3386 3369 3455 inquit,

1847 3474 1957 3542 ipse
1989 3473 2272 3543 Origenes,
2302 3477 2438 3543 quod
2474 3471 2639 3528 Filius
2689 3475 2780 3528 Dei
2833 3476 3028 3529 sanatis
3071 3474 3373 3528 hominibus

1844 3574 2201 3633 comparatus,
2226 3567 2420 3620 veritas
2440 3566 2548 3631 sit;
2577 3554 2716 3618 Patri
2745 3565 2967 3618 collatus
2999 3564 3367 3627 mendacium;

1842 3661 1896 3706 et
1919 3663 2168 3720 quantum
2211 3653 2410 3708 distant
2451 3654 2670 3723 apostoli
2701 3653 3159 3716 Christo,tantum
3199 3651 3368 3706 Filius

1841 3737 2005 3792 Patri.
2036 3739 2185 3795 Unde
2217 3755 2313 3795 nec
2337 3743 2569 3796 orandus
2601 3751 2684 3797 est
2718 3741 2883 3796 Filius
2909 3756 3028 3795 cum
3054 3740 3226 3807 Patre,
3244 3741 3365 3808 quia

1841 3843 1942 3881 non
1967 3837 2150 3883 auctor
2172 3838 2252 3883 est
2285 3830 2712 3900 indulgendarum
2759 3833 3088 3900 petitionum,
3122 3833 3214 3887 sed
3241 3848 3369 3900 sup-

1837 3916 2073 3983 plicator.
2119 3918 2460 3986 {Utramque
2507 3921 2898 3975 accusationem
2944 3921 3246 3990 complexus
3287 3929 3371 3975 est

181 4040 306 4086 stus.
327 4030 384 4098 iu
417 4026 672 4098 praesenti
703 4025 931 4080 lectione
967 4037 1106 4077 nunc
1133 4032 1351 4090 peccata
1391 4021 1612 4076 dimittit
1642 4039 1657 4086 ;
1685 4033 1740 4078 et

1850 4001 2154 4070 l‘heophilus
2198 4005 2585 4058 Alexandrinus
2619 4005 2808 4059 Pasch.
2845 4022 2918 4073 ιι,
2955 4007 3044 4060 ubi
3091 4006 3366 4074 Origenem

185 4127 363 4188 tamen
416 4125 632 4171 certum
685 4121 766 4168 est
810 4127 840 4166 a
893 4109 1152 4165 Trinitate
1200 4118 1417 4176 peccata
1465 4109 1675 4163 dimitti.
1711 4130 1730 4164 ι

181 4205 395 4276 Ριιι-ειιι.⁴
415 4215 474 4261 et
499 4202 821 4259 Paschasius
841 4201 1110 4264 diaconus,
1131 4197 1221 4252 lib.
1241 4213 1258 4252 1
1281 4197 1356 4251 De
1380 4196 1578 4266 Spiritu
1613 4215 1737 4252 san-

181 4305 258 4350 eto
291 4294 438 4366 (i9).
471 4308 589 4362 cap.
621 4292 674 4354 9,
696 4289 938 4358 Origenis
966 4287 1066 4341 sibi
1105 4286 1416 4340 sententiam
1444 4300 1730 4354 usurpans:

185 4401 203 4435 ι
235 4386 516 4452 Quantum
543 4381 594 4434 iu
619 4377 910 4448 Scripturis
940 4375 1156 4440 sanctis,
1186 4375 1386 4443 inquit,
1417 4373 1730 4428 manifeStis-

1834 4090 1908 4142 ait
1943 4103 2126 4142 ausum
2156 4103 2272 4144 esse
2299 4091 2490 4153 dicere,
2529 4109 2549 4141 ι
2585 4090 2698 4144 Non
2723 4107 2841 4147 esse
2865 4095 3122 4147 orandum
3150 4092 3364 4158 Filium,

1833 4191 2004 4244 neque
2023 4191 2140 4232 cum
2168 4177 2302 4232 Filio
2322 4177 2558 4243 Patrem;
2582 4197 2600 4231 ι
2632 4194 2748 4247 qua;
2767 4181 2976 4248 quidem
3003 4182 3226 4234 absurda
3261 4191 3365 4248 est.

1829 4274 1882 4320 et
1913 4280 2090 4319 secum
2128 4280 2363 4335 pugnans
2393 4267 2730 4334 conquestio;
2760 4283 2880 4322 nam
2915 4269 2958 4323 si
2981 4269 3174 4323 Filium
3221 4270 3374 4325 oriri

1829 4364 1973 4409 vetat
1994 4355 2270 4424 Origenes,
2305 4370 2399 4409 cur
2441 4356 2690 4411 vetuisset
2716 4355 2924 4412 Patrem
2954 4358 3097 4412 orari
3123 4372 3242 4412 cum
3269 4357 3362 4413 Fi-

179 4445 315 4544 sirn-e
347 4445 803 4544 deprehenditur,
829 4469 928 4522 alia
957 4467 1114 4520 Pater
1142 4465 1252 4533 ipse
1282 4480 1374 4535 per
1393 4462 1587 4529 se,alia
1613 4479 1732 4534 spe-
1757 4467 1809 4527 D
1832 4445 1923 4510 Ῑίον
1952 4447 2040 4513 qui
2073 4447 2372 4514 ηθιιιίιιιειη
2401 4447 2631 4501 orandus
2654 4455 2737 4502 08!
2760 4447 2783 4499 ?

177 4569 393 4624 cialiter
416 4581 513 4636 per
541 4564 756 4628 Filium,
786 4563 887 4616 alia
919 4575 1012 4629 per
1038 4559 1297 4627 Spiritum
1323 4565 1586 4619 sanctum,
1611 4555 1732 4608 licet

1905 4555 2148 4610 Profecto
2174 4556 2217 4609 si
2265 4555 2401 4610 dicta
2451 4556 2692 4623 superius
2716 4555 2780 4611 de
2809 4556 3001 4612 violata
3048 4556 3114 4610 ab
3137 4554 3363 4626 Origene

178 4661 277 4714 sub
323 4655 612 4730 privilegio
641 4651 887 4722 potentia:
931 4647 1242 4709 communis,
1283 4655 1551 4712 operatur.
1596 4644 1732 4708 Quia
1833 4643 1955 4699 Filii
1982 4645 2256 4712 majestate
2277 4644 2769 4713 recordemur,quid
2801 4646 2867 4701 de
2893 4648 3006 4714 ejus
3031 4647 3362 4707 invocatione

177 4731 383 4811 mnus,
416 4745 486 4800 ad
533 4743 743 4796 Patrem
791 4740 998 4808 proprie
1045 4737 1228 4792 referri
1271 4736 1511 4798 videtur;
1539 4735 1594 4788 in
1609 4752 1726 4804 quo,
1830 4735 2030 4801 opinari
2050 4736 2310 4798 debuerit,
2326 4735 2477 4789 facile
2497 4736 2957 4802 deprehendemus.
2976 4737 3106 4790 Cum
3127 4738 3265 4790 enim
3293 4736 3360 4788 ad

179 4838 318 4894 sicut
360 4833 654 4904 Apostolus
683 4830 872 4883 dicit“
905 4844 918 4880 :
960 4827 1204 4890 Vivimus,
1248 4840 1530 4889 movemur,
1567 4834 1612 4877 et
1644 4841 1729 4877 διι-
1828 4823 1944 4891 ejus
1960 4825 2261 4893 dignitatem
2292 4839 2444 4891 quem
2465 4825 2708 4892 precibus
2734 4828 3123 4892 compellamus,
3152 4838 3359 4878 accom-

179 4942 314 4980 mus.
350 4923 510 4991 Quod
557 4935 686 4974 vero
729 4918 966 4982 rationis,
996 4927 1049 4969 et
1083 4913 1372 4984 sapientiae,
1413 4920 1465 4965 et
1503 4911 1720 4978 jusutiao
1827 4913 2035 4966 modata
2070 4927 2189 4967 esse
2222 4912 2407 4966 debeat
2429 4914 2598 4968 oratio
2632 4924 2832 4978 nostra,
2855 4915 3122 4969 humiliori
3145 4913 3364 4968 Patrem

179 5029 411 5084 capaces
437 5025 641 5074 sumus.
659 5009 731 5062 ἱῗΙὶ
758 5008 1052 5078 specialiter
1068 5005 1155 5075 qui
1175 5011 1254 5058 est
1272 5002 1406 5055 talio
1432 5011 1485 5053 et
1513 5003 1718 5071 sapien-
1821 5001 2184 5084 obsecratione
2220 5005 2571 5057 venerandum
2607 5017 2730 5056 esse
2760 5015 2914 5069 quam
2952 5001 3142 5056 Filium
3175 5005 3366 5057 dicere-

181 5083 274 5168 tiai,
305 5115 364 5158 et
385 5100 623 5171 iustitia,
657 5100 708 5152 id
737 5106 820 5152 est
853 5096 983 5150 Filio
1021 5097 1320 5163 deputatur.
1352 5090 1502 5156 Quod
1541 5102 1715 5146 autem

1850 5085 2000 5139 ‘ebuit
2034 5085 2310 5154 Origenes,
2342 5089 2387 5142 si
2419 5089 2668 5143 doctrina:
2704 5102 2811 5142 suae
2850 5089 3226 5143 connexionem
3263 5099 3353 5142 re-

181 5192 356 5246 vocati
390 5201 790 5257 regeneramur,
825 5184 1054 5238 innovati
1085 5179 1495 5240 sanctificamur,
1518 5193 1611 5245 per
1639 5180 1716 5234 di.
1821 5173 1991 5228 tinere
2029 5176 2214 5231 voluit.
2251 5175 2431 5246 Neque
2479 5177 2775 5246 conjectura
2820 5183 2998 5229 nostra
3033 5183 3146 5275 .nos
3194 5176 3350 5275 ιαιιιι.

179 5280 298 5332 vina
324 5277 539 5345 eloquia
572 5289 807 5343 persona:
832 5273 1056 5342 Spiritus
1082 5267 1243 5322 sancti
1269 5265 1540 5320 evidenter
1559 5269 1725 5322 εδει-ῖς
1826 5267 2102 5335 genuinam
2132 5270 2270 5322 enim
2303 5269 2463 5324 fuisse
2503 5270 2638 5324 hanc
2663 5270 2776 5338 ejus
2817 5265 3136 5366 sententiam
3179 5265 3355 5366 decla-

182 5370 343 5426 bitur.
372 5388 395 5421 ι
427 5365 688 5422 Przeclare
717 5373 770 5420 et
805 5365 868 5418 ad
916 5376 1022 5416 rem
1057 5354 1372 5424 Augustinus
1404 5353 1503 5408 lib.
1538 5371 1606 5409 xv
1648 5357 1720 5411 De
1827 5359 1945 5412 rant
1974 5357 2092 5413 libri
2116 5373 2289 5413 contra
2319 5356 3176 5448 Celsum,quorutanuintenum.
3211 5353 3246 5404 4
3275 5354 3356 5448 sic

185 5453 400 5520 Trinit.,
442 5470 564 5522 cap.
593 5453 690 5506 i7:
722 5471 740 5504 ι
776 5451 920 5505 Sicut
956 5448 1162 5502 unicum
1204 5441 1292 5494 Dei
1334 5440 1569 5496 Verbum
1595 5460 1720 5513 pro-

1850 5448 2032 5504 lisserit
2059 5469 2071 5503 :
2099 5451 2278 5503 Πᾶσαν
2304 5451 2400 5521 μὲν
2433 5452 2537 5523 γὰρ
2559 5451 2746 5521 ,δέησιν
2773 5446 2911 5517 (20),
2927 5443 3018 5496 καὶ
3045 5439 3370 5533 προσευχὴν-

188 5557 189 5560 “
249 5569 295 5602 ⁸⁸
321 5567 341 5620 1
371 5566 499 5624 Cor.
528 5583 623 5628 xu,
660 5564 741 5617 il.
811 5564 851 5594 "
873 5563 987 5616 Act.
1013 5571 1138 5618 xvu,
1167 5553 1253 5609 28.

245 5680 365 5746 (l9)
395 5676 550 5746 Tum.
590 5671 653 5727 Vl
689 5673 817 5746 Bibl.
847 5670 989 5746 Patr.

1813 5667 2010 5742 mon_i_o,
2040 5676 2092 5742 et
2121 5667 2418 5742 alj_i_s__inl’ra
2455 5666 2722 5742 adductis,_
2740 5663 3376 5742 ρςεειὶῑευιιιῐξξξξῇβξξῖ

251 5729 363 5814 ἃὸῇ
399 5729 606 5801 Bucar
630 5741 742 5810 μὲν
762 5741 860 5809 γὰρ
884 5739 1100 5805 δέησιν,
1139 5739 1242 5785 etc.
1271 5730 1341 5786 Ex
1398 5729 1511 5788 hoc
1561 5735 1718 5792 testi-

1825 5747 1897 5791 tat
1921 5721 2137 5794 unctius
2159 5721 2276 5792 Filii
2313 5721 2636 5806 tnnjcstatem
2677 5721 2757 5790 ab.
2785 5721 3016 5801 Origene
3061 5721 3295 5792 violari.
3321 5725 3397 5796 “is
