3894 6428
548 416 642 469 739

1763 419 1823 475 Ρ.
1862 420 2185 476 DANI‘ELIS.
2203 416 2431 476 HUETII

3688 402 3789 459 800

538 540 656 583 ma;
675 524 770 590 τῆς
791 524 1004 592 Γρᾳφῆς
1027 524 1266 593 ἀγγέλων
1295 529 1554 597 λεγόντων
1577 528 1761 601 ὥσπερ
1797 531 1886 583 ἐπὶ
1920 531 2011 585 τοῦ

2178 541 2386 594 lentum,
2410 529 2682 585 mediator
2712 526 2948 596 qui'dem
2984 528 3124 578 erat
3148 518 3493 580 hominum,
3525 515 3623 570 sed
3658 532 3787 572 non-

537 614 717 681 '0;0n
757 616 998 683 ἄγγελος
1039 621 1251 685 Kvplov
1289 622 1358 674 ἐν
1391 624 1528 692 πυρὶ
1582 625 1803 693 φλογὸς
1839 624 2049 692 βάτου,

530 702 623 755 καὶ
651 700 837 766 εἶπεν,
877 705 987 772 ἐγὼ
1028 708 1169 775 Θεὸς
1222 713 1488 784 Ἀϐραὰμ,
1536 717 1632 769 καὶ
1695 717 1919 781 Ἰσαὰκ,
1952 718 2049 775 καὶ

540 791 765 844 Ἰακώϐ·
806 794 938 847 ἀλλὰ
979 799 1087 873 καὶ.
1109 803 1137 853 ὁ
1195 803 1414 867 Ἡσαΐας
1458 807 1621 876 φησί’
1670 809 1941 862 Καλεῒται
1982 810 2048 862 τὸ

525 878 704 947 ὄνομα
731 884 931 949 αὐτοῦ,
953 891 1214 959 μεγάλης
1228 878 1460 965 βουλῆς
1489 900 1785 969 Ἄγγελος.
1817 899 1879 954 Et
1901 901 2050 955 initio

526 967 649 1019 ιοιυὶ
688 975 958 1037 sequentis
994 976 1156 1033 docet
1200 980 1385 1036 Filium
1442 984 1530 1039 Dei
1587 967 1804 1042 missum
1848 1004 1967 1044 esse
2015 1004 2044 1043 a

519 1053 680 1109 Patre
706 1059 770 1111 ad
803 1063 1120 1131 prophetas;
1156 1077 1209 1122 et
1240 1085 1361 1124 cum
1390 1072 1663 1143 Scriptura
1705 1078 1780 1130 ait
1818 1096 1833 1132 :
1863 1078 2044 1134 Sermo

518 1144 686 1211 factus
709 1158 780 1200 est
806 1153 873 1202 ad
892 1152 1097 1221 Oscam,
1121 1158 1197 1213 sic
1222 1159 1348 1214 illud
1375 1163 1791 1234 intelligendum,
1812 1169 2039 1224 Verbum

518 1236 610 1290 Dei
662 1241 877 1295 missum
931 1260 1050 1300 esse
1097 1249 1163 1303 ad
1207 1249 1416 1308 Oscam.
1459 1252 1599 1309 Idem
1653 1257 1811 1312 habet
1858 1271 2042 1314 auctor

516 1328 747 1382 homil.l
781 1331 832 1384 in
874 1334 1109 1391 diversos
1147 1353 1158 1386 :
1198 1359 1216 1389 ‹
1255 1340 1479 1397 Abrahae
1523 1344 1665 1400 Patri
1709 1350 2038 1408 credentium

516 1415 682 1470 tribus
710 1417 855 1473 horis
893 1426 1164 1492 temporis,
1192 1427 1313 1482 licet
1342 1446 1444 1485 non
1478 1448 1574 1500 per
1602 1434 1766 1505 ipsam
1798 1437 2037 1495 ineﬂ‘ahi-

512 1504 615 1557 lem
643 1508 862 1564 Deitatis
891 1514 1266 1582 substantiam,
1299 1523 1389 1576 sed
1420 1526 1592 1591 potius
1620 1543 1715 1596 per
1740 1532 2033 1599 angelicam

509 1596 743 1660 speciem
770 1612 799 1652 a
839 1604 1060 1658 meridie
1092 1608 1235 1662 visus
1264 1612 1341 1663 est
1372 1629 1384 1664 :
1424 1614 1577 1669 nobis
1614 1596 1836 1687 triginta—
1868 1622 2033 1678 tribus

507 1685 662 1738 annis
694 1687 743 1739 in
787 1697 922 1743 terra
950 1698 1213 1762 apparuit,
1248 1708 1300 1752 et
1336 1717 1453 1756 cum
1485 1706 1785 1763 hominibus
1815 1727 2032 1767 conver~

506 1776 612 1826 sari
660 1777 898 1843 dignatus
941 1793 1021 1835 est
1052 1785 1117 1840 ⁸⁹.
1179 1786 1345 1845 Jacob
1399 1795 1557 1848 etiam
1601 1800 1747 1853 brevi
1797 1810 2031 1870 tempore

2149 622 2269 676 dum
2304 630 2420 675 erat
2445 622 2632 675 homo.
2678 617 2811 670 Erat
2840 624 3047 668 tamen
3080 620 3173 666 et'
3202 620 3347 663 tunc
3381 607 3658 661 mediator
3700 608 3785 661 Dei

2147 721 2198 766 et
2224 711 2496 766 hominum
2526 726 2540 762 :
2570 707 2717 762 unde
2746 715 2805 760 et
2836 705 2979 758 data
3041 701 3141 754 lex
3199 712 3313 768 per
3373 696 3638 797 angelos,

2145 802 2306 870 ipsius
2332 797 2647 853 mediatoris
2687 795 2961 848 manibus
3016 791 3159 844 data
3212 801 3356 842 esse
3415 800 3530 839 non
3578 787 3786 849 dicitur,

2143 902 2200 947 ιιι
2223 899 2360 945 esset
2389 890 2475 943 lea:
2502 896 2712 948 sancta.
2730 895 2782 938 et
2803 883 3149 937 mandatum
3176 886 3473 937 sanctum,
3496 884 3548 927 et
3574 874 3784 942 justum,

2142 988 2189 1034 et
2214 979 2396 1030 bonum
2414 976 2482 1041 “,
2512 985 2571 1029 et
2598 971 2785 1027 omnia
2821 971 2948 1025 haec
2977 966 3517 1023 sanctiﬁcarentur
3562 980 3593 1016 a
3646 963 3791 1017 Chri-

2142 1075 2245 1119 sto.
2281 1084 2299 1117 ι
2341 1064 2455 1118 Νοιι
2482 1063 2647 1134 igitur
2681 1061 2735 1114 in
2767 1074 2836 1113 eo
2875 1057 3057 1112 modo
3095 1056 3522 1160 intercessor,
3556 1060 3613 1105 et

2139 1172 2236 1227 της
2264 1156 2353 1210 Dei
2385 1164 2438 1209 et
2470 1153 2758 1209 hominum
2784 1149 3007 1203 dicitur
3032 1148 3111 1201 ab
3143 1144 3419 1214 Origene
3444 1142 3621 1197 fuisse
3644 1144 3789 1197 Chri‘

2139 1256 2251 1303 stus
2275 1287 2291 1311 .
2331 1254 2619 1314 antequam
2656 1245 2725 1298 de
2762 1240 3011 1311 Virgine
3054 1246 3468 1300 nasceretur,
3498 1249 3610 1301 quo
3643 1236 3789 1335 modo

2139 1338 2330 1392 deinde
2358 1335 2478 1397 fuit,
2508 1343 2803 1403 postquam
2830 1339 3113 1424 naturam
3151 1328 3491 1424 humanam
3521 1328 3785 1424 suscepit:

2135 1441 2257 1481 nam
2284 1440 2379 1495 per
2407 1425 2693 1490 utriusque
2721 1430 2943 1476 natura:
2972 1417 3487 1514 coniunctionem
3525 1414 3786 1514 hominem

2134 1532 2252 1570 cum
2288 1515 2396 1569 Deo
2424 1512 2766 1575 conciliavit,
2801 1521 2981 1578 atque
3015 1508 3107 1562 ita
3160 1504 3437 1560 medium
3487 1504 3622 1572 quid
3666 1504 3790 1555 inter

2133 1615 2417 1673 utrumque
2462 1603 2587 1666 fuit,
2641 1617 2767 1657 cum
2818 1610 3155 1666 utrumque
3206 1604 3418 1659 esset,
3463 1602 3525 1648 et
3567 1592 3707 1647 Deus
3740 1603 3790 1645 et

2131 1695 2307 1749 homo.
2349 1694 2607 1760 Quamvis
2645 1701 2830 1745 autem
2883 1686 3357 1744 communionis
3407 1684 3602 1749 illius,
3634 1693 3687 1740 et
3717 1684 3787 1738 iu-

2134 1784 2234 1836 turi
2266 1783 2558 1851 aliquando
2585 1780 2881 1845 consortii,
2917 1792 3267 1845 rerumque
3298 1789 3407 1845 per
3444 1774 3584 1829 illud
3614 1790 3787 1840 geren-

504 1879 601 1931 per
643 1869 884 1935 angelum
913 1874 1251 1935 nihilominus
1296 1888 1535 1952 apparuit
1569 1888 1863 1946 οοιιυειεηε
1906 1850 2026 1949 Eum
2060 1850 2101 1904 Β
2128 1874 2314 1927 darum
2346 1875 2569 1937 intuitu,
2608 1874 2662 1926 in
2706 1870 2934 1925 Veteris
2994 1868 3403 1923 Testamentt
3456 1866 3783 1936 patriarchas

501 1970 585 2015 80,
618 1975 639 2008 ι
663 1969 764 2014 etc.

571 2046 653 2098 lll.
704 2050 1096 2117 Reprehensum
1150 2058 1315 2117 fuisse
1359 2064 1411 2117 id
1452 2066 1503 2118 in
1539 2066 1764 2137 Origene
1810 2072 2027 2127 adnotat

502 2136 681 2192 Sis-tus
732 2142 981 2200 Senensis
1032 2147 1125 2204 lib.
1176 2166 1242 2214 v,
1282 2169 1404 2208 ann.
1456 2156 1576 2222 105,
1631 2136 1723 2213 sed
1749 2164 2024 2231 Augustini

497 2231 751 2300 sutiragio
779 2235 1031 2293 defendit.
1072 2241 1408 2300 Consimiiem
1455 2263 1582 2304 sane
1626 2251 1849 2319 professi
1901 2265 2022 2309 sunt

495 2320 788 2376 doctrinam
824 2324 1005 2382 Patres
1047 2332 1249 2402 antiqui
1287 2338 1619 2404 complures,
1653 2357 1755 2395 non
1793 2343 2023 2414 Origene

494 2408 665 2460 solum
693 2415 1029 2481 vetustiores,
1057 2419 1137 2473 vel
1176 2423 1356 2490 coaevi,
1390 2427 1481 2480 sed
1508 2431 1831 2488 recentiores
1860 2435 2018 2489 etiam

493 2509 547 2551 et
584 2500 793 2558 Nicrena
840 2510 1043 2577 synodo
1088 2517 1426 2580 posteriores.
1473 2519 1668 2576 llorum
1709 2527 1917 2581 nomina
1968 2537 2020 2582 et

495 2587 611 2645 loca
662 2594 866 2664 colligit
914 2598 1179 2657 Pamelius
1228 2606 1281 2659 in
1344 2606 1637 2665 Paradoxis
1687 2614 2015 2683 Tertulliani,

493 2693 612 2748 cap.
643 2682 709 2735 l9
746 2701 759 2735 :
805 2685 1132 2756 collegerunt
1175 2695 1399 2749 subinde
1441 2708 1493 2751 et
1540 2701 1649 2755 alii.
1703 2703 1777 2758 Ex
1832 2682 2019 2775 quibus

490 2768 623 2826 locis
644 2771 807 2841 liquet
845 2791 1149 2843 persuasum
1190 2783 1275 2837 his
1316 2785 1482 2841 fuisse
1518 2787 1765 2847 Patribus
1814 2768 2015 2850 morem

489 2858 632 2914 Patri
685 2875 956 2932 gerentem
1008 2868 1201 2925 Filium
1259 2875 1582 2941 patriarchis
1643 2883 2012 2950 aspectabilem

488 2966 609 3004 sese
638 2954 943 3019 przehuisse,
975 2957 1193 3028 Deique,
1224 2964 1392 3032 angeli
1412 3005 1426 3030 ,
1455 2968 1537 3020 vel
1568 2968 1771 3024 Domini
1802 2974 2010 3028 nomina

485 3039 650 3094 fuisse
678 3046 956 3110 sortitum;
986 3056 1039 3101 et
1065 3063 1391 3121 quaecunque
1420 3053 1472 3106 in
1499 3054 1819 3113 Testamenti
1853 3059 2010 3114 Vete-

2125 1973 2178 2017 et
2206 1964 2497 2031 prophetas
2533 1964 2675 2015 Deus
2715 1960 2994 2014 bonitatis
3037 1974 3178 2017 sum
3224 1968 3291 2012 et
3334 1958 3548 2026 gratiae
3585 1958 3783 2010 divitias

2123 2052 2441 2119 profuderit,
2465 2061 2522 2105 et
2546 2060 2676 2105 tunc
2698 2050 2871 2104 etiam
2925 2050 3205 2120 μεσίτης
3235 2047 3524 2102 Christus
3550 2048 3785 2117 quodam.

2124 2142 2277 2195 modo
2316 2141 2512 2205 fuerit,
2546 2156 2614 2195 eo
2648 2150 2836 2195 tamen
2866 2155 2985 2193 non
3028 2140 3327 2211 respexit
3354 2140 3637 2208 Origenes
3658 2180 3672 2203 ,
3700 2138 3781 2191 scd

2121 2231 2418 2286 additiones
2450 2230 2569 2285 illas
2599 2238 2657 2285 et
2717 2231 3033 2285 reditiones
3085 2234 3362 2286 crebras
3414 2232 3489 2285 ad
3527 2230 3779 2292 homines.

2119 2335 2237 2374 cum
2283 2322 2445 2375 variis
2482 2322 2710 2376 indutus
2750 2321 2989 2388 formis,
3046 2332 3119 2377 et
3187 2338 3306 2393 per
3350 2323 3549 2377 varias
3580 2324 3782 2391 loquens

2117 2426 2371 2481 personas
2402 2412 2659 2466 mandata
2691 2412 2800 2469 illis
2832 2413 2934 2468 Dei
2990 2415 3295 2483 parentis
3348 2411 3623 2469 Christus
3648 2415 3779 2469 deie-

2117 2502 2298 2564 rebat;
2349 2501 2625 2570 praecipue
2660 2517 2832 2569 vero,
2873 2519 3009 2558 cum
3056 2504 3276 2573 legem
3324 2504 3517 2575 Moysi
3559 2506 3781 2569 tradidit,

2109 2590 2258 2659 juxta
2310 2590 2439 2644 illud
2470 2593 2723 2661 Apostoli
2760 2612 2774 2646 :
2818 2613 2838 2646 ι
2884 2595 3048 2661 Quid
3116 2597 3352 2669 igitur,
3380 2597 3521 2651 lex?
3573 2598 3782 2668 Pmpter

2116 2680 2580 2748 transgressiones
2608 2684 2787 2752 posita
2822 2694 2933 2753 est,
2969 2687 3189 2743 donec
3222 2691 3464 2745 veniret
3487 2706 3670 2746 semen
3703 2692 3781 2745 cui

2112 2770 2458 2838 promiserat.
2487 2774 2740 2828 ordinata
2774 2789 2876 2843 per
2900 2778 3172 2847 angelos
3205 2780 3269 2834 in
3318 2796 3500 2837 manu
3533 2782 3780 2837 Mediato-

2113 2861 2205 2914 ris.
2256 2860 2521 2917 Mediator
2566 2872 2753 2920 autem
2806 2867 2982 2924 unius
3032 2885 3173 2927 non
3230 2883 3368 2941 est;
3426 2875 3577 2930 Deus
3615 2887 3782 2931 autem

2112 2964 2247 3004 unus
2279 2960 2361 3006 est
2390 2952 2456 3005 “.
2497 2972 2517 3006 ι

2178 3036 2641 3098 V.'Referendum
2665 3043 2719 3099 id
2751 3060 2882 3101 esse
2911 3048 2988 3103 ad
3018 3049 3312 3123 Moysem
3350 3055 3493 3111 licet
3545 3058 3777 3112 arbitrati

484 3129 560 3182 ris
590 3130 805 3185 historia
845 3149 873 3187 a
916 3135 1022 3190 Deo
1051 3136 1188 3190 facta
1221 3139 1474 3208 legimus,
1506 3142 1694 3199 Filium
1742 3158 2008 3203 auctorem

2178 3132 2503 3195 ttnonnulli,
2531 3134 2755 3190 Christo
2782 3144 2975 3192 tamen
3019 3150 3511 3201 accommodant
3562 3150 3778 3217 Chrysoc

486 3218 752 3275 habuisse.
784 3223 1027 3279 Attamen
1070 3242 1174 3280 non
1210 3228 1262 3281 in
1293 3244 1354 3283 ea
1400 3233 1502 3286 sibi
1556 3245 1762 3291 constat
1800 3249 2011 3292 senten-

483 3306 555 3358 tia
584 3320 768 3363 noster
810 3310 1094 3381 Origenes,
1137 3332 1258 3369 nam
1307 3324 1521 3375 easdem
1574 3340 1781 3394 quoque
1833 3341 2009 3396 partes

484 3408 860 3464 nonnunquam
918 3401 1026 3455 Deo
1072 3403 1220 3457 Patri
1274 3406 1478 3461 videtur
1526 3413 1797 3477 assignare
1824 3431 1840 3470 :
1870 3418 2010 3470 velut

492 3482 671 3536 homil.
721 3485 755 3538 5
798 3488 851 3539 in
906 3488 1033 3543 Luc.
1065 3507 1083 3543 :
1117 3510 1135 3542 ε
1175 3492 1355 3546 Gratia
1400 3497 1524 3562 Dei,
1581 3500 1789 3568 inquit,
1821 3502 1920 3556 fuit
1952 3516 2009 3560 ut

481 3582 759 3635 appareret
804 3574 1097 3643 Abraham,
1150 3580 1230 3632 vel
1274 3583 1482 3637 caeteris
1532 3590 1803 3655 prophetis
1846 3605 1860 3641 :
1900 3606 2004 3645 non

482 3659 618 3723 quod
649 3662 835 3718 oculus
864 3673 1064 3719 tantum
1099 3670 1274 3723 cordis
1299 3672 1563 3728 Abraham
1607 3678 1655 3729 in
1690 3695 1846 3733 causa
1888 3682 2005 3736 l‘ue-

484 3751 570 3813 rit,
607 3759 662 3803 ut
692 3765 931 3809 cerneret
970 3757 1166 3823 Deum;
1196 3763 1287 3815 sed
1333 3765 1472 3831 quod
1503 3769 1674 3833 gratia
1730 3770 1822 3824 Dei
1868 3774 2004 3829 ultro

479 3853 538 3891 se
567 3842 922 3908 aspiciendam
951 3849 1245 3915 ’praahuerit
1298 3854 1410 3907 viro
1449 3856 1615 3924 justo.
1670 3859 1782 3914 Hoc
1826 3872 2000 3917 autem

477 3926 789 4011 non.solum
839 3945 998 3999 super
1028 3934 1136 3989 Deo
1166 3937 1324 3994 Patre
1372 3943 1655 4012 intelligas,
1705 3948 1797 4002 sed
1842 3951 2001 4005 etiam

474 4028 631 4080 super
656 4015 881 4073 Domino
911 4021 1205 4089 Salvatore,
1231 4037 1283 4083 et
1308 4045 1468 4100 super
1501 4033 1698 4103 Spiritu
1743 4050 1948 4095 sancto.
1974 4060 1995 4094 ι

545 4101 631 4160 lV.
673 4104 773 4172 Qui
804 4107 992 4164 Filium
1021 4112 1132 4180 Dei,
1162 4117 1464 4188 priusquam
1494 4101 1781 4180 humanum
1816 4129 2000 4185 indue.

474 4202 557 4245 ret
588 4208 798 4264 corpus,
832 4199 882 4251 in
913 4202 1133 4270 angelis,
1166 4207 1484 4274 patriarchis
1513 4221 1568 4266 et
1603 4216 1876 4281 prophetis
1904 4222 1999 4273 ad-

477 4284 637 4338 fuisse
669 4288 891 4355 dixerit;
920 4291 1010 4346 Dei
1035 4310 1244 4366 quoque
1270 4309 1324 4353 et
1350 4302 1622 4358 hominum
1653 4310 1996 4367 mediatorem

472 4377 597 4424 tunc
621 4371 801 4439 luisse,
834 4377 1209 4437 internuntium
1232 4424 1247 4449 ,
1270 4395 1323 4439 et
1342 4400 1673 4455 sequestrum
1701 4396 1879 4452 dicere
1906 4416 1997 4455 ue-

472 4473 621 4512 ccsse
666 4475 763 4516 est.
816 4465 960 4521 llane
1013 4473 1313 4538 dogmatum
1358 4485 1793 4549 consequentiam
1827 4492 1993 4546 tenuit

2201 4484 2421 4539 Paulutn
2475 4488 2910 4556 Samosatenum
2957 4523 2974 4560 :

471 4551 744 4622 Origenes,
773 4570 826 4610 et
852 4562 939 4627 qui
971 4563 1117 4630 prius
1139 4565 1264 4620 illud
1291 4582 1576 4642 posuerat,
1607 4574 1831 4631 alterum
1862 4595 1993 4648 quo-

475 4654 577 4704 que
607 4641 709 4696 hoc
738 4647 991 4702 decrevit.
1018 4649 1189 4707 Verba
1234 4657 1398 4723 ipsius
1440 4660 1692 4718 debemus
1730 4641 1990 4736 Apologia:

470 4826 668 4893 autem,
699 4818 890 4889 inquit,
922 4824 1004 4878 lex
1042 4826 1203 4898 Moysi
1248 4848 1340 4900 per
1377 4837 1591 4904 angelos
1636 4842 1689 4893 in
1741 4856 1897 4895 manu
1936 4852 1988 4897 et

464 4909 659 4963 virtute
689 4912 993 4968 mediatoris
1012 4916 1207 4972 Christi
1237 4921 1318 4986 ‘°;
1342 4927 1427 4989 qui
1458 4942 1575 4981 cum
1599 4940 1738 4984 esset
1763 4932 1815 4984 in
1841 4933 1986 5000 prin-

464 5000 605 5069 cipio
639 4998 866 5055 Verbum
900 5004 1023 5071 Dei,
1070 5018 1122 5061 et
1164 5013 1299 5079 apud
1345 5014 1508 5070 Deum
1536 5030 1708 5084 esset,
1750 5032 1803 5075 et
1842 4998 1986 5079 Deus

463 5103 600 5159 esset
647 5092 874 5148 Verbum
921 5096 999 5162 “,
1043 5097 1186 5155 Patri
1237 5104 1287 5155 in
1330 5109 1573 5164 omnibus
1646 5114 1982 5170 ministravit.

465 5186 648 5243 Omnia
696 5188 837 5241 enim
871 5204 963 5256 per
1005 5190 1168 5256 ipsum
1207 5193 1344 5259 facta
1394 5210 1509 5251 sunt
1537 5199 1600 5265 ⁸³,
1651 5202 1702 5257 id
1757 5214 1832 5259 est
1882 5223 1983 5259 non

459 5279 626 5331 solum
650 5289 928 5344 creature,
947 5282 1039 5334 sed
1068 5290 1123 5334 et
1144 5284 1245 5345 lex,
1271 5293 1323 5336 et
1354 5291 1650 5357 prophetae;
1679 5304 1736 5347 et
1765 5295 1984 5363 ipsemet

456 5377 538 5421 est
569 5372 824 5424 mediator
847 5370 939 5423 Dei
975 5380 1021 5424 et
1048 5371 1306 5425 hominum
1347 5376 1410 5431 “.
1458 5379 1606 5445 Quod
1661 5384 1884 5439 verbum
1934 5389 1983 5439 in

458 5458 562 5515 ﬁne
613 5464 822 5529 quidem
875 5462 1188 5517 saeculorum
1234 5467 1392 5521 homo
1461 5470 1631 5527 factus
1691 5484 1774 5529 est
1829 5472 1981 5529 Jesus

456 5546 733 5616 Christus,
765 5555 857 5607 sed
893 5562 1016 5607 ante
1041 5554 1183 5609 hunc
1214 5557 1552 5614 manifestum
1586 5564 1640 5617 in
1683 5579 1841 5618 carne
1878 5564 1976 5617 ad-

607 5663 807 5743 Daruch
838 5682 919 5743 ιιι,
947 5667 1034 5743 587.
1133 5673 1175 5703 ⁶⁰
1200 5671 1374 5729 Galat.
1409 5691 1491 5743 ιιι,
1522 5677 1604 5734 l9.

461 5727 503 5757 ⁸³
533 5730 699 5785 Colat.
731 5750 807 5803 ιιι,
845 5737 924 5803 l‘J,
956 5742 1042 5794 :0.

1699 5680 1739 5710 οι
1776 5677 1928 5737 .loan.
1962 5694 1976 5734 ι
2005 5720 2021 5750 ,
2054 5684 2104 5741 l.

2109 3227 2313 3275 stemus
2349 3231 2404 3276 et
2455 3222 2863 3296 Hieronymus,
2919 3231 3026 3298 qui
3099 3243 3303 3290 totam
3359 3250 3422 3293 et
3472 3241 3622 3311 ipse,
3663 3242 3773 3295 illud

2107 3307 2254 3364 Pauli
2308 3311 2717 3382 interpretans,
2772 3318 3053 3388 Origenis
3107 3326 3472 3383 doctrinam
3493 3307 3777 3401 amplexus

2105 3406 2206 3452 est.
2243 3397 2332 3455 Sic
2355 3403 2499 3456 enim
2535 3407 2655 3460 ait:
2698 3426 2717 3459 ι
2758 3407 3090 3479 Postquam
3125 3420 3216 3472 ob
3261 3432 3530 3476 nostram
3563 3397 3771 3479 salutem

2103 3487 2169 3542 de
2193 3487 2427 3561 Virginis
2459 3507 2614 3551 utero
2644 3498 2909 3568 dignatus
2954 3514 3052 3556 est
3087 3511 3275 3563 nasci
3306 3550 3325 3576 ,
3371 3514 3473 3567 Dei
3517 3525 3575 3568 et
3620 3516 3770 3568 homi-

2104 3600 2227 3637 num
2264 3586 2425 3642 homo
2457 3590 2709 3646 Christus
2734 3593 2905 3649 .lesus
2934 3613 3283 3667 sequester
3314 3617 3411 3661 est
3442 3609 3645 3664 dictus.
3670 3610 3767 3663 An-

2105 3681 2315 3740 tequam
2342 3690 2473 3730 vero
2509 3680 2811 3735 humanum
2850 3698 3078 3754 corpus
3127 3706 3486 3751 assumeret
3510 3738 3526 3762 ,
3560 3709 3613 3753 et
3644 3707 3771 3753 esset

2102 3764 2240 3830 apud
2271 3763 2487 3820 Patrem
2515 3769 2566 3821 in
2605 3772 2880 3839 principio
2914 3776 3079 3833 Deus
3128 3781 3415 3841 Verbum
3443 3827 3459 3851 ,
3491 3789 3561 3842 ad
3598 3804 3768 3842 omnes

2101 3862 2336 3920 sanctos,
2373 3858 2438 3909 ad
2474 3875 2608 3925 quos
2638 3859 2822 3918 factus
2847 3876 2939 3921 est
2970 3885 3192 3928 sermo
3224 3877 3361 3942 Dei,
3401 3879 3597 3934 Enoch
3641 3882 3769 3933 vide-

2101 3942 2243 4007 licet,
2277 3944 2409 4009 Noe,
2439 3948 2742 4017 Abraham,
2770 3956 2930 4012 Isaac
2956 3970 3024 4014 et
3049 3959 3283 4034 Jacob,
3320 3982 3383 4025 et
3410 3984 3607 4041 postea
3632 3974 3767 4043 Μογ-

2100 4046 2209 4086 sem
2239 4042 2295 4087 et
2322 4046 2548 4093 cunctos
2571 4045 2911 4113 prophetas,
2955 4066 3122 4121 quos
3170 4058 3502 4133 Scriptura
3540 4042 3765 4122 comme—

2101 4134 2305 4187 morat,
2333 4126 2449 4181 sine
2488 4130 2871 4192 additamento
2926 4141 3214 4206 hominis
3242 4192 3262 4218 ,
3312 4144 3492 4225 quem
3553 4163 3763 4215 necdum

2100 4225 2481 4283 assumpserat,
2520 4219 2792 4279 Mediator
2844 4238 3289 4299 tantummodo
3330 4219 3711 4320 nuncupatur.
3742 4271 3761 4301 ι

2102 4302 2204 4357 Sed
2237 4314 2296 4416 ett‘
2325 4307 2561 4377 episcopi
2600 4312 2678 4367 illi
2716 4332 2818 4372 sex
2854 4325 3194 4388 orthodoxi
3248 4302 3761 4416 Antiochensis?

2104 4396 2221 4448 uodi
2256 4395 2502 4465 Origenis
2527 4407 2945 4473 expositionem
2982 4427 3189 4479 secuti
3234 4442 3387 4486 sunt
3439 4436 3501 4488 in
3548 4404 3760 4505 epistula

2104 4486 2161 4505 .-.I
2202 4484 2415 4505 h.---|-—~—
2475 4488 2507 4505 τ’

3054 4512 3242 4569 ’Λλλὰ
3296 4521 3459 4593 μὴν,
3497 4527 3759 4598 inquiunt,

2095 4572 2185 4624 καὶ
2207 4574 2294 4625 τδν
2320 4575 2479 4645 νόμον
2509 4582 2714 4651 ὁμοίως
2743 4590 2974 4669 Μωῦσῇ
3006 4620 3214 4676 φαμεν
3253 4572 3761 4686 δὲδέξόέὶῖιὲιζιῐζ

2094 4667 2301 4731 νοῦντος
2330 4670 2422 4723 τοῦ
2438 4670 2569 4726 Υἱοῦ
2604 4676 2699 4730 τοῦ
2728 4680 2897 4752 Θεοῦ,
2939 4692 3028 4757 ὡς
3050 4699 3083 4749 ὁ
3132 4701 3498 4775 Ἀπόστολος
3528 4667 3763 4767 έιδάπχει

2094 4762 2262 4830 λέγων
2280 4780 2294 4793 ·
2337 4765 2397 4819 Tl
2415 4762 2528 4872 0ὗῖ
2556 4771 2590 4821 ό
2625 4774 2822 4843 νόμος
2839 4795 2860 4842 ;
2914 4785 3060 4839 τῶν
3110 4762 3761 4872 “paedagogiis;

2092 4856 2435 4966 προσεῇτέθη,
2470 4858 2747 4966 .οὗ
2769 4868 2932 4943 ἔλθῃ
2966 4879 3046 4933 τὸ
3080 4856 3355 4957 σπέρμα
3377 4886 3432 4957 ᾧ
3457 4856 3751 4966 sangu-

2092 4962 2183 5050 τξιι
2204 4986 2232 5050 ν’
2253 4946 2673 5050 διατοξτεὶειδί
2725 4960 3029 5031 ἀγγέλων
3091 4976 3175 5029 ἐν
3212 4946 3426 5050 ’,ἱερσί
3457 4946 3755 5043 Magia...

2093 5036 2333 5107 Μεσίτην
2362 5037 2470 5110 γὰρ
2502 5041 2663 5097 ἄλλον
2691 5050 2797 5103 οὐκ
2833 5053 3011 5125 ἴσμεν
3058 5036 3375 5124 Θεοῦῄκῖιὶ

2089 5126 2340 5227 ﬂectite!
2359 5146 2373 5160 ·
2395 5132 2786 5227 *διδασκόμεθα
2833 5147 2894 5200 δὲ
2925 5155 3035 5208 καὶ
3070 5164 3264 5219 ταῦτα.
3318 5126 3566 5224 διὰτξὲ

2282 5220 2458 5332 "fiqu
2568 5228 2722 5330 (ιὺτῷ
2752 5232 3007 5332 ᾇγγελος
3053 5251 3121 5305 ὲν
3147 5216 3557 5332 φιργιῖτξέᾶξ
3569 5216 3747 5317 eux-:5

2810 5304 2857 5307 ντ
2984 5304 3002 5309 -
3100 5304 3103 5305 ν
3159 5304 3280 5324 ι--νι
3304 5304 3320 5310 ν
3356 5304 3430 5314 η*
3481 5304 3541 5326 vv
3569 5304 3639 5317 νη
3671 5304 3744 5316 ’ν’

2094 5304 2274 5425 ξάτου,
2304 5323 2409 5368 etc.
2449 5333 2467 5366 ι
2497 5318 2636 5382 Quin
2690 5327 2863 5384 etiam
2900 5347 2971 5393 et.
3024 5340 3220 5412 legem
3264 5304 3552 5409 similirter
3587 5355 3744 5425 Moysi

2094 5397 2316 5425 ,ίηζηιηη
2351 5403 2511 5425 ειμι---
2560 5412 2573 5425 ι
2621 5424 2626 5425 ,
2853 5424 2861 5425 ,

2092 5396 2319 5518 di‘cimus
2351 5403 2519 5463 fuisse
2542 5412 2753 5485 datam,
2788 5424 3169 5493 ministrante
3198 5440 3349 5497 Filio
3378 5445 3484 5500 Dei
3509 5489 3525 5512 ,
3560 5396 3743 5518 quem-

2092 5498 2134 5518 ιιι
2162 5492 2372 5518 ιιιι.,1..-..
2422 5498 2498 5518 ι.Α
2543 5513 2553 5518 -
2602 5505 2615 5518 ι
2805 5515 2813 5518 .

2088 5485 2375 5607 aldiuodum
2405 5498 2559 5557 docet
2590 5505 2891 5577 Apostolus
2925 5521 3135 5583 dicens
3176 5547 3191 5584 :
3231 5533 3393 5599 Quid
3427 5485 3603 5607 ἰέμὶυῖ
3622 5540 3741 5594 la?

2098 5574 2594 5650 Transgressionum
2637 5608 2815 5669 gratia
2859 5628 2893 5679 ι)

2200 5695 2244 5727 ⁸³
2270 5698 2405 5758 ibid.
2436 5707 2493 5764 2.

2896 5617 3038 5671 osila
3066 5632 3173 5688 est,
3202 5624 3407 5690 [donec
3446 5635 3625 5687 veniat
3655 5648 3733 5686 sc-

2570 5714 2641 5793 ."
2675 5718 2697 5773 ι
2728 5721 2877 5781 Tim.
2907 5745 2975 5798 ιι,
3195 5740 3243 5771 ⁸⁵
3283 5740 3468 5801 Rom.
3509 5762 3608 5813 vn,
3642 5745 3722 5800 l2.
