3894 6450
1058 453 1607 513 οκιοΕΝιΑΝοιιυΜ
1644 452 1770 508 LIB.
1806 450 1877 516 ll,
1915 449 2063 506 CAP.
2101 449 2164 516 ll,
2204 449 2475 517 QUEST.
2514 450 2600 506 Ill.

3281 447 3422 501 .806

235 566 403 625 odisti
449 565 803 635 iniquitatem
833 589 847 624 ε
879 580 1158 640 propterea
1190 573 1341 626 unxit
1368 581 1418 626 te
1460 572 1617 633 Deus,
1660 570 1795 623 Deus
1822 573 1865 627 Α
1884 563 2246 631 proferemus,
2293 563 2625 631 suspiciones
2644 561 2823 629 potius
2868 568 3099 625 nostras,
3123 574 3280 628 quam
3312 576 3425 615 ma-

236 668 391 723 tuus,
428 655 549 710 oleo
582 656 789 713 latitia;
839 674 950 728 pra:
997 661 1328 714 consortibus
1373 661 1498 713 tuis.
1527 677 1545 711 ι
1600 656 1785 710 Totam

233 761 409 819 porro
438 747 598 802 istam
627 748 881 819 Origenis
917 750 1339 803 dissertationem
1386 750 1565 804 iisdem
1598 761 1789 817 prope-

235 838 469 892 modum
504 839 796 905 repetitam
826 840 1003 894 verbis
1038 840 1271 907 reperias
1314 840 1366 892 in
1400 847 1665 907 postrequ
1698 852 1790 892 ca-

229 926 356 995 pite
406 927 577 983 libelli
633 927 711 982 De
764 931 954 983 deitate
999 938 1047 983 et
1086 929 1440 982 incarnatione
1496 925 1680 990 Verbi,
1725 927 1792 980 ad

230 1016 602 1081 Ianuarium;
630 1019 725 1086 qui
750 1018 958 1073 libellus
984 1018 1321 1088 Origenianis
1345 1004 1655 1087 fragmentis
1680 1016 1792 1071 fere

231 1114 491 1171 constat,
534 1116 590 1161 et
635 1109 703 1160 ad
733 1108 935 1162 calcem
982 1108 1152 1176 quarti
1204 1108 1328 1160 tomi
1379 1107 1654 1174 Augustini
1700 1108 1793 1159 ad-

227 1195 395 1265 iungi
452 1196 617 1252 sciet.
662 1198 839 1265 Atque
892 1198 1028 1251 hanc
1077 1198 1406 1260 doctrinam,
1455 1196 1793 1266 quantumvis

233 1290 539 1353 absonam,
569 1289 728 1343 avide
756 1290 1092 1358 arripuerunt
1117 1288 1387 1358 Pelagiani
1412 1296 1465 1341 et
1501 1302 1794 1356 propugna-

234 1391 395 1435 rent.
452 1378 728 1434 Locorum
778 1380 1055 1448 Origenis,
1107 1378 1297 1447 quibus
1359 1391 1419 1431 ea
1476 1378 1792 1439 continetur,

226 1470 455 1539 primus
512 1477 697 1524 exstat
737 1477 863 1525 tom.
908 1485 925 1523 ι
970 1470 1023 1523 in
1066 1468 1250 1531 Joan.,
1296 1480 1442 1519 num.
1487 1467 1598 1520 37:
1642 1466 1797 1519 Ἀλλά

225 1559 325 1614 καὶ
356 1558 512 1630 ἀνὴρ
546 1558 686 1626 πρὸς
717 1560 923 1620 τούτοις
949 1557 1157 1625 λέγεται
1182 1556 1349 1610 ὀπίσω
1383 1554 1618 1609 Ἰωάννου
1645 1556 1795 1627 ἐρχό-

231 1666 425 1721 μενος,
456 1648 767 1720 ἔμπροσθεν
792 1649 954 1700 αὐτοῦ
982 1648 1353 1718 γεγενημένος,
1381 1650 1470 1703 καὶ
1503 1648 1604 1717 πρὸ
1636 1645 1794 1699 αὑτοῦ

227 1740 325 1803 ὢν,
358 1740 459 1791 ἵνα
492 1737 829 1808 διωχθῶμεν
866 1737 1070 1790 καὶτὸν
1097 1737 1374 1808 ἄνθρωπον
1413 1739 1506 1793 τοῦ
1540 1737 1668 1790 Υἱοῢ
1703 1735 1795 1789 τοῦ

224 1829 395 1893 Θεοῦ,
432 1831 534 1883 τὸν
579 1833 647 1900 τῇ
692 1830 903 1898 θεότητι
948 1829 1109 1883 αὐτοῦ
1161 1831 1635 1902 ἀνακεκραμμένον
1676 1844 1798 1898 πρε-

1893 653 2137 707 nifestius
2193 651 2566 705 allirmationes
2618 652 2669 705 in
2739 652 2966 705 medium
3017 651 3360 720 proferentes.
3395 670 3415 703 ι

1891 742 2020 809 Quze
2071 757 2101 794 a
2153 740 2345 799 Rufino
2385 742 2595 793 adtexta
2623 742 2939 808 suspicarer,
2965 740 3138 794 sinon
3175 741 3424 801 derrebus

1890 830 2133 886 obscuris
2191 830 2552 899 disputaturus
2609 828 2861 898 Origenes
2920 830 2989 884 ita
3055 830 3264 899 prtefari
3330 842 3422 884 so-

1890 922 2043 977 leret.

1961 1012 2091 1067 VIII.
2128 1009 2477 1067 Nihilominus
2525 1020 2709 1064 tamen
2753 1025 2820 1064 ne
2852 1011 2932 1064 sic
2965 1011 3175 1080 quidem
3228 1011 3424 1066 multo-

1893 1117 2007 1157 rum
2057 1102 2512 1156 criminationibus
2552 1100 2651 1155 fuit
2698 1100 2963 1154 immunis.
3010 1101 3195 1169 Carpit
3251 1102 3424 1170 ipsum

1892 1191 2214 1261 Theophilus
2260 1192 2362 1245 int
2406 1191 2596 1245 Pasch.
2649 1194 2837 1259 epist.,
2885 1190 3023 1258 quod
3076 1193 3141 1245 ad
3192 1193 3423 1245 nimam

1890 1279 2085 1334 Christi
2137 1280 2374 1334 retulerit
2417 1280 2555 1334 istud
2604 1280 2750 1333 Pauli
2792 1280 3019 1347 Philipp.
3047 1295 3117 1343 ιι,
3148 1282 3217 1334 7:
3261 1299 3281 1334 ι
3311 1281 3424 1337 Non

1893 1371 2133 1437 rapinam
2177 1369 2465 1423 arbitratus
2499 1378 2580 1422 est
2617 1384 2733 1424 esse
2780 1384 2838 1423 se
2875 1368 3129 1437 aequalem
3166 1370 3294 1435 Deo,
3333 1372 3426 1427 sed

1893 1459 2234 1527 semetipsum
2284 1458 2577 1512 exinanivit
2624 1460 2844 1513 formam
2883 1460 3021 1513 servi
3072 1460 3370 1528 accipiens;
3399 1480 3420 1514 ι

1895 1547 2032 1601 unde
2073 1546 2339 1602 concludit
2370 1547 2566 1602 Christi
2600 1550 2829 1601 animam
2876 1547 3128 1615 aequalem
3163 1550 3269 1601 Deo
3301 1548 3425 1602 Ori-

1896 1652 2079 1707 genem
2131 1638 2453 1704 credidisse,
2501 1653 2561 1692 ac
2605 1638 2831 1707 aquales
2881 1637 3103 1706 proinde
3150 1637 3427 1690 hominum

1896 1727 2121 1792 animas,
2173 1740 2290 1795 quae
2341 1728 2573 1797 ejusdem
2625 1737 2746 1781 sunt
2794 1727 3104 1781 substantias
3148 1741 3210 1781 ac
3252 1727 3427 1781 anima

1896 1815 2127 1879 Christi,
2160 1816 2451 1885 ipsumque
2500 1815 2727 1869 Verbum
2767 1818 3069 1885 neutiquam
3097 1818 3161 1870 ad
3194 1824 3425 1881 terrena,

226 1918 514 1989 υϐὐτερον
540 1912 677 1972 εἶναι
703 1919 799 1989 τῆς
822 1921 884 1973 ἐκ
907 1920 1122 1991 Μαρίας
1146 1919 1417 1986 γενέσεως.
1438 1919 1581 1973 Alter
1594 1917 1812 1971 habetur

1910 1907 2000 1960 sed
2035 1904 2197 1961 solam
2234 1904 2346 1973 ejus
2376 1906 2601 1958 animam
2634 1906 2859 1960 venisse.
2887 1906 3057 1974 Atque
3103 1906 3299 1958 utinam
3345 1908 3427 1960 vel

230 2021 385 2066 temo
431 2024 511 2062 xx
547 2019 820 2076 sequenti,
854 2025 1001 2064 num.
1031 2011 1131 2063 l7:
1172 2011 1281 2063 υὺκ
1323 2010 1583 2078 ἀζήτητον
1619 2007 1673 2060 δὲ
1704 2010 1790 2059 ὲα-

229 2098 353 2152 τέον
382 2097 485 2150 τὸν
516 2097 704 2160 τόπον,
729 2098 823 2150 καὶ
863 2100 940 2159 εἰς
976 2097 1065 2149 τὸν
1091 2099 1215 2168 περὶ
1245 2097 1414 2166 ψυχῆς
1443 2094 1616 2163 λόγον.
1648 2095 1796 2164 Τάχα

227 2187 337 2257 γὰρ
371 2188 412 2258 ἡ
463 2186 568 2256 μὲν
593 2184 687 2238 τοῦ
717 2184 846 2238 Υἱοῦ
880 2186 1020 2255 ψυχὴ
1057 2186 1113 2239 ὲν
1143 2188 1206 2257 τῇ
1249 2185 1439 2255 ἑαυτῆς
1468 2185 1797 2254 τυγχάνουσα

230 2277 347 2335 τελε
359 2277 572 2345 εὸτητι,
599 2274 658 2328 ὲν
689 2273 806 2345 Θεῷ
843 2276 934 2328 καὶ
970 2271 1044 2345 τῷ
1069 2275 1386 2346 πληρώματι
1414 2270 1498 2344 ἦν,
1529 2275 1619 2327 καὶ
1660 2275 1799 2327 ἐκεῖ-

230 2365 321 2419 θεν
371 2362 776 2433 ὲξεληλυθυϊα,
808 2361 885 2431 τῷ
929 2362 1255 2416 ἀπεστάλθαι
1297 2363 1403 2416 ἀπὸ
1438 2361 1529 2415 eoi;
1562 2361 1794 2431 Πατρδς,

230 2454 480 2508 ἁνέλαὸε
519 2453 583 2505 τὸ
622 2454 686 2504 ὲκ
715 2452 815 2520 τῆς
841 2451 1057 2523 Μαρίας
1095 2450 1267 2520 σῶμα.
1298 2450 1457 2504 Libro
1499 2465 1623 2504 vero
1649 2466 1684 2503 II
1726 2449 1798 2502 De

233 2546 504 2617 princip.,
544 2556 665 2610 cap.
689 2541 743 2602 ϐ,
774 2556 920 2595 num.
948 2542 981 2595 5
1009 2550 1062 2595 et
1101 2541 1167 2604 4,
1209 2548 1261 2594 et
1293 2540 1383 2594 lib.
1426 2554 1442 2593 t
1480 2552 1657 2594 contra
1693 2539 1798 2593 Cel-

234 2651 378 2697 sum,
410 2648 576 2688 num.
607 2632 678 2687 52
704 2642 758 2686 et
788 2631 878 2695 33,
916 2630 1083 2684 fusius
1113 2630 1248 2684 idem
1298 2637 1486 2682 tractat
1524 2644 1799 2696 argumen-

235 2735 376 2787 tum,
414 2730 772 2789 mentemque
801 2734 951 2774 suam
984 2719 1183 2771 diserte
1223 2717 1496 2786 proponit;
1531 2730 1644 2784 quae
1670 2729 1799 2783 quo-

233 2812 386 2867 niam
422 2824 587 2880 :equo
617 2809 905 2877 prolixiora
933 2815 1075 2869 sunt,
1107 2816 1158 2858 ut
1200 2806 1455 2860 lectorum
1487 2813 1800 2860 occurratur

235 2902 497 2963 fastidio,
547 2898 757 2955 referre
807 2897 1147 2965 supersedeo.
1174 2896 1508 2949 Adducemus
1534 2908 1594 2948 ea
1628 2892 1796 2948 solum

235 3007 359 3062 qua:
397 3008 436 3046 e
468 2991 614 3045 libro
659 2988 846 3043 eodem
895 2985 1032 3053 Περὶ
1073 2984 1289 3052 ἀρχῶν,
1324 2999 1439 3052 cap.
1468 2983 1521 3046 6,
1568 2998 1714 3036 num.
1741 2983 1798 3046 4,

236 3081 596 3152 deprompsit
630 3077 960 3132 Justinianus
1002 3076 1066 3127 ad
1101 3075 1297 3128 calcem
1332 3073 1568 3141 epistolae
1592 3073 1654 3124 ad
1692 3071 1795 3126 Me-

235 3188 361 3228 nam
397 3190 414 3226 :
456 3168 557 3221 Διὰ
589 3166 747 3220 τοῦτο
793 3165 883 3219 καὶ
926 3164 1199 3235 ἄνθρωπος
1237 3163 1419 3230 γέγονε
1461 3162 1709 3232 Χριστὸς,
1742 3161 1801 3224 ἐξ

1899 1995 2010 2065 ipsa
2042 1996 2285 2064 Origenis
2319 1998 2475 2050 verba
2507 2005 2939 2064 repraesentasset
2969 1995 3308 2062 The0pbilus,
3340 1998 3426 2052 vel

1898 2087 1964 2140 ad
2004 2089 2113 2155 ipsa
2146 2086 2259 2141 loca
2300 2087 2441 2140 unde
2484 2087 2595 2140 haec
2645 2094 2862 2156 excepta
2898 2094 3053 2150 sunt,
3086 2087 3300 2155 digitum
3347 2087 3429 2140 in-

1902 2177 2189 2243 tendisset;
2226 2175 2433 2229 facilius
2474 2176 2681 2244 quidem
2712 2185 2765 2231 et
2799 2177 2994 2231 certius
3023 2176 3263 2247 Origenis
3309 2190 3431 2231 sen-

1899 2279 2013 2318 sum
2044 2264 2470 2332 pervideremus;
2502 2279 2687 2320 vereor
2713 2267 2853 2320 enim
2886 2276 2941 2319 ut
2974 2267 3270 2320 vehementi
3303 2280 3430 2321 con-

1899 2353 2092 2407 citatus
2145 2352 2286 2417 odio,
2316 2353 2393 2407 sic
2440 2355 2576 2408 enim
2611 2364 2758 2420 erat,
2804 2356 2934 2410 satis
2982 2357 3117 2410 bona
3164 2356 3265 2411 fide
3309 2371 3429 2411 cum

1898 2441 2211 2505 Adamantio
2255 2443 2442 2507 egerit.
2480 2442 2694 2497 Certum
2728 2458 2840 2511 est,
2883 2460 3002 2500 cum
3042 2464 3059 2497 ι
3088 2448 3429 2516 semetipsum

1901 2532 2197 2586 exinaniret
2224 2549 2242 2583 ι
2280 2532 2546 2597 Christus,
2573 2535 2705 2587 nihil
2749 2536 3046 2590 detrimenti
3076 2551 3283 2605 passam
3314 2538 3428 2604 ejus

1900 2623 2260 2685 divinitatem,
2326 2625 2415 2677 sed
2486 2624 2650 2678 solam
2718 2629 3093 2681 humanitatem
3161 2627 3429 2685 laboribus

1904 2712 2064 2766 fuisse
2108 2712 2422 2778 obnoxiam;
2456 2713 2604 2781 cujus
2644 2729 2762 2767 cum
2797 2716 3058 2783 praecipua
3106 2731 3227 2784 pars
3253 2717 3428 2770 anima

1901 2800 1989 2867 sit,
2015 2802 2280 2869 angustias
2304 2801 2391 2854 illa
2417 2802 2662 2856 sustinuit
2680 2814 2732 2857 et
2752 2805 2980 2870 dolores,
2998 2821 3061 2860 ac
3083 2825 3100 2857 ι
3120 2806 3379 2859 exinanita
3401 2824 3422 2858 ι

1900 2893 2120 2959 proinde
2149 2892 2249 2946 hoc
2278 2906 2433 2946 sensu
2465 2893 2565 2947 dici
2605 2904 2797 2961 potest,
2828 2904 2881 2948 et
2909 2911 2938 2948 e
2967 2909 3173 2948 summo
3217 2895 3304 2947 illo
3351 2894 3429 2949 fe-

1900 2980 2112 3036 licitatis
2155 2982 2317 3051 gradu
2373 2982 2604 3051 dejecta,
2650 2998 2755 3051 quo
2803 2984 3020 3052 petitam
3070 2982 3233 3037 fuisse
3270 2976 3426 3037 illam

1901 3076 2103 3128 censuit
2147 3073 2435 3143 Origenes,
2475 3090 2597 3128 cum
2643 3077 2843 3144 irrupto
2885 3076 3081 3129 amoris
3140 3090 3276 3129 nexu
3324 3074 3429 3129 Deo

1900 3164 2198 3230 conjuncta,
2239 3164 2467 3218 nondum
2520 3166 2747 3219 humano
2791 3165 2998 3234 corpori
3044 3179 3161 3219 sese
3206 3165 3429 3218 immer-

238 3256 746 3328 ἀνδραγαθήματος
779 3252 963 3305 τούτου
994 3251 1188 3322 τυχὼν,
1221 3251 1295 3313 ὡς
1326 3252 1589 3321 μαρτυρεῖ
1622 3251 1650 3301 ὁ
1672 3251 1808 3319 Προ-

1908 3254 2085 3308 sisset.
2123 3252 2278 3319 Quod
2323 3253 2397 3306 ait
2437 3268 2562 3322 ergo
2605 3254 2887 3324 Apostolus
2923 3272 2938 3308 :
2977 3272 2994 3304 ι
3027 3253 3135 3307 Hoc
3178 3252 3432 3321 intelligat

238 3347 428 3416 φὴτης
470 3342 682 3409 λέγων·
722 3338 1060 3407 ’Πγάπησας
1104 3337 1505 3402 δικαιοσύνην,
1558 3336 1653 3387 καὶ
1694 3336 1806 3405 ἐμί-

238 3451 456 3503 σησας
498 3432 776 3500 ἀνομίαν,
804 3429 898 3481 διὰ
934 3428 1104 3481 τοῦτο
1151 3426 1351 3496 ἓχρισέ
1399 3442 1471 3478 σε
1506 3429 1537 3479 ό
1586 3424 1743 3491 Θεὸς,
1775 3429 1808 3480 ὁ

242 3529 395 3592 aede
413 3540 538 3579 σου
559 3524 767 3576 ἔλαιον
783 3517 1183 3586 ἀγαλλιάσεως
1203 3515 1353 3583 παρὰ
1371 3514 1507 3579 τοὺς
1524 3515 1807 3582 μετόχους

241 3630 382 3672 σου.
431 3615 686 3681 Ἔπρεπε
734 3610 789 3662 δὲ
835 3609 923 3660 τὸν
971 3606 1224 3677 μηδέποτε
1273 3605 1660 3676 κεχωρισμένον
1711 3603 1804 3656 τοῦ

244 3699 600 3769 Μονογενοῦς
630 3693 1060 3766 σγα-(χρηματίσαι
1090 3691 1164 3760 τῷ
1191 3692 1474 3758 Μονογενεῖ
1504 3692 1594 3743 καὶ
1632 3690 1808 3743 συνδο-

245 3794 522 3863 ξασθῆναι
575 3787 744 3856 αὐτῷ.
787 3806 805 3837 ι
838 3786 1034 3838 Ιιιοίγοο
1064 3790 1116 3836 et
1148 3783 1305 3835 homo
1344 3782 1513 3835 factus
1542 3792 1625 3836 est
1661 3784 1810 3835 Chri-

245 3896 387 3944 stus,
422 3894 527 3934 suo
562 3877 755 3930 merito
784 3875 880 3927 hoc
911 3871 1148 3933 sortitus,
1183 3880 1236 3921 ut
1270 3869 1529 3936 Propheta
1563 3879 1803 3934 testatur,

246 3972 513 4039 inquiens
543 3990 555 4024 :
592 3964 835 4020 Dilexisti
859 3963 1151 4029 justitiam,
1189 3969 1236 4013 et
1273 3960 1425 4012 odisti
1466 3960 1804 4029 iniquitatem,

244 4069 537 4129 prapterea
566 4056 716 4108 unxit
741 4062 790 4105 te
820 4052 974 4116 Deus,
1005 4049 1143 4102 Deus
1175 4058 1312 4111 tuus,
1347 4046 1454 4100 oleo
1485 4046 1674 4101 lwtitiw
1700 4064 1807 4113 prce

246 4146 603 4217 participibus
631 4144 734 4196 tuis
758 4141 824 4194 ".
848 4138 1073 4193 Docebat
1098 4136 1352 4204 siquidem
1386 4135 1527 4188 illum
1558 4135 1646 4202 qui
1676 4150 1809 4188 nun-

247 4256 420 4312 quam
455 4241 526 4291 ab
552 4233 838 4303 Unigenito
862 4238 1133 4298 separatus
1153 4235 1251 4289 est,
1272 4226 1589 4280 coexsistere
1615 4222 1808 4294 Unige-

250 4332 400 4391 nite,
423 4338 478 4383 et
513 4341 619 4380 una
654 4337 776 4378 cum
814 4322 928 4390 ipso
960 4316 1396 4387 conglorilicari.»

324 4419 444 4473 νιι.
487 4416 645 4482 Quod
684 4413 727 4466 si
780 4411 899 4479 quis
949 4407 1095 4463 falsis
1134 4406 1236 4461 illis
1269 4404 1511 4475 Origenis
1558 4403 1809 4459 assertio-

248 4513 422 4565 nibus
451 4511 827 4563 commovetur
865 4499 1244 4560 vehementius,
1272 4496 1347 4550 sic
1380 4496 1651 4564 pmfatum
1688 4509 1807 4549 eum

1904 3344 2262 3411 unusquisque
2293 3343 2343 3396 in
2378 3343 2550 3407 nobis,
2587 3346 2724 3411 quod
2750 3353 2803 3398 et
2834 3345 2884 3397 iu
2915 3343 3125 3399 Christo
3143 3342 3297 3407 Jesu;
3337 3343 3429 3410 qui

1902 3446 2020 3486 cum
2064 3432 2115 3484 in
2152 3431 2322 3485 forma
2356 3432 2446 3485 Dei
2496 3442 2669 3497 esset,
2716 3449 2821 3487 non
2859 3434 3098 3501 rapinam
3147 3434 3431 3487 arbitratus

1902 3530 1986 3575 est
2016 3535 2133 3575 esse
2158 3535 2217 3576 se
2244 3521 2502 3591 aequalem
2549 3522 2678 3586 Deo,
2720 3524 2831 3576 sed
2864 3523 3202 3589 semetipsum
3246 3521 3432 3575 exina-

1905 3609 2040 3663 nivit
2071 3610 2293 3664 formam
2323 3612 2461 3665 servi
2509 3612 2800 3681 accipiens,
2828 3630 2846 3663 i
2896 3611 3036 3666 facili
3083 3612 3292 3680 negotio
3336 3626 3431 3665 ex-

1903 3700 2126 3768 plicatur
2168 3702 2232 3753 ad
2268 3711 2496 3755 mentem
2524 3698 2790 3771 Origenis.
2816 3700 3082 3756 Christum
3126 3702 3199 3754 ait
3241 3700 3431 3755 Paulus

1903 3803 2020 3842 cum
2048 3790 2099 3843 in
2131 3789 2298 3843 forma
2334 3791 2425 3845 Dei
2458 3801 2618 3855 esset,
2642 3790 2855 3860 Deoque
2886 3791 3122 3860 aequalis,
3153 3806 3254 3845 non
3280 3791 3431 3860 juxta

1903 3876 2311 3944 humanitatem,
2338 3881 2430 3934 sed
2451 3877 2600 3945 juxta
2630 3892 2870 3934 naturam
2899 3896 3047 3936 suam
3069 3881 3320 3947 divinam,
3346 3896 3432 3936 se-

1904 3965 2069 4034 ipsum
2096 3968 2468 4032 exinanivisse,
2495 3977 2548 4023 et
2575 3972 2715 4024 servi
2746 3970 2971 4024 formam
3006 3972 3293 4038 accepisse,
3324 3983 3431 4026 non

1900 4056 2049 4124 juxta
2080 4056 2409 4110 divinitatem
2442 4073 2613 4125 suam,
2655 4059 2746 4113 sed
2786 4060 2936 4128 juxta
2968 4060 3249 4113 humanam
3278 4069 3431 4113 natu-

1904 4160 2039 4211 ram,
2064 4143 2214 4212 cujus
2252 4146 2478 4213 priorem
2522 4148 2695 4201 anima
2729 4147 2899 4202 locum
2944 4156 3103 4202 tenet.
3143 4147 3255 4213 Quo
3293 4148 3431 4202 refe-

1904 4234 2121 4289 rendum
2152 4234 2278 4288 illud
2310 4234 2503 4290 Christi
2531 4249 2548 4288 :
2590 4254 2609 4287 ι
2641 4222 2829 4293 Tristis
2861 4246 2944 4292 est
2979 4237 3154 4290 anima
3195 4251 3310 4291 mea
3341 4251 3430 4292 us-

1903 4339 2005 4393 que
2032 4326 2095 4378 ad
2142 4334 2364 4380 mortem
2388 4326 2453 4379 ⁶⁸.
2482 4344 2500 4377 ι
2542 4324 2635 4380 His
2674 4327 2726 4380 in
2772 4327 3167 4381 accommodem
3212 4341 3427 4383 sensum

1906 4417 1979 4470 ita
2014 4416 2229 4471 deﬂexis
2275 4417 2575 4471 retunditur
2618 4416 2891 4487 Theophili
2928 4417 3266 4487 Oppugnatio,
3306 4435 3427 4474 cum

1907 4508 2200 4574 praesertim
2226 4510 2352 4561 satis
2386 4507 2595 4562 aliunde
2620 4515 2825 4561 constet
2866 4522 2963 4576 pro
2987 4518 3136 4562 certo
3182 4507 3429 4563 habuisse

254 4601 429 4656 fuisse
459 4596 601 4651 sciat
632 4594 725 4647 lib.
752 4608 786 4645 ιι
816 4589 949 4657 Περὶ
982 4587 1196 4657 ἀρχῶν,
1229 4601 1343 4654 cap.
1372 4585 1424 4650 6,
1457 4600 1603 4638 num.
1624 4584 1681 4647 2,
1710 4600 1806 4638 an-

1905 4597 2184 4664 Origenem
2232 4596 2468 4651 Verbum
2516 4597 2609 4651 Dei
2659 4610 2875 4651 carnem
2918 4598 2968 4650 in
3012 4595 3223 4651 Christo
3267 4597 3431 4651 fuisse

253 4699 482 4756 teqnam
538 4684 607 4739 ad
654 4680 1022 4747 explicandum
1075 4674 1450 4730 Incarnationis
1498 4674 1805 4742 mysterium

255 4778 594 4833 accederet:
626 4790 646 4823 ι
673 4772 800 4835 Quae
843 4768 1054 4836 quidem
1103 4766 1153 4818 in
1189 4778 1341 4817 aures
1382 4762 1638 4815 humanas
1680 4777 1805 4830 pro~

258 4869 432 4931 ferre,
461 4876 519 4919 et
558 4861 891 4917 sermonibus
929 4854 1211 4925 explicare,
1239 4852 1391 4916 longe
1420 4850 1560 4905 vires
1587 4851 1668 4905 vel
1697 4866 1806 4905 me-

258 4960 354 5014 riti
391 4954 587 5017 uestri,
612 4952 693 5006 vel
728 4948 920 5019 ingenii
952 4961 1012 5000 ac
1042 4943 1297 5000 sermonis
1318 4940 1539 4995 excedit.
1567 4942 1807 4996 Arbitror

260 5060 452 5104 autem
502 5045 630 5112 quia
674 5042 834 5096 etiam
882 5046 1181 5092 sanctorum
1214 5031 1565 5102 apostolorum
1614 5044 1801 5098 super-

261 5141 553 5211 grediatur
601 5143 940 5186 mensuram:
975 5126 1208 5194 quinimo
1241 5122 1396 5174 etiam
1435 5119 1671 5173 fortassis
1718 5127 1802 5173 to-

266 5210 385 5286 tius
431 5234 700 5281 creaturze
732 5218 1023 5275 ctelestium
1074 5215 1322 5267 virtutum
1373 5210 1683 5263 eminentior
1724 5218 1807 5264 est

266 5314 605 5373 sacramenti
642 5313 792 5365 iatius
819 5304 1130 5377 explanatio.
1165 5302 1237 5355 De
1260 5314 1363 5368 quo
1389 5312 1482 5352 nos
1513 5312 1612 5350 non
1643 5306 1807 5352 teme-

268 5410 440 5462 ritate
471 5406 672 5472 aliqua,
718 5401 806 5454 sed
850 5396 1107 5466 quomodo
1144 5393 1271 5444 ordo
1304 5389 1399 5442 loci
1447 5388 1713 5456 deposcit,
1741 5403 1803 5442 ea

269 5499 452 5565 magis
496 5489 784 5562 quaclides
831 5497 1008 5541 nostra
1055 5484 1320 5543 continet,
1364 5493 1517 5545 quam
1568 5479 1805 5531 humana:

271 5587 512 5643 rationis
543 5580 767 5635 assertio
807 5578 1070 5630 vindicare
1103 5574 1251 5635 solet,
1289 5583 1442 5637 quam
1472 5568 1803 5635 paucissimis

353 5759 400 5790 "
441 5752 582 5810 Psal.
638 5766 775 5815 κων,
820 5748 870 5804 8.
942 5750 983 5781 ⁸⁸
1022 5747 1181 5801 Marc.
1226 5739 1443 5806 x1v,34.

1902 4685 2119 4742 factum.
2150 4686 2367 4739 Millium
2400 4687 2567 4740 instar
2595 4688 2698 4741 erit
2739 4703 2899 4741 unum
2934 4689 2986 4743 id
3030 4687 3143 4756 ejus
3189 4688 3428 4742 testimo-

1902 4774 2044 4826 nium
2069 4791 2098 4828 e
2123 4777 2378 4843 prooemio
2404 4776 2456 4830 in
2486 4776 2578 4831 lib.
2608 4776 2679 4830 De
2702 4779 2944 4845 princip.,
2972 4794 3116 4833 num.
3139 4778 3176 4834 4
3205 4800 3217 4834 :
3258 4796 3276 4830 ι
3303 4778 3430 4847 Spe-

1908 4863 2019 4916 cies
2053 4878 2180 4917 vero
2224 4879 2409 4919 eorum
2434 4880 2552 4934 quae
2594 4880 2688 4934 per
2720 4868 3141 4934 praedicationem
3181 4867 3430 4936 apostoli-

1901 4965 2014 5005 cam
2050 4953 2323 5009 manifeste
2360 4955 2657 5017 tradnntur,
2689 4956 2803 5009 ista:
2841 4964 2981 5010 sunt.
3004 4996 3018 5009 .
3041 4997 3055 5009 .
3077 4993 3089 5008 .
3116 4958 3238 5026 quia
3276 4952 3429 5010 Jcsus

1900 5041 2140 5096 Christus
2190 5043 2300 5112 ipse
2349 5042 2437 5113 qui
2477 5044 2650 5109 venit,
2698 5052 2820 5097 ante
2866 5058 3077 5097 omnem
3131 5052 3429 5098 creauiram

1903 5140 2060 5184 natus
2088 5147 2152 5187 ex
2186 5133 2339 5188 Patre
2366 5142 2466 5190 est.
2492 5133 2591 5199 Qui
2625 5148 2742 5188 cum
2771 5133 2824 5187 in
2854 5136 3086 5187 omnium
3129 5132 3430 5187 conditione

1904 5220 2045 5273 Patri
2084 5224 2429 5277 ministrasset
2489 5226 2611 5292 (per
2654 5224 2819 5292 ipsum
2871 5223 3008 5274 enim
3069 5222 3241 5273 omnia
3290 5218 3429 5284 facta

1905 5320 2021 5362 sunt
2046 5311 2133 5376 θ’),
2158 5313 2451 5366 novissimis
2485 5314 2799 5384 temporibus
2824 5311 3053 5379 seipsum
3098 5306 3427 5367 exinaniens,

1906 5400 2067 5454 homo
2105 5400 2276 5456 factus
2328 5403 2630 5458 incarnatus
2691 5412 2771 5457 est
2820 5417 2935 5456 cum
2985 5400 3119 5451 Deus
3165 5405 3332 5456 esset,
3377 5403 3433 5447 et

1907 5487 2060 5545 homo
2111 5489 2277 5542 factus
2314 5492 2509 5544 mansit
2558 5494 2694 5558 quod
2744 5498 2857 5543 erat
2913 5488 3082 5549 Deus,
3109 5502 3128 5535 ι
3160 5494 3290 5543 ειη-,ς
3326 5480 3429 5531 nisi

1904 5579 2019 5644 quis
2068 5578 2200 5634 forte
2244 5580 2353 5635 haec
2397 5595 2426 5633 a
2476 5579 2666 5634 Ruﬁno
2708 5580 2987 5646 depravata
3036 5581 3303 5629 causetur.
3338 5565 3435 5620 His

1532 5742 1576 5776 "
1614 5741 1763 5801 Joan.
1804 5760 1851 5811 ι,
1876 5744 1929 5800 3.
