3894 6436
335 394 448 448 i807

1558 380 1616 435 Ρ.
1658 380 1960 435 DANlELlS
1982 381 2215 435 IlUETll

3644 411 3727 471 808

349 505 599 564 subnectit
637 499 973 566 Theophilus,
1014 512 1132 551 cum
1180 497 1371 552 dixerit
1403 498 1653 569 Origenes
1692 502 1865 571 ψυχὴν

2184 515 2222 549 :a
2276 496 2560 562 Parchali,
2601 506 2659 552 ct
2706 496 2879 565 apud
2921 489 3516 561 Theodorelxum
3563 514 3606 569 in
3631 524 3722 579 dia-

347 600 531 651 tlictam
560 592 663 644 ἀπὸ
703 589 792 641 τοῦ
836 588 1041 657 ψύχειν,
1080 592 1217 656 quod
1263 590 1555 643 animarum
1614 607 1761 647 amor
1806 594 1856 646 in

346 686 503 737 Deum
544 690 595 733 et
646 679 881 732 charitas
928 678 1214 740 refrixerit,
1249 693 1553 745 persuasum
1576 680 1629 733 ei
1675 696 1859 735 conse-

1956 588 2077 656 logo
2104 589 2186 641 cui
2235 587 2413 641 titulus
2456 587 2906 653 Ἀσύτχυτος,
2972 579 3446 649 censuiss‘
3483 603 3494 650 ς

2235 587 2413 641 titulus
2456 587 2906 653 Ἀσύτχίυτος.
2972 579 3446 649 68051'355‘
3483 599 3726 675 Origene“

1960 678 2184 730 animam
2211 691 2365 745 quam
2407 678 2716 742 assumpsit
2758 676 2967 729 Filius
3026 673 3199 762 Dei:
3256 676 3433 738 ε-
3463 673 3618 758 ips“)
3645 703 3722 762 Dei

342 774 559 835 quenter
604 765 762 817 fuisse
808 763 997 815 animae
1040 764 1230 816 Christi
1271 764 1546 831 pristinum
1599 766 1860 820 remisisse
1954 764 2145 818 Filium
2179 780 2337 818 unum
2372 778 2533 828 esse,
2562 762 3091 832 quemadmodum
3151 758 3455 851 P3§r
3492 794 3547 836 et
3585 758 3729 851 Filius

339 854 530 907 amoris
586 854 635 906 in
693 852 852 904 Deum
910 851 1185 905 fervorem.
1242 851 1430 905 Futilis
1469 867 1531 906 ac
1583 855 1857 920 nugatoria

337 941 563 995 hominis
607 941 903 1008 impotentis
943 941 1226 997 cavillatio.
1269 941 1365 994 Cui
1412 943 1734 995 consimilem
1779 942 1857 995 al-

338 1041 501 1086 teram
540 1032 693 1086 habet
736 1032 905 1087 Guido
937 1031 1215 1086 Carmelita
1262 1034 1312 1086 in
1352 1032 1568 1087 Summa
1598 1034 1659 1086 de
1704 1034 1853 1099 luem,

336 1124 386 1175 in
423 1125 605 1176 haeres.
640 1123 943 1192 Origenist.,
973 1124 1160 1190 cuique
1198 1133 1417 1177 assonat
1461 1124 1557 1176 ista
1606 1124 1854 1191 Paganini

333 1206 607 1260 Gaudentii
645 1210 971 1261 ratiocinatio
1000 1210 1049 1262 in
1093 1208 1181 1264 lib.
1220 1209 1295 1262 De
1336 1211 1716 1276 comparatione
1762 1213 1857 1264 do—

332 1301 488 1360 gmat.
521 1292 755 1362 Origenis
801 1312 915 1348 cum
959 1295 1271 1362 philosophia
1301 1295 1555 1359 Platonis,
1600 1313 1716 1365 cap.
1746 1299 1852 1353 ὅδε

339 1403 357 1433 ο
389 1384 592 1437 Anima:
630 1396 840 1452 propter
865 1394 1099 1451 peccata,
1139 1386 1283 1454 juxta
1307 1385 1604 1455 Origenem,
1635 1403 1852 1456 corpora

332 1475 584 1538 subeunt;
608 1476 780 1526 anima
812 1489 935 1542 ergo
952 1475 1146 1528 Christi
1178 1485 1446 1543 peccatum
1477 1479 1703 1533 admisit.
1739 1498 1757 1531 ι
1781 1481 1855 1533 Ac

329 1562 376 1614 si
416 1562 532 1628 quis
560 1562 685 1615 illud
715 1563 1009 1630 PrOphetze,
1048 1580 1069 1613 ‹
1099 1563 1281 1618 Omnis
1318 1567 1470 1618 homo
1498 1568 1722 1620 mendax
1749 1568 1847 1630 ",9

329 1658 664 1717 usurpantem
696 1666 832 1703 nunc
862 1649 1084 1716 aliquem
1131 1650 1270 1704 velut
1320 1652 1631 1721 sacrilegum
1676 1654 1853 1706 redar-

328 1744 470 1804 guat,
496 1738 632 1805 quod
654 1738 893 1791 Christus
924 1741 1077 1792 homo
1105 1740 1190 1799 sit.
1217 1755 1280 1791 ac
1310 1742 1611 1794 mendacem
1636 1742 1852 1807 proinde

1964 870 2123 908 unum
2158 867 2301 909 sunt.
2342 855 2487 908 Hinc
2538 855 2613 908 illi
2661 854 2991 908 commoda
3042 848 3433 920 veterna;
3466 886 3561 937 pm
3597 848 3721 941 more—

1962 959 2057 997 suo
2087 943 2332 1012 Origenis
2360 959 2517 1007 ansa,
2543 959 2714 1012 quam
2750 944 2863 1013 ipsi
2894 952 3115 996 tamen
3142 948 3723 1032 calﬁt-quemme;

1956 1032 2088 1085 Nam
2113 1035 2340 1101 primum
2370 1034 2624 1102 agnoscit
2653 1032 2874 1086 ibidem
2912 1027 3299 1097 Theophila
3382 1061 3410 1098 ε
3441 1050 3509 1104 de
3532 1027 3712 1119 anim;

1954 1123 2152 1177 Christi
2183 1126 2445 1193 dig-nitate
2474 1138 2626 1180 recte
2657 1125 2985 1193 aliquando
3004 1122 3386 1217 εει)ξίεῆ
3406 1139 3713 1217 minue"),

1957 1226 2178 1280 eamque
2209 1213 2318 1266 Deo
2350 1214 2529 1268 Verbo
2571 1216 2911 1269 inferiorem
2950 1212 3315 1268 credidiw
3338 1243 3409 1282 θ,
3439 1212 3701 1296 prgam",

1961 1314 2080 1352 cum
2111 1300 2344 1353 animam
2374 1300 2577 1355 Christi
2607 1311 2665 1355 et
2701 1300 2966 1355 Verbum
3016 1313 3223 1352 unum
3262 1316 3463 1369 εεεεε
3495 1319 3704 1390 (χρειω.

1955 1389 2405 1455 quemadmodum
2454 1390 2620 1443 Pater
2672 1402 2734 1444 et
2783 1389 2973 1444 Filius
3032 1403 3239 1441 unum
3354 1414 3548 1471 sum;
3595 1389 3696 1466 ι,οή

1956 1492 2116 1530 unum
2159 1491 2279 1531 esse
2331 1478 2502 1531 voluit
2562 1481 2765 1533 eadem
2823 1482 3060 1535 unitate
3111 1482 3180 1533 in
3236 1492 3544 1557 Epecie,
3594 1505 3693 1555 sed

1954 1572 2139 1622 eadem
2189 1569 2398 1623 unitate
2445 1569 2500 1622 in
2542 1585 2772 1639 genere.
2829 1569 3044 1625 Unitas
3098 1572 3322 1632 enim;
3390 1581 3594 1642 Ρευυίε
3638 1602 3690 1644 ει

1956 1658 2074 1711 Filii
2125 1660 2175 1711 in
2229 1674 2295 1713 eo
2340 1662 2597 1715 convenit
2622 1676 2751 1714 cum
2785 1662 3018 1716 unitate
3053 1661 3263 1715 Verbi
3322 1680 3392 1725 ει
3448 1678 3682 1744 enim,

1955 1748 2093 1814 quod
2125 1748 2193 1801 ad
2239 1748 2378 1802 idem
2415 1765 2609 1819 genus,
2641 1754 2925 1806 unitatem
2968 1766 3215 1819 nempe,
3279 1770 3565 1827 utraque
3589 1782 3679 1819 τε.

329 1825 536 1879 dixerit.
565 1826 641 1879 Ac
673 1828 722 1879 si
764 1842 865 1880 non
895 1828 1097 1896 aliquas
1136 1829 1291 1881 etiam
1339 1829 1541 1882 animas
1582 1830 1645 1881 ad
1690 1829 1855 1883 oliicia
1889 1836 1929 1890 Β
1962 1834 2204 1889 feratur:
2236 1837 2287 1890 in
2311 1851 2378 1891 eo
2411 1848 2596 1893 autem
2629 1839 2905 1894 dill‘erunt
2926 1880 2945 1907 ,
2991 1841 3155 1909 quod
3189 1846 3421 1899 unitas
3457 1825 3657 1904 Patris

327 1915 625 1969 hominibus
653 1916 944 1969 exhibenda
969 1918 1245 1984 deputasse
1276 1917 1434 1970 Deum
1461 1917 1713 1987 Origenes
1744 1920 1844 1973 sibi

330 2003 559 2068 ﬁnxerit,
606 2016 661 2057 ut
713 2006 933 2058 inferius
977 2005 1468 2060 demonstrabimus.
1524 2006 1849 2061 Justinianus

327 2108 453 2145 vero
481 2094 580 2147 hoc
614 2094 781 2161 ipsum
808 2094 1053 2163 Origenis
1077 2094 1315 2148 delirium
1349 2095 1622 2162 exagitans
1653 2096 1703 2149 in
1737 2098 1849 2165 epi-

326 2182 458 2235 stola
486 2183 551 2234 ad
582 2182 806 2245 Menam,
847 2184 929 2235 his
957 2182 1224 2236 Athanasii
1262 2183 1423 2236 utitur
1459 2185 1632 2238 verbis
1658 2204 1671 2238 :
1698 2186 1849 2237 Εἰκό-

323 2287 429 2332 τως
456 2269 874 2336 καταγνώσονται
914 2269 1084 2339 ἑαυτῷ
1112 2271 1307 2334 πάντες
1334 2274 1379 2324 οἱ
1407 2271 1707 2342 νομίζοντες
1746 2276 1848 2344 πρὸ

324 2358 421 2427 τῆς
467 2360 676 2428 Μαρίας
720 2356 852 2410 εἶναι
895 2358 988 2428 τὴν
1034 2359 1089 2425 ἐξ
1133 2360 1297 2429 αὐτῆς
1342 2361 1548 2431 σάρκα,
1602 2364 1691 2415 καὶ
1745 2364 1846 2432 πρὸ

323 2446 522 2514 ταύτης
583 2446 862 2515 ἐσχηκέναι
926 2448 1097 2518 ψυχὴν
1161 2449 1514 2519 ἀνθρωπίνην,
1570 2450 1658 2502 τὸν
1718 2451 1845 2505 Θεὸν

324 2534 508 2601 Λόγον,
551 2536 641 2587 καὶ
688 2538 744 2587 ὲν
785 2536 915 2605 αὐτῇ
966 2536 1066 2605 πρὸ
1093 2535 1190 2605 τῆς
1241 2538 1524 2609 ἐπιδημίας
1565 2540 1648 2593 ἀεὶ
1692 2560 1846 2611 γεγε⁶

321 2623 531 2692 νῆσθαι.
570 2642 588 2675 r
616 2622 798 2677 Merito
827 2640 943 2677 sese
969 2624 1290 2678 damnabunt
1319 2643 1503 2682 omnes
1531 2633 1619 2699 qui
1666 2633 1847 2685 existi-

326 2720 472 2763 mant
501 2721 621 2765 ante
659 2712 873 2766 Mariam
916 2728 1034 2768 esse
1064 2729 1273 2769 carnem
1308 2730 1424 2783 quae
1450 2732 1514 2771 ex
1546 2734 1610 2773 ea
1644 2731 1750 2787 est;
1784 2739 1847 2779 ac

323 2810 446 2853 ante
487 2816 601 2854 eam
632 2803 878 2857 habuisse
926 2806 1155 2857 animam
1194 2806 1473 2860 humanam
1514 2808 1675 2863 Deum
1725 2812 1848 2866 Ver-

323 2888 467 2955 bum,
507 2901 559 2945 et
610 2893 659 2948 in
710 2910 768 2949 ea
828 2905 951 2949 ante
1010 2896 1291 2949 adventum
1353 2911 1560 2966 semper
1614 2900 1839 2956 fuisse.»

327 2978 529 3041 Quibus
557 2996 656 3034 nun
696 2990 800 3035 tam
838 2984 1121 3052 perstringi
1158 2985 1365 3037 videtur
1395 2970 1664 3053 Origenes,
1688 3003 1844 3055 quam

1954 1932 2007 1976 et
2047 1923 2166 1977 Filii
2211 1924 2283 1978 sit
2311 1926 2491 1980 unitas
2536 1936 2772 1990 natum,
2814 1930 3021 1982 unitas
3071 1931 3426 1997 essentia;
3466 1936 3669 1989 unitas

1948 2025 2071 2065 vero
2104 2013 2265 2067 Verbi
2296 2025 2352 2068 et
2393 2017 2611 2079 animm,
2646 2018 2720 2072 sit
2758 2019 2960 2072 unitas
2987 2019 3388 2088 hypostatica
3410 2060 3431 2085 ,
3472 2025 3672 2079 unitas

1944 2114 2203 2168 personae.
2222 2101 2697 2167 Quemadmodum
2728 2106 2887 2159 enim
2910 2122 3048 2161 cum
3084 2108 3279 2162 solem
3327 2112 3687 2178 pulchrum

1948 2188 2084 2251 dico,
2102 2198 2154 2241 et
2174 2189 2392 2243 domum
2420 2192 2729 2261 pulchram,
2755 2198 3075 2264 utriusque
3106 2198 3680 2267 pulchritudinem

1945 2277 2182 2331 eamdem
2235 2280 2359 2334 dico
2409 2295 2649 2348 genere,
2701 2284 3151 2355 discrepantem
3206 2291 3515 2358 specie;
3579 2294 3705 2349 alia

1945 2366 2138 2434 quippe
2178 2370 2487 2439 estdomus
2518 2372 2886 2441 pulchritudo
2910 2417 2928 2442 ,
2966 2377 3082 2432 alia
3120 2379 3268 2434 solis
3326 2400 3346 2435 :
3410 2385 3709 2451 pessime

1946 2456 2216 2512 enimvero
2246 2474 2459 2514 mecum
2490 2466 2692 2533 egerit,
2735 2467 2784 2521 si
2820 2470 2963 2535 quis
2988 2469 3131 2524 inde
3167 2485 3270 2525 me
3313 2471 3581 2528 lumen
3615 2474 3729 2530 do-

1949 2544 2054 2596 mui
2091 2545 2392 2614 tribuisse,
2442 2551 2543 2604 soli
2594 2552 3076 2624 fundamentum,
3126 2560 3729 2628 contignationes,

1940 2640 1993 2684 et
2022 2630 2291 2701 fastigium
2326 2638 2719 2697 calumnietur.
2754 2643 2885 2699 Nec
2924 2646 3197 2702 ﬁctiliam
3245 2665 3441 2706 esse
3479 2663 3559 2707 et
3604 2653 3737 2708 fri—

1940 2721 2115 2776 volam
2158 2725 2295 2780 hanc
2334 2729 2751 2787 distinctionem
2803 2741 3083 2792 ostendit
3137 2739 3285 2795 illud
3340 2743 3743 2800 Athanasii

1940 2807 1994 2860 in
2024 2807 2313 2878 Symbolo:
2346 2834 2366 2866 ι
2409 2816 2568 2872 Sicut
2595 2821 2785 2876 anima
2820 2826 3151 2883 rationalis
3196 2838 3263 2882 et
3310 2844 3512 2886 caro
3560 2848 3750 2888 unus

1941 2908 2023 2953 est
2064 2902 2256 2966 homo,
2301 2905 2371 2958 ita
2420 2908 2563 2963 Deus
2609 2920 2666 2964 et
2698 2912 2883 2968 homo
2924 2930 3089 2971 unus
3139 2927 3219 2972 est
3263 2917 3669 2975 Christus.
3720 2941 3742 2973 ι

1939 2986 2072 3041 Nam
2107 3005 2230 3044 cum
2264 2996 2444 3049 anima
2480 3012 2696 3057 constet
2728 3003 2916 3058 homo
2955 3015 3022 3061 et
3056 3022 3333 3077 corpore
3386 3020 3745 3080 tanquam

322 3068 547 3134 Apelles,
576 3070 767 3139 aliique
793 3073 882 3140 qui
911 3073 1174 3127 Christum
1206 3076 1269 3129 de
1295 3074 1430 3129 cmlo
1456 3090 1666 3130 carnem
1697 3080 1845 3132 detu-
1876 3155 1909 3165 Δ
1942 3080 2186 3147 partibus
2215 3098 2378 3139 unum
2408 3090 2617 3160 aliquid
2648 3092 3061 3152 eﬂicientibus
3096 3138 3115 3165 ,
3158 3068 3335 3155 Oeus
3377 3068 3641 3156 autem
3678 3115 3747 3157 et

323 3153 446 3207 lisse
474 3159 773 3215 censebant.
814 3159 868 3212 ln
902 3161 1158 3216 nefarium
1203 3175 1375 3219 autem
1411 3165 1672 3235 Origenis,
1707 3166 1843 3234 quod
1868 3155 1911 3211 ο
1946 3171 2132 3229 homo.
2173 3189 2278 3228 non
2335 3153 2594 3246 tanqu-am
2645 3196 2850 3251 partes
2891 3153 3201 3247 Christum
3264 3199 3746 3252 constituant

319 3244 691 3309 exposuimus,
738 3249 928 3317 dogma
1002 3256 1288 3307 secundum
1333 3270 1484 3307 suum
1532 3261 1586 3309 et
1633 3256 1843 3308 tertium

327 3331 551 3384 intentat
608 3337 1105 3391 anathematismum
1167 3340 1491 3395 Justinianus
1537 3343 1601 3395 ad
1649 3342 1844 3396 calcem

318 3422 554 3486 epistolas
581 3422 813 3492 ejusdem
848 3428 913 3478 ad
941 3426 1167 3481 Menam.
1195 3427 1341 3493 Quod
1383 3430 1446 3483 ad
1476 3431 1615 3484 illam
1644 3440 1847 3499 spectat

318 3510 614 3563 animarum
660 3513 1007 3583 προῦπαρξιν,
1052 3517 1189 3569 unde
1221 3520 1334 3571 haec
1379 3518 1623 3588 Origenis
1665 3535 1845 3573 mana-

321 3607 508 3650 verunt
553 3600 618 3652 de
651 3603 821 3655 anima
871 3604 1064 3659 Christi
1115 3614 1443 3671 commenta,
1490 3610 1553 3662 de
1602 3624 1662 3663 ea
1709 3610 1843 3664 inlra

322 3686 716 3753 disputabimus.
756 3688 878 3743 Inde
915 3706 1041 3745 sane
1082 3694 1382 3762 pestileram
1423 3697 1662 3751 hreresim
1695 3714 1842 3753 suam

318 3773 575 3829 conﬂasse
635 3778 878 3832 videntur
940 3780 1245 3836 Theodorus
1302 3783 1734 3853 Mopsuestenus,
1787 3800 1842 3842 et

320 3875 438 3932 post
468 3881 586 3920 enm
632 3866 945 3926 Nestorius:
986 3872 1107 3926 inde
1144 3880 1197 3926 et
1236 3874 1512 3929 adductum
1559 3876 1841 3947 Eulychem

316 3954 577 4022 coniectat
605 3955 710 4010 Leo
752 3972 883 4026 papa
925 3959 975 4012 in
1016 3960 1234 4028 epistola
1271 3962 1334 4014 ad
1370 3962 1632 4017 Iulianum
1671 3965 1843 4018 Coen-

318 4059 464 4109 sem,
511 4057 568 4099 ut
612 4048 868 4116 duplicem
917 4049 1115 4104 Christi
1173 4061 1412 4108 naturam
1455 4055 1558 4126 πρὸ
1609 4057 1706 4127 τῆς
1753 4058 1838 4111 ὲν-

315 4132 497 4199 ὡσεως
527 4136 685 4189 fuisse
700 4136 998 4205 allirmaret,
1022 4141 1170 4209 quasi
1201 4143 1429 4196 animam
1457 4146 1594 4199 illius
1629 4156 1753 4200 tunc
1791 4148 1840 4200 in

318 4225 455 4279 caelo
483 4227 783 4281 crediderit.

388 4333 740 4391 Ollensionem
776 4348 949 4393 autem
997 4353 1101 4393 non
1131 4342 1351 4396 haberet
1381 4344 1519 4411 quod
1549 4343 1693 4405 {dixit
1723 4345 1841 4400 Ori-

320 4436 504 4489 genes,
529 4426 967 4491 quemadmodum
1003 4432 1160 4485 homo
1187 4431 1295 4492 ille,
1327 4432 1416 4501 qui
1443 4430 1613 4486 Verbo
1640 4434 1691 4487 in
1733 4450 1833 4489 una

320 4526 537 4580 persona
578 4515 887 4584 conjunctus
936 4530 1017 4572 est
1042 4561 1056 4585 ,
1090 4519 1253 4575 Deum
1288 4522 1338 4574 in
1390 4537 1447 4577 se
1481 4524 1735 4593 suscepit,
1760 4525 1834 4579 ita

319 4614 418 4652 nos
451 4614 655 4668 quoque
680 4618 774 4669 pro
803 4615 911 4661 rata
951 4623 1070 4663 esse
1100 4624 1256 4678 posse
1285 4610 1373 4664 Dei
1422 4611 1713 4681 participes
1736 4651 1752 4678 ,
1793 4615 1838 4668 si

320 4690 502 4757 gratia:
533 4690 655 4741 illud
682 4692 869 4748 divina:
891 4735 905 4761 ,
940 4712 1041 4751 non
1080 4700 1305 4767 propriis
1338 4700 1540 4754 meritis
1567 4712 1835 4769 acceptum

320 4777 624 4831 retulisset:
656 4778 730 4832 sic
755 4781 893 4835 enim
919 4783 1241 4853 Augustinus
1268 4788 1356 4843 lib.
1394 4789 1466 4843 De
1504 4790 1839 4859 praedestina-

319 4867 458 4919 tione
482 4875 793 4934 sanctorum,
834 4886 949 4940 cap.
980 4874 1079 4928 l5:
1110 4893 1129 4926 ι
1164 4875 1316 4931 Sicut
1339 4894 1465 4948 ergo
1497 4880 1842 4948 praedestina-

321 4964 404 5009 tus
435 4964 515 5010 est
541 4954 625 5010 ille
647 4971 800 5024 unus,
828 4970 885 5012 ut
912 4974 1067 5030 caput
1093 4976 1329 5020 nostrum
1369 4978 1548 5034 esset,
1584 4971 1655 5024 ita
1681 4972 1834 5027 multi

236 5086 243 5097 .
316 5047 673 5117 prmdestinali
719 5062 940 5117 sumus,
973 5062 1028 5106 ut
1074 5058 1304 5111 membra
1351 5060 1464 5128 ejus
1507 5078 1768 5119 essemus.
1809 5084 1828 5117 ι

317 5139 447 5192 ltem
491 5155 505 5192 :
570 5156 590 5191 ι
639 5138 709 5191 Ea
747 5141 914 5209 gratia
963 5143 1020 5195 lit
1067 5144 1132 5198 ab
1184 5147 1335 5203 initio
1379 5151 1501 5205 lidei
1540 5169 1646 5207 sua:
1680 5155 1834 5210 homo

314 5228 618 5296 quicunque
662 5227 1025 5293 Christianus,
1055 5246 1154 5300 qua
1203 5237 1367 5301 gratia
1418 5238 1573 5294 homo
1625 5240 1712 5297 ille
1767 5244 1832 5299 ab

315 5315 468 5371 initio
496 5315 668 5372 lactus
694 5327 775 5371 est
804 5317 1067 5373 Christus.
1111 5338 1129 5371 ι

386 5425 476 5481 1X.
507 5426 769 5484 Memoria:
805 5426 1037 5498 prodidit
1084 5427 1405 5501 Theophilus
1450 5438 1835 5497 Alexandrinus

386 5644 434 5675 ‘°
479 5645 615 5702 Psal.
644 5664 765 5716 cxv,
811 5650 896 5707 ll.

1940 3632 2098 3708 supra
2139 3620 2508 3689 adhibuimus,
2567 3628 2742 3684 Deum
2776 3644 2839 3688 et
2892 3638 3201 3700 hominem
3254 3662 3498 3705 unum
3535 3620 3707 3708 ἐξω

1941 3707 2177 3808 dicentes
2220 3710 2495 3811 Christum
2538 3719 2736 3773 eadem
2797 3727 3046 3787 unitate
3100 3735 3161 3788 in
3211 3752 3540 3806 genere,
3582 3758 3703 3811 qua

1941 3797 2116 3849 anima
2139 3798 2417 3855 rationalis
2445 3812 2500 3857 et
2531 3820 2736 3877 corpus
2767 3824 2867 3867 est
2901 3817 3093 3877 homo
3122 3841 3140 3889 ;
3177 3797 3248 3880 al,
3271 3843 3423 3883 non
3457 3797 3686 3886 eadem

1941 3887 2144 3941 unitate
2180 3888 2233 3941 in
2265 3893 2464 3958 specie.

2010 4016 2074 4071 Χ.
2110 4018 2415 4078 Gennadius
2470 4025 2847 4093 Massiliensis
2906 4041 2969 4096 in
3027 4046 3184 4104 libro
3212 4047 3312 4102 De
3352 4052 3670 4122 dogmati-

1942 4108 2269 4208 basuquem
2318 4114 2625 4208 Augustino
2672 4125 2922 4191 quidam
2985 4133 3147 4191 falso
3192 4108 3658 4208 ascripseruna

1946 4197 2154 4295 ξιιμ-2,
2186 4199 2264 4253 sic
2306 4201 2490 4257 scribit
2522 4223 2535 4258 :
2575 4224 2595 4258 ‹
2639 4206 2825 4267 Natus
2874 4228 2973 4273 est
3002 4238 3154 4295 ergo
3185 4227 3280 4280 Dei
3338 4197 3549 4286 [silius
3579 4197 3647 4285 ex

1947 4284 2190 4351 homine,
2227 4296 2281 4339 et
2311 4303 2415 4342 non
2463 4305 2567 4360 per
2599 4296 2903 4359 hominem
2934 4325 2955 4375 ;
2993 4310 3055 4365 id
3078 4284 3204 4382 ‘est,
3242 4332 3381 4371 non
3427 4335 3509 4373 ex
3543 4321 3646 4374 viri

1940 4375 2121 4441 coitu,
2156 4377 2291 4431 sicut
2322 4379 2491 4436 Ebion
2547 4387 2743 4458 dicit;
2782 4398 2891 4451 sed
2934 4375 3309 4461 carnem'ex
3370 4409 3633 4479 Virginis

1870 4476 1910 4529 ι)
1938 4478 2159 4564 corpore
2206 4468 2449 4561 trahens,
2484 4481 2542 4527 et
2588 4491 2702 4532 non
2761 4485 2837 4539 de
2870 4491 3040 4547 caelo
3077 4510 3277 4551 secum
3343 4468 3627 4564 anei-ens,

1936 4553 2072 4655 sicut
2101 4552 2367 4621 Marcion,
2393 4557 2663 4632 Origenes
2695 4580 2754 4625 et
2793 4573 2990 4635 Ebion
3037 4585 3370 4641 aﬂirmant.
3424 4608 3448 4641 ι
3481 4552 3619 4655 Qua;

1934 4640 1976 4693 si
2008 4640 2073 4693 ad
2100 4656 2322 4698 examen
2370 4661 2726 4723 revocemus,
2769 4662 2948 4722 [idem
3012 4676 3325 4730 amittenl-
3386 4640 3622 4729 [Pal-gum

1935 4818 2205 4931 Christum
2229 4823 2501 4883 attulisse.
2528 4831 2726 4891 Sensit
2760 4842 2860 4900 ille
2880 4818 3644 4931 qtiidemVJEracepmtem

1939 4924 2092 5012 suum
2110 4912 2417 5014 ger-donem
2447 4934 2792 5001 assectatus,
2825 4912 3131 5014 quidquid
3153 4912 3510 5009 'a'ommvi“
3540 4947 3645 4986 ιδ’

1938 5000 2010 5054 ris
2044 5016 2072 5055 a
2105 5002 2341 5072 Christo,
2363 5018 2417 5063 et
2449 5000 2925 5086 administratum
2957 5000 3413 5115 e;;',"s;gc\e
3434 5031 3674 5115 ξδιιδιξωε

1937 5104 2041 5143 non
2090 5106 2147 5146 re
2186 5109 2312 5150 vera
2366 5112 2584 5169 gestum
2637 5112 2866 5188 fuisse;
2922 5137 3038 5182 nec
3080 5104 3411 5193 'vém’m
3448 5108 3682 5161 ί¹¹ί¹¹¹ί³⁵⁶

1936 5192 2175 5249 carnem,
2197 5186 2291 5241 scd
2312 5186 2901 5277 apparentem.Quem
2937 5186 3271 5287 error-ev“:
3354 5196 3420 5248 ᾖ
3454 5195 3696 5287 “Pium

1938 5277 2286 5380 sequentibus
2320 5297 2449 5342 cum
2476 5290 2813 5359 Gennadius
2843 5306 2965 5378 ipse
2997 5277 3573 5380 εοιιξξίβιξωθ
3593 5293 3707 5333 "ro

1938 5368 2202 5468 πηθοξξιξη
2237 5383 2654 5455 praetermittat,
2689 5368 2972 5457 intellexit
3004 5368 3527 5468 naua—3W"
3548 5383 3715 5468 vel?"

2122 5454 2133 5465 ,
2641 5451 2650 5455 -
2790 5451 2972 5457 μη--
3006 5451 3191 5468 --.ς-ι.
3235 5451 3323 5473 ιγ
3436 5461 3451 5473 .
3624 5459 3635 5469 .

1938 5461 2002 5503 ac
2034 5451 2271 5516 ³⁰¹¹⁶¹³¹¹¹
2299 5477 2506 5540 corpus
2540 5478 2776 5544 Christo
2807 5506 2838 5545 a
2870 5491 3188 5559 Marciouc
3243 5500 3311 5564 Γ
3330 5474 3549 5529 “me
3575 5459 3727 5511 mh".
