3894 6460
127 377 256 441 “899

977 390 1705 450 υιιιαΕΝιΑδοιιιιιιιιιΒ.
1749 387 1810 452 Il,
1850 387 2000 442 CAP.
2043 386 2104 450 ll,
2139 379 2420 452 QUIEST.
2461 387 2547 442 lll.

3258 393 3364 446 810

168 513 272 554 tum
297 535 312 559 9
341 495 782 557 εοηιηιιὶαῑιιτῡε
819 507 1066 578 alioquin
1113 515 1213 566 hoc
1258 525 1466 580 quoque
1495 507 1717 572 loco,.si
1751 512 1792 568 Α
1820 507 1937 569 bat,
1970 519 2034 558 ac
2077 519 2171 572 per
2201 499 2418 554 Mariam
2452 503 2593 555 velut
2642 517 2738 571 per
2771 503 3012 560 canalem
3061 504 3367 565 transilsse.

175 588 356 644 falsum
383 599 578 654 corpus
612 586 841 647 Christo
865 601 1187 667 ascripsisse
1219 600 1391 668 ipsum
1417 598 1720 652 existimas-

172 689 273 735 set.
301 677 485 732 Simile
507 676 790 747 quidpiam
828 685 896 739 de
922 687 1193 742 Marciane
1226 688 1480 755 scriptum
1513 686 1726 752 reliquit

168 770 393 842 Vigilius
423 767 514 822 lib.
543 783 601 821 ιιι
630 779 814 825 contra
845 772 1128 844 Eutycltem
1151 793 1169 830 :
1205 796 1224 827 ι
1267 776 1588 845 Eutychiana
1619 775 1727 827 har-

168 863 306 914 l't'SlS
341 861 390 913 in
425 859 477 912 id
513 860 806 928 impietatis
859 866 1109 932 prolapsa
1156 875 1237 920 est
1280 879 1484 928 errore,
1533 874 1594 916 ut
1622 880 1723 917 non

165 955 344 1006 solum
374 951 535 1007 Verbi
581 961 637 1007 et
676 956 863 1010 carnis
892 972 1051 1010 unam
1081 957 1265 1011 credat
1303 970 1422 1010 esse
1455 966 1722 1016 naturam.

163 1057 356 1093 vo-rum
390 1044 553 1096 etiam
601 1043 738 1097 hanc
773 1046 1015 1100 eamdem
1049 1060 1264 1100 carnem
1319 1062 1420 1102 non
1471 1049 1536 1102 de
1574 1063 1726 1102 sacro

165 1129 349 1184 Maria’
380 1131 622 1202 Virginis
659 1149 882 1201 corpore
922 1143 1284 1201 assumptam,
1332 1135 1424 1188 sed
1471 1135 1538 1190 de
1588 1135 1727 1189 caelo

164 1223 341 1286 dicat,
383 1223 547 1292 juxta
578 1224 855 1280 infandum
887 1225 1148 1280 Valentini
1178 1236 1234 1280 et
1264 1225 1546 1280 Marcionis
1575 1241 1726 1281 erro-

163 1328 306 1374 rem,
341 1312 512 1366 fuisse
537 1314 843 1368 deductam.
871 1317 949 1366 Ita
973 1315 1312 1381 pertinaciter
1342 1314 1575 1368 Verbmn
1606 1330 1726 1368 car-

164 1419 293 1454 nem
326 1417 588 1458 asserens
619 1403 838 1467 factum,
881 1415 938 1457 ut
964 1421 1055 1472 per
1088 1405 1357 1474 Virginem
1379 1443 1393 1466 ,
1420 1419 1482 1458 ac
1512 1407 1555 1459 si
1586 1421 1723 1474 aqua

163 1507 268 1559 per
302 1491 547 1544 ﬁstulam
585 1493 846 1548 transisse
890 1495 1168 1556 videatur;
1206 1510 1309 1548 non
1360 1505 1531 1548 tamen
1581 1507 1637 1548 ut
1662 1497 1729 1549 de

165 1580 398 1646 Virgine
415 1581 626 1648 aliquid
655 1583 794 1648 quod
823 1582 991 1636 nostri
1022 1583 1090 1636 sit
1112 1584 1345 1651 generis,
1379 1585 1729 1650 assumpsisse

159 1670 443 1722 videatur.
487 1689 512 1722 ι
548 1672 618 1724 At
645 1671 835 1726 falsum
858 1686 974 1724 esse
1001 1687 1213 1726 carnem
1238 1674 1461 1731 solidam
1487 1673 1540 1726 in
1570 1673 1728 1727 Chri-

162 1768 253 1812 sto
307 1759 648 1814 Marcionem
708 1762 990 1830 agnovisse
1053 1763 1326 1816 declarant
1372 1763 1729 1817 Tertullianus

1825 594 1952 646 nihil
1985 593 2106 650 inde
2135 601 2449 644 sumentem.
2497 591 2648 645 Falsa
2679 607 2804 658 eos,
2853 593 2898 645 si
2939 591 3065 659 quid
3111 593 3366 658 conjicio.

1824 682 1925 736 loci
1961 681 2115 749 hujus
2146 680 2519 746 interpretatio
2545 681 2775 736 delusit:
2817 699 2836 732 t
2871 681 3083 736 Primus
3110 682 3272 737 homo
3297 684 3364 737 de

1827 783 1988 834 terra,
2022 780 2306 834 terrenus;
2351 769 2613 824 secundus
2663 770 2821 826 homo
2860 772 2927 826 de
2980 771 3150 834 cado,
3201 773 3364 834 caele-

1826 860 2013 914 stis".
2048 879 2065 910 ι
2099 859 2308 926 Apelles
2336 867 2512 928 autem
2549 877 2568 910 ι
2603 859 2871 917 Christum
2908 877 3078 930 neque
3108 861 3366 940 impluat:-

1829 958 2053 1003 tasmatc
2077 948 2393 1003 dicitiuisse
2431 948 2569 1002 sicut
2615 948 2887 1014 Marcion,
2927 967 3097 1019 neque
3145 954 3199 1007 in
3239 938 3365 1007 sub:
3407 971 3409 978 ι

1826 1040 2014 1091 stantia
2049 1039 2157 1092 veri
2191 1038 2430 1104 corporis
2454 1077 2468 1098 ,
2502 1045 2560 1089 ut
2592 1035 2931 1103 Evangelium
2961 1041 3150 1095 docet:
3180 1043 3274 1096 sed
3311 1043 3362 1096 in

1827 1145 1890 1184 eo
1920 1131 2061 1198 quod
2090 1144 2120 1183 e
2151 1129 2514 1196 superioribus
2556 1130 2795 1198 partibus
2837 1131 3214 1197 descenderet,
3249 1134 3365 1201 ipso

1827 1220 2088 1274 descensu
2139 1220 2400 1279 sideream
2465 1219 2563 1272 sibi
2607 1233 2820 1271 carnem
2872 1228 2926 1272 et
2973 1234 3179 1274 aeream
3232 1238 3362 1276 con-

1828 1311 2077 1364 texnisse.
2101 1327 2119 1360 ι
2145 1307 2315 1364 Verba
2348 1317 2469 1361 sunt
2495 1308 2802 1361 Tertulliani
2838 1308 2931 1361 lib.
2958 1307 3028 1361 De
3051 1313 3364 1376 prwscript.,

1828 1415 1947 1466 cap.
1978 1399 2067 1451 51.
2102 1398 2242 1452 ldem
2269 1413 2479 1466 quoque
2517 1399 2581 1451 de
2617 1397 2906 1465 Apollinari
2942 1399 3160 1452 adnotat
3189 1399 3364 1454 Theo-.

1829 1490 2106 1559 phylactus
2131 1491 2180 1542 in
2214 1505 2274 1544 ιιι
2303 1487 2631 1548 Joan._Unde
2651 1503 2680 1540 a
2704 1487 2979 1542 Valentino
3006 1502 3106 1541 non
3143 1489 3364 1542 multum

1829 1577 2088 1631 ahlusisse
2118 1585 2405 1644 utrumque
2426 1577 2635 1644 planum
2665 1587 2770 1633 est.
2794 1577 2925 1632 Tres
2949 1578 3020 1630 illi
3054 1588 3227 1633 tamen
3257 1582 3367 1642 τοῖς

1829 1667 2245 1732 φαντασιασταῖς
2271 1664 2541 1716 accenseri
2576 1673 2828 1730 possunt,
2856 1665 2935 1717 ὅτι
2969 1665 3030 1717 τὸ
3071 1664 3200 1718 αὐτό
3230 1667 3366 1730 ἐστι,

1831 1754 2000 1822 inquit
2027 1754 2254 1806 Irenrcus
2271 1791 2285 1816 ,
2311 1753 2524 1822 δοκήσει
2551 1751 2722 1818 λέγειν
2747 1755 3068 1822 πεφηνέναι,
3102 1756 3192 1807 καὶ
3221 1755 3370 1809 οὐδὲν

162 1846 264 1898 lib.
296 1862 361 1900 ιιι
395 1857 585 1900 contra
619 1825 784 1901 Marc.
806 1886 822 1913 ,
848 1862 966 1915 cap.
1003 1848 1060 1900 il
1085 1887 1098 1909 ,
1123 1860 1176 1902 et
1206 1859 1312 1902 toto
1355 1850 1447 1903 lib.
1477 1849 1553 1902 De
1576 1866 1730 1904 came

1834 1847 1894 1896 ὲκ
1916 1845 2012 1912 τῆς
2031 1843 2242 1913 Μαρίας
2271 1842 2559 1911 εἰληφέναι.
2588 1843 2718 1894 Οὐδὲ
2735 1843 2841 1912 γὰρ
2867 1839 2932 1911 ἦν
2960 1843 3166 1914 ἀληθῶς
3197 1845 3369 1914 σάρκα.

162 1937 417 1998 Christi,
460 1947 517 1991 et
569 1939 807 2005 passim,
867 1948 920 1992 et
985 1939 1294 1993 Philastrius
1328 1939 1456 1992 hazr.
1495 1955 1617 1992 xuv
1676 1948 1731 1994 et

162 2043 307 2092 xcv;
340 2029 683 2095 Epiphanius
699 2030 828 2082 bar.
855 2045 963 2093 xu,
989 2044 1103 2097 cap.
1131 2031 1180 2094 i,
1213 2040 1265 2084 et
1295 2031 1421 2084 liter.
1450 2045 1578 2091 xui,
1610 2045 1725 2100 cap.

162 2118 196 2170 2
216 2158 236 2181 ,
271 2128 329 2170 et
362 2117 746 2170 Theodoretus
794 2117 940 2171 Ilazr.
982 2119 1090 2183 fab.
1117 2119 1236 2180 glib.
1275 2134 1289 2171 ι
1315 2158 1331 2184 ,
1356 2132 1474 2186 cap.
1505 2119 1595 2174 ει.
1622 2119 1730 2174 Nec

165 2211 354 2264 verius
383 2218 473 2262 est
507 2222 825 2275 persuasum
870 2207 994 2260 illud
1029 2207 1190 2261 fuisse
1223 2207 1436 2276 Origeni
1457 2248 1472 2271 ,
1503 2209 1644 2276 quod
1681 2210 1727 2261 ei

167 2299 380 2368 atlingit
431 2297 785 2361 Gennadius;
833 2300 992 2352 verba
1029 2298 1289 2366 siquidem
1318 2297 1434 2366 ejus
1468 2299 1580 2352 hac
1607 2309 1733 2352 sunt

166 2390 359 2444 homil.
396 2389 468 2442 14
497 2390 552 2442 in
588 2387 715 2440 Luc.
743 2401 762 2440 .'
799 2405 818 2438 ι
850 2387 999 2452 Quod
1031 2387 1242 2454 quidem
1273 2397 1328 2441 et
1355 2389 1608 2442 adversus
1638 2403 1732 2442 eos

168 2479 322 2542 facit,
359 2479 459 2546 qui
495 2486 690 2545 negant
740 2476 1018 2530 Dominum
1051 2485 1289 2530 nostrum
1317 2479 1600 2532 humanum
1641 2481 1732 2533 ba-

167 2569 359 2622 buisse
388 2581 612 2636 corpus,
633 2565 727 2618 sed
755 2564 1088 2628 coelestibus,
1106 2575 1161 2618 et
1182 2565 1543 2634 spiritualibns
1569 2567 1733 2621 fuisse

167 2668 518 2713 contextum.
558 2657 614 2709 Si
653 2655 798 2710 enim
843 2657 908 2710 de
951 2655 1272 2720 coelestibus,
1304 2666 1358 2710 et
1387 2665 1447 2710 ut
1480 2659 1552 2711 illi
1601 2658 1733 2713 falso

168 2755 435 2802 asserunt
461 2788 477 2810 ,
507 2746 573 2799 de
600 2745 888 2808 sideribus,
933 2755 986 2799 et
1010 2745 1113 2797 alia
1141 2747 1370 2812 quadam
1418 2745 1730 2811 sublimiori,

168 2837 524 2907 spiritalique
556 2846 746 2890 natura
781 2850 974 2904 corpus
1001 2835 1114 2900 ejus
1143 2835 1333 2898 fuerit,
1381 2838 1734 2904 respondeant

168 2940 368 2995 quare,
407 2943 428 2975 ι
465 2934 575 2978 etc.
608 2922 836 2976 Humilia
869 2938 1081 2992 quoque
1113 2924 1175 2976 17
1206 2924 1258 2978 in
1305 2926 1548 2979 eumdem
1575 2940 1738 2979 evan-

168 3017 459 3086 gelistam,
486 3015 556 3068 ad
586 3016 638 3069 id
666 3014 808 3083 quod
836 3014 1061 3068 habetur
1084 3030 1204 3084 cap.
1234 3033 1305 3080 ιι,
1339 3003 1480 3071 vers.
1509 3017 1578 3070 54
1616 3037 1628 3072 :
1667 3016 1734 3070 Et

166 3107 218 3157 in
258 3106 482 3174 signum
513 3105 602 3157 cui
639 3104 1025 3156 contradicetur
1047 3119 1066 3156 :
1096 3121 1114 3154 t
1147 3103 1406 3159 Omnibus
1453 3121 1567 3174 quae
1609 3122 1728 3159 nar-

172 3206 252 3249 rat
279 3195 524 3250 historia
553 3195 619 3246 de
641 3193 934 3256 Salvatore,
955 3193 1364 3248 contradicitur.
1389 3193 1550 3265 Virgo
1565 3206 1734 3249 mater

168 3296 290 3349 est;
326 3286 548 3354 signum
573 3292 656 3338 est
685 3283 768 3336 cui
790 3283 1190 3336 contradicitur.
1223 3283 1572 3340 Marcionistaa
1611 3301 1736 3340 con-

173 3376 463 3430 tradicunt
499 3373 630 3426 huic
661 3373 813 3438 signo
840 3411 854 3434 ,
885 3379 936 3425 et
969 3373 1118 3428 aiunt
1145 3375 1356 3443 penitus
1383 3390 1500 3429 eum
1531 3376 1594 3430 de
1619 3392 1737 3429 tnu—

168 3463 307 3518 liere
369 3479 478 3516 non
535 3476 656 3514 esse
689 3471 1038 3529 generatum:
1076 3463 1329 3518 Ebioniltc
1370 3466 1737 3520 contradicunt

169 3557 332 3626 signo
360 3593 377 3619 ,
416 3553 665 3606 dicentes
705 3565 770 3604 ex
803 3551 916 3604 viro
945 3559 1000 3605 et
1043 3553 1262 3610 muliere
1295 3557 1363 3608 ita
1391 3567 1568 3608 natum
1593 3570 1732 3618 esse,

172 3655 230 3699 ut
262 3659 367 3698 nos
395 3656 617 3711 quoque
640 3642 929 3695 nascimur.
963 3641 1160 3694 Habuit
1184 3658 1377 3712 corpus
1407 3647 1730 3709 humanum;

168 3741 226 3785 et
259 3733 368 3784 hoc
394 3731 616 3799 signum
664 3737 744 3782 est
771 3728 854 3781 cui
883 3727 1299 3788 contradicitur,
1336 3728 1422 3780 alii
1475 3730 1616 3782 enim
1653 3731 1734 3781 di-

171 3831 304 3873 cunt
331 3834 461 3872 eum
498 3817 712 3870 venisse
748 3817 812 3869 de
837 3815 1005 3870 C(elis.
1042 3833 1060 3864 ι
1093 3815 1201 3868 lloc
1241 3830 1362 3868 vero
1383 3831 1562 3869 errore
1589 3819 1735 3884 peni-

173 3919 263 3964 tus
299 3909 646 3978 implicatum
681 3907 843 3960 fuisse
881 3905 1170 3975 Eutychem
1201 3904 1477 3958 conﬁrmat
1505 3905 1734 3968 Fulgen-

175 4002 286 4052 tius
319 4012 579 4066 respons.
611 3997 644 4048 4
684 3996 747 4048 ad
777 3995 815 4048 F
820 3996 1106 4047 errandum
1145 3993 1353 4048 diacon.
1386 3993 1518 4047 lluic
1549 3997 1738 4062 prmiu-

167 4096 327 4141 serat
357 4087 602 4153 Apelles,
622 4083 772 4148 cujus
798 4083 1060 4135 insaniam
1097 4081 1240 4135 illam
1265 4084 1482 4149 exponit
1505 4082 1738 4150 Epipha-

174 4182 304 4234 nius
331 4181 467 4233 luer.
509 4191 664 4237 χιιν,
695 4190 816 4242 cap.
843 4175 876 4226 2
898 4211 913 4236 ,
957 4183 1010 4225 et
1039 4172 1401 4226 Theodorctus
1431 4171 1520 4226 lib.
1551 4188 1565 4225 ι
1602 4171 1733 4225 Fab.

171 4272 312 4324 hwr.
342 4310 358 4336 ,
388 4285 515 4337 cap.
552 4266 642 4319 25.
676 4266 928 4332 Apellitas
978 4272 1156 4318 autem
1187 4276 1392 4317 veneno
1419 4276 1516 4315 suo
1550 4259 1739 4316 Orien-

175 4373 290 4415 tem
327 4361 636 4415 inﬁcientes
660 4357 898 4413 coercuit
935 4357 1222 4424 Origenes,
1255 4355 1329 4408 uti
1376 4353 1428 4407 in
1476 4353 1589 4422 ejus
1632 4355 1737 4408 vita

170 4450 628 4510 declararimus,
668 4450 864 4502 nedum
922 4449 978 4502 in
1015 4461 1197 4500 eorum
1246 4443 1550 4498 vecordiam
1608 4459 1737 4498 con-

167 4543 373 4596 sensit.
1360 4592 1366 4596 .

252 4633 346 4689 XI.
377 4630 604 4700 Origeni
637 4643 848 4698 quoque
878 4628 1141 4698 obiectum
1173 4634 1286 4687 cst,
1322 4624 1488 4678 fuisse
1519 4639 1738 4691 persua-

169 4739 303 4777 sum
330 4724 408 4778 illi
446 4721 772 4775 ementitum
807 4733 999 4787 corpus
1031 4727 1084 4771 ct
1109 4716 1284 4786 specie
1311 4725 1460 4768 tenus
1481 4729 1740 4783 apparens

169 4825 430 4883 gestasse
454 4813 760 4875 Christum,
790 4824 892 4863 non
916 4824 1098 4863 verum
1126 4826 1139 4873 ;
1163 4818 1217 4862 et
1242 4806 1389 4861 falsis
1420 4807 1739 4876 imaginibus

171 4903 509 4956 illudentem
541 4899 736 4962 oculis,
763 4898 1008 4952 inanibus
1043 4896 1436 4957 miraculorum,
1467 4897 1735 4957 laborum,

173 5001 700 5054 tormentorumque
714 4986 916 5040 umbris
929 4987 1168 5040 credulos
1192 4984 1431 5038 homines
1453 4984 1738 5037 inescasse.

170 5083 476 5148 Proprium
516 5078 568 5130 id
601 5076 706 5129 fuit
747 5077 1114 5130 haereticorum
1154 5075 1359 5129 illorum
1395 5073 1616 5140 dogma,
1651 5076 1741 5141 qui

167 5189 248 5225 ex
291 5189 348 5226 eo
377 5167 786 5240 φαντασιασταὶ
815 5176 867 5219 et
888 5167 1106 5236 δοκηταὶ
1133 5166 1231 5220 dici
1257 5171 1593 5217 meruerunt:
1625 5175 1745 5231 post

1832 1934 1922 1987 καὶ
1951 1928 2086 2002 αἷμα
2114 1930 2376 2002 ἐσχηκὼς,
2408 1932 2472 1983 δι’
2517 1926 2591 1984 ὧν
2618 1934 2764 2002 ἡμᾶς
2794 1933 3150 2002 ἐξηγοράσατο
3169 1971 3184 1997 ,
3213 1936 3260 1987 εἰ
3293 1935 3368 2006 μὴ

1828 2025 1924 2094 τὴν
1955 2023 2182 2094 ἀρχαίαν
2228 2023 2417 2078 πλάσιν
2446 2023 2537 2076 τοῦ
2581 2024 2750 2093 Ἀδὰμ
2779 2025 2858 2086 εἰς
2888 2025 3072 2077 ἑαυτὸν
3103 2025 3366 2093 ὰνεκεφα·

1829 2113 2112 2166 λαιώσατο.
2150 2129 2171 2161 ι
2206 2111 2338 2176 Quia
2370 2113 2514 2165 idem
2540 2122 2619 2166 est
2647 2113 2822 2166 dicere
2845 2114 3028 2181 ’specie
3058 2129 3176 2167 eum
3202 2129 3368 2184 appa-

1831 2203 2020 2264 ruisse,
2052 2211 2107 2254 et
2150 2201 2280 2255 nihil
2318 2202 2382 2255 de
2431 2201 2591 2256 Maria
2645 2202 2955 2269 sumpsisse.
3003 2201 3186 2271 Neque
3225 2207 3367 2259 enim

1831 2307 1958 2348 vere
1985 2307 2202 2347 carnem
2231 2301 2284 2345 et
2317 2293 2630 2360 sanguinem
2663 2293 2967 2356 habuisset,
3009 2309 3104 2360 per
3128 2309 3248 2362 quae
3273 2310 3371 2356 nos

1833 2384 2079 2445 redemit,
2111 2384 2212 2437 nisi
2246 2392 2398 2439 vetus
2424 2383 2613 2438 Adami
2645 2383 2952 2452 ﬁgmentum
2981 2384 3034 2439 in
3063 2399 3180 2438 sese
3202 2384 3368 2438 colle-

1832 2475 2015 2542 gisset.
2063 2491 2082 2524 ι
2127 2473 2508 2528 Haereticorum
2553 2489 2712 2542 porro
2757 2474 2966 2528 illorum
3024 2475 3371 2544 aequissimis

1831 2576 2063 2616 consona
2085 2562 2281 2616 dixisse
2307 2562 2592 2632 Origenem
2620 2566 2910 2619 adversarii
2937 2567 3052 2632 ejus
3076 2567 3373 2622 calumnia-

1831 2653 2042 2706 bantur.
2069 2669 2089 2702 ι
2119 2652 2314 2718 Quarta
2340 2653 2689 2722 (criminatio)
2712 2664 2826 2721 post
2858 2654 2987 2710 istas
3013 2665 3114 2719 est,
3137 2675 3156 2706 ι
3193 2657 3367 2725 inquit

1832 2742 2140 2810 Pamphilus
2168 2743 2220 2796 in
2248 2742 2529 2812 Apologia,
2565 2761 2582 2794 ι
2617 2758 2733 2811 qua:
2762 2743 2881 2799 istis
2905 2748 3148 2800 omnibus
3177 2747 3368 2800 adver-

1832 2841 1977 2887 satur
2002 2831 2159 2900 (caeca
2186 2832 2326 2885 enim
2356 2841 2436 2886 est
2470 2832 2711 2902 malitia),
2740 2835 2879 2899 quod
2910 2835 3092 2889 dicunt
3115 2850 3235 2890 eum
3285 2837 3369 2890 di-

1833 2937 1954 2977 cere
1982 2923 2216 2992 δοκήσει,
2244 2922 2296 2976 id
2327 2931 2428 2987 est,
2456 2923 2688 2989 putative
2721 2931 2947 2988 tantum,
2974 2935 3029 2978 et
3057 2939 3152 2992 per
3176 2924 3371 2993 υιιρεο.

1836 3013 1968 3066 riam
1991 3051 2007 3078 ,
2057 3029 2158 3068 non
2195 3013 2352 3068 etiam
2383 3013 2672 3066 secundum
2704 3027 2766 3066 ea
2812 3028 2928 3080 quae
2962 3028 3057 3081 per
3089 3013 3367 3067 historiam

1838 3099 2322 3170 referuntur,gesta
2354 3116 2471 3155 esse
2499 3102 2674 3156 omnia
2704 3117 2821 3169 quae
2850 3118 2878 3155 a
2913 3102 3188 3157 Salvatore
3218 3113 3368 3171 gesta

1833 3199 1975 3244 sunt.
2024 3210 2044 3243 ι
2099 3192 2332 3245 Zonaras
2369 3205 2580 3260 quoque
2627 3192 2718 3245 lib.
2768 3207 2804 3244 ιι
2851 3189 3131 3260 Origenem
3182 3193 3368 3247 existi-

1835 3295 2009 3340 masse
2056 3290 2213 3349 negat
2257 3281 2528 3336 Christum
2583 3282 2646 3336 de
2695 3282 2899 3350 virgine
2937 3281 3103 3336 Maria
3158 3297 3372 3337 carnem

1833 3371 2142 3437 sumpsisse.
2165 3370 2312 3426 Hanc
2334 3380 2512 3426 autem
2534 3371 2856 3425 calumniam
2885 3371 2997 3438 ipse
3022 3385 3051 3425 a
3078 3387 3135 3426 se
3162 3374 3374 3441 egregie

1835 3459 2046 3527 depellit
2075 3459 2333 3529 Origenes
2369 3461 2433 3515 iis
2465 3462 2643 3516 verbis
2668 3477 2785 3531 quae
2810 3462 2862 3516 in
2897 3463 3079 3516 eodem
3108 3463 3375 3532 Apologia:

1835 3548 1951 3604 loco
1980 3551 2292 3615 recitantur,
2321 3552 2616 3621 probatque
2647 3567 2710 3607 ex
2755 3553 3048 3620 Scripturis
3079 3553 3278 3608 sanctis
3307 3553 3376 3607 de

1834 3639 2036 3693 semine
2065 3641 2330 3695 Abraham
2357 3651 2410 3695 et
2437 3641 2601 3696 David
2641 3657 2764 3697 vere
2807 3653 2988 3696 natum
3023 3643 3183 3699 fuisse
3213 3643 3374 3698 Chri-

1833 3740 1973 3781 stum
1997 3767 2012 3793 ,
2059 3745 2228 3798 neque
2261 3749 2280 3782 t
2319 3733 2552 3801 putative
2575 3771 2591 3797 ,
2633 3743 2684 3786 et
2716 3749 2809 3802 per
2845 3735 3174 3802 phantasiam
3213 3754 3231 3786 ι
3289 3749 3376 3788 res

1835 3835 1958 3874 suas
1981 3811 2248 3888 gessisse;
2278 3837 2449 3890 neque
2481 3823 2719 3891 spiritale
2745 3837 2961 3890 corpus,
2993 3824 3086 3877 sed
3123 3837 3372 3877 carneum

1834 3920 1887 3962 et
1927 3919 2196 3964 terrenum
2246 3912 2679 3976 circumtulisse;
2733 3926 2830 3967 nec
2877 3912 3074 3966 factum
3112 3927 3232 3965 eum
3282 3927 3376 3978 per

1838 3996 2133 4063 mulierem,
2162 3999 2255 4052 sed
2287 4012 2354 4052 ex
2382 3999 2624 4053 muliere.
2659 4001 2882 4053 Faciunt
2911 4010 2965 4054 et
3007 4017 3069 4054 ea
3121 4016 3214 4067 pro
3259 4001 3374 4067 ipso

1836 4103 1953 4156 qua:
1977 4091 2192 4158 scripsit
2233 4091 2415 4144 homil.
2443 4093 2469 4145 1
2500 4093 2556 4144 in
2580 4092 2792 4155 Ezech.,
2823 4109 2945 4145 num
2975 4094 3008 4145 4
3035 4111 3047 4145 :
3089 4111 3108 4142 ι
3139 4091 3376 4159 Respon-

1837 4177 1994 4232 deant
2021 4178 2150 4232 mihi
2184 4179 2441 4242 haeretici,
2469 4182 2558 4248 qui
2602 4183 2931 4235 nativitatem
2966 4182 3104 4234 illius
3131 4181 3373 4252 (Christi)

1837 4279 1894 4322 ut
1923 4269 2236 4337 phantasma
2259 4271 2498 4334 eludunt,
2529 4285 2694 4340 quare
2726 4271 2971 4325 Christus
3003 4271 3166 4324 Filius
3197 4270 3375 4322 humi.

1839 4358 1920 4410 nis
1947 4359 2272 4427 appellatur;
2307 4378 2324 4410 ι
2354 4368 2408 4413 et
2433 4375 2552 4424 quae
2579 4369 2734 4414 tract.
2763 4375 2906 4413 xxxv
2928 4361 2982 4412 in
3002 4359 3209 4422 Matth,
3228 4375 3371 4413 num.

1839 4448 1926 4513 92,
1953 4464 2070 4518 pag.
2089 4449 2218 4517 902.:
2255 4468 2275 4500 ι
2309 4449 2616 4518 Suscipiens
2645 4453 2784 4505 enim
2813 4450 3097 4520 (Christus)
3129 4463 3373 4504 naturam

1841 4541 2014 4592 carnis
2037 4541 2296 4604 humanae,
2314 4555 2497 4594 omnes
2525 4541 2876 4610 proprietates
2903 4541 3158 4606 implevit,
3182 4551 3238 4594 ut
3271 4554 3374 4594 non

1843 4626 1894 4678 in
1931 4628 2204 4694 phantasia
2239 4628 2488 4683 habuisse
2531 4645 2751 4684 carnem
2808 4631 3232 4694 existimaretur,
3284 4630 3377 4682 sed

1842 4717 1893 4768 in
1923 4718 2184 4782 veritate;
2223 4737 2241 4768 ι
2273 4729 2326 4772 et
2354 4719 2538 4774 homil.
2569 4721 2634 4774 14
2679 4723 2732 4772 in
2758 4719 2887 4772 Luc.
2907 4735 2926 4772 :
2968 4720 3122 4774 Jesus
3151 4730 3258 4774 erat
3298 4719 3380 4769 in-

1840 4806 1995 4858 dutus
2021 4807 2237 4859 vestibus
2263 4809 2488 4862 sordidis
2519 4810 2587 4862 ".
2625 4829 2643 4861 ‹
2680 4809 2831 4876 Quod
2861 4809 3078 4876 quidem
3109 4823 3163 4864 et
3189 4811 3380 4861 adver-

1840 4907 1930 4946 sus
1955 4908 2047 4948 eos
2074 4894 2202 4948 facit
2229 4897 2317 4963 qui
2360 4906 2553 4966 negant
2582 4899 2862 4952 Dominum
2913 4907 3160 4952 nostrum
3203 4899 3388 4950 huma-

1842 4997 1966 5034 num
1997 4983 2244 5037 habuisse
2268 4999 2480 5054 corpus,
2511 4989 2602 5041 sed
2636 4985 2947 5040 coelestibus
2978 4994 3033 5035 et
3062 4984 3393 5053 spiritalibus

1841 5070 2004 5126 fuisse
2027 5081 2354 5130 contextum.
2383 5074 2438 5128 Si
2482 5077 2621 5128 enim
2653 5077 2716 5129 de
2743 5071 3090 5133 cmlestibus,
3123 5081 3185 5124 et
3232 5079 3293 5120 ut.
3319 5066 3397 5118 illi

1843 5159 1974 5215 falso
1999 5171 2266 5224 asserunt,
2301 5162 2368 5216 de
2403 5164 2684 5227 sideribus,
2715 5171 2771 5216 et
2805 5158 2917 5211 alia
2944 5157 3202 5225 quadam
3247 5152 3411 5206 subli-

1844 5251 1993 5304 miori
2022 5251 2354 5320 spiritalique
2387 5262 2573 5306 natura
2603 5265 2801 5320 corpus
2823 5247 2947 5316 eius
2976 5243 3426 5305 ιὐϐτῖιντθεβθτν

1848 5341 2006 5393 deant
2020 5354 2187 5407 quare
2205 5342 2438 5409 potuerit
2458 5342 2694 5411 spiritale
2716 5350 2930 5406 corpus
2948 5343 3078 5386 esse
3109 5325 3438 5381 sordidum;

1849 5438 1940 5480 aut
1976 5430 2242 5497 quomodo
2285 5431 2388 5485 hoc
2413 5433 2846 5500 interpretentur
2875 5419 3017 5490 (ιιιοά
3070 5412 3398 5500 Pos‘ﬁmuf

1848 5490 2124 5589 Iesus-erat
2159 5509 2372 5575 indutus
2396 5490 2610 5577 restibus
2647 5513 2936 5574 sordidis?
2963 5529 2982 5563 ι
3003 5515 3054 5563 et
3094 5503 3247 5557 lib.
3272 5515 3310 5553 ιι
3343 5490 3470 5557 Περὶ

167 5275 417 5328 quorum
473 5254 800 5324 signiferum
836 5255 1102 5308 Simonem
1161 5253 1366 5321 Magum
1416 5251 1571 5320 primi
1621 5268 1743 5320 pro-

169 5354 499 5415 pugnarunt
531 5341 667 5395 illttd
701 5339 989 5400 Basilides,
1020 5339 1352 5401 Valentinus,
1380 5335 1572 5398 Cerdo,
1605 5336 1744 5389 Mar-

167 5437 271 5488 cio
317 5447 370 5489 et
431 5430 794 5486 Manichacus.
835 5425 970 5480 Inter
1005 5443 1134 5496 quos
1170 5425 1476 5479 Valentinus
1501 5425 1746 5492 spiritale

168 5527 456 5594 quoddam
493 5531 710 5586 corpus
755 5528 788 5566 e
830 5517 963 5569 coelo
1001 5518 1265 5571 Christum
1307 5513 1557 5569 detulisse
1591 5515 1741 5570 vole-

293 5699 329 5730 τι
384 5701 404 5753 ι
455 5697 592 5747 Cor.
635 5701 709 5738 xv
735 5725 749 5742 .
782 5685 862 5736 47.
937 5646 976 5717 7"
1002 5688 1163 5740 Zach.
1195 5702 1274 5748 ιιι,
1300 5686 1350 5739 '5.

595 5781 872 5836 PATROL.
905 5779 1006 5836 Gn.
1043 5779 1233 5839 XVII.
3035 5764 3124 5822 :25
