3894 6426
425 378 531 433 Eliii

1660 367 1721 422 Ρ.
1764 366 2070 425 DANIELIS
2110 368 2337 427 IIUETII

3587 370 3686 423 8i?!

423 494 647 562 ἀρχῶν,
678 494 789 555 cap.
818 486 874 548 θ,
907 498 1051 537 num.
1080 482 1151 534 ες
1190 500 1207 531 ι
1243 481 1460 549 Propter
1490 484 1630 551 quod
1665 498 1782 537 cum
1815 487 1957 539 omni
1987 496 2033 551 Α
2130 489 2289 542 Trahi
2320 500 2526 557 quoque
2553 488 2683 540 illud
2716 495 2909 556 potest
2946 486 3006 537 in
3040 480 3390 535 calumniam
3421 484 3563 549 quod
3592 488 3687 537 ha-

432 594 570 636 metu
602 588 652 632 et
695 574 985 630 reverentia
1028 570 1487 639 contemplandum
1528 580 1641 638 est,
1677 583 1735 626 ut
1775 574 1825 627 in
1857 590 1961 629 uno

376 682 379 687 '
427 673 714 736 eodemque
739 664 811 717 ita
841 664 1119 729 utriusque
1156 669 1357 714 natura:
1382 661 1582 716 veritas
1629 664 1960 718 demonstre-

428 772 515 814 tur
536 797 551 821 ,
587 766 645 809 ut
679 768 849 821 neque
882 751 1079 821 aliquid
1122 751 1392 821 indignum
1420 760 1475 807 et
1516 752 1766 807 indecens
1795 756 1846 807 in
1879 756 1959 808 di-

423 850 542 901 vina
596 845 685 899 illa
733 852 787 898 et
829 840 1077 896 ineil‘abili
1125 839 1416 894 substantia
1466 842 1745 909 sentiatur,
1789 858 1960 912 neque

410 949 631 991 'rursum
656 947 775 1001 qua:
798 942 943 1001 gesta
978 938 1103 984 sunt
1134 930 1282 984 falsis
1312 930 1463 983 illusa
1496 932 1817 999 imaginibus
1845 934 1959 986 exi-

423 1028 741 1089 stimentur;
787 1041 805 1074 ι
837 1032 891 1076 et
921 1022 1013 1075 lib.
1047 1035 1076 1071 ν
1110 1021 1165 1073 in
1193 1020 1358 1087 Epist.
1388 1024 1457 1075 ad
1488 1021 1657 1086 Rom,
1705 1038 1852 1078 num.
1881 1024 1953 1077 9:

427 1132 449 1166 ι
483 1116 587 1169 Sed
630 1115 731 1168 hoc
766 1127 868 1167 non
909 1112 1257 1180 intelligentes
1296 1112 1510 1179 quidam
1566 1112 1953 1173 haereticorum,

419 1207 593 1261 conati
642 1216 768 1259 sunt
807 1219 871 1259 ex
925 1204 1027 1257 hoc
1067 1203 1302 1269 Apostoli
1351 1202 1467 1256 loco
1494 1202 1674 1269 (Rom.
1709 1216 1779 1265 vi,
1816 1203 1870 1266 5,
1901 1202 1956 1270 6)

420 1311 662 1352 asserere
704 1295 844 1364 quod
889 1294 1133 1348 Christus
1178 1308 1279 1347 non
1321 1307 1445 1347 vere
1477 1300 1715 1346 mortuus
1743 1292 1832 1358 sit,
1864 1294 1955 1346 sed

416 1386 820 1441 similitudinem
866 1384 1054 1438 mortis
1086 1383 1350 1448 habuerit,
1397 1392 1450 1437 et
1481 1384 1627 1437 visus
1662 1384 1733 1438 sit
1784 1382 1954 1451 magis

418 1479 553 1531 mori
578 1490 778 1545 ,quam
810 1489 934 1529 vere
971 1485 1211 1529 mortuus
1259 1474 1345 1527 sit.
1388 1473 1592 1539 Quibus
1637 1468 1956 1542 respondere

418 1568 668 1638 quoniam
697 1565 946 1634 perfacile
970 1575 1072 1624 est.
1095 1580 1196 1619 non
1219 1574 1344 1635 puto
1371 1564 1729 1619 necessarium
1756 1578 1819 1617 ex
1854 1578 1957 1616 ca:-

418 1660 548 1715 teris
563 1660 642 1712 vel
671 1658 933 1726 Apostoli,
957 1658 1039 1712 vel
1066 1657 1473 1726 Evangeliorum
1498 1655 1681 1716 dictis,
1708 1654 1795 1707 ubi
1826 1654 1954 1708 sim—

415 1749 621 1817 pliciter
651 1760 792 1800 mors
824 1745 956 1812 eius,
991 1756 1044 1801 et
1078 1761 1179 1799 nun
1216 1743 1506 1798 similitudo
1536 1745 1724 1795 mortis
1758 1743 1950 1795 scribi-

2060 578 2150 631 bet
2169 578 2423 647 Origenes
2453 580 2501 630 in
2529 579 2794 644 Apologia
2825 574 3120 643 Pamphili
3151 586 3221 626 ex
3254 572 3347 625 lib.
3387 588 3402 627 I
3435 574 3495 626 in
3523 572 3688 643 Epist.

2061 669 2128 719 ad
2161 667 2331 721 Galat.
2359 681 2378 719 :
2412 687 2429 719 ι
2467 666 2568 720 Sed
2597 678 2651 721 ct
2682 664 3163 720 circumcisionis
3190 662 3313 731 ejus
3352 664 3499 718 ratio
3544 668 3694 721 nobis

2058 758 2271 825 quidem
2316 773 2423 811 non
2470 757 2756 825 generabit
2803 754 3147 823 angustiam
3172 791 3189 815 ,
3224 753 3543 809 dicentibus
3576 772 3694 810 eum

2059 855 2449 913 consequenter
2466 845 2711 899 humano
2739 855 2994 910 corpore
3017 850 3080 893 et
3114 840 3527 895 circumcisum
3556 858 3695 906 esse.

2060 946 2112 987 et
2139 935 2453 1002 praeputium
2485 933 2600 999 ejus
2637 941 2803 984 terra:
2840 932 3198 984 mandatum
3239 929 3504 984 fortassis
3529 947 3697 1000 usque

2058 1027 2121 1077 ad
2170 1036 2416 1095 tempus;
2451 1032 2542 1077 aut
2576 1024 2620 1077 si
2670 1024 2839 1076 aliter
2870 1032 3007 1085 est,
3051 1022 3111 1073 in
3147 1022 3264 1075 alia
3320 1024 3700 1091 disputatione

2060 1118 2380 1183 requiratur.
2412 1114 2538 1169 Hazc
2562 1123 2744 1169 tamen
2775 1115 2903 1183 ejus
2936 1113 3325 1168 circumcisio
3358 1114 3504 1168 satis
3537 1130 3697 1168 coan-

2057 1207 2292 1274 gustabit
2325 1219 2417 1260 eos
2457 1204 2550 1274 qui
2594 1220 2662 1258 ex
2713 1206 2944 1259 diverso
3002 1213 3144 1259 sunt
3179 1204 3265 1273 (id
3311 1214 3426 1267 est,
3457 1205 3698 1276 ὲτεροδὸι

2057 1298 2196 1363 ξονς.
2231 1313 2336 1366 qua
2384 1298 2604 1353 notione
2643 1297 2838 1351 eadem
2889 1297 3116 1351 locutio
3145 1296 3289 1350 alibi
3339 1300 3695 1368 usurpatur);

2055 1389 2294 1458 spiritale
2333 1387 2476 1441 enim
2511 1401 2712 1455 corpus
2749 1388 3046 1457 quomodo
3097 1395 3343 1454 poterat
3374 1387 3700 1444 circumcidi

2056 1479 2199 1531 ferro
2223 1478 2481 1531 terreno?
2502 1475 2728 1545 Propter
2749 1477 2899 1544 quod
2933 1491 3051 1530 non
3079 1477 3460 1531 erubuerunt
3486 1479 3702 1546 quidam

2053 1576 2117 1616 ex
2150 1564 2279 1631 ipsis
2304 1563 2369 1616 de
2413 1564 2676 1632 praeputio
2714 1564 3191 1618 circumcisionis
3228 1564 3369 1633 ejus
3426 1566 3596 1620 etiam
3644 1569 3705 1621 lio

2054 1652 2179 1705 bros
2212 1655 2408 1713 edere,
2440 1654 2642 1721 quibus
2691 1653 2997 1707 ostendere
3040 1663 3425 1708 conarentur
3467 1660 3612 1725 quod
3656 1661 3703 1713 iu

2056 1742 2408 1795 substantiam
2441 1741 2672 1795 cesserit
2715 1742 3064 1809 spiritalem.
3098 1743 3224 1796 Non
3298 1746 3497 1800 minus
3527 1758 3704 1803 autem

417 1847 525 1898 tur,
555 1833 976 1887 testimoniorum
1008 1835 1211 1902 pondus
1241 1831 1510 1893 adhibere,
1539 1845 1658 1882 cum
1689 1831 1949 1897 possimus
1985 1818 2026 1871 Β
2055 1832 2481 1899 angustabuntur
2508 1832 2674 1885 etiam
2708 1831 2787 1883 illi
2820 1832 2919 1899 qui
2961 1832 3231 1887 animale
3270 1848 3492 1903 corpus
3526 1836 3708 1892 dicunt

414 1924 479 1976 ad
503 1938 595 1977 eos
622 1923 797 1977 dicere
823 1941 838 1976 :
868 1924 923 1978 Si
950 1924 1237 1976 similitudo
1266 1922 1456 1976 mortis
1474 1921 1588 1986 fuit,
1616 1930 1668 1975 et
1697 1937 1797 1974 non
1828 1937 1946 1975 vera

415 2014 758 2081 resurrectio,
781 2023 833 2068 et
865 2030 958 2068 nos
978 2028 1104 2083 ergo
1126 2014 1422 2066 videbimur
1449 2026 1744 2081 resurgere,
1771 2021 1823 2064 et
1845 2025 1947 2065 non

414 2117 777 2172 resurgemus:
804 2111 859 2156 et
878 2102 1175 2155 videbimur
1201 2101 1331 2153 mori
1355 2108 1588 2168 peccato,
1614 2108 1667 2154 et
1698 2114 1800 2152 non
1826 2113 1948 2152 vere

415 2195 704 2247 moriemur
728 2211 740 2247 :
766 2204 823 2246 et
847 2208 1005 2246 enine
1028 2205 1154 2259 ergo
1182 2190 1319 2259 quod
1348 2199 1551 2258 gestum
1581 2199 1686 2254 est,
1718 2198 1772 2242 et
1802 2189 1948 2257 geri-

415 2295 521 2347 tur,
549 2285 719 2336 visum
749 2293 832 2336 est
858 2282 1004 2351 geri,
1034 2280 1126 2334 sed
1176 2295 1279 2333 non
1318 2288 1398 2333 est
1430 2288 1656 2348 gestum.
1695 2278 1949 2345 Superest

414 2374 575 2441 igitur
602 2382 657 2425 ut
686 2382 738 2426 et
762 2374 901 2441 quod
941 2371 1128 2425 salvati
1175 2385 1378 2434 sumus,
1408 2370 1508 2423 visi
1539 2370 1705 2422 simus
1730 2367 1943 2434 salvari,

412 2463 507 2516 sed
532 2478 632 2514 non
661 2475 782 2514 vere
816 2460 1000 2513 salvati
1027 2460 1207 2512 simus.
1234 2456 1380 2511 Unde
1408 2458 1655 2525 quoniam
1690 2457 1799 2509 hac
1842 2466 1944 2508 tam

412 2553 640 2607 absurda
681 2560 824 2619 sunt,
860 2560 1041 2604 ut-non
1087 2551 1359 2619 indigeant
1401 2546 1819 2617 probationibus,
1852 2561 1947 2599 nos

412 2644 477 2697 ad
503 2641 925 2709 explanationem
938 2654 1135 2694 reorum
1163 2655 1279 2709 qua:
1306 2639 1567 2693 habentur
1594 2638 1644 2690 in
1680 2636 1949 2704 sequenti-

411 2749 509 2787 ms
533 2743 939 2796 convertamur;
968 2751 999 2783 ι
1027 2740 1080 2786 et
1140 2733 1231 2786 lib.
1265 2748 1301 2784 ιι
1346 2739 1520 2783 contra
1571 2727 1705 2782 Cela.
1731 2768 1744 2787 ,
1798 2742 1941 2780 num.

413 2824 499 2891 ιϐ,
548 2839 665 2892 pag.
698 2822 841 2875 40%:
888 2820 1080 2874 Ἔλαθε
1105 2821 1169 2873 δὲ
1209 2820 1365 2872 αὐτὸν
1408 2819 1467 2871 τὸ
1511 2818 1782 2888 εἰρηκέναι
1826 2816 1946 2869 τινὰ

409 2915 517 2968 τῶν
540 2916 596 2966 ὲν
616 2915 733 2976 ταῖς
760 2911 1014 2983 αἱρέσεσι,
1044 2912 1256 2982 δοκήσει
1295 2910 1383 2962 τὸν
1423 2907 1624 2979 Ἰησοῦν
1648 2908 1815 2961 ταῦτα
1848 2925 1945 2960 πε·-

410 3003 677 3067 -ωονθέναι,
705 3004 763 3056 οὐ
798 3002 1110 3055 πεπονθότα.
1144 3001 1219 3055 Οὐ
1251 3000 1356 3070 γὰρ
1417 3000 1666 3066 ἐγνωκὼς
1690 2995 1805 3050 εἷπε
1845 2997 1907 3049 τό
1928 3014 1943 3027 ο

409 3095 528 3147 ιύδὲ
550 3094 657 3165 γὰρ
678 3094 833 3147 τοῦτο
867 3093 1045 3145 εῖπετε
1062 3132 1076 3157 ,
1102 3092 1183 3144 ὅτι
1209 3091 1375 3142 ἐδόκει
1427 3090 1521 3159 μὲν
1549 3093 1660 3152 τοῖς
1704 3089 1945 3142 ἀσεϐέσιν

408 3182 706 3253 ἀνθρώποις
736 3181 905 3234 ταῦτα
938 3181 1180 3249 πάσχειν,
1204 3180 1300 3230 οὐκ
1322 3178 1519 3248 ἔπασχε
1546 3178 1628 3231 δέ·
1660 3177 1771 3231 ἀλλ’
1799 3179 1942 3232 ἄντι-

408 3290 543 3343 λρυς
571 3274 761 3326 παθεῖν
798 3272 1128 3342 ὁμολογεῖται
1153 3286 1165 3298 ³
1201 3269 1315 3321 ἀλλ’
1355 3271 1514 3338 ἡμεῖς
1556 3269 1616 3320 τὸ
1651 3269 1824 3321 δοκεῖν
1854 3269 1945 3320 ἐπὶ

407 3362 498 3413 τοῦ
530 3363 715 3414 παθεῖν
739 3360 798 3412 οὐ
826 3362 1119 3430 τάσσομεν,
1156 3359 1239 3411 ἴνα
1277 3358 1348 3428 μὴ
1380 3358 1575 3427 ψευδὴς
1610 3357 1771 3410 αὑτοῦ
1794 3358 1885 3410 καὶ
1907 3361 1940 3428 ὴ

408 3450 694 3511 ἀνάστασις
724 3445 779 3518 ᾖ,
804 3448 915 3500 ἀλλ’
946 3448 1166 3517 ἀληθής.
1201 3446 1257 3499 '0
1286 3444 1393 3515 γὰρ
1414 3444 1622 3514 ἀληθῶς
1646 3444 1941 3509 ἀποθανὼν,

408 3541 458 3592 ει
496 3539 687 3607 ἀνέστη
708 3576 722 3599 ,
751 3536 958 3607 ἀληθῶς
980 3537 1196 3605 ἀνέστη.
1240 3535 1298 3589 Ὀ
1323 3535 1378 3586 δὲ
1408 3534 1578 3587 δοκῶν
1612 3534 1940 3603 τεθνηκέναι,

407 3627 509 3679 οὐκ
540 3624 758 3695 ἀληθῶς
784 3626 1000 3695 ἀνέστη.
1028 3625 1160 3679 Hinc
1190 3625 1331 3678 illius
1361 3625 1410 3677 in
1454 3623 1803 3678 Marcionistis
1828 3625 1943 3693 opi-

410 3716 584 3768 nionis
614 3716 926 3767 damnanda;
966 3713 1385 3769 ac'cont’utanda:
1410 3722 1586 3780 partes
1626 3713 1942 3767 Adamantio

410 3810 553 3856 recte
589 3802 773 3856 tribuit
801 3812 989 3857 auctor
1021 3801 1211 3870 dialogi
1258 3800 1332 3854 De
1370 3810 1507 3854 recta
1542 3801 1596 3853 in
1623 3786 1785 3854 Deum
1815 3802 1941 3868 ﬁde,

408 3902 538 3947 sect.
564 3892 616 3945 4.

479 3981 586 4035 XII.
622 3982 749 4048 Quae
780 3996 900 4035 cum
931 3982 1000 4034 ita
1027 3982 1166 4044 sint,
1201 3981 1392 4034 mirum
1419 3979 1582 4034 videri
1606 3981 1790 4049 possit,
1816 3982 1940 4050 quid

409 4069 478 4123 sit
521 4086 615 4123 cur
660 4069 840 4123 homil.
876 4070 935 4121 l7
973 4070 1024 4121 in
1055 4067 1179 4120 Luc.
1224 4071 1292 4122 ita
1340 4069 1615 4137 scripserit
1648 4070 1938 4139 Origenes:

413 4175 431 4208 ι
472 4158 662 4213 Habuit
691 4174 883 4228 corpus
905 4160 1496 4229 humanum(Christus)
1528 4169 1582 4214 et
1606 4160 1707 4214 hoc
1734 4162 1939 4229 signum

408 4256 489 4299 est
519 4249 600 4300 cui
636 4248 1036 4302 contradicitur.
1064 4247 1167 4300 Alii
1197 4249 1337 4303 enim
1375 4250 1556 4303 dicunt
1578 4264 1697 4303 eum
1734 4250 1942 4304 venisse

408 4336 687 4399 decretis;
718 4336 807 4389 alii
851 4336 955 4390 tale
997 4339 1153 4404 quale
1198 4354 1292 4393 nos
1334 4353 1526 4408 corpus
1572 4339 1857 4404 habuisse,
1887 4349 1943 4393 ut

409 4438 504 4491 per
546 4424 938 4479 similitudinem
979 4428 1217 4494 corporis
1276 4427 1434 4480 etiam
1485 4436 1662 4481 nostra
1718 4441 1938 4497 corpora
1971 4454 2014 4509 Β

408 4511 693 4565 redimeret
716 4527 745 4566 a
789 4514 1039 4580 peccatis.
1075 4526 1129 4568 ct
1160 4516 1310 4569 daret
1340 4514 1490 4570 nobis
1521 4530 1668 4582 spem
1700 4530 1937 4571 resurre-

406 4600 623 4654 ctionis.
663 4618 681 4650 ›
721 4599 1078 4669 Reprehendit
1120 4617 1211 4657 eos
1242 4602 1500 4672 Origenes
1543 4605 1635 4670 qui
1666 4604 1934 4657 Christum

408 4687 592 4741 dicunt
622 4704 641 4736 ι
682 4685 782 4742 tale
829 4687 987 4756 quale
1029 4704 1125 4743 nos
1176 4705 1366 4758 corpus
1418 4690 1701 4757 habuisse;
1741 4709 1759 4739 ο
1810 4705 1937 4760 ergo

409 4788 601 4841 corpus
628 4775 792 4827 nostri
835 4776 1084 4832 dissimile
1103 4788 1339 4849 gestasse
1364 4779 1585 4846 putavit.
1618 4779 1672 4832 In
1705 4795 1809 4848 quo
1839 4797 1936 4832 au-

411 4872 516 4917 tem
546 4862 714 4930 posita
756 4863 915 4919 fuerit
938 4880 1000 4919 ea
1034 4867 1432 4932 dissimilitudo,
1457 4869 1570 4935 ipse
1617 4871 1861 4924 edisserit
1884 4875 1935 4923 in

409 4952 668 5017 prommio
699 4950 950 5007 librorum
989 4956 1127 5024 Περὶ
1154 4955 1383 5022 ἀρχῶν,
1421 4972 1565 5010 num.
1597 4958 1668 5010 ιε
1706 4977 1724 5007 ι
1761 4958 1937 5012 incar-

408 5051 564 5095 natus
593 5051 674 5097 est
699 5043 981 5115 (Christus)
1015 5062 1136 5100 cum
1168 5048 1303 5099 Deus
1327 5057 1488 5111 esset,
1517 5058 1571 5101 et
1601 5050 1755 5102 homo
1785 5064 1934 5102 man-

406 5132 474 5183 sit
504 5131 643 5200 quod
687 5132 827 5190 Deus
858 5147 995 5192 erat.
1027 5137 1227 5204 Corpus
1274 5138 1560 5205 assumpsit
1603 5148 1784 5193 nostro
1814 5154 1939 5193 cor-

406 5222 517 5289 pori
547 5223 739 5288 simile,
768 5240 833 5279 eo
857 5226 974 5282 solo
1004 5225 1252 5279 dill'erens
1274 5226 1413 5292 quod
1437 5238 1616 5279 natum
1635 5244 1697 5281 ex
1724 5228 1939 5297 Virgine

406 5309 472 5363 de
505 5310 701 5379 Spiritu
729 5325 915 5369 sancto
942 5325 1046 5370 est.
1077 5314 1141 5367 Et
1174 5314 1420 5380 quoniam
1460 5316 1557 5381 lhic
1595 5314 1748 5370 Iesus
1784 5316 1937 5370 Chri-

406 5407 520 5449 stus
563 5409 715 5455 natus
761 5412 815 5455 et
862 5417 1048 5472 passus
1095 5410 1177 5455 est
1225 5401 1276 5453 in
1321 5410 1562 5465 veritate,
1599 5415 1653 5458 et
1695 5420 1798 5457 non
1846 5418 1938 5469 per

408 5480 1125 5551 phantasiam'communem
1180 5490 1316 5542 hanc
1373 5501 1595 5544 mortem
1666 5493 1938 5554 sustinuit,

408 5585 532 5626 vere
576 5588 813 5635 mortuus
858 5590 940 5637 est
984 5600 998 5636 :
1050 5594 1174 5635 vere
1223 5577 1364 5635 enim
1415 5596 1442 5634 a
1490 5583 1710 5636 mortuis
1764 5596 1938 5635 resur-

411 5661 563 5726 rexit,
595 5681 613 5715 ι
642 5676 745 5721 etc.

2052 1934 2169 1972 esse
2198 1934 2389 1988 corpus
2420 1918 2645 1973 Christi.
2688 1938 2709 1970 ι
2745 1921 2895 1988 Ergo
2930 1921 3197 1975 animale
3245 1936 3471 1990 corpus
3498 1924 3709 1980 Christo

2052 2007 2350 2074 abjudicat;
2403 2009 2497 2062 sed
2550 2018 2606 2063 ct
2660 2010 2999 2073 humanum,
3036 2010 3382 2064 humanum
3442 2014 3706 2082 siquidem

2057 2113 2075 2145 ι
2108 2110 2304 2164 corpus
2342 2097 2576 2152 animale
2614 2116 2636 2149 ›
2680 2099 2837 2165 juxta
2869 2100 3236 2168 Apostoium
3278 2102 3299 2156 1
3335 2104 3475 2158 Cor.
3517 2121 3617 2169 ιν..
3646 2106 3709 2161 ﬂ

2051 2194 2104 2237 et
2132 2199 2244 2251 seq.
2274 2182 2473 2239 Verum
2505 2201 2597 2240 res
2626 2188 2789 2241 aliter
2812 2192 3072 2257 putanda
3114 2200 3243 2247 est.
3281 2192 3707 2250 Valentinianos

2051 2274 2308 2342 siquidem
2364 2276 2723 2346 perstringit,
2779 2280 2877 2346 qui
2932 2293 3076 2333 cum
3142 2282 3374 2350 triplex
3430 2284 3708 2340 hominum

2052 2377 2216 2429 genus
2245 2377 2363 2416 esse
2390 2363 2715 2428 sciscerent,
2749 2365 2863 2417 τῶν
2899 2369 3387 2436 πνευματικῶν,
3420 2371 3536 2424 τῶν
3557 2373 3707 2443 ψυχι-

2051 2453 2181 2517 κῶν,
2228 2462 2283 2507 et
2311 2452 2417 2505 τῶν
2450 2455 2652 2523 χοῖκῶν
2685 2459 2779 2525 qui
2829 2467 2887 2513 et
2937 2460 3181 2524 ὑλικοὶ,
3226 2470 3295 2515 et
3353 2466 3621 2532 capxtxs't
3662 2476 3711 2519 et

2049 2543 2223 2611 γήϊνοι
2262 2541 2329 2594 ab
2358 2543 2464 2596 illis
2507 2544 2837 2599 dicebantur
2863 2586 2880 2613 ,
2920 2557 2984 2602 et
3034 2550 3256 2618 priora
3313 2553 3435 2607 duo
3483 2556 3708 2609 salutem

2049 2642 2299 2684 aeternam
2330 2635 2546 2700 assequi
2574 2648 2757 2701 posse.
2786 2639 3084 2703 posterius
3115 2644 3489 2711 neutiquam
3520 2645 3710 2707 ;Chri-

2052 2731 2190 2772 stum
2215 2735 2320 2774 non
2341 2724 2719 2795 πνευματικὴν
2737 2727 2943 2788 solum,
2979 2729 3088 2782 sed
3112 2728 3398 2803 ψυχικὴν
3434 2734 3602 2788 etiam
3624 2752 3713 2786 na.

2052 2821 2221 2863 turam
2252 2813 2611 2880 assumpsisse
2642 2816 3019 2872 deﬁniebant.
3068 2819 3331 2877 Testem
3388 2825 3589 2880 damus
3615 2826 3715 2878 Ire-

2052 2916 2220 2953 naeum
2247 2903 2382 2969 apud
2420 2904 2783 2973 Epiphaniam
2816 2908 2957 2963 haer.
2992 2926 3145 2966 χχιι
3171 2952 3195 2978 ,
3259 2929 3399 2984 cap.
3448 2916 3525 2969 20
3568 2936 3583 2972 :
3628 2919 3715 2971 Διὸ

2050 2992 2142 3043 καὶ
2171 2991 2370 3061 κόσμον
2396 2998 2837 3051 κατεσκευάσθαι
2868 2999 3113 3069 λέγουσι
3133 3043 3153 3067 ,
3210 3008 3323 3059 καὶ
3358 3009 3459 3060 τὸν
3489 3010 3712 3081 Σωτῆρα

2049 3081 2105 3133 δὲ
2133 3084 2223 3135 ἐπὶ
2249 3082 2405 3136 τοῦτο
2426 3089 2868 3155 παραγεγονέναι
2901 3092 2970 3144 τὸ
3001 3093 3307 3164 ψυχικὸν,
3344 3100 3477 3152 ἐπεὶ
3508 3102 3604 3153 καὶ
3626 3103 3690 3154 αὐ

2044 3171 2309 3263 τεξούσιόν
2350 3175 2520 3238 ἐστιν,
2568 3177 2721 3241 ὅπως
2762 3180 2902 3232 αὐτὸ
2945 3182 3149 3257 σώσῃ.
3197 3184 3320 3241 1Ὡν
3377 3191 3498 3262 γὰρ
3529 3192 3712 3263 ἔμελλε

2045 3260 2267 3325 σώζειν,
2313 3263 2411 3326 τὰς
2453 3267 2710 3337 ἀπαρχὰς
2758 3271 2951 3324 αὐτῶν
3008 3276 3351 3347 εἰληφέναι
3387 3260 3713 3351 φάσκουσιν,

2042 3352 2147 3404 ἀπὸ
2179 3351 2275 3422 μὲν
2314 3354 2413 3423 τῆς
2451 3357 2702 3427 Ἁχαμὼθ
2742 3361 2805 3413 τὸ
2841 3371 3274 3434 πνευματικὸν
3298 3413 3314 3435 ,
3342 3357 3493 3427 ’ἀπὸ
3525 3377 3584 3428 δὲ
3627 3376 3715 3430 τοῦ

2042 3444 2376 3535 Δημιουργοῦ
2410 3446 2721 3502 ἐνδεδύσθαι
2751 3452 2816 3503 τὸ
2853 3454 3115 3525 ψυχικὸν
3166 3463 3479 3535 Χριστὸν,
3510 3468 3623 3522 ἀπὸ
3663 3469 3715 3521 δὲ

2041 3532 2139 3628 τῇς
2162 3534 2466 3602 οἰκονομίας
2489 3540 2902 3608 περιτεθεῖςθαι
2939 3548 3121 3619 σῶμα
3158 3532 3440 3626 ψυχικὴν
3477 3558 3603 3628 ἔχον
3631 3560 3716 3610 οὐ.

2043 3619 2195 3719 σίανὶ
2222 3628 2730 3695 κατεσκευασμένον
2766 3630 2838 3682 δὲ
2885 3634 3149 3709 ἀρρήτῳ
3426 3688 3442 3709 ,
3662 3648 3717 3701 τὸ

2041 3711 2134 3809 καὶ
2174 3712 2530 3809 ὁρατδνηκαι
2569 3718 2924 3809 ψηλαφητὸν,
2982 3731 3094 3782 καὶ
3151 3711 3442 3808 παθῇτδν
3488 3711 3715 3809 γεγενῆ-

2042 3800 2182 3853 σθαι.
2206 3803 2342 3898 ⁸ἰξαὶ
2377 3804 2577 3898 -ὑ-ὶιικὸν
2616 3808 2674 3860 δὲ
2701 3812 2845 3898 *οὐδ’
2891 3817 3095 3871 ὁτιοῦν
3153 3800 3716 3898 campani-Israe-

2044 3909 2125 3992 σιν
2161 3892 2339 3992 αὐτόιν.
2506 3896 2615 3968 γὰρ
2670 3895 2815 3953 εἶναι
2858 3905 2969 3975 τὴν
3008 3908 3170 3981 ὓλην
3218 3892 3507 3991 δεκτικὴν

2043 3981 2181 4077 piae.
2219 4000 2238 4033 ι
2271 3983 2609 4077 Quocircaet
2646 3993 2918 4047 mundum
2955 4003 3296 4061 conditum
3331 3981 3472 4067 esse
3506 3981 3711 4077 dicuni,

2040 4072 2455 4170 Servatorem
2486 4074 2552 4127 ad
2591 4077 2834 4133 animale
2869 4082 3017 4140 illud
3051 4091 3423 4164 devenisse,
3454 4072 3711 4170 quoniam

2042 4160 2286 4216 libertate
2314 4163 2520 4217 arbitrii
2548 4165 2736 4233 pollet,
2766 4178 2828 4222 ut
2859 4171 2916 4226 id
2955 4191 3281 4240 servaret.
3311 4160 3546 4256 Quibus
3576 4194 3715 4248 enim

2039 4252 2261 4349 salutem
2296 4266 2712 4322 comparaturus
2740 4275 2942 4331 esset,
2995 4285 3229 4331 eorum
3286 4252 3588 4349 primitias
3632 4301 3718 4338 as—

2041 4340 2330 4444 splp‘psifse
2371 4341 2555 4397 dicunt
2580 4351 3077 4444 ;-ab‘Aehamoth
3133 4340 3397 4434 quid-em
3438 4376 3712 4444 spiritale,

2041 4427 2108 4534 ah
2129 4428 2331 4534 Opi-tice
2359 4444 2490 4534 vero
2517 4434 2758 4491 animale
2780 4438 3094 4504 Christum
3128 4427 3719 4534 induisse

2041 4518 2558 4621 administrationem
2623 4536 2813 4584 autem
2881 4550 3055 4595 suam
3110 4518 3625 4621 circumpositum
3673 4518 3718 4609 ei

2041 4605 2205 4660 fuisse
2238 4622 2432 4676 corpus
2478 4612 2699 4668 animali
2751 4632 2969 4682 natura
3026 4605 3721 4707 prmditumiineli'abili

2042 4795 2145 4895 s‘et.
2173 4786 2314 4840 Nihil
2346 4801 2523 4843 autem
2556 4802 2791 4854 materia
2824 4786 3118 4868 constans
3176 4786 3361 4876 illum
3400 4786 3723 4895 suscepisse

2041 4876 2273 5034 ἓίῖυιιη
2319 4883 2599 4938 materiam
2649 4893 2863 4964 quippe
2918 4904 3145 4962 salutis
3194 4876 3723 4985 neutiquanresse

2077 4982 2102 5017 a
2146 4982 2314 5022 acem.
2354 4989 2371 5021 ι

2077 4982 2314 5022 anacem.
2354 4989 2371 5021 ι

2112 5055 2258 5155 XIII.
2286 5060 2361 5155 Ac
2400 5066 2661 5155 cogitanti
2698 5075 2833 5130 mihi
2871 5086 3032 5141 unde
3073 5089 3242 5148 hanc
3272 5095 3351 5151 de
3390 5113 3461 5153 se
3501 5101 3723 5155 violam

2044 5143 2391 5247 humanitatis
2417 5152 2645 5225 Christi,
2678 5164 2843 5234 eique
2880 5173 3013 5228 l'aisi

2041 5246 2333 5349 sptcsonem
2357 5253 2719 5307 commoverit
2744 5254 3056 5327 Origenes,
3086 5270 3231 5325 locu
3244 5289 3304 5327 m
3354 5246 3544 5333 nulum
3572 5296 3721 5349 pra:-

2044 5327 2126 5420 ter
2150 5328 2458 5433 superiores
2493 5334 2633 5393 duos
2680 5348 2926 5412 reperio,
2958 5355 3118 5409 unde
3154 5359 3298 5417 haec
3581 5327 3717 5422 Idri—ri

2040 5420 2454 5520 fillinlttallo:-Is
2488 5425 2722 5520 habetur
2754 5444 2920 5492 tract.
2955 5456 3115 5497 xxxv
3159 5450 3226 5502 in
3265 5452 3521 5520 nam...
3570 5474 3713 5511 nutu.

2043 5500 2165 5602 1‘00,
2190 5519 2311 5577 pag.
2343 5510 2491 5571 906:
2527 5537 2545 5570 ι
2571 5518 2736 5577 Venit
2769 5538 2958 5583 autem
3009 5500 3717 5602 traditioﬁtalis‘

2041 5590 2107 5640 de
2130 5606 2218 5657 eo,
2242 5603 2499 5692 quoniam
2525 5626 2631 5667 non
2656 5613 2833 5670 solum
2859 5619 2985 5675 dua:
3010 5622 3232 5684 forum:
3260 5633 3324 5685 in
3347 5590 3710 5692 eo'l'uernnt:

2044 5692 2146 5732 una
2178 5689 2395 5753 quidem
2443 5706 2743 5762 secundum
2784 5723 2953 5777 quam
2981 5729 3200 5774 omnes
3227 5738 3377 5781 eum
3408 5689 3709 5795 videbant;
