3894 6436
163 437 229 487 211)

196 547 300 595 ἢν
335 504 414 553 1⁵³
466 508 664 603 Tite-tn
719 521 1036 577 secundum
1089 539 1243 592 quam
1295 525 1696 594 transfiguratus
1761 535 1843 577 est
1871 532 1915 585 Α
1947 527 2280 589 tellexerant,
2323 531 2454 583 adeo
2481 541 2538 584 ιιι
2579 532 2720 584 aliud
2771 530 3019 600 aliudque
3051 530 3274 598 singulis
3311 545 3473 599 appa-

220 590 437 684 ξξτςριη
467 590 777 666 θῖδεῖβιιιὶε
805 612 929 665 suis
967 614 1018 665 in
1046 590 1242 680 monte,
1263 621 1472 683 quando
1487 590 1552 670 vet
1598 616 1835 684 resplen-

1099 403 1653 459 ORIGENlANORUM
1691 403 1815 460 LIB.
1857 405 1921 468 li,
1961 408 2110 460 CAP.
2151 408 2214 472 ll,
2253 410 2524 475 QUJEST.
2565 413 2650 467 111.
3371 415 3473 467 8H

255 713 366 761 NW
411 683 590 742 facies
634 691 760 760 eius
799 708 1061 774 tanquam
1089 706 1190 766 sol,
1220 708 1310 759 sed
1362 707 1520 758 etiam
1555 683 1836 772 unicuique

288 778 570 856 awarebat
609 788 922 842 secundum
969 793 1106 858 quod
1157 792 1326 845 fuerat
1372 793 1579 860 dignus.
1611 791 1672 843 Et
1717 807 1836 844 eum

293 878 472 930 fuisset
505 871 647 941 ipse,
677 878 838 942 quasi
886 895 990 933 non
1048 881 1158 946 ipse
1191 880 1436 934 omnibus
1490 881 1786 934 videbatur.
1817 898 1835 931 ι

301 967 360 1019 Et
407 963 572 1034 paulo
625 975 793 1032 post:
832 985 851 1016 ι
875 966 943 1020 Et
970 982 1074 1020 non
1105 969 1232 1021 mihi
1269 970 1474 1023 videtur
1517 969 1844 1024 incredibilis

291 1071 410 1110 esse
441 1055 666 1109 traditio
711 1057 846 1120 haec,
879 1058 992 1112 sive
1043 1058 1394 1126 corporaliter
1424 1069 1641 1127 pr0pter
1672 1061 1840 1128 ipsum

291 1145 500 1207 Jesum,
533 1154 592 1197 ut
624 1144 730 1197 alio
757 1155 813 1197 et
845 1146 952 1199 alio
994 1146 1149 1200 modo
1188 1147 1457 1200 videretur
1505 1148 1840 1211 hominibus;

283 1235 405 1288 sive
437 1243 663 1302 propter
709 1233 878 1300 ipsam
912 1234 1072 1288 Verhi
1114 1244 1352 1288 naturam
1391 1237 1528 1304 quod
1564 1252 1666 1289 non
1697 1235 1844 1288 simi-

283 1323 410 1376 liter
453 1324 668 1375 cnnctis
705 1329 947 1390 apparet.
1003 1323 1057 1376 Si
1102 1332 1277 1377 autem
1325 1326 1425 1378 hoc
1457 1326 1530 1378 ita
1565 1341 1622 1379 se
1664 1325 1841 1389 habet,

275 1412 548 1480 possibile
591 1423 675 1465 est
727 1413 1042 1467 solutionem
1065 1413 1180 1478 ejus
1214 1414 1450 1470 invenire
1488 1416 1624 1484 quod
1654 1415 1845 1483 quaeri-

276 1513 397 1555 tur.
435 1501 712 1567 Quoniam
749 1502 851 1556 etsi
907 1501 1210 1568 freqaenter
1247 1516 1366 1555 eum
1409 1502 1653 1556 viderunt
1678 1505 1844 1556 turba:

269 1590 578 1644 venientes
617 1605 739 1644 cum
787 1589 942 1653 Juda,
991 1591 1331 1644 nihilominus
1375 1605 1508 1658 Oplls
1556 1591 1841 1652 habebant,

269 1693 516 1751 propter
547 1679 1058 1734 transformationes
1085 1679 1220 1746 ejus,
1254 1679 1343 1746 qui
1380 1693 1499 1734 eum
1544 1680 1846 1750 ostenderet

262 1775 384 1835 eis,
418 1771 634 1824 habens
667 1771 910 1824 notitiam
938 1769 1052 1836 ejus
1082 1769 1478 1822 familiariorem
1514 1784 1605 1837 per
1629 1770 1842 1823 multam

1945 626 2104 676 reret,
2135 618 2370 682 proclive
2393 619 2459 670 iis
2482 620 2581 672 fuit
2603 615 2911 675 existimare
2933 621 3292 675 mutuatitium
3326 622 3470 687 illud,

1940 714 1997 758 et
2041 706 2273 759 ascititia
2329 707 2610 761 conflatum
2659 711 2980 776 substantia,
3025 727 3129 766 non
3174 714 3468 780 proprium,

1941 808 2040 847 nec
2073 795 2233 848 nostri
2265 795 2455 858 simile,
2481 797 2720 852 eumdem
2751 802 3060 857 credidisse.
3107 803 3162 856 Si
3198 816 3350 870 quem
3376 818 3471 854 au-

1943 892 2044 936 tem
2075 881 2292 938 oﬂ‘endit
2319 893 2676 936 commentum
2706 883 2856 943 illud,
2881 887 3054 940 varias
3085 886 3356 941 Christum
3389 886 3474 938 in-

1945 971 2121 1024 duisse
2173 970 2392 1030 formas,
2437 979 2491 1023 et
2531 985 2651 1024 sese
2693 987 2785 1039 pro
2821 973 2974 1028 liliitu
3028 974 3364 1042 versipellem
3399 974 3474 1027 fe-

1943 1060 2108 1117 cisse;
2139 1067 2284 1111 notet
2315 1059 2405 1112 ille
2437 1059 2764 1126 propositum
2801 1060 2964 1114 fuisse
2997 1061 3098 1116 hoc
3135 1062 3200 1116 ab
3225 1061 3471 1132 Origene,

1947 1159 2197 1216 tanquam
2231 1146 2298 1200 ab
2319 1147 2437 1200 aliis
2463 1147 2561 1200 sibi
2607 1148 2875 1210 traditum,
2910 1163 3011 1202 non
3039 1149 3182 1203 velut
3209 1165 3238 1202 a
3267 1165 3324 1204 se
3352 1165 3472 1204 con-

1947 1237 2154 1299 fictam;
2189 1247 2244 1289 ut
2303 1252 2410 1290 rem
2465 1237 2680 1290 minime
2730 1237 3093 1293 incredibilem
3121 1277 3137 1302 ,
3177 1254 3280 1294 non
3321 1240 3470 1308 quasi

1947 1337 2275 1394 compertam
2298 1365 2311 1386 ,
2337 1328 2645 1388 dubitando,
2675 1343 2776 1378 non
2806 1329 3108 1380 asserendo.

2017 1415 2152 1469 XIV.
2196 1416 2338 1469 Inter
2380 1431 2567 1470 novem
2621 1417 3022 1470 criminationes
3081 1431 3211 1485 quas
3258 1416 3470 1486 Origeni

1950 1505 2170 1574 impingi
2206 1505 2392 1558 solitas
2422 1504 2621 1558 refutat
2645 1504 2951 1572 Pamphilus
2975 1505 3028 1558 in
3062 1504 3332 1572 Apologia,
3367 1514 3471 1558 ter-

1948 1597 2015 1646 tia
2053 1595 2136 1647 illa
2161 1603 2272 1656 est,
2300 1612 2318 1643 ι
2346 1595 2485 1662 quod
2529 1595 2707 1647 dicunt
2740 1609 2858 1646 cum
2885 1593 3175 1646 secundum
3219 1593 3473 1645 Arteman

1951 1684 2034 1737 vel
2060 1683 2276 1737 Paulum
2306 1683 2730 1744 Samosatenum,
2761 1697 2948 1750 parum
2974 1681 3264 1744 hominem,
3297 1681 3348 1733 id
3370 1689 3470 1743 est.

1951 1790 2054 1826 non
2083 1774 2242 1826 etiam
2270 1772 2436 1824 Deum
2463 1773 2640 1827 dicere
2669 1772 2930 1826 Christum
2964 1771 3153 1825 Filium
3185 1771 3295 1838 Dei.
3330 1768 3472 1823 »ΝΞ-

263 1858 783 1911 commorationem
805 1871 927 1912 cum
951 1871 1037 1918 eo,
1063 1865 1118 1908 ιιι
1149 1854 1467 1923 intelligeret
1495 1857 1843 1909 lransforma-
1876 1870 1915 1921 Β
1945 1864 2209 1929 celihorlls
2254 1862 2468 1928 quidem
2518 1861 2610 1914 lib.
2643 1876 2772 1920 xvii,
2806 1875 2923 1926 cap.
2957 1860 3046 1919 27,
3069 1859 3134 1912 de
3159 1859 3371 1913 Christo
3397 1859 3474 1912 di-

265 1947 468 2000 tiones
495 1944 621 2012 ejus
658 1945 955 1999 secundum
1003 1959 1138 2014 quas
1176 1946 1288 1998 suis
1317 1958 1572 2013 apparere
1616 1945 1838 2000 solebat.

264 2036 399 2089 Hoc
445 2035 591 2088 idem
631 2034 966 2103 significatur
998 2035 1155 2086 etiam
1188 2049 1280 2101 per
1316 2032 1571 2086 Joannem
1615 2049 1843 2101 evange-

265 2124 492 2186 listam,
525 2122 622 2176 ubi
655 2123 834 2175 sciens
855 2121 1012 2175 Jesus
1039 2137 1155 2188 quin
1179 2129 1556 2189 superventnra
1581 2131 1733 2174 erant
1760 2122 1833 2185 ei,

267 2210 600 2280 procedens
623 2209 914 2262 forasdixit
940 2226 953 2262 :
979 2227 997 2258 ι
1029 2209 1192 2274 Quem
1218 2208 1490 2275 quaeritis?
1513 2213 1580 2261 At
1597 2209 1668 2259 illi
1687 2208 1833 2260 dixe-

270 2312 436 2364 runt,
473 2298 668 2354 Jesuin
719 2297 1076 2351 Nazarenam.
1136 2297 1198 2350 Et
1232 2298 1366 2351 dixit
1400 2298 1476 2350 eis
1505 2314 1517 2349 :
1548 2297 1657 2362 Ego
1691 2291 1840 2362 sum;

266 2399 331 2443 et
365 2388 657 2452 abierunt,
684 2396 740 2441 et
769 2387 1080 2442 ceciderunt
1113 2397 1402 2440 retrorsum
1424 2387 1489 2438 ⁷³.
1517 2387 1702 2439 iVides
1720 2387 1841 2452 quia

271 2497 388 2534 non
422 2493 552 2532 eum
597 2478 1028 2546 cognoscebant,
1060 2493 1178 2530 cum
1233 2476 1541 2544 frequenter
1566 2476 1843 2537 vidissent,

270 2581 510 2640 propter
562 2567 1062 2636 transfigurationes
1123 2567 1306 2635 ipsius.
1353 2587 1371 2619 ι
1431 2566 1554 2621 llasc
1609 2577 1846 2634 repetere

271 2673 578 2714 necessum
623 2658 932 2720 habuimus,
961 2673 1026 2711 ne
1045 2657 1176 2724 quid
1205 2658 1268 2711 de
1301 2657 1561 2710 sententia
1602 2657 1843 2724 Origenis

268 2753 703 2820 decerperetur.
733 2747 834 2814 Qui
867 2752 1016 2816 ergo}
1039 2746 1375 2814 frequentem
1404 2746 1693 2799 formarum
1721 2761 1838 2798 mu-

268 2843 552 2896 tationem
600 2838 807 2894 Cbristi
861 2837 1070 2905 corpori
1110 2836 1416 2906 assignasse
1453 2836 1733 2903 Origenem
1759 2834 1841 2887 in-

351 2955 403 2987 "
438 2953 605 3008 Joan.
641 2965 792 3014 xvttl,
832 2949 963 3004 4-6.

1948 1950 2092 2002 xisse
2135 1948 2413 2017 Origenem
2455 1947 2635 2008 tradit,
2679 1948 2758 1999 ὅτι
2785 1947 2934 2015 ψιλὸς
2962 1947 3237 2017 ἄνθρωπος
3257 1943 3342 2017 ἦν.
3371 1947 3475 2018 Cy.

1948 2037 2122 2090 riacus
2143 2051 2373 2105 quoque,
2408 2036 2544 2103 apud
2576 2035 2876 2090 Simeonem
2910 2035 3310 2103 llletaplirastetn
3345 2034 3474 2089 Vita:

1945 2124 2064 2192 ejus
2091 2123 2433 2192 scriptorem,
2464 2123 2792 2192 Origenistas
2822 2123 3151 2177 Palaestinam
3198 2136 3349 2181 sexto
3372 2140 3473 2178 sai-

1945 2214 2063 2265 culo
2101 2214 2391 2266 insidentes
2423 2213 2621 2265 dixisse
2642 2211 2865 2265 afﬁrmat
2893 2230 2911 2263 ι
2932 2213 3198 2266 Christum
3228 2229 3332 2268 non
3356 2227 3476 2267 esse

1945 2318 2105 2354 ttnmn
2137 2317 2202 2355 ex
2231 2301 2509 2354 Trinitate.
2536 2320 2554 2352 ι
2593 2299 2740 2355 lianc
2771 2301 3196 2356 criminationem
3231 2302 3349 2356 aliis
3381 2317 3466 2356 su-

1945 2391 2124 2459 perius
2165 2406 2194 2442 a
2243 2404 2300 2443 se
2344 2391 2780 2445 commemoratis
2817 2392 2968 2444 valde
3004 2392 3324 2446 contrariam
3355 2407 3478 2448 esse

1945 2481 2074 2533 dicit
2098 2479 2428 2547 Pamphilus,
2453 2479 2544 2531 sed
2577 2481 2742 2531 inulto
2773 2481 2940 2548 magis
2970 2481 3130 2535 etiam
3165 2492 3366 2551 quarta:
3389 2498 3475 2538 re-

1947 2579 2166 2636 pugnat,
2194 2583 2353 2636 quam
2401 2568 2452 2619 in
2507 2569 2747 2636 proxime
2788 2571 3202 2636 praecedentibus
3242 2572 3473 2626 examini

1947 2668 2130 2711 nostro
2175 2656 2528 2723 subiecimus;
2561 2657 2698 2710 unde
2726 2656 3035 2712 alterutrius
3068 2661 3274 2714 falsitas
3302 2662 3469 2714 mani-

1946 2747 2076 2802 feste
2099 2749 2301 2810 elucet;
2333 2746 2443 2815 (‘25)
2461 2748 2550 2799 sed
2568 2747 2764 2801 clarius
2791 2749 2948 2800 etiam
2981 2752 3130 2802 tertia
3157 2751 3240 2802 illa
3265 2753 3477 2806 convel~

1947 2838 2073 2890 litur
2107 2851 2168 2890 ex
2197 2837 2464 2890 sexcentis
2503 2835 2747 2904 Origenis
2795 2836 3048 2892 adversus
3094 2839 3369 2905 Ebionem,
3394 2843 3479 2896 Vel

355 3070 474 3143 ('25)
510 3069 620 3143 Sed
667 3068 866 3143 clarius
921 3067 1076 3143 etiam
1121 3076 1270 3120 tertia
1300 3069 1414 3143 _ttln
1459 3070 1756 3143 convellitur
1781 3085 1844 3143 ea:
1869 3073 1913 3134 ρ
1946 3077 2024 3120 tra
2058 3067 2309 3143 ethnicos
2329 3066 2656 3143 defensione,
2688 3066 2730 3143 s_i
2761 3075 2818 3118 ut
2847 3067 2909 3143 ad
2951 3066 3173 3143 tollenda
3191 3082 3476 3143 poenarum

271 3136 573 3200 viceritis,
601 3145 710 3190 etc.
750 3136 908 3189 Clare
940 3137 1099 3187 etiam
1134 3137 1447 3189 convellitur
1485 3152 1547 3190 ex
1603 3138 1844 3204 plurimis

273 3222 470 3262 contra
525 3205 735 3258 Celsum
793 3204 944 3266 locis,
977 3218 1093 3270 qua:
1138 3203 1348 3269 collegit
1385 3203 1723 3261 doctissimus
1753 3221 1846 3256 no-

273 3289 400 3330 ster
451 3275 691 3327 domnus
717 3272 1034 3324 Prudentius
1064 3272 1240 3323 Maran
1275 3275 1324 3324 in
1359 3287 1454 3325 suo
1488 3273 1560 3326 De
1583 3275 1846 3326 divinitate

277 3345 492 3397 Christi
551 3343 692 3394 libro
740 3355 845 3408 III,
872 3353 990 3408 cap.
1035 3341 1089 3398 3,
1127 3355 1273 3390 num.
1303 3340 1338 3392 2
1375 3350 1428 3392 et
1480 3355 1615 3408 seq.,
1643 3351 1697 3393 et
1730 3357 1849 3407 quae

279 3413 372 3466 hic
416 3412 635 3464 relerre
679 3424 788 3461 non
836 3407 1025 3476 inutile
1048 3408 1311 3476 ducimus.
1342 3428 1360 3458 ι
1393 3408 1510 3462 Non
1539 3407 1740 3476 effugit.
1767 3408 1845 3460 inc

281 3483 428 3549 quit,
471 3474 1497 3549 Celsus_reprehensionen1_Qrigenis,
1537 3474 1773 3549 quoties
1797 3479 1846 3529 in

277 3543 619 3617 exponenda
684 3543 1005 3617 J_mla:orum_
1047 3555 1100 3617 et
1143 3543 1570 3617 Christianorum
1609 3545 1851 3617 doctrina

279 3611 605 3680 claudicat;
634 3613 780 3666 velut
819 3626 940 3665 cum
981 3611 1214 3664 Jndzenm
1257 3612 1307 3664 in
1353 3614 1606 3666 miracula
1652 3620 1705 3666 et
1738 3613 1849 3665 viSa

280 3686 514 3739 cmlitus
539 3682 750 3742 onlata,
802 3682 850 3732 in
897 3681 1262 3746 przedirtioues
1285 3687 1339 3731 et
1375 3682 1622 3733 vaticinia
1667 3680 1853 3744 iocan-

287 3765 420 3815 tem,
454 3762 558 3804 aut
593 3750 661 3804 de
725 3747 930 3802 Messias
971 3747 1130 3800 futuri
1174 3748 1457 3815 divinitate
1512 3748 1850 3801 confitentem

286 3823 526 3882 inducit,
563 3817 684 3885 (lib.
716 3832 756 3877 I,
814 3830 962 3870 num.
997 3816 1066 3885 45
1096 3825 1149 3869 et
1170 3814 1258 3882 49)
1290 3823 1513 3885 autcum
1544 3815 1707 3885 Deum
1732 3830 1852 3868 cor-

287 3905 526 3957 porcum
548 3883 868 3957 (lib.m,_n.
893 3885 1004 3957 56),
1027 3884 1294 3957 Christum
1321 3883 1572 3937 Creatore
1600 3883 1852 3957 majorem

284 3949 318 4010 Ξι
371 3949 722 4010 Christianis
781 3954 902 4020 litigi
949 3949 1151 4006 dictitat
1194 3951 1306 4020 (lib.
1356 3964 1468 4014 vm,
1498 3949 1709 4020 p.175).
1749 3952 1852 4003 Sed

283 4043 418 4080 cum
457 4026 610 4076 idem
642 4022 832 4075 Celsus
860 4017 1054 4086 {praet-it
1087 4035 1180 4071 cur
1206 4017 1352 4071 Deus
1387 4021 1451 4072 ad
1498 4017 1738 4072 homines
1762 4033 1855 4072 ve-

295 4095 450 4148 nerit
497 4092 623 4160 (lib.
651 4106 729 4151 tv,
761 4105 814 4141 ιι.
855 4090 1082 4160 5),ννι;ιιιιι
1106 4087 1278 4138 omnia
1306 4087 1712 4160 divinavirtute
1738 4102 1858 4160 cor-

289 4164 478 4230 rigere
507 4155 748 4230 posset:
777 4155 899 4230 eum
933 4159 1044 4208 fieri
1066 4169 1227 4230 posse
1252 4165 1409 4223 negat
1429 4155 1654 4230 (ιὶιιηνι,
1681 4171 1732 4230 ιι.
1767 4155 1854 4230 ξιῖι)

289 4170 478 4230 rigere
526 4170 748 4228 posset:
777 4171 898 4210 cum
933 4170 1044 4208 llel‘l
1066 4170 1227 4274 posse
1252 4170 1542 4223 negatum.
1581 4170 1654 4218 vi,
1681 4171 1732 4205 ιι.
1778 4170 1854 4219 to)

286 4241 354 4284 ut
395 4231 546 4283 Deus
577 4224 893 4287 descendat,
930 4234 1021 4275 aut
1091 4223 1252 4276 ‘iliutn
1296 4237 1360 4275 ac
1389 4221 1858 4292 propritii_irSpiri-

290 4310 410 4353 tum
441 4298 666 4358 mittat;
698 4309 820 4346 cum
847 4307 954 4345 non
978 4292 1150 4344 minus
1178 4290 1472 4358 repugnare
1492 4291 1569 4342 ait
1611 4290 1729 4358 (lib.
1761 4305 1856 4350 vu,

1945 3136 2259 3189 :eternitatis
2286 3133 2652 3198 incommoda,
2704 3134 2774 3186 ita
2822 3138 2981 3187 etiam
3022 3136 3087 3186 ad
3134 3133 3474 3188 minuendum

1950 3205 2038 3256 Dei
2069 3205 2327 3256 incarnali
2373 3203 2703 3271 mysterium,
2741 3203 3074 3271 quodrmnlto
3114 3203 3476 3258 incredibilius

1947 3273 2249 3332 videbatur,
2284 3270 2516 3338 aliquam
2554 3272 2689 3323 viam
2731 3270 3037 3338 invenisset.
3070 3272 3137 3322 At
3185 3286 3290 3336 quo
3339 3273 3474 3325 stul-

1949 3340 2052 3393 tius
2079 3339 2282 3392 videtur
2311 3338 2465 3392 Celso
2502 3340 2660 3391 Deum
2703 3339 2968 3391 hominem
3018 3337 3151 3400 ﬁeri,
3185 3353 3249 3391 eo
3298 3343 3476 3393 acrius

1949 3409 2048 3460 hoc
2076 3409 2382 3476 mysterium
2425 3416 2600 3460 tuetur
2630 3406 2904 3473 Origenes,
2933 3422 3037 3476 nec
3072 3407 3231 3458 aliam
3261 3408 3476 3461 adhibet

1949 3477 2023 3529 rei
2057 3475 2382 3541 eXpIicandaa
2424 3476 2706 3534 rationem,
2739 3491 2898 3543 quam
2947 3490 2976 3526 a
3013 3475 3262 3527 Patribus
3294 3487 3476 3529 contra

1948 3544 2172 3597 Arianos
2210 3544 2472 3607 adhibita;
2509 3558 2604 3612 nec
2651 3545 2753 3596 alia
2797 3550 3128 3612 argumenta,
3157 3558 3314 3611 quam
3362 3559 3480 3612 quae

1953 3615 2106 3664 Iidem
2137 3612 2265 3664 tanti
2303 3611 2535 3678 mysterii
2571 3610 2748 3665 facere
2776 3610 2998 3678 possint.
3073 3676 3092 3678 μ
3179 3610 3190 3611 “
3369 3669 3374 3674 ,

2024 3699 2041 3728 ι
2068 3679 2121 3732 In
2154 3676 2367 3748 duobus
2385 3679 2570 3748 primis
2597 3679 2746 3733 libris
2778 3676 3040 3748 refellitur
3065 3676 3302 3744 Judteus,
3323 3693 3480 3748 quem

1951 3747 2137 3802 Celsus
2169 3747 2465 3815 loquentem
2495 3747 2696 3801 inducit
2728 3766 2742 3801 :
2773 3758 2826 3802 et
2855 3763 2958 3815 quo
2989 3747 3352 3815 impudentius
3384 3749 3482 3800 iste

1955 3818 2002 3866 in
2025 3817 2221 3869 Christi
2245 3815 2572 3868 divinitatem
2597 3815 2826 3882 jocatur,
2860 3832 2924 3868 eo
2959 3817 3134 3868 acrius
3157 3831 3272 3868 eam
3309 3826 3482 3866 tuetur

1953 3884 2225 3949 Origenes.
2268 3882 2600 3934 Demonstrat
2629 3885 2719 3936 lib.
2756 3900 2793 3944 ι.
2835 3901 2980 3936 ιιιιιιι.
3023 3884 3111 3946 54,
3140 3899 3169 3936 a
3210 3886 3482 3950 prophetis

1953 3955 2264 4019 pitedictum
2294 3965 2413 4019 esse
2447 3952 2774 4004 nasciturum
2795 3966 2859 4004 ex
2906 3971 2921 4001 ι
2955 3951 3193 4019 Virgine,
3225 3951 3313 4003 τὸν
3343 3951 3484 4002 ἐπώ-

1951 4016 2114 4088 suam
2143 4016 2233 4069 τοῦ
2273 4016 2610 4088 πράγματος,
2635 4035 2751 4088 eum
2801 4020 2889 4084 qui
2932 4034 2994 4070 ea:
3018 4016 3077 4088 re
3099 4019 3480 4088 nomenrhabet,

1955 4085 2074 4154 quia
2111 4102 2174 4138 eo
2201 4096 2322 4154 nato
2352 4086 2622 4154 nobiscum
2650 4085 2858 4140 futurus
2888 4096 2999 4138 erat
3034 4087 3247 4154 Dens.)
3280 4087 3485 4150 Quibus

1957 4151 2406 4222 {et‘bisldeclarat
2441 4151 2731 4211 Christum,
2765 4155 2864 4208 etsi
2908 4152 3220 4222 Emmanuel
3261 4163 3483 4208 vocatus

1957 4239 2059 4274 non
2107 4221 2195 4282 sit,
2231 4234 2286 4273 re
2315 4229 2489 4273 tamen
2519 4229 2572 4272 et
2597 4223 2860 4274 sententia
2904 4221 3296 4274 Emmanueletn
3326 4237 3480 4278 esse:

1957 4302 2006 4342 et
2038 4291 2386 4358 prophetiam,
2428 4303 2545 4355 quae
2599 4289 2996 4343 Emmanuelem
3041 4288 3482 4358 illumvocatnm

287 4384 350 4421 η.
376 4367 472 4434 15)
510 4374 568 4415 ιιι
597 4356 736 4415 Deus
757 4360 972 4414 ovillam
1003 4370 1058 4414 et
1084 4360 1147 4411 fel
1172 4356 1432 4424 edat,‘aut
1459 4356 1849 4434 acetninbibat.
1885 4377 1928 4433 ο
1962 4358 2020 4434 iri
2044 4356 2317 4434 praedixit,
2365 4373 2468 4410 non
2510 4358 2822 4434 verbo._i~ed
2871 4372 3051 4434 sensu‘
3067 4356 3479 4434 dijudicandaim

285 4427 465 4504 quani
496 4440 556 4485 ut
590 4442 830 4504 stercore
879 4437 1148 4504 vescatur;
1184 4443 1287 4504 non
1324 4427 1570 4504 queritur
1599 4428 1854 4493 Origenes

289 4495 496 4557 falsam
553 4499 861 4566 opinionem
905 4495 1242 4566 Christianis
1285 4495 1480 4562 aliingi.
1511 4495 1637 4546 Erat
1679 4505 1850 4566 tamen

287 4575 512 4625 Ariana
542 4562 792 4625 bieresis.
833 4563 987 4630 cujus
1028 4565 1352 4617 architectus
1374 4573 1426 4616 et
1457 4576 1651 4629 parens
1685 4562 1853 4630 fuisse

290 4641 551 4708 fingitur,
602 4635 668 4686 ad
719 4629 1036 4708 refellendos
1085 4630 1420 4708 Celsiljocos
1457 4629 1850 4703 percommoda.

290 4700 560 4760 lidebant
592 4703 772 4754 omnia
804 4703 921 4770 ejus
953 4701 1192 4770 dicteria,
1219 4700 1260 4770 si
1310 4714 1411 4750 non
1443 4710 1672 4770 aeternus
1699 4708 1750 4749 et
1775 4700 1855 4770 in-

290 4786 524 4829 creatus
580 4772 723 4825 Deus
767 4766 928 4824 hoino
967 4766 1138 4821 factus
1183 4769 1392 4829 fuisset,
1433 4776 1524 4817 aut
1555 4767 1600 4818 si
1647 4781 1749 4818 non
1781 4767 1854 4818 ita

289 4854 456 4896 arcte
494 4855 621 4894 cum
672 4837 1004 4890 humanitate
1051 4837 1384 4906 conjunetus,
1409 4845 1465 4884 ιιι
1492 4834 1750 4906 ediSseet
1777 4835 1856 4886 bi-

292 4915 446 4964 bisse
489 4920 546 4961 et
596 4921 786 4976 passus
821 4920 949 4976 esse
989 4902 1178 4959 merito
1213 4903 1491 4976 diceretur.
1529 4902 1640 4976 Non
1671 4903 1714 4953 is
1740 4909 1857 4976 erat

291 4980 574 5049 Origenes
596 4969 698 5049 qui
741 4989 843 5027 non
871 4975 1070 5026 videret
1099 4984 1356 5049 quantum
1389 4972 1525 5022 inter
1555 4969 1852 5049 linjusinodi

295 5039 476 5100 Deu'm
511 5039 748 5107 intersit,
777 5053 830 5094 et
865 5057 985 5096 eum
1023 5039 1352 5108 quinomine
1393 5049 1542 5108 tenus
1571 5039 1708 5091 Dens
1749 5040 1850 5099 sit;

291 5124 392 5168 aut
441 5115 563 5183 qui,
608 5112 654 5164 si
699 5111 831 5183 quid
869 5106 1061 5174 praeter
1097 5123 1426 5183 communem
1469 5106 1719 5183 Eeelesia:
1761 5111 1855 5183 do-

290 5175 820 5243 ctrinam-sentiret,
856 5189 962 5232 tant
989 5175 1503 5245 pneclarafaculmte
1532 5175 1708 5245 oblata
1744 5175 1836 5245 dis-

291 5253 618 5307 simularet.
649 5247 763 5300 Non
796 5241 867 5300 ita
896 5262 954 5300 se
986 5241 1169 5314 gerere
1208 5245 1361 5314 solet.
1398 5241 1547 5306 Quod
1579 5245 1720 5314 enim
1753 5243 1853 5296 sibi

295 5317 695 5387 intemperanti
733 5311 1223 5387 quadam'pietate
1271 5313 1514 5387 tinxerat,
1539 5311 1854 5387 .inferoruin

297 5380 497 5456 pinnas
529 5400 639 5438 non
681 5385 744 5435 ad
761 5380 1048 5456 ἰιςιιειδιιειιιιΔ
1067 5382 1338 5438 ultionem,
1367 5381 1458 5430 sed
1489 5380 1555 5432 ad
1583 5381 1853 5456 purganda

293 5447 358 5508 et
377 5456 736 5521 excoquenda
771 5453 892 5504 vitia
919 5452 1386 5521 pertitiet-e_tquaiii
1418 5459 1560 5521 sagpe
1587 5447 1854 5521 buccam-

299 5514 558 5577 nientuni
613 5521 848 5572 insinuat
875 5514 992 5571 cum
1026 5514 1388 5570 haereticorum
1417 5515 1580 5579 impia
1609 5519 1660 5567 in
1693 5516 1853 5568 Crea-

301 5593 448 5645 toris
505 5588 850 5642 severitatem
909 5585 1148 5638 convicia
1197 5579 1402 5650 refellit)
1445 5585 1623 5635 nullus
1663 5583 1847 5636 dubito

297 5663 440 5727 quin
474 5658 620 5711 idem
653 5657 886 5706 facturus
915 5652 1120 5711 fuisset,
1154 5659 1388 5714 suscepta
1430 5652 1702 5719 religionis
1729 5665 1852 5706 t‘on-

1955 4423 2227 4478 Christnm
2260 4424 2421 4494 Deum
2451 4439 2570 4479 esse
2601 4425 2789 4494 probat
2815 4442 2958 4480 num.
2987 4423 3054 4478 56
3083 4423 3147 4494 ex
3172 4426 3255 4479 his
3295 4426 3488 4494 psalmi

1953 4495 2170 4547 verbis:
2204 4511 2222 4543 ι
2254 4493 2420 4546 Sedes
2469 4503 2577 4556 tua,
2632 4494 2793 4556 Deus,
2834 4495 2884 4546 in
2938 4493 3190 4547 stnculum
3254 4493 3428 4547 saeculi
3463 4511 3479 4558 ;

1953 4564 2104 4631 tinxit
2142 4573 2193 4614 te
2235 4561 2395 4631 Deus,
2433 4561 2571 4631 Deus
2612 4570 2732 4631 tuus
2763 4563 2816 4615 in
2846 4571 3098 4614 aeternum
3133 4560 3302 4631 (Ptol.
3335 4577 3480 4624 XLIV,

1951 4629 2006 4690 7,
2037 4635 2114 4694 8),
2147 4649 2164 4679 ι
2207 4629 2461 4695 additque
2492 4630 2590 4683 hoc
2621 4629 2825 4697 psalmo
2856 4645 3004 4683 usuin
3057 4645 3116 4684 se
3144 4629 3272 4684 olim
3318 4631 3483 4684 fuisse

1952 4707 2138 4768 contra
2171 4697 2409 4749 Judaeum
2448 4701 2754 4765 quemdam,
2781 4701 2896 4767 qui,
2929 4715 3048 4752 cum
3077 4702 3261 4768 pedem
3291 4713 3353 4753 ex
3382 4700 3482 4750 hoc

1954 4767 2068 4817 loco
2099 4767 2298 4818 referre
2335 4777 2438 4816 n0n
2491 4775 2692 4832 posset,
2737 4768 2860 4820 illuc
2901 4767 3094 4830 evasit,
3125 4778 3180 4819 ut
3216 4769 3278 4820 ad
3316 4768 3477 4820 Deum

1953 4837 2322 4886 universorum
2349 4832 2535 4886 referri
2566 4835 2759 4889 debere
2778 4837 3139 4889 contenderet.
3164 4834 3327 4890 Nemo
3352 4849 3481 4887 sane

1953 4906 2147 4955 dixerit
2172 4903 2453 4968 Origenrtn
2480 4911 2626 4954 tanto
2654 4914 2782 4957 aestu
2812 4919 2930 4956 cum
2960 4901 3158 4957 Judteis
3199 4907 3480 4958 decertan-

1954 4981 2084 5039 teni,
2117 4969 2258 5023 aliud
2292 4969 2424 5022 nihil
2457 4971 2523 5022 ab
2554 4972 2632 5024 eis
2669 4973 2968 5039 exprimere
3000 4971 3249 5036 voluisse,
3279 4973 3380 5024 nisi
3424 4984 3481 5023 ut

1952 5038 2220 5090 Christum
2253 5051 2384 5090 votae
2425 5049 2575 5091 tenus
2605 5039 2901 5091 faterentur
2931 5041 3111 5091 Deum.

2026 5125 2045 5156 ι
2079 5105 2286 5159 Ridenti
2310 5103 2510 5170 Iudaeo,
2552 5121 2694 5159 num.
2721 5107 2788 5161 58
2828 5115 2882 5159 et
2912 5107 2998 5168 60,
3024 5109 3160 5169 quod
3188 5105 3416 5161 Chaldaei
3447 5119 3479 5157 a

1952 5175 2075 5229 Jesu
2102 5178 2180 5243 .ad
2224 5189 2343 5228 eum
2388 5174 2644 5228 infantem
2681 5173 3007 5243 adorandum
3040 5176 3192 5227 tracti
3238 5177 3480 5227 diceren-

1955 5256 2070 5306 tur;
2103 5241 2398 5310 respondet
2438 5258 2618 5311 tnagos
2661 5243 2779 5296 illos
2806 5254 2861 5296 et
2896 5241 3058 5294 stella:
3096 5243 3331 5294 novitate
3358 5256 3479 5307 per-

1954 5315 2150 5376 ettlsos,
2179 5322 2232 5362 et
2260 5311 2474 5363 Balaam
2517 5312 2719 5364 oraculi
2753 5325 3016 5364 memores
3046 5324 3107 5361 ac
3145 5313 3281 5362 l'orte
3317 5311 3478 5362 etiam

1960 5385 2092 5435 artis
2115 5396 2224 5434 sua:
2258 5381 2516 5432 inanitate
2543 5389 2813 5448 perspecta
2857 5377 3054 5432 nullum
3085 5375 3214 5448 iani
3237 5378 3483 5448 habentis

1952 5453 2174 5512 exitum,
2208 5451 2417 5502 venisse
2451 5449 2503 5501 in
2543 5444 2806 5510 Iudaeam,
2835 5457 2888 5500 et
2931 5444 3113 5499 aurum
3158 5444 3370 5498 Christo
3426 5457 3484 5498 ut

1957 5521 2088 5585 regi,
2120 5518 2389 5588 myrrham
2414 5530 2473 5588 ut
2507 5518 2784 5588 morituro,
2813 5518 2951 5588 tbus_
2975 5522 3036 5566 ut
3075 5515 3187 5588 Deo
3204 5513 3479 5588 obtulisse.

1952 5583 2133 5654 Addit,
2164 5583 2415 5655 quoniam
2457 5586 2592 5639 Deus
2623 5593 2742 5639 erat
2769 5587 2836 5647 is,
2863 5583 2955 5652 qui
2991 5585 3260 5655 potentior
3281 5585 3484 5655 angelis

1956 5651 2207 5712 Sen-ator
2243 5657 2455 5712 bumani
2488 5656 2700 5726 generis
2742 5661 2981 5719 venerat,
3020 5651 3260 5720 angelum
3296 5651 3485 5715 pietati
