3894 6458
183 443 327 527 ιαβί
1081 459 1633 530 οιιιῦΕΝιΑΝοιιυιι
1672 463 1798 518 LIB.
1841 465 1903 529 tt,
1937 465 2084 520 CAP.
2127 463 2190 524 ιι.
2231 463 2501 529 ρυτιεδτ.
2541 463 2625 517 ιιι.
3344 453 3450 516 822

206 581 362 660 ηδε-ἰε
383 558 514 626 352.
550 561 880 634 dominetur
909 603 926 639 :
968 609 987 641 ι
1027 593 1247 658 Quidam
1275 599 1449 645 autem
1480 583 1543 637 de
1588 584 1815 651 publicis

1923 585 1986 636 Τὸ
2021 583 2076 635 δὲ
2108 580 2314 650 θνητὸν,
2354 581 2520 649 inquit
2548 583 2638 634 lib.
2669 595 2748 642 ιιι,
2785 595 2929 634 num.
2959 580 3050 644 Π,
3079 579 3239 634 αὑτοῦ
3267 580 3444 650 σῶμα,

227 651 262 744 ,λ
293 651 454 749 (idem
483 666 542 711 et
575 665 901 728 manifestis
940 651 1195 749 capitulis
1219 696 1318 734 non
1366 671 1726 736 dissentiunt;
1763 681 1821 725 ut

1923 672 2007 725 καὶ
2032 671 2128 738 τὴν
2153 669 2486 739 ἀνθρωπίνην
2519 673 2574 723 ὲν
2597 669 2739 739 αὑτῷ
2759 670 2949 740 ψυχὴν,
2980 672 3043 738 τῇ
3081 669 3212 738 πρὸς
3244 671 3444 721 ἐκεῖνον

247 741 398 835 lu“:
423 741 493 797 de
522 760 634 802 ¹³¹¹⁰
662 749 800 820 Deo.
831 763 935 827 qui
983 741 1150 835 legem
1179 776 1233 821 et
1257 760 1591 831 Evangelium
1639 759 1818 822 dedit;

254 847 348 896 aut
369 831 436 890 de
467 835 690 897 Christo
719 841 854 901 Iesu
877 831 1237 924 primogenita
1259 854 1515 906 universae
1542 857 1818 914 creaturas,

263 929 358 1002 qui
388 928 444 984 in
466 930 574 984 line
610 937 798 990 saeculi
826 948 1126 998 secundum
1165 941 1566 1012 praedicationes
1592 939 1820 1006 prophe-

263 1037 448 1080 tarum
475 1023 626 1078 venit
673 1026 728 1079 in
769 1033 1060 1098 mundum,
1107 1045 1160 1088 et
1200 1032 1430 1101 suscepit
1476 1030 1529 1083 in
1558 1044 1616 1083 se
1640 1043 1818 1083 veram

265 1117 526 1168 humana:
553 1115 736 1169 carnis
766 1127 1040 1180 naturam.
1062 1129 1118 1174 ut
1151 1121 1306 1174 etiam
1335 1119 1658 1172 nativitatem
1689 1117 1819 1170 sub-

259 1208 388 1261 iret
432 1220 499 1258 ex
553 1203 793 1273 Virgine,
848 1215 905 1262 et
977 1219 1201 1262 mortem
1254 1208 1429 1261 crucis
1465 1205 1714 1274 suscepit,
1767 1213 1820 1256 et

253 1297 526 1351 surrexit
552 1313 582 1349 a
619 1299 866 1363 mortuis,
909 1309 962 1354 et
1011 1299 1278 1352 deilicavit
1327 1313 1482 1365 quam
1515 1302 1822 1363 susceperat

249 1394 578 1444 humanam
607 1399 876 1442 naturam.
917 1409 935 1442 ι
975 1389 1092 1455 Quo
1111 1404 1268 1442 sensu
1296 1387 1584 1453 deiﬁcatam
1615 1401 1642 1437 a
1666 1383 1823 1436 Chri-

244 1489 368 1531 sto
427 1487 678 1530 naturam
738 1477 1022 1530 humanam
1067 1475 1279 1536 dixerit,
1335 1472 1562 1527 dubitari
1608 1479 1818 1536 potest:

244 1583 276 1616 ιι
303 1581 406 1618 :am
441 1566 488 1618 si
517 1578 706 1617 vocem
732 1565 875 1616 illam
924 1562 1165 1629 deiﬁcarc
1207 1562 1276 1614 ita
1312 1559 1633 1626 accipiamus
1670 1555 1821 1624 quasi

249 1653 521 1708 Verbum
549 1654 603 1706 in
639 1663 884 1706 naturam
917 1654 1201 1706 humanam
1235 1663 1572 1712 conversum,
1623 1657 1678 1701 et
1728 1661 1824 1699 na-

242 1754 459 1796 turam
514 1741 742 1810 proinde
771 1755 1078 1809 corpoream
1097 1740 1153 1792 in
1193 1739 1352 1791 Deum
1397 1752 1518 1790 esse
1543 1745 1816 1796 mutatam,

238 1829 642 1896 ejusdemque
691 1841 814 1882 esse
856 1842 920 1881 ac
961 1827 1188 1881 Verbum
1240 1825 1547 1880 substantia:
1596 1824 1822 1876 voluerit

1915 763 1974 814 οὐ
2010 761 2162 830 μόνον
2210 759 2474 828 κοινωνίᾳ,
2497 758 2630 810 ἀλλά
2669 760 2759 812 καὶ
2791 759 2998 821 ένὼσει,
3036 760 3128 812 καὶ
3151 757 3442 828 ἀνακράσει

1914 852 1982 904 τὰ
2022 849 2245 919 μέγιστά
2297 865 2470 917 φαμεν
2520 848 2946 918 προσειληφέναι,
2979 849 3072 902 καὶ
3109 849 3206 918 τῆς
3243 847 3443 899 ἐκείνου

1916 937 2182 1006 θειότητος
2233 935 2653 1004 κεκοινωνηκότα
2702 938 2780 998 είς
2820 935 2947 988 Θεὸν
2999 935 3442 1004 μταόεὸηκέναι.

1916 1027 2049 1080 Tum
2090 1025 2285 1078 Christi
2314 1037 2511 1090 corpus
2539 1038 2659 1076 cum
2695 1026 2915 1077 materia
2943 1025 3178 1089 confert,
3205 1024 3444 1078 omnium

1915 1129 2011 1185 per
2051 1129 2110 1168 se
2161 1113 2477 1182 qualitatum
2525 1120 2762 1180 experte,
2803 1127 2897 1167 eas
2948 1129 3076 1167 vero
3134 1114 3440 1182 recipiente,

1915 1219 2253 1273 quascunque
2278 1203 2326 1256 ei
2347 1201 2520 1270 opifex
2554 1217 2730 1255 rerum
2761 1201 2942 1257 indere
2968 1204 3223 1261 voluerit:
3255 1203 3445 1257 deinde

1917 1296 2060 1348 addit
2083 1313 2096 1348 :
2124 1295 2188 1346 Τί
2216 1293 2517 1362 θαυμαστὸν
2545 1293 2639 1362 τὴν
2665 1292 2918 1362 ποιότητα
2948 1293 3039 1345 τοῦ
3072 1293 3260 1361 θνητοῦ
3291 1291 3449 1344 ’κατά

1915 1384 2004 1436 τὸν
2043 1384 2244 1453 Ἰησοῦν
2275 1381 2516 1450 σώματος
2544 1383 2764 1452 προνοίᾳ
2792 1382 2924 1434 Θεοῦ
2957 1382 3312 1451 βουληθέντος,
3344 1398 3441 1452 με·

1916 1471 2160 1524 ταϐαλεῖν
2202 1474 2279 1533 εἰς
2315 1470 2546 1542 αἰθέριον
2581 1472 2670 1524 καὶ
2705 1472 2851 1524 θείαν
2882 1471 3152 1540 ποιότητα.
3195 1472 3259 1523 Et
3290 1470 3442 1536 paulo

1917 1569 2055 1627 post,
2093 1574 2237 1611 nutn.
2268 1558 2366 1610 42:
2397 1559 2581 1626 Ὅμως
2623 1557 2676 1609 δὲ
2716 1558 2807 1610 καὶ
2842 1558 2974 1628 πρὸς
3021 1556 3173 1608 τοῦτο
3205 1557 3450 1626 φήσομεν

1917 1649 1997 1700 ὅτι
2027 1648 2179 1716 εἴπερ
2206 1647 2420 1700 δυνατὸν
2450 1647 2688 1716 ἀμείϐειν
2721 1647 3000 1715 ποιότητας
3035 1646 3132 1715 τὴν
3163 1646 3446 1714 ὑποκειμέο

1916 1754 2012 1805 νην
2051 1737 2248 1798 πάσαις
2292 1736 2562 1806 ποιότησιν
2585 1735 2734 1805 ὓλην,
2777 1736 2890 1796 πῶς
2917 1737 2974 1788 οὐ
3000 1735 3215 1788 δυνατὸν
3237 1735 3330 1787 καὶ
3347 1733 3444 1804 τὴν

1919 1829 2093 1897 σάρκα
2127 1826 2218 1879 τοῦ
2276 1826 2444 1895 Ἰησοῦ
2495 1827 2795 1896 ἀμείψασαν
2845 1826 3124 1897 ποιότητας
3171 1827 3442 1894 γεγονέναι

238 1914 570 1983 Origenes,
605 1915 924 1967 manifestus
948 1914 1053 1967 erit
1077 1913 1256 1981 utique
1285 1912 1524 1980 capitalis
1565 1910 1706 1965 illius
1734 1925 1820 1964 er-

1923 1914 2186 1982 τοιαύτην,
2240 1913 2424 1966 ὁποίαν
2451 1913 2614 1982 ἐχρῆν
2645 1909 2889 1982 εἶναιτὴν
2915 1913 2972 1964 ὲν
3005 1911 3197 1982 αἰθέρι,
3224 1914 3444 1976 καὶτοῖς

244 2003 448 2066 roris,
481 2017 649 2070 quem
677 2002 1000 2069 Apollinaris
1049 2003 1102 2054 itt
1154 2001 1441 2056 Ecclesiam
1484 2000 1711 2062 invexit;
1743 1999 1822 2052 vel

241 2092 292 2142 is
311 2090 438 2157 njns
468 2091 581 2143 erit
607 2092 786 2157 potius
811 2089 998 2156 llagitii
1031 2102 1170 2150 reus,
1208 2087 1349 2154 quod
1379 2087 1430 2140 in
1455 2101 1516 2140 se
1538 2085 1824 2154 Eutychia-

241 2193 476 2231 tuorum
538 2187 692 2231 secta
748 2178 988 2244 quaedam
1036 2175 1312 2242 concepit,
1367 2173 1489 2226 dum
1542 2174 1820 2225 humanam

235 2268 478 2324 .(Zhristi
533 2276 784 2319 naturam
837 2265 888 2318 in
945 2264 1176 2318 divinam
1213 2273 1333 2332 post
1373 2271 1598 2316 mortem
1630 2259 1742 2326 ejus
1772 2267 1824 2313 et

243 2356 743 2410 resurrectionem
777 2354 1037 2407 transisse
1080 2353 1414 2418 decerneret.
1461 2350 1530 2403 At
1555 2349 1600 2402 si
1633 2348 1822 2400 buma-

244 2463 399 2500 taatn
432 2443 647 2499 Christi
684 2450 952 2504 naturam,
977 2450 1134 2496 exuta
1181 2448 1302 2510 post
1349 2448 1569 2492 mortem
1600 2436 1818 2490 inﬁrmi-

245 2548 406 2599 tzite,
441 2535 686 2588 divinam
707 2534 992 2600 quamdam
1013 2530 1308 2597 suscepisse
1335 2529 1644 2596 qualitatem
1671 2525 1825 2578 modo

242 2626 634 2695 signiﬁcavit,
682 2622 874 2690 ecquid
922 2620 1170 2674 invidiam
1215 2617 1290 2672 illi
1337 2617 1422 2670 vel
1475 2615 1822 2677 movebimus,

245 2718 359 2770 vel
398 2715 616 2768 moveri
647 2713 752 2766 hoc
785 2709 1004 2764 nomine
1045 2708 1310 2776 patiemur
1346 2706 1371 2759 ‘t
1415 2704 1586 2772 Atque
1615 2717 1678 2758 eo
1705 2717 1826 2772 pro-

246 2808 398 2875 pius
430 2811 691 2871 spectant
723 2801 886 2854 verba
939 2798 1203 2866 Origenis.
1231 2794 1534 2850 Verisimile
1575 2808 1704 2848 sane
1744 2801 1828 2845 est

245 2904 522 2946 veterem
553 2887 866 2957 Origeniani
917 2888 970 2939 in
1017 2885 1321 2939 Matthwum
1359 2882 1827 2938 Commentariiin-

246 2993 583 3052 terpretem
640 2993 823 3034 vocent
885 2980 1041 3039 hanc,
1092 2975 1373 3044 deiﬁcavit,
1424 2988 1526 3043 qua
1577 2972 1765 3036 utitur,
1795 2984 1827 3025 e

244 3075 468 3127 Graeco
497 3069 702 3122 ὲθέωσε
738 3067 818 3121 vel
846 3066 1156 3134 έθεοποίησε
1189 3065 1500 3118 reddidisse.
1541 3063 1699 3131 Atqui
1724 3061 1827 3115 hu-

247 3177 501 3218 ntanatn
537 3170 789 3213 naturam
817 3159 868 3211 in
901 3157 1113 3211 Christo
1144 3156 1321 3210 statim
1365 3165 1487 3223 post
1510 3162 1821 3221 conceptum

247 3253 594 3322 ϐεωθῆναι,
667 3261 722 3303 et
771 3244 1143 3318 θεοποιηθῆναι
1216 3246 1513 3314 complures
1576 3242 1825 3298 Ecclesia:

247 3347 470 3400 Patres
500 3337 942 3412 pronuntiarunt.
970 3337 1256 3406 Gregorius
1304 3336 1568 3405 Nyssenus
1602 3335 1654 3389 in
1683 3331 1825 3388 Iam-

253 3435 456 3488 bicis:

343 3521 508 3576 οὕτω
541 3519 606 3572 τὸ
633 3517 861 3578 Θεῶσαν,
890 3516 982 3568 καὶ
1015 3515 1229 3578 θεωθὲν,
1254 3510 1332 3578 εἷς
1362 3516 1512 3579 Θεός.

265 3625 362 3667 -ta
390 3612 536 3680 quod
573 3607 862 3674 dei/ienuit,
892 3616 937 3659 et
959 3607 1093 3674 quod
1121 3607 1414 3674 deiﬁcatum
1455 3617 1554 3672 est,
1588 3623 1716 3662 unus
1749 3619 1822 3662 est

988 3697 1143 3748 Deus.

253 3797 712 3864 Chrysostomus
767 3787 984 3842 homilia
1045 3786 1080 3838 2
1125 3783 1197 3836 De
1254 3785 1575 3844 ascensione.
1629 3785 1680 3837 in
1722 3799 1824 3852 qua

251 3885 559 3938 Christum
585 3880 717 3934 dicit
750 3878 883 3946 πρὸς
915 3877 1058 3946 ἡμᾶς
1094 3873 1282 3938 ἐλθεῖν,
1318 3873 1410 3924 καὶ
1458 3872 1608 3942 ἡμῶν
1669 3873 1825 3942 φύσιν

255 3971 600 4034 ἀναλαϐεῖν,
651 3969 746 4022 καὶ
781 3965 996 4018 θεῶσαι.
1054 3982 1073 4015 t
1113 3963 1336 4018 Venisse
1385 3962 1449 4014 ad
1492 3977 1612 4028 nos,
1651 3972 1706 4017 et
1735 3979 1828 4018 no-

257 4076 451 4121 :nrani
490 4071 745 4115 naturam
774 4054 1124 4122 assumpsisse
1150 4067 1212 4106 ac
1241 4051 1534 4105 deificasse.
1561 4070 1580 4102 ι
1599 4049 1828 4108 Joannes

263 4165 502 4219 quoque
531 4149 900 4202 Damascenus
927 4145 1020 4198 lib.
1043 4159 1100 4196 ιιι
1138 4141 1212 4194 De
1239 4141 1342 4208 fide
1368 4139 1594 4202 orthod.,
1614 4156 1710 4210 cap
1738 4143 1826 4209 12,

260 4243 467 4312 σάρκα
521 4239 629 4292 ὑπὸ
685 4236 778 4290 τοῦ
834 4235 988 4302 λόγου
1045 4231 1302 4301 θεωθῆναι
1367 4231 1581 4284 asserit.
1633 4230 1826 4286 Vocem

259 4331 674 4401 ,θεοποιηθῆναι
704 4328 888 4380 eadem
927 4323 1146 4378 notione
1186 4321 1462 4388 usurpavit
1503 4321 1826 4374 Athanasius

265 4431 429 4477 orat.
457 4421 516 4487 6,
545 4434 668 4474 cum
696 4413 1073 4484 θεοποιηθῆναι
1109 4411 1385 4482 ἄνθρωπον
1421 4411 1471 4464 in
1509 4408 1746 4469 Christo,
1775 4419 1830 4462 et

1920 2002 2167 2073 ἀνωτέρω
2196 2002 2356 2054 αὑτοῦ
2394 2001 2574 2064 τόποις
2605 2001 3034 2071 πολιτευομένην,
3082 2002 3262 2053 οὐκέτι
3291 1985 3446 2071 έχου-

1923 2110 2020 2146 σαν
2050 2091 2120 2144 τά
2141 2097 2236 2164 τῆς
2263 2094 2522 2161 σαρκικῆς
2547 2091 2821 2154 ἀσθενείας
2848 2092 2976 2144 ἴδια.

1989 2180 2168 2236 XVIII.
2209 2182 2302 2236 Est
2355 2183 2492 2250 apud
2539 2180 2914 2249 Hieronymum
2975 2181 3030 2233 in
3071 2179 3262 2235 Jcrcm.
3309 2195 3441 2242 xxtt,

1920 2270 2228 2326 Jechoniam
2277 2272 2441 2324 lilium
2473 2270 2735 2334 Joachim,
2782 2272 2871 2340 qni
2921 2269 3116 2323 annulo
3164 2283 3444 2337 ttoinparao

1923 2372 2029 2426 tur,
2055 2369 2107 2415 et
2131 2376 2224 2414 vas
2260 2361 2566 2422 contritum,
2597 2375 2660 2413 ac
2690 2361 2773 2413 vir
2801 2359 3002 2414 sterilis
3033 2360 3347 2428 appellatur,
3375 2359 3446 2414 ad

1920 2450 2188 2504 Christum
2228 2449 2468 2503 retulisse
2510 2449 2787 2517 Origenem
2819 2449 2912 2503 lib.
2959 2465 2992 2503 v
3029 2450 3301 2514 Stromat.,
3326 2465 3451 2513 qua

1921 2540 2325 2592 interciderunt.
2355 2538 2567 2606 Optime
2593 2539 2776 2594 Sixttts
2803 2540 3056 2594 Senensis
3079 2541 3170 2594 lib.
3195 2555 3228 2592 v
3281 2539 3442 2604 Βᾶθι..

1921 2628 2099 2681 aduot.
2122 2627 2268 2681 334:
2306 2645 2324 2677 ι
2357 2627 2617 2682 Credibile
2641 2644 2672 2682 e
2713 2629 2865 2682 libris
2899 2631 2987 2697 qui
3049 2640 3286 2691 exstant,
3320 2629 3445 2683 Ori-

1921 2732 2108 2786 genem
2143 2718 2253 2771 inec
2279 2725 2459 2784 utpote
2481 2718 2760 2785 allegorice
2790 2730 3144 2786 exponentem
3165 2719 3452 2787 protulisse

1923 2809 1988 2860 de
2008 2805 2242 2870 Christo,
2275 2819 2338 2859 eo
2368 2820 2525 2860 sensu
2575 2822 2680 2874 quo
2717 2807 2913 2860 Paulus
2935 2822 3097 2862 ausus
3147 2817 3231 2863 est
3268 2807 3446 2862 dicere

1922 2895 2187 2950 Christum
2221 2895 2414 2949 factum
2441 2911 2535 2964 pro
2567 2897 2718 2950 nobis
2751 2907 3046 2965 peccatum,
3080 2899 3442 2960 maledictum,

1923 2985 2369 3049 exsecrationem,
2402 2985 2503 3040 hoc
2545 2993 2647 3048 est,
2691 2985 3014 3040 oblationem
3059 3001 3156 3056 pro
3199 2996 3441 3055 peccato,

1923 3083 1978 3128 et
2020 3073 2440 3129 maledictionem
2486 3075 2574 3128 cui
2617 3089 2830 3129 eramus
2884 3075 3117 3132 obnoxii.
3155 3094 3176 3127 ι
3211 3076 3360 3142 Quod
3397 3077 3442 3128 si

1925 3164 2043 3232 quis
2072 3173 2323 3230 praeterea
2348 3163 2460 3218 haec
2486 3163 2730 3218 .Ieremite
2752 3166 2814 3217 ad
2845 3163 2994 3219 Isaiae
3021 3181 3111 3228 ιιι,
3132 3165 3219 3230 14,
3243 3178 3298 3222 et
3324 3181 3442 3232 ιιιι,

1923 3252 1978 3315 2,
2002 3254 2055 3316 5,
2079 3252 2406 3320 expenderit,
2437 3251 2680 3323 Origeuis
2712 3255 3203 3325 interpretationem
3229 3259 3445 3314 minime

1924 3344 2220 3397 mirabitur.

1991 3433 2133 3488 XIX.
2152 3433 2281 3488 Cum
2303 3433 2521 3487 Patrum
2543 3434 2747 3504 aliquot
2774 3436 3095 3490 testimoniis
3119 3450 3238 3490 sese
3258 3446 3444 3491 tuean-

1925 3534 2010 3578 tur
2041 3521 2353 3591 Ubiquistaa,
2378 3537 2600 3591 quorum
2633 3525 2789 3578 verba
2817 3525 2899 3579 vel
2933 3524 3068 3578 male
3107 3525 3446 3594 intelligendo

1924 3621 2255 3684 pervertunt,
2295 3613 2377 3668 vel
2430 3613 2568 3668 male
2611 3614 3014 3684 interpretando
3054 3625 3441 3684 corrumpunt;

1923 3706 2038 3774 pari
2089 3719 2299 3774 quoque
2345 3703 2465 3773 iure
2513 3703 2758 3774 Origenis
2789 3705 3139 3773 patrocinium
3183 3705 3446 3759 asciscere

1923 3801 2186 3863 poterant,
2235 3808 2341 3862 quo
2389 3803 2598 3848 tractat.
2627 3809 2788 3847 xxxiv
2826 3796 2880 3846 in
2934 3794 3147 3858 Matth,
3172 3811 3316 3848 num.
3356 3794 3442 3856 70,

1922 3898 2042 3953 pag.
2085 3883 2208 3946 887,
2252 3883 2506 3952 scriptum
2539 3884 2590 3936 id
2633 3884 2878 3952 reliquit:
2921 3902 2940 3936 ι
2987 3885 3099 3938 Νοιι
3127 3885 3304 3954 aliquo
3327 3885 3446 3952 qui-

1925 3974 2041 4027 dem
2069 3972 2184 4025 loco
2215 3972 2490 4040 apparebit
2512 3972 2678 4026 Filius
2703 3974 2816 4036 Dei,
2849 3988 2970 4026 cum
2998 3976 3204 4026 venerit
3247 3976 3299 4026 in
3331 3973 3445 4040 glo-

1926 4061 2004 4113 ria
2034 4075 2150 4121 sua,
2176 4059 2228 4112 itt
2261 4060 2431 4113 altero
2467 4069 2645 4114 autem
2699 4075 2802 4114 non
2847 4062 3155 4130 apparebit;
3189 4065 3280 4116 sed
3309 4063 3445 4114 sicut

1927 4151 2038 4218 ipse
2077 4149 2366 4204 secundum
2427 4150 2875 4218 comparationem
2921 4151 3146 4221 fulguris
3201 4153 3445 4206 exeuntis

1925 4237 2206 4290 adventum
2239 4251 2394 4291 suum
2440 4239 2605 4292 voluit
2643 4239 3014 4294 demonstrare
3069 4242 3252 4296 dicens
3311 4257 3328 4295 :
3381 4241 3444 4295 Si

1925 4327 2148 4378 dixerint
2179 4326 2313 4378 vobis
2341 4341 2362 4379 :
2403 4325 2534 4380 Ecce
2559 4328 2610 4379 in
2645 4327 2866 4390 deserto,
2906 4327 3064 4382 nolite
3101 4329 3283 4392 exire;
3332 4345 3445 4382 eccs

1926 4416 1980 4466 in
2009 4415 2180 4476 domo,
2203 4415 2357 4467 nolite
2377 4417 2600 4469 credere.
2626 4413 2770 4469 Sicut
2795 4416 2932 4468 enim
2981 4415 3159 4485 fulgur
3185 4419 3448 4487 egreditur

268 4509 490 4566 Christi
519 4507 632 4576 jam
662 4504 987 4574 resurgentis
1015 4499 1410 4570 θεοποιηθεϊσαν
1439 4513 1650 4552 carnem
1677 4499 1826 4552 dixit.
1859 4495 1900 4548 D
1928 4505 1990 4556 ab
2017 4505 2226 4566 oriente,
2249 4512 2297 4556 et
2326 4515 2535 4571 apparet
2585 4521 2741 4570 usque
2772 4507 2839 4557 ad
2870 4506 3204 4568 occidentem,
3231 4509 3304 4561 sic
3347 4509 3445 4560 erit

273 4603 466 4666 Atque
496 4595 628 4650 illud
655 4603 738 4647 est
765 4593 906 4661 quod
936 4592 1034 4646 sibi
1066 4590 1176 4642 vult
1203 4589 1527 4658 Augustinus
1556 4588 1660 4651 ιιι).
1693 4585 1830 4640 Con-

279 4704 374 4744 tra
401 4703 633 4744 sermon.
666 4686 1002 4745 Arianorum,
1031 4696 1148 4748 cap.
1181 4680 1236 4744 8,
1266 4694 1384 4732 cum
1418 4679 1528 4730 ait:
1565 4694 1584 4727 ι
1619 4677 1756 4744 Ergo
1777 4687 1830 4730 et

279 4784 394 4836 ista
433 4777 744 4834 humanitas
795 4774 938 4827 illius
976 4769 1272 4826 divinitatis
1316 4783 1506 4822 nomen
1561 4767 1770 4836 accipit.
1803 4785 1822 4818 ι

279 4871 433 4926 lluic
483 4867 585 4937 ipsi
642 4866 807 4934 igitur
837 4872 1040 4917 natura:
1067 4899 1083 4926 ,
1130 4874 1249 4928 qua:
1294 4855 1572 4921 θεωθεῖσα,
1619 4866 1672 4910 et
1712 4855 1828 4908 θεο-

279 4960 600 5031 ιποιηθείσα,
632 4955 789 5011 simul
818 4961 874 5008 ut
896 4969 1010 5006 eam
1038 4947 1347 5019 assumpsit,
1377 4957 1428 5000 et
1459 4947 1509 4999 in
1538 4946 1694 5001 terris
1717 4959 1831 5000 ver-

291 5061 446 5104 satus
477 5056 563 5103 est
605 5045 876 5105 Christus,
920 5043 1058 5096 dicta
1113 5051 1218 5102 est,
1269 5037 1442 5106 aptius
1473 5036 1634 5090 etiam
1675 5052 1831 5092 voces

297 5143 415 5195 ista
441 5136 794 5196 conveniunt,
827 5143 1104 5200 postquam
1137 5138 1347 5182 mortem
1392 5127 1560 5178 crucis
1585 5126 1827 5192 suscepit,

290 5242 346 5285 et
377 5228 607 5285 surrexit
630 5242 662 5277 a
690 5223 931 5276 mortuis.
964 5221 1093 5274 Nam
1133 5233 1224 5287 per
1253 5225 1475 5270 mortem
1524 5213 1828 5266 mortalium

295 5332 590 5389 corporum
629 5311 1046 5366 imbecillitatem
1075 5306 1318 5377 deposuit
1347 5302 1507 5372 ipsius
1533 5315 1749 5370 corpus,
1775 5309 1830 5355 et

303 5411 556 5462 virtutem
589 5402 880 5472 quamdam
909 5400 1138 5452 divinam
1165 5393 1412 5462 suscepit.
1455 5390 1606 5444 Hanc
1643 5389 1829 5462 Orige-

306 5499 445 5551 niaoi
490 5496 619 5558 loci,
663 5505 826 5558 quam
867 5490 1072 5552 damus,
1123 5485 1493 5556 expositionem
1539 5481 1830 5535 conlirmat

303 5589 470 5658 ipsius
513 5583 763 5650 Origenis
809 5579 877 5631 ad
920 5577 1054 5633 Celsi
1096 5577 1447 5634 cavillationes
1491 5573 1776 5642 responsio
1811 5590 1832 5627 ι

365 5765 411 5797 ν⁴
434 5759 627 5818 Matth.
661 5763 808 5812 xxtv,
833 5749 901 5802 9.6
933 5764 1039 5817 seq.

1929 4595 2175 4646 adventus
2211 4591 2342 4646 Filii
2378 4593 2597 4646 hominis
2630 4594 2696 4646 ⁷⁸.
2740 4595 2892 4648 Sicut
2941 4609 3070 4662 ergo
3094 4595 3270 4665 fulgur
3295 4611 3447 4664 egre-

1929 4683 2082 4735 diens
2115 4683 2182 4734 ab
2214 4683 2441 4744 oriente,
2476 4691 2530 4736 et
2574 4693 2854 4750 propterea
2887 4685 3026 4753 quod
3058 4686 3236 4738 omnia
3269 4685 3448 4753 implet

1929 4781 2146 4838 apparet
2184 4785 2352 4839 usque
2404 4772 2471 4825 ad
2512 4773 2842 4827 occidentem
2885 4789 2902 4838 ;
2953 4773 3030 4827 sic
3077 4789 3199 4827 cum
3243 4773 3449 4826 venerit

1927 4859 2173 4912 Christus
2201 4859 2251 4912 in
2280 4860 2445 4928 gloria
2483 4875 2598 4923 sua,
2631 4874 2844 4930 propter
2890 4866 3032 4932 quod
3073 4866 3264 4934 ubique
3309 4866 3450 4918 futu-

1934 4964 2022 5002 rus
2045 4959 2148 5014 est,
2178 4959 2231 5002 et
2255 4949 2364 5017 ipse
2390 4952 2442 5009 in
2477 4963 2763 5019 conspectu
2796 4953 3032 5007 omnium
3083 4955 3190 5006 erit
3231 4953 3448 5022 ubique,

1931 5048 1986 5093 et
2013 5054 2198 5096 omnes
2231 5040 2426 5109 ubique
2473 5042 2709 5097 eruntin
2743 5050 3029 5110 conspectu
3068 5041 3252 5108 ipsius,
3289 5053 3344 5095 et
3372 5043 3454 5097 sic

1933 5131 2321 5184 constituentur
2340 5140 2464 5186 ante
2493 5132 2672 5187 sedem
2701 5133 2880 5202 gloriae
2902 5129 3039 5196 ejus,
3069 5130 3170 5183 hoc
3195 5141 3301 5194 est,
3329 5141 3456 5184 ante

1935 5234 2152 5287 regnum
2190 5217 2305 5287 ejus
2354 5229 2408 5275 et
2450 5229 2762 5288 potestatem
2796 5215 3174 5274 dominationis
3201 5215 3396 5281 ipsius.
3433 5233 3454 5266 ι

1932 5308 1986 5363 Id
2013 5309 2219 5364 solvere
2246 5325 2304 5365 se
2329 5320 2474 5380 putat
2499 5311 2890 5372 Genebrardus,
2915 5319 3009 5361 seu
3030 5301 3272 5370 quisquis
3300 5304 3466 5356 verba

1933 5399 2144 5469 btecIad
2187 5415 2335 5455 oram
2379 5401 2634 5456 auexuit:
2674 5419 2692 5452 ι
2741 5399 2952 5466 Ubique
2999 5391 3207 5446 iuturus
3256 5391 3471 5444 Christi

1935 5490 2218 5556 adventus,
2270 5492 2362 5546 sed
2415 5491 2733 5547 successive.
2766 5507 2785 5540 ι
2835 5492 2910 5541 At
2939 5487 3194 5552 repugnat
3241 5476 3484 5544 fulguris

1931 5580 2254 5651 exemplum,
2290 5581 2428 5651 quod
2461 5597 2564 5637 non
2591 5581 2922 5645 successive,
2947 5573 3042 5632 sed
3069 5569 3254 5625 eodem
3310 5565 3493 5622 l‘crme
