3894 6448
327 391 431 445 823

1576 385 1632 441 Ρ.
1672 388 1983 443 DANIELIS
2022 390 2245 447 ilUETll

3598 408 3711 462 8‘21

326 516 519 576 puncto
555 503 803 571 temporis
833 503 1090 555 orientem
1123 507 1172 553 et
1199 500 1533 553 occidentem
1556 502 1855 566 collustrat,
1887 513 1931 565 Α
1965 523 2214 577 ronymus
2251 511 2471 577 Apolog.
2512 512 2787 564 adversus
2815 507 3139 575 Ruﬁnum,
3178 503 3284 558 lib.
3338 525 3403 579 ι,
3450 532 3593 585 cap.
3642 521 3708 571 5.

330 616 347 640 ι
382 603 655 663 propterea
699 592 842 659 quod
888 590 1068 645 omnia
1127 588 1330 658 implet.
1361 607 1380 639 ι
1439 589 1549 658 Ego
1593 605 1718 643 vero
1754 607 1854 643 non

322 682 664 737 humanitatis
711 681 912 735 Christi
968 681 1239 745 corporeis
1294 680 1615 748 usurpandae
1665 681 1855 743 oculis,

318 773 407 826 sed
438 770 730 823 divinitatis
759 770 922 823 menti
958 770 1281 839 appariturze
1310 770 1652 837 praesentiam
1691 772 1856 838 signi-

319 860 463 912 ﬁcari
494 874 709 913 censeo.
760 859 987 913 Faciunt
1036 860 1190 912 tidem
1237 874 1355 927 quae
1385 860 1628 927 proxime
1657 874 1855 927 praece-

315 953 471 1002 dunt:
514 967 531 1000 ι
561 950 770 1016 Quanto
813 952 981 1019 magis
1010 960 1155 1003 recte
1183 951 1435 1002 dicuntur
1456 964 1642 1003 omnes
1669 958 1857 1018 gentes

314 1048 436 1091 ante
475 1054 595 1093 eum
641 1042 1026 1109 congreganda!
1056 1050 1111 1093 et
1157 1040 1586 1105 constituendae,
1638 1040 1858 1109 quando

312 1127 483 1193 palam
516 1130 769 1183 omnibus
806 1140 909 1183 tam
946 1131 1100 1184 bonis
1124 1146 1279 1198 quam
1313 1131 1489 1195 malis,
1536 1142 1645 1185 tam
1682 1131 1855 1184 ﬁdeli-

312 1220 410 1272 bus
463 1235 622 1286 quam
658 1220 955 1274 infidelibus
986 1219 1147 1274 fuerit
1176 1220 1348 1274 factus
1367 1222 1702 1287 manifestus,
1731 1230 1857 1274 ante

312 1309 495 1360 oculos
525 1309 719 1363 mentis
755 1324 937 1363 eorum
977 1309 1086 1375 jam
1133 1326 1235 1364 non
1273 1311 1394 1365 ﬁdei
1436 1321 1528 1365 aut
1570 1312 1857 1381 diligentia:

316 1395 545 1465 alicujus
585 1399 928 1466 inquisitiooe
961 1404 1521 1471 repertus,set|ipsius
1565 1405 1856 1458 divinitatis

314 1501 421 1539 sua:
458 1487 886 1543 tnanil‘estatione
917 1491 1185 1551 prazlatus.
1218 1510 1237 1542 ι
1291 1492 1477 1547 Fidem
1524 1508 1737 1562 quoque
1773 1492 1854 1545 fa-

314 1577 482 1636 ciunt,
514 1593 628 1643 qua!
668 1589 895 1634 tractatu
927 1582 979 1633 in
1009 1581 1309 1636 Matthwum
1346 1584 1630 1652 superiore
1679 1583 1856 1651 legun-

319 1679 420 1726 tur,
471 1685 616 1722 num.
663 1669 749 1732 65,
795 1687 914 1740 pag.
966 1672 1087 1735 882,
1124 1673 1247 1737 885,
1280 1675 1329 1727 in
1358 1689 1464 1743 quo
1522 1675 1851 1737 edisserens,

318 1755 488 1810 "omo
514 1759 721 1825 quidam
749 1778 954 1832 peregre
977 1764 1329 1831 proﬁciscens,
1360 1777 1489 1830 etc.,
1524 1768 1714 1836 quaerit
1761 1768 1849 1834 qui

314 1848 638 1915 peregrinari
664 1852 764 1905 dici
794 1853 961 1920 possit
988 1854 1260 1919 Christus,
1312 1871 1468 1925 quem
1505 1857 1704 1925 ubique
1726 1871 1848 1912 esse

312 1938 504 1993 littera:
538 1956 703 1996 sacrae
736 1945 1135 2012 demonstrant;
1161 1955 1269 2001 tum
1298 1949 1511 2017 subjicit
1557 1950 1849 2011 Christum,

312 2046 414 2098 qua
447 2041 527 2086 est
558 2034 694 2089 Deus
718 2036 971 2101 Verbum,
1002 2043 1055 2089 et
1085 2035 1381 2104 Sapientia,
1426 2046 1479 2092 et
1526 2037 1765 2100 Justitia,
1798 2047 1853 2092 et

311 2120 544 2186 Veritas,
575 2141 833 2193 corporeo
864 2126 1067 2180 ambitu
1109 2141 1211 2179 non
1265 2128 1633 2192 circumcludi,
1668 2139 1720 2183 et
1762 2144 1850 2183 se-

311 2215 539 2268 cundum
576 2217 909 2269 divinitatem
937 2231 1086 2269 suam
1114 2232 1175 2269 ac
1209 2218 1458 2270 virtutem
1490 2218 1684 2287 ubique
1708 2234 1848 2282 esse,

311 2304 403 2356 sed
440 2322 458 2353 ι
488 2307 777 2359 secundum
806 2307 1259 2373 dispensationem
1287 2308 1530 2376 corporis
1556 2309 1694 2376 quod
1730 2325 1850 2362 sus-

311 2392 476 2459 cepit,
532 2412 553 2446 »
616 2395 967 2462 peregrinari.
1019 2395 1160 2449 Idem
1213 2397 1405 2449 astruit
1462 2397 1648 2451 homil.
1698 2397 1731 2451 6
1796 2399 1849 2450 in

311 2478 467 2543 Luc.,
500 2490 553 2534 et
580 2481 874 2547 Christum,
906 2500 1008 2551 qua
1045 2485 1214 2538 virtus
1242 2494 1324 2539 est
1365 2484 1479 2548 Dei,
1516 2487 1694 2539 omnia
1726 2503 1847 2555 per-

312 2572 507 2625 vadere
551 2572 727 2637 docet,
764 2575 1024 2640 caelestia,
1064 2576 1338 2630 terrestria
1391 2588 1445 2631 et
1495 2577 1727 2632 inferna.
1786 2580 1850 2632 Et

313 2660 405 2715 lib.
448 2677 543 2715 vm
597 2663 650 2716 in
713 2662 886 2731 Epist.
926 2667 992 2718 ad
1023 2666 1199 2730 Rom.,
1253 2683 1398 2721 num.
1448 2668 1504 2733 2,
1549 2684 1671 2738 pag.
1724 2670 1847 2736 622,

311 2762 593 2820 postquam
619 2753 884 2809 Christum
916 2772 1019 2810 non
1049 2756 1274 2825 alicujus
1320 2759 1420 2813 loci
1464 2762 1706 2816 terminis
1739 2764 1849 2816 cir-

310 2843 616 2907 eumscribi,
649 2845 739 2898 sed
773 2845 968 2913 ubique
998 2860 1299 2915 penetrare,
1335 2858 1387 2902 et
1419 2864 1512 2917 per
1541 2852 1721 2905 omnia
1752 2853 1849 2906 dil-

309 2931 459 2985 fundi
491 2934 818 2998 declaravit;
861 2954 879 2988 t
924 2937 1017 2991 sed
1052 2938 1147 3001 ita,
1197 2939 1389 3007 inquit,
1434 2942 1596 2996 debes
1646 2944 1848 2999 sentire

310 3023 377 3076 de
404 3022 917 3095 Christo,'tanquam
947 3030 1013 3082 de
1042 3028 1241 3094 Verbo,
1274 3041 1330 3086 et
1355 3030 1613 3097 Veritate,
1654 3042 1707 3088 et
1742 3035 1842 3086 Sa-

1961 616 1979 648 σ
2023 597 2234 666 Origeni
2270 609 2381 661 tuo,
2414 600 2625 667 inquit,
2683 601 2823 655 licet
2872 598 3194 651 Christum
3245 597 3497 661 dicere
3548 623 3713 671 smpe

1955 703 2190 756 passum,
2213 699 2267 743 et
2289 689 2486 757 saepius
2508 704 2851 758 passurum,
2887 697 2956 738 ut
2990 687 3151 753 quod
3178 696 3393 747 semel
3431 696 3705 762 proruit,

1957 795 2163 849 semper
2197 781 2365 848 prosit
2395 790 2757 847 assumptum
2794 796 2812 841 ;
2865 798 2885 828 ι
2923 790 2985 831 et
3022 779 3200 847 epist.
3233 777 3307 831 61
3334 824 3355 848 ,
3396 788 3487 837 ad
3521 789 3707 839 Avil.

1957 885 2072 936 cap.
2112 869 2222 921 4:1
2248 870 2494 935 Cumque
2520 869 2769 921 dixisset
2804 866 3150 936 (Origenes)
3175 867 3377 934 juxta
3417 870 3710 927 Joannis

1956 957 2352 1026 Apocalypsim,
2424 956 2801 1025 Evangelium
2865 955 3309 1023 sempiternum
3355 999 3376 1023 ,
3447 961 3522 1012 id
3587 972 3719 1023 esr,

1956 1048 2190 1102 futurum
2224 1049 2276 1100 in
2312 1047 2496 1113 etelis,
2533 1056 2754 1100 tantum
2815 1045 3162 1113 praecedere
3207 1044 3338 1113 hoc
3395 1060 3717 1102 nostrum

1958 1137 2329 1206 Evangelium,
2365 1146 2643 1204 quantum
2697 1135 2927 1189 Christi
2974 1135 3341 1202 praedicatio
3380 1136 3574 1204 legis
3609 1153 3729 1192 ver

1956 1227 2089 1279 teris
2134 1235 2524 1291 sacramenta;
2579 1228 2650 1278 ad
2702 1236 3049 1280 extremum
3110 1224 3317 1279 intulit
3388 1228 3622 1296 (quod
3665 1238 3736 1284 et

1956 1316 2225 1383 cogitasse
2282 1315 2612 1383 sacrilegum
2673 1314 2790 1384 est)
2862 1330 2973 1383 pro
3035 1314 3230 1369 salute
3303 1319 3732 1371 (lwrraonum

1955 1406 2233 1460 Christum
2266 1406 2432 1459 etiam
2488 1406 2544 1457 in
2575 1420 2709 1459 aere
2751 1416 2813 1459 et
2867 1405 2928 1459 in
2973 1409 3252 1473 supernis
3282 1408 3515 1464 Ilocis
3568 1423 3725 1459 esse

1954 1509 2259 1564 passurum.
2313 1495 2379 1549 Et
2430 1495 2565 1549 licet
2618 1495 2712 1548 ille
2767 1511 2890 1548 non
2957 1496 3202 1559 dixerit,
3239 1508 3487 1550 tamen
3531 1499 3718 1563 quod

1954 1601 2298 1655 consequens
2346 1586 2419 1640 sit
2480 1586 2834 1654 intelligitur
2882 1600 2902 1639 :
2947 1587 3105 1640 sicut
3136 1601 3238 1655 pro
3284 1587 3724 1641 horttiuibus

1956 1680 2112 1733 homo
2153 1678 2329 1733 factus
2359 1688 2469 1743 est,
2497 1688 2557 1731 ut
2589 1680 2859 1732 homines
2912 1678 3249 1743 liberaret;
3302 1679 3424 1732 sic
3478 1687 3555 1733 et
3599 1694 3722 1747 pro

1954 1769 2127 1823 salute
2174 1769 2481 1822 daemonum
2535 1769 2707 1822 Deum
2748 1768 3020 1820 futurum
3062 1771 3223 1837 quod
3264 1780 3454 1823 sunt
3492 1769 3597 1831 bi,
3642 1771 3724 1822 ad

1952 1875 2086 1926 quos
2132 1870 2397 1914 venturus
2437 1868 2523 1912 est
2575 1860 2938 1913 liberandos.
2983 1876 3005 1909 ι
3073 1858 3223 1912 Tum
3265 1859 3509 1913 verba
3576 1858 3718 1926 ipsa

1950 1948 2203 2019 Origenis
2234 1950 2482 2016 exhibet,
2519 1951 2668 2003 unde
2700 1950 3083 2004 accusationi
3140 1965 3261 2005 sua;
3328 1951 3573 2004 robur
3603 1952 3722 2004 ad-

1950 2043 2061 2106 (lat,
2091 2051 2145 2094 et
2183 2056 2280 2095 nos
2309 2056 2372 2095 ea
2403 2055 2628 2109 quoque
2680 2040 2833 2094 iul'ra
2890 2040 3256 2096 referemus.
3302 2040 3716 2096 Notandum

1951 2131 2165 2184 interim
2208 2132 2413 2186 diserte
2456 2131 2745 2186 afﬁrmare
2800 2131 3252 2201 Hieronymum
3296 2132 3713 2198 neutiquam

1950 2225 2148 2277 dixisse
2195 2222 2491 2291 Origenem
2544 2225 2840 2279 Christum
2889 2241 3007 2293 pro
3068 2225 3266 2280 salute
3312 2226 3710 2280 daemonum

1888 2382 1896 2391 '
1952 2316 2244 2367 thetnonem
2286 2314 2559 2376 futurum,
2600 2317 2750 2383 quod
2785 2333 2986 2387 neque
3020 2319 3185 2387 apud
3221 2320 3416 2373 illum
3457 2319 3705 2386 legerat

1952 2403 2280 2472 Theophilus
2312 2422 2329 2469 ;
2366 2405 2464 2460 sed
2496 2420 2566 2461 ex
2610 2406 2880 2478 Origenis
2928 2411 3125 2465 dictis
3160 2412 3223 2465 id
3266 2420 3583 2478 uterque
3610 2423 3707 2460 ra-

1955 2492 2266 2547 tiocinando
2308 2493 2535 2563 collegit
2571 2511 2587 2559 ;
2621 2511 2751 2550 cum
2794 2498 3121 2555 Christum
3161 2512 3385 2555 tamen
3459 2500 3701 2569 angelis

1953 2593 2007 2635 et
2046 2581 2358 2637 cmlestibus
2397 2584 2708 2644 virtutibus
2774 2590 2833 2642 in
2891 2606 3011 2644 sua
3062 2592 3446 2661 quibusque
3505 2590 3705 2642 forma

1954 2672 2262 2737 apparuisse
2316 2674 2630 2744 scripserit,
2677 2690 2741 2731 ut
2794 2682 3230 2736 ostendemus
3274 2680 3486 2748 paulo
3539 2689 3701 2747 905‘.

1952 2760 2303 2828 Superiorum
2344 2766 2516 2819 etiam
2546 2768 2748 2822 similis
2787 2780 2881 2823 est
2928 2771 3159 2826 Orosii
3206 2771 3385 2843 apud
3426 2767 3719 2836 Ausus“-

1950 2864 2076 2902 num
2116 2852 2377 2908 adversus
2426 2855 2783 2920 Origenistas
2831 2864 3257 2931 conquestio
3301 2860 3377 2912 ἰπὶ
3434 2857 3721 2910 Commo-

1951 2941 2164 3004 nitorio,
2205 2945 2347 3010 quod
2377 2945 2522 3000 inter
2550 2948 2857 3018 Augustini
2905 2949 3170 3021 Opera,
3218 2957 3303 3011 in
3364 2960 3489 3011 ειιῑι

2206 2945 2347 3010 quod
2377 2945 2522 3000 inter
2550 2948 2857 3018 Augustini
2905 2949 3170 3021 Opera,
3218 2957 3303 3011 in
3364 2948 3586 3011 03D“?-
3602 2945 3744 2997 “5"

1948 3041 2127 3082 contra
2160 3028 2613 3091 Priscillianistas
2642 3049 2691 3092 et
2728 3039 3129 3111 Origem'slas
3182 3048 3326 3104 edi
3385 3035 3552 3089 εὓιεὶ
3574 3055 3595 3091 ‘-
3626 3056 3648 3089 ι
3674 3037 3749 3091 δε

311 3114 532 3179 pientia,
571 3125 625 3170 et
653 3114 868 3171 Iustitia
906 3119 1020 3172 Dei.
1058 3119 1178 3174 Haec
1215 3130 1391 3175 autem
1440 3124 1618 3177 omnia
1653 3138 1755 3177 non
1792 3126 1841 3177 in
1875 3134 1915 3188 c
1948 3131 2173 3204 εοτρρτε
2212 3135 2344 3176 νεΓο
2398 3124 2618 3180 Domini
2676 3128 2760 3183 Sic
2824 3134 3359 3204 tradiderunt,
3433 3129 3585 3194 qm“
3642 3144 3769 3183 cm“

307 3201 425 3257 loco
454 3215 782 3272 quteantur,
830 3208 923 3262 sed
966 3208 1162 3277 ubique
1209 3211 1420 3275 adsunt,
1466 3228 1641 3282 neque
1673 3215 1739 3268 ab
1769 3214 1845 3268 itt-

310 3293 475 3349 fernis
494 3297 624 3350 locis
648 3309 961 3362 evocantur,
985 3301 1076 3353 sed
1100 3311 1276 3355 tuente
1306 3302 1417 3356 sola
1465 3303 1845 3372 intellectuque

307 3386 610 3451 capiuntur.
666 3405 684 3436 ι
739 3389 912 3455 Atque
970 3389 1043 3441 ita
1101 3388 1478 3458 intelligendus
1525 3402 1652 3446 tom.
1701 3408 1738 3446 tt
1792 3395 1845 3446 in

303 3473 486 3537 10am,
521 3489 668 3526 num.
700 3475 787 3537 29,
818 3493 937 3530 cum
977 3479 1049 3531 ait
1076 3499 1087 3532 :
1116 3478 1267 3531 Μετὰ
1294 3480 1534 3533 δὲταῦτα
1556 3483 1683 3552 ἄλλη
1709 3500 1846 3553 μαρ-

306 3563 460 3626 τυρία
513 3563 604 3615 τοῦ
667 3565 826 3616 αὑτοῦ
895 3568 1191 3620 Βαπτιστοῦ
1257 3571 1379 3640 περὶ
1428 3572 1659 3641 Χριστοῦ
1708 3575 1843 3637 ἐστι,

304 3651 399 3721 τὴν
443 3654 853 3723 προηγουμένην
879 3657 1041 3709 αὐτοῦ
1072 3659 1360 3713 ὑπόστασιν
1389 3662 1465 3714 ἔτι
1498 3664 1837 3728 διδάσκουσα,

303 3740 588 3808 διήκουσαν
626 3741 717 3794 ἐπὶ
759 3745 931 3797 πάντα
964 3746 1052 3797 τὸν
1085 3747 1302 3813 κόσμον,
1346 3750 1484 3803 κατὰ
1530 3751 1625 3814 τὰς
1673 3754 1845 3822 ψυχὰς

303 3829 400 3890 τὰς
441 3831 677 3898 λογικὰς,
728 3835 815 3885 ὅτε
862 3836 1018 3904 φησί·
1069 3835 1266 3901 Μέσος
1292 3837 1455 3905 ὑμῶν
1492 3840 1745 3908 ἔστηκεν
1774 3844 1846 3895 ὃν

302 3921 469 3989 ὑμεῖς
499 3924 609 3975 οὐκ
637 3923 850 3985 οἴδατε,
880 3927 1069 3978 ὀπίσω
1086 3943 1203 3994 μου
1229 3926 1559 3996 ἐρχόμενος.

372 4009 490 4063 XX.
528 4013 779 4079 Sequitur
813 4014 1063 4080 placitum
1108 4015 1250 4067 aliud
1291 4016 1535 4086 Origenis
1572 4021 1639 4073 de
1672 4030 1848 4074 morte

305 4097 528 4165 Christi,
555 4116 660 4154 non
688 4102 996 4156 hominibus
1031 4105 1367 4161 solummodo
1389 4109 1525 4173 utili,
1553 4110 1648 4163 sed
1677 4126 1843 4180 ange-

304 4183 370 4241 lis
419 4190 603 4254 etiam,
647 4200 700 4244 et
740 4194 1024 4257 sideribus,
1065 4209 1129 4248 ae
1173 4200 1331 4251 rebus
1377 4200 1572 4254 creatis
1621 4201 1845 4269 quibus-

305 4294 536 4350 cunqne.
562 4285 640 4337 Ab
668 4300 732 4339 eo
773 4285 817 4338 si
844 4287 961 4353 quis
987 4289 1218 4345 alienum
1276 4291 1486 4357 penitus
1528 4291 1693 4345 fuisse
1718 4292 1843 4346 Ori-

307 4384 492 4437 genem
535 4376 849 4439 pertendere
896 4378 1046 4441 velit,
1091 4379 1376 4432 candorem
1417 4380 1507 4433 ille
1537 4395 1747 4434 onmem
1781 4399 1843 4437 ac

1948 3191 2117 3275 usque
2155 3213 2220 3264 ad
2263 3229 2366 3269 nos
2401 3220 2631 3272 veniens
2656 3219 2840 3275 Filius
2873 3222 2985 3277 Dei
3027 3239 3209 3292 post
3260 3191 3426 3286 uiri
3464 3218 3655 3281 nimia
3680 3240 3770 3284 3n-

1946 3314 2133 3352 nnrum
2159 3303 2371 3358 otiosus
2407 3320 2474 3361 eo
2507 3322 2685 3377 usque
2716 3326 2833 3364 non
2866 3311 3103 3381 fuerit,
3181 3318 3395 3379 secl
3454 3326 3772 3402 prtedicans

1946 3390 2319 3445 remissionem
2363 3396 2598 3464 angelis,
2630 3403 3050 3466 potestatibus
3125 3390 3484 3487 atque:

2224 3406 2319 3445 tem
2363 3396 2598 3464 angelis,
2630 3403 3050 3466 potestatibus
3125 3390 3762 3492 atque-universi,

1946 3482 2332 3548 superioribus,
2389 3500 2515 3540 eum
2557 3490 2904 3556 qualitatem
2953 3493 3235 3557 forma:
3281 3482 3716 3587 ehi};

1943 3572 2179 3624 visitaret
2210 3586 2546 3659 assumeret,
2587 3595 2769 3649 usque
2804 3586 2882 3637 ad
2926 3588 3464 3659 palpabililalem
3490 3572 3679 3665 carinis

1944 3662 2329 3728 assumptionis
2364 3668 2548 3734 specie
2591 3672 2967 3731 transivisse.
3024 3698 3051 3731 ι
3127 3682 3227 3739 Ex
3304 3707 3387 3747 eo
3449 3662 3682 3768 quoque

1944 3751 2278 3853 potissimum
2324 3754 2547 3860 Drigeni
2602 3761 2895 3820 conﬂasse
2957 3771 3291 3833 invidiam
3358 3751 3684 3860 {Egyptios

1943 3841 2234 3941 episcopos
2263 3846 2435 3941 relert
2465 3849 2919 3911 Posthumianus
2958 3865 3140 3930 apud
3180 3841 3570 3941 Sulpiciumr

1944 3947 2126 3984 verum
2171 3932 2380 4030 Dialop.
2410 3952 2457 4030 ι,
2487 3954 2612 4008 cap.
2651 3942 2709 4007 5,
2742 3950 2907 4014 quod
2968 3952 3032 4005 in
3099 3957 3252 4025 ejus
3298 3932 3686 4030 l'ibrisﬁlege-

1946 4031 2109 4121 retur,
2153 4040 2202 4124 lc.
2248 4026 2375 4090 quia
2438 4029 2705 4087 Dominus
2775 4034 2986 4104 Jesus,
3038 4017 3227 4104 εἱς-ιιι
3277 4071 3405 4124 pro

1945 4111 2125 4177 ptione
2153 4112 2390 4170 hominis
2418 4118 2469 4169 in
2511 4134 2684 4176 carne
2719 4129 3024 4196 venisset,
3080 4111 3368 4203 crucém
3423 4111 3693 4223 ιξτξνιςξ.

1945 4199 2103 4223 ...ἒ-ιε,
2156 4202 2323 4223 -.-1-,.Α
2362 4221 2371 4223 _
2406 4222 2413 4223 κ

1943 4199 2106 4255 tninis
2154 4202 2328 4255 salute
2361 4221 2577 4273 passus,

1948 4297 2404 4404 Ϊῗὲῗηεῗῗῖῗῗῗῖίτ-
2437 4309 2710 4404 ¹,¹ῗ¹.θ³⁸ε¹
2768 4311 2989 4368 “de”
3060 4324 3321 4385 ordine
3389 4345 3701 4404 Passionis

1944 4380 2105 4490 etiam
2134 4383 2408 4486 diabolum
2446 4389 2899 4462 redempturus:
2936 4409 3087 4474 quia
3140 4380 3705 4490 lroc'br;:i12:i|il:

310 4460 560 4523 pudorem
594 4464 1077 4530 projiciatnecesse
1102 4478 1206 4533 est,
1242 4485 1360 4523 cum
1389 4471 1526 4524 hanc
1556 4472 1606 4524 in
1631 4485 1695 4525 eo
1718 4487 1841 4525 sen-
1872 4449 1917 4507 θ
1945 4469 2072 4534 lius,
2103 4472 2404 4543 pietatique
2426 4492 2794 4552 congrueret,
2838 4502 2909 4548 ut
2939 4449 3047 4552 :lui

309 4551 527 4602 tentiam
570 4555 834 4623 castigent
862 4572 923 4611 ac
961 4571 1255 4631 coarguant
1275 4570 1482 4614 veteres
1507 4561 1766 4629 plerique,
1786 4573 1839 4617 et

305 4653 423 4689 eam
457 4638 619 4693 claris
652 4658 712 4697 ac
746 4646 951 4703 iteratis
983 4652 1301 4706 testimoniis
1323 4652 1685 4721 consignatum
1711 4653 1838 4706 reli-

306 4730 501 4798 querit.
534 4731 635 4786 Sed
669 4737 917 4802 quoniam
949 4756 1034 4795 res
1067 4744 1311 4796 intricata
1344 4752 1427 4797 est
1465 4753 1519 4796 et
1568 4745 1836 4812 perplexa,

307 4820 608 4873 accuratius
632 4823 841 4876 videtur
868 4830 1268 4892 perscrutanda.

377 4905 519 4961 XXI.
555 4926 575 4958 ι
608 4908 929 4980 Theophilus
971 4917 1189 4983 epistola
1243 4916 1485 4973 Paschal.
1515 4920 1573 4983 2,
1608 4920 1839 4974 sensisse

309 5012 427 5051 eum
464 5000 706 5066 queritur
739 5019 757 5051 ι
790 5002 1060 5059 Christum
1105 5022 1201 5075 pro
1227 5008 1556 5064 danrtonibtts
1580 5024 1643 5063 ac
1676 5010 1837 5077 spiri-

309 5086 543 5140 tualibus
573 5090 823 5155 nequitiis
849 5095 986 5162 apud
1015 5110 1235 5163 superos
1261 5097 1576 5163 aﬂigendum
1603 5101 1746 5153 cruci
1769 5118 1784 5165 ;
1815 5120 1834 5151 ι

310 5186 470 5243 atque
523 5179 634 5231 hare
680 5182 905 5235 dicendo
958 5184 1148 5237 deinde
1201 5186 1527 5254 ampliﬁcans
1562 5204 1658 5257 pro
1693 5204 1840 5244 more

305 5276 398 5315 suo
443 5276 496 5318 et
537 5270 850 5332 extendens,
890 5271 1052 5323 multa
1106 5271 1227 5324 inde
1287 5274 1536 5340 pestifera
1587 5280 1838 5345 consequi

307 5356 557 5407 ostendit.
596 5357 670 5411 Ac
708 5359 860 5426 hujus
908 5361 1099 5414 deinde
1131 5364 1448 5417 auctoritate
1477 5374 1530 5419 et
1558 5368 1734 5421 verbis
1771 5370 1834 5422 ad

306 5444 547 5497 eumdem
583 5447 961 5517 proﬂigandum
992 5464 1225 5504 errorem
1259 5469 1387 5507 usus
1413 5464 1490 5507 est
1521 5456 1834 5511 llinemarus

307 5529 363 5581 in
392 5531 485 5585 lib.
512 5532 583 5587 De
620 5539 1091 5605 pra'destinatt'one,
1119 5556 1240 5610 cap.
1272 5542 1361 5596 27.
1388 5542 1501 5598 Non
1532 5544 1687 5600 aliter
1712 5546 1832 5603 Hie-

386 5690 427 5721 “
456 5692 593 5749 Psal.
623 5715 815 5768 Lxxttt,
840 5704 921 5759 1'2.
998 5707 1041 5738 ⁷⁶
1071 5706 1231 5763 Bom.
1260 5724 1331 5775 τι»
1368 5710 1419 5764 9-

1944 4574 2065 4612 nem
2117 4560 2468 4621 reformasset

1944 4830 1995 4882 in
2054 4832 2236 4889 medio
2277 4850 2438 4896 terra:
2478 4844 2527 4875 ⁷⁸
2572 4864 2586 4901 :

1942 4919 2056 4974 lloc
2110 4927 2404 4990 adversum
2456 4934 2780 5013 Origenem,

1942 5011 2129 5079 gloriae
2172 5020 2362 5083 denuo
2400 5046 2500 5102 pro
2549 5011 2829 5099 daemonib

1947 5105 2243 5169 mendacio
2269 5135 2286 5185 ;

1942 5190 2214 5272 allirtnet,
2260 5230 2336 5284 qn

2836 5062 2915 5141 usi
2946 5049 3339 5124 impudenti
3391 5082 3715 5141 cruciligit

2359 5141 2483 5183 cum
2524 5129 2691 5201 huius
2730 5140 2994 5197 conscius
3055 5126 3711 5233 ηιγειετίἰμίλζιῑιῖιζ

1942 5222 2214 5272 auuutet,
2260 5222 2414 5284 quod
2449 5242 2729 5301 resurgens
2761 5250 2827 5288 ex
2866 5239 3098 5290 mortuis
3123 5241 3311 5308 iam
3348 5274 3481 5315 non

1942 5289 2069 5329 tur.-
2104 5306 2265 5329 ηιιιαι-
2462 5319 2471 5329 ·

2056 5301 2069 5314 .
2310 5312 2323 5323 ,
2379 5317 2389 5328 _
2605 5298 2619 5301 ψ
3123 5298 3145 5308 ν
3212 5298 3310 5305 η--
3348 5298 3481 5315 ..νη
3524 5298 3705 5322 ,,,υ,,-

1967 5298 2266 5413 ﬂuxi"
2306 5315 2392 5369 tllt
2420 5319 2696 5382 ultranon
2723 5328 3084 5385 dominabitur
3114 5332 3184 5365 τε
3227 5357 3253 5405 ;
3292 5364 3318 5399 ,
3373 5362 3444 5406 ει
3481 5357 3705 5413 Αιδρμ

1944 5381 2035 5513 ltus
2076 5380 2341 5462 Magnus
2394 5413 2451 5469 in
2500 5420 2775 5491 epistolam
2807 5424 2841 5481 8
2884 5424 3121 5497 Dionysii

1967 5478 2218 5522 ulllrlnn
2271 5498 2344 5522 με.
2395 5508 2452 5522 η.
2509 5514 2521 5522 .
2708 5520 2716 5522 μ

2076 5489 2221 5540 rum
2271 5498 2353 5556 δὴ

1940 5563 2123 5648 genis.
2145 5591 2367 5655 errore

3182 5446 3217 5484 θ’
3264 5456 3288 5487 ⁸
3331 5440 3479 5502 Non
3541 5458 3698 5521 quod

2393 5508 2677 5575 Christum
2707 5520 2909 5577 iterum
2944 5522 3074 5593 pati,
3108 5534 3503 5595 secundum
3558 5508 3693 5600 'Ori;

2376 5617 2451 5687 ut.
2485 5629 2506 5664 δ
2543 5613 2707 5690 Pejus
2734 5619 2863 5693 quid
2903 5634 2970 5677 ex
3007 5614 3137 5689 ipsis
3172 5617 3505 5696 Origenis
3546 5650 3680 5691 ver-
