3894 6466
135 461 240 517 815

136 579 215 632 bis
273 586 639 647 repmentat
683 578 1020 638 Justinianus
1069 583 1358 652 imperator
1386 580 1438 634 in
1461 577 1685 648 epistola
1716 578 1764 637 Δ

134 669 195 718 ad
235 666 477 731 Menam,
506 667 746 723 futurum
778 685 967 740 nempe
998 681 1057 725 ut
1093 687 1190 741 pro
1215 669 1544 726 daemonibus
1564 683 1690 722 cru-

133 756 383 821 ciligatur
412 756 690 821 Christus,
732 760 890 828 idque
939 775 1300 829 saepenumero
1347 773 1441 827 per
1493 756 1688 812 sarcula

134 846 332 899 futura.
364 845 508 900 Tum
549 849 601 900 in
643 850 903 919 subjectis
938 850 1061 906 huic
1102 850 1342 920 epistola:
1378 848 1693 902 anathema-

134 938 305 992 tismis
335 937 642 1007 Origencm
682 943 872 1009 tangit,
910 957 1030 997 cum
1068 950 1161 997 eos
1181 942 1399 997 damnat
1424 940 1511 1008 qui
1540 940 1690 994 dixe—

130 1028 233 1079 rint
263 1024 517 1081 Verbum
556 1027 936 1099 Seraphimum
956 1030 1152 1086 factum
1180 1046 1300 1087 esse
1333 1030 1689 1100 Seraphimis,

129 1124 179 1167 et
205 1114 456 1171 similem
496 1117 723 1186 reliquis
760 1119 881 1174 coeli
919 1121 1205 1176 virtutibus
1245 1138 1260 1187 ;
1299 1129 1353 1173 et
1385 1135 1505 1174 cum
1547 1119 1692 1173 addit

129 1206 425 1260 anathema
459 1222 590 1263 esse
627 1210 721 1279 qui
757 1209 958 1263 dixerit
985 1210 1253 1265 Christum
1289 1210 1342 1264 in
1376 1210 1568 1264 saeculo
1607 1208 1693 1262 fu-

130 1305 248 1349 turo
291 1296 639 1351 cruciﬁxum
681 1299 746 1351 iri
790 1315 886 1366 pro
925 1301 1272 1363 daemonibus,
1327 1299 1467 1355 sicut
1504 1308 1558 1351 et
1595 1314 1690 1365 pro

128 1386 477 1441 hominibus.
545 1387 699 1442 Unde
738 1388 1067 1458 Nicephorus
1116 1390 1209 1444 lib.
1254 1405 1386 1451 xvn,
1434 1404 1552 1459 cap.
1598 1388 1689 1453 27,

129 1478 270 1529 inter
322 1476 579 1531 haereses
628 1476 846 1548 Origeni
894 1480 1153 1548 ascriptas
1197 1479 1503 1533 damnatam
1549 1480 1690 1532 illam

128 1565 287 1619 fuisse
337 1565 521 1619 refert
556 1584 574 1621 :
605 1567 728 1620 Ὅτι
766 1568 901 1638 ὑπὲρ
919 1569 1180 1640 δαιμόνων
1222 1569 1298 1621 δεῖ
1344 1569 1433 1623 τὸν
1466 1568 1691 1639 Χριστὸν

129 1654 544 1726 σταυρωθῆναι.
605 1657 700 1709 καὶ
764 1657 1017 1720 πολλάκις
1080 1657 1236 1711 τοῦτο
1284 1659 1363 1721 είς
1411 1658 1693 1727 ἐσομένους

126 1744 322 1806 αἰῶνας
392 1743 595 1797 παθεῖν
630 1744 735 1796 ὑπὸ
786 1744 893 1797 τῶν
930 1746 1248 1815 πνευμάτων
1288 1746 1385 1815 τῆς
1436 1745 1691 1816 πονηρίας

126 1834 224 1886 τῶν
239 1836 300 1885 ὲν
320 1835 446 1896 τοῖς
472 1833 835 1903 ἐπουρανίοις.
859 1851 879 1884 ι
902 1834 1156 1902 Oporlere
1176 1834 1437 1889 Christum
1455 1834 1687 1903 cruciﬁgi

126 1936 218 1989 pro
247 1921 629 1987 dannouibns,
668 1931 724 1975 et
764 1922 955 1988 saepius
995 1923 1046 1974 in
1080 1921 1272 1976 futuris
1313 1923 1518 1977 saeculis
1554 1924 1689 1975 idem
1723 1905 1766 1958 Β

126 2012 329 2079 perpeti
352 2025 388 2062 a
413 2010 705 2077 spiritibus
731 2010 979 2079 nequitia:
995 2011 1083 2077 qni
1110 2020 1232 2064 sunt
1255 2010 1307 2064 in
1330 2010 1686 2066 ctelestibum

130 2100 409 2154 Horribile
452 2115 590 2154 vero
630 2108 716 2153 est
760 2108 815 2153 et
862 2101 1245 2155 exsecrandum
1276 2102 1417 2169 quod
1463 2099 1693 2155 Joannes

126 2187 516 2240 Damascenus
551 2187 604 2240 in
641 2186 781 2241 libro
815 2186 889 2240 De
915 2188 1192 2242 Iumsibus
1222 2187 1436 2258 Origeni
1472 2203 1695 2256 persua-

127 2291 233 2329 sum
275 2276 463 2329 fuisse
506 2277 606 2342 ait,
653 2290 845 2345 nempe
899 2294 918 2328 ι
968 2276 1237 2330 Christum
1277 2292 1379 2330 una
1422 2291 1541 2331 cum
1576 2277 1695 2330 dia-

132 2367 249 2418 bolo
295 2383 329 2418 ιι
380 2364 539 2434 Rege
567 2366 922 2434 gubernatum
977 2366 1067 2429 iri,
1121 2380 1349 2434 eumque
1399 2367 1452 2419 in
1482 2380 1692 2422 crucem

129 2465 300 2509 actum
349 2455 708 2509 daemonibus
733 2454 867 2508 falsa
907 2454 1359 2509 denuntiaturum.
1392 2473 1413 2507 ι

188 2545 363 2599 XXII.
408 2544 594 2607 Nunc,
634 2546 766 2600 rivis
802 2546 1044 2609 omissis,
1092 2562 1160 2599 ex
1205 2546 1319 2614 ipso
1361 2544 1506 2601 fonte
1565 2547 1696 2599 bau-

128 2636 353 2687 riamus.
399 2633 676 2700 Origenes
718 2633 903 2687 homil.
944 2634 1084 2687 ibin
1127 2630 1255 2686 Luc.
1287 2648 1352 2687 ex
1396 2648 1460 2686 eo
1506 2634 1697 2703 probat

124 2719 241 2774 Jesu
276 2720 506 2775 Christi
542 2721 835 2775 adventum
863 2719 1072 2774 Veteris
1099 2720 1421 2776 Testamenti
1451 2721 1696 2776 Patribus

124 2810 428 2877 profuisse,
465 2812 611 2879 quod
641 2810 956 2865 caelestibus
976 2810 1259 2876 profuerit,
1281 2813 1429 2881 juxta
1470 2813 1697 2882 Aposto-

125 2899 226 2952 lum
251 2898 487 2955 Coloss.
525 2914 567 2962 ι,
595 2898 685 2951 20.
724 2897 843 2963 Quo
881 2898 1028 2952 Pauli
1076 2900 1194 2954 loco
1218 2901 1271 2954 in
1300 2902 1541 2955 eamdem
1573 2903 1697 2955 abu-

126 2988 250 3041 titur
275 2986 632 3041 sententiam
657 2986 800 3056 hom.
832 2987 924 3039 lin
956 2985 1304 3050 Levit.,num.
1338 2989 1392 3053 3,
1429 2999 1484 3042 et
1531 2989 1621 3042 lib.
1664 3004 1696 3042 v

124 3079 175 3131 in
206 3076 389 3148 Epist.
418 3078 494 3130 ad
528 3075 707 3142 Rom.,
738 3091 890 3130 num.
932 3076 1019 3141 l0,
1057 3092 1178 3146 pag.
1216 3077 1338 3132 568.
1369 3077 1480 3133 Hoc
1518 3087 1693 3133 autem

125 3173 440 3227 caelestium
480 3170 723 3235 nomine,
760 3184 864 3222 non
904 3168 1213 3238 angelorum
1257 3172 1412 3224 modo
1454 3170 1689 3233 ordines,

124 3262 209 3316 sed
233 3262 427 3317 sidera
471 3273 692 3327 quoque
731 3257 959 3322 notavit,
1000 3265 1179 3327 utpote
1216 3272 1335 3328 quae
1382 3271 1482 3311 non
1516 3259 1690 3311 anima

123 3351 301 3416 modo,
336 3351 441 3406 sed
487 3351 703 3403 ratione
740 3349 902 3403 etiam
944 3347 1163 3416 prtedita
1197 3348 1486 3405 censuerit.
1537 3346 1695 3414 Qua:-

124 3458 340 3512 cunqne
376 3450 573 3495 autem
618 3439 827 3492 ratione
852 3438 1072 3507 pollent,
1118 3449 1340 3507 peccato
1377 3453 1495 3493 esse
1528 3442 1697 3493 obno-

123 3535 232 3599 xia,
270 3549 339 3586 ac
376 3530 618 3602 proinde
650 3529 962 3598 purgatione
986 3528 1222 3598 indigere
1254 3527 1549 3582 arbitratus
1573 3537 1692 3595 est;

121 3622 482 3693 purgationis
543 3634 673 3672 vero
724 3618 954 3673 cilicium
998 3617 1109 3683 illis
1167 3629 1339 3673 morte
1397 3634 1493 3673 sua
1544 3620 1697 3673 exhi-

118 3714 328 3776 buisse,
371 3713 721 3778 salutemque
752 3723 1065 3778 procurasse
1093 3707 1391 3773 Christum,
1417 3710 1693 3781 ἀπροσδεῆ

120 3805 330 3866 παντὸς
364 3799 708 3860 οὑτινοσοῦν,
753 3799 889 3869 πλὴν
942 3798 1038 3868 τῆς
1080 3797 1372 3869 ἀνθρώπων
1410 3801 1694 3870 σωτηρίας,

114 3893 214 3946 val.
251 3891 471 3954 παντὸς
502 3885 747 3957 λογικοῦ.
782 3884 873 3939 Sic
913 3899 1067 3940 error
1095 3885 1266 3937 errori
1301 3885 1552 3937 cohaeret.
1587 3884 1695 3935 Ra-

116 3981 347 4034 tienalia
372 3994 547 4048 porro
569 3990 898 4031 enumerans
926 3984 1051 4028 tom.
1086 3988 1102 4025 ι
1147 3972 1200 4023 in
1243 3969 1426 4032 Joan.,
1454 3970 1694 4034 num.34,

112 4072 356 4141 angelos
399 4071 458 4125 in
527 4069 619 4130 iis,
667 4066 912 4121 homines
936 4049 1022 4118 ’σο
1076 4063 1346 4118 daemones
1394 4061 1693 4115 collocavit.

112 4163 308 4217 Astris
350 4171 544 4215 autem
585 4158 819 4211 animam
860 4153 1086 4217 addidit,
1118 4167 1148 4206 ε
1174 4151 1419 4222 snpernis
1445 4150 1695 4203 nimirum

110 4256 379 4309 caelitum
413 4249 704 4305 ordinibus
736 4249 1124 4316 depromptam,
1161 4247 1224 4296 ad
1254 4257 1412 4311 quam
1455 4256 1698 4310 peraeque

111 4346 329 4397 mortis
381 4339 592 4395 Christi
651 4336 972 4394 beneﬁcium
1015 4333 1355 4402 pertinuerit.
1387 4329 1697 4385 Commenta

109 4434 208 4486 illa
245 4432 445 4501 palam
479 4427 688 4498 profert
721 4436 851 4480 tom.
877 4440 916 4489 ι,
948 4439 1097 4477 num.
1122 4422 1192 4477 40
1222 4423 1274 4475 in
1320 4419 1506 4485 leam,
1546 4421 1700 4474 Chri-

946 457 1502 520 OBICENIANORUM
1540 457 1667 512 LIB.
1709 455 1775 521 ll,

1813 457 1962 514 CAP.
2002 457 2066 525 ll,
2100 458 2373 525 QUIEST.
2412 460 2500 515 lli.
3229 457 3330 514 826

1795 577 1989 632 linibns
2018 579 2209 633 mortis
2236 578 2433 634 Christi
2465 579 2694 650 pretium
2731 588 2787 637 et
2825 579 3059 636 valerem
3094 579 3329 637 circnm—

1794 669 2077 737 scripsisse
2100 671 2248 721 visus
2269 676 2375 733 est,
2409 669 2500 723 sed
2527 669 2592 722 ad
2621 684 2707 724 res
2739 680 2948 725 creatas
2988 684 3175 724 omines
3202 685 3330 738 por-

1796 760 2036 814 rexisse:
2081 758 2159 813 ait
2206 756 2349 823 enim
2393 767 2522 813 tom.
2566 774 2660 812 xm
2705 760 2761 812 in
2823 758 3039 823 Momm
3097 775 3248 813 num.
3272 760 3327 821 8.

1794 849 2062 905 Christum
2092 862 2305 916 passum
2352 847 2490 918 ὑπὲρ
2528 847 2843 918 ἀνθρώπων,
2876 850 2908 920 ἦ
2948 851 3041 904 καὶ
3068 851 3188 904 ὅλου
3235 850 3328 904 τοῦ

1798 938 2024 1008 κόσμου,
2059 946 2113 992 et
2139 946 2266 991 tum.
2292 951 2328 991 ll
2359 936 2414 988 in
2438 936 2622 1000 Jaan.,
2655 953 2800 991 ntun.
2833 940 2864 992 6
2895 955 2909 994 :
2945 942 3014 994 Ἦ
3046 942 3182 1010 τάχα
3212 942 3328 996 ἐστὶ

1796 1031 1886 1083 καὶ
1912 1030 2066 1081 τοῦτο
2085 1031 2275 1091 εἰπεῖν,
2302 1028 2382 1080 ὅτι
2406 1027 2572 1080 ἐδεῖτο
2602 1029 2634 1098 ἡ
2672 1028 2845 1092 κτίσις
2873 1031 3009 1103 ὑπὲρ
3041 1032 3133 1085 τοῦ
3174 1033 3324 1087 ἐλευ-

1797 1119 2095 1192 θερωθῆναι
2126 1118 2231 1171 ἀπὸ
2273 1118 2373 1187 τῆς
2405 1118 2645 1182 δουλείας
2686 1119 2784 1188 τῆς
2821 1120 3041 1191 φθορᾶς,
3073 1123 3206 1177 ἀλλὰ
3234 1125 3328 1178 καὶ

1794 1209 1855 1263 τὸ
1884 1208 1990 1262 τῶν
2038 1207 2333 1279 ἀνθρώπων
2375 1208 2547 1277 γένος,
2582 1208 2851 1280 μακαρίας
2876 1212 2968 1264 καὶ
2994 1211 3139 1277 Θείας
3168 1214 3325 1269 δυνά-ε

1799 1313 1942 1367 μεως
1978 1295 2444 1369 ὲνανθρωπούσης,
2476 1298 2597 1368 ἥτις
2629 1297 2973 1368 διορθώσεται
3005 1302 3097 1354 καὶ
3136 1303 3207 1355 τὰ
3235 1302 3329 1357 ἐπὶ

1792 1388 1890 1458 τῆς
1910 1388 2032 1457 γῆς.

1868 1477 2045 1533 ΧΧΙΙΙ.
2074 1475 2190 1532 Νοη
2220 1477 2357 1533 satis
2381 1490 2510 1531 vero
2542 1478 2656 1545 ipse
2682 1477 2785 1533 sibi
2817 1479 3027 1535 videtur
3057 1491 3327 1547 constare,

1795 1576 1913 1615 cum
1942 1564 2199 1617 rationem
2238 1564 2554 1634 modumque
2573 1565 2843 1632 explanat,
2862 1581 2968 1634 quo
2993 1583 3076 1623 res
3105 1571 3328 1626 rationis

1794 1663 2065 1722 compotes
2108 1668 2138 1706 a
2186 1654 2545 1721 corruptionis
2572 1655 2827 1711 servitute
2855 1655 3101 1714 Christus
3130 1660 3327 1715 libera-

1794 1745 1888 1798 vit.
1925 1742 2059 1796 Nam
2087 1742 2310 1812 singulis
2338 1742 2643 1812 angelorum
2666 1745 2966 1810 ordinibus,
3000 1748 3053 1802 in
3084 1765 3177 1804 sua
3205 1750 3327 1804 uni-

1794 1833 1988 1902 cuique
2022 1832 2189 1887 forma
2227 1834 2564 1904 apparuisse,
2592 1833 2935 1904 Evangelium
2988 1838 3326 1907 praedicasse,

1792 1932 1845 1976 et
1875 1923 1927 1976 in
1953 1924 2090 1977 cmlo
2111 1922 2341 1992 denique
2369 1934 2594 1978 mortem
2642 1940 2738 1992 pro
2784 1925 2851 1980 iis
2871 1929 3070 1982 abiisse
3099 1930 3330 1985 sciscere

1792 2013 2000 2068 videtur
2029 2014 2335 2083 aliquando.
2356 2016 2508 2070 Velut
2539 2032 2659 2070 cum
2682 2018 2759 2070 ait
2787 2018 2927 2072 hom.
2957 2017 2989 2072 8
3038 2019 3092 2071 in
3116 2018 3326 2083 Cenem,

1792 2117 1939 2156 num.
1980 2103 2049 2157 8:
2100 2103 2604 2159 «Considerandum
2655 2115 2737 2159 est
2773 2108 2896 2173 quia
2949 2108 3170 2174 angelus
3214 2109 3328 2165 haec

1792 2191 2028 2245 refertur
2056 2192 2121 2245 ad
2158 2192 2424 2246 Abraham
2475 2193 2705 2259 locutus,
2762 2205 2814 2249 et
2860 2197 2985 2263 quia
3041 2198 3093 2251 in
3137 2212 3327 2252 consc-

1790 2282 2073 2350 qucntibus
2097 2282 2373 2337 evidenter
2401 2284 2487 2339 hic
2534 2284 2755 2353 angelus
2785 2285 3040 2341 Dominus
3080 2290 3324 2343 ostendi-

1794 2380 1899 2424 tur.
1927 2368 2079 2426 Unde
2129 2382 2256 2440 puto
2307 2374 2446 2441 quod
2482 2374 2623 2429 sicut
2670 2376 2810 2429 inter
2838 2392 2934 2431 nos
2960 2377 3201 2433 homines
3234 2379 3329 2433 ha-

1790 2459 1902 2513 bitu
1964 2470 2204 2528 repertus
2251 2472 2336 2517 est
2390 2471 2447 2516 ut
2484 2464 2663 2528 homo,
2714 2465 2787 2519 ita
2834 2476 2892 2520 et
2935 2467 3072 2522 inter
3113 2469 3328 2538 angelos

1791 2549 1971 2604 habitu
1995 2560 2078 2603 est
2102 2559 2342 2618 repertus
2371 2562 2428 2605 ut
2458 2553 2696 2620 angelus.
2730 2573 2748 2606 ι
2797 2555 2860 2610 Ει
2905 2570 3024 2610 cum
3064 2566 3207 2612 tonio
3258 2573 3327 2611 xv

1790 2641 1844 2694 in
1868 2638 2084 2704 Matth"
2117 2656 2266 2695 num.
2294 2641 2347 2705 7,
2375 2643 2593 2711 angelos
2649 2644 2844 2698 Christi
2886 2646 3176 2711 discipulos
3225 2661 3323 2714 ap-

1793 2728 1975 2797 pellari
2009 2743 2170 2797 posse
2226 2731 2477 2794 asserit;
2521 2732 2744 2787 Φθάνειν
2790 2733 2897 2804 γὰρ
2941 2735 3033 2788 ἐπὶ
3077 2733 3327 2799 τοιαύτας

1791 2817 2043 2888 δυνάμεις
2090 2817 2151 2871 τὸ
2201 2818 2306 2873 τῶν
2346 2820 2599 2892 μαθητῶν
2657 2822 2826 2891 Ἰησοῦ
2872 2823 3041 2893 ὄνομα
3088 2823 3325 2893 εὔλογον,

1792 2907 1877 2959 ἵνα
1909 2905 1982 2976 μὴ
2016 2907 2172 2976 μόνον
2193 2910 2240 2960 οἱ
2273 2908 2543 2980 ἄνθρωποι
2566 2911 2713 2980 αὐτῷ
2743 2911 3166 2983 μαθητεύωνται,
3193 2912 3326 2968 ἀλλὰ

1792 2994 1886 3047 καὶ
1909 2997 1957 3047 οἱ
1983 2995 2195 3063 ἄγγελοι
2231 2990 2311 3059 οἷς
2346 2996 2520 3068 ὤφθη,
2555 3000 2646 3052 καὶ
2678 2998 2734 3052 ετ
2768 3018 2851 3064 τις
2881 3000 3027 3072 αὐτῷ
3054 3000 3328 3055 πιστεύειν

1794 3082 2035 3152 βούλεται
2085 3083 2190 3137 ἀπὸ
2242 3086 2435 3149 παντὸς
2491 3087 2745 3158 ὀνόματος
2796 3089 3207 3160 ὀνομαζομένου,
3263 3090 3325 3144 οὐ

1795 3170 1948 3240 μόνον
1974 3172 2030 3223 ὲν
2060 3171 2135 3242 τῷ
2165 3172 2319 3225 αίῶνι
2347 3173 2537 3245 τούτῳ.
2584 3174 2716 3228 ἀλλὰ
2749 3177 2842 3229 καὶ
2875 3178 2934 3229 ὲν
2955 3175 3030 3246 τῷ
3064 3175 3324 3242 μέλλοντι.

1795 3260 1859 3313 Et
1891 3275 2008 3314 cum
2038 3268 2166 3315 tom.
2187 3277 2278 3316 vm
2304 3271 2486 3315 contra
2509 3260 2668 3326 ϐείω,
2700 3263 2970 3318 Christum
3003 3265 3131 3318 dicit
3156 3261 3323 3334 πολλῇ

1791 3347 2012 3418 δυνάμει
2061 3350 2456 3422 ὲπεσπαρκέναι
2489 3350 2577 3404 τὸν
2610 3351 2864 3409 καθαοδν.
2896 3355 2994 3423 τῆς
3026 3352 3326 3416 θεοσεϐείας

1792 3441 1945 3509 λόγον
1981 3443 2046 3512 τῇ
2078 3441 2223 3513 πάσῃ
2253 3442 2359 3495 τῶν
2403 3442 2697 3514 ἀνθρώπων
2739 3444 3026 3516 οἰκουμένῃ
3058 3461 3073 3475 ·
3104 3446 3164 3497 οὐ
3194 3442 3327 3514 ψεύ-

1795 3546 1955 3600 σομαι
1982 3531 2067 3602 δὴ,
2102 3533 2291 3600 inquit,
2326 3533 2630 3604 προστιθεὶς
2663 3535 2756 3588 καὶ
2779 3534 2970 3602 λέγων,
3001 3536 3194 3589 ὄτικαὶ
3219 3534 3327 3588 τῶν

1793 3618 1962 3672 ἄλλων
1982 3621 2210 3688 λογικῶν
2244 3622 2336 3675 καὶ
2361 3622 2624 3694 δεομένων
2641 3622 2991 3694 διορθώσεως,
3026 3626 3120 3679 καὶ
3168 3624 3329 3696 θερα-

1795 3709 1972 3773 πείας,
2006 3710 2098 3762 καὶ
2125 3709 2423 3780 μεταϐολῆς
2458 3713 2556 3781 τῆς
2585 3711 2691 3766 ἀπὸ
2714 3712 2813 3783 τῆς
2845 3713 3060 3777 κακίας.
3119 3713 3183 3767 Et
3205 3728 3326 3766 cum

1793 3802 1969 3868 primo
1999 3801 2053 3853 in
2083 3801 2341 3855 Joannem
2373 3812 2535 3865 tomo,
2562 3818 2709 3858 num.
2740 3803 2829 3864 54,
2869 3802 3212 3858 Servatorem
3250 3804 3329 3856 ait

1795 3889 1993 3943 factum
2023 3890 2198 3942 omnia
2230 3891 2498 3952 oninibus,
2523 3901 2579 3943 ut
2612 3906 2799 3946 omnes
2830 3891 3186 3955 lucrifaceret,
3212 3892 3328 3960 qui-

1794 3992 2001 4046 cunque
2058 3979 2282 4032 salutem
2327 3979 2545 4047 adipisci
2598 3990 2867 4049 poteraut,
2917 3983 3058 4048 quod
3107 3978 3328 4036 rationis

1795 4078 1976 4125 essent
2001 4068 2327 4138 participes;
2364 4076 2473 4120 tum
2503 4081 2590 4122 res
2614 4069 2820 4123 ratione
2849 4069 3104 4139 pollentes
3138 4082 3326 4122 recen-

1794 4169 1898 4222 set,
1928 4173 2221 4226 earumque
2252 4157 2513 4227 triplicem
2540 4158 2823 4211 constituit
2858 4158 3049 4211 seriem
3075 4172 3092 4222 ;
3121 4172 3185 4211 ac
3212 4158 3329 4225 pri-

1796 4263 1935 4301 mam
1964 4247 2169 4317 angelis
2196 4248 2451 4315 assignat,
2499 4255 2553 4300 et
2607 4244 2818 4300 dubitat
2856 4245 3046 4300 deinde
3071 4246 3337 4315 posterio-

1796 4352 1953 4393 resnc
1979 4346 2157 4407 partes
2181 4338 2413 4392 ascribat
2443 4336 2770 4403 hominibus,
2807 4350 2874 4389 an
2923 4338 3033 4399 τοῖς
3073 4334 3340 4409 καταχθοα

1795 4429 1945 4495 νίοις,
1973 4443 2199 4497 quormn
2235 4442 2265 4482 e
2294 4442 2516 4482 innuero
2545 4428 2830 4488 daemones,
2884 4427 2966 4481 vel
2999 4441 3206 4492 omnes,
3247 4424 3337 4480 vel

108 4537 393 4591 stumque
424 4518 631 4573 asserit
660 4530 910 4584 magnum
936 4528 1056 4568 esse
1090 4512 1417 4581 pontificem,
1466 4526 1569 4563 non
1603 4523 1694 4576 pro

1800 4520 2007 4587 aliquos
2036 4533 2156 4572 esse
2183 4526 2442 4571 autumat.
2467 4515 2670 4570 Etcum
2701 4516 2837 4571 libro
2867 4516 3037 4586 primo
3058 4515 3341 4571 Commen‘

109 4612 460 4669 hominibus
492 4608 672 4672 modo,
699 4606 791 4660 sed
824 4619 918 4673 pro
940 4603 1083 4656 omni
1114 4604 1275 4655 etiam
1306 4601 1445 4669 quod
1479 4600 1702 4654 rationis

105 4713 276 4756 esset
313 4714 493 4768 capax
522 4714 536 4758 ς
571 4708 733 4763 atque
762 4695 833 4746 ita
864 4692 1077 4745 demum
1109 4690 1383 4745 concludit
1414 4706 1426 4741 :
1459 4689 1567 4742 Καὶ
1593 4687 1701 4761 γὰρ

103 4796 337 4849 ἄτοπον
391 4790 542 4860 ὑπὲρ
582 4787 939 4857 ἀνθρωπίνων
969 4785 1064 4855 μὲν
1093 4782 1251 4836 αὐτὸν
1277 4781 1501 4851 φάσκειν
1526 4781 1703 4851 ἁμαρ-

101 4882 401 4951 τημάτων
458 4876 755 4946 γεύσασθαι
801 4874 1045 4937 θανάτου,
1071 4870 1251 4931 οὐκέτι
1282 4868 1336 4921 δὲ
1366 4869 1504 4940 ὑπὲρ
1545 4869 1700 4922 ἄλλου

104 4975 277 5035 τινὸς
337 4968 499 5040 παρὰ
553 4968 641 5020 τὸν
686 4966 968 5036 ἄνθρωπον
1010 4965 1065 5015 ὲν
1098 4960 1450 5032 ἁμαρτήμασι
1483 4976 1703 5030 γεγενηο

108 5065 325 5132 μένου,
362 5056 483 5114 οἷον
523 5057 662 5128 ὑπὲρ
701 5056 930 5125 ἄστρων,
961 5052 1077 5105 οὐδὲ
1114 5050 1220 5102 τῶν
1250 5049 1458 5119 ἄστρων
1491 5048 1702 5112 πάντως

104 5152 401 5223 καθαρῶν
458 5149 628 5200 ὕντων
680 5143 905 5197 ἐνώπιον
931 5141 1022 5193 τοῦ
1069 5138 1225 5201 Θεοῦ,
1268 5139 1341 5201 ὡς
1382 5139 1438 5190 ὲν
1465 5137 1542 5207 τῷ
1583 5136 1701 5189 Ἰὼϐ

104 5246 492 5312 ἀνέγνωμεν·
520 5238 697 5306 ἄστρα
740 5235 796 5287 δὲ
836 5234 910 5286 οὐ·
928 5230 1138 5301 καθαρὰ
1163 5228 1386 5284 ἐνώπιον
1423 5229 1584 5282 αὐτοῦ
1604 5247 1618 5260 ·
1654 5231 1703 5282 εί

108 5334 195 5405 μὴ
232 5334 357 5403 ἄρα
389 5325 777 5397 ὑπερϐολικῶς
807 5323 963 5376 τοῦτο
980 5324 1206 5393 εἴρηται.
1257 5318 1437 5374 Simile
1470 5318 1597 5385 quid
1622 5319 1702 5373 iu-

1801 4608 2058 4660 tariorum
2102 4606 2155 4660 in
2202 4605 2498 4675 Epistolam
2534 4605 2602 4657 ad
2640 4602 2813 4669 Rom.,
2872 4620 3019 4661 num.
3059 4605 3114 4669 4,
3145 4611 3340 4676 quaerit

1801 4712 1866 4748 an
1890 4711 1992 4749 non
2018 4695 2264 4750 Christus
2293 4712 2313 4744 ι
2334 4692 2705 4748 manifestatus
2729 4694 2781 4748 in
2813 4708 3000 4758 carne,
3028 4710 3147 4750 cum
3172 4710 3336 4766 appa-

1802 4786 1973 4840 ruerit
2000 4784 2222 4853 angelis,
2246 4802 2267 4836 ι
2287 4782 2440 4850 juxta
2470 4784 2800 4853 Aposmlum,
2823 4785 2899 4839 eis
2928 4787 3128 4855 absque
3159 4787 3345 4840 Evan-x

1805 4875 1943 4945 gelio
1989 4889 2094 4929 non
2138 4874 2445 4942 apparuerit
2491 4891 2505 4928 :
2560 4883 2667 4927 tum
2707 4874 2922 4940 subiicit
2951 4876 3183 4930 deinde:
3225 4895 3244 4928 ι
3279 4875 3351 4930 Sli

1803 4979 1931 5033 ergo
1953 4978 2075 5016 cum
2097 4963 2340 5031 apparuit
2369 4961 2521 5016 nobis
2552 4962 2876 5023 hominibus,
2902 4977 3007 5015 non
3033 4964 3147 5018 sine
3173 4965 3357 5018 Evana

1804 5052 1942 5122 gelio
1989 5051 2253 5120 apparuit,
2317 5050 2692 5117 consequentia
2760 5049 2974 5101 videtur
3025 5051 3349 5114 ostendere,

1806 5141 1946 5210 quod
1973 5140 2134 5192 etiam
2169 5138 2411 5208 angelico
2441 5140 2613 5193 ordini
2643 5152 2749 5192 non
2775 5136 2893 5190 sine
2924 5134 3232 5203 Evangelia
3256 5151 3355 5200 ap-

1808 5230 2068 5298 paruerit,
2103 5228 2193 5282 illo
2214 5226 2458 5283 fortassis
2487 5230 2627 5298 quod
2659 5237 2921 5281 aeternum
2952 5222 3308 5290 Evangelium
3328 5237 3359 5274 a

1804 5318 2009 5373 Joanne
2054 5327 2405 5372 memoratum
2452 5318 2499 5350 ”"
2557 5331 2717 5387 supra
2758 5311 3111 5368 edocuimus.
3148 5309 3207 5361 Si
3236 5323 3366 5362 vero

1806 5411 2042 5467 etiamin
2077 5410 2300 5480 reliquis
2339 5412 2654 5469 ccclestibus
2697 5404 2983 5462 ordinibus
3025 5401 3147 5454 tale
3174 5398 3376 5468 aliquid

1807 5513 2012 5572 gestum
2039 5515 2172 5556 esse
2213 5504 2282 5558 ab
2309 5519 2373 5558 eo
2403 5501 2789 5575 suspicandum
2824 5495 2920 5559 sit,
2946 5494 3000 5547 in
3031 5504 3104 5543 ea
3136 5502 3245 5555 qua
3272 5487 3384 5589 sin~

1814 5594 1919 5665 guli
1949 5594 2147 5664 quique
2177 5603 2301 5651 sunt
2323 5594 2492 5652 forma
2520 5605 2794 5666 apparens
2829 5586 2927 5653 cis,
2953 5592 3007 5638 et
3044 5586 3403 5635 annuntians

104 5426 240 5477 nuit
306 5433 442 5475 tom.
498 5432 537 5477 ιι
596 5415 654 5467 in
706 5412 893 5475 Joan.,
943 5428 1088 5465 num.
1125 5410 1210 5475 16,
1249 5423 1367 5463 cum
1426 5406 1700 5463 Christunt

104 5512 316 5567 lucem
340 5523 473 5565 esse
499 5506 603 5567 ait,
642 5518 747 5555 non
786 5502 1052 5555 hominum
1078 5503 1351 5563 duntaxat,
1387 5498 1478 5552 sed
1516 5506 1569 5552 et
1606 5512 1701 5550 co-

105 5618 244 5656 rum
299 5597 566 5653 omnium
616 5591 717 5658 qui
758 5590 978 5646 rationis
1019 5605 1235 5650 capaces
1278 5596 1417 5645 sunt.
1467 5586 1574 5644 Nec
1606 5590 1693 5646 his

187 5776 245 5811 τ’
277 5775 463 5841 Αροε.
510 5778 634 5827 ςινι
663 5763 721 5815 6ο
