3894 6436
476 446 575 497 8‘37

1702 438 1760 495 P.
1794 438 2103 494 DANIELIS
2142 438 2229 494 HU
2242 436 2367 491 ETll

3742 413 3855 466 828

474 573 676 630 pacem,
703 557 952 624 quoniam
983 552 1200 623 quidem
1226 571 1322 623 per
1352 558 1662 626 sanguinem
1694 559 1870 613 crucis
1895 575 2002 612 sure
2032 565 2074 618 Α
2109 557 2531 610 manifestatum.
2563 570 2582 603 ι
2619 549 2735 603 Sed
2767 544 2969 601 Rufini
3008 550 3224 595 tamen
3263 531 3625 606 Perﬁdiam
3662 530 3857 585 dem”

474 647 764 719 pacificavit
802 662 903 698 nun
945 646 1117 698 solum
1151 661 1268 714 quae
1303 647 1352 699 in
1387 657 1551 713 terra,
1583 649 1674 702 sed
1702 659 1755 703 et
1785 665 1901 717 qua:
1949 652 2001 701 in

471 740 620 791 caelis
642 746 764 791 sunt
794 736 862 798 ⁷⁸,
890 736 1046 790 etiam
1077 746 1131 788 tu
1162 737 1298 804 apud
1324 738 1659 806 temetipsum
1681 740 1953 794 discutito.
1980 760 1998 792 ι

472 831 676 882 Etcum
707 828 886 879 homil.
917 828 940 882 ί
976 836 1031 880 et
1074 826 1109 880 2
1152 829 1205 880 in
1241 826 1424 891 Leria,
1459 830 1729 883 Christum
1769 849 1786 880 ι
1815 830 1865 883 in
1896 844 2006 882 cm-

471 920 691 971 Iestibus
717 918 927 970 vitalem
961 919 1201 985 corporis
1253 919 1333 971 sui
1388 920 1660 983 virtutem,
1702 921 1844 973 velut
1880 936 2005 973 cor-

469 1008 650 1074 porale
696 1007 961 1075 quoddam
1007 1006 1336 1059 sacrificium
1391 1008 1693 1063 immolasse
1740 1027 1758 1059 ›
1808 1010 1902 1073 ait,
1953 1021 2007 1063 et

467 1097 707 1151 caelestia
736 1106 957 1150 eatenus
992 1097 1305 1162 pacificasse
1333 1112 1427 1163 per
1458 1101 1775 1166 sanguinem
1827 1115 2004 1166 suum,

468 1196 739 1255 quatenus
780 1188 829 1241 in
862 1188 1016 1242 cmlis
1051 1203 1145 1255 pro
1183 1202 1404 1240 munere
1426 1187 1638 1242 oblatus
1667 1198 1769 1242 est.

538 1277 606 1328 At
630 1289 816 1330 contra
851 1293 954 1329 una
1000 1286 1167 1330 morte
1213 1278 1263 1328 in
1307 1278 1469 1330 terris
1504 1278 1647 1330 obita
1694 1280 1851 1333 rebus
1892 1280 2008 1333 uni-

471 1367 646 1419 versis
710 1367 919 1420 ratione
1002 1367 1281 1420 instructis
1357 1367 1581 1421 salutem
1650 1372 2009 1437 promeruisse

471 1456 745 1509 Christum
772 1457 1013 1525 pluribus
1045 1457 1177 1509 locis
1206 1458 1466 1513 decernit.
1503 1458 1632 1511 Nam
1663 1470 1860 1527 praeter
1894 1478 2009 1515 ma-

471 1560 627 1612 gnam
668 1559 855 1599 eorum
919 1557 1122 1613 partem
1167 1544 1258 1612 qui
1305 1560 1467 1614 supra
1521 1548 1815 1616 deprompti
1861 1560 2004 1614 sunt,

474 1634 611 1685 unde
642 1634 689 1684 id
718 1633 871 1687 facile
918 1634 1160 1702 Colligas,
1193 1647 1247 1687 et
1284 1637 1423 1689 hunc
1466 1638 1760 1704 przesertim
1799 1638 1925 1692 tomi
1956 1640 2009 1693 in

470 1720 728 1773 Joannem
762 1722 973 1789 prioris,
1003 1739 1147 1775 num.
1183 1723 1274 1782 40.
1309 1722 1359 1775 in
1402 1737 1506 1790 quo
1541 1724 1789 1780 Christus
1814 1727 2010 1780 dicitur

473 1810 643 1878 μέγας
674 1811 975 1881 ἀρχιερεὺς,
1022 1814 1117 1883 οὐχ
1161 1815 1293 1886 ὑπὲρ
1333 1814 1628 1885 ἀνθρώπων
1666 1817 1840 1884 μόνον,
1873 1816 2007 1869 ἀλλὰ

470 1902 562 1951 καὶ
587 1903 781 1965 παντὸς
809 1902 1042 1969 λογικοῦ,
1072 1905 1167 1972 τὴν
1191 1903 1333 1969 ἅπαξ
1356 1904 1541 1956 θυσίαν
1565 1905 2005 1973 προσενεχθεῖσαν

471 1991 654 2043 ἑαυτὸν
688 1991 1019 2060 ἀνενεγκών·
1075 2004 1128 2046 et
1166 1994 1322 2046 istum
1380 2004 1633 2060 praeterea
1663 2009 1693 2046 e
1739 2004 1869 2047 tum.
1931 2010 2002 2048 vit

470 2091 651 2133 contra
688 2082 846 2145 Cels.,
891 2100 1013 2135 nunt
1063 2084 1149 2147 17,
1200 2098 1322 2150 pag.
1385 2083 1485 2135 706
1540 2103 1553 2136 :
1591 2084 1905 2154 ’Υπὲμεινεν
1933 2086 2007 2147 ὡς

470 2169 630 2236 σοφὸς
654 2172 745 2222 καὶ
777 2171 996 2233 τέλειος,
1038 2171 1178 2241 ἅπερ
1219 2173 1383 2241 ἐχρῆν
1428 2172 1709 2241 ὑπομεῖναι
1750 2174 1836 2225 τὸν
1871 2175 2008 2246 ὑπὲρ

472 2260 669 2322 παντὸς
688 2262 785 2312 τοῦ
806 2261 994 2328 γένους
1017 2260 1120 2313 τῶν
1144 2260 1460 2331 ἀνθρώπων,
1486 2263 1519 2332 ἢ
1551 2264 1765 2316 καὶτῶν
1779 2265 2007 2332 λογικῶν

469 2350 649 2402 πάντα
689 2350 1021 2419 πράττοντα·
1049 2367 1183 2404 unus
1210 2352 1296 2404 ille
1330 2367 1424 2420 pro
1452 2353 1699 2407 omnibus
1734 2368 1852 2407 esse
1886 2370 2007 2422 pos-

473 2449 577 2500 set,
606 2440 692 2505 qui
729 2440 954 2492 habetur
978 2439 1030 2491 in
1065 2441 1166 2492 line
1201 2439 1293 2492 lib.
1360 2454 1391 2491 ν
1436 2441 1487 2492 in
1534 2439 1699 2502 Epist.
1731 2443 1800 2494 ad
1828 2441 2005 2509 Rom.,

473 2544 621 2581 num.
665 2529 754 2590 10.
780 2543 897 2598 pag.
935 2528 1060 2593 568,
1095 2529 1180 2581 ubi
1213 2529 1394 2583 mirari
1443 2545 1500 2582 se
1540 2531 1668 2584 dicit
1703 2549 1722 2582 ι
1750 2533 2006 2600 quosdam

474 2628 660 2673 contra
691 2619 827 2673 hanc
865 2622 1316 2675 evidentissimam
1358 2621 1504 2673 Pauli
1535 2623 1852 2676 sententiam
1878 2622 2009 2676 velle

476 2722 740 2775 asserere,
769 2711 912 2778 quod
941 2710 993 2762 in
1022 2709 1212 2765 futuris
1247 2712 1437 2763 iterum
1473 2711 1683 2765 saeculis
1712 2712 1791 2765 vel
1824 2712 2007 2766 eadem

475 2799 559 2851 vel
597 2800 787 2852 similia
832 2802 940 2868 pati
971 2815 1185 2855 necesse
1229 2802 1299 2852 sit
1348 2798 1641 2862 Christum.
1684 2812 1743 2855 ut
1791 2802 2007 2857 liberari

476 2889 680 2956 possint
716 2890 876 2942 etiam
931 2890 983 2943 hi
1030 2906 1162 2959 quos
1194 2892 1247 2944 in
1277 2891 1526 2959 praesenti
1574 2892 1681 2944 vita
1736 2892 2012 2961 dispensa-

478 2978 637 3033 tionis
666 2980 781 3046 ejus
806 2981 1062 3035 medicina
1097 2997 1290 3036 sanare
1340 3000 1441 3037 non
1486 2987 1673 3052 potuit.
1698 3001 1717 3035 ι
1766 2983 1833 3037 Et
1857 2985 2011 3053 paulo

476 3080 629 3137 post:
666 3089 684 3122 ι
715 3072 816 3124 Sed
858 3073 922 3123 ad
983 3073 1116 3135 hate,
1173 3072 1361 3141 inquit.
1415 3089 1512 3127 nos
1569 3074 1802 3129 breviter
1855 3084 2009 3142 prout

2107 648 2465 702 recordemur.

2174 742 2243 793 At
2269 738 2374 791 vim
2404 750 2522 789 eam
2550 733 2689 785 licet
2722 726 2900 782 morti
2938 722 3266 792 quondam
3331 716 3401 769 in
3463 712 3663 767 terris
3692 711 3858 766 Chri-

2105 841 2188 885 sto
2215 830 2373 883 illata:
2422 825 2677 879 tribuant
2715 820 2826 873 loci
2879 829 3057 883 supra
3106 807 3424 866 adducti,
3464 818 3613 873 quae
3670 803 3858 854 homi-

2107 935 2232 974 num
2266 916 2708 983 angelorumque
2738 905 3049 963 servandis
3076 898 3448 956 ordinibus
3510 891 3856 957 sulIiceret;

2106 1008 2297 1062 iterum
2357 1015 2539 1057 tamen
2601 1002 2657 1054 in
2717 995 3112 1065 sequentibus
3184 987 3471 1044 saeculis
3541 1001 3855 1052 passurum

2106 1098 2374 1151 Christum
2400 1094 2622 1147 videtur
2660 1087 2951 1143 allirmare
2988 1086 3160 1138 hom.
3238 1079 3274 1132 1
3323 1079 3395 1130 in
3442 1075 3676 1137 Levit.,
3705 1091 3854 1129 num.

2104 1191 2158 1244 3.
2194 1188 2352 1241 «Nisi
2405 1185 2530 1253 quia
2606 1182 2774 1245 forte,
2834 1176 3051 1246 inquit,
3117 1174 3261 1227 hoc
3351 1167 3640 1234 intelligi
3688 1168 3857 1220 voluit

2110 1275 2519 1348 (Moyses)quod
2554 1274 2787 1340 sanghis
2815 1268 2953 1323 Jesu
2985 1280 3111 1320 non
3150 1262 3389 1318 solum
3432 1260 3502 1312 in
3531 1256 3856 1312 Jerusalem

2109 1368 2310 1423 effusus
2343 1378 2444 1430 est,
2481 1365 2573 1418 ubi
2603 1372 2725 1417 erat
2762 1362 2971 1421 altare,
3013 1367 3079 1412 et
3119 1355 3323 1409 basis
3358 1350 3541 1418 ejus,
3578 1359 3640 1403 et
3680 1352 3859 1402 taber-

2108 1459 2359 1512 naculum
2421 1454 2768 1519 testimonii;
2803 1450 2931 1519 (24)
2975 1448 3084 1503 sed
3131 1456 3210 1501 et
3273 1442 3466 1513 quod
3507 1455 3701 1509 super
3731 1439 3853 1494 illud

2110 1549 2300 1613 altare,
2332 1549 2477 1617 quod
2507 1555 2596 1601 est
2636 1546 2692 1598 in
2728 1542 2922 1607 ctelis,
2976 1539 3078 1592 ubi
3117 1549 3195 1592 et
3247 1534 3569 1589 Ecclesia
3622 1532 3861 1600 primiti-

2108 1656 2295 1692 vorum
2335 1649 2441 1704 est,
2480 1639 2628 1692 idem
2685 1637 2804 1705 ipse
2840 1630 3098 1701 sanguis
3158 1624 3581 1697 asperserit.
3634 1641 3655 1674 ι
3692 1621 3860 1676 Mani-

2109 1730 2277 1784 festus
2304 1745 2432 1783 vero
2458 1727 2672 1782 erroris
2703 1723 2871 1793 hujus
2908 1721 3087 1775 locus
3121 1718 3250 1772 ille
3303 1725 3419 1770 est
3465 1730 3666 1784 quem
3706 1715 3855 1767 exhi-

2109 1821 2198 1874 bet
2223 1820 2562 1873 Jiiszinianus
2605 1817 2659 1869 in
2692 1816 2860 1884 epist.
2899 1815 2976 1866 ad
3005 1811 3288 1865 Menam
3322 1818 3397 1862 et
3438 1807 3565 1860 lib.
3604 1821 3689 1858 tv.
3726 1806 3855 1873 Περὶ

2108 1909 2328 1978 ἀρχῶν,
2399 1924 2551 1963 num.
2620 1907 2714 1961 25.
2789 1905 2887 1959 Sic
2948 1903 3055 1956 ille
3127 1901 3360 1969 vulgo
3452 1898 3671 1952 editus
3728 1911 3857 1951 est:

2107 2000 2227 2050 ’Ότι
2257 1999 2348 2050 καὶ
2364 1997 2507 2066 ὑπὲρ
2526 1997 2806 2065 δαιμόνων
2821 1994 2909 2047 δεῖ
2933 1993 3041 2046 τὸν
3062 1990 3381 2062 Χριστὸν
3418 1989 3854 2060 σταυρωθῆναι,

2107 2091 2198 2143 καὶ
2228 2089 2489 2151 πολλάκις
2514 2088 2678 2140 τοῦτο
2701 2088 2781 2149 εἰς
2804 2087 2945 2148 τοὺς
2983 2084 3367 2153 ἐσομένους
3411 2080 3657 2143 αἰῶνας
3686 2099 3701 2110 υ
3734 2082 3856 2134 ἀλλὰ

2107 2181 2209 2233 κᾶν
2252 2180 2416 2249 μέχρι
2451 2177 2547 2231 τοῦ
2609 2177 2823 2239 πάθους
2857 2194 2953 2239 τις
2994 2176 3308 2245 ζητήσῃ,
3354 2174 3689 2246 τολμηρὸν
3728 2172 3854 2236 δόξει

2108 2273 2278 2325 ποιεῖν
2324 2271 2451 2339 περὶ
2490 2269 2602 2321 τῶν
2637 2268 2919 2338 οὐρανίων
2971 2268 3213 2319 τόπων
3256 2263 3432 2318 αὐτὸ
3480 2263 3721 2333 ζητῶν

2108 2364 2154 2414 εἰ
2187 2361 2301 2413 ἔστι
2334 2359 2691 2429 πνευματικὰ
2714 2359 2818 2429 τῆς
2845 2356 3170 2427 πονηρίας
3222 2358 3300 2408 ὲν
3360 2356 3505 2416 τοῖς
3556 2353 3853 2422 οὐρανίοις,

2109 2453 2214 2523 ἄρα
2252 2453 2299 2503 εἰ
2334 2451 2525 2521 ὥσπερ
2574 2450 2769 2504 ἐνθάδε
2824 2449 2939 2501 οὐκ
2977 2445 3374 2517 αἰδούμεθα
3424 2444 3852 2515 σταυρούμενον

2107 2541 2387 2611 ὁμολογεῖν
2414 2542 2509 2593 ἐπὶ
2535 2540 2891 2611 καθαιρέσει,
2928 2532 3017 2591 ὧν
3050 2538 3348 2592 καθεῖλε
3387 2537 3499 2590 διὰ
3526 2538 3635 2589 τοῦ
3664 2554 3855 2588 πεπον-

2110 2634 2257 2687 θέναι
2284 2652 2298 2665 ·
2340 2634 2482 2687 οὕτω
2518 2634 2580 2686 τὸ
2614 2633 2783 2686 κὰκεὶ
2826 2630 3315 2702 παραπλήσιον
3379 2629 3660 2691 διδόντες
3720 2628 3853 2696 γίνε-

2110 2725 2231 2777 σθαι
2276 2725 2343 2778 τὰ
2383 2726 2478 2778 καὶ
2520 2726 2673 2794 ἑξῆς,
2716 2725 2826 2787 ἓως
2875 2724 2991 2793 τῆς
3040 2724 3465 2787 συντελείας
3513 2724 3623 2775 τοῦ
3662 2721 3854 2783 παντὺς

2109 2816 2322 2878 αἰῶνος,
2353 2816 2413 2867 οὐ
2442 2814 2908 2885 φοϐηθησόμεθα.
2962 2812 3212 2891 Quem
3290 2815 3514 2869 locum
3574 2814 3851 2883 aliquanto

2109 2905 2425 2973 ampliorem
2477 2914 2535 2959 et
2578 2904 2780 2959 Latino
2835 2906 2927 2959 sic
2986 2915 3420 2975 conceptum
3466 2922 3745 2962 sermone
3774 2923 3849 2958 re-

2110 3003 2402 3063 praesentat
2433 2994 2802 3065 Hieronymus
2829 2995 2890 3048 in
2919 2995 3121 3064 epist.
3156 2996 3286 3063 61,
3320 3000 3403 3054 ad
3444 2998 3847 3070 Avit..cap.4:

2116 3101 2137 3136 ι
2180 3083 2501 3138 Sicuteuim
2538 3100 2637 3154 per
2667 3085 2931 3139 umbram
2972 3086 3349 3159 Evangelii
3394 3091 3682 3145 umbram
3731 3090 3849 3157 legis

477 3174 756 3228 possumus
790 3164 1251 3231 respondebimus.
1303 3161 1517 3217 Manere
1559 3166 1771 3232 quidem
1808 3176 2007 3218 natura:
2034 3181 2075 3237 (ς
2110 3172 2351 3241 implevit
2389 3191 2406 3236 ;
2455 3176 2557 3239 sic,
2586 3175 2716 3242 quia
2760 3176 2960 3230 omnis
2987 3176 3091 3231 lex
3149 3182 3557 3253 exemplum
3589 3194 3649 3239 et
3671 3185 3845 3237 umbra

479 3252 780 3306 rationabili
837 3260 1051 3321 semper
1095 3253 1316 3305 liberum
1369 3255 1648 3308 arbitrium
1696 3271 1801 3308 non
1849 3269 2011 3324 nega-

476 3354 630 3405 mus;
663 3343 752 3393 sed
780 3352 979 3395 tantam
1012 3358 1128 3397 esse
1158 3344 1263 3394 vim
1294 3344 1470 3395 crucis
1494 3344 1712 3410 Christi,
1739 3353 1791 3399 et
1824 3345 2012 3399 mortis

481 3428 656 3493 hujus,
685 3444 842 3497 quam
875 3432 926 3484 in
952 3433 1263 3485 szeculorutn
1290 3431 1393 3483 line
1420 3434 1670 3501 suscepit,
1699 3435 2007 3499 asserimus,

478 3532 597 3580 qua:
618 3518 682 3570 ad
710 3520 992 3573 sanitatem
1021 3532 1073 3574 et
1109 3518 1398 3573 remedium
1432 3536 1536 3573 non
1565 3524 1738 3575 solum
1770 3539 2006 3591 praesen-

481 3606 551 3658 tis
589 3616 644 3659 et
679 3607 865 3673 futuri,
913 3612 1001 3663 sed
1040 3613 1200 3664 etiam
1226 3614 1615 3680 praeteritorum
1657 3615 2007 3677 saeculorum;

478 3703 532 3745 et
594 3712 698 3750 non
757 3698 928 3752 solum
987 3700 1217 3755 humano
1269 3704 1391 3757 huic
1434 3715 1615 3758 nostro
1661 3705 1857 3767 ordini,
1917 3707 2009 3759 sed

478 3786 640 3840 etiam
672 3788 981 3843 coelestibus
1011 3791 1298 3847 virtutibus
1348 3794 1727 3864 ordinibusque
1768 3795 2007 3852 sulliciat.

480 3876 778 3931 Secundum
810 3880 1131 3933 sententiam
1161 3897 1387 3950 namque
1416 3883 1581 3951 ipsius
1614 3884 1761 3938 Pauli
1788 3888 2009 3954 apostoli

478 3968 719 4022 Christus
776 3969 1073 4038 pacificavit
1130 3986 1223 4038 per
1284 3974 1596 4041 sanguinem
1659 3976 1836 4029 crucis
1878 3991 2009 4041 sum,

480 4074 582 4111 non
606 4060 774 4112 solum
803 4075 920 4128 qua:
947 4061 997 4114 in
1032 4072 1174 4112 terra
1194 4073 1336 4127 sunt,
1356 4064 1515 4117 sedet
1542 4079 1660 4132 qua:
1688 4065 1739 4118 in
1768 4065 1954 4121 caelis:
1987 4085 2005 4118 ι

479 4151 562 4203 vel
596 4153 684 4207 ille
731 4170 760 4207 e
789 4153 923 4207 libro
978 4171 1015 4208 ιι
1051 4155 1189 4223 Περὶ
1231 4156 1451 4224 ἀρχῶν,
1491 4173 1607 4225 cap.
1661 4160 1715 4222 5,
1768 4176 1916 4215 num.
1956 4161 2007 4213 5.

483 4256 504 4290 ι
566 4240 728 4296 Docet
788 4253 985 4307 autem,
1029 4245 1220 4314 inquit,
1261 4256 1477 4300 sanctus
1516 4248 1798 4315 Apostolus
1866 4248 2008 4317 quod

478 4327 723 4384 Christus
756 4330 806 4384 in
836 4346 899 4385 eo
922 4334 1113 4386 saeculo
1158 4335 1297 4403 quod
1330 4343 1457 4389 ante
1488 4334 1591 4389 hoc
1618 4336 1757 4404 lfuit,
1795 4351 1899 4391 non
1931 4347 2012 4392 est

481 4433 687 4485 passus,
718 4421 810 4474 sed
837 4438 903 4476 ne
930 4424 980 4475 in
1007 4423 1097 4476 illo
1123 4424 1332 4492 quidem
1356 4424 1492 4492 quod
1519 4433 1643 4478 ante
1674 4426 1845 4492 ipsum
1875 4426 2005 4480 fuit:

481 4516 536 4560 ct
590 4510 767 4562 nescio
805 4511 849 4565 si
896 4526 1212 4568 enumerare
1260 4513 1519 4568 sulliciam
1556 4526 1756 4583 quanta
1817 4514 2011 4569 fuerint
2044 4506 2088 4558 Ι)
2119 4530 2355 4569 meatuus
2379 4514 2545 4567 etiam
2577 4518 2632 4571 in
2669 4528 2945 4591 supernis
2973 4529 3173 4602 locis,

481 4602 744 4655 anteriora
773 4603 959 4656 saecula
990 4606 1040 4658 in
1071 4607 1261 4673 quibus
1290 4621 1480 4673 passus
1517 4621 1621 4659 non
1648 4616 1751 4659 est.
1791 4606 1869 4661 Ex
1896 4609 2017 4675 qui-

482 4693 578 4743 bus
602 4701 778 4746 autem
819 4696 1152 4751 sermonibus
1184 4695 1331 4750 Pauli
1374 4698 1440 4749 ad
1477 4697 1811 4750 occasionem
1858 4696 2016 4764 hujus

482 4781 845 4850 intelligentiae
876 4788 1131 4847 venerim,
1160 4789 1446 4854 proferam.
1482 4787 1569 4839 Ait
1597 4787 1737 4839 enim
1789 4800 1805 4839 :
1860 4786 2013 4840 Nunc

2113 3273 2193 3318 est
2216 3266 2667 3319 caeremoniarum
2703 3266 3073 3332 caelestium,
3107 3270 3527 3341 diligentius
3572 3276 3848 3344 requirea-

2112 3355 2257 3421 dum,
2289 3364 2469 3409 utrum
2507 3365 2656 3410 recte
2696 3356 3128 3424 intelligamus
3204 3363 3429 3435 legem
3479 3382 3715 3437 quoque
3752 3381 3847 3421 co:-

2110 3442 2319 3508 lestem,
2347 3455 2401 3499 et
2422 3447 2785 3501 caeremonias
2815 3452 3075 3516 superni
3145 3456 3392 3512 cultus
3435 3460 3841 3529 plenitudinem

2110 3545 2214 3583 non
2250 3533 2472 3593 habere,
2505 3533 2600 3586 sed
2632 3534 2895 3602 indigere
2949 3536 3336 3609 Evangelii
3391 3546 3684 3610 veritate,
3715 3545 3845 3616 quod

2113 3617 2166 3670 in
2192 3616 2416 3673 Joannis
2442 3620 2774 3690 Apocalypsi
2804 3621 3262 3693 Evangelium
3323 3632 3606 3702 legimus
3663 3633 3844 3699 sempi-

2112 3717 2319 3761 ternum
2353 3710 2423 3775 ⁸ο,
2467 3712 2535 3763 ad
2564 3711 3088 3779 comparationem
3144 3720 3490 3778 videlicet
3540 3724 3711 3795 hujus
3755 3740 3841 3776 no-

2110 3800 2207 3853 stri
2244 3800 2544 3871 Evangelii,
2579 3804 2729 3870 quod
2766 3809 3127 3875 temporale
3170 3824 3315 3880 est,
3356 3818 3513 3871 etin
3557 3820 3840 3871 transitura

2111 3892 2311 3943 Itttltltlo
2334 3906 2399 3945 ac
2421 3893 2621 3945 szeculo
2652 3896 3083 3961 prmdicatum.
3112 3902 3326 3968 Quod
3358 3909 3621 3975 quidem
3647 3905 3841 3963 etiamsi

2111 3995 2283 4048 usque
2321 3981 2386 4034 ad
2416 3983 2733 4049 passionem
2786 3984 3039 4042 Domini
3119 3991 3522 4054 Salvatoris
3577 4001 3841 4067 inQuirere

2111 4070 2482 4124 voluerimus:
2531 4086 2854 4141 quanquam
2904 4080 3131 4135 audax
3210 4096 3293 4142 et.
3347 4092 3749 4144 temerarium
3787 4088 3844 4141 sit

2112 4160 2165 4212 in
2191 4158 2327 4213 coelo
2361 4159 2480 4228 ejus
2508 4175 2764 4228 qumrere
2804 4168 3184 4233 passionem
3215 4192 3240 4241 ;
3314 4188 3534 4236 tamen
3596 4183 3647 4237 si
3694 4180 3842 4249 5pm-

2114 4247 2237 4300 talia
2270 4246 2522 4313 nequitiae
2551 4248 2604 4300 in
2630 4250 2979 4330 coelestibus
3016 4272 3221 4330 sunt,
3274 4276 3350 4322 et
3405 4284 3535 4322 non
3571 4246 3841 4324 erubesci-

2112 4351 2231 4389 mus
2262 4348 2473 4389 crucem
2519 4329 2752 4393 Domini
2799 4344 3093 4403 confiteri
3168 4368 3470 4425 propter
3517 4363 3842 4417 destructio-

2113 4439 2236 4478 nem
2265 4438 2470 4519 eorum,
2520 4440 2645 4493 qua:
2675 4444 2779 4484 sua
2824 4436 3131 4502 passione
3183 4446 3541 4505 destruxit
3585 4471 3603 4519 ;
3662 4469 3759 4507 cur
3796 4453 3850 4503 ti-

3214 4540 3296 4595 in
3338 4559 3466 4597 con
3476 4548 3849 4601 summationc

2118 4606 2433 4660 smeulorum
2491 4608 2703 4677 aliquid
2765 4616 2967 4673 simile
3028 4630 3424 4701 suspicari,
3494 4648 3566 4691 ut
3616 4639 3847 4691 omnium

2119 4696 2352 4751 Ῑοεοτυιη
2392 4708 2582 4768 gemes
2623 4701 2777 4760 illius
2813 4711 3115 4774 Passione
3151 4696 3573 4784 salven'tur?
3606 4750 3627 4781 ι
3658 4730 3736 4784 Ex
3764 4731 3849 4783 hac

2120 4788 2427 4893 llierouymi
2486 4792 2967 4864 interpretatione
3043 4806 3275 4879 liquet
3341 4821 3845 4893 perperamalu-

480 4888 593 4923 rero
626 4874 780 4925 semel
813 4876 864 4926 in
906 4880 1345 4929 consummatione
1399 4878 1707 4928 «oculorum
1756 4878 1824 4929 ad
1862 4878 2017 4946 refel-
2065 4908 2080 4923 ο
2115 4880 2345 4934 stiniano
2393 4892 2621 4953 accepta
2668 4888 2846 4946 fuisse
2888 4897 3077 4952 verba
3116 4874 3690 4981 ‘Origé..ist;v.,'a—g,
3709 4874 3846 4983 Quod

483 4960 685 4983 Ι----Ι-....
710 4974 965 4983 ----As..,_,
1122 4966 1173 4983 ινα
1217 4967 1249 4983 ,ο
1308 4982 1329 4983 η
1427 4968 1438 4975 ·
1484 4982 1503 4983 η
1593 4967 1636 4983 ’μ
1692 4977 1703 4983 -
1752 4980 1758 4983 .
1916 4968 1995 4983 γη.
2238 4972 2249 4983 ι
2427 4972 2439 4983 ι
2515 4974 2529 4983 ι
2713 4980 2757 4983 ..μ

479 4960 686 5012 tendum
707 4974 970 5029 peccatum
996 4982 1087 5032 per
1116 4966 1335 5017 hostium
1359 4968 1438 5018 sui
1461 4967 1827 5033 manifestam:
1850 4982 1923 5020 est
1950 4968 2016 5021 ⁷³.

480 5051 655 5104 Semel
712 5054 853 5105 enim
914 5058 987 5108 ait
1029 5057 1249 5109 hostiam
1285 5055 1552 5119 effectum,
1588 5066 1642 5109 et
1672 5060 1724 5109 in
1757 5072 2011 5110 consum-

479 5143 712 5196 matione
742 5144 1057 5198 saeculorum
1092 5146 1156 5197 ad
1192 5145 1534 5198 refellendum
1582 5155 1863 5213 peccatum
1896 5163 2013 5202 esse

550 5276 594 5307 ⁷⁸
620 5275 822 5331 Coloss.
855 5293 894 5342 ι,
923 5276 1013 5331 20.
1085 5276 1312 5331 "llebr.
1362 5292 1436 5340 ix,
1481 5276 1573 5334 26.

552 5406 664 5483 (2})
698 5410 800 5483 Sed
822 5421 867 5465 et
913 5411 1048 5483 quod
1086 5428 1237 5483 super
1269 5411 1554 5483 illud,_etc.
1587 5412 1865 5478 Vitiosam,
1897 5431 2013 5483 quae

484 5480 536 5550 in
566 5479 933 5539 ‘Geuebrardi'
967 5481 1204 5534 editione
1253 5489 1364 5550 est.
1430 5481 1712 5535 lectionem
1770 5479 2012 5550 sequitur

488 5548 742 5602 Iluetius;
779 5565 903 5602 vera
939 5559 1022 5602 est
1069 5559 1249 5603 autem
1297 5547 1384 5601 illa
1442 5551 1799 5615 quam'editio
1830 5547 2008 5604 nostra

488 5632 551 5684 ex
588 5616 689 5668 tide
724 5618 957 5670 omnium
1003 5618 1242 5672 codicum
1278 5617 1759 5684 manuscriptorum
1803 5618 1880 5671 sic
1919 5635 2011 5671 ex-

493 5681 635 5755 hibet
661 5701 675 5735 :
716 5703 734 5734 ι
768 5686 870 5755 Sed
897 5696 949 5755 et
997 5688 1133 5753 quod
1162 5700 1447 5755 supernum
1471 5681 1641 5736 altare
1684 5687 1821 5755 quod
1849 5695 1927 5739 est
1956 5687 2008 5740 iu

495 5751 663 5813 cis-lis,
696 5753 781 5806 ubi
813 5761 863 5807 ct
899 5751 1127 5810 Ecclesia
1156 5751 1540 5827 primitirorum
1586 5751 1871 5820 est,’itlcm
1903 5755 2012 5824 ipse

894 5916 907 5939 ἢ

2113 4972 2249 5070 apud
2275 4987 2395 5026 eum
2426 4972 2628 5043 legitur
2661 4999 2675 5034 :
2710 4980 2869 5048 Ἕως
2902 4987 3019 5058 τῆς
3055 4972 3470 5070 συντείείας
3503 4972 3613 5062 eo?)
3659 4972 3847 5069 παντὸς

2119 5060 2331 5157 αἰῶνος,
2373 5070 2555 5157 tamne
2616 5070 2821 5139 supine
2874 5085 2937 5129 et
2992 5060 3464 5157 negligenter-
3508 5060 3849 5157 intellexisse

2120 5154 2402 5207 credemus
2428 5152 2865 5233 Hieronymum,
2905 5181 2969 5224 ut
3004 5152 3350 5254 verte‘ret,
3432 5209 3456 5243 ι
3583 5152 3845 5249 consum-

1646 5278 1693 5310 ”
1732 5278 1900 5347 Apoc.
1941 5295 2055 5345 nv,
2084 5280 2136 5334 6.

2120 5433 2649 5534 ἓιζῖξῒέ.¹ῗ.ῐ“ἓ..ιίἳῖ.ξεῑί
2661 5437 3381 5534 '.-.:._Ez‘_..‘1assam-1m!
3449 5461 3709 5519 ιεοιῖοηε
3734 5480 3843 5534 μετ’

2205 5505 2229 5518 ..
2336 5494 2345 5502 ·
2704 5509 2721 5525 η
2801 5511 2812 5521 ,
2936 5494 2939 5495 ν
3002 5494 3034 5523 ,ν
3074 5494 3381 5514 (ru-"uua
3450 5494 3709 5519 ncuuuuc
3803 5494 3835 5516 ι-

2119 5494 3178 5600 lif';i.'.'.'..'.'.'.l?:;:?.‘“Lartem?!tum
3248 5525 3611 5600 Qn'senem
3646 5494 3835 5587 ειειεῖῗηι

2443 5568 2453 5576 “
2794 5582 2805 5591 ο
2995 5568 3013 5578 ⁷
3118 5568 3178 5572 ’⁷⁷
3256 5568 3375 5581 ν“““
3429 5568 3611 5587 bllClll
3646 5568 3740 5587 εις.
3755 5568 3835 5584 11111

2122 5568 2568 5673 ἰξέηῗῗέέῗῖἴξῖὲΐξξ
2596 5580 2840 5673 ,ἓτῗξεξὶὶιὲ
2870 5597 3235 5673 Ρεξξδντεηυο
3297 5568 3419 5651 Id"
3441 5619 3626 5656 unum
3664 5603 3838 5673 εοηίεί

2119 5633 2319 5687 potest,
2350 5628 2563 5692 Christi
2596 5628 2839 5704 litori-eui
3266 5628 3366 5715 tlu
3441 5628 3626 5684 "mf".
3664 5628 3835 5673 cum"

2119 5700 2173 5735 υι
2207 5696 2533 5735 “hbuit”...
2594 5729 2660 5735 --μ
2703 5720 2726 5735 .-
2767 5692 2780 5731 ξ
3122 5726 3137 5735 .
3212 5731 3223 5735 ,
3294 5676 3705 5735 θτΓυδιΙΊΙΜῘδο
3746 5676 3835 5727 δυ’,

2207 5696 2536 5794 (ξᾳειθμιῇὶιυε

2121 5776 2323 5828 passim
2367 5774 2611 5837 videtur.
