3894 6458
1049 513 1607 574 ORIGENIANORUM
1646 518 1770 574 LIB.
1812 519 1876 585 ll,
1915 519 2062 575 CAP.
2102 520 2168 584 ll,
2205 517 2480 584 QUASST.
2520 527 2604 583 lll.
3316 529 3422 582 830

66 565 400 723 ?‘(",¢e
441 594 815 706 seculorum
848 619 878 671 ἲ
922 643 946 676 ι
993 627 1186 687 Potius
1213 640 1296 687 eSt
1339 640 1394 684 ut
1444 631 1682 685 dicamus
1714 632 1788 685 le-

209 688 428 741 Αόιῃι
481 681 720 741 ETd-1m:
753 717 1096 741 mm..-\_p_-
1143 739 1165 741 _
1199 723 1225 734 ~
1275 722 1451 741 μν-ημ
1534 725 1574 741 .,_
1597 723 1672 741 ,ηε
1704 724 1756 741 ις-

1900 633 2262 696 terrestribus,
2297 635 2387 686 sed
2415 639 2582 692 etiam
2615 654 2710 707 pro
2745 638 3051 693 celestibus
3089 638 3298 694 oblatus
3337 652 3421 693 est

113 702 428 812 'am,
481 702 720 766 επι.τῆς
753 717 1098 784 συντελείας
1139 723 1228 775 τοῦ
1266 722 1476 784 αἰῶνος,
1534 723 1672 775 lacili
1704 724 1788 775 lit-

277 785 422 812 Διὶιῖἱ
457 791 776 812 nn-....,.__.
1540 811 1543 812 ν

1900 723 2064 777 hostia
2101 721 2277 787 Iesus,
2323 733 2378 776 et
2405 725 2492 779 hic
2535 702 2744 795 quidem
2785 744 2880 796 pro
2915 729 3220 784 hominibus
3252 731 3420 798 ipsam

135 785 425 882 zz’m“
457 791 943 886 WY|R||i§ti0tm:
973 826 1098 864 nam
1127 823 1179 866 et
1204 813 1294 866 lib.
1352 827 1382 864 v
1437 814 1492 865 in
1527 811 1691 876 Epist.
1722 813 1789 864 ad
1890 812 2216 879 corporalem
2259 815 2530 868 materiam
2553 785 2833 886 sanguinis
2860 821 2940 872 sui
2982 821 3151 872 l'udit:
3180 821 3230 872 in
3261 785 3422 873 cwleo

176 890 601 984 “uictorum.
667 883 769 952 l0,
825 909 960 967 pag.
1012 901 1137 965 568,
1192 903 1281 956 ubi
1337 904 1496 956 vertit
1543 901 1787 965 Ruﬁnus,

213 972 456 1042 imoms
474 972 668 1046 huius.
708 997 883 1051 quam
922 993 974 1045 in
1005 994 1318 1048 saeculorum
1355 995 1460 1049 line
1483 996 1739 1063 suscepit.
1767 1014 1785 1046 ι

222 1069 521 1133 πετῑεὶιιιῑιε
545 1082 634 1128 est
663 1077 968 1142 scripsisse
1003 1085 1186 1138 itidem
1213 1084 1516 1154 Origenem,
1567 1087 1657 1138 ἐπὶ
1694 1089 1792 1157 τῆς

247 1163 542 1228 συντελείας
585 1163 682 1218 τοῦ
735 1169 958 1233 αἰῶνος.
1013 1173 1066 1226 ld
1116 1175 1159 1227 si
1210 1175 1279 1227 ita
1322 1183 1423 1236 est,
1468 1172 1790 1244 Origeniano

233 1257 360 1312 huic
395 1257 514 1310 loco
545 1256 748 1310 lemma
796 1259 1101 1327 hujnsmodi
1145 1261 1478 1316 Justinianus
1526 1264 1794 1318 immerito

225 1345 532 1416 prtelixerit
557 1363 572 1398 :
599 1345 726 1397 Ὀτι
757 1348 852 1400 xui.
875 1350 1012 1422 ὑπὲρ
1041 1351 1300 1421 δαιμόνων
1330 1352 1408 1404 δεῖ
1433 1353 1522 1404 τὸν
1565 1353 1793 1422 Χριστὸν

220 1437 646 1508 σταυρωθῆναι,
675 1441 771 1492 καὶ
795 1439 1051 1504 πολλάκις
1078 1441 1230 1494 τοῦτο
1259 1443 1338 1504 εἰς
1357 1443 1480 1504 τοὺς
1510 1443 1792 1512 ἐσομένους

216 1525 456 1587 αἰῶνας.
491 1543 511 1576 r
541 1525 816 1595 Oportere
855 1528 1125 1582 Christum
1157 1529 1316 1582 etiam
1344 1545 1440 1598 pro
1469 1530 1794 1584 dremunibus

205 1614 507 1685 crnciligi,
540 1615 712 1684 idque
742 1618 937 1684 saepius
966 1617 1016 1669 in
1047 1617 1237 1671 futuris
1280 1618 1523 1672 saeculis:
1577 1636 1596 1670 ι
1649 1620 1790 1686 quod

203 1720 348 1758 cum
392 1715 560 1758 extra
596 1706 851 1758 ordinem
881 1707 934 1759 in
969 1705 1143 1760 fronte
1175 1707 1583 1762 describendum
1626 1717 1790 1770 esset,

192 1794 366 1848 male
403 1795 775 1862 sequentibus
797 1794 848 1846 in
878 1809 1034 1847 unam
1063 1795 1252 1848 seriem
1285 1804 1541 1849 attextum
1577 1805 1679 1850 est.

271 1881 496 1937 XXIV.
539 1882 704 1936 Certe
731 1885 800 1936 de
844 1891 1018 1937 morte
1062 1898 1092 1936 a
1125 1883 1338 1937 Christo
1367 1887 1594 1952 appetita
1632 1885 1790 1938 aliter

182 1975 472 2028 sensisse
506 1972 804 2040 Origeuem
856 1987 920 2026 ac
964 1974 1120 2041 vulgo
1161 1974 1210 2026 in
1259 1987 1376 2026 eum
1417 1974 1671 2042 jactatur,
1727 1991 1792 2029 ex
1829 1960 1868 2014 Β

183 2063 541 2132 perspectis
579 2071 790 2116 attenta
838 2063 1265 2116 consideratione
1303 2063 1417 2131 ejus
1462 2065 1639 2118 verbis
1669 2080 1795 2118 con-

179 2151 506 2219 jecturam
567 2154 765 2218 capio;
824 2165 996 2218 neque
1047 2152 1186 2204 enim
1227 2151 1532 2219 persuaderi
1579 2167 1790 2219 possum

184 2251 440 2295 tantum
481 2241 538 2294 in
584 2255 654 2294 eo
686 2239 854 2294 fuisse
882 2242 1142 2296 vecordia:
1163 2281 1178 2306 ,
1210 2251 1267 2292 ut
1302 2241 1492 2294 iterata
1521 2240 1790 2296 Christum

181 2331 283 2385 vel
335 2322 610 2400 passum,
647 2329 734 2382 vel
771 2344 1047 2396 passurum
1098 2343 1216 2382 esse
1249 2331 1492 2383 crederet
1512 2330 1791 2397 supplicia,

182 2433 297 2476 aut
336 2424 402 2475 in
431 2421 612 2485 ctnlo,
651 2429 745 2472 aut
773 2421 826 2472 in
861 2433 1024 2481 aere;
1059 2418 1140 2471 vel
1182 2419 1388 2487 angeli,
1425 2419 1507 2475 vel
1542 2420 1794 2474 dauuonis

183 2513 478 2566 inclutum
512 2511 720 2564 forma.
763 2508 1053 2564 Calumnia:
1100 2509 1223 2562 huic
1257 2508 1546 2574 praebuisse
1589 2508 1796 2562 videtur

183 2615 406 2653 ansam
446 2613 601 2652 unus
634 2597 724 2650 ille
749 2598 901 2650 locus
957 2608 1112 2662 quem
1152 2596 1430 2662 proferunt
1467 2595 1794 2650 Justiuianus

184 2702 247 2744 et
286 2691 711 2758 Hieronymus.
748 2687 879 2740 Nam
927 2686 1089 2738 alium
1123 2686 1320 2739 nullum
1364 2689 1641 2755 expressis
1692 2689 1795 2742 lite-

187 2795 412 2838 ηερεοε
449 2780 625 2846 hujus
649 2778 794 2832 notis
834 2778 1095 2845 insignem
1128 2777 1264 2842 apud
1299 2790 1417 2829 eum
1451 2781 1678 2846 reperio,
1701 2796 1796 2832 nec

186 2873 356 2924 ullos
391 2871 452 2923 in
488 2870 563 2923 iis
595 2869 871 2922 exstitisse
902 2865 1358 2920 lucubrationibus
1399 2867 1685 2922 verisimile
1716 2879 1797 2921 est

188 2975 331 3028 qua
364 2958 784 3014 interciderunt
810 2972 826 3019 ;
858 2970 959 3010 nec
996 2969 1090 3009 eos
1124 2956 1319 3025 quippe
1349 2957 1578 3010 intactos
1608 2959 1796 3009 adver-

192 3051 349 3108 sarii
369 3050 505 3119 ejus
530 3047 1034 3115 pratermisisseut.
1059 3044 1127 3096 At
1148 3044 1319 3098 locum
1350 3045 1489 3100 hunc
1514 3044 1797 3100 Iustiniani

197 3151 564 3209 corruptum
607 3136 776 3191 fuisse
807 3134 1314 3191 demonstravimus.
1361 3135 1508 3199 Quod
1539 3135 1582 3189 si
1611 3134 1800 3188 Hiero-

199 3231 372 3302 nymi
409 3225 864 3296 interpretationi
913 3225 1277 3284 adlicereamus
1299 3264 1316 3290 ,
1348 3239 1451 3278 non
1482 3233 1587 3278 tam
1619 3237 1798 3291 aperta

202 3321 319 3374 erit
343 3317 664 3378 sententia,
698 3324 756 3368 ut
801 3314 926 3367 inde
967 3313 1224 3380 consequi
1257 3313 1442 3368 demus
1488 3314 1540 3367 id
1573 3314 1797 3368 voluisse

202 3412 323 3465 sibi
383 3409 694 3478 Origenem
719 3444 738 3471 ,
793 3403 1064 3458 Christum
1097 3417 1193 3470 pro
1241 3404 1568 3458 daemonibus
1606 3405 1796 3460 iterum

205 3512 472 3558 mortem
515 3497 913 3567 appetiturum.
971 3497 1251 3550 Maximam
1286 3505 1537 3563 praeterea
1571 3505 1625 3548 et
1667 3511 1799 3562 pne-

204 3593 449 3661 cipnam
508 3587 786 3657 dogmatis
839 3585 998 3655 hujus
1051 3595 1274 3654 partem,
1331 3598 1448 3652 quae
1488 3599 1584 3652 pro
1631 3584 1801 3638 salute

205 3685 550 3738 daemonum
572 3679 874 3732 daemonem
904 3679 1136 3730 futurum
1165 3674 1431 3728 Christum
1461 3675 1664 3736 statuit,
1700 3676 1800 3726 mi-

211 3775 379 3830 nime
408 3776 467 3827 in
508 3769 770 3836 Origenis
803 3776 1014 3820 exstare
1046 3764 1196 3818 libris
1224 3763 1422 3816 fatetur
1451 3762 1803 3831 Hieronymus

208 3867 394 3935 epist.
421 3864 492 3916 (il
527 3861 598 3914 ad
623 3860 804 3920 Avit.,
834 3871 950 3924 cap.
978 3856 1034 3920 Δ,
1069 3855 1161 3908 sed
1195 3869 1258 3907 ex
1291 3853 1404 3921 ejus
1435 3861 1632 3905 tantum
1681 3867 1804 3920 pro-

209 3953 510 4010 nuntiatis
540 3936 848 4003 necessario
875 3944 1135 4012 proﬂuere
1156 3942 1448 3996 arbitratus
1482 3950 1596 4005 est;
1625 3941 1802 4007 itidem

212 4056 283 4100 ut
335 4039 766 4098 Alexandrinus
817 4035 906 4089 ille
949 4030 1307 4098 Theophilus,
1360 4028 1803 4097 quen'iadmodum

213 4135 371 4198 dixi,
404 4145 540 4185 cum
574 4140 766 4181 eorum
804 4121 1178 4176 accusationes
1221 4131 1572 4171 recenserem.
1609 4114 1806 4168 Genui-

214 4240 359 4278 nam
422 4234 568 4290 ergo
613 4217 683 4270 de
743 4220 914 4268 morte
971 4209 1172 4264 Christi
1223 4206 1514 4261 doctrinam
1563 4202 1808 4270 Origenis

215 4315 378 4370 hanc
399 4309 580 4364 fuisse
622 4318 851 4360 censeo:
877 4299 1044 4355 semel
1065 4295 1282 4352 omnino
1299 4295 1565 4350 Christum
1592 4293 1808 4354 obiisse,

219 4409 282 4461 in
318 4404 498 4459 terris
534 4397 816 4458 nimirum,
867 4407 989 4446 cum
1025 4407 1054 4444 a
1088 4389 1276 4444 Pontio
1312 4385 1481 4440 Pilato
1512 4383 1671 4437 morti
1715 4384 1810 4436 ad-

215 4499 429 4552 dictus
470 4501 564 4547 est
600 4508 616 4544 :
655 4497 940 4558 postquam
968 4493 1142 4536 autem
1178 4486 1402 4532 cruento
1425 4475 1532 4530 illic
1555 4483 1811 4528 mactatus

1890 904 2058 957 sttbus
2087 917 2216 956 vero
2239 902 2666 960 ministrantibus
2716 911 2798 974 (si
2832 909 2921 976 qui
2965 910 3038 961 illi
3089 909 3216 962 inibi
3259 909 3422 978 sunt)

1892 992 2284 1055 sacerdotibus,
2315 995 2528 1047 vitalem
2561 997 2797 1064 corporis
2834 999 2913 1051 sui
2948 998 3240 1065 virtutem,
3278 999 3422 1052 velut

1890 1081 2164 1148 corporale
2201 1083 2464 1150 quoddam
2492 1084 2835 1149 sacrificium,
2867 1086 3181 1142 immolavit.
3209 1106 3227 1138 ι
3261 1089 3420 1141 Addit

1890 1170 2078 1225 deinde
2119 1172 2380 1241 duplicem
2413 1173 2462 1226 in
2498 1187 2561 1227 eo
2593 1172 2758 1227 fuisse
2802 1176 3063 1240 hostiam,
3110 1193 3266 1232 unam
3314 1189 3422 1232 ter-

1891 1261 2150 1314 restribus
2199 1263 2622 1326 convenientem,
2655 1263 2812 1316 aliam
2855 1275 3033 1332 aptam
3074 1265 3417 1332 ctnlestibus;

1889 1359 2086 1402 etcum
2128 1351 2321 1418 duplici
2369 1351 2457 1405 illo
2507 1352 2798 1416 velamine,
2855 1355 2992 1422 quod
3043 1367 3422 1410 commemorat

1890 1436 2080 1490 Paulus
2109 1439 2158 1491 in
2202 1440 2435 1505 Epistola
2465 1442 2529 1494 ad
2562 1440 2814 1496 Hebra-os
2844 1442 2910 1506 ⁸³,
2939 1458 3064 1496 caro
3095 1444 3316 1507 Christi,
3367 1455 3422 1498 et

1892 1527 2084 1581 caelum
2111 1530 2251 1596 quod
2285 1530 2397 1598 ipse
2438 1531 2758 1598 penetravit,
2793 1533 3187 1600 signiﬁCequr,
3231 1533 3418 1600 duples’

1891 1618 2113 1685 proinde
2161 1619 2558 1689 intelligendum
2608 1633 2725 1673 esse
2781 1621 3100 1674 sacriﬁcium
3145 1637 3238 1689 per
3281 1624 3420 1689 quod

1893 1708 2236 1762 terrestribus
2257 1718 2310 1762 et
2337 1710 2641 1764 ctelestibus
2673 1710 2894 1763 salutem
2927 1712 3266 1780 compararit.
3303 1710 3424 1764 Haec

1892 1807 2090 1852 attente
2120 1810 2395 1867 perspecta
2417 1800 2797 1867 expositionem
2820 1815 2938 1867 qua:
2960 1801 3024 1852 ad
3057 1815 3204 1852 oram
3219 1801 3422 1868 adjecta

1892 1896 1998 1950 est,
2037 1886 2317 1940 manifesto
2347 1897 2631 1954 respuerit,
2658 1903 2758 1957 qua
2794 1890 3012 1942 caeleste
3040 1888 3165 1940 illud
3219 1890 3425 1942 sacrit!-

1893 1977 2030 2029 cium
2062 1975 2451 2029 Eucharistiam
2481 1991 2621 2038 esse,
2681 1985 2932 2030 terrestre
2979 1991 3106 2029 vero
3148 1976 3422 2030 toleratam

1894 2063 1946 2117 in
1977 2079 2137 2118 cruce
2168 2075 2388 2118 mortem
2423 2067 2698 2119 asseritur.
2734 2067 2992 2118 Praiterea
3039 2081 3140 2117 non
3176 2081 3270 2132 pro
3297 2081 3419 2134 pec-

1893 2163 2031 2216 cato,
2075 2154 2165 2206 sed
2193 2167 2288 2219 pro
2359 2166 2575 2206 munere
2601 2153 2832 2204 oblatum
2885 2153 2935 2204 in
2989 2153 3124 2205 coelo
3155 2151 3423 2206 Christum

1893 2243 2195 2308 pronuntiat
2229 2243 2370 2295 hom.
2419 2256 2454 2294 ιι
2485 2243 2540 2294 in
2569 2239 2753 2306 Levit.,
2785 2255 2928 2292 num.
2955 2240 2989 2292 5
3021 2259 3033 2293 :
3070 2260 3088 2291 ι
3117 2241 3247 2294 Vide
3275 2256 3422 2308 ergo,

1895 2331 2085 2398 inquit,
2112 2347 2176 2384 ne
2207 2331 2344 2384 forte
2381 2329 2557 2390 Jesus.
2591 2346 2750 2398 quem
2786 2330 2981 2383 Paulus
3012 2330 3056 2360 ⁸³
3083 2329 3211 2382 dicit
3243 2328 3426 2396 pacili-

1894 2435 2042 2474 casse
2069 2436 2161 2486 per
2189 2422 2500 2488 sanguinem
2535 2435 2688 2473 suum
2718 2436 2820 2472 non
2846 2419 3017 2473 solum
3035 2435 3150 2487 qua:
3168 2419 3218 2472 in
3249 2420 3424 2480 terris,

1894 2512 1985 2563 sed
2011 2520 2064 2563 et
2097 2526 2214 2578 quze
2245 2511 2296 2562 in
2323 2510 2478 2563 caelis
2511 2519 2656 2572 sunt,
2693 2510 2830 2562 idem
2864 2511 2975 2578 ipse
3003 2511 3071 2564 sit
3098 2509 3312 2576 vitulus,
3337 2511 3426 2579 qui

1895 2600 1948 2654 in
1987 2601 2135 2654 ctelis
2167 2599 2378 2666 quidem
2411 2613 2515 2652 non
2543 2613 2636 2666 pro
2665 2608 2915 2665 peccato,
2960 2601 3049 2650 sed
3087 2613 3182 2664 pro
3211 2613 3430 2650 nnmere

1893 2687 2102 2740 oblatus
2132 2694 2254 2739 est:
2288 2686 2340 2738 in
2379 2685 2536 2739 terris
2563 2693 2734 2739 autem
2757 2723 2774 2747 ,
2813 2685 2900 2737 ubi
2950 2685 3018 2737 ab
3062 2685 3228 2738 Adam
3263 2699 3432 2752 usque

1896 2777 1960 2829 ad
1993 2775 2222 2844 Moysem
2270 2776 2510 2843 regnavit
2540 2785 2815 2842 peccatum
2863 2773 2930 2836 “,
2985 2773 3192 2827 oblatus
3223 2774 3295 2826 sit
3337 2769 3432 2838 pro

1896 2874 2157 2933 peccato:
2188 2864 2369 2917 ethoc
2413 2871 2495 2914 est
2539 2877 2752 2930 passum
2811 2875 2930 2914 esse
2972 2872 3122 2914 extra
3176 2871 3375 2918 castra.
3407 2879 3426 2912 ι

1897 2954 2168 3020 Quomodo
2195 2962 2370 3005 autem
2395 2951 2679 3020 unicuique
2705 2952 2756 3004 in
2785 2965 2879 3004 sua
2912 2951 3081 3004 forma
3106 2951 3430 3018 apparuerit,

1897 3044 2112 3111 exponit
2142 3043 2255 3108 ipse
2283 3053 2409 3096 tom.
2448 3058 2464 3095 ι
2492 3042 2544 3093 in
2567 3039 2752 3104 10am,
2785 3055 2932 3093 num.
2961 3039 3051 3101 54,
3085 3049 3138 3092 et
3166 3039 3432 3092 hominem

1898 3132 2198 3188 hominibus
2235 3132 2430 3185 factum
2475 3124 2595 3185 esse
2625 3131 2796 3192 docet,
2831 3130 3041 3198 quando
3077 3147 3094 3179 ι
3127 3127 3433 3181 manifesta-

1901 3231 1986 3273 tus
2008 3227 2094 3273 est
2127 3219 2180 3273 in
2207 3233 2402 3282 carne;
2427 3217 2472 3248 ⁸⁵
2497 3235 2516 3269 i
2558 3215 2813 3285 Angelum
2834 3215 3036 3280 angelis
3055 3252 3069 3276 ,
3095 3215 3306 3282 quando
3337 3229 3433 3281 pa-

1901 3307 2146 3361 triarchis
2167 3317 2220 3361 et
2247 3305 2520 3375 prophetis
2545 3305 2690 3358 visus
2721 3313 2824 3368 est,
2855 3303 3021 3374 Moysi
3053 3313 3176 3371 puta
3209 3303 3261 3356 iu
3281 3303 3430 3362 rubo;

1899 3395 2083 3451 inieris
2111 3405 2314 3460 autem,
2358 3393 2569 3462 quando
2624 3410 2643 3441 ο
2672 3389 2868 3446 Factus
2912 3400 2994 3445 est
3033 3391 3172 3444 inter
3201 3399 3436 3442 mortuos

1897 3487 2034 3540 lber
2067 3485 2167 3538 “.i
2219 3483 2541 3538 Praedicasse
2588 3495 2796 3549 quoque
2823 3479 3026 3549 angelis
3065 3477 3436 3546 Evangelium,

1899 3576 2000 3628 dici
2031 3582 2221 3644 potest,
2253 3573 2464 3642 quando
2492 3571 2681 3626 futurae
2711 3569 3094 3623 Incarnationis
3125 3567 3434 3637 mysterium

1901 3664 2026 3732 ipsis
2078 3664 2319 3732 aperuit;
2385 3660 2748 3716 subterraneis
2791 3674 2938 3722 vero,
2969 3657 3180 3726 quando
3225 3655 3440 3708 (νεικε-

1902 3755 2062 3809 travit
2097 3768 2282 3808 omnes
2344 3751 2624 3806 inferiores
2651 3759 2831 3816 partes
2878 3758 3055 3810 terrai,
3110 3755 3164 3799 et
3213 3744 3444 3813 inspexit

1903 3860 2085 3899 omnes
2125 3843 2471 3903 dormientes,
2504 3850 2558 3892 et
2595 3837 2915 3894 illuminavit
2956 3851 3140 3890 omnes
3169 3844 3444 3904 sperantes

1904 3935 1956 3988 in
2004 3933 2221 3986 Domino
2262 3932 2392 3995 ⁸⁷;ι
2464 3930 2674 3998 quando
2735 3945 2754 3978 ι
2823 3925 3174 3982 mortiﬁcatus
3228 3923 3440 3990 quidem

1905 4038 2081 4085 carne,
2121 4021 2415 4074 vivificatus
2442 4029 2618 4071 autem
2644 4017 2859 4083 spiritu,
2915 4016 2968 4068 in
3016 4029 3081 4068 eo
3131 4013 3214 4066 his
3245 4011 3337 4079 qui
3388 4011 3441 4064 in

1905 4125 2121 4166 carcere
2163 4118 2318 4163 erant
2377 4108 2648 4175 spiritibus
2693 4106 2910 4158 veniens
2968 4101 3293 4172 praedicavit,
3350 4101 3439 4167 qui

1908 4201 2164 4257 increduli
2203 4199 2414 4253 inierant
2437 4195 2761 4264 aliquando,
2794 4195 3010 4263 quando
3052 4195 3436 4259 exspectabant

1911 4290 2000 4344 Dei
2033 4287 2341 4356 patientiam
2368 4285 2419 4337 in
2451 4284 2635 4338 diebus
2664 4282 2774 4336 Noe
2803 4282 2884 4345 ⁶⁸;
2915 4300 2934 4334 ι
2985 4280 3196 4348 quando
3249 4297 3266 4329 ι
3299 4293 3443 4330 mor-

1910 4381 2014 4434 tuis
2039 4377 2457 4446 evangelizattnn
2487 4384 2588 4438 est,
2613 4383 2670 4426 ut
2697 4373 3001 4440 judicentnr
3025 4369 3236 4438 quidem
3257 4384 3443 4422 secun-

1913 4471 2036 4524 dum
2073 4468 2314 4523 homines
2359 4465 2411 4518 in
2462 4479 2646 4525 carne,
2701 4463 2881 4517 vivant
2931 4469 3105 4514 autem
3155 4459 3443 4514 secundum

216 4548 529 4642 gerilicio
564 4548 844 4634 hominum
881 4585 1098 4644 peccata
1126 4571 1255 4626 eluit
1279 4608 1296 4631 ,
1329 4566 1550 4636 spiritali
1581 4565 1803 4633 quodam
1841 4565 1887 4622 D
1917 4560 2078 4612 Deum
2110 4557 2160 4610 iu
2197 4557 2384 4626 spiritu
2405 4555 2471 4607 ".
2502 4571 2521 4606 ι
2560 4553 2653 4606 Vel
2681 4562 2803 4604 tunc
2832 4551 2993 4606 etiam
3018 4549 3221 4619 angelis
3247 4548 3447 4644 doctri-

217 4675 526 4734 sacrilicio
557 4668 884 4728 caelestium,
918 4663 1249 4729 aliarumque
1274 4671 1447 4711 rerum
1467 4694 1482 4718 ,
1511 4669 1628 4722 quze
1655 4652 1814 4706 ratio-

223 4767 326 4820 nis
349 4768 651 4830 compotes
687 4762 900 4818 esseut,
927 4764 1094 4805 noxas
1124 4746 1461 4802 abstersisse.
1501 4760 1520 4792 ι
1549 4739 1659 4794 Nisi
1689 4739 1809 4807 quia

223 4857 411 4915 forte,
449 4829 501 4903 Di
536 4846 718 4915 inquit
767 4847 909 4897 hom.
948 4841 969 4892 l
1004 4839 1058 4892 in
1100 4836 1286 4900 Levit.,
1336 4847 1480 4886 num.
1543 4830 1598 4893 5,
1654 4847 1671 4878 ι
1712 4829 1809 4880 hoc

223 4923 484 5012 intelligi
518 4935 698 4992 voluit
736 4929 990 5004 (Moyses)
1019 4929 1156 4996 quod
1178 4919 1546 5012 sanguisJesu
1580 4920 1630 5012 in
1657 4915 1812 4972 Jeru-

223 5034 417 5090 salem
435 5007 666 5082 elfusus
690 5031 792 5084 est,
817 5021 904 5074 ubi
929 5026 1044 5070 erat
1075 5016 1265 5075 altare,
1306 5020 1361 5066 et
1398 5009 1538 5063 basis
1580 5007 1694 5075 ejus
1714 5046 1728 5068 ,
1758 5014 1812 5059 et

230 5115 681 5178 tabernaculum
727 5108 1055 5172 testimonii;
1101 5104 1194 5158 sed
1241 5112 1292 5156 et
1337 5100 1474 5170 quod
1525 5111 1810 5166 supernum

231 5218 433 5270 altare
459 5205 618 5278 quod
647 5203 803 5256 estin
829 5199 1000 5263 caelis,
1051 5195 1140 5248 ubi
1184 5203 1236 5246 ct
1269 5189 1500 5245 Ecclesia
1527 5187 1816 5256 primitivu-

235 5320 374 5360 rum
400 5276 514 5362 est,
546 5297 692 5350 idem
719 5293 832 5358 ipse
860 5291 1076 5356 sanguis
1105 5281 1413 5352 asperserit,
1443 5278 1580 5332 sicut
1610 5276 1818 5344 ctApo-

236 5395 434 5453 stolus
463 5387 646 5443 dicit:
683 5381 818 5445 Quia
847 5375 1133 5449 paciﬁcaait
1173 5388 1262 5433 per
1303 5367 1600 5436 sanguinem
1643 5365 1814 5418 crucis

243 5499 393 5547 sua,
431 5481 705 5545 sitimque
737 5472 789 5523 in
817 5479 952 5522 terra
977 5474 1116 5527 sunt,
1163 5461 1264 5514 sive
1304 5472 1417 5524 qua:
1458 5456 1513 5507 in
1563 5454 1705 5508 caelis
1744 5454 1810 5547 δι,

246 5542 440 5634 Recte
473 5542 610 5631 ergo
641 5553 876 5614 secdndo
927 5553 1168 5608 nominat
1225 5550 1424 5634 altare,
1464 5544 1608 5634 quod
1639 5552 1720 5596 est
1750 5542 1814 5595 ad

243 5627 476 5719 eam.»
517 5627 842 5704 tabernaculi
877 5635 1184 5699 testimonii,
1227 5630 1347 5700 quia
1378 5643 1482 5681 non
1514 5627 1688 5682 solum
1717 5643 1815 5696 pro

335 5775 384 5806 ιι
415 5766 629 5823 Culuss.
685 5775 723 5823 ι,
762 5758 848 5812 20.
954 5755 997 5788 "
1036 5751 1202 5826 Cap,-

343 5838 466 5867 n..._t
519 5850 535 5867 ι
559 5841 750 5867 rutvli,
779 5828 826 5867 ις-
853 5826 902 5867 Β-
973 5823 1014 5856 ⁸⁷
1041 5761 1202 5867 Eccll.

250 5811 834 5899 “.Psal."t.;sxvt1,5,
853 5826 904 5880 6.
973 5823 1014 5856 ⁸⁷
1040 5811 1202 5874 Eccli.
1225 5825 1362 5876 xxiv,
1389 5811 1474 5864 45.

1254 5759 1327 5804 vi,
1377 5740 1480 5803 20;
1533 5758 1588 5798 κ,
1633 5742 1722 5794 20.
1797 5743 1844 5774 ⁸³
1881 5742 2079 5796 Coloss.
2140 5756 2178 5801 r.
2226 5739 2314 5794 ΞΟ.
2387 5735 2433 5770 ﬂ
2469 5739 2619 5791 lium.
2656 5751 2710 5798 τ,
2754 5734 2839 5790 l-i.

1557 5811 1636 5864 ⁸⁸1
1663 5812 1802 5867 l‘ctr.

1900 5851 1918 5879 ,
1951 5811 2144 5865 l8-?.0.
2219 5809 2262 5842 "
2303 5808 2343 5863 ll
2387 5807 2529 5862 Pctr.
2564 5804 2710 5873 ΝΛΞ.
2783 5804 2830 5838 θ’
2861 5802 3088 5872 Philipp.
3123 5818 3191 5869 tt,
3235 5801 3324 5854 10.

1909 4663 2030 4699 nam
2068 4660 2216 4698 suam
2253 4643 2577 4712 praedicasse
2599 4642 2850 4694 dicendus
2871 4649 2986 4704 est,
3030 4654 3150 4692 cum
3178 4638 3243 4690 ad
3279 4637 3449 4691 homi-

1909 4752 2001 4790 nes
2027 4737 2185 4790 verba
2227 4734 2462 4796 faciens,
2513 4740 2799 4798 pra-sentes
2854 4744 3064 4796 quoque
3117 4727 3328 4795 angelos
3367 4735 3448 4778 est

1905 4827 2181 4878 allocutus.
2239 4824 2293 4877 Id
2343 4822 2518 4876 innuit
2559 4819 2814 4887 Origenes
2843 4819 3022 4872 liomil.
3083 4819 3153 4872 25
3174 4819 3226 4870 in
3267 4815 3392 4869 Luc.
3427 4827 3447 4864 :

1911 4933 1929 4966 ι
1959 4913 2118 4968 Docet
2150 4913 2310 4981 igitur
2339 4910 2586 4964 Salvator
2621 4919 2824 4973 noster,
2872 4917 2925 4962 et
2959 4909 3191 4975 Spiritus
3217 4916 3434 4960 saucius

1906 5004 1993 5072 qui
2027 5004 2232 5055 locutus
2258 5009 2340 5054 est
2386 5001 2436 5052 in
2486 4999 2788 5068 prophetis,
2837 5013 2938 5051 nou
2974 5000 3139 5052 solum
3180 4998 3446 5056 homines,

1908 5093 1999 5145 sed
2058 5091 2216 5142 etiam
2270 5088 2509 5156 angelos,
2567 5097 2620 5140 et
2684 5088 2909 5139 virtutes
2955 5087 3332 5150 invisibiles;i
3399 5093 3453 5135 ct

1909 5180 2144 5234 deinde:
2188 5196 2207 5228 ι
2243 5177 2401 5231 Venit
2447 5177 2588 5230 enim
2642 5191 2748 5228 non
2805 5172 3041 5228 Joannes
3079 5184 3134 5226 et
3185 5173 3453 5243 propheta:

1913 5278 2137 5332 tantum,
2170 5267 2260 5321 sed
2292 5267 2454 5320 etiam
2488 5265 2600 5333 ipse
2629 5264 2873 5318 Salvator
2894 5302 2909 5325 ,
2947 5271 3002 5317 et
3032 5263 3336 5316 hominibus
3359 5299 3375 5323 ,
3403 5271 3451 5312 et

1919 5358 2136 5427 angelis,
2162 5367 2216 5411 et
2237 5355 2522 5410 virtutibus
2550 5352 2754 5408 caeteris
2781 5352 3066 5407 salutarem
3090 5350 3454 5420 paenitentiam

1919 5449 2229 5518 prmdicare,
2271 5455 2327 5498 ut
2357 5446 2410 5498 in
2436 5443 2651 5498 nomine
2675 5441 2796 5496 Jesu
2836 5456 2993 5494 omne
3017 5455 3154 5508 genu
3183 5439 3454 5500 ﬂectatur,

1919 5538 2239 5601 caelestium,
2276 5537 2604 5591 terrestrium
2639 5544 2690 5589 et
2725 5533 3052 5587 infernorum
3082 5531 3147 5588 .’°.
3174 5549 3193 5584 ι
3228 5528 3458 5597 Angelos

1920 5628 2114 5698 quippe
2136 5626 2371 5696 peccatis
2419 5624 2677 5679 obnoxios
2703 5637 2822 5678 esse
2849 5620 3057 5676 censuit
3081 5659 3100 5686 ,
3131 5629 3190 5673 ut
3217 5619 3463 5672 dicemus

2911 5734 2954 5765 ⁸⁸
3008 5729 3026 5784 l
3077 5730 3216 5786 Tim.
3255 5744 3337 5794 Ill,
3376 5731 3461 5784 lb‘.
