3894 6430
368 434 460 488 851

1601 425 1659 482 P.
1701 426 2009 482 DANIELIS
2040 426 2264 483 llUE'l'll

3694 438 3786 493 832

369 548 522 602 infra.
554 542 659 596 Nec
682 541 957 594 Christum
984 541 1265 607 duntaxat,
1292 544 1381 596 sed
1415 551 1468 595 et
1497 546 1808 612 pmphetas,
1843 556 1898 598 et
1932 548 1966 601 Α
1995 553 2047 599 et
2099 544 2299 610 angelis
2357 541 2501 608 ejus,
2575 552 2899 608 nunquam
2953 543 3193 587 tamen
3280 523 3307 577 ἰ
3350 536 3469 593 lus
3527 548 3793 608 tamur“

364 635 642 705 apostolos,
670 634 1095 701 quotiescunque
1137 635 1203 686 ad
1238 635 1483 688 homines
1504 638 1798 691 orationem
1835 640 1898 693 de

362 725 549 780 divinis
581 725 737 776 rebus
759 722 1077 785 habuerunt,
1098 724 1161 775 ad
1189 724 1404 790 angelos
1421 741 1629 793 quoque
1651 729 1899 783 habuisse

357 816 538 869 eadem
565 812 778 866 homilia
809 813 1129 866 declaravit.
1165 814 1237 865 Ita
1289 824 1465 867 autent
1494 826 1547 868 et
1577 818 1777 883 angelis
1801 857 1816 881 ,
1847 831 1899 871 et

358 903 759 964 subterraneis,
809 912 863 955 et
914 903 1219 958 hominibus
1272 906 1541 959 Christum
1597 909 1899 975 apparuisse

358 991 580 1056 putavit,
629 1000 687 1043 ut
733 993 903 1045 unica:
946 1007 1054 1046 suae
1078 995 1262 1047 mortis
1315 995 1366 1047 in
1403 1010 1623 1062 corpore
1670 997 1899 1050 humano

360 1080 592 1134 toleratae
620 1082 932 1135 beneﬁcium
963 1083 1025 1135 iis
1054 1085 1359 1150 applicaret,
1388 1101 1489 1138 non
1532 1097 1587 1138 ut
1611 1088 1899 1154 assumptis

358 1170 564 1223 illorum
594 1171 774 1225 formis
795 1188 955 1225 novas
980 1186 1177 1227 mortes
1202 1176 1507 1230 sustineret.
1540 1177 1691 1242 Quod
1720 1187 1894 1230 autem

357 1260 550 1313 alicubi
603 1264 802 1314 sentire
861 1263 1089 1325 videtur,
1132 1264 1404 1317 Christum
1449 1282 1549 1319 non
1598 1282 1695 1334 pro
1735 1269 1896 1321 rebus

358 1351 515 1403 modo
571 1352 779 1405 ratione
810 1354 1045 1420 praeditis
1083 1355 1280 1407 obiisse
1324 1367 1547 1409 mortem
1573 1395 1589 1419 ,
1655 1358 1746 1410 sed
1801 1373 1897 1425 pro

359 1444 555 1492 creatis
592 1441 747 1493 etiam
780 1443 1187 1510 quibuscunque
1212 1444 1367 1498 facile
1395 1446 1779 1513 explicabimus
1800 1488 1814 1513 ,
1852 1448 1894 1502 si

366 1529 760 1582 meminerimus
817 1530 1069 1600 refragari
1116 1532 1164 1583 id
1198 1534 1451 1587 doctrinm
1484 1534 1650 1602 ipsius
1677 1547 1897 1589 contex-

348 1617 432 1671 ttui
468 1626 521 1668 et
549 1618 797 1684 sequehe,
834 1635 954 1671 nam
986 1620 1207 1674 rationis
1249 1621 1468 1689 capacia
1495 1623 1671 1674 omnia
1707 1638 1894 1691 perpe-

360 1715 506 1757 tuum
560 1706 756 1760 habere
814 1706 1072 1762 libertatis
1102 1725 1254 1762 usum
1309 1711 1554 1777 opinatus
1611 1721 1730 1776 est;
1780 1726 1896 1779 quae

358 1794 528 1849 libera
574 1806 778 1858 autem,
838 1813 898 1851 ea
940 1800 1172 1866 peccatis
1226 1799 1486 1861 obnoxia;
1525 1815 1641 1867 quae
1688 1803 1890 1868 peccati

359 1901 476 1947 rea,
506 1900 565 1939 ea
602 1888 919 1955 purgatione
958 1904 1146 1957 egere;
1193 1891 1556 1957 purgationem
1597 1904 1723 1943 vero
1764 1907 1892 1944 con-

362 1975 504 2027 ferre
531 1976 693 2028 solani
723 1977 921 2029 Christi
955 1987 1176 2030 mortem
1212 1978 1466 2044 potuisse.
1512 1978 1578 2030 At
1608 1993 1692 2031 res
1725 1980 1891 2033 ratio-

358 2068 441 2118 nis
467 2079 712 2133 expertes
740 2067 981 2120 lihertate
1020 2083 1205 2121 carere
1230 2109 1245 2132 ,
1280 2083 1342 2120 ac
1370 2068 1591 2135 proinde
1640 2084 1738 2120 non
1771 2084 1893 2135 pec-

356 2173 478 2210 care
511 2161 734 2219 censuit,
778 2174 872 2210 nec
904 2158 1140 2226 indigere
1187 2162 1499 2226 purgatione
1525 2198 1539 2219 ,
1588 2169 1893 2225 praplerea-

356 2263 461 2313 que
504 2249 693 2299 mortis
722 2247 919 2300 Christi
971 2248 1200 2299 fructum
1237 2247 1545 2314 neutiquam
1596 2249 1889 2314 percipere.

355 2332 457 2385 Per
510 2333 681 2384 κτίσιν
742 2334 922 2398 igitur,
995 2334 1200 2387 ratione
1254 2335 1471 2400 prtedita
1530 2336 1616 2387 Dei
1683 2337 1890 2403 upilicia

357 2424 687 2491 signiﬁcasse
716 2424 887 2491 ipsum
914 2423 1195 2477 dicendum
1232 2434 1331 2486 est,
1356 2425 1529 2493 posito
1566 2441 1758 2493 genere
1797 2442 1891 2494 pro

355 2513 551 2578 Specie.

424 2599 588 2655 XXV.
616 2600 774 2653 Pater
800 2600 979 2668 itaque
1007 2616 1068 2654 ex
1098 2600 1278 2669 priore
1305 2602 1404 2655 hoc
1448 2603 1696 2671 ﬁgmento
1721 2644 1735 2667 ,
1786 2621 1890 2673 quo

353 2701 662 2757 perpetuum
710 2690 968 2744 libertatis
1007 2706 1159 2744 usum
1208 2692 1365 2746 rebus
1394 2694 1642 2745 omnibus
1685 2695 1890 2747 ratione

354 2781 590 2848 praeditis
617 2780 881 2847 ascripsit,
913 2795 977 2836 eo
1015 2780 1176 2836 fuisse
1228 2783 1529 2850 perpulsum
1584 2782 1887 2852 Origencr),

355 2881 411 2924 ut
456 2872 888 2925 reconciliatione
956 2887 1089 2940 opus
1160 2872 1264 2928 illis
1318 2888 1437 2927 esse
1483 2885 1727 2943 putaret;
1788 2877 1889 2930 hoc

352 2968 526 3013 autem
554 2961 686 3027 ipsis
719 2960 1036 3014 beneﬁcium
1066 2970 1291 3015 mortem
1335 2963 1531 3017 Christi
1577 2965 1885 3020 contulisse.

354 3046 549 3099 Eodem
595 3048 765 3114 ipsum
812 3050 1147 3102 adduxerunt
1187 3050 1290 3102 duo
1325 3049 1470 3103 Pauli
1507 3051 1631 3116 loci,
1667 3052 1802 3105 alter
1821 3068 1886 3106 ex

353 3134 519 3203 Epist.
552 3137 616 3189 ad
642 3136 861 3205 Ephes.,
903 3153 1017 3206 cap.
1048 3153 1086 3201 ι,
1114 3153 1256 3192 vers.
1300 3140 1389 3202 l0,
1424 3140 1561 3193 alter
1605 3156 1670 3193 ex
1714 3142 1880 3209 Epist.

352 3228 416 3277 ad
444 3226 674 3291 Coloss.,
695 3240 810 3295 cap.
846 3244 892 3290 ι,
924 3243 1065 3283 vers.
1089 3229 1177 3293 20,
1199 3244 1357 3297 quem
1390 3246 1528 3299 saepe
1557 3230 1708 3284 nobis
1735 3247 1889 3300 ogge-

351 3314 444 3368 rit.
497 3314 645 3367 Hunc
697 3317 892 3370 rectius
946 3318 1112 3371 multo
1157 3332 1219 3371 ac
1273 3319 1463 3372 melius
1510 3320 1889 3386 interpretatur

354 3403 536 3455 homil.
576 3404 610 3455 4
644 3404 697 3456 in
739 3404 920 3469 Levit.,
956 3422 1104 3461 num.
1135 3406 1194 3459 4.
1248 3425 1266 3456 t
1303 3406 1408 3460 Sed
1458 3418 1512 3461 et
1564 3419 1886 3471 sanctorum,

354 3494 546 3560 inquit,
594 3494 766 3547 socios
816 3512 914 3548 nos
944 3496 1071 3549 dicit
1102 3497 1406 3564 Apostolus,
1442 3514 1539 3553 nec
1578 3500 1790 3552 mirum.
1832 3500 1885 3551 Si

351 3582 491 3632 enim
512 3597 629 3634 cum
655 3583 810 3636 Patre
835 3596 886 3638 et
903 3585 1040 3638 l-‘ilio
1065 3587 1261 3640 dicitur
1298 3589 1450 3640 nobis
1471 3603 1591 3641 esse
1635 3591 1887 3653 societas,

353 3676 618 3736 quomodo
658 3690 759 3726 non
806 3685 858 3729 et
901 3692 1020 3729 cum
1072 3682 1297 3745 sanctis,
1345 3695 1446 3732 non
1496 3681 1663 3734 solum
1706 3685 1793 3749 qui
1835 3684 1887 3735 in

284 3785 290 3792 -
354 3768 495 3813 terra
513 3773 657 3823 sunt.
682 3764 772 3817 sed
803 3775 855 3818 et
892 3766 978 3833 qui
1004 3768 1053 3818 in
1076 3767 1400 3835 ctelis?quia
1441 3783 1491 3822 et
1519 3771 1763 3824 Christus
1795 3788 1888 3840 per

353 3855 665 3921 sanguinem
705 3870 856 3908 suum
889 3857 1188 3923 paciﬁcavit
1218 3858 1477 3922 coelestia,
1506 3869 1557 3912 et
1591 3863 1885 3925 terrestria,

354 3952 412 3993 ut
440 3944 746 3997 caelestibus
783 3955 992 4000 terrena
1034 3949 1265 4001 sociaret
1305 3950 1370 4001 ⁰¹.
1396 3969 1414 4001 ι
1451 3950 1577 4015 Qua:
1604 3953 1780 4006 verior
1808 3964 1889 4007 est

354 4034 481 4086 dicti
531 4035 687 4102 hujus
757 4037 1032 4103 apostolici
1073 4039 1353 4105 expositio,
1391 4048 1445 4093 et
1501 4056 1656 4108 quam
1710 4054 1889 4099 tuetur

351 4122 677 4191 Augustinus
699 4126 748 4176 in
780 4123 1079 4180 Enchiridio
1110 4130 1173 4182 ad
1198 4130 1605 4201 Laurent.,cap.
1629 4135 1716 4189 6L
1737 4137 1885 4202 Quod

354 4212 397 4261 si
442 4213 565 4265 Ollttl
617 4228 827 4281 quoque
879 4230 1159 4283 passurum
1200 4219 1491 4284 Christum,
1546 4225 1753 4290 reipsa,
1811 4228 1885 4281 uti

353 4299 541 4363 fertur,
583 4305 875 4356 autumavit
906 4305 1183 4374 Origenes,
1216 4310 1520 4374 opinionem
1559 4328 1708 4365 suam
1763 4314 1883 4368 fuitt-

355 4390 556 4442 daverit
600 4407 759 4460 super
791 4395 993 4449 dictum
1050 4399 1175 4451 illud
1225 4401 1461 4453 'Avwllev
1498 4403 1671 4472 μέλλω
1723 4422 1885 4459 σταυ-

355 4478 597 4550 ροῠσθαι,
641 4485 779 4549 quod
816 4485 866 4536 in
898 4487 1040 4539 Actis
1076 4488 1223 4541 Pauli
1268 4490 1483 4544 Christo
1517 4494 1787 4558 tribuitur,
1828 4509 1885 4551 ut
1917 4484 1959 4538 ι)
1988 4523 2090 4574 qne
2116 4478 2402 4576 praetereav
2418 4478 2717 4581 sunl,ertri

353 4582 415 4620 ex
446 4570 673 4637 Origene
710 4574 826 4641 ipso
854 4577 1106 4631 discimus
1142 4588 1286 4633 tomo
1324 4597 1391 4633 xx
1426 4581 1477 4634 in
1513 4582 1695 4648 Jomn,
1736 4603 1880 4644 num.

354 4658 440 4710 12.

424 4749 608 4806 XXVI.
649 4753 826 4821 Neque
867 4771 993 4810 vero
1025 4758 1076 4810 in
1107 4772 1170 4811 eo
1214 4761 1437 4827 primum
1477 4763 1587 4818 haec
1621 4766 1683 4819 de
1714 4780 1883 4821 morte

351 4841 544 4893 Christi
592 4843 834 4896 damnata
883 4855 963 4899 est
1008 4849 1185 4914 Opinio
1215 4866 1230 4905 :
1257 4852 1493 4905 confutat
1528 4867 1645 4906 eam
1677 4855 1883 4908 Tertul-

352 4930 524 4982 lianus
551 4931 638 4984 Iih.
677 4932 748 4985 De
785 4951 935 4988 carne
957 4938 1167 5004 Christi,
1227 4955 1343 5004 cap.
1390 4942 1456 4994 14
1486 4956 1501 4994 :
1530 4961 1548 4993 ι
1578 4944 1679 4996 Sed
1722 4961 1882 5015 auge-

351 5019 481 5082 lum,
513 5020 679 5085 aiunt,
704 5027 929 5089 gestavit
949 5027 1214 5083 Christus.
1242 5030 1354 5096 Qua
1403 5034 1652 5086 ratione?
1684 5035 1797 5100 Qua
1828 5047 1881 5089 et

351 5112 641 5166 hominem.
695 5116 888 5169 Eadem
932 5134 1058 5185 ergo
1096 5132 1260 5176 estet
1303 5140 1483 5190 causa,
1526 5135 1582 5178 ut
1612 5126 1878 5181 hominem

350 5212 600 5267 gestaret.
632 5204 875 5262 Christus
913 5210 1055 5262 salus
1080 5212 1310 5267 hominis
1337 5214 1464 5279 fuit;
1497 5232 1656 5270 causa
1682 5218 1886 5271 scilicet

349 5293 413 5344 ad
467 5295 845 5349 restituendum
905 5302 1045 5365 quod
1099 5302 1348 5367 perierat.
1417 5303 1585 5356 llomo
1628 5306 1881 5371 perierat,

349 5377 616 5433 hominem
649 5385 856 5437 restitui
896 5397 1225 5453 oportuerat.
1271 5389 1336 5442 Ut
1369 5393 1612 5460 angelum
1658 5403 1886 5461 gestaret

349 5465 622 5535 Christus,
675 5474 804 5524 nihil
843 5475 947 5527 tale
973 5477 1037 5529 de
1060 5494 1216 5532 causa
1248 5489 1351 5543 est,
1402 5498 1523 5534 nam
1559 5484 1658 5536 etsi
1706 5484 1880 5551 angeli

352 5557 573 5620 perditio
619 5569 893 5628 reputatur
936 5565 988 5618 in
1044 5568 1216 5635 ignem
1258 5581 1610 5641 przeparatum
1651 5571 1878 5638 diabolo,

423 5734 464 5765 ⁹¹
492 5736 696 5795 Coloss.
730 5757 770 5807 t,
793 5742 881 5798 9.0.
959 5748 1000 5781 ”
1026 5748 1151 5803 ibid.

2000 633 2314 700 repromissa
2348 642 2455 684 est.
2486 630 2723 684 Nullum
2764 626 3171 682 mandatum
3232 616 3387 680 de
3422 631 3607 688 salute
3630 654 3784 708 ange-

1998 724 2162 776 lorum
2186 723 2425 790 suscepit
2452 722 2722 774 Christus
2758 732 2794 770 a
2840 716 3077 769 Patre.
3109 709 3387 776 Quod
3417 719 3589 777 Pater
3622 742 3792 796 neque,

2002 814 2319 879 repromisit,
2346 825 2529 879 neque
2559 806 2869 862 mandavit
2895 844 2913 865 ,
2960 802 3355 857 Cht'iStuS
3395 812 3790 873 adtltinislrare

1999 920 2100 955 non
2152 903 2389 966 potuit.»
2443 902 2604 953 lianc
2642 906 2849 951 autem
2907 891 3246 959 Origenis
3347 905 3705 957 sententiam
3734 909 3788 961 in

1999 994 2417 1051 Commentarios
2454 1008 2586 1044 suos
2638 992 2703 1043 in
2740 990 2944 1055 Epist.
3015 986 3103 1038 ad
3166 979 3301 1045 ΕΡ
3320 990 3463 1043 lies.
3509 998 3789 1050 transtulit

1999 1084 2372 1151 Hieronymus,
2423 1083 2584 1148 cujus
2620 1082 2744 1133 haec
2790 1079 2980 1132 verba
3035 1081 3210 1129 sunt
3274 1077 3421 1133 lib.
3474 1097 3518 1144 ι,
3564 1084 3623 1136 in
3664 1102 3781 1151 cap.

1998 1191 2037 1236 ι,
2078 1188 2219 1227 vers.
2262 1172 2334 1223 2'2
2374 1190 2389 1224 :
2430 1189 2447 1222 ι
2481 1171 2599 1224 Cur
2642 1179 2843 1223 autem
2888 1166 3119 1223 omnia
3154 1202 3179 1228 ,
3249 1162 3279 1215 ἱ
3307 1170 3350 1222 d
3406 1181 3505 1224 est
3579 1175 3778 1240 angeli,

1999 1263 2201 1329 throni,
2242 1261 2685 1321 dominationes,
2742 1266 3099 1326 potestates
3188 1261 3281 1307 eL
3351 1260 3629 1315 virtutes
3678 1279 3777 1317 οε.

1998 1367 2147 1416 terte.
2187 1369 2309 1422 quae
2344 1365 2629 1419 nunquam
2671 1350 2926 1404 fuerunt
2978 1352 3381 1403 contraria,»
3429 1353 3597 1408 Deo,
3661 1352 3777 1415 ejus

1996 1445 2221 1514 pedibus
2281 1443 2678 1512 subjiciantur,
2749 1440 3007 1493 videtur
3068 1437 3481 1491 obscurum.
3562 1437 3751 1490 Potest

1996 1538 2177 1604 itaque
2222 1534 2547 1604 responderi
2599 1533 2754 1600 quod
2806 1532 3049 1598 absque
3088 1538 3377 1596 peccato
3431 1528 3651 1582 nullus
3673 1531 3765 1593 sit,

1995 1637 2050 1680 et
2068 1626 2249 1678 sidera
2276 1626 2391 1692 ipsa
2417 1639 2525 1678 non
2544 1624 2660 1677 sint
2699 1623 2927 1675 munda
2962 1634 3188 1675 coram
3216 1619 3404 1680 Deo,
3440 1622 3767 1689 omnisque

1996 1725 2245 1769 creatura
2279 1723 2478 1783 paveat
2514 1713 2817 1767 Creatoris
2850 1714 3228 1765 adventum.
3276 1708 3499 1764 Unde
3535 1720 3605 1765 et
3644 1726 3781 1766 crux

1996 1804 2297 1856 Salvatoris
2328 1817 2433 1855 non
2465 1803 2645 1855 solum
2668 1817 2735 1855 ea
2758 1817 2896 1869 qua:
2932 1800 2997 1853 in
3053 1812 3259 1860 terra.
3317 1800 3453 1853 sed
3492 1801 3692 1853 etiam
3719 1818 3781 1855 ea

1994 1909 2112 1959 qua:
2155 1893 2206 1945 in
2245 1892 2407 1946 caelis
2445 1902 2638 1955 erant,
2682 1906 2983 1961 purgasse
3036 1890 3464 1959 perhibetur
3491 1908 3515 1954 °,
3547 1910 3574 1942 ι
3629 1902 3697 1947 et
3736 1895 3795 1947 in

1992 2000 2111 2051 cap.
2150 1999 2210 2046 II,
2266 1997 2415 2036 vers.
2483 1983 2553 2035 14
2589 1999 2607 2039 :
2648 2002 2667 2034 ι
2697 1984 3008 2037 Caeterum
3088 1984 3199 2049 qui
3284 1983 3474 2036 illud
3514 1986 3793 2052 Apostoli

1993 2074 2137 2141 legit,
2196 2074 2263 2125 de
2298 2073 2523 2126 Christo
2583 2075 2981 2128 memorautis
3012 2090 3032 2127 :
3092 2073 3355 2130 Pacetn
3405 2075 3834 2147 faciensper-

1991 2172 2307 2239 sanguinem
2351 2173 2542 2224 crucis
2582 2186 2702 2225 sua:
2744 2172 2839 2224 his
2887 2187 3037 2239 qua:
3096 2172 3161 2225 in
3211 2182 3433 2227 terra
3475 2184 3722 2236 erant,
3752 2184 3809 2229 et

1991 2264 2074 2317 his
2097 2278 2215 2331 qua:
2242 2264 2293 2315 in
2333 2262 2492 2316 ccelis
2525 2264 2597 2315 θ’.
2622 2303 2637 2316 .
2666 2300 2681 2316 .
2704 2303 2717 2315 .
2756 2263 2922 2317 hanc
2997 2272 3208 2318 totam
3270 2266 3813 2337 intelligentiam

1990 2353 2054 2406 ad
2081 2355 2318 2421 angelos,
2342 2355 2691 2422 virtutesque
2726 2355 3049 2421 caelestes,
3088 2367 3155 2412 et
3188 2359 3277 2410 ad
3328 2360 3627 2414 animas
3664 2372 3817 2414 tem-

1989 2440 2195 2508 perabit
2247 2442 2690 2495 humanas....
2744 2453 2940 2511 atque
3006 2446 3095 2499 ita
3162 2446 3326 2500 ﬁeri
3388 2450 3698 2516 putabit,
3757 2460 3822 2503 ut

1989 2548 2116 2587 crux
2145 2533 2351 2585 Domini
2381 2549 2489 2586 non
2519 2534 2699 2586 solum
2720 2542 2929 2600 terrm,
2959 2537 3077 2591 sed
3112 2547 3183 2590 ct
3210 2539 3419 2593 ccelo
3453 2541 3822 2609 profuerit';

1989 2636 2093 2675 noa
2141 2622 2315 2675 solum
2372 2624 2715 2685 hominibus,
2772 2626 2883 2678 sed
2945 2635 3015 2680 et
3084 2630 3409 2697 angelis,
3482 2640 3560 2686 et
3622 2634 3830 2687 omnis

1988 2721 2233 2765 creatura
2269 2713 2489 2767 Domini
2530 2716 2615 2768 sui
2646 2728 2864 2769 cruore
2900 2728 3185 2785 purgata
3220 2722 3329 2774 sit.
3366 2740 3388 2787 ;
3433 2741 3460 2773 ι
3506 2731 3584 2777 et
3627 2723 3745 2776 lih.
3787 2739 3829 2776 ιι

1989 2801 2039 2852 iu
2066 2801 2302 2869 ejusdem
2332 2802 2590 2870 Epistola:
2630 2817 2759 2870 cap.
2798 2818 2867 2857 Ill
2893 2843 2914 2870 ,
2949 2820 3132 2864 vers.
3193 2809 3321 2873 l0,
3398 2826 3695 2866 crucem
3746 2813 3828 2867 ait

1986 2889 2207 2954 Christi,
2241 2905 2348 2943 non
2383 2891 2560 2945 solum
2579 2894 2768 2958 nobis,
2802 2897 2916 2949 sed
2951 2906 3019 2951 et
3058 2899 3372 2966 angelis,
3423 2904 3830 2971 cunctisque

1987 2981 2203 3034 ilictelo
2228 2983 2524 3038 virtutibus
2551 2984 2894 3052 profuisse,
2952 3003 3077 3056 per
3123 3006 3287 3046 eam
3342 2997 3630 3065 quippe
3684 2998 3824 3061 illis,

1986 3071 2168 3124 itidem
2206 3082 2263 3124 ut
2291 3074 2472 3140 nobis,
2523 3076 2841 3131 revelatam
2884 3078 3100 3135 fuisse
3164 3086 3660 3156 multiplicem
3720 3090 3822 3143 Dei

1913 3176 1955 3233 ρ
1989 3161 2422 3228 ε;ιρίειιιίειηι;ει
2453 3165 2510 3218 ὶη
2547 3180 2673 3234 cap.
2720 3182 2808 3233 tv,
2840 3184 3025 3226 vers.
3073 3174 3185 3238 ιο,
3232 3193 3264 3227 ε
3312 3177 3586 3248 Neque
3631 3180 3819 3243 enim,

1989 3249 2178 3318 inquit,
2216 3254 2361 3308 scire
2395 3269 2692 3321 possumus
2718 3299 2735 3323 ,
2769 3264 3107 3327 quomodo
3146 3277 3216 3321 et
3246 3273 3552 3340 angelis
3576 3315 3597 3338 ,
3632 3284 3702 3327 et
3734 3275 3822 3327 his

1986 3340 2077 3407 qui
2121 3341 2172 3393 in
2225 3343 2440 3397 inferno
2488 3355 2652 3399 erant
2681 3351 2942 3417 sanguis
3001 3355 3263 3412 Christi
3316 3361 3704 3429 profuerit,
3762 3373 3820 3416 et

1988 3439 2166 3485 tamen
2202 3435 2329 3500 quin
2357 3435 2625 3502 profuerit
2656 3441 2901 3496 nescire
2960 3460 3098 3500 non
3120 3464 3557 3516 possumus.
3590 3475 3615 3507 ι
3674 3455 3812 3521 Qua

1986 3522 2127 3588 quod
2160 3523 2366 3591 absque
2415 3527 2811 3584 conl‘utatione
2858 3537 3259 3598 protulisset
3322 3542 3803 3617 Hieronymus,

1986 3609 2236 3665 aBulino
2269 3619 2635 3681 reprehensus
2680 3632 2774 3675 est
2846 3624 2965 3682 lib.
3030 3644 3050 3683 ι
3109 3631 3496 3702 Istaec-tim,
3576 3609 3689 3695 sed
3742 3642 3796 3694 in

1986 3701 2237 3770 Apologia
2264 3706 2616 3763 nihilominus
2642 3712 2841 3767 valide
2881 3731 2959 3770 se
3000 3728 3251 3777 tuetur.
3300 3727 3526 3783 Facit
3561 3746 3799 3799 quoque

1986 3794 2051 3843 ad
2088 3798 2495 3851 excusationem
2549 3800 2823 3872 Origenis
2861 3807 3339 3885 Cyrillusjlib.
3390 3838 3463 3876 rx
3518 3794 3618 3877 οὲ
3649 3794 3789 3878 ado-

1986 3883 2208 3983 ratio'ne:
2255 3886 2370 3983 ubi.
2403 3888 2774 3983 sic-loquitur
2802 3910 2818 3946 :
2851 3898 3155 3969 Χριστοῦ
3190 3883 3373 3980 ἡγὰρ
3452 3929 3524 3983 με

2255 3886 2370 3983 ubi.
2403 3888 2774 3983 sic-loquitur
2802 3910 2818 3946 :
2851 3898 3155 3969 Χριστοῦ
3190 3883 3373 3980 ἡγὰρ
3452 3913 3726 3983 μέτοχος
3752 3914 3788 3967 ὓ

1986 3970 2134 4071 πῖὶσά
2179 3974 2325 4071 tactv
2348 3975 2547 4046 ὁρατὴ,
2586 3982 2689 4033 καὶ
2722 3983 2999 4054 ἀόρατος
3034 3970 3287 4062 κτεσιξ.
3330 3970 3524 4071 ’⁸⁷Αῇ

2242 3990 2325 4071 εει-ν
2348 3975 2547 4071 opaci],
2586 3982 2689 4033 καὶ
2722 3983 2999 4054 ἀόρατος
3034 3970 3287 4062 aceto-ag.
3330 3970 3676 4071 -'A‘yyelot
3704 3970 3778 4056 vt:

1985 4060 2112 4155 γὰρ,
2144 4062 2237 4155 irai.
2279 4064 2640 4155 ᾁνρχὰγγελοι,
2694 4074 2793 4125 καὶ
2842 4077 2927 4129 τὰ
2992 4081 3093 4136 ἔτι
3144 4060 3423 4143 coci-rem;
3465 4060 3778 4155 ὲέτὲκεινι,

1986 4151 2078 4257 :catl
2110 4151 2247 4257 circa
2368 4155 2436 4206 τὰ
2471 4161 2777 4257 χῗρουϐὶμ,
2813 4167 2931 4237 οὐχ
2973 4172 3226 4246 ἑτέρως
3269 4181 3453 4249 ἅγια
3501 4186 3667 4257 πλὴν

1982 4238 2070 4290 διὰ
2103 4240 2263 4308 μόνου
2294 4244 2536 4312 Χριστοῦ
2564 4251 2625 4302 ἐν
2660 4254 2813 4322 ἁγίῳ
2837 4238 3267 4337 Πνεύμάτιξμ
3334 4238 3520 4329 ὲὴτίε

2233 4259 2263 4291 υ
2294 4244 2536 4337 Χριστοῦ
2564 4251 2625 4302 ἐν
2660 4254 2813 4322 ἁγίῳ
2837 4238 3267 4337 Πνεύμάτιξμ
3334 4238 3768 4331 ἱζὴτίειίῗιὲηἶιιέ

1986 4330 2252 4396 particeps
2282 4340 2364 4434 est
2387 4336 2572 4434 omnis
2605 4330 3043 4413 aspectabilis,
3073 4366 3143 4409 et
3173 4330 3310 4413 non
3360 4366 3761 4434 aspectabilis

1986 4426 2259 4472 creatura.
2283 4421 2475 4491 Angeli
2520 4430 2758 4498 quippe,
2790 4443 2855 4487 et
2884 4443 3314 4515 archangeli,
3367 4421 3761 4526 et'quaacun—

1987 4598 2141 4651 aliter
2188 4612 2379 4656 sancta
2411 4616 2566 4671 sunt,
2614 4626 2785 4678 quam
2818 4631 2937 4684 per
3020 4590 3219 4685 unum
3289 4590 3635 4693 Christ“;n
3698 4643 3748 4694 il

1986 4698 2168 4742 sancto
2196 4688 2422 4759 Spiritu.
2455 4713 2475 4745 ι
2512 4696 2584 4751 Et
2626 4701 3006 4770 Augustinus
3037 4715 3171 4774 lib.
3211 4737 3259 4787 I,

2200 4688 2422 4787 spiritu.
2455 4713 2475 4745 ι
2512 4696 2584 4751 Et
2626 4701 3006 4770 Augustinus
3037 4715 3171 4774 lib.
3211 4737 3259 4787 ι,
3316 4688 3738 4786 ’ἐξέλιπε

1986 4779 2455 4846 ευ⁰¹¹9θιίδίί¹τ²⁸⁷ην
2489 4802 2618 4856 (³1)·
2646 4790 2744 4853 55.
2781 4796 2884 4848 Ubi
2930 4816 3202 4866 mentes
3221 4779 3471 4870 olltnes
3506 4822 3745 4873 rationis

1988 4879 2282 4968 coiripotes,
2309 4871 2428 4926 sive
2453 4879 2813 4951 angelorum,
2861 4889 3001 4946 sive
3060 4896 3429 4960 hominum
3462 4948 3478 4968 .
3524 4910 3743 4963 nonnisi

1986 4957 2216 5066 Christi,
2242 4961 2335 5063 qui
2371 4967 2655 5033 sapientia
2687 4984 2777 5027 est
2805 5015 2821 5039 ,
2864 4986 3407 5063 participatione
3463 4957 3750 5066 sapientes

1985 5062 2103 5148 esse
2136 5051 2346 5117 deﬁnit,
2378 5056 2788 5134 Christumque
2848 5087 2867 5120 ι
2894 5051 3220 5148 ροηδε-ξω
3289 5084 3497 5139 saluti
3546 5051 3756 5140 'uostrze

1985 5137 2293 5236 diceudoet
2318 5143 2580 5205 faciendo
2606 5172 2622 5221 ;
2652 5158 2922 5223 patiendo
2949 5137 3530 5236 etsuis—uiuendo,
3562 5175 3759 5227 factum

1980 5237 2100 5325 esse
2122 5237 2190 5331 et.
2212 5232 2475 5295 deorsum
2503 5243 2830 5306 hominibus
2861 5268 3128 5331 exempt
3350 5232 3693 5326 redeundi,
3724 5271 3768 5313 et

1978 5327 2193 5429 ἒιὶΙῆυξ
2223 5335 2451 5386 sursum
2488 5348 2623 5392 sunt
2655 5342 2873 5409 angelis
2911 5327 3377 5429 exemplum
3420 5353 3712 5406 manem“.
3746 5366 3763 5400 ι

1980 5402 2246 5513 {Ecclesire
2291 5432 2438 5480 sane
2494 5432 2740 5490 decretis
2787 5402 3622 5513 neutiqttan".v|'el>“8°“
3669 5444 3776 5496 ⁵⁵³⁸

1982 5502 2328 5612 ιζὶῗῗοείιίοἶ
2384 5521 2629 5586 pruna"!
2699 5534 2946 5598 gratiam
2993 5545 3389 5612 angelirﬁ.
3457 5547 3520 5587 ac

2234 5505 2328 5575 ἱος
2368 5521 2629 5612 primam
2699 5534 2946 5598 gratiam
2966 5502 3343 5612 ang—£3155
3369 5502 3413 5595 ,-
3457 5502 3530 5587 ac
3591 5529 3772 5587 deinde

1991 5596 2439 5666 Perseverantia:
2467 5615 2677 5675 donum
2707 5596 3014 5681 Christum
3054 5596 3479 5714 εζηέιιίιλε
3518 5639 3620 5678 δυο
3660 5633 3778 5690 Ρτ⁰’
