3894 6472
117 378 202 433 857
987 374 1541 431 ORiCENlANORUM
1580 376 1704 430 LIB.

1842 378 1992 432 CAP.
2036 378 2097 442 ll,
2138 379 2406 444 ρυλΕΞΤ.
2441 384 2529 436 Η.
3253 390 3353 445 858

110 471 563 575 εριιῤ.Ῐ³ίὶῑῘΒΙῐὶ,
593 486 749 543 sicut
776 492 1009 547 Joannes
1058 505 1345 565 symmysla
1392 496 1556 563 ipsius
1602 510 1721 562 pro-
1751 500 1796 555 Α
1826 496 2104 548 manifesta
2154 497 2461 553 alterutrins
2510 501 2776 555 hmreseos
2824 500 3042 571 vestigia
3093 518 3351 571 nusquam

110 569 355 645 “‘m‘iat
386 569 588 629 dicens
640 595 655 630 :
708 581 849 647 Quia
886 585 979 636 etsi
1015 586 1128 652 quis
1168 586 1475 651 peccaverit,
1507 586 1717 637 adt'ora-
1826 588 2014 652 reperi.
2052 585 2232 655 Itaque
2258 588 2337 640 vel
2368 604 2430 641 ex
2465 591 2629 659 ipsius
2657 593 2817 645 dictis
2848 569 3191 662 tale—aliquid
3213 569 3354 648 con-

146 689 241 726 ιιιιι
289 659 542 718 habemus
573 673 728 736 apud
767 671 975 726 Patrem
1009 673 1187 726 Iesum
1211 674 1471 728 Christum
1491 666 1715 742 justum,

174 769 217 811 et
265 758 368 821 ipse
424 764 502 807 est
554 764 925 825 re‘pmpitiatio
972 779 1063 821 pro
1090 765 1310 828 peccatis
1352 769 1539 817 nostris
1576 765 1640 816 ⁸⁸.
1694 782 1713 816 ι

177 850 290 913 Quae
313 861 424 899 non
446 846 610 900 aliter
636 864 771 903 sane
797 867 953 919 quam
982 853 1047 903 de
1078 853 1292 906 Christo
1316 865 1532 922 possunt
1559 854 1717 907 intel-

171 939 273 1006 ligi.
304 935 511 992 Merito
538 953 671 1007 ergo
700 943 791 996 hic
818 955 1122 998 accusatum
1159 961 1188 999 a
1228 946 1495 1000 Bernardo
1533 946 1718 1013 Orige-

166 1042 277 1081 nem
313 1029 551 1081 candide
583 1027 872 1088 fateamur.

230 1116 407 1171 XXX.
433 1119 738 1174 Videndum
771 1137 909 1175 nunc
934 1132 1013 1177 est
1034 1139 1099 1177 an
1131 1124 1327 1178 Christi
1358 1140 1573 1194 regnum
1599 1132 1718 1193 post

154 1208 632 1263 resurrectionem
662 1210 957 1265 desiturum
984 1214 1230 1266 senserit.
1273 1214 1326 1267 id
1358 1215 1565 1283 quidem
1609 1215 1719 1268 cri-

154 1297 282 1352 mini
353 1298 457 1350 dat
529 1298 633 1365 ipsi
710 1298 1034 1370 Theophilus
1112 1300 1499 1355 Alexandrinus
1567 1305 1714 1369 epist.

151 1387 354 1440 Pasch.
410 1386 475 1449 ‘2,
532 1389 628 1441 dat
680 1398 734 1442 et
788 1390 1112 1457 Epiphanius
1173 1390 1223 1443 in
1280 1391 1717 1457 Arraceplralwosi.

146 1477 501 1544 Augustinus
546 1480 600 1530 in
654 1477 793 1532 libro
830 1492 1010 1532 contra
1055 1479 1483 1534 Priscillianistas
1518 1493 1561 1533 et
1598 1480 1719 1535 Ori-

143 1572 387 1639 genistas
418 1570 691 1638 idipsum,
726 1580 784 1622 ut
824 1571 891 1622 ab
921 1570 1239 1639 Origenistis
1286 1581 1573 1633 assertum,
1621 1571 1719 1623 im-

140 1672 355 1732 pugnat
391 1678 520 1731 cap.
562 1662 614 1715 7.
652 1664 806 1729 Quod
834 1679 954 1717 cum
997 1665 1047 1716 in
1075 1663 1481 1717 Commonitorio
1522 1664 1716 1727 Orosii,

142 1754 225 1806 cui
270 1755 388 1807 hoc
431 1752 619 1806 libello
672 1754 958 1822 respondet
1006 1754 1361 1819 Augustinus,
1399 1754 1535 1807 inter
1584 1754 1719 1808 alias

1822 676 1968 742 sequi
1999 676 2343 729 crediderunt
2371 676 2482 739 eius
2512 681 2825 738 adversarii.
2867 681 2950 734 vel
2986 682 3038 734 in
3074 685 3138 735 iis
3174 696 3358 737 exsta-

1822 766 1913 819 bat
1936 765 2183 831 operibus
2208 781 2327 833 qua:
2372 777 2632 820 vetustate
2664 770 2859 822 abolita
2896 780 3037 824 sunt.
3090 772 3356 837 Qut-mad-

1822 854 2032 906 modum
2071 864 2251 908 autem
2288 854 2462 908 nullus
2493 857 2721 922 suppetit
2752 858 2994 926 Origenis
3015 860 3186 924 locus,
3213 862 3354 915 tinus

1821 944 2148 997 accusationi
2211 945 2334 998 huic
2375 945 2504 998 fides
2553 946 2664 999 ﬁeri
2720 950 2917 1013 possit;
2952 950 3022 1002 ita
3077 954 3163 1005 vix
3214 954 3354 1007 ullus

1821 1042 2026 1094 exstat,
2056 1035 2196 1087 unde
2229 1033 2383 1087 facile
2417 1034 2544 1087 dilui
2585 1034 2673 1087 illa
2713 1038 2898 1104 possit.
2932 1038 3190 1093 Nonnulla
3236 1042 3357 1109 qui-

1822 1122 1939 1174 dem
1970 1123 2142 1191 coegit
2186 1121 2493 1186 ilalioxius,
2531 1123 2622 1178 sed
2677 1124 2885 1177 intirrna
2927 1138 2979 1179 et
3006 1129 3171 1193 levia,
3205 1138 3260 1183 et
3286 1132 3351 1183 ad

1824 1226 1932 1263 rem
1957 1225 2143 1277 parum
2172 1212 2432 1279 apposita,
2464 1212 2634 1279 qualis
2666 1222 2745 1265 est
2770 1216 3023 1267 solemnis
3051 1216 3135 1268 illa
3178 1219 3351 1271 homi-

1822 1298 2010 1352 liarum
2034 1300 2276 1369 Origenis
2300 1300 2539 1353 clausula
2574 1315 2589 1352 :
2628 1319 2646 1351 t
2690 1302 2914 1355 Domino
2947 1302 3071 1357 Jesu
3115 1304 3352 1371 Christo,

1820 1388 1903 1441 cui
1931 1398 2012 1443 est
2037 1389 2199 1458 gloria
2222 1399 2277 1443 et
2305 1390 2584 1457 imperium
2631 1392 2679 1445 in
2725 1393 2916 1446 saecula
2954 1394 3290 1447 saeculorum.
3329 1414 3350 1447 s

1823 1476 2122 1546 Scripserat
2150 1480 2290 1533 enim
2319 1479 2503 1533 Graece
2540 1478 2795 1547 Origenes
2830 1499 2843 1534 :
2879 1484 2971 1544 Εἰς
3001 1483 3123 1545 τοὺς
3157 1483 3356 1546 αἰῶνας

1820 1565 1927 1616 τῶν
1952 1564 2185 1619 αἰώνων·
2212 1575 2266 1618 al
2292 1567 2506 1621 vocibus
2546 1569 2650 1620 illis
2679 1584 2780 1622 non
2809 1586 2965 1622 unam
3005 1586 3122 1624 esse
3153 1572 3325 1640 signili
3349 1603 3359 1613 -

1822 1654 2083 1707 rationem
2105 1693 2117 1712 .
2150 1668 2243 1708 nec
2274 1669 2483 1721 semper
2519 1658 2871 1710 sterilitatem
2922 1658 3025 1711 line
3081 1670 3351 1712 carentem

1824 1748 1994 1800 notari
2025 1747 2158 1801 infra
2193 1748 2557 1815 probabimus.

140 1844 421 1896 adversus
439 1842 1203 1911 Origenistascriminationes
1226 1844 1379 1897 hodie
1406 1853 1717 1905 nonesstet,
1752 1840 1793 1893 Β
1891 1839 1967 1891 Ac
2003 1837 2323 1905 Theophilus
2357 1839 2571 1905 quidem
2607 1840 2817 1893 nescire
2860 1855 2918 1893 se
2946 1841 3074 1894 dicit
3106 1841 3247 1896 unde
3274 1842 3357 1893 in-

140 1931 327 1999 :liqua
361 1931 452 1983 sui
485 1940 646 1997 parte
689 1932 966 1983 multatum
1006 1947 1122 1986 esse
1166 1932 1506 2000 coniecerim.
1550 1932 1716 1987 Justi-

136 2020 346 2073 manus
379 2033 609 2088 quoque
644 2018 694 2071 ia
759 2020 983 2088 epistola
1032 2025 1096 2074 ad
1152 2024 1392 2090 quintam
1437 2023 1715 2091 synodum,

135 2123 304 2176 quam
344 2108 526 2162 refert
554 2108 867 2171 Cedrenns,
912 2109 1208 2164 futurarum
1258 2127 1435 2165 rerum
1482 2113 1716 2164 omnimn

138 2201 608 2253 ἀποκατάστασιν
634 2196 953 2267 Origenistis
992 2200 1280 2268 objiciens,
1332 2200 1578 2253 arbitrari
1627 2215 1718 2254 eos

138 2292 238 2349 sit,
271 2290 399 2343 fore
435 2298 500 2341 ut
530 2288 679 2355 impii
718 2288 942 2356 quilibet
982 2304 1103 2342 cum
1160 2290 1264 2341 Deo
1307 2288 1715 2357 coniungantur,

134 2380 333 2433 eodem
369 2380 540 2431 modo
571 2393 681 2445 quo
708 2378 827 2445 ipsi
868 2376 1204 2446 coniungitur
1243 2378 1514 2441 Christus,
1553 2379 1622 2432 ita
1661 2388 1718 2431 ut

136 2470 293 2533 prius
324 2466 616 2534 coniuncti
649 2476 829 2525 erant,
872 2467 959 2528 Ὠς
994 2467 1257 2535 μηδεμίαν
1296 2463 1431 2518 εἷναι
1463 2467 1717 2537 διαφορὰν

137 2554 215 2623 τῷ
267 2553 511 2625 Χριστῷ
556 2554 693 2623 πρὸς
725 2553 791 2605 τὰ
826 2553 985 2605 λοιπὰ
1021 2554 1210 2621 λογικὰ
1252 2555 1552 2618 παντελῶς,
1596 2555 1716 2608 οὔτε

138 2647 203 2715 τῇ
238 2645 438 2713 οὐσίᾳ,
466 2642 593 2695 οὔτε
614 2646 680 2712 τῇ
712 2641 940 2709 γνώσει,
967 2641 1087 2695 οὔτε
1120 2646 1183 2713 τῇ
1217 2643 1471 2713 δυνάμει,
1505 2642 1624 2696 οὔτε
1649 2647 1716 2714 τῇ

133 2734 429 2803 ἐνεργείᾳ.
465 2751 485 2782 ι
522 2734 675 2785 Adeo
704 2732 926 2786 utnulla
959 2747 1015 2785 re
1042 2732 1249 2785 dillerat
1275 2733 1518 2787 Christus
1558 2749 1586 2785 a
1629 2750 1715 2788 re-

134 2823 307 2889 liquis
341 2821 567 2873 ratione
614 2820 885 2887 praeditis,
939 2833 1110 2888 neque
1162 2820 1498 2886 substantia,
1550 2835 1718 2890 neque

134 2912 513 2979 cognitione,
569 2923 746 2977 neque
806 2910 1042 2976 virtute,
1093 2924 1263 2977 neque
1323 2912 1653 2979 operatione.
1692 2930 1710 2964 ι

135 2998 368 3052 iactant
398 2999 508 3052 hoc
538 2998 682 3051 idem
715 2998 972 3051 adversus
997 2997 1281 3065 Origenem
1310 3010 1362 3053 et
1388 2999 1718 3069 Origenistas

135 3089 509 3157 Sophronius
546 3087 1067 3157 llierosolymitanus
1094 3089 1374 3158 episcOpus
1400 3090 1451 3143 in
1497 3090 1714 3157 epistola

1816 1927 2023 1978 saniam
2072 1928 2327 1995 ejusmodi
2366 1927 2621 1997 Origenes
2666 1928 2925 1983 hauserit.
2955 1930 3065 1999 Ego
3112 1947 3240 1985 vero
3292 1934 3355 1986 li-

1815 2017 1977 2083 qnido
2017 2015 2199 2081 iurare
2242 2032 2456 2084 possunt
2508 2018 2619 2071 hzec
2654 2018 2892 2086 Apostuli
2937 2034 3055 2088 qua!
3106 2021 3354 2089 leguntur

1815 2104 1981 2157 lCor.
2012 2122 2098 2167 xv,
2122 2105 2190 2158 ει
2233 2116 2289 2159 et
2340 2122 2477 2174 seq.,
2532 2123 2804 2176 perperam
2849 2120 3099 2177 accepta,
3134 2126 3351 2163 causam

1815 2194 2029 2261 Origeni
2065 2197 2261 2249 erroris
2290 2198 2448 2264 huius
2485 2199 2713 2263 dedisse,
2748 2201 2791 2253 si
2827 2201 2981 2253 modo
3008 2201 3054 2253 ei
3091 2201 3351 2263 adhaesit;

1816 2300 1938 2338 nam
1967 2295 2020 2338 et
2057 2286 2108 2339 in
2132 2288 2374 2341 eamdem
2421 2289 2541 2341 inde
2589 2291 2907 2343 sententiam
2959 2292 3172 2359 impulsi
3226 2302 3356 2345 sunt

1816 2376 2124 2439 Marcellus,
2177 2387 2228 2431 et
2264 2378 2533 2447 popularis
2569 2379 2682 2445 eius
2708 2380 3000 2443 Phorinus;
3033 2392 3087 2435 et
3128 2382 3352 2436 alterius

1814 2481 2024 2533 quoque
2055 2466 2385 2536 conliugeudi
2423 2470 2685 2538 dogmatis
2730 2472 2797 2525 ab
2828 2471 3075 2525 Ecclesia:
3121 2472 3353 2526 decretis

1815 2552 2000 2606 absoni
2054 2567 2269 2607 causam
2342 2553 2463 2606 inde
2524 2555 2779 2625 Origenes
2809 2558 3054 2624 arripuit,
3082 2564 3140 2609 ut
3182 2557 3234 2609 in
3270 2570 3355 2609 se-

1815 2643 2099 2711 quentibus
2127 2645 2548 2698 observabimus.
2574 2645 2766 2699 Verum
2794 2647 2989 2699 frustra
3024 2646 3074 2698 id
3114 2646 3277 2711 queri
3322 2660 3351 2698 a

1817 2731 2005 2792 nobis,
2056 2741 2109 2783 et
2161 2731 2294 2784 labis
2334 2732 2489 2798 huius
2536 2744 2808 2801 expertem
2851 2732 3016 2787 fuisse
3068 2730 3350 2798 Origenetu

1815 2818 2077 2885 coniicere
2120 2835 2394 2888 possumus
2427 2835 2493 2875 ex
2539 2822 2719 2891 Cyrilli
2754 2821 3216 2890 llierosolymitaui
3260 2834 3352 2872 ca-

1818 2909 2015 2962 techesi
2054 2924 2152 2972 xv,
2180 2910 2269 2977 qui
2300 2909 2542 2963 hmresim
2582 2912 2723 2964 illam
2765 2912 2815 2963 in
2851 2909 3104 2964 Marcello
3136 2917 3189 2962 et
3217 2905 3357 2963 Pho-

1820 3000 1928 3052 tiuo
1968 2999 2228 3053 ulciscens
2256 3014 2441 3053 recens
2476 3001 2623 3053 illam
2658 3011 2900 3054 exortam
2930 3001 3077 3063 dicit,
3105 3001 3353 3071 πρπσφά-

1816 3106 1920 3150 τως
1956 3089 2299 3156 ἀναφυεῖσαν,
2328 3090 2467 3157 quod
2514 3090 2695 3157 utique
2730 3104 2832 3142 non
2876 3089 3132 3153 dixisset,
3178 3093 3220 3145 si
3244 3090 3353 3156 iam

138 3182 203 3234 ad
239 3181 513 3249 Sergium
560 3180 924 3248 patriarcham
956 3179 1636 3247 Constantinopolitanum,
1663 3188 1717 3232 et
1744 3160 1785 3217 (ἶ
1820 3178 1942 3230 inde
2002 3177 2190 3232 fuisset
2243 3180 2310 3232 ab
2358 3178 2606 3246 Origenis
2666 3178 2995 3247 temporibus
3040 3189 3353 3249 propagata.

137 3286 466 3341 anonymus
520 3270 611 3323 ille
668 3268 843 3322 Photii
892 3271 1010 3322 cod.
1050 3284 1211 3329 cxvn,
1253 3280 1306 3321 et
1340 3268 1569 3322 Joannes
1616 3268 1717 3320 Da-

135 3374 445 3415 mascenus
476 3360 529 3412 in
562 3358 659 3413 lib.
693 3359 766 3411 De
798 3360 980 3414 hwres.
1006 3398 1021 3421 ,
1054 3369 1107 3411 et
1147 3358 1381 3413 Zonaras
1422 3359 1511 3412 lib.
1542 3373 1579 3411 ιι
1620 3360 1719 3412 Hi-

133 3460 300 3515 stor.,
330 3460 392 3505 et
432 3448 618 3503 Guido
640 3447 955 3511 Carmelita,
983 3448 1032 3500 in
1065 3447 1716 3517 llreresiOrigenistarum.

209 3543 367 3596 Idem
433 3539 542 3592 fuit
595 3550 721 3607 post
780 3537 1062 3604 Origeuem
1138 3536 1370 3590 Marcelli
1429 3538 1716 3606 Anryrani,

132 3632 379 3700 eiusque
406 3628 669 3697 discipuli
718 3626 930 3680 Photini
973 3641 1152 3687 error;
1198 3627 1283 3693 qui
1326 3636 1381 3678 ut
1424 3628 1719 3681 humanita-

134 3731 253 3773 tem
292 3720 557 3773 relictum
588 3733 615 3767 a
642 3716 857 3768 Christo
883 3729 943 3767 ac
969 3715 1264 3782 depositum
1293 3714 1382 3777 iri,
1408 3730 1469 3767 ac
1498 3731 1719 3781 regnum

132 3808 389 3875 proinde
420 3805 576 3876 quod
612 3804 678 3855 ad
714 3803 982 3857 Christum
1027 3818 1131 3871 qua
1168 3802 1324 3853 homo
1360 3811 1442 3855 est
1470 3803 1716 3869 pertinet,

129 3897 547 3950 dimittendum
590 3894 661 3948 ab
710 3908 775 3946 eo
822 3892 1158 3954 sentiebant;
1203 3891 1273 3943 ita
1312 3889 1565 3958 Origeui,
1607 3900 1725 3959 post

132 3988 481 4040 attributam
530 3984 848 4038 deserenda:
887 3982 1013 4036 olim
1049 3996 1078 4032 τι
1118 3979 1331 4034 Christo
1371 3980 1551 4033 carnis
1604 3995 1724 4033 sen-

130 4077 407 4138 tentiam,
440 4082 504 4127 ut
537 4087 704 4141 supra
734 4073 988 4133 diximus,
1019 4084 1158 4123 nunc
1192 4070 1358 4123 altera
1391 4084 1601 4137 quoque
1648 4068 1717 4120 illi

131 4166 527 4227 consectaria,
555 4161 841 4230 abiiciendi
894 4159 1178 4227 aliquando
1221 4158 1287 4211 ab
1325 4161 1506 4212 eodem
1554 4160 1719 4226 regni,

128 4256 483 4309 ascribitur.
556 4251 877 4318 Quanquam
922 4247 1160 4300 nonnihil
1206 4248 1483 4315 utriusque
1522 4247 1722 4300 discre-

130 4355 242 4414 pat
305 4357 518 4407 causa;
577 4356 700 4393 nam
752 4340 895 4408 regia
947 4345 1208 4406 potestate
1261 4337 1574 4390 humanitati
1615 4353 1723 4390 suae

129 4436 453 4505 coniuncta
494 4441 719 4485 exutum
765 4431 828 4483 iri
882 4429 1153 4482 Christum
1196 4427 1458 4481 sentiebat
1494 4426 1716 4480 Marcel-

129 4526 269 4589 lus;
300 4526 603 4593 Origenem
635 4534 765 4573 vero
812 4532 1067 4586 regnum,
1118 4532 1224 4585 quo
1277 4524 1531 4582 tanquam
1585 4516 1721 4569 Deus

124 4617 413 4687 potitur,
470 4611 850 4665 abdicaturum
896 4622 1015 4660 eum
1075 4605 1349 4661 censuisse
1402 4604 1723 4672 Theophilus

127 4706 414 4765 credidit,
446 4698 902 4769 quemadmodum
928 4712 991 4750 ex
1012 4694 1125 4762 ejus
1147 4693 1510 4748 confutatione
1539 4695 1719 4762 Lquet,

127 4796 192 4847 in
232 4808 350 4861 qua
381 4789 571 4843 Patris
593 4794 648 4840 et
674 4786 793 4838 Filii
829 4786 1084 4838 unitatem
1110 4784 1320 4851 prohat.
1339 4780 1450 4846 Qua
1476 4796 1721 4849 qutcnam

128 4883 407 4936 atrocior
445 4877 728 4931 accusatio
763 4873 965 4928 intendi
993 4872 1197 4941 potest?
1220 4872 1277 4925 Si
1308 4881 1523 4939 putasse
1548 4872 1718 4923 dixis-

125 4983 233 5028 set
268 4972 575 5040 Origeuem
608 4968 757 5036 regio
783 4964 1079 5026 dominatu,
1108 4978 1216 5031 quo
1244 4960 1438 5015 Citriin
1474 4960 1723 5013 humani-

131 5078 237 5117 tas
280 5062 518 5131 praedita
546 5069 663 5119 est,
692 5056 957 5125 privatum
1009 5054 1073 5107 iri
1106 5061 1224 5121 post
1272 5052 1721 5105 resurrectionem

124 5155 489 5213 Christum;
536 5147 810 5214 aliquibus
850 5145 1080 5198 fortasse
1138 5139 1457 5212 argumentis
1500 5154 1724 5193 accusa-

128 5247 372 5298 tionem
455 5253 615 5293 suam
673 5246 938 5305 utcunque
988 5236 1378 5292 confirmasset;
1426 5243 1520 5290 eo,
1572 5239 1722 5297 puta,

124 5334 307 5400 quod
353 5344 427 5383 ex
478 5327 653 5379 aliicta
704 5324 918 5393 Origeni
948 5323 1211 5379 sententia
1256 5318 1477 5387 depositi
1524 5318 1579 5371 in
1610 5319 1724 5373 sole

128 5426 380 5483 Christi
418 5418 672 5486 corporis
698 5426 751 5471 et
776 5416 1117 5471 humanitatis
1148 5413 1247 5481 peti
1275 5417 1496 5477 poterat.

230 5515 451 5570 Verum
486 5504 994 5574 inOrigenianarum
1027 5498 1439 5555 lucubrationum
1470 5497 1720 5566 reliquiis

227 5690 289 5726 ⁸⁸
321 5690 339 5744 ι
374 5687 538 5741 Joan.
576 5696 638 5747 ιι,
676 5681 724 5742 l,
751 5681 797 5735 ‘2.

1819 3267 2096 3336 Reliquam
2125 3270 2381 3323 adversus
2429 3268 2478 3321 id
2524 3279 2881 3323 commentum
2918 3269 3196 3336 TheOphili
3244 3270 3355 3323 dis-

1818 3356 2157 3409 sertatiouem
2182 3357 2551 3424 praetermitto,
2576 3371 2693 3424 qua:
2716 3358 3012 3410 maledictis
3033 3368 3237 3410 tantum
3259 3373 3357 3424 pu-

1820 3453 1971 3510 gnat,
1987 3458 2083 3497 nec
2098 3445 2379 3512 quidquam
2395 3446 2595 3512 profert
2607 3447 2743 3496 seria
2764 3449 3102 3514 responsione
3120 3445 3355 3515 dignum.

2360 3532 2679 3599 QUIESTIO
2718 3533 2803 3587 tv.

2228 3640 2291 3678 DF.
2320 3640 2486 3677 ΒΕΑΤΛ
2517 3640 2679 3676 IARIA
2709 3639 2942 3678 VIRGINB.

1820 3711 1859 3765 1.
1887 3715 2072 3768 Utrum
2099 3714 2359 3768 Christum
2384 3727 2426 3765 et
2452 3716 2651 3764 beatam
2692 3714 2925 3781 Mariam,
2950 3712 3205 3780 Virginem
3234 3731 3361 3781 pur-

1888 3784 2094 3852 gatione
2114 3795 2223 3852 post
2262 3796 2466 3852 partum
2489 3797 2612 3848 Opus
2645 3784 2880 3834 habuisse
2900 3780 3162 3852 Origenes
3188 3785 3361 3834 existi-

1888 3848 2121 3903 inaverit.
2167 3848 2229 3901 ll.
2278 3850 2463 3901 Utrum
2507 3853 2790 3902 clausrrum
2852 3850 3164 3916 virginitatis
3199 3853 3361 3905 beatae.

1894 3919 2079 3970 Maria:
2116 3921 2167 3969 in
2191 3932 2343 3983 partu
2367 3929 2645 3969 reseratum
2667 3920 2903 3983 opinatus
2940 3929 3026 3968 stt.
3054 3918 3137 3969 ΙΙΙ.
3174 3916 3359 3970 Utrum

1890 3987 2089 4038 beatam
2111 3984 2337 4036 Mariam
2359 3986 2580 4046 peccatis
2622 3984 2897 4037 obnoxiam
2919 3988 3198 4051 putaverit.

1888 4073 1929 4127 l.
1953 4071 2256 4135 Geminam,
2283 4085 2450 4139 eoque
2484 4072 2745 4138 amplius,
2774 4072 2927 4123 unica
2960 4071 3204 4134 humilia,
3236 4087 3354 4139 quae

1823 4175 2043 4215 numero
2085 4161 2286 4213 decima
2335 4168 2523 4226 quarta
2569 4168 2653 4211 est
2696 4159 2749 4211 in
2788 4158 3014 4221 Lucam,
3070 4162 3357 4228 ιἰιριιειωιι-

1821 4251 1979 4303 tlendi
2027 4250 2108 4302 sui
2152 4262 2364 4302 causam
2414 4248 2560 4301 dedit
2620 4247 2877 4316 Origenes
2919 4264 2933 4300 :
2968 4253 3197 4315 priorem
3240 4268 3358 4306 runt

1821 4341 2090 4395 Christum
2127 4340 2360 4393 asseruit
2396 4347 2450 4393 et
2481 4339 2698 4392 Mariam
2730 4339 3045 4407 purgatione
3083 4352 3205 4409 post
3239 4359 3359 4410 par-

1826 4438 1933 4481 tum
1954 4442 2088 4496 Opus
2121 4427 2400 4490 habuisse;
2430 4426 2686 4490 alteram,
2736 4441 2857 4479 cum
2904 4436 3145 4495 apertum
3196 4430 3361 4484 fuisse

1824 4519 2117 4570 claustrum
2154 4516 2471 4585 virginitatis
2505 4516 2674 4568 beata:
2697 4514 2874 4569 Marite
2902 4517 2953 4569 in
2984 4529 3135 4586 partu
3158 4519 3357 4573 docuit.

1825 4606 2120 4675 Utrumque
2144 4621 2239 4660 suo
2262 4606 2448 4658 ordine
2473 4605 2874 4669 reutilabimus;
2904 4616 2959 4660 et
2980 4624 3119 4663 nunc
3148 4610 3357 4676 quidem

1822 4696 1889 4749 de
1916 4697 2109 4764 priore.
2146 4693 2423 4762 Origenes,
2479 4692 2636 4747 Lacte
2681 4704 2838 4763 caput
2889 4710 2924 4747 ιι
2975 4698 3355 4767 interpretans,

1822 4786 1875 4838 in
1916 4786 2028 4839 lucc
2083 4786 2241 4838 verba
2282 4798 2469 4836 versus
2506 4782 2574 4834 ‘22
2613 4800 2625 4834 :
2660 4784 2763 4835 Kal
2822 4784 2919 4836 ὅτε
2963 4786 3361 4855 ἐπλήσθησαν

1822 4880 1878 4929 ai
1905 4874 2110 4942 ἡμέραι
2138 4873 2241 4927 τοῦ
2283 4872 2643 4940 καθαρισμοῦ
2671 4871 2900 4935 αὐτῶν,
2936 4876 3082 4929 κατὰ
3122 4876 3227 4928 τὸν
3264 4878 3361 4929 νό-

1819 4982 1938 5034 μον
1956 4963 2264 5027 Μωῢσέως,
2289 4964 2365 5016 sic
2390 4971 2601 5029 perorat
2626 4976 2638 5011 :
2671 4979 2689 5011 ι
2718 4959 2940 5029 Propter
2970 4967 3357 5031 purgationem,

1823 5054 2017 5122 inquit,
2053 5068 2255 5107 eorum.
2281 5053 2539 5117 Quorum,
2582 5049 2802 5103 eorum?
2844 5049 2899 5101 Si
2974 5051 3230 5118 scriptum
3269 5066 3358 5104 es-

1822 5154 1904 5199 set
1945 5152 2164 5213 propter
2194 5142 2567 5211 purgationem
2597 5138 2759 5207 eins,
2784 5140 2835 5190 id
2876 5149 2992 5198 est.
3034 5140 3213 5194 Maria:
3243 5156 3361 5206 qua:

1823 5243 2131 5303 pepererat,
2164 5230 2298 5284 nihil
2349 5230 2661 5298 quaestionis
2702 5228 2956 5290 oriretur,
3002 5238 3058 5279 et
3107 5230 3363 5280 audacter

1824 5323 2121 5376 diceremus
2151 5318 2395 5383 Mariam,
2424 5333 2543 5387 quae
2564 5319 2727 5373 homo
2749 5326 2891 5379 erat,
2925 5319 3243 5382 purgatione
3278 5316 3364 5368 in-

1821 5412 2057 5480 diguisse
2100 5420 2222 5477 pass
2265 5419 2498 5477 partum.
2550 5406 2703 5460 Nunc
2750 5418 2879 5459 vero
2911 5405 2962 5457 in
2997 5418 3063 5457 eo
3091 5403 3235 5471 quod
3268 5404 3367 5466 ait,

1821 5502 1936 5556 dies
1957 5498 2288 5571 purgationis
2315 5513 2540 5565 eorum,
2576 5512 2679 5554 non
2708 5495 2921 5553 videtur
2960 5508 3119 5547 unum
3164 5493 3367 5561 signiti-
