3894 6434
119 383 213 438 857

988 381 1543 438 OfllGENIANORUII
1583 383 1706 437 LIB.
1743 384 1805 447 ll,
1844 384 1993 439 CAP.
2037 384 2099 448 ll,
2140 386 2407 451 QUIEST.
2443 390 2531 443 II.

3254 397 3355 451 858

110 480 567 578 ap"&Al’atrem,
596 494 1010 554 sicutJnannes
1060 512 1347 572 syntmysla
1394 503 1558 570 ipsius
1604 517 1723 569 pro-
1754 508 1798 563 Α
1828 503 2106 556 manifesta
2155 504 2463 560 alterutrins
2512 508 2778 561 hmreseos
2826 506 3044 578 vestigia
3094 526 3352 578 nusquam

108 573 359 651 “’M‘iat
391 577 591 637 dicens
643 602 658 637 :
712 588 851 654 Quia
888 592 980 643 etsi
1017 593 1130 659 quis
1170 593 1477 657 peccaverit,
1509 594 1719 645 aduoca-

142 695 245 733 tum
293 667 545 725 habemus
576 680 731 744 apud
768 679 977 733 Patrem
1011 680 1190 734 Iesum
1212 681 1473 735 Christum
1493 674 1717 749 justum,

168 775 214 817 et
268 770 372 829 ipse
428 772 505 815 est
557 771 927 833 repmpitiatio
974 786 1065 829 pro
1092 773 1312 835 peccatis
1354 777 1541 825 nostris
1578 772 1642 823 ".
1696 789 1716 823 ι

171 857 294 920 Quae
318 869 426 907 non
449 854 613 908 aliter
639 872 774 911 sane
800 875 955 927 quam
985 860 1048 911 de
1080 860 1294 914 Christo
1318 872 1534 929 possunt
1561 862 1719 915 intel-

167 946 277 1013 ligi.
308 943 514 1001 Merito
542 961 674 1014 ergo
703 951 793 1004 hic
820 962 1125 1006 accusatum
1161 968 1190 1006 a
1230 953 1497 1007 Bernardo
1536 954 1720 1021 Orige-

162 1050 281 1088 nem
317 1036 554 1089 candide
586 1035 874 1095 fateamur.

231 1124 409 1178 XXX.
436 1127 740 1181 Videndum
772 1145 911 1183 nunc
936 1140 1015 1185 est
1037 1147 1102 1184 an
1134 1132 1329 1186 Christi
1360 1148 1576 1201 regnum
1601 1140 1721 1200 post

151 1216 635 1270 resurrectionem
665 1217 959 1272 desiturum
986 1222 1233 1274 senserit.
1276 1221 1329 1274 Id
1360 1223 1567 1290 quidem
1612 1222 1721 1276 cri-

153 1305 286 1358 mini
355 1305 459 1358 dat
531 1306 636 1373 ipsi
713 1305 1036 1377 Theophilus
1115 1308 1502 1362 Alexandrinus
1570 1312 1717 1377 epist.

150 1394 357 1448 Pascit.
412 1394 477 1457 Ξ.
534 1396 631 1449 tlat
682 1405 737 1449 et
790 1397 1115 1465 Epiphanius
1176 1398 1226 1450 in
1282 1398 1720 1465 Anacepltalwosi.

145 1485 503 1552 Augustinus
548 1488 603 1538 in
658 1484 795 1540 libro
832 1499 1013 1540 contra
1057 1486 1486 1542 Priscillianistas
1520 1500 1564 1541 et
1600 1488 1721 1542 Ori-

142 1580 390 1647 gent'stas
419 1578 694 1645 idipsum,
729 1588 787 1630 ut
828 1579 893 1630 ab
924 1577 1242 1647 Origeuistis
1289 1589 1576 1640 assertum,
1624 1579 1721 1630 im-

138 1680 356 1740 pugnat
393 1686 523 1739 cap.
565 1670 617 1723 7.
655 1671 810 1737 Quod
837 1686 957 1725 cum
1000 1672 1050 1724 in
1078 1670 1484 1724 Commonitorio
1524 1672 1718 1734 Orosii,

141 1762 228 1814 cui
275 1763 390 1815 hoc
434 1760 622 1813 lihello
677 1761 961 1830 respondet
1009 1762 1364 1828 Augustinus,
1401 1761 1538 1814 inter
1573 1761 1721 1815 ‘alias

1828 594 2016 659 reperi.
2054 592 2235 662 Itaque
2260 595 2339 647 vel
2371 611 2431 647 ex
2467 598 2631 666 ipsius
2659 599 2819 652 dictis
2851 599 2956 653 tale
2994 601 3193 669 aliquid
3222 618 3355 655 cou-

1825 683 1970 749 seqni
2001 683 2345 735 crediderunt
2373 683 2484 746 ejus
2514 687 2827 745 adversarii.
2869 688 2952 740 vel
2989 688 3039 741 in
3076 692 3139 742 iis
3176 702 3359 744 exsta-

1824 773 1915 826 bat
1938 772 2185 839 operibus
2210 788 2329 840 qua:
2374 783 2634 827 vetustate
2666 777 2861 828 abolita
2898 787 3039 831 sunt.
3092 779 3358 844 Qut-mad-

1825 862 2034 913 modum
2073 870 2253 915 autem
2290 861 2464 915 nullus
2495 864 2723 929 suppetit
2754 865 2997 933 Origenis
3017 866 3188 930 locus,
3215 869 3356 921 unde

1824 951 2150 1004 accusationi
2214 952 2337 1005 huic
2378 951 2506 1005 fides
2556 953 2666 1005 fieri
2722 957 2919 1020 possit;
2954 956 3023 1009 ita
3080 961 3165 1012 vix
3216 960 3355 1013 ullus

1823 1048 2029 1101 exstat,
2058 1042 2198 1095 unde
2231 1040 2384 1094 facile
2420 1041 2546 1094 dilui
2588 1041 2675 1094 illa
2715 1045 2900 1110 possit.
2934 1045 3192 1099 Nonnulla
3239 1048 3359 1116 qui-

1824 1129 1941 1181 dem
1972 1130 2144 1197 coegit
2188 1128 2494 1193 llallosius,
2534 1130 2624 1185 sed
2679 1131 2886 1183 inlirtna
2930 1144 2981 1185 et
3009 1135 3174 1199 levia,
3207 1145 3263 1189 et
3288 1139 3354 1189 ad

1826 1232 1934 1270 rem
1959 1232 2145 1284 parum
2175 1219 2435 1287 apposita,
2466 1219 2637 1286 qualis
2668 1228 2748 1272 est
2772 1222 3026 1274 solemnis
3054 1223 3137 1275 illa
3181 1225 3353 1277 homi-

1825 1305 2013 1359 liarum
2036 1307 2278 1376 Origenis
2302 1307 2541 1361 clausula
2576 1322 2591 1359 :
2630 1326 2648 1358 ι
2692 1309 2917 1362 Domino
2950 1309 3073 1363 Jesu
3118 1311 3355 1378 Christo,

1823 1395 1906 1448 cui
1933 1406 2014 1450 est
2039 1396 2202 1465 gloria
2225 1406 2279 1450 et
2308 1397 2586 1464 imperium
2633 1398 2682 1451 in
2728 1400 2918 1452 sarcula
2957 1400 3292 1454 steculorum.
3330 1420 3352 1453 ο

1826 1484 2124 1553 Scripserat
2153 1487 2293 1540 enim
2321 1486 2505 1540 Graec
2543 1485 2797 1553 Origenes
2833 1506 2846 1541 :
2881 1490 2973 1551 Εἰς
3003 1490 3125 1551 τοὺς
3159 1489 3359 1552 αἰῶνας

1822 1572 1929 1623 τῶν
1954 1571 2187 1625 αἰώνωνο
2215 1582 2269 1625 at
2294 1574 2508 1628 vocibus
2549 1576 2653 1627 illis
2682 1591 2782 1629 non
2811 1592 2967 1628 unam
3007 1593 3124 1631 esse
3156 1578 3360 1647 signiti-

1824 1661 2085 1714 sationem
2107 1700 2119 1719 ,
2152 1675 2245 1715 nec
2276 1676 2486 1729 semper
2522 1665 2874 1716 atterttitatem
2924 1665 3027 1718 line
3084 1677 3353 1719 carentem

1826 1754 1997 1807 notari
2028 1754 2161 1808 infra
2196 1756 2559 1822 probabimus.

140 1852 423 1904 adversus
440 1850 786 1918 Origenistas
802 1851 1207 1905 criminationes
1228 1852 1382 1904 hodie
1409 1860 1719 1912 nonexstet,
1755 1847 1796 1900 Β
1894 1846 1970 1898 Ac
2006 1844 2325 1912 TheOphilus
2359 1847 2573 1912 quidem
2610 1846 2819 1901 nescire
2862 1861 2920 1900 se
2949 1848 3077 1901 dicit
3109 1848 3249 1902 unde
3276 1848 3359 1900 in-

141 1939 331 2007 :liqua
363 1939 454 1991 sui
488 1948 649 2004 parte
692 1939 969 1991 multatum
1009 1954 1125 1993 esse
1169 1939 1509 2007 conjererim.
1552 1940 1718 1995 Justi-

138 2027 349 2081 nianus
381 2041 611 2095 quoque
646 2026 697 2079 in
762 2027 985 2096 epistola
1034 2032 1099 2082 ad
1154 2031 1394 2097 quintam
1439 2030 1717 2099 synodum,

34 2134 41 2145 τ
137 2131 307 2185 quam
346 2115 870 2179 refertCedrenus,
915 2117 1211 2172 Inturarum
1261 2134 1437 2172 rerum
1485 2121 1718 2171 omnium

140 2209 611 2261 ἀποκατάστασιν
636 2204 956 2275 Origenistis
995 2208 1283 2275 objiciens,
1334 2207 1580 2260 arbitrari
1629 2222 1721 2261 eos

140 2300 241 2357 ait.
275 2298 402 2350 fore
438 2306 503 2348 ut
533 2296 683 2363 impii
721 2296 944 2363 quilibet
985 2311 1105 2349 cum
1163 2297 1267 2349 Deo
1310 2295 1717 2364 conjungantur,

34 2402 41 2431 :
138 2388 336 2441 eodem
371 2387 543 2439 modo
574 2401 684 2453 quo
732 2386 830 2453 ipsi
872 2383 1207 2453 conjungitur
1246 2385 1517 2449 Christus,
1555 2386 1624 2439 ita
1664 2395 1721 2439 ut

139 2478 297 2541 prius
327 2474 619 2541 conjuncti
652 2483 832 2533 erant,
875 2474 962 2535 Ὠς
997 2474 1259 2543 μηδεμίαν
1299 2470 1434 2526 εἶναι
1466 2474 1720 2544 διαφορὰν

141 2562 220 2632 τῷ
271 2561 514 2633 Χριστῷ
560 2561 696 2631 πρὸς
728 2560 795 2612 τὰ
829 2561 988 2613 λοιπὰ
1024 2562 1213 2628 λογικὰ
1255 2562 1555 2625 παντελῶς,
1598 2562 1719 2615 οὔτε

142 2655 207 2723 τῇ
242 2653 441 2721 οὐσίᾳ,
468 2650 596 2702 οὔτε
618 2653 684 2719 τῇ
715 2648 942 2717 γνώσει,
970 2648 1090 2703 οὔτε
1122 2654 1186 2720 τῇ
1220 2650 1473 2720 δυνάμει,
1508 2650 1628 2703 οὔτε
1652 2654 1719 2721 τῇ

138 2742 432 2811 ἐνεργείᾳ.
467 2760 487 2790 ι
526 2741 678 2793 Adeo
708 2749 765 2793 ut
788 2740 929 2792 nulla
962 2754 1017 2792 re
1045 2739 1253 2793 differat
1278 2740 1521 2794 Christus
1561 2756 1589 2793 a
1632 2757 1717 2795 re-

140 2831 309 2897 liquis
343 2830 571 2881 ratione
618 2827 888 2895 praeditis,
942 2841 1112 2895 neque
1164 2827 1501 2894 substantia,
1553 2842 1722 2897 neque

140 2920 516 2987 cognitione,
572 2931 749 2985 neque
809 2918 1045 2983 virtute,
1096 2932 1266 2984 neque
1326 2919 1656 2987 operatione.
1695 2937 1713 2971 ι

141 3006 370 3060 lactant
401 3007 511 3060 hoc
541 3005 685 3058 idem
718 3006 975 3059 adversus
1000 3004 1284 3073 Origenem
1313 3018 1365 3060 et
1391 3006 1721 3077 Origenistas

36 3142 45 3145 η
141 3097 513 3165 Sophronius
549 3094 1070 3165 Hierosolymitauus
1097 3096 1377 3165 episcOpus
1403 3098 1455 3150 in
1500 3097 1717 3164 epistola

144 3190 208 3242 ad
244 3190 517 3257 Sergium
563 3188 926 3255 patriarchatn
958 3186 1601 3253 Constantinopolitanum
1624 3224 1639 3248 ,
1666 3195 1721 3239 et

142 3294 469 3349 auouyntns
523 3278 615 3330 ille
673 3276 846 3330 Photii
895 3279 1013 3330 cod.
1053 3291 1215 3336 CXVII,
1256 3287 1309 3329 et
1343 3275 1573 3329 Joannes
1620 3275 1721 3327 Da-

141 3382 448 3423 mascenus
479 3367 534 3420 in
565 3366 662 3420 lib.
697 3366 769 3419 De
801 3367 983 3421 ha-res.
1009 3406 1024 3429 ,
1057 3376 1110 3419 et
1150 3366 1385 3420 Zonaras
1425 3366 1514 3419 Iih.
1546 3380 1583 3418 tt
1624 3367 1721 3419 Hi-

139 3468 304 3523 δεον..
334 3468 395 3513 et
435 3456 622 3510 Guido
644 3455 958 3519 Carmelita,
986 3456 1035 3508 itt
1067 3454 1719 3524 IIteresiOrigenistnrum.

214 3551 370 3605 Idem
435 3547 546 3600 fuit
599 3558 724 3614 post
783 3544 1065 3612 Origeuem
1141 3544 1374 3597 Marcelli
1432 3545 1720 3613 Ant-yrani,

30 3702 35 3709 ἱ
137 3640 381 3708 eiusque
409 3636 673 3704 discipuli
722 3634 932 3687 Photini
976 3649 1156 3695 error;
1201 3634 1286 3700 qui
1329 3643 1385 3685 ut
1427 3635 1722 3687 humanita-

40 3770 45 3789 λ
140 3739 256 3781 tem
295 3728 559 3781 relictum
591 3741 619 3775 a
646 3724 860 3776 Christo
886 3737 946 3774 ac
972 3723 1267 3789 depositum
1296 3721 1386 3784 iri,
1412 3737 1472 3774 ac
1502 3738 1722 3789 regnum

137 3816 391 3884 proinde
423 3813 579 3884 quod
616 3812 682 3863 ad
717 3811 985 3865 Christum
1030 3826 1134 3879 qua
1171 3809 1327 3861 homo
1364 3818 1445 3862 est
1474 3811 1719 3875 pertinet,

136 3904 551 3958 dimittendum
594 3902 665 3956 ab
714 3916 779 3954 eo
825 3900 1161 3961 sentiebant;
1206 3898 1276 3951 ita
1316 3896 1568 3965 Origeui,
1611 3907 1728 3966 post

36 3972 41 3993 ³
139 3997 485 4047 attributam
534 3992 851 4045 deserendae
890 3990 1016 4043 olim
1052 4004 1081 4040 a
1121 3987 1334 4041 Christo
1374 3988 1555 4041 carnis
1607 4002 1728 4039 seu-

137 4085 411 4146 tentiam,
444 4090 509 4135 ut
541 4095 707 4149 supra
738 4080 992 4141 diximus,
1022 4091 1161 4131 nunc
1196 4077 1361 4130 altera
1395 4091 1605 4144 quoque
1651 4075 1721 4127 illi

137 4174 531 4235 consectaria,
559 4169 845 4238 abjiciendi
897 4167 1181 4235 aliquando
1224 4165 1291 4218 ab
1329 4169 1510 4219 eodem
1558 4167 1723 4233 regni,

134 4264 487 4317 ascribitur.
559 4258 879 4325 Quanquam
925 4254 1163 4309 nonnihil
1210 4255 1487 4323 utriusque
1527 4253 1725 4307 discre-

138 4362 247 4421 pat
309 4365 522 4414 causa;
581 4364 704 4401 natn
755 4348 897 4415 regia
949 4353 1212 4414 potestate
1265 4344 1578 4397 humanitati
1618 4359 1727 4397 sua:

136 4444 457 4513 conjuncta
498 4449 722 4493 exutum
768 4439 831 4490 iri
884 4437 1157 4490 Christum
1200 4434 1461 4488 sentiebat
1497 4433 1720 4487 Marcel-

137 4534 273 4597 Ius;
304 4534 607 4600 Origenem
639 4542 768 4581 vero
814 4540 1070 4594 regnum,
1122 4539 1228 4592 quo
1280 4531 1535 4590 tanquam
1588 4522 1725 4576 Deus

133 4625 417 4694 potitur,
475 4619 852 4671 abdicaturum
899 4630 1019 4668 eum
1079 4612 1352 4668 censuisse
1406 4611 1727 4679 Theophilus

135 4714 418 4772 credidit,
450 4706 905 4776 quemadmodum
931 4719 994 4757 ex
1016 4701 1129 4769 ejus
1151 4700 1513 4755 confutationc
1543 4701 1723 4769 Lquet,

139 4802 200 4853 in
238 4816 354 4868 qua
385 4796 575 4850 Patris
596 4802 651 4847 et
677 4794 795 4847 Filii
832 4793 1088 4846 unitatem
1114 4791 1323 4859 prohat.
1343 4787 1454 4853 Qua
1480 4804 1725 4856 quaenam

138 4890 411 4943 atrocior
448 4884 731 4937 accusatio
765 4880 968 4935 intendi
998 4880 1201 4948 potest?
1224 4879 1281 4932 Si
1312 4888 1527 4947 putasse
1553 4879 1722 4930 dixis-

137 4990 237 5034 set
272 4979 577 5047 Origenem
610 4975 759 5042 regio
784 4970 1084 5032 dominatu,
1113 4984 1219 5038 quo
1248 4966 1442 5023 Christi
1478 4967 1727 5019 humani-

142 5084 243 5123 tas
284 5069 519 5137 pradita
548 5076 664 5126 est,
693 5063 963 5131 privatum
1014 5060 1078 5112 iri
1110 5068 1228 5127 post
1276 5059 1725 5111 resurrectionem

139 5160 489 5219 Christum;
536 5154 811 5220 aliquibus
854 5150 1085 5203 fortasse
1143 5147 1462 5218 argumentis
1504 5162 1728 5200 accusa-

141 5252 372 5302 tionem
454 5258 615 5298 suam
673 5251 945 5307 utcunque
993 5241 1382 5299 conﬁrmasset;
1430 5250 1524 5297 eo,
1577 5246 1726 5304 puta,

140 5340 306 5404 quod
353 5350 425 5389 ex
476 5332 651 5385 alﬁcta
703 5328 925 5395 Origeni
956 5330 1216 5381 sententia
1262 5326 1481 5394 depositi
1528 5325 1583 5378 in
1614 5326 1728 5379 sole

144 5432 376 5487 Christi
414 5422 669 5491 corporis
696 5430 750 5474 et
776 5418 1122 5473 humanitatis
1154 5420 1253 5487 peti
1281 5424 1500 5484 poterat.

233 5520 446 5574 Verum
480 5506 1001 5576 inOrigenianarum
1033 5504 1442 5559 lucubrationum
1473 5504 1724 5573 reliquiis

226 5694 282 5729 ⁸⁸
313 5695 330 5748 ι
364 5692 525 5745 Joan.
564 5698 628 5750 tt,
668 5682 719 5743 1,
748 5680 799 5732 ‘3.

1819 1934 2025 1985 saniam
2074 1934 2329 2002 ejusmodi
2369 1934 2624 2003 Origenes
2670 1936 2928 1990 hauserit.
2958 1936 3068 2005 Ego
3114 1953 3243 1992 vero
3294 1940 3358 1992 li-

1818 2024 1979 2091 quido
2020 2022 2202 2089 jurare
2245 2039 2459 2091 possunt
2511 2026 2621 2078 haec
2657 2026 2894 2093 Apostuli
2939 2041 3058 2094 quae
3109 2027 3357 2095 leguntur

1818 2111 1984 2165 lCor.
2015 2129 2101 2175 xv,
2125 2112 2192 2165 Si
2235 2122 2291 2165 ct
2342 2129 2479 2181 seq.,
2535 2129 2806 2183 perperam
2852 2126 3101 2183 accepta,
3137 2132 3354 2170 causam

1818 2202 2032 2268 Origeni
2068 2204 2265 2257 erroris
2292 2204 2450 2271 hujus
2488 2206 2715 2270 dedisse,
2750 2208 2793 2259 si
2829 2208 2983 2259 tnodo
3010 2208 3057 2259 ei
3094 2208 3354 2270 adhaesit;

1819 2308 1941 2345 nam
1970 2303 2023 2345 et
2059 2294 2111 2347 ἱιι
2135 2295 2377 2349 eamdem
2424 2296 2543 2348 inde
2592 2298 2909 2350 sententiam
2961 2298 3175 2365 impulsi
3229 2308 3358 2351 sunt

1818 2383 2127 2446 Marcellus,
2180 2394 2231 2438 et
2267 2385 2535 2454 popularis
2571 2385 2685 2452 ejus
2710 2387 3003 2450 Photinus;
3036 2399 3090 2442 et
3131 2388 3355 2443 alterius

1817 2488 2027 2541 quoque
2058 2473 2387 2543 conlingendi
2426 2476 2688 2545 dogmatis
2732 2478 2800 2531 ab
2831 2478 3079 2532 Ecclesia:
3124 2479 3356 2533 decretis

1818 2560 2003 2613 absoni
2057 2574 2272 2613 causam
2344 2560 2465 2613 inde
2526 2562 2781 2631 Origenes
2811 2565 3057 2631 arripuit,
3085 2571 3143 2616 ιιι
3185 2563 3237 2615 in
3273 2577 3359 2616 se-

1818 2650 2101 2719 quentibus
2130 2652 2551 2705 observabimus.
2577 2652 2769 2706 Verum
2797 2654 2992 2706 frustra
3026 2653 3077 2705 id
3117 2652 3280 2717 quaeri
3325 2667 3355 2704 ι

1820 2738 2007 2800 nobis,
2059 2748 2111 2791 et
2164 2738 2297 2791 labis
2338 2739 2492 2805 hujus
2539 2751 2811 2808 expertem
2854 2740 3019 2793 fuisse
3070 2737 3354 2805 Origenem

1818 2825 2081 2893 conjicere
2123 2842 2398 2895 possumus
2430 2842 2496 2882 ex
2542 2828 2722 2898 Cyrilli
2757 2828 3219 2897 llierosolymitaui
3263 2841 3356 2879 ca-

1820 2916 2017 2969 techesi
2057 2931 2155 2978 sv,
2183 2917 2273 2984 qui
2302 2916 2545 2970 hmresim
2584 2919 2726 2971 illam
2769 2919 2819 2970 in
2854 2916 3107 2971 Marcello
3139 2924 3192 2969 et
3220 2912 3361 2969 Pho-

1822 3007 1931 3059 tiuo
1971 3006 2231 3059 ulciscens
2260 3021 2444 3060 recens
2479 3008 2626 3061 illam
2660 3018 2903 3061 exortam
2934 3008 3081 3069 dicit,
3108 3008 3357 3078 πρπσφά-

1819 3113 1923 3157 τως
1959 3096 2302 3163 ἀναφυεῖσαν,
2331 3096 2471 3164 quod
2517 3097 2698 3164 utique
2733 3111 2835 3149 non
2879 3096 3135 3159 dixisset,
3181 3100 3224 3151 si
3247 3097 3357 3163 jam

1747 3166 1788 3224 (ἶ
1824 3186 1945 3237 inde
2005 3184 2193 3239 fuisset
2247 3187 2313 3239 ab
2362 3186 2609 3253 Origenis
2669 3185 2998 3254 temporibus
3044 3196 3356 3256 propagata.

1822 3274 2099 3343 Reliquam
2128 3277 2385 3330 adversus
2432 3276 2481 3329 id
2528 3285 2884 3330 commentum
2922 3276 3198 3343 Theophili
3247 3277 3357 3330 dis-

1821 3363 2160 3416 sertationem
2186 3364 2554 3432 praetermitto,
2580 3378 2697 3431 qua:
2719 3364 3015 3417 maledictis
3036 3374 3240 3418 tantum
3261 3381 3360 3431 puo

1823 3459 1974 3517 gnat,
1990 3466 2087 3504 nec
2101 3452 2382 3519 quidquam
2399 3453 2746 3519 profertseria
2767 3457 3105 3521 responsione
3122 3452 3357 3522 dignum.

2363 3539 2683 3606 QUESTIO
2722 3540 2807 3594 Iv.

2231 3648 2295 3685 DE
2323 3647 2489 3684 ΒΕᾹΤΑ
2520 3646 2682 3683 IARIA
2712 3646 2946 3685 VlRGINE.

1823 3718 1863 3772 I.
1891 3722 2076 3775 Utrunt
2103 3721 2363 3775 Christum
2387 3734 2429 3771 et
2456 3722 2655 3771 beatam
2696 3720 2917 3772 Mariam
2953 3719 3206 3787 Virginem
3235 3738 3363 3787 pur-

1892 3791 2097 3859 gatione
2118 3801 2227 3859 post
2266 3804 2469 3859 partum
2492 3805 2615 3854 Opus
2648 3790 2883 3841 habuisse
2904 3788 3163 3859 Origenes
3189 3792 3363 3841 existi-

1892 3856 2123 3910 inaverit.
2172 3856 2232 3908 Il.
2282 3856 2467 3908 Utrunt
2511 3860 2794 3909 claustrum
2856 3858 3363 3924 virginitatisij

1898 3926 2082 3977 .llnria:
2121 3928 2171 3976 in
2194 3939 2346 3990 portu
2371 3936 2649 3976 reseratum
2670 3926 2907 3991 opinatus
2937 3923 3029 3975 sit.
3055 3924 3139 3975 Ill.
3175 3923 3361 3977 Utrum

1894 3994 2092 4045 beatam
2115 3991 2341 4043 Mariam
2363 3992 2584 4052 peccatis
2625 3990 2900 4044 obnoxiam
2922 3994 3200 4058 putaverit.

1892 4080 1933 4135 Ι.
1956 4078 2259 4143 Geminam,
2287 4092 2454 4145 eoque
2488 4078 2749 4144 amplius,
2778 4079 2930 4130 unica
2964 4077 3174 4130 humilia
3193 4117 3207 4139 ,
3239 4094 3357 4144 qua:

1827 4182 2047 4222 numero
2088 4168 2290 4219 decima
2339 4174 2527 4233 quarta
2573 4174 2657 4218 est
2700 4165 2752 4217 in
2790 4164 3017 4227 Lucam,
3072 4168 3361 4234 reprehen-

1825 4258 1983 4310 dendi
2030 4257 2112 4309 sui
2156 4268 2368 4309 causam
2418 4254 2564 4307 dedit
2624 4253 2881 4322 Origenes
2923 4271 2937 4307 :
2972 4259 3201 4322 priorem
3243 4273 3361 4312 rum

1824 4348 2094 4401 Christqu
2131 4347 2364 4400 asseruit
2401 4354 2455 4399 et
2485 4345 2702 4398 Mariam
2734 4346 3049 4413 purgatione
3087 4358 3209 4415 post
3243 4365 3362 4415 par-

1830 4445 1937 4487 tum
1958 4449 2093 4503 opus
2125 4433 2404 4497 habuisse;
2434 4432 2690 4497 alteram,
2740 4447 2861 4485 cum
2908 4443 3149 4501 apertum
3199 4436 3365 4490 fuisse

1828 4526 2120 4577 claustrum
2158 4523 2474 4591 virginitatis
2510 4523 2678 4575 beata:
2701 4520 2878 4576 Mariae
2907 4524 2957 4576 iu
2987 4535 3139 4592 partu
3162 4526 3361 4579 docuit.

1830 4614 2123 4682 Utrumque
2148 4628 2243 4666 suo
2266 4613 2452 4665 ordine
2477 4612 2878 4677 ventilabimus;
2909 4623 2964 4666 et
2985 4630 3124 4669 nunc
3152 4616 3361 4683 quidem

1826 4702 1893 4755 t‘e
1920 4704 2113 4771 priore.
2150 4700 2427 4769 Origenes,
2484 4699 2641 4753 Luca:
2685 4710 2843 4769 caput
2894 4717 2928 4754 ιι
2978 4704 3359 4773 interpretans,

1827 4793 1879 4845 in
1920 4792 2033 4845 haec
2088 4792 2245 4845 verba
2286 4805 2473 4843 versus
2510 4790 2578 4842 22
2617 4807 2630 4841 :
2664 4790 2767 4843 Kal
2827 4790 2923 4843 ὅτε
2967 4793 3365 4861 ἐπλήσθησαν

1826 4887 1882 4935 αἱ
1910 4880 2114 4948 ἡμέραι
2142 4880 2245 4933 τοῦ
2287 4879 2647 4947 καθαρισμοῦ
2675 4878 2905 4942 αὐτῶν,
2940 4883 3086 4936 κατὰ
3126 4882 3231 4935 τὸν
3268 4884 3365 4935 νό-

1823 4989 1941 5041 μον
1960 4970 2268 5035 Μωῦσέως,
2294 4970 2369 5023 sic
2394 4979 2605 5036 perorat
2630 4984 2643 5018 :
2676 4986 2693 5018 ι
2721 4966 2944 5035 Propter
2974 4974 3360 5038 purgationem,

1828 5062 2021 5129 inquit,
2057 5074 2260 5114 eorum.
2286 5060 2544 5124 Quorum,
2587 5055 2807 5110 eorum?
2848 5055 2903 5107 Si
2978 5057 3234 5125 scriptum
3274 5070 3362 5110 es-

1826 5161 1908 5205 set
1949 5159 2168 5219 propter
2198 5148 2572 5218 purgationem
2601 5144 2718 5214 ejus
2737 5177 2763 5208 ,-
2788 5146 2838 5196 id
2880 5156 2996 5204 est.
3038 5146 3217 5200 Mariae
3247 5162 3365 5213 qua:

1828 5250 2136 5309 pepererat,
2169 5237 2303 5291 nihil
2354 5236 2666 5305 quaestionis
2706 5234 2960 5296 oriretur,
3006 5244 3062 5285 et
3112 5236 3368 5286 audacter

1828 5330 2126 5382 diceremus
2155 5325 2401 5389 Mariam,
2429 5339 2548 5394 qua:
2570 5326 2732 5379 homo
2753 5331 2894 5384 erat,
2928 5324 3247 5387 purgatione
3283 5322 3369 5374 iu-

1826 5419 2061 5487 diguisse
2106 5428 2227 5485 p05t
2270 5426 2504 5485 parturn.
2555 5412 2708 5467 Nunc
2754 5423 2883 5465 vero
2914 5410 2966 5462 iu
3001 5423 3066 5462 eo
3094 5408 3240 5477 quod
3273 5410 3372 5472 ait,

1826 5508 1941 5563 dies
1962 5506 2293 5578 purgationis
2320 5520 2506 5562 eorum
2530 5544 2545 5571 ,
2581 5518 2685 5561 non
2713 5501 2925 5558 videtur
2963 5513 3122 5553 unum
3168 5498 3373 5566 siguili-
