3894 6416
663 356 762 410 839

1893 348 1950 403 P.
1987 349 2294 403 DANIELIS
2331 350 2553 406 HUETII
3629 368 3704 423 8l0

663 485 818 528 care,
847 465 938 519 sed
984 464 1208 516 alterum
1233 501 1248 525 ,
1284 477 1378 516 seu
1421 463 1620 532 plures.
1661 482 1681 515 ι
1727 464 1947 533 Legerat
1983 481 2192 534 nempe,
2223 473 2264 526 Α
2296 469 2443 536 pinnt
2467 478 2518 521 et
2572 469 2823 537 pariunt;
2859 483 2984 538 qua:
3011 483 3130 523 vero
3157 471 3338 524 semine
3357 473 3606 540 neutiquam
3626 491 3710 531 sus-

662 559 734 609 uti
768 569 904 608 nunc
932 567 1144 620 quoque
1180 551 1394 619 legitur,
1439 550 1546 604 τοῦ
1574 553 1936 620 καθαρισμοῦ
1962 554 2183 606 αὐτῶν·

659 661 813 714 qnam
854 644 1132 696 lectionem
1173 644 1643 708 interpretationes
1680 643 1931 712 Syriaca,
1980 644 2188 698 Aitbio-

655 736 792 803 pica,
825 742 880 787 et
908 732 1142 794 Persica,
1169 741 1222 785 et
1258 731 1449 786 Patres
1477 733 1698 799 aliquot,
1732 747 1795 785 ac
1822 733 2032 787 codices
2053 735 2186 786 bene

657 824 806 876 multi
851 832 1086 874 tuentur.
1136 821 1268 887 Alii,
1324 837 1496 889 neque
1549 823 1702 888 pauci
1754 823 1948 876 habent
1981 822 2185 888 αὐτοῦ,

654 913 747 964 sed
773 912 1044 980 legendum
1093 914 1308 966 omnino
1343 913 1562 980 αὐτῆς,
1604 912 1753 980 juxta
1800 913 2072 981 angatam
2102 899 2109 908 ’
2136 923 2189 967 et

652 1003 935 1054 Arahicam
994 1002 1489 1068 interpretationem
1556 998 1870 1070 Erpenianm
1918 1005 2184 1058 editionis.

655 1092 754 1144 Uni
783 1091 1043 1160 siquidem
1083 1106 1356 1159 puerpera:
1409 1093 1780 1158 purgationem
1831 1091 1994 1145 fuisse
2032 1092 2185 1146 adbi—

652 1183 838 1244 bitam,
875 1197 978 1234 non
1016 1181 1173 1233 etiam
1207 1181 1393 1233 infanti
1413 1192 1622 1234 constat
1651 1196 1716 1236 ex
1758 1180 1926 1234 Levit.
1970 1198 2029 1236 ιι.
2066 1184 2191 1236 Cor-

653 1282 804 1340 rnpta
838 1272 1014 1337 itaque
1035 1272 1181 1324 vocis
1208 1271 1348 1324 illius
1373 1270 1560 1336 αὐτῆς
1585 1271 1746 1324 lectio
1765 1271 1978 1340 Origeni
2013 1273 2185 1326 incum

653 1361 799 1421 fecit,
829 1369 884 1413 et
926 1361 1199 1413 Christum
1239 1359 1420 1412 itidem
1469 1371 1525 1412 ut
1561 1361 1780 1414 Mariam
1819 1363 2188 1431 puriﬁcatione

652 1467 785 1518 opus
810 1450 1060 1504 habuisse
1089 1451 1369 1518 persuasit.
1415 1450 1628 1504 Christo
1657 1452 1839 1519 itaque
1873 1464 1927 1506 ut
1971 1455 2186 1521 reliquis

655 1541 964 1595 hominibus
1023 1541 1320 1610 applicabat
1377 1541 1579 1594 dictum
1639 1542 1758 1597 Jobi
1793 1584 1808 1608 ,
1863 1563 1882 1594 ι
1916 1543 2186 1596 Neminem

650 1647 768 1686 esse
802 1633 1058 1685 mundum
1105 1647 1132 1683 a
1181 1633 1388 1686 sorde:
1425 1649 1488 1686 ne
1522 1634 1565 1686 si
1610 1635 1770 1688 unius
1820 1635 2030 1702 quidem
2083 1635 2184 1686 diei

654 1723 815 1775 fuerit
842 1724 947 1774 vita
985 1720 1098 1786 ejus
1137 1721 1203 1774 °‘.
1251 1740 1269 1772 ι
1311 1721 1507 1776 Sordes
1548 1732 1725 1776 autem
1771 1737 1800 1775 a
1845 1733 2064 1790 peccato
2101 1723 2186 1775 hic

2288 569 2439 626 cepto
2463 560 2685 627 peperit,
2724 573 2846 612 eam
2871 573 2999 611 vero
3034 558 3332 610 immundam
3353 574 3440 611 non
3474 563 3709 629 esseom.

2291 663 2404 700 I‘Ulll
2435 662 2495 700 ea
2523 663 2776 715 germana
2801 658 2950 710 sunt,
2973 662 3087 715 quae
3111 657 3457 713 reprzesentant
3482 649 3648 704 Catena
3669 668 3714 706 EX

2287 737 2514 805 Origene
2536 739 2588 789 in
2609 736 2771 792 Leuit.
2789 752 2931 800 χχιι,
2953 738 2986 788 ‘2
3008 755 3020 788 :
3044 736 3176 806 Γυνὴ
3194 737 3302 804 ἥτις
3322 739 3634 810 σπερματισθῇ
3651 744 3715 794 καὶ

2286 826 2430 879 τέκοι
2455 828 2651 898 ἄρσεν’
2695 827 2991 897 παρέλκειν
3019 828 3152 892 δόξει
3190 828 3244 878 τό
3262 844 3275 858 ·
3301 829 3384 880 ἐὰν
3413 832 3716 900 σπερματισθῇ,

2289 917 2718 986 προτασσόμενον
2754 917 2850 968 τοῦ
2872 933 2885 944 ·
2928 918 3018 969 καὶ
3045 917 3170 986 τέκῃ
3199 917 3375 985 ἄρσεν·
3407 917 3504 968 ἀλλ’
3533 920 3717 989 ἐφίστημι

2293 993 2496 1076 μήποτε
2525 1008 2613 1059 ἵνα
2643 1007 2999 1077 προφητικῶς
3023 1008 3055 1075 ἡ
3081 1007 3256 1075 Μαρία
3288 1007 3377 1058 οὐκ
3400 1008 3456 1058 ἐκ
3473 1007 3550 1059 τοῦ
3588 1012 3722 1079 tomo-

2293 1095 2542 1162 ματῐσοαι
2567 1095 2804 1146 τεκοῦσα
2831 1095 2990 1164 ἄρσεν
3024 1094 3094 1164 μὴ
3119 1093 3331 1162 νομισῦῇ
3365 1093 3617 1161 ἀκάθαρτος
3634 1093 3722 1147 εἶναι

2289 1187 2643 1254 γεγεννηκυῖα
2658 1185 2748 1236 τὸν
2765 1185 3012 1254 Σωτῆρα,
3047 1182 3248 1252 εἴρηται
3292 1183 3398 1235 ὅλον
3419 1182 3568 1236 τοῦτο.
3607 1185 3726 1236 Adda-

2291 1289 2406 1325 mus
2437 1274 2669 1341 deniqne
2696 1273 2960 1341 insignem
2987 1274 3156 1325 locum
3179 1287 3239 1323 ex
3265 1270 3431 1324 bomil.
3457 1272 3516 1324 l9.
3537 1273 3580 1325 in
3601 1271 3726 1336 Lerit.,

2291 1378 2437 1414 num.
2469 1364 2524 1425 4,
2558 1378 2664 1430 quo
2694 1363 3063 1431 generationis
3091 1361 3282 1416 Christi
3312 1371 3363 1415 et
3395 1362 3632 1430 virginalis
3656 1364 3728 1417 lb-

2294 1453 2385 1506 rize
2431 1452 2678 1520 corporis
2723 1450 3018 1505 mundities
3059 1450 3393 1504 disertissime
3453 1451 3727 1518 prtedicatur:

2295 1559 2314 1592 ι
2353 1542 2541 1594 Omnis
2576 1541 2668 1607 qui
2724 1541 3029 1609 ingreditur
3055 1539 3196 1593 hunc
3228 1540 3462 1593 mundum
3506 1541 3550 1593 in
3573 1542 3729 1608 quadam

2290 1632 2751 1684 contaminatione
2777 1629 2916 1684 eﬁici
2949 1629 3168 1684 dicitur.
3199 1627 3414 1696 Propter
3436 1631 3558 1697 quod
3581 1641 3624 1684 et
3639 1632 3732 1686 Scri-

2291 1731 2444 1788 ptura
2474 1721 2605 1774 dicit
2628 1736 2644 1772 :
2684 1717 2854 1772 Nemo
2880 1718 3106 1772 mundus
3140 1735 3172 1770 a
3197 1719 3359 1782 sorde,
3383 1733 3438 1770 ne
3459 1718 3496 1770 si
3521 1719 3642 1771 unius
3667 1721 3730 1772 diei

651 1813 910 1875 distinxit,
957 1822 1114 1879 atque
1152 1811 1465 1866 sordescere
1509 1813 1740 1865 animam
1786 1812 2026 1880 putavit,
2069 1827 2189 1876 cum,
2219 1803 2259 1855 Β
2287 1813 2445 1878 fuerit
2480 1811 2584 1862 vita
2609 1809 2723 1878 ejus
2754 1810 2824 1863 ⁸⁸.
2856 1809 2971 1862 Hoc
3005 1809 3120 1877 ipso
3139 1821 3262 1876 ergo
3297 1809 3426 1876 quod
3451 1808 3497 1860 in
3521 1807 3730 1861 vulvam:-

654 1903 874 1956 mortale
904 1903 1046 1956 subit
1071 1917 1268 1970 corpus
1323 1918 1352 1955 e
1394 1903 1482 1954 vili
1535 1912 1587 1956 et
1626 1903 1838 1956 sordida
1881 1912 2186 1957 concretum

651 1993 908 2056 materia;
953 2007 1020 2047 ac
1067 2007 1184 2046 sese
1215 1993 1439 2061 proinde
1483 1993 1791 2060 inquinasse
1834 1993 2032 2046 Christi
2075 1992 2190 2044 ani-

651 2097 786 2134 mam
827 2096 945 2134 enm
973 2097 1168 2150 corpus
1198 2082 1250 2134 in
1299 2082 1574 2134 nmliebris
1604 2083 1743 2135 uteri
1768 2082 2026 2152 angustiis
2064 2081 2192 2135 deli-

651 2182 860 2226 tescens
909 2173 1006 2226 sibi
1052 2173 1316 2239 adiunxit.
1353 2172 1444 2225 Sic
1489 2172 1576 2224 ille
1607 2173 1657 2224 in
1696 2174 1879 2227 eadem
1917 2172 2132 2225 homilia
2169 2189 2184 2226 :

652 2278 670 2309 ι
710 2260 860 2314 Unde
893 2269 948 2312 et
980 2259 1230 2313 Salvator
1273 2258 1510 2327 loquitur
1557 2274 1572 2310 :
1618 2257 1729 2326 Ego
1767 2274 1879 2311 sum
1909 2259 2110 2323 vermis,
2142 2269 2190 2312 et

647 2366 748 2402 non
795 2351 980 2412 homo,
1023 2350 1354 2418 opprobrium
1407 2349 1706 2414 hominum,
1743 2358 1790 2402 et
1827 2349 2046 2418 objectio
2081 2349 2188 2417 ple-

648 2441 722 2491 bis
747 2441 813 2493 ".
869 2439 1093 2493 Videbat
1134 2439 1185 2490 in
1238 2439 1426 2490 matris
1469 2448 1622 2491 utero
1655 2438 2043 2492 immunditiam
2069 2452 2185 2492 cor-

649 2544 858 2597 porum,
886 2529 1184 2583 visceribus
1217 2529 1334 2598 ejus
1361 2528 1486 2580 hinc
1517 2527 1639 2580 inde
1668 2527 1898 2580 vallatus
1918 2568 1934 2594 ,
1966 2534 2188 2582 terrenae

645 2620 790 2674 fas-is
814 2621 1114 2690 patiebatur
1134 2622 1437 2688 angustias:
1469 2621 1610 2673 unde
1635 2619 1896 2673 assimilat
1924 2634 1982 2673 se
2015 2620 2184 2673 vermi

646 2722 702 2766 et
724 2712 850 2764 dicit
882 2727 896 2761 :
935 2709 1043 2777 Ego
1073 2726 1186 2762 sum
1219 2712 1422 2773 vermis,
1472 2719 1518 2762 et
1551 2724 1652 2762 non
1687 2707 1857 2760 homo.
1888 2726 1907 2759 s

715 2801 784 2852 At
820 2799 1179 2854 Tertullianus
1206 2799 1339 2852 libro
1366 2799 1442 2852 De
1481 2813 1635 2851 carne
1663 2797 1876 2862 Christi,
1905 2811 2022 2866 cap.
2051 2795 2104 2860 4,
2132 2805 2188 2850 et

645 2887 738 2942 lib.
777 2902 833 2941 ιιι
862 2897 1041 2940 contra
1075 2885 1352 2950 Marciam,
1387 2901 1508 2954 cap.
1541 2885 1627 2948 Η,
1663 2885 1728 2939 de
1755 2884 1963 2938 Domini
2017 2882 2185 2938 nostri

645 2979 1019 3046 corporatione
1055 2991 1235 3045 agens,
1270 2976 1449 3045 pejora
1479 2975 1641 3029 etiarn
1700 2975 2037 3039 deblatterat,
2064 2989 2185 3027 nam

644 3078 839 3137 praeter
864 3085 882 3116 ι
901 3066 1185 3136 spurcitias
1205 3064 1510 3133 genitalium
1529 3064 1581 3117 in
1606 3073 1758 3118 utero
1779 3064 2182 3125 elementorum,

647 3159 887 3211 humoris
913 3167 967 3210 et
1002 3155 1296 3224 sanguinis,
1335 3153 1478 3209 foeda
1527 3156 1749 3222 coagula
1783 3155 1958 3209 carnis
1991 3170 2054 3208 ex
2089 3168 2184 3208 eo-

645 3249 763 3300 dem
795 3261 949 3298 CtBllo
975 3246 1178 3297 alendze
1204 3258 1298 3310 per
1329 3257 1520 3295 novem
1545 3258 1789 3308 menses;
1836 3254 2020 3312 partus
2047 3257 2183 3310 quo-

642 3351 749 3405 que
783 3335 1048 3386 immunda
1087 3342 1139 3387 ct
1189 3333 1432 3400 pudenda
1482 3342 1774 3394 tormenta,
1807 3343 1855 3387 et
1899 3334 2061 3402 ipsius
2090 3347 2182 3385 ex-

648 3426 769 3476 inde
799 3423 1062 3489 puerperii
1096 3435 1332 3489 spurcos,
1365 3421 1573 3483 anxios,
1617 3423 1852 3477 ludicros
1881 3424 2055 3476 exitus
2081 3421 2183 3473 ﬁn-

647 3513 742 3576 git.
781 3529 797 3560 ι
824 3510 950 3574 Quae
975 3512 1041 3562 ab
1080 3511 1353 3562 llwreticis
1388 3509 1594 3576 objecta
1619 3513 1922 3578 neutiquam
1954 3511 2065 3578 ipse
2091 3511 2187 3563 dil’.

652 3595 917 3656 ﬁtebatnr,
944 3596 1036 3647 sed
1079 3595 1185 3646 Deo
1205 3595 1418 3661 indigna
1439 3609 1558 3649 esse
1580 3598 1827 3663 negabat,
1846 3605 2030 3651 contra
2052 3597 2186 3651 Mar-

650 3681 897 3734 cionitas.

718 3793 971 3846 Sanctam
994 3807 1121 3846 vero
1149 3792 1416 3862 Virginem
1439 3809 1560 3849 cum
1597 3810 1744 3850 more
1774 3795 1996 3849 aliarum
2033 3796 2184 3850 femi-

645 3895 835 3935 narum
872 3895 967 3950 per
994 3882 1162 3934 vulvae
1214 3883 1598 3936 reserationem
1648 3883 1916 3938 Christum
1969 3886 2181 3938 enixam

645 3987 762 4026 esse
794 3974 892 4026 sibi
917 3972 1171 4040 Origenes
1205 3971 1440 4034 ﬁnxerit,
1475 3981 1533 4024 ut
1581 3987 1703 4025 mox
1751 3973 2138 4042 disputabimus
2165 4014 2179 4039 ,

647 4063 794 4115 credi
829 4078 1041 4131 quoque
1087 4061 1564 4130 posset'prol‘usam
1599 4066 1665 4116 ab
1703 4079 1785 4127 ea,
1820 4063 2000 4116 itidem
2032 4075 2090 4117 ut
2115 4067 2182 4119 ab

649 4153 786 4214 aliis,
818 4163 1000 4220 partus
1056 4152 1332 4206 collnviem
1380 4153 1742 4216 existimasse,
1773 4155 1915 4207 unde
1965 4156 2183 4211 minime

649 4243 842 4294 mirum
873 4241 1005 4295 foret
1029 4243 1353 4316 purgandum,
1381 4258 1591 4310 quoque
1640 4244 1803 4297 fuisse
1827 4244 1993 4311 ipsum
2031 4260 2180 4299 asse-

647 4343 860 4382 verasse
885 4347 899 4396 ;
932 4330 1023 4382 sed
1050 4331 1269 4384 omnino
1299 4331 1462 4396 istud,
1492 4331 1592 4386 nisi
1628 4347 1710 4386 me
1747 4347 1863 4385 mea
1891 4333 2079 4386 fefellit
2103 4335 2182 4388 di-

2291 1903 2388 1954 tris
2420 1910 2504 1954 est
2534 1901 2769 1968 positus,
2803 1907 2857 1953 et
2891 1899 3036 1967 quod
3067 1899 3338 1952 materiam
3368 1897 3579 1964 corporis
3596 1897 3645 1950 ab
3664 1898 3731 1949 ori-

2287 1989 2407 2058 gine
2433 1988 2640 2056 paterni
2698 1987 2928 2041 seminis
2982 1987 3165 2048 sumit,
3207 1986 3259 2039 in
3285 1995 3430 2054 patre
3465 1995 3514 2038 et
3550 1985 3591 2038 in
3623 1996 3731 2038 matre

2266 2076 2692 2130 .contaminatus
2713 2075 2828 2129 dici
2854 2083 3050 2144 potest.
3081 2076 3188 2128 Aut
3215 2076 3402 2137 nescis,
3422 2075 3530 2142 quia
3553 2090 3642 2128 cum
3655 2089 3733 2142 qua

2287 2166 2536 2232 draginta
2571 2166 2786 2220 dierum
2827 2166 3008 2219 factus
3036 2165 3198 2219 fuerit
3220 2180 3346 2234 puer
3370 2165 3614 2228 masculus,
3632 2165 3732 2218 ollar-

2288 2263 2375 2307 tur
2406 2254 2472 2307 ad
2501 2254 2699 2319 altare,
2740 2262 2804 2308 ut
2839 2254 2914 2308 ibi
2949 2254 3283 2322 puriﬁcetur,
3329 2263 3555 2324 tanquam
3578 2255 3644 2322 qui
3662 2254 3732 2322 pol-

2285 2343 2427 2397 lutus
2461 2343 2629 2397 fuerit
2653 2343 2709 2396 in
2747 2344 2866 2413 ipsa
2891 2344 3264 2412 conceptione,
3290 2344 3370 2398 vel
3425 2345 3598 2412 paterni
3629 2345 3733 2398 semi-

2287 2434 2393 2498 nis,
2433 2434 2516 2488 vel
2553 2434 2696 2488 uteri
2722 2434 3004 2488 materni?
3027 2433 3214 2489 Omnis
3239 2449 3362 2504 ergo
3381 2434 3523 2487 homo
3563 2433 3602 2486 in
3639 2444 3734 2502 patre

2286 2532 2339 2576 et
2359 2523 2410 2576 in
2438 2531 2614 2577 matre
2643 2521 2892 2590 pollutus
2918 2530 3041 2588 est;
3087 2521 3232 2577 solus
3263 2537 3383 2576 vero
3402 2519 3537 2575 Jesus
3559 2521 3733 2574 Dominus

2287 2627 2437 2666 meus
2470 2613 2522 2665 in
2557 2612 2701 2665 hanc
2731 2613 3148 2681 generationem
3180 2611 3400 2664 mundus
3430 2612 3646 2682 ingressus
3668 2619 3736 2669 est.

2286 2701 2339 2755 in
2364 2710 2536 2756 matre
2554 2688 2665 2755 non
2683 2711 2778 2754 est
2803 2701 3063 2770 pollutus.
3096 2701 3363 2772 Ingressus
3385 2710 3461 2757 est
3478 2703 3592 2756 enim
3609 2713 3737 2766 corpus

2287 2790 2808 2844 incontaminatum.
2866 2792 2988 2861 Ipse
3020 2792 3165 2845 enim
3194 2802 3307 2846 erat
3326 2792 3410 2861 qui
3436 2803 3485 2845 et
3507 2791 3660 2843 dudum
3680 2804 3738 2857 per

2286 2879 2628 2934 Salomonem
2649 2881 2877 2936 dixerat
2899 2895 2916 2934 :
2944 2880 3119 2952 Magis
3146 2892 3310 2935 autem
3341 2897 3446 2934 cum
3469 2896 3598 2935 essent
3614 2879 3734 2938 bonus.

2283 2969 2397 3022 veni
2427 2969 2495 3021 ad
2522 2984 2728 3037 corpus
2756 2971 3219 3040 incoinquinatum
3247 2971 3310 3025 θ’.
3332 2970 3436 3024 Non
3456 2980 3646 3038 estergo
3664 2982 3738 3020 con-

2288 3057 2578 3110 taminatus
2617 3057 2671 3110 in
2720 3071 2924 3124 matre,
2959 3059 3053 3115 sed
3087 3075 3154 3114 ne
3195 3061 3246 3114 in
3279 3069 3418 3130 patre
3435 3061 3631 3128 quidem.
3647 3055 3737 3111 Nihil

2284 3145 2424 3197 enim
2454 3142 2655 3213 Joseph
2688 3149 2747 3200 in
2771 3150 3127 3216 generatione
3149 3150 3262 3217 ejus
3277 3159 3460 3219 praeter
3479 3147 3735 3202 ministerium

2283 3233 2531 3300 praestitit
2561 3244 2612 3288 et
2641 3234 2930 3292 affectum.
2967 3257 2988 3291 ι
3723 3223 3729 3230 ’

2352 3321 2442 3373 Sic
2471 3331 2654 3375 autem
2691 3326 2760 3378 de
2788 3339 2952 3380 sacro
2994 3325 3176 3380 Mariae
3223 3327 3488 3395 puerperio
3529 3328 3653 3381 sentit
3682 3340 3736 3379 ca-

2285 3411 2480 3466 tholica
2510 3411 2790 3479 Ecclesia,
2820 3418 3171 3486 antiquormn
3206 3416 3418 3474 Patru'n
3445 3419 3656 3488 dogmatis
3676 3419 3736 3469 irr-

2283 3499 2405 3553 buta
2442 3503 2544 3554 etsi
2579 3513 2771 3558 uterus
2830 3509 2896 3560 de
2932 3510 3018 3562 die
3047 3510 3102 3561 in
3140 3512 3249 3562 dies
3276 3511 3564 3564 insolescerct
3604 3509 3739 3577 (placet

2281 3589 2420 3642 enim
2450 3589 2778 3648 Tertulliani
2813 3597 2984 3652 verba
3012 3599 3105 3653 lib.
3128 3599 3201 3653 De
3229 3615 3378 3653 carne
3404 3597 3592 3664 Christi,
3609 3611 3692 3664 cap.
3708 3593 3737 3649 ιι

2284 3681 2561 3747 repudiata
2606 3683 2748 3740 licet
2789 3689 2966 3756 ipsius
3011 3694 3295 3758 sententia,
3346 3691 3577 3759 retinere)
3613 3700 3738 3757 aram

2282 3781 2479 3836 tarneu,
2516 3779 2772 3844 anxium,
2803 3781 3065 3836 incertum
3098 3783 3391 3838 libidinibus
3411 3781 3585 3852 fastidii
3607 3788 3641 3832 et
3661 3776 3740 3844 guis

2281 3864 2591 3929 neutiquam
2618 3866 2830 3934 fuisse;
2855 3870 3008 3927 foras
3037 3888 3164 3928 vero
3191 3875 3438 3942 infantem
3470 3888 3558 3926 non
3576 3865 3741 3924 cuiuisi:

2280 3953 2665 4022 impedimentis
2699 3961 2989 4029 profusum
3021 3974 3073 4018 et
3109 3967 3321 4019 oblitum
3345 4005 3358 4029 ,
3402 3957 3738 4034 quemadmodum

2278 4047 2399 4100 aliis
2426 4049 2687 4106 omnibus
2723 4059 3019 4124 puerperis
3066 4059 3204 4112 solet
3237 4061 3544 4126 contingere,
3570 4054 3640 4108 sed
3675 4049 3742 4102 θῦε·

2279 4154 2381 4207 que
2409 4139 2529 4192 ullis
2561 4141 3007 4210 inquinamentis
3023 4157 3078 4202 et
3091 4149 3334 4204 sordibus
3357 4143 3741 4218 prodiisseonm'

2279 4231 2462 4281 obrem
2514 4241 2736 4286 eanone
2755 4235 2826 4290 79
2871 4239 3068 4306 synodi
3095 4241 3403 4308 quinisextte
3419 4241 3656 4305 abrogatur
3669 4244 3742 4284 con'

2280 4318 2504 4372 snetudo
2524 4332 2554 4369 a
2585 4324 2874 4381 nonnullis
2895 4327 3179 4384 observari
3203 4331 3352 4386 solita
3376 4329 3470 4383 illis
3490 4321 3741 4394 temporibus,

650 4416 886 4485 ﬁgentia,
911 4419 963 4470 in
993 4417 1223 4488 Origene
1253 4435 1562 4489 expressum
1591 4436 1692 4475 non
1726 4432 1829 4476 est.
1858 4420 1950 4475 Sui
1977 4438 2104 4493 ergo
2127 4426 2175 4479 ei
2208 4427 2251 4482 D
2282 4407 2512 4461 ⁸ί¹¹¹ί¹³¹¹¹
2540 4415 2833 4478 αοίιιιθιιιιί
2865 4429 2993 4484 Ροει
3019 4420 3162 4473 diem
3207 4419 3488 4474 naliVm'iS
3528 4411 3692 4470 Chris‘i'
3715 4417 3744 4457 ει

651 4504 919 4557 suﬁiciunt
941 4520 1174 4573 errores,
1204 4523 1299 4561 nec
1323 4507 1480 4561 alieni
1512 4517 1714 4564 temere
1740 4509 1863 4564 huic
1898 4510 2179 4582 allingendi

647 4601 789 4645 sunt.
825 4592 970 4646 Hanc
995 4596 1168 4662 potius
1194 4597 1328 4650 Sixti
1364 4598 1616 4652 Senensis
1635 4599 2028 4654 adnotationem
2054 4603 2177 4666 156,

645 4693 766 4749 quia:
792 4679 882 4732 lib.
914 4695 962 4733 vr
993 4681 1238 4737 Biblioth.
1273 4685 1474 4738 intexta
1507 4695 1610 4751 est,
1636 4687 2012 4741 admittamus:
2048 4706 2066 4739 ι
2103 4687 2182 4741 In-

650 4768 837 4838 tclligit
868 4768 1092 4823 fortasse
1117 4770 1396 4841 Origenes,
1421 4787 1526 4827 non
1554 4774 1619 4827 de
1649 4775 1962 4845 purgatione
1985 4777 2050 4828 ab
2084 4777 2185 4828 im-

647 4858 921 4913 munditiis
957 4868 1011 4913 et
1035 4862 1284 4916 sordibus
1309 4871 1515 4930 partus,
1546 4863 1740 4930 quibus
1789 4865 1917 4919 nulli
1956 4865 2174 4919 dubium

646 4955 729 4999 est
755 4946 969 4999 Mariam
1003 4964 1104 5002 non
1137 4951 1302 5004 fuisse
1322 4952 1626 5018 obnoxiam,
1671 4954 1763 5006 sed
1785 4953 1850 5007 de
1883 4952 2076 5008 ritibus
2125 4966 2178 5008 et

647 5034 999 5099 cteremoniis,
1036 5037 1228 5104 quibus
1257 5035 1468 5109 Moyses
1495 5055 1786 5108 puerperas
1821 5040 2038 5094 lustrari
2062 5042 2178 5110 jus-

643 5133 825 5181 serat;
857 5125 951 5176 has
975 5140 1191 5179 necesse
1217 5136 1333 5179 erat
1375 5129 1572 5181 servari
1623 5143 1651 5180 a
1693 5140 1862 5183 matre
1891 5129 2052 5196 illius,
2085 5134 2174 5199 qui

645 5210 814 5280 legem
864 5213 1176 5282 impleturus
1217 5225 1457 5278 venerat,
1507 5231 1610 5270 non
1638 5217 2024 5272 destructnrus.
2061 5237 2078 5268 ι
2110 5219 2178 5271 Il-

627 5298 734 5355 lud
771 5316 836 5356 ex
885 5317 951 5358 eo
984 5307 1350 5369 conﬁrmatur,
1388 5306 1530 5374 quod
1576 5307 1759 5360 bomil.
1808 5306 1843 5360 8
1899 5309 1953 5360 in
1990 5306 2173 5372 Levit.,

647 5407 790 5446 num.
819 5393 876 5458 2,
900 5396 1085 5449 scribit
1107 5394 1362 5464 Origenes
1389 5409 1482 5449 eas
1507 5396 1676 5449 solum
1713 5397 1964 5450 mulieres
1994 5397 2046 5449 in
2082 5412 2175 5464 pa-

648 5483 834 5537 riendo
865 5499 984 5539 esse
1015 5486 1335 5550 immundas,
1367 5500 1484 5554 qua:
1506 5487 1711 5540 semine
1741 5487 1971 5540 admisso
1995 5486 2176 5540 conci-

2279 4512 2395 4551 cam
2427 4497 2526 4550 sibi
2580 4499 2823 4558 invicem
2878 4507 3265 4576 impertiendi,
3313 4528 3331 4562 ι
3384 4506 3576 4563 honoris
3612 4498 3742 4556 scilicet

2281 4598 2538 4658 praetextu
2561 4597 2999 4653 secundinarum
3021 4601 3310 4670 impolluta:
3331 4601 3538 4669 Virginis
3559 4594 3740 4649 matrisn

2281 4677 2544 4731 rationem
2579 4682 2766 4738 reddit
2793 4691 3060 4756 synodus,
3098 4707 3220 4748 esse
3241 4692 3425 4761 quippe
3453 4688 3677 4757 ἀλόχευτον
3691 4678 3742 4728 τὸν

2280 4768 2344 4818 ὲκ
2373 4767 2470 4836 τῆς
2499 4770 2780 4839 παρθένου
2839 4777 2988 4832 θεῖον
3020 4781 3202 4846 τόκον,
3246 4784 3318 4846 ὡς
3354 4785 3440 4835 καὶ
3471 4779 3672 4847 ἀσπόρως
3693 4787 3743 4820 σθ’

2283 4855 2500 4909 στάντα.
2536 4877 2559 4910 ι
2610 4862 2953 4924 Secundinis
3001 4883 3278 4928 carentem
3330 4869 3542 4940 Virginis
3584 4864 3743 4919 divinum

2284 4954 2514 5012 partum,
2555 4959 2620 5002 ut
2645 4953 2742 5019 qui
2781 4957 3000 5014 semine
3040 4963 3297 5017 caruerit.
3333 4981 3351 5014 ι

2351 5032 2416 5087 ll.
2438 5034 2560 5088 Alia
2595 5055 2825 5112 quoque
2849 5062 2916 5103 ac
2940 5052 3166 5118 gravior
3193 5051 3478 5106 criminatio
3499 5061 3552 5101 ex
3576 5043 3640 5098 bis
3655 5040 3742 5106 91""

2281 5126 2398 5176 dem
2434 5125 2676 5183 homllias
2705 5133 2776 5185 μ
2804 5137 2862 5191 in
2899 5139 3100 5196 Lucam
3136 5143 3310 5198 verbis
3333 5143 3492 5196 oritur
3531 5156 3542 5191 :
3573 5149 3591 5186 l
3619 5131 3743 5196 0¹¹θ¹¹¹⁵

2283 5228 2494 5283 cunque
2523 5217 2591 5271 de
2616 5230 2782 5278 utero
2832 5225 3072 5286 effusum
3117 5247 3320 5288 .marem
3373 5230 3567 5288 dixeris,
3606 5234 3680 5277 non
3697 5214 3742 5266 sic

2283 5304 2452 5370 aperit
2491 5307 2717 5365 vulvam
2753 5319 2956 5373 matris
2975 5336 3110 5387 suae,
3139 5331 3198 5377 ut
3229 5322 3468 5378 Dominus
3492 5318 3640 5376 Jesust
3663 5305 3739 5374 (1⁸⁵³

2280 5397 2521 5452 omnium
2553 5403 2850 5463 mulierum
2887 5425 2995 5468 non
3029 5423 3219 5484 partus
3246 5414 3470 5477 infantis,
3491 5407 3569 5466 sed
3584 5400 3657 5457 viri
3671 5393 3739 5449 coi-

2283 5498 2369 5542 tus
2398 5487 2619 5546 vulvam
2651 5511 2890 5558 reserat.
2915 5502 3106 5564 Matris
3139 5523 3266 5564 vero
3292 5504 3484 5563 Domini
3507 5516 3558 5558 eo
3581 5495 3741 5561 ternilong

712 5676 758 5707 "
783 5675 899 5733 Job.
925 5694 1034 5746 xiv,
1062 5679 1114 5734 4.
1179 5680 1231 5739 κ⁹⁷
1260 5666 1399 5737 Ρὶςιιι.
1427 5679 1610 5748 χςιηἾ.
1687 5680 1730 5712 ⁸³
1761 5677 1879 5734 Job.
1909 5694 2011 5745 xiv,
2035 5677 2088 5745 4,
2116 5679 2162 5731 ὅ.

2278 5686 2281 5706 ’
2312 5683 2436 5754 Sap.
2467 5700 2592 5754 vm,
2622 5691 2718 5746 20.
