3894 6474
85 441 166 495 SH

907 438 1460 495 ORICENIANORUM
1498 438 1625 493 LIB.
1664 439 1728 503 Il,
1764 436 1911 492 CAP.
1953 436 2014 502 II,
2056 436 2324 501 QUAES'I‘.
2364 443 2453 497 IV.

3178 445 3279 498 842

96 550 231 604 vulva
251 555 508 601 reserata
554 559 663 615 est,
693 568 797 622 quo
829 564 880 608 et
934 567 1122 625 partus
1143 558 1336 622 editus,
1369 557 1489 626 quia
1524 572 1646 610 san-
1677 555 1720 612 Α
1747 551 1993 606 Basiliam
2035 564 2087 606 et
2114 555 2245 610 alios
2279 568 2551 624 prmterea,
2583 559 2674 626 qui
2719 557 2785 610 de
2817 556 3068 626 virginea:
3114 558 3280 613 vulvae

99 648 225 692 ctum
253 639 509 699 uterum,
559 647 619 691 et
646 643 792 694 onmi
826 641 1132 711 dignatione
1165 647 1521 700 venerationis
1553 661 1641 699 ve-

104 722 377 780 nerandum
406 735 542 780 ante
563 731 901 786 nativitatem
923 733 1122 789 Christi
1151 736 1414 789 masculus
1430 737 1645 792 omnino

105 832 196 870 non
241 815 446 885 tetigit.
487 836 507 868 ι
563 819 670 874 Ρει·
722 825 1102 878 reserationem
1159 826 1322 880 vulva:
1373 826 1642 880 Christum

102 907 282 961 editum
307 916 525 961 censet.
551 909 658 963 l’ar
673 921 754 966 est
773 912 1084 967 Tertulliani
1117 915 1398 983 cespitatio
1428 915 1478 967 in
1507 915 1643 970 libro

9 1061 15 1068 η
100 995 168 1050 De
190 1011 344 1048 carne
359 995 592 1061 Christi,
626 1015 742 1068 cap.
765 1001 854 1067 23;
882 1002 951 1055 ibi
979 1002 1170 1072 quippe
1189 1005 1396 1058 beatam
1422 1003 1641 1058 Mariam

98 1085 414 1152 virginitatis
450 1086 622 1141 decus
649 1089 987 1156 (integritatis
1009 1106 1194 1159 nempe
1217 1091 1492 1158 cujusdam
1521 1108 1642 1146 cor-

95 1175 251 1244 poris,
273 1190 397 1243 qua:
419 1177 725 1246 virginibus
751 1181 927 1235 inesse
952 1182 1104 1246 solet,
1126 1191 1177 1234 et
1200 1183 1369 1249 primo
1398 1183 1494 1235 viri
1517 1197 1644 1236 con-

94 1281 270 1336 gressu
301 1267 583 1320 obteritur
613 1283 676 1322 ac
706 1270 955 1340 violatur)
982 1282 1213 1324 reserata
1239 1271 1287 1323 in
1313 1281 1468 1338 partu
1487 1272 1641 1324 vulva

91 1355 328 1409 amisisse
368 1355 556 1411 docet.
591 1356 718 1412 Post
772 1361 874 1414 alia
906 1375 1033 1415 vero
1081 1362 1159 1415 sic
1189 1361 1438 1415 disserit:
1478 1366 1637 1415 Omne

86 1444 440 1498 masculinum
479 1446 785 1521 aldaperiens
831 1449 1054 1512 vulvam,
1101 1460 1337 1503 sanctum
1376 1453 1646 1504 vocabitur

88 1535 305 1588 Domino
331 1537 377 1589 ¹.
417 1556 436 1586 ε
472 1538 606 1604 Quis
649 1553 770 1594 vere
820 1552 1057 1604 sanctus,
1108 1557 1263 1609 quam
1304 1543 1390 1596 Dei
1435 1542 1643 1595 Filius?

85 1624 204 1691 Quis
253 1628 486 1693 pmprie
520 1618 732 1681 vulvam
771 1629 1066 1696 adaperuit,
1103 1647 1260 1697 quam
1287 1633 1374 1700 qui
1407 1633 1640 1686 clausam

85 1712 378 1779 patefecit?
420 1713 694 1768 Ca'ternm
740 1718 986 1771 omnibus
1044 1719 1236 1786 nuptiae
1287 1718 1636 1787 patefaciunt.

82 1801 261 1870 Itaque
295 1802 482 1870 magis
510 1803 779 1871 patefacta
810 1815 911 1869 est,
945 1806 1064 1874 quia
1089 1807 1257 1874 magis
1293 1817 1408 1859 erat
1439 1808 1636 1860 clausa.

81 1889 280 1962 Utique
313 1895 499 1962 magis
541 1909 645 1947 non
686 1895 834 1964 virgo
868 1896 1090 1950 dicenda
1117 1906 1197 1950 est
1242 1912 1398 1964 quam
1448 1897 1593 1963 virgo
1620 1940 1633 1960 ,
1671 1872 1711 1925 Β

81 1983 213 2037 saltu
241 1985 494 2050 quodam
524 1995 693 2037 mater
723 1993 1004 2052 antequam
1034 1995 1215 2053 nupta.
1252 1984 1316 2036 Et
1341 1984 1467 2052 quid
1497 1984 1633 2037 ultra

81 2073 139 2125 de
170 2073 273 2125 hoc
303 2063 720 2124 retractandum
748 2073 866 2125 est?
892 2087 1010 2124 cum
1051 2073 1150 2126 hac
1177 2074 1379 2124 ratione
1412 2073 1636 2139 Aposto-

82 2159 155 2213 lus
183 2175 293 2213 non
323 2175 394 2213 ex
427 2160 671 2229 Virgine,
718 2161 811 2213 sed
858 2176 924 2214 ex
958 2161 1180 2214 muliere
1217 2161 1413 2215 editum
1442 2161 1633 2214 Filium

82 2249 165 2302 Dei
201 2249 630 2316 prOnuntiavit,
669 2250 884 2316 agnovit
922 2249 1186 2317 adapertae
1232 2249 1398 2302 vulva:
1430 2250 1637 2318 nuptia-

82 2337 174 2391 lem
200 2339 553 2406 passionem.
592 2355 610 2388 ι
652 2338 902 2391 Eamdem
953 2341 1285 2407 postmodum
1337 2340 1635 2408 Opinionem

81 2429 465 2495 amplexusest
485 2426 802 2481 Jovinianus
830 2427 1130 2490 haereticus,
1160 2438 1212 2482 et
1245 2444 1358 2482 eam
1383 2429 1639 2496 hodieque

83 2529 296 2572 tuentur
366 2517 695 2572 heterodoxi
742 2528 1028 2582 nostrates,
1077 2527 1285 2572 uterum
1343 2519 1636 2587 virgineum

78 2607 286 2662 Christo
311 2609 629 2661 transeunti
683 2615 978 2660 reseratum
1031 2607 1265 2674 quidem,
1303 2617 1487 2675 patens
1539 2608 1639 2659 iter

80 2700 374 2768 praebuisse
389 2698 670 2762 docentes,
693 2697 785 2752 sed
802 2713 919 2751 mox
937 2697 1164 2755 divulsas
1195 2707 1370 2766 partes
1395 2697 1486 2751 Dei
1513 2707 1638 2749 nutu

78 2789 330 2856 pristinas
358 2787 658 2860 repetiisse
671 2787 843 2850 sedes,
864 2796 916 2839 et
939 2787 988 2838 in
1011 2801 1170 2839 unum
1196 2786 1473 2840 coaluisse.
1532 2786 1639 2840 Nec

80 2875 305 2928 multum
349 2875 486 2928 hinc
519 2873 726 2926 abludit
751 2873 1027 2928 Durandus
1063 2888 1093 2926 a
1124 2873 1323 2928 Sancto
1352 2875 1633 2940 Porciano,

78 2966 396 3020 inviolatum
423 2965 644 3034 quidem
669 2979 1039 3034 perseverasse
1071 2967 1390 3035 virginitatis
1409 2968 1638 3036 sigillum

80 3059 362 3119 deﬁniens,
393 3057 492 3111 sed
520 3055 876 3125 amplificatos
902 3065 1104 3111 meatus
1134 3061 1272 3112 viam
1301 3057 1633 3127 patefecisse.

140 3146 500 3217 Jrigeniante
553 3139 830 3200 sententia:
877 3149 1143 3200 contraria
1174 3148 1531 3202 decernuntur
1585 3149 1634 3200 in

81 3238 243 3302 prima
281 3237 644 3290 homiliarum
700 3238 752 3291 in
783 3238 1042 3301 diversos,
1066 3252 1182 3306 qua:
1222 3248 1490 3291 auctorem
1533 3252 1636 3291 non

76 3326 276 3380 habere
307 3324 613 3395 Origenem
643 3327 725 3381 vel
773 3327 896 3379 hinc
951 3333 1128 3394 potest
1182 3325 1502 3380 existimari.
1549 3325 1637 3380 Sic

75 3418 155 3473 illa
192 3439 206 3474 :
245 3438 265 3472 ι
299 3418 771 3485 Quemadmodum
805 3417 1002 3471 Danieli
1035 3417 1172 3470 intra
1210 3416 1384 3470 lacum
1424 3415 1634 3470 leonum

73 3513 283 3568 incluso
314 3515 363 3576 ⁸,
395 3510 656 3565 claustris
680 3525 784 3564 non
813 3510 1008 3578 apertis
1037 3509 1251 3561 allatum
1282 3515 1363 3563 est
1389 3507 1437 3561 ei
1475 3521 1640 3574 pran-

71 3604 217 3658 dium
249 3606 319 3659 ah
351 3602 647 3666 Habacuc;
689 3601 762 3654 ita
808 3610 860 3653 et
895 3605 1004 3654 haec
1042 3597 1199 3667 Virgo
1233 3607 1411 3651 saneta
1455 3597 1641 3664 genuit

68 3691 385 3756 Dominum,
410 3693 509 3746 sed
540 3693 738 3746 intacta
765 3689 1053 3757 permansit
1077 3705 1092 3748 ;
1125 3696 1292 3740 mater
1321 3686 1510 3740 eﬂ‘ecta
1533 3695 1636 3748 est,

66 3785 162 3838 sed
197 3784 582 3853 virginitatem
607 3795 710 3834 non
735 3779 944 3843 amisit;
979 3776 1162 3846 genuit
1185 3774 1461 3838 infantem,
1491 3783 1560 3835 et,
1584 3785 1641 3830 ut

62 3873 272 3929 dictum
330 3881 451 3937 est,
507 3871 658 3939 virgo
701 3869 1010 3937 permansit.
1057 3865 1222 3929 Virgo
1271 3877 1401 3931 ergo
1456 3863 1640 3932 genuit

63 3972 119 4017 et
170 3964 330 4032 virgo
385 3959 740 4029 permansit:
776 3967 948 4010 mater
983 3953 1103 4008 Filii
1133 3953 1270 4005 facta
1297 3962 1382 4004 est
1409 3989 1424 4013 ,
1457 3959 1512 4004 et
1553 3965 1640 4004 ca-

59 4057 271 4110 stitatis
326 4052 570 4121 sigillum
627 4063 732 4103 non
793 4045 1037 4115 perdidit.
1090 4061 1108 4093 ι
1161 4043 1332 4108 Atque
1381 4039 1505 4094 illud
1559 4049 1640 4094 est

58 4145 288 4213 optimae
349 4141 600 4202 Patrum,
659 4148 769 4189 tum
801 4133 1128 4196 Graecorum,
1163 4141 1271 4183 tum
1322 4129 1638 4183 Latinorum

55 4235 261 4301 partis,
297 4241 356 4285 et
383 4227 644 4296 Ephesini
669 4234 922 4294 praeterea
954 4221 1165 4276 concilii
1207 4219 1638 4286 decretum,per-

55 4331 231 4388 ρειυο
257 4317 532 4374 Ecclesia:
556 4312 837 4367 catholica:
887 4323 1154 4363 consensu
1192 4305 1591 4374 comprobatum
1622 4343 1636 4366 ,

52 4420 110 4464 et
140 4413 253 4466 hoc
296 4405 606 4462 Ezechielis
633 4402 908 4472 propheta:
940 4397 1156 4452 oraculo
1191 4394 1590 4448 corroboratum
1619 4409 1634 4445 :

1745 643 2015 709 apertione
2045 644 2290 697 similiter
2316 647 2598 701 disserunt.
2626 647 2729 701 Sed
2755 661 2817 701 ea
2835 649 3078 703 omnibus
3107 648 3170 702 iis
3189 665 3281 702 ex-

1744 733 1916 799 ceptio
1937 733 2229 786 adhibenda
2260 744 2360 801 est,
2419 750 2518 803 qua
2566 739 2629 791 ad
2665 738 2974 794 solvendum
3011 737 3277 793 Ambrosii

1746 821 1916 877 locum
1949 837 2074 876 usus
2095 832 2175 876 est
2193 822 2426 877 Thomas
2447 838 2497 892 p.
2531 841 2608 889 tu,
2627 841 2684 894 q.
2713 823 2803 889 28,
2833 841 2882 881 a.
2906 831 2962 890 2,
2992 830 3062 881 ita
3089 844 3279 898 nempe

1744 912 1946 966 locutos
1973 911 2155 967 Patres
2193 913 2328 976 illos,
2371 929 2490 966 cum
2525 914 2648 967 illud
2679 918 3016 985 evangelista:
3036 933 3272 984 expone-

1743 1012 1861 1055 rent
1889 1021 1901 1055 :
1941 1020 1959 1053 ι
1992 1001 2157 1057 Omne
2187 1003 2532 1057 masculinum
2561 1005 2875 1071 adaperiens
2898 1009 3125 1072 vulvam,
3153 1025 3276 1063 sau-

1744 1102 1882 1146 ctum
1917 1092 2135 1147 Domino
2152 1094 2461 1147 vocabitur‘
2487 1112 2502 1158 ;
2535 1113 2553 1144 ι
2581 1095 2718 1163 quod
2742 1096 2949 1162 quidem
2974 1113 3039 1151 ex
3064 1100 3272 1167 vulgata

1742 1179 1987 1249 loquendi
2010 1184 2390 1237 consuetudine
2423 1193 2732 1252 usurpatum
2768 1197 2867 1250 est,
2887 1201 2990 1240 non
3017 1187 3081 1240 ad
3111 1189 3276 1259 signi-

1743 1270 2006 1325 ﬁcandam
2037 1273 2261 1342 virginei
2290 1273 2506 1326 claustri
2549 1275 2902 1342 apertinncm.
2954 1279 3044 1330 sed
3073 1281 3270 1332 exitum

1744 1361 2000 1414 duntaxat
2031 1362 2192 1430 prolis
2218 1363 2283 1416 de
2307 1373 2474 1417 utero.
2506 1361 2721 1417 Thema:
2749 1367 3148 1434 responsionem
3181 1368 3273 1421 ἀει

1747 1449 1966 1504 femlnnt
2014 1452 2104 1504 alii
2156 1451 2418 1506 Ambrosii
2467 1462 2521 1507 et
2568 1453 2873 1524 Hieronymi
2918 1454 3043 1515 loci,
3081 1455 3274 1522 quibus

1747 1539 2007 1606 irruptum
2033 1555 2406 1610 perseverasse
2456 1542 2507 1594 in
2541 1544 2820 1611 puerperio
2852 1543 3176 1611 virginitatis
3203 1545 3276 1598 si-

1744 1627 1922 1695 gillum
1954 1629 2232 1682 manifeste
2268 1629 2502 1696 tradunt,
2538 1632 2710 1700 qualis
2744 1632 2829 1684 ille
2855 1642 2936 1685 est
2959 1633 3275 1688 Atnbrosiie

1745 1716 1878 1770 libro
1904 1717 1976 1770 De
2005 1718 2324 1771 institutione
2347 1721 2578 1788 virginis,
2615 1735 2732 1788 cap.
2772 1722 2836 1774 7:
2869 1739 2888 1772 r
2926 1721 3083 1774 Porta
3115 1723 3276 1791 igitur

1745 1805 1930 1868 Maria,
1953 1821 2044 1875 per
2071 1822 2227 1875 quam
2248 1807 2492 1863 Christus
2514 1809 2735 1863 intravit
2759 1812 2808 1863 in
2838 1812 2977 1865 hunc
3002 1813 3274 1878 mundum,

1744 1897 1958 1961 quando
1993 1895 2234 1962 virginali
2287 1897 2439 1951 fusus
2472 1907 2556 1952 est
2588 1909 2765 1966 partu,
2798 1909 2851 1952 et
2880 1901 3130 1968 genitalia
3161 1902 3273 1954 vir,

1743 1985 1984 2052 ginitatis
2020 1985 2249 2039 claustra
2296 2002 2398 2038 non
2457 1986 2633 2040 solvit.
2665 1985 2861 2041 Mansit
2902 1989 3273 2042 intemeratum

1743 2086 1947 2143 septum
1975 2077 2214 2144 pudoris,
2255 2086 2306 2130 et
2339 2078 2588 2131 inviolata
2641 2077 2968 2144 integritatis
3019 2079 3276 2133 (iuravere

1745 2164 2036 2231 signacula,
2097 2179 2215 2218 cum
2251 2165 2422 2218 exiret
2469 2180 2535 2218 ex
2568 2164 2821 2232 Virgine;
2873 2185 2890 2216 ι
2928 2174 2980 2219 ει
3026 2165 3112 2218 ille
3165 2167 3278 2233 ipse

1744 2251 2047 2323 Hieronymi
2072 2269 2100 2307 ε
2135 2254 2226 2308 lib.
2275 2271 2310 2308 tt
2342 2267 2519 2309 contra
2563 2254 2858 2323 Pelagium,
2884 2270 3039 2324 quem
3089 2254 3266 2326 Orige~

1743 2341 1904 2394 niano
1935 2343 2163 2396 similem
2193 2358 2313 2397 esse
2339 2344 2449 2398 vult
2476 2343 2872 2411 Genebrardus,
2905 2346 3102 2414 quique
3141 2347 3190 2400 ei
3211 2362 3276 2400 ex

1743 2429 2000 2485 diametro
2020 2433 2291 2500 oppositus
2312 2445 2414 2486 est.
2449 2435 2524 2488 En
2569 2435 2715 2487 illum
2742 2452 2755 2486 :
2791 2452 2810 2485 ‹
2848 2435 3006 2489 Solus
3031 2435 3279 2490 Christus

1744 2517 1954 2571 clausas
1987 2531 2170 2586 portas
2200 2521 2364 2575 vulva:
2391 2523 2664 2591 virginalis
2696 2526 2922 2590 aperuit,
2951 2540 3068 2592 qua:
3101 2534 3276 2578 tamen

1743 2605 2161 2675 clauszejugiter
2203 2617 2628 2675 permanserunt.
2661 2628 2680 2660 ι
2721 2609 2914 2664 Utilius
2957 2625 3085 2677 ergo
3125 2625 3276 2663 suam

1744 2690 1962 2759 Origeni
1996 2695 2304 2747 excusando
2335 2705 2585 2748 navasset
2629 2710 2844 2763 operam
2881 2696 3274 2754 Genebrardus.

1745 2779 1790 2835 si
1816 2781 2036 2835 dixisset
2083 2785 2148 2836 de
2187 2781 2370 2850 Mariae
2419 2784 2726 2851 virginitate
2773 2786 3177 2855 haudquaquam
3213 2789 3278 2840 ab

1743 2870 1968 2941 Origene
1991 2872 2156 2926 fuisse
2176 2874 2492 2937 detractum,
2524 2874 2731 2928 etiamsi
2763 2876 3059 2942 perfractas
3092 2878 3144 2929 in
3179 2891 3276 2954 pa-

1744 2963 1932 3017 riendo
1963 2963 2292 3032 virginitatis
2352 2965 2497 3018 fores
2540 2965 2827 3019 crediderit
2885 2964 3059 3036 (quod
3106 2965 3274 3032 ipsum

1743 3059 1919 3106 tamen
1949 3054 2014 3107 ab
2043 3053 2280 3108 Ecclesia
2320 3055 2797 3124 reprobatumest);
2837 3070 2938 3108 non
2975 3055 3026 3106 in
3060 3055 3277 3123 integri-

1744 3151 1849 3197 tate
1876 3145 2068 3212 quippe
2082 3145 2278 3209 carnis,
2306 3145 2463 3199 sedin
2478 3145 2743 3200 constanti
2775 3144 3060 3200 voluntatis
3087 3159 3276 3213 propo-

1743 3231 1842 3284 sito
1875 3233 2232 3302 virginitatem
2259 3235 2590 3288 consistere:
2640 3249 2762 3287 nam
2797 3252 2814 3284 ι
2848 3233 3126 3302 lntegritas
3155 3250 3275 3289 cor-

1740 3322 1942 3389 poralis
1974 3324 2194 3377 membri
2222 3338 2314 3390 per
2341 3322 2586 3378 accidens
2611 3338 2668 3377 se
2695 3323 2856 3377 habet
2889 3325 2955 3376 ad
2995 3323 3273 3404 virginita-

1745 3425 1870 3472 tem.
1908 3412 1958 3464 in
1978 3421 2231 3480 quantum
2254 3412 2457 3468 scilicet
2483 3428 2578 3482 per
2610 3413 2711 3467 hoc
2739 3413 2878 3479 quod
2903 3424 2969 3467 ex
3005 3414 3276 3482 proposito

1741 3504 2038 3558 voluntatis
2065 3503 2301 3558 abstinet
2325 3505 2446 3572 quis
2464 3520 2493 3557 a
2527 3504 2878 3559 delectatione
2907 3519 3154 3568 venerea,
3187 3521 3276 3558 re-

1739 3599 1918 3646 manet
1941 3592 2216 3659 integritas
2247 3591 2298 3643 in
2325 3592 2562 3645 membro
2585 3605 2859 3660 corporeo.
2900 3589 3051 3646 Unde
3077 3593 3120 3644 si
3147 3607 3276 3646 con-

1739 3682 1906 3751 tingat
1933 3683 2076 3751 quod
2109 3696 2200 3751 per
2223 3682 2384 3735 alium
2421 3683 2632 3736 modum
2667 3681 2846 3750 aliquo
2891 3696 3020 3736 casu
3051 3683 3274 3736 membri

1739 3769 2018 3838 integritas
2046 3778 2444 3838 corrumpatur,
2482 3784 2587 3824 non
2622 3769 2792 3838 magis
2826 3769 3139 3838 praeiudicat
3166 3771 3274 3821 vir-

1737 3863 1967 3930 ginitati,
1999 3876 2156 3929 quam
2193 3861 2234 3913 si
2282 3869 2654 3928 corrumpatur
2704 3877 2894 3915 manus
2941 3869 3032 3914 aut
3086 3876 3199 3927 pes.
3247 3880 3267 3912 ι

1739 3950 1911 4004 Verba
1940 3957 2062 4002 sunt
2086 3947 2143 4000 S.
2180 3946 2395 4001 Thomas
2435 3947 2552 4009 2-2,
2581 3963 2635 4014 q.
2669 3948 2790 4009 15%,
2835 3966 2883 4001 a.
2917 3948 2942 4000 1
2973 3965 2988 4000 :
3020 3965 3038 3997 ι
3071 3949 3272 4001 Notan-

1739 4038 1862 4090 dum
1896 4049 2045 4100 sane,
2077 4052 2095 4085 ι
2136 4035 2313 4101 inquit
2345 4034 2547 4103 Eligius
2581 4034 2948 4090 Noviomeusis
2978 4035 3159 4088 homil.
3214 4037 3268 4098 2,

1743 4146 1762 4178 ι
1799 4127 1935 4193 quod
1966 4126 2162 4179 dicitur
2194 4143 2207 4177 :
2242 4123 2408 4178 Omne
2433 4125 2779 4178 masculinum
2825 4127 3133 4191 adaperiens
3162 4128 3273 4178 vul-

1738 4233 1872 4280 vam,
1912 4216 2036 4283 quia
2071 4215 2154 4268 his
2179 4215 2356 4268 verbis
2383 4214 2708 4282 evangelista
2755 4229 2956 4269 morem
3005 4224 3272 4268 consuetae

1739 4306 2031 4358 nativitatis
2067 4305 2350 4372 expressit.
2411 4304 2473 4357 Et
2512 4319 2620 4357 non
2667 4305 2744 4358 sic
2803 4304 3024 4373 intelligi
3065 4305 3269 4370 voluit,

1741 4397 1878 4450 sicut
1906 4394 2100 4448 latrant
2137 4380 2395 4457 haeretici,
2451 4395 2592 4461 quod
2629 4393 2875 4446 Christus
2909 4403 3121 4464 uterum
3160 4410 3272 4447 ma—

53 4519 77 4554 e
119 4503 195 4556 Et
219 4500 367 4555 dixit
405 4495 668 4550 Dominus
694 4493 761 4544 ad
794 4505 876 4544 me
900 4507 912 4543 :
937 4486 1094 4541 Porta
1124 4486 1238 4539 [nec
1263 4484 1441 4536 clausa
1489 4483 1632 4536 erit:
1667 4521 1708 4574 Β
1743 4487 1838 4540 tris
1889 4486 2156 4540 nascendo
2185 4485 2493 4552 virginitate
2541 4484 2868 4549 privaverit;
2924 4497 3044 4536 cum
3077 4487 3274 4538 mulier

50 4607 168 4648 non
192 4590 506 4660 aperietur,
543 4593 598 4638 et
628 4597 733 4636 non
766 4577 1011 4634 transibit
1057 4590 1153 4644 per
1181 4590 1334 4626 eam:
1381 4571 1630 4639 quoniam

49 4682 337 4736 Dominus
384 4680 526 4730 Deus
551 4673 712 4727 Israel
744 4671 1014 4737 ingressus
1037 4676 1119 4719 est
1147 4679 1241 4732 per
1263 4676 1402 4724 eam,
1429 4661 1634 4728 eritque

47 4773 252 4827 clausa
295 4765 534 4838 principi
568 4764 607 4816 ³.
644 4782 663 4814 ι
691 4761 805 4826 Quo
835 4759 1089 4812 illibatam
1113 4763 1166 4807 et
1199 4753 1249 4806 in
1278 4758 1536 4818 conceptu
1581 4757 1633 4801 et

44 4862 105 4916 in
141 4837 316 4932 partu
380 4857 567 4910 Maria:
620 4851 982 4921 virginitatem
1033 4845 1297 4905 futuram,
1329 4837 1632 4932 Christique

43 4926 268 5020 cor-pus
309 4945 520 5003 clausis
561 4943 696 4996 uteri
758 4936 1022 5008 repagulis
1057 4935 1245 4988 eodem
1300 4930 1456 4982 modo
1490 4926 1631 4979 foras

39 5019 446 5109 proditurum,
475 5049 581 5102 quo
601 5032 667 5084 ad
699 5026 986 5094 discipulos
1012 5021 1277 5076 obseratis
1308 5019 1509 5071 foribus
1538 5030 1630 5085 pe-

41 5131 331 5192 netravit,
362 5121 712 5194 praenuntiari
747 5115 1015 5170 aﬂirtnant
1056 5111 1238 5164 Patres
1268 5109 1526 5177 plerique.

126 5218 350 5272 Verum
385 5210 637 5279 Origenis
681 5201 1084 5274 reprehensioni
1132 5198 1410 5252 intercedit
1459 5195 1632 5249 Gene-

39 5309 306 5364 brardus
339 5302 558 5358 Collect.
594 5312 713 5365 cap.
744 5296 801 5356 6,
829 5302 886 5345 et
914 5289 1179 5355 Ambrosii
1219 5302 1283 5341 ac
1323 5284 1631 5354 Hieronymi

36 5398 457 5454 auctoritatem
495 5401 552 5445 et
581 5383 888 5452 exernplum
918 5379 1193 5446 praetexit,
1231 5391 1455 5446 quorum
1491 5384 1632 5426 uter-

35 5504 168 5556 que
207 5487 509 5539 claustrum
551 5469 888 5543 virginitatis
913 5484 942 5518 a
972 5468 1184 5521 Christo
1216 5467 1267 5520 in
1293 5475 1444 5532 partu
1471 5478 1630 5556 aper-

37 5554 175 5634 tum
229 5577 398 5630 fuisse
447 5569 604 5626 dicit.
655 5560 967 5626 Adinngere
997 5565 1199 5618 poterat
1250 5554 1624 5616 Athanasium,

111 5735 130 5763 ³
175 5730 305 5788 Luc,
333 5725 509 5794 ",95.
589 5713 770 5765 ’Dan.
794 5722 916 5769 XIV,
941 5707 1022 5759 ⁸56.
1098 5710 1116 5739 ³
1147 5709 1336 5762 Ezech.
1375 5722 1518 5773 XLIV,
1543 5709 1601 5762 2.

375 5821 663 5879 ΡΑτῐιοι.
695 5799 820 5856 Gn.
849 5798 1038 5861 XVII.

584 5949 604 5976 \

1739 4589 1839 4626 non
1873 4584 2002 4626 tunc
2032 4572 2391 4640 virginitatem
2421 4569 2652 4630 amittat,
2705 4568 2917 4635 quando
2962 4571 3120 4637 parit,
3179 4571 3272 4624 sed

1738 4663 1947 4727 quando
1967 4676 2086 4714 cum
2120 4662 2234 4712 viro
2263 4657 2484 4712 dormit.
2529 4675 2548 4708 ι
2590 4655 2701 4709 ΙΙυε
2733 4657 2942 4710 confert
2995 4661 3136 4726 quod
3167 4669 3276 4714 tra-

1736 4757 1844 4804 ctat
1876 4765 2000 4802 xxvr
2028 4751 2082 4802 in
2116 4748 2327 4808 Matth.,
2368 4763 2518 4801 num.
2557 4746 2647 4809 ‘25,
2691 4761 2812 4812 pag.
2847 4746 2971 4807 846,
3003 4766 3068 4802 ex
3109 4752 3273 4803 tradi-

1738 4838 1878 4890 tione
1904 4839 2130 4904 quadam
2176 4836 2368 4889 litteris
2406 4835 2680 4888 mandavit
2711 4832 2975 4900 Origenes
3007 4839 3075 4891 de
3101 4849 3274 4894 morte

1735 4925 2003 4977 Zachariae
2027 4926 2226 4978 idcirco
2251 4923 2417 4988 illata,
2447 4925 2570 4992 quia
2602 4922 2803 4985 Mariae,
2833 4932 3121 4988 postquam
3155 4926 3281 4978 Ser-

1734 5030 1969 5072 vatorem
2003 5017 2159 5069 enixa
2186 5025 2290 5078 est,
2318 5016 2369 5067 in
2403 5017 2632 5083 quodam
2676 5012 2861 5079 templi
2905 5011 3032 5065 loco
3065 5016 3288 5080 virgini-

1733 5108 1834 5161 bus
1865 5107 2128 5160 destinato
2182 5106 2478 5158 consistere
2538 5103 2896 5173 permisisset,
2943 5109 3004 5150 et
3063 5102 3294 5152 dixisset

1739 5214 1758 5246 ι
1789 5195 2190 5264 prohibentibus
2220 5211 2360 5260 eam,
2406 5195 2658 5262 quoniam
2691 5190 2857 5257 digna
2885 5193 2971 5238 est
3023 5187 3299 5252 virginum

1733 5286 1869 5350 loco,
1897 5301 2014 5337 cum
2037 5285 2105 5338 sit
2126 5287 2295 5354 virgo.
2327 5302 2345 5336 ι

1803 5375 1886 5427 Ill.
1917 5373 2130 5429 Beatam
2166 5374 2437 5443 Virginem
2466 5373 2676 5427 nullum
2718 5377 2960 5435 unquam
3009 5362 3078 5412 in
3114 5373 3178 5412 se
3193 5372 3322 5443 cort-

1732 5465 1939 5529 cepisse
1953 5474 2252 5531 peccatum.
2272 5442 2436 5518 hodie
2461 5460 2728 5516 Ecclesia:
2757 5457 3082 5509 ratumesh
3111 5455 3176 5496 ει
3213 5442 3338 5531 Ἱίτῖ·

1733 5552 1933 5605 dentini
1957 5553 2166 5606 concilii
2196 5554 2462 5606 firmatum
2496 5547 2844 5604 auctoritate
2873 5527 3348 5595 decretum.Qtt0

1676 5709 1696 5744 ἰ
1723 5708 1852 5762 an.
1881 5721 1939 5768 tt,
1961 5706 2051 5762 9.5.

2961 5769 3057 5829 27
