3894 6446
185 467 302 524 8ιὸ

1027 465 1586 528 ORIGENIANORUM
1626 467 1754 522 LIB.
1794 467 1859 534 11,
1900 466 2049 521 CAP.
2095 467 2157 531 Il,
2197 469 2468 534 QUIEST.
2509 471 2574 528 V.

3293 470 3324 528 8
3337 469 3402 526 ιθ

274 587 463 662 XXIX.
500 587 567 642 Et
611 605 791 646 rerum
825 596 1000 648 animo
1031 597 1332 649 carentium.
1361 591 1526 646 XXX.
1567 590 1756 649 Utrum
1787 593 1832 647 A
1865 588 2181 652 conditum,
2226 597 2283 641 ut
2333 598 2534 645 natura;
2569 590 2689 646 .iIla:
2729 590 3020 647 rationales
3068 592 3121 645 in
3153 604 3275 645 eum
3300 604 3400 662 pro

275 660 560 729 unicuique
618 663 762 730 genti
807 673 854 715 et
881 665 1073 716 homini
1114 666 1320 730 angelos
1369 665 1530 724 duos,
1575 664 1761 716 bonum

275 747 466 788 unum.
513 731 723 798 gratum
776 731 996 784 alterum
1030 733 1184 785 simul
1219 735 1456 786 assistere
1486 737 1759 798 putaverit.

275 799 474 853 XXXI.
506 796 657 851 Fons
682 799 1116 867 Origenianarum
1145 805 1206 853 de
1241 801 1430 865 angelis
1460 796 1762 856 tutelaribus

265 869 659 936 sententiarum
718 868 1027 936 ostenditur.
1098 869 1308 924 XXXII.
1393 869 1762 936 Astipulatores

267 935 470 989 Patres
518 949 874 988 recensentur.
923 935 1156 993 XXXIII.
1212 937 1305 991 Et?
1330 949 1377 988 et
1419 952 1481 988 ea:
1508 935 1763 1004 'Origenis

264 1006 632 1072 ﬂuctuatione
670 1005 910 1056 excusari
955 1017 1187 1072 possunt.
1243 1006 1472 1060 XXXIV.
1517 1006 1654 1069 Quid
1701 1011 1765 1061 de

260 1075 476 1144 cingetis
547 1073 928 1144 ψυχοπομποὶς
987 1077 1224 1142 apinatus
1303 1079 1369 1129 sit
1396 1114 1411 1134 .
1461 1075 1760 1144 indagatur.

262 1141 500 1197 XXXV.
547 1141 816 1208 Quaeritur
862 1144 983 1211 quid
1018 1141 1226 1197 senserit
1260 1144 1322 1198 de
1352 1143 1546 1211 angelis
1586 1141 1760 1200 remu-r

255 1212 611 1278 gerationum
673 1221 722 1263 et
785 1226 1048 1278 poenarum
1105 1214 1444 1266 administris.
1508 1212 1745 1268 XXXVI.

255 1277 465 1349 Utrum
496 1281 710 1341 angelos
743 1277 1038 1349 neutiquam
1068 1282 1373 1334 invocandos
1402 1297 1509 1334 esse
1537 1293 1752 1349 putave-

247 1351 348 1418 rit.
423 1348 696 1402 XXXVII.
757 1346 944 1400 Utrum
1011 1357 1060 1401 et
1127 1352 1382 1418 quomodo
1443 1346 1747 1404 cherubinos

253 1417 400 1470 Filii
453 1419 798 1485 cogitationes
834 1433 942 1470 esse
983 1419 1191 1471 dixerit.
1243 1418 1522 1472 XXXVIII.
1567 1419 1754 1472 Utrum

258 1488 544 1539 dwmones
594 1487 775 1540 nidore
829 1495 877 1537 et
942 1487 1187 1556 sanguine
1244 1488 1387 1554 pasci
1431 1489 1754 1542 existimave—

246 1556 345 1609 rit.

245 1646 293 1701 1.
323 1644 725 1716 Origenianam
754 1646 819 1699 de
845 1645 1046 1713 angelis
1075 1644 1366 1700 doctrinam
1394 1687 1408 1711 ,
1438 1647 1538 1700 iter
1588 1646 1750 1701 insti-

171 1743 360 1789 tutum
405 1741 818 1802 prosequentes,
850 1735 1194 1802 explicemus.
1223 1735 1300 1788 Ac
1322 1735 1628 1802 angelorum
1661 1749 1755 1790 no-

171 1825 353 1886 mine,
389 1831 507 1876 tum
536 1825 707 1876 bonos
735 1824 970 1895 angelos,
1005 1835 1109 1878 tum
1139 1824 1326 1884 malos,
1352 1827 1440 1894 qui
1472 1827 1602 1878 dazm
1621 1839 1755 1878 ones

1862 674 2069 727 meritis
2086 674 2401 728 demitteren
2411 685 2510 729 tur.
2530 679 2688 746 Atqui
2709 679 2825 734 sine
2856 681 3052 734 mundo
3073 680 3235 735 Deum
3267 696 3400 734 nun-

1862 778 2018 833 quam
2048 763 2214 817 fuisse
2233 762 2370 817 idem
2392 767 2746 834 opinabatur;
2779 771 2853 822 ait
2871 773 3012 824 enim
3043 771 3131 825 lib.
3161 787 3216 825 ιιι
3261 772 3400 840 Περὶ

1862 853 2078 922 ἀρχῶν,
2123 865 2242 920 cap.
2279 851 2336 916 5,
2383 869 2529 907 num.
2562 855 2596 908 5
2636 871 2650 909 :
2707 877 2725 908 ι
2772 857 2826 911 Si
2866 861 3030 929 cmpit
3070 861 3298 914 mundus
3334 876 3399 914 ex

1866 956 2102 1013 tempore
2127 983 2142 1008 ,
2177 943 2304 1011 quid
2334 954 2458 998 ante
2488 943 2719 998 faciebat
2764 947 2902 1003 Deus
2924 988 2940 1012 ,
2974 964 3135 1018 quam
3171 951 3396 1004 mundus

1865 1034 2165 1103 inciperet?
2201 1035 2439 1091 Otiosam
2478 1034 2618 1086 enim
2647 1043 2702 1088 et
2733 1035 3053 1096 immobilem
3091 1039 3269 1092 dicere
3307 1054 3395 1092 na-

1867 1135 2038 1180 turam
2079 1125 2214 1188 Dei,
2258 1125 2479 1193 impium
2514 1133 2596 1176 est
2630 1124 2786 1178 simul
2833 1135 2888 1180 et
2936 1127 3223 1180 absurdum
3249 1165 3264 1194 ,
3311 1127 3398 1182 vel

1866 1223 2052 1282 putare
2083 1214 2224 1284 quod
2279 1214 2486 1267 bonitas
2527 1211 2808 1280 aliquando
2851 1211 2988 1266 bene
3023 1228 3123 1268 non
3171 1215 3394 1280 fecerit,

1867 1305 1946 1359 vel
2000 1291 2382 1370 omnipotentis
2440 1303 2724 1371 aliquando
2774 1319 2877 1355 non
2933 1303 3098 1370 egerit
3149 1316 3398 1372 potenta-

1867 1407 1999 1450 tum.
2046 1413 2064 1447 ι
2094 1397 2256 1459 Igitur
2287 1409 2352 1448 ne
2383 1394 2668 1447 rationales
2697 1394 2908 1461 quidem
2945 1407 3148 1460 naturae
3166 1410 3230 1446 ex
3264 1405 3398 1450 temu

1866 1501 1994 1555 pore
2033 1500 2149 1540 esse
2185 1493 2478 1552 coeperunt.
2521 1482 2670 1538 Unde
2702 1483 3006 1538 necessario
3038 1484 3279 1551 sequitur
3305 1499 3396 1538 eas

1866 1575 1933 1629 ab
1967 1575 2112 1629 omni
2153 1588 2264 1628 aevo
2312 1574 2554 1628 conditas
2603 1588 2632 1626 a
2683 1573 2794 1627 Deo
2831 1571 3022 1637 fuisse;
3081 1581 3188 1625 tum
3237 1574 3398 1626 variis

1867 1663 2038 1717 modis
2083 1662 2371 1716 voluntatis
2410 1661 2655 1715 libertate
2683 1676 2806 1715 usas
2833 1699 2849 1724 ,
2905 1662 3000 1716 bas
3039 1669 3182 1714 recte
3205 1701 3220 1727 ,
3257 1661 3398 1715 male

1868 1753 1986 1807 illas
2023 1753 2194 1821 egisse
2217 1790 2231 1816 ,
2267 1753 2565 1818 statimque
2593 1751 2882 1804 sceleribus
2909 1763 3088 1804 carum
3117 1751 3394 1817 expiandis

1867 1843 2122 1895 mundum
2170 1841 2336 1895 fuisse
2380 1840 2727 1894 fabrefacmm
2777 1840 2828 1895 in
2872 1856 3028 1910 quem
3060 1842 3396 1896 detruderen-

171 1914 564 1984 θρρθηθηιυνν
622 1915 1120 1982 comprehendimus
1144 1955 1159 1979 9
1208 1916 1455 1983 quoniam
1498 1916 1752 1984 permisla
1787 1907 1830 1963 Β
1858 1939 1964 1997 tur,
1994 1933 2126 1984 adeo
2145 1939 2201 1983 ut
2226 1932 2335 1984 haec
2366 1943 2424 1984 re
2449 1929 2572 1984 licet
2599 1930 2830 1996 diversa,
2859 1907 3017 1985 simul
3049 1939 3221 1984 tamen
3272 1946 3398 1985 con-

169 2013 384 2072 sponte
435 2018 540 2057 sua
595 2011 652 2056 et
683 2004 957 2058 colla-rens
1007 2012 1089 2058 est
1138 2013 1487 2074 utrorumque
1537 2004 1747 2058 notitia.

185 2089 409 2146 Horum
471 2099 727 2145 naturam
790 2095 900 2147 suis
957 2093 1281 2159 temporibus
1341 2095 1570 2146 nomium
1623 2094 1751 2148 satis

172 2191 374 2250 aperte
405 2182 582 2238 fuisse
616 2181 882 2251 cognitam
907 2223 924 2247 ,
956 2198 1054 2238 nec
1077 2183 1323 2238 Ecclesia:
1351 2184 1751 2238 deﬁnitionibus

171 2273 545 2340 explanatam
579 2274 770 2328 scribit
815 2275 1072 2344 Origenes
1105 2277 1156 2329 in
1207 2275 1464 2344 prooemio
1491 2275 1748 2329 librorum

172 2361 320 2430 Περὶ
352 2362 588 2432 ἀρχῶν,
613 2378 762 2416 num.
789 2363 854 2417 10
880 2381 894 2416 :
919 2382 937 2414 ι
960 2364 1053 2418 Est
1079 2365 1236 2418 etiam
1268 2365 1390 2418 illud
1423 2364 1474 2418 in
1503 2364 1754 2419 ecclesia-

173 2453 321 2506 stica
362 2451 760 2518 praedicatione
787 2491 804 2516 ,
832 2465 952 2507 esse
978 2454 1194 2522 angelos
1225 2455 1312 2508 Dei
1356 2455 1614 2522 quosdam
1643 2495 1659 2520 ,
1695 2463 1749 2510 et

173 2541 419 2595 virtutes
455 2541 655 2604 bonas,
684 2540 776 2608 qui
813 2541 862 2594 ei
900 2541 1199 2595 ministrant
1225 2542 1291 2596 ad
1324 2542 1550 2596 salutem
1576 2543 1751 2596 homi-

173 2647 307 2687 num
342 2620 844 2686 consummandam
869 2649 885 2696 ;
915 2631 1007 2686 sed
1034 2633 1248 2701 quando
1277 2633 1361 2687 isti
1390 2634 1553 2688 creati
1603 2636 1711 2689 sint
1733 2678 1748 2702 ,

171 2721 519 2792 VeLquales,
553 2727 648 2773 aut
675 2721 942 2788 quomodo
971 2721 1099 2786 sint,
1129 2736 1232 2776 non
1265 2723 1395 2776 satis
1424 2723 1476 2777 in
1512 2724 1742 2779 manife-

169 2825 262 2868 sto
297 2814 652 2882 designatur.
689 2829 708 2862 ι
741 2811 806 2864 Et
845 2811 1004 2878 paulo
1031 2813 1276 2878 superius
1323 2827 1469 2868 num.
1499 2812 1572 2866 6:
1607 2829 1628 2864 ι
1673 2813 1748 2868 De

167 2903 400 2958 diabolo
436 2943 452 2965 ,
481 2912 540 2956 et
587 2903 794 2970 angelis
839 2901 992 2970 ejus,
1024 2903 1412 2970 contrariisque
1457 2904 1746 2962 virtutibus

167 2991 562 3047 ecclesiastica
599 2989 910 3059 praedicatio
938 2989 1139 3053 docuit,
1167 2991 1424 3059 quoniam
1454 2989 1582 3046 sunt
1628 2995 1748 3063 qui-

169 3081 298 3133 dem
331 3079 459 3132 luec
489 3095 503 3131 :
540 3091 661 3146 quae
692 3085 867 3130 autem
891 3077 996 3131 sint
1022 3111 1038 3140 ,
1069 3085 1159 3132 aut
1186 3078 1450 3146 quomodo
1477 3080 1605 3145 sint,
1640 3096 1745 3136 non

171 3167 318 3220 satis
349 3167 507 3220 clare
543 3164 814 3233 exposuit.
841 3164 992 3232 Apud
1022 3164 1280 3234 plurimos
1310 3173 1486 3221 tamen
1515 3167 1616 3222 ista
1653 3169 1747 3223 ba-

168 3255 338 3311 betur
365 3253 557 3324 opinio
579 3291 595 3315 ,
627 3253 771 3321 quod
801 3250 1027 3320 angelus
1063 3250 1225 3306 fuerit
1252 3251 1353 3306 iste
1377 3252 1619 3310 diabolus
1644 3295 1660 3322 ,
1692 3265 1746 3311 et

165 3357 432 3418 apostata
488 3343 717 3400 effectus
752 3341 1175 3412 quamplurimos
1219 3344 1528 3413 angelorum
1565 3361 1745 3404 secum

165 3440 467 3492 declinare
522 3433 894 3504 persuaserit,
927 3432 1017 3500 qui
1070 3442 1125 3502 et
1176 3449 1316 3489 nunc
1355 3449 1519 3504 usque
1567 3438 1743 3506 angeli

167 3528 355 3597 ipsius
393 3532 808 3592 nuncupantur.
863 3540 884 3574 ›
923 3521 1180 3577 Proclivis
1215 3537 1340 3593 ergo
1388 3535 1502 3578 erat
1527 3525 1740 3595 Origcni

165 3619 225 3672 in
261 3631 327 3671 re
362 3615 581 3669 lubrica
612 3620 667 3666 et
711 3612 912 3664 incerta
944 3609 1125 3680 lapsus
1148 3650 1162 3671 ,
1197 3622 1436 3680 prompta
1471 3623 1527 3667 et
1573 3613 1746 3670 facilis

166 3708 228 3762 in
259 3704 517 3762 tenebris
547 3700 796 3756 offensio.
847 3697 914 3752 Et
948 3698 1049 3751 fuit
1087 3710 1214 3750 sane
1257 3698 1528 3766 multiplex
1557 3743 1572 3764 ,
1621 3704 1742 3757 dum

163 3797 403 3869 ingenio
419 3808 524 3848 suo
553 3791 718 3848 nimis
747 3788 980 3844 conlisus
999 3796 1151 3841 extra
1177 3785 1321 3841 oleas
1364 3803 1743 3859 nonnunquam

161 3888 495 3957 divagatur.
532 3881 755 3950 Singula
788 3881 875 3934 hic
913 3880 1189 3935 enucleate
1219 3881 1548 3936 discutienda
1600 3892 1743 3936 sunt.

239 3977 312 4032 1-1.
354 3973 725 4044 Quaerendum
767 3969 947 4040 priore
983 3968 1100 4023 loco
1141 3968 1269 4022 illud
1318 3977 1441 4034 est,
1475 3985 1582 4039 quo
1609 3980 1742 4024 tem-

156 4084 310 4139 pore
336 4064 579 4136 angelos
629 4078 658 4114 a
715 4062 822 4116 Deo
871 4062 1114 4118 conditos
1161 4061 1422 4131 Origenes
1453 4061 1740 4126 statuerit;

160 4173 358 4230 neque
387 4157 616 4227 angelos
640 4156 915 4218 duntaxat,
957 4153 1050 4208 sed
1086 4152 1313 4206 rationis
1338 4151 1506 4206 etiam
1531 4151 1742 4220 partici-

157 4267 269 4320 pes
295 4260 537 4306 naturas
566 4258 752 4298 omnes
775 4281 791 4306 ,
827 4244 939 4297 sive
970 4243 1238 4296 daemones
1262 4279 1278 4304 ,
1317 4240 1429 4296 sive
1479 4241 1744 4296 humanas

155 4343 418 4407 animas,
446 4341 566 4394 sive
595 4337 731 4390 alias
753 4347 1098 4403 quascunque
1124 4333 1266 4402 (nam
1297 4342 1352 4387 et
1379 4332 1509 4386 alias
1538 4331 1741 4402 pleras-

153 4451 281 4506 que
316 4431 560 4488 rationis
605 4434 878 4494 compotes
907 4437 1026 4476 esse
1076 4423 1260 4492 sensit)
1304 4424 1553 4491 quoniam
1593 4423 1744 4492 ejus-

1854 2021 2092 2088 tigerint.
2128 2019 2277 2085 Quod
2317 2028 2374 2072 ιιι
2410 2019 2786 2073 Adamantium
2823 2020 2894 2073 ita
2925 2020 3156 2074 sensisse
3191 2029 3394 2088 putem,

1853 2109 1979 2164 facit
2007 2108 2407 2162 Platonicorum
2444 2110 2797 2163 recentiorum
2830 2109 3142 2173 auctoritas,
3166 2123 3391 2175 quorum

1853 2199 2152 2254 consimilis
2181 2207 2296 2252 erat
2323 2199 2703 2268 prapemodum
2738 2198 2926 2252 iisdem
2966 2199 3032 2252 de
3071 2199 3231 2253 rebus
3271 2215 3394 2253 sen-

1852 2290 2040 2353 tentia,
2065 2297 2121 2342 ut
2141 2299 2224 2343 est
2250 2291 2389 2359 apud
2422 2290 2774 2357 Augustinum
2803 2289 2894 2344 lib.
2929 2305 2962 2342 x
3019 2289 3093 2342 De
3115 2289 3249 2343 civit.
3275 2288 3390 2354 Dei,

1850 2393 1967 2449 cap.
2001 2380 2088 2434 3i.
2129 2379 2283 2436 Facit
2327 2389 2379 2435 et
2428 2382 2528 2436 iste
2565 2380 2876 2450 Hieronymi
2917 2382 3065 2435 locus
3099 2381 3164 2434 ad
3212 2394 3330 2449 cap.
3374 2395 3391 2433 ι

1853 2469 2019 2537 Epist.
2050 2471 2116 2522 ad
2149 2468 2324 2522 Titum
2356 2486 2372 2522 :
2418 2487 2437 2521 ι
2475 2470 2579 2524 Sex
2610 2469 2772 2522 millia
2800 2469 3024 2523 necdum
3060 2469 3229 2523 nostri
3246 2467 3393 2524 orbis

1851 2558 2142 2628 implentur
2189 2560 2360 2624 anni;
2421 2570 2476 2614 et
2529 2568 2760 2628 quantas
2817 2561 2968 2628 prius
3018 2559 3389 2624 acternitates,

1851 2659 2046 2719 quanta
2089 2657 2348 2718 tempora,
2366 2659 2599 2718 quantas
2617 2649 2932 2704 saeculorum
2964 2651 3199 2718 origines
3226 2650 3392 2705 fuisse

1851 2737 2217 2791 arbitrandum
2243 2745 2354 2802 est,
2385 2737 2438 2790 in
2467 2737 2660 2805 quibus
2685 2737 2880 2806 angeli,
2920 2739 3119 2803 throni,
3147 2737 3390 2790 domina—

1854 2827 2043 2890 tiones,
2084 2836 2396 2896 caeterazque
2433 2827 2656 2879 virtutes
2689 2827 2974 2880 servierint
3008 2827 3136 2889 Deo,
3169 2835 3224 2879 et
3265 2826 3389 2880 abs-

1854 2930 1958 2984 que
2013 2925 2310 2985 temporum
2339 2917 2545 2971 vicibns
2571 2927 2732 2986 atque
2754 2917 3017 2970 mensuris
3038 2916 3144 2969 Deo
3168 2915 3391 2984 iubente

1847 3004 2226 3060 substiterint?
2261 3023 2281 3057 ι
2322 3004 2443 3059 Haec
2476 3005 2868 3074 Origenismum
2916 3004 3131 3072 sapiunt
3155 3041 3170 3065 ,
3211 3002 3388 3071 qualia

1851 3095 2018 3150 multa
2055 3096 2468 3151 Commentariis
2515 3097 2625 3150 suis
2670 3096 3023 3167 lliemnymus
3055 3107 3385 3165 asperserat.

1847 3185 2043 3240 Facilis
2081 3201 2222 3240 nunc
2246 3195 2326 3240 est
2357 3185 2566 3239 Leontii
2603 3185 2840 3256 Byzantii
2872 3185 3180 3240 intellectus
3202 3227 3216 3250 ,
3265 3201 3385 3239 cum

1847 3273 1920 3326 ait
1965 3265 2225 3326 Sc/zolior.
2257 3282 2359 3326 act.
2393 3274 2496 3326 lO:
2529 3274 2638 3327 Καὶ
2674 3274 2874 3338 οὕτως.
2909 3276 3115 3344 inquit,
3139 3277 3265 3347 περὶ
3289 3278 3388 3347 τῆς

1847 3361 2234 3433 προῦπάρξεως
2278 3362 2522 3428 ἐδόξαζεν
2579 3363 2908 3435 (Ὠριγένης)
2945 3363 3133 3428 οὕτως,
3167 3366 3249 3418 ὅτι
3283 3365 3386 3438 πρὸ

1843 3450 1951 3504 τῶν
1989 3449 2196 3505 αἰώνων
2229 3451 2343 3514 vos;
2377 3447 2514 3524 ἦσαν
2559 3453 2755 3515 πάντες
2796 3453 3044 3524 καθαροὶ,
3080 3455 3172 3508 καὶ
3193 3454 3244 3506 οἱ
3277 3453 3389 3509 δαε-

1848 3558 2024 3611 μονες,
2050 3543 2143 3596 καὶ
2183 3544 2238 3597 at
2263 3543 2455 3612 ψυχαὶ,
2493 3542 2588 3598 καὶ
2630 3544 2677 3596 oi
2719 3545 2938 3613 ﬁndet,
2959 3543 3388 3616 λειτουργοῦντες

1843 3629 1919 3700 τῷ
1955 3630 2092 3700 Θεῷ,
2135 3633 2228 3684 καὶ
2271 3631 2367 3695 τὰς
2414 3632 2630 3694 ἐντολὰς
2681 3631 2843 3686 αὑτοῦ
2899 3633 3190 3697 ποιοῦντες.
3236 3635 3293 3688 '0
3329 3637 3388 3704 δὲ

1841 3714 2080 3780 διάϐολος
2109 3712 2188 3780 εἷς
2215 3717 2310 3782 ὢν,
2346 3719 2531 3790 ἐπειδὴ
2557 3719 2619 3774 τδ
2661 3719 2998 3785 αὐτεξούσιον
3035 3718 3197 3792 εἶχεν,
3229 3725 3388 3794 ἠϐου-

1843 3804 1978 3874 λήθη
2005 3806 2317 3877 ἀντιστῆναι
2341 3809 2416 3878 τῷ
2441 3807 2575 3880 Θεῷ,
2603 3811 2693 3864 καὶ
2725 3810 2977 3866 ἀπώσατο
3000 3814 3155 3866 αὐτὸν
3171 3816 3199 3866 ὁ
3225 3815 3351 3877 Θεός
3371 3830 3386 3846 ο

1845 3895 2246 3964 συναπέστησαν
2270 3897 2326 3949 δὲ
2349 3897 2496 3966 αὑτῷ
2522 3900 2689 3953 πᾶσαι
2728 3901 2784 3953 αἱ
2811 3901 2964 3954 ἄλλαι
2989 3902 3263 3970 δυνάμεις,
3292 3903 3387 3958 καὶ

1843 3983 1890 4034 οἱ
1924 3982 2022 4052 μὲν
2062 3985 2200 4037 πάνυ
2236 3986 2647 4055 ἁμαρτήσαντες
2674 3989 2924 4058 δαίμονες
2964 3991 3204 4058 ἐγένοντο
3223 4009 3236 4021 ·
3255 3995 3302 4046 οἱ
3331 3992 3388 4044 δὲ

1843 4071 1922 4124 ἐτι
1957 4073 2192 4139 ἔλαττον,
2224 4075 2457 4142 ἄγγελοι·
2497 4078 2546 4128 οἱ
2582 4076 2638 4129 δὲ
2670 4077 2979 4131 ἐτιέλαττον
3017 4080 3336 4150 ἀρχάγγελοι
3367 4095 3382 4110 °

1842 4164 1935 4215 καὶ
1947 4163 2116 4226 οὕτως
2133 4163 2325 4234 ἐφεξῆς
2347 4163 2571 4228 ἕκαστος
2596 4167 2732 4236 πρὸς
2761 4167 2855 4237 τὴν
2881 4170 3083 4223 οἰκείαν
3116 4169 3386 4239 ἁμαρτίαν

1841 4253 2131 4306 ἀπέλαϐενο
2185 4254 2532 4308 ὑπελείποντο
2581 4256 2636 4308 δὲ
2673 4259 2727 4310 αἱ
2772 4258 2971 4328 ψυχαὶ,
3023 4259 3220 4324 αἵτινες
3267 4259 3386 4312 οὐδὲ

1841 4343 2068 4396 τοσαῦτα
2098 4340 2235 4415 ἦσαν
2271 4347 2670 4418 ἁμαρτήσασαι,
2709 4348 2795 4402 ἵνα
2822 4348 3068 4418 δαίμονες
3089 4350 3344 4418 γένωνται
3368 4367 3382 4381 ·

1841 4431 1958 4484 οὐδὲ
1987 4432 2146 4485 πάλιν
2163 4433 2302 4487 οὕτω
2328 4434 2686 4505 κουφοτέρως,
2727 4436 2813 4489 ἵνα
2849 4436 3063 4505 ἄγγελοι
3092 4437 3381 4506 γένωνται·

157 4527 299 4578 dem
371 4535 473 4573 eas
528 4528 718 4570 omnes
765 4527 886 4566 esse
925 4514 1063 4566 inter
1095 4525 1153 4565 se
1187 4519 1424 4574 naturae,
1461 4519 1516 4565 et
1550 4513 1736 4565 eodem

1851 4523 2092 4592 ἐποίησεν
2134 4521 2224 4578 οὖν
2266 4526 2355 4578 τὸν
2396 4527 2630 4594 παρόντα
2676 4527 2898 4597 κόσμον,
2940 4527 3033 4580 καὶ
3069 4528 3165 4600 τὴν
3211 4529 3386 4601 ψυχὴν

159 4623 435 4682 tempore
475 4622 506 4660 a
556 4606 664 4658 Deo
695 4602 975 4668 conditas,
1009 4611 1223 4669 tumque
1259 4600 1420 4654 fuisse
1459 4600 1602 4664 νόας,
1637 4601 1739 4655 hoc

156 4710 256 4756 est
284 4740 301 4766 ,
355 4708 595 4759 mentes;
650 4693 846 4747 deinde
877 4705 1004 4744 vero
1051 4700 1270 4759 propter
1299 4689 1478 4743 varios
1523 4690 1734 4744 illarum

157 4803 362 4848 motus
387 4831 403 4854 ,
459 4802 526 4841 ac
560 4786 828 4840 diversum
882 4781 1031 4835 liberi
1062 4782 1262 4835 arbitrii
1299 4797 1449 4835 usum
1483 4782 1534 4835 in
1562 4783 1738 4838 varios

157 4884 428 4943 ordines,
462 4879 579 4932 sive
605 4874 916 4941 angelorum
945 4907 962 4934 ,
999 4872 1111 4925 sive
1139 4871 1406 4924 hominum
1435 4910 1450 4933 ,
1498 4871 1611 4925 sive
1637 4873 1743 4926 dte-

161 4985 408 5026 monum
457 4966 810 5026 distributas,
851 4960 1116 5014 constanti
1161 4969 1215 5014 et
1256 4960 1443 5014 iterata
1474 4960 1739 5028 Origenes

162 5060 496 5117 assertione
525 5052 798 5123 prodidit,
838 5059 895 5103 ut
923 5065 1062 5118 saepe
1091 5051 1143 5104 in
1176 5049 1522 5118 sequentibus
1554 5059 1743 5104 osten-

163 5155 395 5208 demus.
430 5149 502 5202 At
521 5146 777 5215 quoniam
797 5144 948 5214 vulgo
972 5141 1201 5212 ignorari
1238 5139 1444 5202 scribit,
1473 5153 1580 5206 quo
1608 5148 1746 5192 tem-

162 5258 312 5313 pore
357 5251 567 5298 creatte
607 5238 716 5291 illa:
757 5236 867 5289 sint
894 5249 926 5288 a
959 5234 1087 5297 Deo,
1115 5247 1210 5287 nec
1241 5231 1525 5300 quidquam
1555 5239 1738 5298 aperte

164 5348 344 5402 super
371 5346 437 5385 ea
475 5343 536 5381 re
562 5324 831 5388 deﬁnivit,
857 5323 1175 5390 coniecturis
1197 5322 1454 5376 duntaxat
1481 5321 1737 5375 utendum

167 5430 281 5476 est.
333 5415 631 5474 Probabile
678 5412 813 5466 mihi
853 5413 1061 5479 quidem
1091 5413 1148 5464 ﬁt
1185 5420 1402 5464 naturas
1434 5408 1736 5477 hujusmodi

165 5512 248 5566 ab
293 5520 508 5562 aeterno
553 5511 774 5558 creatas
815 5515 845 5553 a
898 5500 1001 5554 Deo
1036 5501 1311 5568 Origenem
1357 5499 1734 5566 existimasse;

167 5597 646 5668 quemadmodum
680 5603 953 5655 nunquam
979 5605 1077 5642 non
1106 5591 1217 5644 sine
1240 5593 1356 5641 luce
1392 5587 1489 5641 sibi
1528 5603 1732 5657 coaava,

168 5692 301 5746 licet
339 5705 370 5743 ³
390 5681 748 5755 seproducte
783 5677 861 5729 sol
881 5675 992 5729 fuit.
1027 5677 1511 5732 Demonstrabimus
1535 5681 1736 5748 quippe

154 5779 336 5850 infra,
369 5779 717 5852 persuasum
754 5762 922 5853 {uisse
949 5767 1017 5822 illi
1050 5769 1296 5823 mundum
1337 5766 1534 5824 idcirco
1563 5783 1594 5823 a
1620 5769 1732 5828 Deo

1845 4612 2094 4682 συνέδησε
2127 4612 2206 4682 τῷ
2244 4611 2451 4682 σώματι
2484 4613 2620 4683 πρὸς
2660 4613 2892 4668 κόλασιν.
2930 4631 2950 4664 t
2999 4614 3172 4682 Atque
3201 4615 3273 4669 ita
3305 4615 3387 4666 in-

1849 4700 2002 4754 terim
2042 4703 2106 4755 de
2133 4703 2554 4770 praeexsistentia
2583 4701 2884 4775 (Origenes)
2927 4706 3228 4771 sentiebat,
3260 4714 3384 4760 ante

1847 4788 2036 4842 saecula
2063 4798 2268 4843 mentes
2298 4789 2462 4843 fuisse
2490 4805 2649 4857 puras
2674 4807 2862 4846 omnes
2883 4829 2900 4854 ,
2930 4803 2984 4845 et
3014 4793 3306 4858 daemones,
3327 4799 3385 4847 et

1847 4882 2072 4942 animas,
2101 4889 2158 4934 et
2189 4881 2405 4949 angelos
2431 4883 2798 4936 ministrantes
2829 4884 2957 4946 Deo,
2989 4884 3210 4953 ejusque
3234 4898 3384 4938 man-

1847 4970 1968 5021 data
1999 4979 2372 5038 exsequentes.
2422 4968 2698 5023 Diabolum
2728 4982 2904 5023 autem
2935 5009 2950 5034 ,
2981 4986 3102 5025 cum
3135 4988 3272 5028 unus
3297 4986 3385 5026 es-

1845 5069 1926 5112 set
1951 5099 1966 5123 ,
1999 5059 2251 5125 quoniam
2290 5057 2502 5112 arbitrii
2532 5058 2782 5114 libertate
2821 5058 3084 5126 pollebat,
3111 5062 3222 5118 Deo
3253 5061 3387 5116 resi-t

1842 5155 1986 5198 stere
2032 5146 2260 5200 voluisse
2289 5186 2304 5211 ,
2358 5161 2588 5214 eumque
2627 5163 2657 5200 a
2710 5147 2816 5201 Deo
2860 5145 3024 5201 fuisse
3069 5151 3384 5218 expulsum;

1843 5249 2053 5303 unaque
2075 5250 2194 5289 cum
2221 5236 2333 5304 ipso
2362 5237 2650 5292 descivisse
2663 5248 2848 5291 omnes
2875 5234 3011 5290 alias
3036 5237 3260 5292 virtutes
3284 5276 3300 5300 ,
3329 5246 3387 5290 et

1842 5339 1959 5393 quae
1985 5323 2102 5393 plus
2148 5337 2504 5394 peccassent,
2532 5328 2800 5381 daemones
2833 5324 3103 5388 evasisse;
3137 5340 3258 5392 qua:
3285 5323 3389 5378 mi-

1843 5429 1942 5468 nus
1967 5453 1982 5479 ,
2011 5415 2228 5482 angelos
2258 5433 2274 5483 ;
2308 5432 2425 5484 qua:
2453 5418 2630 5472 minus
2673 5418 2836 5472 etiam
2861 5451 2878 5478 ,
2917 5414 3296 5482 archangelos;
3330 5421 3388 5465 et

1843 5504 1914 5558 ita
1962 5515 2352 5575 consequenter
2401 5519 2836 5576 unumquemque
2877 5518 2974 5572 pro
3021 5516 3118 5556 suo
3165 5510 3388 5568 peccato

1844 5597 2108 5664 recepisse
2141 5598 2413 5666 praemium
2448 5616 2462 5652 :
2497 5597 2730 5667 reliquas
2762 5603 2942 5649 autem
2960 5592 3129 5646 fuisse
3156 5591 3388 5653 animas,

1844 5701 1962 5756 qua:
1983 5703 2087 5742 non
2120 5697 2321 5742 tantum
2351 5698 2700 5756 peccaverant
2726 5727 2742 5751 ,
2776 5695 2839 5739 ut
2867 5687 3133 5738 daemones
3159 5680 3388 5744 tierent;

1848 5792 2021 5848 neque
2075 5792 2281 5834 rursum
2335 5777 2407 5832 ita
2464 5777 2673 5848 leviter,
2731 5786 2791 5832 ut
2839 5773 3010 5844 angeli
3060 5770 3392 5837 evaderent;
