3894 6418
627 389 728 442 8ήῖ

1861 375 1916 428 P.
1961 375 2271 431 DANIELIS
2306 377 2534 432 HUETII
3611 387 3687 441 8l8

621 498 862 554 mimdum
900 495 1074 559 itaque
1108 491 1248 543 hunc
1283 487 1586 542 condidisse
1609 527 1623 548 .
1652 489 1998 558 animamque
2020 507 2145 560 sup-
2177 499 2219 551 Α
2249 508 2366 545 esse
2388 489 2636 560 Origenis
2663 488 2850 556 opinio
2884 487 2978 547 fuit
3004 529 3018 552 ,
3055 489 3144 546 sed
3173 503 3230 542 ea
3260 499 3415 545 tamen
3442 506 3618 564 propter
3638 503 3695 554 in-

619 588 756 658 plicii
788 598 941 636 causa
972 579 1182 648 corpori
1215 579 1514 647 colligasse.
1552 597 1569 628 ι
1604 577 1940 633 Creationem
1985 582 2144 648 inter,

617 688 671 729 et
712 683 981 741 peccatum
1006 710 1020 732 ,
1052 679 1104 721 et
1148 683 1356 736 poenam
1385 709 1400 730 ,
1428 678 1756 722 momentum
1789 670 1896 723 fere
1929 671 2142 726 unicum

615 761 978 817 intercessisse
1035 758 1308 827 intellige,
1359 769 1518 826 atque
1566 759 1677 812 hac
1722 760 1828 828 πρὸ
1875 760 1980 813 τῶν
2015 761 2143 814 αἰώ-

612 870 732 913 νων,
766 852 816 904 id
846 859 926 903 est
955 850 1016 899 ab
1047 857 1264 910 aztcrno,
1297 848 1606 915 contigisse.
1635 849 1710 901 Ad
1741 849 1991 918 Origenis
2025 867 2145 924 seu:

613 944 827 997 tentiam
867 940 1069 994 accedit
1097 948 1282 992 auctor
1316 938 1680 992 Commentarii
1719 941 1771 991 in
1807 939 1906 992 Job
1933 980 1947 1003 ,
1983 955 2143 1007 quem

616 1033 774 1086 vertit
823 1031 1144 1094 Perionius;
1207 1031 1281 1083 ait
1329 1031 1515 1083 enim:
1552 1048 1570 1079 ι
1616 1030 1670 1082 In
1723 1030 1930 1082 diabolo
1969 1041 2144 1084 autem

610 1122 926 1192 principium
958 1121 1292 1173 l'ormationis
1325 1119 1718 1186 intelligendum
1748 1131 1849 1183 est,
1875 1136 1978 1172 non
2005 1120 2142 1186 quod

615 1213 850 1264 omnium
878 1226 992 1277 quae
1021 1211 1227 1264 ratione
1253 1221 1306 1263 et
1331 1211 1508 1262 animo
1536 1209 1915 1276 intelliguntur,
1942 1211 2146 1278 primus

611 1300 680 1354 sit
707 1299 954 1364 eli’eetus;
987 1299 1080 1352 sed
1109 1299 1245 1365 quod
1263 1298 1378 1352 sine
1411 1307 1667 1366 tempore,
1697 1300 2142 1366 quemadmodum

610 1388 757 1440 locus
797 1387 881 1439 ille
901 1386 1154 1445 declarat.
1195 1404 1212 1437 ι

679 1473 763 1529 Ill.
807 1474 1099 1528 Videndum
1129 1471 1319 1526 deinde
1348 1471 1632 1540 angelosne
1667 1483 1980 1541 corporatos
2005 1488 2142 1536 esse,

609 1579 676 1619 an
703 1581 924 1633 corpore
951 1579 1132 1618 carere
1168 1561 1436 1630 Origenes
1466 1564 1758 1617 arbitratus
1792 1564 1879 1616 sit.
1917 1564 2032 1616 Non
2065 1579 2146 1616 sa-

613 1655 680 1710 tis
710 1664 884 1707 autem
926 1655 1210 1722 explicata,
1242 1662 1296 1707 et
1332 1663 1475 1705 certa
1509 1653 1720 1705 videtur
1755 1653 1923 1720 prima
1969 1652 2145 1708 fronte

610 1746 728 1813 ejus
764 1745 932 1806 ratio;
968 1760 1086 1797 nam
1126 1743 1412 1812 pugnantia
1441 1757 1620 1795 secum
1646 1756 1765 1794 esse
1804 1741 1950 1795 dicas
1978 1781 1993 1805 ,
2025 1757 2144 1810 qua:

2251 581 2452 645 signem
2490 577 2842 633 subtilitatem
2871 616 2885 641 ,
2916 590 3034 627 cum
3073 576 3283 644 reliquis
3313 581 3473 634 mundi
3510 591 3697 654 corpori-

2249 670 2346 722 bus
2383 677 2694 734 comparata
2718 706 2734 726 ,
2771 663 3069 730 spiritualia
3097 705 3112 728 ,
3157 675 3213 718 ut
3244 671 3548 725 ostendemus
3579 677 3700 740 paulo

2249 766 2368 826 pnsl
2391 797 2405 817 ,
2439 767 2493 808 et
2527 757 2848 820 incorporea
2881 751 2978 803 dici
3012 765 3163 818 posse
3199 771 3210 804 :
3242 757 3460 820 quamvis
3488 771 3592 826 ergo
3613 773 3702 818 ante

2251 845 2429 898 mundi
2463 842 2621 908 hujus
2649 840 2898 908 corporei
2928 839 3192 907 Opilicium
3218 844 3411 896 condita
3447 859 3502 898 ea
3536 846 3703 916 iuerint,

2249 949 2470 1002 corpore
2499 943 2677 985 tamen
2723 930 2804 984 sui
2852 929 3064 998 generis
3111 929 3273 984 fuisse
3308 931 3638 1000 instrueta;ac
3662 954 3706 990 ne

2252 1023 2302 1074 in
2337 1022 2513 1090 primo
2551 1021 2771 1088 quidem
2825 1019 2914 1072 illo
2957 1026 3096 1070 statu
3130 1018 3214 1071 diu
3256 1028 3709 1090 perseverasse,sed

2250 1111 2484 1164 admisso
2526 1093 2710 1162 statim
2758 1116 3042 1177 postquam
3073 1115 3248 1160 creata
3277 1119 3392 1161 sunt
3418 1122 3604 1176 peccato
3625 1153 3636 1173 .
3674 1116 3709 1168 in

2250 1201 2512 1254 crassiora
2564 1202 2829 1251 continuo
2887 1213 3109 1264 corpora
3155 1199 3386 1266 supplicii
3417 1215 3552 1254 causa
3594 1203 3712 1257 fuisse

2251 1287 2524 1340 immersa.
2576 1287 2782 1339 Prazter
2833 1287 3108 1353 superiora
3149 1285 3430 1339 testimonia
3471 1290 3631 1354 quibus
3653 1307 3712 1342 an-

2249 1377 2379 1446 gelis
2433 1392 2630 1445 carpus
2674 1376 2968 1443 afﬁngitur,
3023 1377 3289 1430 recitauda
3327 1393 3517 1447 quoque
3547 1394 3596 1432 ea
3631 1397 3712 1448 qua

2251 1467 2423 1520 locum
2447 1465 2702 1534 Origenis
2727 1480 2887 1534 supra
2909 1467 3128 1519 allatum
3157 1465 3447 1534 excipiunt:
3481 1486 3496 1516 ι
3532 1468 3587 1520 Ut
3608 1485 3711 1535 ergo,

2252 1560 2442 1628 inquit,
2480 1561 2731 1628 superius
2760 1559 2994 1614 diximus
3019 1598 3033 1622 ,
3063 1561 3347 1613 materialis
3369 1561 3626 1615 substantia
3650 1566 3715 1616 llllo

2243 1649 2329 1716 jus
2370 1649 2552 1702 mundi
2608 1649 2816 1702 habens
2866 1659 3116 1702 naturam
3145 1689 3158 1715 ,
3205 1665 3316 1716 quia
3343 1665 3402 1703 ex
3446 1654 3646 1705 omnibus
3673 1656 3716 1706 ad

2250 1739 2429 1792 omnia
2487 1737 2933 1803 trausformatur,
2988 1755 3109 1792 cum
3148 1741 3211 1793 ad
3258 1740 3514 1796 inferiores
3539 1759 3715 1811 quosque

611 1835 832 1888 diversis
869 1835 1016 1886 libris
1048 1848 1204 1901 super
1240 1847 1304 1886 eo
1346 1843 1662 1900 argumento
1691 1831 1960 1885 disseruit.
2006 1832 2138 1897 Qni-
2171 1847 2212 1900 Β
2241 1829 2495 1891 trahitur,
2543 1829 2594 1881 iu
2624 1830 2957 1882 crassiorem
3012 1831 3250 1894 corporis
3316 1840 3496 1883 statum
3556 1833 3715 1886 solidio-

613 1936 819 1987 cunque
869 1927 1042 1972 tamen
1085 1919 1316 1970 animum
1370 1920 1434 1970 ad
1485 1918 1600 1985 ejus
1651 1919 1809 1970 verba
1857 1919 2146 1971 attenderit

610 2011 912 2078 diligenter,
962 2008 1116 2061 aliter
1155 2006 1433 2075 judicabit.
1490 2006 1624 2059 Rata
1670 2008 1858 2075 quippe
1897 2008 1994 2059 fuit
2032 2007 2145 2074 ejus

611 2109 666 2153 et
693 2109 942 2154 constans
987 2098 1164 2165 opinio
1219 2097 1430 2164 angelos
1477 2111 1700 2164 corpore
1739 2111 1854 2149 esse
1892 2097 2141 2158 indutos,

611 2191 702 2243 sed
735 2190 913 2242 subtili
940 2198 993 2240 et
1034 2187 1180 2241 tenui
1212 2202 1226 2239 :
1258 2201 1384 2238 nam
1432 2187 1520 2241 lib.
1559 2203 1574 2238 ι
1626 2186 1695 2239 De
1731 2186 1976 2252 princip.,
2025 2201 2142 2252 cap.

609 2279 663 2342 6,
689 2295 833 2331 num.
863 2278 914 2340 4,
952 2277 1254 2345 pronuntiat
1294 2293 1312 2326 ‹
1349 2277 1511 2329 solius
1544 2276 1669 2340 Dei,
1719 2275 1770 2328 id
1797 2286 1879 2327 est
1934 2274 2141 2340 Patris,

607 2379 660 2420 et
691 2367 828 2431 Filii,
863 2375 916 2419 et
940 2365 1167 2433 Spiritus
1189 2365 1360 2418 sancti
1394 2373 1593 2417 natura:
1621 2364 1671 2417 id
1705 2367 1973 2432 proprium
2004 2379 2142 2427 esse,

608 2469 665 2511 ut
693 2460 807 2511 sine
837 2455 1091 2508 materiali
1140 2456 1434 2507 substantia
1462 2492 1477 2517 ,
1511 2462 1562 2506 et
1596 2453 1795 2521 absque
1828 2454 1929 2506 ulla
1957 2469 2144 2523 corpo-

611 2563 716 2602 reae
764 2544 1072 2614 adjectionis
1107 2543 1362 2596 societate
1402 2542 1726 2610 intelligatur
1758 2543 2070 2598 subsistere.
2120 2562 2139 2595 ι

605 2637 772 2703 Quem
814 2637 981 2687 locum
1017 2633 1168 2686 affert
1204 2635 1260 2686 S.
1315 2632 1546 2686 Thomas
1595 2649 1644 2700 p.
1679 2651 1717 2694 ι,
1757 2649 1810 2701 q.
1861 2634 1947 2698 51,
1994 2650 2044 2687 a.
2088 2635 2140 2698 ‘I,

606 2739 828 2791 eamque
855 2722 1153 2789 opinionem
1204 2721 1269 2774 ab
1300 2720 1535 2789 antiquis
1586 2721 1920 2788 phil030phis
1953 2720 2142 2789 Orige-

609 2828 730 2866 nem
773 2812 1018 2865 hausisse
1055 2819 1347 2863 asseverat.
1394 2807 1634 2864 Clariora
1674 2810 1835 2864 etiam
1867 2811 2140 2880 proloqui-

608 2901 802 2955 turlib.
833 2915 870 2953 ll
923 2898 1156 2968 ejusdem
1184 2898 1363 2966 aperis
1384 2937 1398 2958 ,
1433 2913 1549 2967 cap.
1581 2898 1634 2965 2,
1661 2916 1804 2953 num.
1834 2901 1882 2963 1,
1916 2910 1970 2954 et
1995 2907 2142 2968 post-

606 3007 763 3061 quam
791 2993 1033 3059 quaesivit
1062 3009 1126 3045 an
1174 3007 1434 3046 summam
1475 2992 1786 3044 beatitatem
1817 2992 2017 3059 adeptae
2057 3007 2140 3043 ra-

606 3081 749 3135 tione
792 3080 1051 3148 pollentes
1084 3090 1285 3134 naturae
1332 3096 1522 3148 corpus
1554 3081 1766 3148 penitus
1799 3094 1991 3133 exuere
2021 3095 2143 3148 pos-

2248 1933 2467 1986 remque
2509 1917 2797 1981 formatur,
2837 1919 2910 1972 ita
2957 1930 3014 1972 ut
3042 1921 3279 1975 visibiles
3305 1922 3428 1975 istas
3456 1923 3608 1976 mundi
3632 1938 3714 1991 spe-

2245 2009 2373 2073 cies,
2402 2009 2696 2076 variasque
2727 2009 3030 2079 distinguat
3063 2028 3077 2063 :
3108 2026 3226 2066 cum
3251 2027 3371 2066 vero
3394 2013 3715 2080 perfectioritnis

2246 2097 2513 2152 ministrat
2551 2108 2607 2152 et
2635 2098 2995 2160 beatioribus,
3040 2101 3092 2151 in
3120 2100 3319 2169 fulgore
3353 2101 3610 2155 cmlestium
3638 2117 3715 2156 cor-

2217 2203 2428 2256 porum
2454 2188 2649 2252 m‘icat,
2698 2199 2750 2242 et
2783 2189 3049 2256 spiritalis
3081 2193 3313 2258 corporis
3353 2193 3631 2245 indumentis
3663 2193 3715 2244 vel

2245 2278 2461 2346 angelos
2495 2278 2612 2338 Dei.
2647 2278 2736 2331 vel
2777 2278 2920 2333 ﬁlios
2947 2283 3350 2335 resurrectionis
3374 2294 3587 2336 exornat.
3612 2303 3624 2334 ι
3646 2285 3714 2337 Sed

2244 2379 2296 2419 et
2334 2367 2424 2420 lib.
2455 2383 2529 2433 tv,
2555 2367 2607 2420 in
2641 2370 3101 2438 anacephalaeosi,
3142 2388 3288 2425 num.
3333 2374 3397 2426 55
3423 2392 3434 2426 :
3462 2392 3478 2423 ι
3507 2373 3594 2442 (:28)
3615 2373 3716 2427 Seni-

2246 2473 2338 2525 per
2368 2467 2545 2510 autem
2573 2467 2742 2512 erunt
2785 2461 3134 2517 rationabiles
3173 2473 3388 2526 natura,
3425 2466 3716 2534 quaeindigent

2246 2547 2554 2600 indmneuto
2575 2562 2852 2616 corporeo
2880 2564 2896 2603 :
2923 2565 3136 2620 semper
3176 2568 3302 2622 ergo
3323 2557 3420 2608 erit
3452 2565 3607 2607 natura
3639 2570 3718 2607 cor-

2245 2652 2426 2703 porea.
2449 2638 2603 2706 cujus
2631 2639 2974 2696 indumentis
3004 2642 3078 2694 uti
3109 2656 3325 2698 necesse
3346 2654 3424 2698 est
3459 2644 3720 2698 rationabiles

2242 2737 2537 2779 creaturas.
2571 2727 2844 2798 Nisi‘quis
2873 2741 3024 2800 putet
3047 2749 3206 2802 posse
3249 2750 3305 2789 se
3345 2736 3454 2790 ullis
3489 2736 3719 2789 assertioni-

2243 2815 2340 2869 bus
2382 2817 2675 2874 ostendere
2719 2821 2868 2889 quod
2913 2824 3298 2892 possitnatura
3330 2825 3615 2878 rationabilis
3633 2824 3715 2876 abs-

2242 2921 2344 2974 que
2384 2908 2491 2963 ullo
2523 2925 2762 2979 corpore
2813 2915 2986 2968 vitam
3021 2915 3236 2984 degere.
3277 2917 3377 2970 Sed
3404 2932 3542 2984 quam
3576 2914 3722 2967 dillicile

2243 2996 2330 3057 sit,
2357 3005 2410 3049 et
2433 3012 2593 3065 quam
2635 3015 2788 3067 pene
2830 3003 3165 3072 impossibile
3201 3007 3478 3060 intellectui
3515 3017 3670 3060 nostro.
3689 3006 3719 3057 in

2243 3086 2610 3154 superioribus
2633 3091 2859 3160 singula
2893 3094 3226 3151 disserentes
3251 3099 3571 3152 ostendimus.
3595 3117 3608 3147 ι
3630 3096 3723 3162 Qua-

605 3172 734 3234 sint,
757 3172 963 3238 sibique
992 3172 1040 3224 id
1072 3189 1090 3222 ι
1129 3170 1498 3224 diliicillimum
1529 3182 1583 3224 et
1613 3186 1742 3239 pene
1765 3171 2090 3237 impossibile
2117 3188 2135 3221 ι
2167 3151 2208 3206 C
2243 3151 2457 3242 propter
2495 3188 2548 3232 et
2572 3151 2815 3237 PhotiVuS
2841 3186 2969 3240 cod.
3021 3201 3131 3251 cvi,
3171 3186 3538 3258 Theognostum
3563 3151 3724 3239 Alcim-

604 3260 771 3315 videri
815 3261 983 3324 dixit;
1019 3260 1324 3328 addiditque
1353 3298 1369 3323 ,
1401 3260 1538 3326 quod
1584 3270 1636 3312 et
1678 3262 1918 3328 sequenti
1969 3261 2140 3327 capite

606 3353 796 3404 iterum
831 3361 1073 3420 usurpat,
1101 3364 1319 3404 necesse
1351 3349 1462 3402 fore
1495 3350 1546 3402 in
1577 3351 1798 3403 nihilum
1830 3353 1996 3417 redigi
2022 3366 2141 3403 cor-

608 3453 822 3508 poream
875 3425 1160 3505 naturam,
1213 3439 1654 3506 quemadmodum
1704 3440 1768 3491 de
1826 3439 1990 3491 nihilo
2042 3437 2141 3490 fuit

605 3538 902 3595 procreata,
923 3528 964 3579 si
996 3529 1142 3580 utilis
1175 3543 1292 3581 esse
1322 3528 1622 3587 desineret;
1657 3536 1764 3578 tum
1795 3527 1968 3580 subdit
1993 3542 2135 3578 num.

606 3615 642 3668 2
677 3629 689 3666 :
715 3632 733 3665 ι
759 3615 813 3667 Si
840 3630 963 3668 vero
989 3616 1311 3682 impossibile
1326 3625 1407 3668 est
1433 3615 1532 3668 hoc
1557 3614 1660 3668 ullo
1688 3615 1841 3668 modo
1867 3614 2138 3680 allirmari,

606 3706 657 3759 id
693 3715 815 3768 est,
851 3691 988 3774 (μισά
1033 3707 1212 3758 vivere
1244 3714 1434 3773 praeter
1468 3719 1663 3773 corpus
1693 3705 1861 3772 possit
1893 3705 1998 3758 ulla
2036 3705 2139 3759 alia

606 3806 790 3851 natura
824 3835 840 3859 ,
888 3806 1078 3865 praeter
1115 3796 1326 3850 Patrem
1353 3835 1368 3858 ,
1413 3805 1467 3849 et
1509 3795 1699 3848 Filium
1729 3835 1744 3860 ,
1789 3805 1843 3848 et
1882 3793 2137 3863 Spiritum

607 3894 873 3948 sanctum,
907 3887 1196 3940 necessitas
1223 3885 1617 3954 consequentiae
1643 3899 1705 3939 ac
1749 3886 1970 3939 rationis
1993 3900 2140 3938 coar-

605 3985 716 4031 ctat
745 3978 960 4046 intelligi
989 4017 1002 4038 ,
1031 3978 1394 4046 principaliter
1419 3977 1633 4044 quidem
1678 3984 1885 4030 creatas
1907 3990 2024 4029 esse
2058 3991 2141 4028 ra-

606 4067 885 4122 tionabiles
937 4080 1188 4135 naturas;
1241 4070 1570 4121 materialem
1609 4083 1736 4121 vero
1785 4069 2140 4122 substantiam

607 4157 850 4224 opinione
881 4157 1092 4224 quidem
1114 4167 1166 4210 et
1191 4158 1457 4210 intellectu
1484 4157 1654 4211 Solum
1687 4156 1925 4224 separari
1952 4156 2018 4209 ab
2038 4156 2138 4222 eis,

607 4253 661 4298 et
695 4259 788 4311 pro
837 4247 963 4314 ipsis
988 4285 1004 4309 ,
1044 4247 1122 4299 vel
1160 4257 1281 4315 post
1325 4249 1463 4316 ipsas
1509 4244 1760 4300 etfectam
1802 4245 2015 4308 videri,
2048 4246 2140 4299 sed

606 4348 872 4402 nunquam
925 4336 1038 4390 sine
1079 4337 1193 4405 ipsa
1227 4352 1319 4391 eas
1349 4337 1428 4389 vel
1467 4336 1664 4388 vixisse
1697 4337 1772 4388 vel
1799 4337 1974 4390 vivere
2006 4353 2019 4388 :
2056 4350 2141 4389 so-

605 4423 706 4478 lius
753 4440 978 4493 namque
1024 4427 1304 4481 Trinitatis
1354 4427 1665 4493 incorporea
1717 4427 1824 4478 vita
1877 4426 2138 4480 exsistere

605 4525 748 4569 recte
792 4519 1080 4584 potabitur.
1144 4537 1162 4570 ι
1215 4520 1337 4573 llaec
1388 4516 1680 4572 insectandi
1720 4516 1966 4584 Origenis
2016 4518 2133 4570 viro

605 4619 796 4674 magno
818 4607 1151 4674 pra-buerunt
1181 4617 1570 4677 argumentum,
1602 4610 1742 4675 quod
1770 4623 1889 4659 cum
1918 4607 2134 4676 angelos

602 4702 657 4748 et
684 4696 900 4749 rationis
931 4712 1152 4764 capaces
1185 4701 1394 4752 animas
1421 4699 1578 4767 longo
1624 4698 1902 4752 intervallo
1944 4712 2134 4767 corpo-

604 4784 751 4838 ribus
801 4787 1036 4840 caruisse
1092 4789 1214 4842 alibi
1268 4789 1481 4853 dixerit,
1543 4791 1593 4841 id
1657 4800 1830 4841 tamen
1871 4790 1982 4842 ﬁeri
2031 4805 2132 4842 non

605 4877 872 4944 passe-bic
900 4876 1257 4932 atiirmaverit.
1292 4879 1490 4932 Verum
1514 4896 1595 4931 res
1635 4879 1791 4933 aliter
1835 4895 1892 4933 se
1943 4880 2130 4946 habet;

603 4965 712 5036 (27)
735 4983 852 5020 nam
870 4983 1149 5037 corporeos
1172 4971 1381 5038 quidem
1403 4970 1620 5040 angelos
1640 4980 1694 5023 et
1723 4971 1928 5024 animas
1951 4986 2134 5024 revera

668 5141 959 5216 (27)“Nam
1005 5161 1268 5216 corporeos
1309 5149 1512 5214 quidem
1564 5147 1771 5215 angelos
1816 5157 1860 5198 et
1905 5146 2128 5209 animos,

599 5213 700 5266 ctc'.
765 5213 890 5334 \liide
943 5213 1100 5280 paulo
1152 5215 1284 5268 infra
1325 5213 1744 5269 observationes
1810 5225 2021 5267 nostras
2076 5217 2129 5266 in

605 5298 747 5332 Illllll.
780 5317 791 5333 ο
819 5323 832 5334 .

605 5298 747 5332 1111111.
780 5298 832 5336 ἴ).

667 5350 778 5418 (‘28)
828 5351 1040 5417 Semper
1067 5361 1258 5412 autem,
1293 5362 1395 5404 etc.
1431 5351 1592 5416 llujns
1638 5360 1918 5405 contextus
1948 5359 2128 5416 poste-

601 5432 787 5486 rtorem
822 5431 1020 5486 partem
1059 5430 1235 5486 utpote
1261 5435 1534 5472 erroneam
1560 5458 1574 5477 ,
1601 5430 1652 5470 ct
1693 5437 1720 5472 a
1758 5419 1944 5472 Ruﬁno
1970 5420 2126 5470 dissi-

604 5485 958 5555 mulatamgsic
994 5485 1208 5541 exhibet
1240 5489 1594 5555 Hieronymus
1637 5489 1686 5539 in
1719 5491 1872 5553 epist.
1900 5488 1963 5538 ad
1997 5489 2126 5537 Avi-

601 5559 708 5624 tnrn
739 5571 752 5604 :
790 5571 808 5602 ε
845 5553 897 5624 Si
933 5557 1050 5623 quis
1090 5567 1264 5609 autem
1296 5553 1528 5624 potuerit
1558 5557 1836 5608 ostendere
1883 5555 2127 5624 incorpo-

597 5619 761 5671 ralem
791 5619 1262 5692 rationabilemque
1294 5619 1559 5684 naturam,
1589 5639 1709 5676 cum
1737 5620 2122 5692 exspoliaverit

600 5697 658 5737 se
683 5699 943 5758 corpore,
996 5690 1306 5767 vivere—per
1351 5692 1690 5760 setuetipsam
1717 5729 1732 5753 .
1771 5702 1822 5744 et
1870 5691 1920 5742 in
1957 5690 2121 5756 pejori

2239 3263 2452 3318 drinum
2488 3267 2628 3321 libro
2651 3286 2867 3339 quarto
2903 3274 3307 3345 llyporyposeon
3335 3295 3396 3331 ex
3420 3288 3572 3332 mente
3587 3289 3723 3330 etsen-

2241 3355 2404 3408 tentia
2430 3355 2696 3425 Origenis
2749 3366 3040 3431 scripsisse
3085 3366 3271 3426 refert.
3299 3368 3485 3438 angelis
3510 3378 3556 3422 et
3587 3369 3723 3420 daemo-

2241 3444 2396 3498 nibus
2419 3447 2579 3500 exilia
2605 3463 2846 3521 corpora
2873 3470 2998 3509 esse
3021 3457 3417 3526 circumposita.

2308 3529 2396 3586 ιν.
2451 3533 2556 3589 Sed
2589 3543 2852 3606 quamvis
2902 3546 3318 3601 rationabilibus
3369 3547 3552 3600 naturis
3591 3557 3722 3610 corpus

2239 3620 2437 3676 diserte
2470 3636 2524 3678 et
2558 3627 2776 3697 liquido
2805 3634 3079 3691 afﬁnxerit
3111 3637 3386 3708 Origenes,
3425 3657 3451 3693 a
3477 3654 3527 3692 se
3552 3639 3723 3691 diversus

2239 3713 2388 3766 abire
2439 3716 2664 3772 videtur
2700 3723 2828 3778 aliis
2859 3727 2999 3780 locis
3023 3765 3040 3791 ,
3077 3738 3130 3782 et
3161 3743 3352 3796 corpus
3385 3730 3554 3782 iisdem
3585 3724 3722 3779 naturis

2239 3801 2543 3859 detrahere.
2577 3809 2680 3864 Sic
2703 3811 2898 3870 homil.
2936 3816 2958 3869 1
3000 3817 3057 3870 in
3089 3817 3299 3884 Genet,
3330 3835 3466 3872 num.
3498 3818 3527 3871 2
3553 3835 3564 3870 :
3592 3835 3605 3865 ε
3639 3816 3722 3867 Cum

2237 3893 2378 3945 enim
2401 3907 2462 3947 ea
2493 3911 2621 3965 qua:
2651 3899 2911 3960 facturus
2940 3916 3061 3961 erat
3099 3908 3259 3974 Deus,
3291 3925 3354 3962 ex
3383 3910 3548 3978 spiritu
3579 3913 3724 3959 consta-

2240 3993 2708 4055 renlelcm'l’ore,
2743 3995 2848 4048 ista
2894 3997 2966 4052 de
3015 4013 3176 4054 causa
3215 4001 3265 4054 in
3309 4000 3550 4070 principio
3575 4007 3616 4051 et
3639 4004 3722 4047 ante

2236 4074 2414 4126 omnia
2437 4075 2648 4132 cmlum
2677 4083 2888 4138 dicitur
2915 4084 3146 4152 factum,
3173 4089 3223 4142 id
3261 4099 3341 4144 est
3379 4090 3537 4143 omnis
3579 4085 3726 4154 spirita-

2240 4161 2304 4215 lis
2341 4164 2873 4241 snbstantia,super
2903 4191 3069 4244 quam
3097 4179 3239 4236 velut
3271 4183 3321 4235 in
3353 4183 3527 4235 thr0no
3546 4176 3724 4247 quodam.

2236 4262 2290 4306 el
2311 4255 2435 4307 sede
2471 4255 2618 4312 Deus
2645 4266 2971 4330 requiescit.
3009 4269 3158 4324 Istud
3187 4283 3358 4325 autem
3382 4272 3572 4332 ctelum,
3603 4269 3639 4320 id
3673 4272 3726 4316 est

2239 4341 2668 4413 ﬁrmamentum,
2705 4369 3042 4422 corporeum
3065 4372 3167 4416 est.
3205 4381 3223 4413 ι
3260 4360 3356 4416 Ubi
3380 4377 3489 4414 cum
3512 4355 3725 4428 spiritalem

2242 4432 2600 4488 SttbSlallliam
2653 4455 2907 4509 opponat
2941 4463 3223 4518 corporeae
3247 4490 3260 4514 ,
3301 4454 3524 4519 sequitur
3551 4462 3643 4501 esse
3672 4444 3720 4493 in-

2239 4532 2588 4586 οοτρθνθηιιις
2641 4535 2697 4578 et
2763 4539 2948 4588 tom.t
3001 4536 3353 4591 Commentar.
3380 4540 3431 4590 in
3452 4535 3606 4596 Jortin,
3629 4545 3726 4584 num-

2241 4609 2304 4660 17
2332 4630 2344 4660 :
2376 4610 2481 4662 Καὶ
2521 4612 2832 4684 ἀναγκαῖον
2861 4625 3156 4696 ἐπιστῆσαι
3209 4631 3253 4680 εἰ
3289 4629 3438 4682 ἄῦλον
3493 4625 3634 4690 πάντη
3671 4617 3728 4670 κειἱ

2241 4697 2526 4768 ἀσώματον
2564 4703 2714 4777 ζωὴν
2743 4707 2972 4774 ζώντων
3001 4718 3060 4770 ὲν
3116 4720 3450 4790 μακαριότητι
3487 4715 3577 4769 τῶν
3597 4709 3727 4778 ἁγίων,

2239 4788 2267 4837 ὁ
2295 4789 2625 4860 καλούμενος
2664 4799 2892 4870 δράκων
2928 4806 3082 4871 ἄξιος
3107 4810 3383 4877 γεγένηται
3409 4803 3646 4860 ἀποπεσὼν
3667 4799 3727 4864 τῆς

2239 4878 2479 4950 καθαρᾶς
2508 4882 2683 4955 ζωῆς,
2720 4899 2831 4962 πρὸ
2878 4895 3100 4952 πάντων
3134 4901 3398 4969 ἐνδεθῆναι
3423 4899 3508 4968 ὕλῃ
3556 4895 3629 4947 καὶ
3664 4887 3727 4940 σώ·

2241 4986 2371 5039 ματι
2394 4986 2406 5000 ⁶
2433 4982 2489 5026 el
2519 4982 2670 5032 ιοιιιο
2703 4997 2800 5046 xx,
2840 5003 2993 5044 num.
3019 4991 3112 5058 ‘22,
3137 4994 3353 5053 Πάντως
3380 4991 3495 5058 γοῦν
3523 4987 3607 5039 κᾶν
3624 4979 3727 5033 τοῦτη

2234 5151 2544 5239 conditione
2595 5171 2735 5239 esse
2786 5169 3006 5239 quando
3062 5173 3370 5239 corporibus
3421 5168 3647 5239 vestitur;
3689 5157 3722 5239 il}

2236 5219 2451 5308 meliori
2471 5263 2488 5287 ,
2545 5230 2776 5308 quando
2804 5219 3438 5308 tilla—deponit”‘zwnulli
3458 5219 3724 5308 dubiuuteil

2236 5299 2460 5374 TW"?
2497 5307 2607 5374 ".0"
2642 5300 3032 5374 "inelpaliter
3049 5299 3347 5364 subsistere
3370 5349 3385 5374 ,
3406 5308 3488 5361 sed
3509 5317 3589 5372 per
3608 5301 3723 5350 inter-

2237 5356 2372 5440 valla
2401 5369 2454 5440 et
2482 5363 2554 5439 ob
2585 5356 2777 5422 varios
2805 5356 3722 5432 motusratice-altiliumcreaturarum

2236 5437 2375 5513 [ΨΕΩ
2399 5428 2639 5513 ξίθνίνλμ
2678 5440 2775 5513 (1μί
2809 5441 2896 5495 his
2936 5428 3552 5513 indigetitrvestianturf
3578 5444 3721 5513 elf'l'f

2558 5499 2653 5584 illa
2692 5499 3376 5584 :(‘leplfztyatiodlelapsuum
3405 5530 3456 5568 se
3491 5511 3545 5565 ad
3568 5503 3718 5584 meliora

2230 5566 2578 5644 correxerint
2607 5608 2623 5632 ,
2674 5566 2907 5632 dissolvi
2961 5566 3023 5638 in,
3057 5566 3533 5641 nihiluuiﬁaetnhac
3569 5577 3720 5636 sentt)“

2229 5641 2576 5690 successione
2609 5646 2844 5701 variari.
2891 5668 2909 5700 ι
2949 5675 2951 5682 ε
