3894 6450
22 0 394 115 ρκ’-
632 54 641 56 τ
918 58 1093 62 -m

160 504 218 556 ut
258 476 298 529 θ
1042 484 1597 543 οιιιοεΝιΑΝοιιυιι
1639 482 1763 536 LIB.

1908 479 2060 535 CAP.
2100 477 2165 539 Il,
2210 474 2476 541 QUIEST.
2516 479 2580 532 ν.
3297 471 3401 530 850

191 612 313 682 εχει
343 599 373 651 ὁ
404 597 656 664 διάϐολος
688 602 870 676 δόγμα
923 605 1112 675 ἀληθὲς
1165 608 1287 678 περὶ
1334 578 1522 659 ¹ἑαυτοῦ
1584 604 1771 657 ὲννοῶν
1801 609 1843 662 Α
1871 601 1975 654 οὐδ’
2010 600 2086 661 εἰς
2135 596 2242 667 πῦρ
2286 598 2639 668 ἀναλυομένην
2669 597 2765 667 τὴν
2803 592 3082 666 ἀνθρώπου
3132 592 3335 664 ψυχὴν,
3368 594 3402 665 ἢ

205 702 289 753 ’ὁτι
336 689 557 759 λογικός
624 694 770 756 ἐστι,
807 695 897 748 καὶ
923 697 1001 747 ὅτι
1030 695 1092 747 τὸ
1135 695 1328 747 τοιόνδε
1361 695 1455 764 μὲν
1492 692 1767 762 ἄνθρωπός

223 790 332 840 tum
356 825 371 847 ,
402 781 463 834 τὸ
509 781 717 835 τοιόνδε
782 783 1023 851 ἄγγελος,
1087 785 1178 836 καὶ
1219 783 1278 835 τὸ
1301 783 1439 836 τοιὸν
1464 781 1557 850 μὲν
1594 780 1768 850 σῶμα,

221 875 309 930 κειὶ
359 875 508 925 ποῖον
546 870 726 941 σῶμα,
758 873 885 925 ἄλλο
924 872 976 925 δέ
1027 889 1073 925 τι
1114 872 1294 942 ἕτερον
1348 869 1609 939 σώματος.
1642 869 1768 922 item

220 966 306 1019 lib.
348 962 529 1032 ιπερὶ
564 961 788 1030 ἀρχῶν,
833 978 949 1030 cap.
1004 961 1057 1026 7,
1114 976 1256 1013 num.
1297 960 1322 1012 ί
1367 976 1382 1011 :
1441 978 1458 1009 ι
1500 958 1772 1013 Manifesta

214 1072 345 1125 ergo
388 1058 442 1109 in
480 1056 700 1109 Christo
735 1064 791 1108 et
845 1069 938 1121 per
981 1050 1246 1106 Christum
1293 1049 1427 1102 facta
1489 1063 1608 1103 esse
1656 1064 1773 1101 om-

211 1147 404 1207 nia,et
443 1152 627 1197 creata
672 1142 979 1212 pronuntiat
1035 1138 1245 1211 (Paulus
1292 1137 1404 1192 Col.
1450 1157 1490 1199 ι,
1524 1137 1612 1203 16)
1659 1137 1772 1189 sive

207 1235 468 1295 visibilia,
532 1248 654 1301 quae.
719 1239 842 1285 sunt
907 1229 1233 1296 corporalia;
1282 1229 1391 1281 sive
1466 1224 1770 1286 invisibilia,

210 1338 335 1390 quae
386 1335 495 1374 non
543 1320 648 1372 alia
687 1319 847 1372 etiam
895 1318 1156 1378 arbitror,
1202 1331 1358 1382 quam
1410 1316 1769 1380 incorporeas,

208 1410 648 1481 spiritualesque
698 1410 957 1472 virtutes;
993 1425 1011 1457 ι
1045 1416 1098 1460 et
1144 1405 1234 1459 lib.
1282 1421 1317 1457 ιι
1354 1403 1489 1468 Περὶ
1544 1399 1771 1471 ἀρχῶν,

201 1517 331 1566 cap.
363 1501 421 1563 5,
455 1516 611 1553 num.
642 1497 676 1552 6
709 1514 723 1552 :
757 1516 775 1547 ι
818 1494 930 1549 Non
957 1495 1096 1548 enim
1128 1494 1263 1547 idem
1294 1491 1598 1558 intelligitur
1634 1491 1772 1557 quod

195 1588 339 1643 dicit
372 1602 437 1639 ea
468 1602 593 1654 quie
616 1600 720 1637 non
752 1583 1015 1646 videntur,
1031 1589 1083 1634 et
1100 1594 1158 1633 ea
1183 1594 1298 1647 quae
1325 1577 1604 1632 invisibilia
1629 1588 1770 1630 sunt.

192 1680 267 1734 Ea
313 1693 563 1743 namque
595 1690 716 1744 qua:
747 1686 870 1727 sunt
896 1671 1199 1732 invisibilia,
1231 1685 1332 1721 non
1372 1669 1540 1722 solutn
1573 1682 1672 1720 non
1705 1670 1774 1719 vi-

191 1763 425 1825 dentur,
464 1759 563 1811 sed
625 1772 692 1810 ne
739 1765 984 1809 naturam
1018 1754 1227 1822 quidem
1276 1752 1472 1805 habent
1514 1759 1570 1802 ut
1610 1748 1770 1801 videri

190 1852 440 1920 possint,
476 1862 601 1914 quae
626 1845 797 1900 (ἓτωεί
838 1842 1118 1913 ἀσώματα,
1143 1842 1193 1895 id
1220 1852 1301 1893 est
1349 1842 1643 1903 incorporea
1678 1854 1769 1904 ap-

191 1941 507 2011 pellarunt.
538 1937 662 1989 Haec
690 1945 866 1987 autem
887 1933 967 1985 ale
1008 1932 1199 2000 quibus
1246 1928 1438 1984 Paulus
1458 1929 1619 1982 dicit:
1645 1926 1773 1990 Qua:
1803 1926 1842 1979 Β

189 2048 306 2085 non
360 2029 618 2081 ridentur
642 2026 708 2089 η,
740 2033 983 2076 naturam
1025 2021 1238 2089 quidem
1292 2018 1487 2072 habent
1525 2027 1582 2069 ut
1609 2019 1771 2070 videri

186 2120 441 2188 possint,
487 2115 726 2169 nondum
765 2122 942 2165 tamen
992 2109 1156 2163 videri
1184 2108 1251 2161 ab
1292 2107 1376 2161 his
1413 2107 1602 2174 quibus
1654 2121 1775 2172 pro-

188 2210 504 2263 mittuntur
554 2202 811 2271 exponit;
844 2221 863 2252 ι
900 2209 953 2254 et
985 2200 1143 2253 istud.
1170 2213 1199 2250 e
1220 2198 1311 2250 lib.
1353 2212 1412 2249 ιιι
1442 2235 1452 2258 ,
1492 2211 1610 2264 cap.
1643 2195 1771 2259 ult.,

190 2312 351 2351 num.
377 2295 410 2347 7
439 2311 452 2345 :
482 2313 502 2343 ι
525 2292 717 2347 Omnis
748 2291 911 2360 igitur
944 2291 1055 2343 haec
1084 2289 1217 2340 ratio
1241 2286 1342 2340 hoc
1368 2286 1773 2352 continet,quod

187 2388 335 2442 duas
382 2382 676 2455 generales
709 2390 930 2434 naturas
983 2376 1279 2430 condiderit
1317 2376 1494 2439 Deus;
1532 2385 1772 2427 naturam

185 2477 503 2539 visibilem,
524 2475 578 2526 id
604 2481 686 2527 est
708 2484 1040 2538 corpoream,
1075 2477 1126 2520 et
1155 2477 1397 2520 naturam
1432 2463 1771 2521 invisibileui,

187 2584 315 2636 quin
349 2576 443 2620 est
478 2566 828 2630 incorporea,
849 2578 867 2610 ι
897 2561 1067 2613 ethoc
1097 2556 1335 2610 omnium
1384 2553 1772 2622 apertissimum

188 2660 287 2714 lib.
316 2675 370 2714 iv
404 2654 592 2725 operis
621 2653 890 2720 ejusdem,
918 2665 1061 2702 num.
1083 2648 1150 2700 ΞΠ
1178 2666 1190 2700 :
1216 2663 1234 2696 ι
1266 2644 1369 2699 Sed
1386 2652 1439 2697 et
1463 2658 1665 2697 rursum
1684 2657 1776 2710 per

186 2749 482 2803 Christum
505 2754 693 2799 creata
724 2742 988 2795 dixitesse
1015 2738 1193 2792 omnia
1214 2735 1439 2789 visibilia
1464 2744 1519 2788 et
1542 2734 1777 2788 invisibi-

186 2841 285 2896 lia.
314 2841 428 2893 Per
455 2837 604 2906 quod
626 2835 928 2888 declaratur
949 2845 1065 2884 esse
1093 2828 1252 2882 etiam
1271 2827 1319 2878 in
1348 2825 1605 2879 creaturis
1621 2838 1778 2892 quas-

186 2931 315 2984 dam
334 2925 650 2983 invisibiles
665 2921 954 2977 secundum
974 2920 1344 2988 proprietatem
1362 2930 1509 2968 suam
1527 2916 1775 2968 substan-

193 3024 322 3076 tias.
344 3020 462 3075 Sed
490 3019 573 3072 ha:
590 3013 837 3085 quamvis
852 3014 978 3079 ipsa:
998 3025 1098 3062 non
1121 3009 1226 3061 sint
1256 3018 1543 3075 corporeae,
1563 3013 1778 3057 utuntur

194 3123 391 3166 tamen
440 3105 789 3175 corporibus,
809 3103 932 3156 licet
965 3101 1091 3168 ipsae
1120 3100 1223 3153 sint
1255 3110 1507 3164 corporea
1538 3097 1778 3152 substan_

186 3203 266 3256 tia
288 3201 580 3255 meliores.
603 3195 692 3249 Illa
711 3208 841 3247 vero
868 3190 1162 3245 substantia
1186 3187 1482 3250 Trinitatis,
1501 3202 1617 3253 quae
1632 3186 1776 3254 priu-

189 3297 406 3362 cipiuin
440 3308 474 3346 e
513 3300 553 3354 t,
577 3296 632 3342 et
663 3300 827 3341 causa
856 3282 1114 3343 omnium,
1142 3295 1206 3334 ex
1236 3294 1336 3348 qua
1369 3279 1567 3341 omnia,
1596 3287 1649 3330 et
1676 3290 1769 3344 per

186 3399 358 3452 quam
389 3379 608 3439 omnia,
646 3386 702 3429 et
728 3374 781 3427 in
817 3389 920 3440 qua
953 3371 1152 3432 omnia,
1173 3383 1341 3436 neque
1366 3382 1574 3436 corpus,
1601 3381 1770 3434 neque

189 3475 246 3527 in
277 3486 533 3540 corpore
561 3481 686 3521 esse
726 3461 988 3519 credenda
1020 3473 1121 3524 est,
1156 3461 1249 3514 sed
1287 3475 1350 3512 ex
1389 3468 1498 3511 toto
1537 3458 1772 3524 incorpo'

190 3578 304 3618 rea.
351 3581 372 3611 ι
416 3560 529 3612 Sed
560 3565 612 3610 et
661 3554 752 3607 lib.
791 3569 841 3604 vr
875 3563 1052 3604 contra
1080 3548 1237 3612 (λιιι,
1265 3564 1407 3600 ιιιιιη.
1435 3548 1494 3600 7i
1534 3563 1546 3598 :
1585 3547 1771 3615 Ἡμεῖς

189 3651 506 3721 δὲ,ἰιι‹ιιιίι,
534 3645 827 3715 ἀσώματον
847 3641 1031 3694 οὐσίαν
1060 3640 1159 3691 οὐκ
1188 3639 1340 3706 ῐσμεν
1371 3636 1771 3706 ὲκπυρουμένην

271 3772 315 3803 ⁸ο
348 3769 395 3823 ιι
435 3770 568 3821 Cor.
598 3781 673 3829 iv,
703 3764 788 3818 18.

268 3885 391 3950 (29)
441 3881 585 3935 Nam
618 3875 828 3950 angelos
858 3877 930 3927 ita
953 3887 1220 3950 corporeus
1257 3868 1511 3950 ess-canit,
1544 3870 1774 3950 utuspiri-

194 3938 347 4009 taleis?
373 3938 736 4004 Iniltilamimis
781 3960 889 3996 esse
925 3943 1061 4005 velit,
1086 3944 1218 4008 quod
1263 3938 1471 4004 spiritus
1507 3938 1635 4009 mhi!
1673 3939 1771 3989 sint

194 4005 350 4076 ὲιῖίὶιὶι
377 4020 546 4089 quam
573 4028 793 4089 summa?
813 4005 1487 4089 cxiguitqtissemermem.
1514 4005 1588 4056 Ex
1615 4020 1770 4083 supra

192 4074 406 4145 allatis'
424 4084 886 4151 sequentibusque
897 4074 982 4151 ’ξιο-
999 4077 1258 4151 similibus
1280 4074 1410 4126 locis
1426 4110 1443 4134 ,
1468 4087 1572 4151 non
1596 4075 1774 4151 sequi-

195 4140 614 4222 ;urbrigenem
635 4140 881 4222 naturam
897 4147 1087 4222 animm
1104 4153 1157 4197 et
1178 4141 1544 4222 a.liorum_spiri
1556 4151 1695 4192 tuum
1722 4140 1771 4191 iu

194 4207 449 4295 animi;
476 4217 827 4295 quantumvis
856 4213 1033 4295 subtili
1072 4212 1329 4291 posuisse.
1366 4209 1420 4261 ιιι
1451 4207 1776 4288 solum'con—

431 4277 610 4358 ipsum
644 4288 796 4354 juxta
846 4298 908 4335 ac
952 4277 1257 4358 Platonicos
1297 4288 1510 4345 putasse
1548 4277 1770 4355 animas,

194 4345 467 4429 aliasque
506 4345 839 4429 subsiantias
869 4350 1240 4429 rationabiles,
1262 4356 1464 4429 natura
1479 4359 1580 4429 sua.
1600 4345 1774 4429 inegr-

195 4411 409 4501 EBFéJs
435 4411 495 4480 et
520 4422 842 4501 invisibiles,
877 4418 1189 4501 corporibus
1228 4424 1401 4468 tamen
1434 4414 1583 4492 quasi
1620 4411 1773 4463 indu-

193 4483 402 4555 iiieiito
432 4509 492 4548 et
546 4489 793 4569 vehiculo
843 4483 1207 4569 circinuvolvi,
1240 4496 1407 4548 neque
1452 4483 1515 4569 iis
1545 4495 1774 4569 uniquain
1807 4512 1851 4569 ο

193 4549 442 4623 omnino
478 4560 698 4622 nudari,
729 4567 911 4624 utpote
937 4568 1054 4621 quae
1081 4554 1231 4624 nuda:
1272 4549 1638 4624 comprehendi
1675 4564 1774 4624 non

192 4618 450 4705 possint,
481 4644 586 4683 nec
632 4618 693 4679 in
730 4618 1132 4705 ullo-corpOreo
1164 4620 1289 4705 ioco
1315 4621 1623 4705 consistere,
1650 4618 1778 4681 quin

194 4686 503 4772 indigeant
543 4709 773 4764 corpore
794 4695 859 4746 ad
883 4686 1122 4772 naturam
1164 4688 1260 4740 loci
1315 4686 1452 4738 illius
1473 4699 1780 4772 accommo-

191 4753 374 4836 6516";
396 4753 498 4822 Sed
528 4753 724 4836 praeier
740 4776 981 4816 crassmn
1005 4760 1317 4836 lioc_corpus
1345 4754 1523 4821 quoin
1548 4753 1644 4804 hac
1673 4753 1778 4803 vita

191 4826 765 4897 induuntur'animaa,
801 4840 952 4883 certo
993 4826 1230 4897 quodaiu'
1256 4836 1636 4897 eas_conuexas_
1665 4834 1782 4873 esse

193 4889 650 4972 Ξῐὲῐῐόὶόψυω
683 4889 826 4972 quod
866 4910 959 4948 eas
999 4889 1192 4972 tibique
1227 4889 1636 4972 εςψῄιιιικιιιιοιι
1665 4903 1778 4940 ser-

191 4958 360 5034 ;gitvl'
376 4958 554 5029 είὶίιῐῖὶ
580 4958 1123 5037 ιιθνόρἰιομετυεείοιιξ
1146 4964 1283 5037 quod
1304 4958 1547 5037 denique
1568 4971 1783 5033 voc-aim-

193 5027 598 5113 as‘ﬁorphyrio
628 5027 683 5090 et
709 5034 917 5113 Iflotino
952 5051 970 5082 ι
999 5027 1244 5113 spiritale
1266 5036 1318 5078 et
1344 5027 1568 5113 interius
1594 5027 1782 5076 anima:

193 5095 634 5169 indumentum.
684 5123 702 5155 ι
732 5105 843 5156 Ιιιιο
890 5095 1081 5171 printer
1124 5096 1313 5171 duplex
1365 5095 1779 5171 boccqcorpus,

502 5160 568 5229 us
593 5174 808 5250 tertium
827 5160 1070 5250 agiioscit
1092 5160 1347 5250 subtilius,

616 5227 891 5315 oﬁpdvtov:
913 5237 1180 5315 αἰθέριον,
1209 5244 1271 5315 ei
1292 5227 1585 5315 αῷγοέιδές,
1617 5230 1783 5307 quod-

196 5300 898 5388 quewanin'iabu‘s'tribuit
926 5300 1050 5388 qiiai
1087 5308 1153 5388 ab
1196 5300 1487 5388 affectibus
1510 5300 1785 5388 .cqipﬂrgis

196 5364 595 5442 ῧῦἑτςῖεέζιῖιι.
614 5377 835 5431 Proetus
857 5387 911 5428 et
930 5364 1354 5442 l'lierocles_illud
1379 5376 1528 5442 vocat
1550 5364 1609 5442 τὸ
1634 5380 1785 5442 msu-

200 5434 463 5528 iiaaeg
492 5445 803 5528 exmia.
835 5441 1055 5522 arma:
1085 5438 1339 5528 ψυιῇςεέ.
1359 5434 1787 5528 facessat-

196 5505 416 5579 ἷιῖιῦέέί
468 5505 807 5573 τιιῗίἰὶιιειὺιιὶὲ
852 5505 1063 5565 anima;
1100 5505 1120 5557 ᾧ
1153 5513 1222 5557 At
1260 5505 1410 5557 valde
1450 5505 1781 5579 peregrinum

198 5572 739 5648 i‘lirﬁatomcorum
776 5582 986 5647 scriptis
1022 5592 1142 5649 eum
1194 5586 1311 5627 esse
1352 5579 1559 5649 oportet
1577 5572 1702 5649 ,_qui
1733 5572 1786 5622 in

202 5639 638 5720 init-ceditplici
672 5639 909 5704 interiori
959 5645 1039 5695 vel
1092 5644 1368 5720 alterutro‘
1399 5639 1642 5691 vehiculo
1693 5655 1787 5691 eos

200 5707 726 5799 putaverit'anima:
758 5727 996 5793 naturam
1046 5707 1786 5799 pos-uisse”."immense-uten-

201 5773 559 5854 ἱίἷιῖὖέιιέὲιιι
593 5790 659 5843 de
698 5788 987 5838 animarum
1022 5773 1209 5830 natura
1240 5776 1489 5842 exprimit
1528 5773 1789 5843 Origenes

1869 689 1965 759 τὴν
2012 685 2328 755 ἀγγέλων,ῆ
2367 687 2583 756 θρόνων,
2615 686 2650 756 ἢ
2690 686 3040 755 κυριοτήτων,
3073 681 3105 753 ἢ
3140 681 3401 754 ἀρχῶν,ῆ

1870 778 2121 846 ἐξουσιῶν
2139 777 2444 829 ὑπόστασιν.
2466 777 2583 829 Ideo
2600 776 2920 842 Sophronius
2930 772 3402 842 Jerosolymitanus

1870 870 1922 925 in
1958 868 2175 937 epistola
2205 867 2268 917 ad
2298 864 2538 930 Sergium
2578 864 2761 916 scribit
2793 861 3099 930 Origenem,
3135 860 3402 929 ipsiusque

1869 973 2124 1026 sequaces
2172 956 2368 1008 dixisse
2422 955 2625 1006 animas
2680 961 2801 1006 aute
2860 967 3084 1020 corpora
3139 964 3300 1005 carne
3346 959 3402 1004 et

1870 1062 2091 1117 corpore
2142 1055 2410 1100 carentem
2465 1044 2625 1097 vitam
2665 1043 2837 1111 egisse
2881 1043 2933 1095 in
2993 1042 3129 1096 cmlo
3169 1041 3399 1096 nondum

1868 1148 2065 1192 creato.

1939 1226 2005 1281 γ.
2037 1227 2089 1279 ln
2120 1225 2202 1278 his
2227 1238 2404 1278 secum
2450 1222 2572 1277 licet
2596 1233 2832 1290 pugnare
2856 1218 3098 1273 videatur
3126 1219 3397 1288 Origenes,

1871 1316 2023 1371 facile
2040 1325 2213 1369 tamen
2239 1314 2598 1369 discordantes
2627 1310 2724 1364 loci
2749 1310 3128 1364 conciliantur:
3148 1310 3257 1378 (‘29)
3277 1324 3397 1362 nam

1872 1404 2087 1473 angelos
2126 1406 2196 1457 ita
2232 1415 2514 1471 corporeos
2541 1416 2657 1454 esse
2679 1399 2812 1463 vult,
2843 1407 2898 1451 ut
2925 1396 3188 1466 spiritales
3215 1398 3402 1450 nihile-

1862 1497 2046 1548 -miuus
2067 1508 2187 1549 esse
2207 1493 2352 1559 velit,
2384 1492 2522 1559 quod
2545 1491 2763 1559 spiritus
2792 1487 2920 1541 nihil
2949 1488 3054 1540 sint
3083 1485 3223 1538 aliud
3241 1500 3400 1554 quam

1871 1600 2077 1639 summa
2124 1583 2425 1651 exiguitatis
2466 1594 2683 1647 corpora
2715 1617 2729 1641 ,
2800 1575 3087 1643 cuiusmodi
3141 1585 3263 1629 sunt
3308 1589 3404 1627 au-

1874 1674 2075 1744 gelica;
2121 1673 2313 1727 asserit
2358 1672 2547 1740 quippe
2598 1670 2711 1723 loco
2766 1682 2924 1734 supra
2977 1665 3181 1719 allator
3232 1676 3398 1716 mate-

1873 1764 2056 1818 rialem
2089 1762 2437 1817 substantiam
2467 1761 2621 1828 hujus
2656 1758 2856 1821 mundi,
2881 1755 3132 1825 spiritalis
3162 1753 3401 1821 corporis

1874 1852 2195 1905 indumentis
2220 1850 2301 1903 vel
2332 1849 2544 1917 angelus
2575 1847 2689 1910 Dei,
2715 1847 2796 1900 vel
2828 1846 2961 1899 filios
2999 1845 3402 1899 resurrectionis

1873 1956 2160 2005 exornare;
2197 1960 2215 1993 ι
2254 1949 2312 1993 ιιι
2362 1939 2630 1992 hominum
2663 1950 2872 2006 quoque
2917 1950 3134 2003 corpora
3166 1944 3282 2002 post
3320 1951 3404 1988 re-

1872 2030 2254 2085 surrectionem
2300 2027 2556 2098 spiritalia
2604 2027 2717 2080 fore
2752 2027 2982 2079 declarat
3012 2024 3241 2078 Paulus!
3275 2025 3397 2082 Cur.

1872 2135 1960 2181 xv,
1990 2120 2077 2172 44.
2111 2119 2339 2185 Angelos
2386 2131 2542 2186 porro
2573 2130 2690 2169 cum
2721 2126 2933 2183 propter
2986 2115 3233 2167 eximiam
3290 2129 3403 2166 cor-

1872 2224 2056 2277 porum
2112 2208 2453 2261 subtilitatem
2493 2205 2757 2274 spiritales
2809 2202 3020 2264 dixerit,
3064 2204 3403 2271 ineorporcos

1875 2312 2084 2366 quoque
2112 2297 2517 2365 quodammodo,
2544 2304 2598 2348 et
2632 2292 3072 2365 καταχρηστικῶς
3097 2291 3201 2345 dici
3249 2305 3405 2361 posse

1871 2385 2097 2449 censuit,
2133 2384 2305 2437 habita
2333 2384 2622 2450 praesertim
2649 2397 2926 2450 corporum
2978 2392 3275 2435 nostrorum
3316 2395 3404 2433 ra-

1870 2473 2033 2533 tione,
2056 2487 2171 2539 quie
2198 2484 2375 2524 crassa
2411 2479 2551 2523 sunt.
2587 2468 2639 2522 ld
2671 2470 2783 2535 ipse
2824 2469 3100 2522 manifeste
3129 2467 3322 2521 indicat
3348 2467 3401 2519 in

1876 2562 2134 2632 prooemio
2179 2560 2433 2613 librorum
2467 2558 2542 2612 De
2585 2560 2827 2627 princip.,
2867 2574 3011 2611 num.
3037 2559 3089 2622 8,
3112 2573 3233 2611 cum
3258 2557 3401 2609 enim

1874 2650 2275 2720 appellationem
2332 2646 2617 2715 ἀσωμάτου
2661 2649 2711 2701 in
2762 2648 3051 2714 Scripturis
3099 2646 3401 2713 neutiquam

1873 2742 2117 2809 usurpari
2157 2741 2400 2802 dixisset,
2435 2738 2615 2805 objicit
2662 2738 2760 2791 sibi
2808 2737 2978 2790 locum
3006 2735 3287 2804 quemdam
3338 2750 3404 2788 ex

1873 2832 2170 2900 apocrypha
2205 2829 2402 2891 libello,
2434 2829 2523 2898 qui
2546 2827 2688 2882 Petri
2721 2827 2962 2880 Doctrina
2994 2826 3322 2890 inscribitur,
3350 2824 3403 2877 in

1876 2934 1983 2989 quo
2022 2918 2292 2987 discipulis
2320 2919 2445 2972 dicit
2481 2917 2728 2972 Christus
2767 2930 2828 2969 se
2863 2931 2972 2968 non
3019 2929 3137 2969 esse
3169 2932 3188 2964 ι
3215 2914 3406 2966 dieme-

1876 3011 2019 3063 nium
2054 3009 2448 3077 incorporeum.
2489 3027 2508 3059 ι
2540 3006 2841 3074 Respondet
2869 3004 3124 3072 Origenes
3153 3003 3290 3055 inter
3314 3016 3405 3055 ec—

1877 3101 2206 3154 clesiasticos
2232 3100 2395 3154 libros
2422 3099 2571 3152 Petri
2592 3096 2891 3150 Doctrinam
2916 3109 3019 3147 non
3047 3093 3227 3155 haberi
3256 3109 3270 3157 ;
3293 3100 3401 3146 tum

1876 3190 2065 3245 addit:
2106 3209 2125 3243 ι
2170 3192 2318 3257 Quod
2362 3190 2520 3245 etiam
2553 3188 2599 3243 si
2644 3189 2811 3256 ipsqu
2866 3185 3268 3246 concederetur,
3297 3198 3402 3235 non

1874 3283 2010 3337 idem
2039 3297 2225 3337 sensus
2255 3282 2325 3335 ibi
2369 3296 2433 3334 ex
2473 3281 2585 3348 ipso
2611 3292 2856 3333 sermone
2900 3274 3183 3345 ἀσωμάτου
3215 3273 3410 3328 indica-

1876 3378 2040 3434 retur,
2066 3370 2156 3437 qui
2183 3384 2213 3421 a
2238 3366 2436 3423 Graecis
2472 3374 2526 3420 et
2569 3364 2852 3435 gentilibus
2878 3363 3180 3417 auctoribus
3223 3370 3405 3416 osten-

1873 3456 2036 3517 ditur,
2056 3471 2176 3509 cum
2197 3455 2263 3509 de
2284 3456 2592 3521 incorporea
2621 3461 2805 3505 natura
2830 3465 2860 3503 a
2878 3450 3202 3519 philosophis
3230 3449 3408 3517 dispu-

1877 3555 2037 3599 tamr.
2082 3545 2135 3599 In
2167 3547 2266 3599 hoc
2305 3545 2446 3597 enim
2492 3542 2666 3596 libello
2699 3542 3062 3609 incorporeum
3087 3540 3403 3593 daemonium

1876 3635 2028 3699 dixit,
2064 3649 2159 3704 pro
2182 3648 2245 3689 eo
2290 3634 2428 3701 quod
2459 3632 2571 3700 ipse
2596 3630 2680 3684 ille
2706 3629 3007 3698 quicunque
3048 3637 3130 3682 est
3175 3626 3407 3691 habitus,

1877 3865 1968 3919 lib.
1998 3879 2068 3917 vn
2116 3872 2293 3914 contra
2311 3859 2561 3927 :Celsum,
2624 3875 2765 3912 num.
2797 3860 2906 3912 '52:
2952 3877 2970 3908 ι
3009 3857 3288 3923 Quoniam,
3328 3858 3412 3927 in-

1878 3935 2012 4002 quit,
2045 3924 2441 4002 resurrectionis
2465 3930 2653 4002 dogma
2679 3928 3009 4002 iileo_Celsus
3036 3927 3254 4002 irridet,
3282 3924 3407 4002 quia

1878 3994 1981 4054 non
2000 3994 2272 4063 intelligit,
2295 4012 2391 4049 nec
2421 3998 2621 4046 audmt
2646 3996 2744 4047 nisi
2771 3997 2835 4047 ab
2864 3995 3120 4063 imperitis
3149 3994 3236 4063 qui
3268 3994 3412 4045 nullo

1878 4068 2002 4121 illud
2032 4062 2346 4134 argumento
2371 4072 2614 4134 astruere
2645 4072 2903 4134 poterant,
2926 4062 3052 4114 utile
3086 4062 3411 4134 fuerit,prze-

1880 4146 1964 4189 ter
1986 4151 2045 4186 ea
2075 4130 2190 4199 qua:
2218 4132 2316 4182 hac
2353 4131 2419 4182 de
2470 4145 2526 4181 re
2575 4132 2906 4199 supradicta
2942 4138 3084 4199 sunt,
3121 4130 3219 4179 hoc
3248 4143 3407 4199 unum

1877 4198 2194 4261 observare,
2238 4215 2352 4265 quae
2378 4200 2441 4250 de
2477 4198 2860 4250 resurrectione
2895 4198 3179 4258 tradimus,
3211 4198 3409 4249 ea'non

1877 4270 2160 4339 proficisci,
2177 4276 2229 4318 ut
2260 4267 2443 4339 Celsus
2462 4274 2631 4333 putat,
2650 4281 2714 4317 ex
2748 4266 2884 4339 male
2913 4265 3176 4339 intellecta
3199 4265 3408 4339 anima-

1882 4334 1995 4392 rum
2023 4355 2053 4391 e
2083 4337 2390 4402 corporibus
2417 4336 2466 4385 in
2512 4348 2732 4400 corpora
2779 4335 3127 4402 migratione;
3161 4334 3251 4402 sed
3287 4334 3412 4399 quia

1878 4411 2073 4461 scimus
2096 4400 2349 4467 animam,
2378 4412 2565 4455 natura
2594 4402 2957 4468 incorporeum
2996 4411 3047 4452 et
3073 4400 3410 4465 iuvisibilcm,

1878 4477 1928 4527 in
1961 4475 2104 4528 nullo
2129 4487 2384 4538 corporeo
2408 4472 2700 4538 consistere
2724 4469 2856 4529 loco,
2882 4469 3007 4536 quin
3032 4469 3261 4535 indigeat
3291 4483 3411 4523 cor-

1881 4559 2010 4609 pore
2041 4544 2104 4593 ad
2153 4537 2393 4593 naturam
2443 4538 2582 4590 illius
2623 4537 2720 4589 loci
2776 4540 3178 4609 accommodato
3215 4555 3230 4609 ξ
3272 4537 3413 4605 quod

1872 4606 2073 4677 corpus
2109 4612 2264 4661 modo
2282 4609 2704 4677 quidemgestat,
2724 4615 2885 4677 exuto
2910 4606 3070 4677 priori
3097 4606 3233 4674 quod
3256 4618 3411 4658 antea

1880 4673 2254 4737 necessarium,
2286 4673 2467 4742 postea
2499 4673 2684 4726 inutile
2723 4675 2812 4736 lit;
2848 4675 3002 4726 modo
3036 4686 3210 4726 autem
3257 4688 3415 4741 super

1879 4748 2003 4799 illud
2038 4746 2174 4814 quod
2210 4746 2355 4810 prius
2390 4744 2638 4814 habebat,
2674 4742 2907 4794 induitur
2954 4744 3171 4814 meliore
3197 4758 3302 4814 quo
3329 4747 3411 4793 in-

1879 4819 2018 4882 diget
2058 4811 2119 4865 ut
2150 4814 2516 4882 ad‘puriores,
2547 4813 2805 4882 aethereos
2826 4849 2842 4873 ,
2876 4812 3222 4878 ctelestesque
3271 4811 3414 4863 locos

1878 4878 2168 4950 perveniat.
2218 4878 2309 4932 Sic
2358 4881 2408 4932 in
2467 4880 2563 4950 hac
2613 4879 2718 4931 vita
2760 4893 3006 4950 nascens,
3044 4883 3413 4950 membranam

1880 4947 2025 5005 exuit
2061 4966 2160 5016 qua
2194 4963 2308 5000 eain
2348 4951 2397 4999 in
2433 4948 2583 4999 vulva
2624 4948 2811 4999 matris
2853 4947 3057 5016 obvolvi
3098 4948 3228 4998 utile
3273 4960 3414 5006 erat,

1881 5013 2110 5085 quandiii
2147 5020 2197 5070 in
2226 5031 2287 5069 ea
2325 5016 2454 5079 fuit;
2484 5016 2575 5067 sed
2602 5025 2880 5080 antequam
2916 5013 3055 5065 illam
3083 5024 3261 5075 exuat,
3293 5027 3415 5066 cor-

1881 5084 1976 5155 pus
2000 5087 2167 5137 induit
2201 5086 2336 5152 quod
2365 5095 2491 5155 erat
2517 5085 2726 5155 interra
2760 5084 2963 5134 victuro
2988 5087 3411 5155 necessarium»

1881 5148 1984 5209 etc.
2012 5155 2101 5207 llis
2128 5148 2437 5219 praEmissis,
2470 5151 2621 5205 facile
2656 5151 3019 5204 discordantes
3043 5148 3286 5215 Origenis
3313 5149 3416 5201 loci

1881 5228 2248 5278 conciliantur.
2302 5220 2523 5285 Quando
2562 5220 2718 5287 igitur
2745 5220 3083 5283 incorporeus
3128 5220 3341 5283 angelos
3365 5226 3421 5269 et

1883 5294 2086 5345 animus
2119 5292 2270 5350 dicit,
2306 5307 2407 5342 non
2447 5291 2512 5340 ad
2536 5289 2897 5354 imperitorum
2936 5298 3145 5348 captum
3169 5301 3304 5354 sese
3332 5302 3422 5335 ac-

1884 5362 2201 5421 commodat,
2227 5356 2319 5411 sed
2350 5368 2535 5410 natura
2567 5351 2659 5408 sua
2708 5356 3051 5417 incorporeus
3074 5351 3369 5421 existimat
3404 5370 3421 5406 :

1882 5437 1937 5485 et
1962 5418 2196 5497 quando
2217 5439 2502 5494 corporeus
2531 5440 2622 5497 eos
2650 5425 2803 5497 dicit.
2830 5435 2934 5472 non
2957 5432 3050 5497 eos
3072 5418 3293 5497 itaesse
3329 5436 3424 5497 na.-

1887 5487 2003 5550 ιιιιὲ
2052 5512 2147 5550 sua
2194 5487 2365 5564 puta't,
2405 5510 2467 5547 ac
2496 5494 2717 5561 proinde
2744 5507 2859 5564 non
2883 5487 2995 5563 vult
3032 5488 3256 5553 spiritus
3294 5490 3423 5564 nihil

1885 5566 2021 5620 aliud
2053 5558 2213 5627 esse;
2235 5580 2391 5631 quam
2429 5558 2646 5631 summa:
2689 5558 2991 5631 exiguitatis
3030 5570 3297 5631 corpora,_
3330 5558 3427 5631 sed

1888 5635 1996 5687 vult
2020 5649 2111 5687 eos
2133 5624 2312 5686 subtili
2334 5644 2385 5685 et
2410 5630 2553 5683 aerio
2573 5624 2814 5694 corpore,
2838 5624 2980 5692 quod
3006 5625 3430 5694 vocatspiritole,

1886 5705 2036 5767 quasi
2073 5704 2378 5754 indumento
2408 5710 2460 5752 et
2494 5690 2732 5750 vehiculo
2774 5690 3010 5767 exierius
3054 5690 3427 5767 cirrmnvolyi,

1891 5760 2016 5826 V'ide
2044 5770 2196 5841 paulo
2226 5770 2360 5823 infra
2391 5778 2575 5837 quaest.
2606 5767 2657 5820 ὕ·
2690 5768 2762 5818 De
2782 5764 2977 5822 intima,
3008 5774 3155 5814 num.
3190 5760 3223 5814 3
3252 5771 3311 5813 et
3348 5760 3433 5833 l3.
