3894 6418
610 444 704 501 851

1841 417 1902 474 P.
1947 413 2255 469 DANIELIS
2293 411 2520 468 HUETII
3607 405 3686 460 85!

603 555 684 607 vel
707 539 1122 606 circumscriptio
1151 533 1429 590 daemonici
1456 545 1719 601 corporis,
1749 545 1852 586 non
1885 541 1964 586 est
1988 531 2139 584 simi-
2171 540 2211 588 Α
2245 531 2460 585 nitionis
2514 525 2652 580 ratio
2678 530 2798 607 est,
2826 520 3018 574 borum
3047 517 3162 571 sine
3187 514 3334 569 dubio
3354 523 3403 568 et
3421 515 3575 570 eadem
3599 523 3692 573 sub-

602 644 668 694 lis
695 638 813 691 huic
846 640 1022 684 nostro
1049 625 1299 686 crassiori
1331 634 1383 678 et
1412 623 1606 677 visibili
1640 622 1848 690 corpori
1887 638 1900 673 :
1937 621 2027 675 sed
2053 634 2140 674 se-

599 725 825 782 cundum
854 733 1066 773 sensum
1085 718 1198 784 ejus
1219 716 1307 785 qui
1330 712 1630 782 composuit
1653 713 1796 765 illam
1821 713 2142 779 scripturam

598 809 991 880 intelligendum
1047 818 1130 862 est
1170 807 1312 875 quod
1363 805 1494 860 dixit
1530 820 1545 866 ;
1579 802 1630 856 id
1668 812 1752 854 est
1798 817 1902 855 non
1936 815 1994 854 se
2042 801 2144 855 tale

597 916 809 971 corpus,
834 899 990 968 quale
1019 899 1217 952 habent
1244 896 1532 960 daemones,
1563 892 1703 960 quod
1730 899 1812 946 est
1833 890 2145 944 naturaliter

596 991 812 1055 subtile,
838 999 891 1044 et
921 988 1067 1042 velut
1093 1001 1219 1042 aura
1267 996 1445 1049 tenue,
1469 993 1522 1038 et
1569 990 1784 1050 propter
1810 981 1909 1034 hoc
1934 981 2016 1034 vel
2051 997 2144 1049 pu-

599 1089 740 1132 tatur
767 1077 1016 1139 amultis,
1049 1075 1132 1129 vel
1171 1074 1366 1128 dicitur
1406 1075 1796 1141 incorporeum,
1829 1069 1924 1124 sed
1950 1072 2144 1124 habere

597 1184 656 1224 se
683 1183 875 1237 corpus
902 1167 1126 1222 solidum
1151 1179 1204 1220 et
1231 1163 1512 1234 palpabile.
1531 1163 1584 1216 In
1610 1164 1991 1217 consuetudine
2021 1175 2145 1214 vero

597 1259 872 1315 hominum
916 1273 1071 1312 omne
1096 1256 1234 1323 quod
1275 1254 1380 1308 tale
1421 1268 1525 1307 non
1560 1251 1739 1316 fuerit,
1774 1252 2142 1319 incorporeum

597 1347 1012 1417 simplicioribus
1035 1347 1118 1400 Vel
1141 1342 1554 1412 imperitioribus
1582 1343 1911 1396 nominatur:
1933 1339 2075 1394 velut
2099 1338 2142 1393 si

598 1443 717 1512 quis
757 1457 931 1497 aerem
962 1442 1122 1496 istum
1153 1455 1257 1506 quo
1295 1438 1538 1504 fruimur,
1575 1438 1946 1502 incorporeum
1982 1435 2142 1498 dicat,

598 1531 1024 1600 quandoquidem
1061 1544 1162 1582 non
1197 1539 1277 1583 est
1302 1527 1403 1582 tale
1437 1542 1650 1594 corpus,
1681 1533 1738 1578 ut
1769 1523 2144 1594 comprehendi

600 1637 663 1675 ac
712 1621 880 1675 teneri
921 1619 1107 1687 possit,
1142 1617 1451 1686 urgentiqtte
1483 1617 1750 1670 resistere.
1790 1633 1810 1666 ι
1843 1614 1900 1668 Si
1931 1613 2147 1682 quando

601 1709 760 1778 igitur
788 1707 1004 1776 angelos
1037 1707 1168 1759 dixit
1192 1703 1642 1770 incorporeos,ad
1672 1703 2041 1769 imperitorum
2063 1716 2147 1753 ca-

2243 621 2438 676 stantia
2474 625 2578 672 est.
2607 635 2626 668 »
2667 603 2800 668 Tale
2847 607 3042 673 aliquid
3085 605 3239 661 habet
3261 605 3346 658 lib.
3385 620 3420 658 tt
3463 606 3508 657 in
3534 604 3694 662 Cantia.

2242 712 2518 772 canticor.,
2557 721 2681 776 pag.
2713 703 2780 758 58
2810 720 2825 755 :
2864 717 2881 750 ι
2919 699 2984 752 Et
3012 697 3185 750 adhuc
3206 695 3492 762 agnitionem
3525 696 3593 748 sui
3614 697 3698 750 ani-

2244 819 2324 856 ma
2352 801 2612 870 requirat,
2641 795 2686 850 si
2714 803 2802 848 est
2829 790 3022 859 aliquis
3045 787 3205 850 ordo,
3230 795 3315 838 aut
3335 794 3445 840 sunt
3467 783 3600 853 aliqui
3617 785 3698 853 spi.

2243 895 2376 947 ritus
2406 890 2644 960 ejusdem
2690 881 3005 939 substantiae
3035 891 3154 931 cum
3199 876 3326 943 ipsa,
3370 875 3449 927 alii
3486 888 3592 928 vero
3627 890 3702 930 non

2241 982 2498 1049 ejusdem,
2530 977 2623 1032 sed
2652 972 2856 1029 diversi
2889 971 2957 1022 ab
2979 983 3063 1032 ea,
3095 967 3145 1019 id
3166 974 3261 1027 est,
3275 964 3318 1017 si
3342 973 3452 1018 sunt
3471 973 3520 1016 et
3541 963 3614 1017 alii
3629 965 3706 1030 spi-

2246 1076 2377 1129 ritus
2405 1069 2789 1129 rationabiles,
2809 1073 2867 1119 ut
2893 1064 3006 1133 ipsa
3040 1069 3211 1124 est,et
3229 1057 3312 1110 alii
3340 1065 3554 1112 carentes
3583 1056 3707 1110 ratio-

2244 1181 2310 1221 ne
2337 1181 2352 1218 :
2378 1177 2432 1218 et
2460 1163 2504 1217 si
2535 1160 2726 1216 eadem
2754 1165 2840 1211 est
2889 1155 3057 1222 ipsius
3099 1165 3216 1222 qua:
3237 1160 3289 1204 et
3321 1147 3590 1215 angelorum
3621 1148 3709 1201 sttit-

2244 1257 2461 1319 stantia,
2474 1252 2731 1321 quoniam
2747 1244 3082 1319 jrationabile
3103 1258 3132 1296 a
3154 1238 3436 1296 rationabili
3453 1251 3710 1307 nequaquam

2245 1343 2464 1400 diiierre
2489 1342 2754 1397 creditur.
2790 1356 2810 1390 ι

2315 1437 2422 1492 VII.
2456 1434 2788 1503 Angelorum
2829 1437 3010 1485 autem
3043 1428 3180 1481 inter
3205 1432 3258 1477 et
3283 1422 3551 1476 daemonum
3573 1434 3712 1488 corpu

2245 1525 2532 1581 discrimen
2583 1520 2800 1588 aliquod
2858 1515 3140 1573 tenuitatis
3190 1511 3480 1573 constituit,
3524 1510 3711 1578 quoniam

2246 1617 2513 1686 graviora,
2538 1613 2622 1668 vel
2653 1610 2938 1668 subtiliora
2967 1620 3194 1674 corpora
3211 1643 3226 1670 ,
3251 1617 3345 1672 pro
3373 1601 3619 1656 criminum
3636 1614 3714 1653 mo-

2247 1709 2334 1774 do,
2367 1703 2640 1759 mentibus
2663 1701 2844 1756 addita
2879 1698 3047 1753 fuisse
3079 1696 3320 1763 opinatus
3342 1700 3506 1755 est,ut
3528 1691 3712 1742 diximus.

600 1808 746 1866 ptum
772 1812 890 1851 sese
933 1797 1384 1857 accommodasse,
1424 1805 1479 1849 et
1504 1797 1655 1863 juxta
1687 1793 1833 1860 vulgi
1863 1800 2145 1846 consuetu-
2178 1865 2181 1866 ν
2250 1795 2536 1865 Postquam
2578 1792 2725 1846 enim
2771 1791 2841 1844 ob
2886 1785 3181 1856 nequitiam
3220 1785 3470 1838 daemones
3493 1779 3607 1834 cmlo
3633 1788 3716 1834 sunt

599 1888 776 1942 dinem
800 1887 1028 1940 locutum
1062 1886 1228 1940 fuisse
1256 1887 1556 1939 credamus.

669 1975 759 2030 Vl.
789 1975 897 2030 Nec
944 1989 1253 2042 corpoream
1303 1974 1502 2043 angelis
1551 1982 1792 2026 naturam
1840 1970 2145 2027 attribuisse

599 2076 910 2129 contentus,
948 2067 1178 2118 animam
1212 2064 1276 2118 iis
1299 2065 1514 2131 insuper
1534 2065 1780 2130 ascripsit
1805 2063 1898 2117 lib.
1926 2077 1966 2115 tt
2005 2063 2142 2130 Περὶ

599 2153 814 2222 ἀρχῶν,
838 2170 954 2221 cap.
987 2154 1042 2218 8,
1065 2168 1208 2205 num.
1242 2154 1264 2204 1
1302 2169 1314 2205 :
1353 2170 1370 2203 ι
1403 2153 1656 2220 Superest
1681 2152 1748 2204 de
1794 2152 2029 2220 angelico
2053 2167 2144 2204 or-

601 2245 724 2297 dine
752 2244 1042 2310 requirere,
1087 2253 1261 2293 utrum
1293 2250 1347 2293 et
1395 2240 1492 2308 ipsi
1543 2241 1747 2293 animas
1791 2243 2046 2302 habeant,
2078 2255 2144 2293 an

601 2337 792 2388 animae
819 2335 962 2396 sint,
996 2332 1078 2385 vel
1121 2332 1187 2384 de
1219 2331 1424 2384 caeteris
1469 2330 1687 2392 divinis,
1737 2329 2148 2397 caelestibusque

604 2425 908 2488 virtutibus,
935 2423 1024 2477 sed
1049 2433 1104 2476 et
1133 2422 1198 2475 de
1225 2419 1509 2475 contrariis
1553 2418 1925 2487 potestatibus.
1951 2418 2148 2473 Aucto-

603 2518 812 2569 ritatetn
861 2514 1072 2582 quidem
1110 2512 1301 2567 divinae
1348 2509 1636 2578 Scripturze
1683 2523 1904 2578 usquam
1951 2509 2146 2563 nullam

605 2611 922 2672 invenimus,
957 2609 1094 2674 quod
1129 2605 1212 2658 vel
1255 2604 1454 2673 angeli,
1512 2603 1595 2657 vel
1635 2602 1679 2657 si
1722 2603 1810 2671 qui
1844 2603 1950 2656 sint
1981 2603 2146 2658 divini

603 2699 822 2767 spiritus
849 2698 1072 2752 ministri
1110 2696 1223 2757 Dei,
1262 2694 1345 2748 vel
1376 2694 1579 2748 animas
1605 2693 1824 2760 habere,
1845 2692 1928 2745 vel
1957 2693 2150 2745 anima:

603 2791 848 2844 dicantur
894 2809 908 2844 :
951 2787 1242 2843 animantia
1283 2796 1454 2841 tamen
1499 2799 1617 2840 esse
1664 2799 1694 2838 a
1745 2783 2150 2853 quampluritnis

603 2881 921 2936 sentiuntur.
960 2900 980 2931 ι
1015 2879 1370 2947 Hieronymus
1411 2878 1569 2944 epist.
1611 2874 1680 2929 65
1712 2877 1777 2930 ad
1813 2874 2146 2937 Pammacb.,

603 2987 721 3039 cap.
739 2971 772 3024 5
796 2992 806 3025 :
827 2988 846 3022 ‹
872 2969 977 3023 Nec
1005 2968 1260 3037 Origenes
1289 2979 1516 3033 unquam
1542 2965 1675 3020 dixit
1699 2979 1764 3019 ex
1796 2964 1996 3034 angelis
2029 2962 2147 3016 ani-

609 3076 721 3114 mas
754 3060 891 3128 ﬁeri,
926 3074 1044 3113 cum
1067 3059 1210 3126 ipsos
1243 3056 1458 3126 angelos
1487 3069 1678 3109 nomen
1708 3069 1828 3108 esse
1861 3053 2020 3108 oﬁlcii
2052 3054 2148 3105 do-

605 3160 742 3215 ceat,
765 3166 867 3203 non
894 3159 1127 3211 naturae;
1162 3147 1215 3202 in
1248 3147 1400 3201 libris
1432 3147 1570 3201 enim
1602 3145 1737 3213 Περὶ
1765 3142 1968 3213 ἀρχῶν
1987 3151 2042 3197 et
2064 3155 2151 3195 an-

605 3240 770 3310 gelos,
815 3250 870 3292 et
914 3240 1153 3300 thronos,
1187 3246 1242 3290 et
1287 3235 1708 3300 dominationes,
1765 3241 2054 3303 potestates
2097 3238 2150 3284 et

606 3342 840 3388 rectores
865 3329 1041 3382 tnuttdi
1073 3339 1125 3381 et
1151 3326 1510 3389 tenebrarum,
1535 3335 1588 3380 et
1611 3339 1768 3378 omne
1797 3337 1988 3378 nomen
2010 3321 2150 3390 quod

605 3425 911 3496 nominatur
937 3439 1037 3474 non
1073 3422 1241 3475 solum
1265 3421 1316 3473 in
1355 3419 1601 3486 praesenti
1631 3418 1843 3480 saeculo,
1879 3417 1970 3471 sed
1992 3416 2044 3468 in
2069 3417 2151 3468 fu-

610 3524 748 3573 turo,
791 3510 922 3566 dicit
954 3513 1162 3564 animas
1190 3523 1307 3564 esse
1357 3523 1538 3562 eorum
1575 3523 1877 3576 corporum,
1910 3522 2026 3575 quae
2067 3507 2150 3561 vel

605 3602 891 3664 desiderio,
921 3603 1002 3655 vel
1025 3601 1320 3656 ministerio
1347 3599 1693 3666 susceperint.
1726 3617 1744 3650 ι
1775 3598 2018 3652 Proiecto
2049 3586 2149 3652 non

606 3699 688 3746 est
724 3702 1023 3761 promptum
1053 3689 1192 3744 dictu
1217 3704 1445 3758 quanam
1478 3689 1684 3742 ratione
1725 3689 1956 3741 animam
1987 3703 2152 3756 attge—

609 3784 675 3838 lis
703 3784 875 3838 inesse
923 3796 1081 3850 posse
1119 3781 1381 3835 senserit:
1420 3796 1538 3833 nam
1579 3790 1927 3848 quaereretur,
1978 3779 2148 3832 anima

610 3873 696 3928 illa
740 3887 1063 3942 corporeane
1103 3873 1192 3935 sit,
1225 3889 1290 3925 an
1325 3881 1531 3926 contra.
1566 3872 1888 3938 Corpoream
1929 3869 2153 3923 dixisset

609 3965 810 4034 utique,
843 3981 963 4018 nam
999 3964 1126 4019 nihil
1168 3975 1357 4032 praeter
1393 3963 1556 4017 Deum
1591 3963 1954 4029 incorporeum
1987 3961 2149 4014 ducit.

609 4054 788 4112 Tenue
819 4071 946 4123 ergo
976 4064 1029 4108 et
1055 4067 1506 4120 monogrammum
1541 4066 1731 4118 corpus
1761 4053 1825 4103 ab
1861 4052 1965 4104 alio
1996 4051 2152 4119 longe

611 4147 918 4200 tenuissimo
951 4154 1006 4197 et
1036 4144 1425 4210 simplicissimo
1467 4156 1689 4209 corpore
1717 4141 2003 4194 animatum
2033 4156 2152 4196 esse

611 4235 789 4288 dicere
831 4233 1118 4288 debuisset.
1155 4233 1256 4285 Sed
1303 4231 1457 4299 paulo
1500 4237 1656 4298 post,
1687 4230 1907 4295 ttum.2,
1940 4231 2153 4297 angelos

609 4324 846 4378 decernit
883 4339 1058 4378 meras
1084 4337 1201 4376 esse
1225 4323 1448 4375 animas.
1487 4339 1506 4372 ι
1546 4323 1619 4375 De
1651 4335 1714 4373 eo
1746 4335 1872 4373 vero
1898 4323 2034 4387 quod
2061 4320 2151 4374 Dei

613 4409 795 4460 anima
821 4409 870 4462 in
902 4410 1193 4478 Scripturis
1218 4409 1538 4471 nominatur,
1559 4409 1790 4479 qualiter
1818 4407 2034 4478 intelligi
2059 4411 2149 4463 de-

2177 1865 2216 1918 Β
2244 1883 2540 1948 exturbati,
2571 1879 2851 1935 crassiore
2885 1877 3120 1946 quodam
3167 1887 3383 1942 corpore
3417 1872 3716 1937 circumseptis

2243 1989 2362 2031 esse
2389 1972 2737 2027 existimavit.
2777 1969 2872 2024 Sic
2903 1969 2994 2022 ille
3025 1976 3154 2020 tont.
3192 1981 3204 2020 t
3234 1967 3288 2018 in
3313 1964 3480 2027 10am,
3508 1975 3621 2018 num.
3650 1959 3715 2013 ii:

2255 2068 2314 2118 Ὃ
2334 2064 2663 2134 καλούμενος
2684 2062 2907 2132 δράκων
2929 2059 3078 2123 ἄξιος
3096 2056 3372 2126 γεγένηται
3401 2052 3639 2106 ἀποπεσὼν
3653 2052 3716 2119 τῆς

2244 2157 2489 2228 καθαρᾶς
2523 2154 2693 2223 ζωῆς,
2732 2153 2845 2222 πρὸ
2889 2153 3106 2205 πάντων
3143 2147 3406 2217 ἐνδεθῆναι
3436 2144 3524 2215 ὕλῃ
3551 2143 3624 2196 καὶ
3646 2141 3717 2194 σώ-

2251 2227 2399 2318 ματιξ
2428 2247 2580 2311 Quod
2613 2247 2679 2298 de
2709 2243 2934 2296 diabolo
2965 2227 3177 2308 statuit,
3207 2242 3272 2292 de
3311 2237 3538 2290 omnibus
3571 2246 3719 2301 quoque

2247 2339 2576 2394 daemonibus
2625 2334 3047 2403 intelligendum
3105 2340 3206 2386 est.
3261 2331 3422 2396 Atque
3464 2327 3550 2380 hoc
3588 2336 3720 2388 corpus

2247 2431 2481 2486 crassius
2526 2427 2656 2482 licet
2710 2425 2998 2494 angelico,
3026 2437 3146 2477 esse
3193 2430 3364 2474 tamen
3389 2419 3505 2472 dicit
3535 2414 3720 2485 protentio

2245 2521 2336 2574 lib.
2373 2517 2513 2585 Περὶ
2545 2516 2778 2586 ἀρχῶν,
2820 2531 2974 2569 num.
3003 2514 3061 2579 8,
3096 2531 3116 2565 ι
3168 2509 3467 2567 naturaliter
3506 2505 3720 2568 subtileet

2246 2611 2390 2664 velut
2423 2623 2550 2662 aura
2589 2617 2778 2676 tenue,
2813 2625 2832 2658 ι
2866 2621 2930 2660 ex
2966 2618 3091 2662 aere
3138 2603 3379 2656 nimirum
3432 2599 3603 2653 rariore
3636 2608 3722 2648 cott-

2249 2709 2470 2754 textum.
2503 2695 2658 2764 Quod
2697 2698 2756 2750 in
2783 2711 2851 2751 eo
2874 2691 3150 2764 redarguit
3177 2692 3511 2761 Hieronymus
3533 2683 3722 2755 epist.59.

2247 2791 2311 2844 ad
2333 2790 2500 2853 Avit.,
2533 2801 2656 2857 cap.
2695 2788 2754 2842 1.
2788 2787 2865 2840 At
2889 2801 3009 2840 eam
3037 2793 3212 2838 tamen
3239 2795 3504 2850 corporum
3524 2777 3726 2833 diversita-

2251 2889 2354 2934 tem
2389 2878 2526 2932 eitra
2557 2877 2737 2931 ullum
2791 2886 3004 2931 naturae
3039 2874 3323 2930 discrimen
3355 2872 3577 2941 Origenes
3596 2867 3726 2922 admit-

2251 2972 2332 3025 tit.
2361 2967 2644 3024 Diabolum
2678 2969 2892 3037 quippe
2931 2968 3078 3020 inter
3108 2975 3162 3019 et
3187 2963 3419 3032 angelum
3443 2962 3577 3013 ullam
3598 2957 3726 3016 οὐσίας

2248 3060 2602 3115 differentiam
2645 3073 2780 3115 esse
2831 3070 2995 3128 negat
3027 3055 3164 3114 tom.’
3192 3073 3261 3119 xx
3284 3058 3336 3109 in
3358 3053 3520 3114 Joan..
3546 3046 3725 3105 numﬂii.

2249 3149 2356 3202 Nec
2382 3157 2644 3216 repugnat
2669 3150 2826 3216 quod
2861 3150 3078 3218 scripsit
3110 3149 3199 3202 lib.
3228 3163 3283 3200 ιιι
3301 3152 3467 3199 contra
3484 3141 3612 3202 Cela,
3629 3149 3727 3192 nunt.

2249 3240 2313 3293 ’57
2349 3259 2363 3292 :
2397 3241 2458 3293 Oi
2483 3239 2537 3292 δὲ
2557 3239 2652 3292 τοῦ
2677 3239 2826 3294 Θεοῦ
2851 3241 2984 3294 θεῖοι
3018 3241 3112 3295 καὶ
3133 3241 3272 3308 ἅγιοι
3303 3236 3500 3306 ἄγγελοι
3518 3226 3730 3300 aliquid

2250 3330 2480 3397 φύσεως,
2521 3333 2616 3384 καὶ
2649 3320 3039 3404 προαιρέσεώς
3065 3332 3211 3402 παρὰ
3245 3333 3365 3394 τοὺς
3382 3329 3468 3382 ἐπὶ
3481 3328 3567 3396 γῆς
3591 3323 3731 3378 πάντας

2249 3422 2529 3490 δαίμονας.
2559 3423 2729 3476 Aliud
2759 3434 2844 3478 est
2879 3423 3026 3478 enim
3060 3421 3238 3493 φύσις.
3273 3422 3408 3475 aliud
3438 3417 3587 3472 οὐσία.

2320 3507 2450 3563 Vill.
2475 3509 2658 3578 Atque
2694 3513 2914 3580 singula
2963 3513 3079 3567 haec
3110 3513 3298 3579 placita
3335 3510 3530 3565 Patrum
3549 3513 3730 3560 numerus

2250 3597 2504 3662 defendit,
2533 3599 2629 3668 qui
2675 3611 2736 3655 ut
2766 3603 2820 3656 in
2856 3617 2915 3657 re
2947 3603 3180 3667 incerta,
3212 3609 3381 3672 neque
3427 3593 3729 3654 deﬁnitionibus

2252 3689 2499 3744 Ecclesiae
2543 3692 3001 3761 circumscripta,
3027 3695 3207 3750 animo
3235 3709 3328 3748 suo
3353 3687 3615 3761 morigerati
3638 3691 3729 3738 sunt.

2249 3778 2550 3849 Corporeos
2581 3798 2714 3838 esse
2755 3787 2979 3856 angelos
3008 3787 3229 3856 quinam
3263 3799 3322 3840 ex
3360 3782 3457 3838 illis
3492 3773 3729 3850 putaverint,

2251 3873 2444 3936 partim
2502 3871 2802 3929 laudamus
2859 3877 2913 3930 iu
2987 3877 3445 3932 observationibus
3503 3861 3731 3924 nostristd

2251 3976 2368 4029 ριιεο
2415 3961 2518 4014 815
2555 3966 2700 4016 tonti
2752 3981 2868 4020 xvu
2909 3963 3202 4021 Comment.
3261 3963 3482 4033 Or'genis
3533 3961 3578 4014 in
3607 3953 3731 4009 liattll.

2252 4052 2453 4118 Quibus
2473 4054 2596 4106 addi
2639 4069 2874 4118 possunt
2896 4059 3148 4114 Justinus
3170 4061 3221 4112 itt
3248 4058 3443 4126 Dialog.
3473 4069 3571 4108 rum
3586 4048 3733 4117 Tryplt;

2252 4144 2495 4197 Clemens
2520 4143 2950 4204 Alexandrinus
2983 4146 3202 4218 Pwdag.
3243 4148 3330 4202 lib.
3361 4164 3396 4211 t,
3424 4142 3603 4214 capti;
3624 4138 3737 4192 Maca-

2253 4234 2362 4286 rius
2388 4234 2531 4284 hom.
2551 4232 2585 4285 4
2609 4251 2625 4296 ;
2655 4235 2972 4292 Methodius
2997 4241 3138 4307 apud
3167 4235 3734 4297 Pltotiutn.cod.ccxxxtt;

2252 4324 2479 4392 Cyrillus
2503 4324 2597 4378 lib.
2622 4341 2678 4379 tx
2724 4331 2780 4382 in
2809 4329 2981 4386 Joan.
3008 4348 3023 4396 ;
3049 4328 3356 4386 Gennadius
3379 4329 3463 4384 lib.
3498 4325 3560 4378 De
3576 4323 3732 4390 dogma!-

2254 4413 2476 4478 Eccles.,
2512 4429 2642 4484 cap.
2672 4419 2735 4472 Η
2772 4429 2829 4474 et
2851 4423 2924 4475 12
2957 4440 2972 4488 ;
3000 4423 3301 4478 Bernardus
3324 4422 3411 4475 lib.
3443 4434 3472 4471 v
3493 4418 3559 4471 De
3579 4409 3737 4467 carnide-

610 4497 753 4555 beat,
778 4507 830 4550 et
854 4499 1073 4563 sentire,
1097 4508 1150 4553 et
1184 4499 1418 4567 proferre
1444 4497 1651 4552 diliicile
1679 4506 1791 4562 est;
1816 4498 1979 4552 semel
2012 4499 2151 4553 enim
2185 4499 2228 4553 D
2259 4507 2456 4557 ratione
2478 4504 2545 4556 ad
2580 4506 2926 4577 Eugenium,
2959 4525 3016 4568 et
3047 4513 3136 4568 alii
3169 4513 3477 4582 complures.
3503 4503 3617 4574 Quid
3645 4495 3735 4564 Quod

613 4585 902 4654 simplicem
933 4587 1077 4640 illam
1115 4598 1452 4654 naturam,et
1479 4588 1677 4655 absque
1712 4586 1870 4640 ullius
1897 4586 2153 4653 abiectio-

613 4675 697 4728 nis
728 4677 1063 4741 permistione
1085 4678 1390 4744 proﬁtemur
1413 4695 1425 4728 :
1448 4688 1618 4731 tamen
1640 4668 2010 4747 quoquomodo
2037 4693 2156 4732 sett-

615 4765 850 4818 tiendum
883 4774 983 4829 est,
1024 4768 1290 4820 nominari
1337 4769 1547 4822 interim
1580 4769 1671 4823 Dei
1699 4770 1876 4823 anima
1911 4770 2150 4837 videtur;

612 4855 678 4908 de
715 4854 928 4909 Cbrism
967 4871 1092 4910 vero
1135 4874 1239 4912 non
1282 4859 1568 4914 dubitatur.
1605 4862 1670 4914 Et
1715 4862 1834 4915 ideo
1879 4875 1984 4915 non
2025 4863 2153 4917 mibi

611 4946 820 5000 videtur
849 4945 1131 5001 absurdum
1176 4949 1334 5002 etiam
1379 4951 1443 5004 de
1491 4952 1694 5005 sanctis
1737 4949 1970 5018 angelis,
1998 4963 2148 5005 caete-

611 5033 793 5102 risque
823 5033 1127 5089 caelestibus
1158 5036 1443 5091 virtutibus
1483 5037 1584 5091 tale
1615 5038 1810 5106 aliquid
1843 5040 1921 5092 vel
1948 5039 2145 5103 dicere,

609 5123 691 5176 vel
727 5124 927 5178 sentire
958 5124 1252 5194 :siquidctn
1296 5127 1530 5182 deﬁnitio
1552 5128 1638 5181 illa
1682 5130 1870 5181 aniune
1905 5129 2062 5181 etiam
2095 5129 2146 5182 in

611 5211 754 5282 ipsos
801 5211 1007 5268 videtur
1054 5215 1345 5271 incurrere.
1401 5216 1530 5282 Quis
1580 5217 1716 5270 enim
1768 5217 2150 5272 rationabiliter

611 5303 887 5359 sensibiles
920 5320 1013 5360 eos
1043 5320 1193 5366 esse.
1223 5308 1306 5361 vel
1346 5305 1565 5359 mobiles
1613 5307 1807 5373 poterit
1848 5307 2150 5374 denegare?

611 5395 758 5458 Quod
787 5395 831 5449 si
866 5407 1008 5450 recta
1035 5397 1134 5452 ista
1175 5399 1384 5451 videtur
1415 5410 1530 5448 esse
1563 5396 1820 5460 deﬁnitio,
1855 5397 1991 5461 quod
2027 5397 2152 5451 sub-

613 5482 805 5535 stantia
857 5485 1244 5540 rationabiliter
1289 5483 1588 5547 sensibilis,
1625 5494 1679 5537 et
1730 5485 1938 5540 mobilis
1973 5485 2147 5538 anima

616 5571 840 5635 dicatur,
865 5574 1071 5628 videtur
1095 5575 1207 5630 haec
1232 5575 1420 5631 eadem
1446 5573 1682 5626 deﬁnitio
1703 5575 1862 5628 etiam
1893 5573 1959 5628 ad
1983 5587 2145 5642 ange-

618 5674 694 5712 tos
730 5663 1012 5725 pertinere.
1055 5666 1188 5732 Quid
1218 5665 1360 5721 enim
1387 5663 1529 5716 aliud
1563 5666 1612 5716 in
1648 5665 1749 5719 illis
1774 5679 1932 5732 quam
1963 5677 2148 5718 sensus

620 5749 937 5808 rationabilis
980 5767 1033 5810 et
1066 5767 1238 5814 motus
1263 5768 1342 5816 est
1372 5758 1394 5813 ?
1423 5754 1653 5822 Quorum
1686 5766 1858 5810 autem
1887 5768 1989 5808 una
2018 5752 2147 5808 deii-

2251 4595 2489 4649 eamdem
2517 4601 2863 4655 sententiam
2900 4604 2956 4657 in
3013 4606 3159 4658 Actis
3188 4606 3416 4673 septimae
3459 4595 3618 4669 synodi
3639 4602 3737 4646 (ecu-

2253 4685 2490 4748 meuieaa,
2526 4701 2641 4740 non
2689 4690 2980 4747 deﬁnitam
3008 4696 3246 4765 quidem,
3278 4694 3364 4749 sed
3395 4701 3552 4745 tamen
3587 4689 3740 4750 θη)ῐᾶ

2249 4791 2364 4828 sam
2404 4778 2758 4844 reperimus:
2793 4786 2936 4840 adeo
2964 4789 3092 4841 trita
3131 4805 3250 4854 usu,
3282 4796 3334 4840 et
3354 4779 3737 4839 vetustissimorum

2255 4864 2633 4934 theologorum
2682 4885 2969 4929 consensu
3004 4877 3254 4930 tralatitia
3285 4875 3377 4929 iuit
3400 4887 3460 4928 ea
3486 4866 3650 4938 opinio.

2325 4950 2646 5009 Notavimus
2703 4960 3008 5031 Origenem
3044 4981 3267 5036 corpora
3307 4964 3424 5018 licet
3454 4957 3622 5026 angelis
3642 4949 3738 5004 θωπ-

2243 5055 2474 5110 gentettt,
2522 5050 2720 5104 eadem
2775 5053 2914 5122 ipsis
2975 5057 3264 5128 aliquando
3316 5055 3569 5111 detrahere
3603 5045 3736 5102 visum,

2241 5136 2382 5190 idem
2418 5138 2720 5196 observare
2752 5144 2883 5201 licet
2927 5150 2980 5202 in
3011 5151 3212 5205 Basilio
3238 5151 3324 5219 qui
3367 5143 3582 5214 quamvis
3609 5141 3737 5219 οοτνφ

2243 5242 2362 5282 reos
2391 5229 2618 5297 angelos
2644 5233 2852 5291 dixerit
2879 5238 2978 5296 lib.
3012 5240 3088 5294 De
3124 5216 3318 5310 Spiritu
3350 5244 3529 5297 sancto,
3563 5241 3655 5295 capo
3679 5216 3734 5275 ίθο

2246 5327 2300 5370 et
2337 5319 2484 5382 alibi,
2527 5325 2757 5379 eosdem
2813 5337 3000 5385 tamen
3038 5333 3278 5402 corporis
3305 5338 3528 5400 expertes
3551 5336 3645 5379 esse
3672 5313 3732 5368 lib.

2246 5423 2299 5460 tv
2323 5421 2502 5464 contra
2540 5410 2785 5474 Eunom.
2837 5422 3094 5480 alﬁrtnat.
3128 5423 3276 5480 Unde
3315 5437 3435 5478 vero
3470 5427 3567 5474 orta
3609 5417 3667 5464 esi
3699 5404 3733 5456 ίη

2244 5497 2473 5570 Origene
2527 5506 2828 5564 observata
2874 5531 2906 5567 a
2960 5518 3118 5572 nobis
3173 5513 3525 5584 discrepantia,
3567 5499 3730 5560 indidem

2243 5591 2332 5645 illa
2374 5594 2838 5665 Quoque‘Basilii
2887 5610 3128 5678 profecta
3175 5621 3275 5678 est,
3317 5627 3374 5665 ex
3411 5617 3569 5664 vocum
3602 5601 3732 5657 ne")?e

2243 5684 2431 5752 amis“.
2456 5697 2509 5741 6|
2535 5695 2880 5753 crassiorum
2907 5719 3194 5773 corporum
3212 5713 3454 5772 respectu.
3478 5694 3639 5764 Optime
3653 5683 3729 5736 C3"

2244 5778 2419 5836 sarius
2473 5778 2693 5856 Dialog.
2749 5806 2792 5859 t,
2863 5795 3125 5871 interrog,
3199 5798 3264 5854 48
3305 5838 3318 5852 .
3374 5790 3617 5860 ’Δσώματθι
3665 5773 3728 5845 μὲν
