  <div class='ocr_page' id='page_1' title='image "/cluster/home/n/w/nwhite01/storage/ocr_20150623/17 (Origenes, pt. 7)/nyp.33433081862348/440.png"; bbox 0 0 3894 6452; ppageno 0'>
   <div class='ocr_carea' id='block_1_1' title="bbox 145 948 154 958">
    <p class='ocr_par' dir='ltr' id='par_1_1' title="bbox 145 948 154 958">
     <span class='ocr_line' id='line_1_1' title="bbox 145 948 154 958; baseline 0 0"><span class='ocrx_word' id='word_1_1' title='bbox 145 948 154 958; x_wconf 56' lang='grc' dir='ltr'><strong>κ</strong></span> 
     </span>
    </p>
   </div>
   <div class='ocr_carea' id='block_1_2' title="bbox 179 1024 524 1132">
    <p class='ocr_par' dir='ltr' id='par_1_2' title="bbox 179 1024 524 1132">
     <span class='ocr_line' id='line_1_2' title="bbox 179 1024 524 1102; baseline 0.012 -30"><span class='ocrx_word' id='word_1_2' title='bbox 179 1024 261 1066; x_wconf 45' lang='lat'><strong>‘5&quot;</strong></span> <span class='ocrx_word' id='word_1_3' title='bbox 295 1053 333 1102; x_wconf 55' lang='grc' dir='ltr'><strong>ι</strong></span> <span class='ocrx_word' id='word_1_4' title='bbox 354 1027 524 1095; x_wconf 73' lang='lat' dir='ltr'><strong>attge\</strong></span> 
     </span>
     <span class='ocr_line' id='line_1_3' title="bbox 202 1089 292 1132; baseline -0.022 -1"><span class='ocrx_word' id='word_1_5' title='bbox 202 1089 292 1132; x_wconf 62' lang='lat' dir='ltr'><strong>sxto</strong></span> 
     </span>
    </p>
   </div>
   <div class='ocr_carea' id='block_1_3' title="bbox 1112 499 1832 557">
    <p class='ocr_par' dir='ltr' id='par_1_3' title="bbox 1112 499 1832 557">
     <span class='ocr_line' id='line_1_4' title="bbox 1112 499 1832 557; baseline -0.008 0"><span class='ocrx_word' id='word_1_6' title='bbox 1112 499 1670 557; x_wconf 78' lang='lat' dir='ltr'><strong>ORICENIANORUM</strong></span> <span class='ocrx_word' id='word_1_7' title='bbox 1709 499 1832 556; x_wconf 85' lang='lat' dir='ltr'><strong>LIB.</strong></span> 
     </span>
    </p>
   </div>
   <div class='ocr_carea' id='block_1_4' title="bbox 249 583 1845 706">
    <p class='ocr_par' dir='ltr' id='par_1_4' title="bbox 249 583 1845 706">
     <span class='ocr_line' id='line_1_5' title="bbox 249 583 1845 706; baseline -0.006 -30"><span class='ocrx_word' id='word_1_8' title='bbox 249 602 350 677; x_wconf 50' lang='grc' dir='ltr'><strong>μίν</strong></span> <span class='ocrx_word' id='word_1_9' title='bbox 399 583 741 706; x_wconf 43' lang='grc' dir='ltr'><strong>ἧ“πέῗθ’</strong></span> <span class='ocrx_word' id='word_1_10' title='bbox 797 601 1033 706; x_wconf 53' lang='lat' dir='ltr'><strong>fill-3;,</strong></span> <span class='ocrx_word' id='word_1_11' title='bbox 1070 616 1222 686; x_wconf 76' lang='grc' dir='ltr'><strong>σῶμα</strong></span> <span class='ocrx_word' id='word_1_12' title='bbox 1257 617 1314 669; x_wconf 85' lang='grc' dir='ltr'><strong>δὲ</strong></span> <span class='ocrx_word' id='word_1_13' title='bbox 1353 616 1469 670; x_wconf 81' lang='grc' dir='ltr'>καθ’</span> <span class='ocrx_word' id='word_1_14' title='bbox 1486 617 1738 682; x_wconf 77' lang='grc' dir='ltr'><strong>ἑαυτοὺς,</strong></span> <span class='ocrx_word' id='word_1_15' title='bbox 1773 615 1845 678; x_wconf 83' lang='grc' dir='ltr'><strong>ὼς</strong></span> 
     </span>
    </p>
   </div>
   <div class='ocr_carea' id='block_1_5' title="bbox 628 686 1846 778">
    <p class='ocr_par' dir='ltr' id='par_1_5' title="bbox 628 686 1846 778">
     <span class='ocr_line' id='line_1_6' title="bbox 628 686 1846 778; baseline 0.012 -1"><span class='ocrx_word' id='word_1_16' title='bbox 628 686 716 778; x_wconf 59' lang='lat'><strong>,9:</strong></span> <span class='ocrx_word' id='word_1_17' title='bbox 790 691 841 762; x_wconf 70' lang='grc' dir='ltr'>ἢ</span> <span class='ocrx_word' id='word_1_18' title='bbox 925 706 1182 772; x_wconf 79' lang='grc' dir='ltr'><strong>καπνὸς,</strong></span> <span class='ocrx_word' id='word_1_19' title='bbox 1217 708 1251 775; x_wconf 84' lang='grc' dir='ltr'>ἢ</span> <span class='ocrx_word' id='word_1_20' title='bbox 1301 709 1432 778; x_wconf 61' lang='grc' dir='ltr'><strong>(ξήρ’</strong></span> <span class='ocrx_word' id='word_1_21' title='bbox 1476 706 1695 776; x_wconf 71' lang='grc' dir='ltr'><strong>σώματα</strong></span> <span class='ocrx_word' id='word_1_22' title='bbox 1741 705 1846 776; x_wconf 63' lang='grc' dir='ltr'><strong>γὰρ</strong></span> 
     </span>
    </p>
   </div>
   <div class='ocr_carea' id='block_1_6' title="bbox 707 879 1843 958">
    <p class='ocr_par' dir='ltr' id='par_1_6' title="bbox 707 879 1843 958">
     <span class='ocr_line' id='line_1_7' title="bbox 707 879 1843 958; baseline -0.003 -15"><span class='ocrx_word' id='word_1_23' title='bbox 707 881 754 918; x_wconf 68' lang='grc' dir='ltr'><strong>α’</strong></span> <span class='ocrx_word' id='word_1_24' title='bbox 821 879 963 952; x_wconf 76' lang='grc' dir='ltr'><strong>γὰρ</strong></span> <span class='ocrx_word' id='word_1_25' title='bbox 1018 888 1328 958; x_wconf 80' lang='grc' dir='ltr'><strong>ἐπουράνια.</strong></span> <span class='ocrx_word' id='word_1_26' title='bbox 1357 891 1449 942; x_wconf 75' lang='grc' dir='ltr'><strong>καὶ</strong></span> <span class='ocrx_word' id='word_1_27' title='bbox 1472 887 1691 958; x_wconf 76' lang='grc' dir='ltr'>σώματα</span> <span class='ocrx_word' id='word_1_28' title='bbox 1723 887 1843 940; x_wconf 82' lang='grc' dir='ltr'>ἐπί-</span> 
     </span>
    </p>
   </div>
   <div class='ocr_carea' id='block_1_7' title="bbox 524 969 1842 1045">
    <p class='ocr_par' dir='ltr' id='par_1_7' title="bbox 524 969 1842 1045">
     <span class='ocr_line' id='line_1_8' title="bbox 524 969 1842 1045; baseline 0.017 -32"><span class='ocrx_word' id='word_1_29' title='bbox 524 969 584 1042; x_wconf 40' lang='grc' dir='ltr'><strong>,υ</strong></span> <span class='ocrx_word' id='word_1_30' title='bbox 612 969 802 1026; x_wconf 59' lang='lat' dir='ltr'><strong>Tit-0c</strong></span> <span class='ocrx_word' id='word_1_31' title='bbox 859 969 1214 1038; x_wconf 77' lang='grc' dir='ltr'><strong>Ἀπὸστολος.</strong></span> <span class='ocrx_word' id='word_1_32' title='bbox 1261 996 1278 1028; x_wconf 79' lang='grc' dir='ltr'><strong>ι</strong></span> <span class='ocrx_word' id='word_1_33' title='bbox 1305 979 1600 1043; x_wconf 86' lang='lat' dir='ltr'><strong>lncorporei</strong></span> <span class='ocrx_word' id='word_1_34' title='bbox 1633 978 1842 1045; x_wconf 69' lang='lat' dir='ltr'><strong>qutitleln</strong></span> 
     </span>
    </p>
   </div>
   <div class='ocr_carea' id='block_1_8' title="bbox 528 1048 1846 1133">
    <p class='ocr_par' dir='ltr' id='par_1_8' title="bbox 528 1048 1846 1133">
     <span class='ocr_line' id='line_1_9' title="bbox 528 1048 1846 1133; baseline 0.021 -41"><span class='ocrx_word' id='word_1_35' title='bbox 528 1048 546 1086; x_wconf 84' lang='lat'><strong><em>\</em></strong></span> <span class='ocrx_word' id='word_1_36' title='bbox 575 1051 922 1114; x_wconf 75' lang='lat' dir='ltr'><strong>secundum</strong></span> <span class='ocrx_word' id='word_1_37' title='bbox 957 1081 1086 1130; x_wconf 90' lang='lat' dir='ltr'><strong>nos;</strong></span> <span class='ocrx_word' id='word_1_38' title='bbox 1135 1082 1326 1133; x_wconf 91' lang='lat' dir='ltr'><strong>corpus</strong></span> <span class='ocrx_word' id='word_1_39' title='bbox 1354 1081 1476 1120; x_wconf 90' lang='lat' dir='ltr'><strong>vero</strong></span> <span class='ocrx_word' id='word_1_40' title='bbox 1499 1076 1625 1120; x_wconf 89' lang='lat' dir='ltr'><strong>sunt</strong></span> <span class='ocrx_word' id='word_1_41' title='bbox 1651 1081 1846 1120; x_wconf 84' lang='lat' dir='ltr'><strong>secun-</strong></span> 
     </span>
    </p>
   </div>
   <div class='ocr_carea' id='block_1_9' title="bbox 243 1137 1848 1229">
    <p class='ocr_par' dir='ltr' id='par_1_9' title="bbox 243 1137 1848 1229">
     <span class='ocr_line' id='line_1_10' title="bbox 243 1137 1848 1229; baseline 0.022 -54"><span class='ocrx_word' id='word_1_42' title='bbox 243 1143 363 1208; x_wconf 42' lang='lat' dir='ltr'><strong>m4</strong></span> <span class='ocrx_word' id='word_1_43' title='bbox 399 1137 486 1189; x_wconf 81' lang='lat' dir='ltr'><strong>se.</strong></span> <span class='ocrx_word' id='word_1_44' title='bbox 538 1142 603 1186; x_wconf 87' lang='lat' dir='ltr'><strong>ut</strong></span> <span class='ocrx_word' id='word_1_45' title='bbox 637 1152 884 1214; x_wconf 85' lang='lat' dir='ltr'><strong>ventus,</strong></span> <span class='ocrx_word' id='word_1_46' title='bbox 934 1157 1018 1208; x_wconf 87' lang='lat' dir='ltr'><strong>vel</strong></span> <span class='ocrx_word' id='word_1_47' title='bbox 1051 1156 1206 1225; x_wconf 81' lang='lat' dir='ltr'><strong>ignis,</strong></span> <span class='ocrx_word' id='word_1_48' title='bbox 1246 1158 1324 1208; x_wconf 87' lang='lat' dir='ltr'><strong>vel</strong></span> <span class='ocrx_word' id='word_1_49' title='bbox 1381 1157 1576 1220; x_wconf 79' lang='lat' dir='ltr'><strong>furnus,</strong></span> <span class='ocrx_word' id='word_1_50' title='bbox 1608 1159 1690 1212; x_wconf 86' lang='lat' dir='ltr'><strong>vel</strong></span> <span class='ocrx_word' id='word_1_51' title='bbox 1732 1172 1848 1229; x_wconf 58' lang='lat' dir='ltr'><strong>aer.</strong></span> 
     </span>
    </p>
   </div>
   <div class='ocr_carea' id='block_1_10' title="bbox 275 1229 1844 1314">
    <p class='ocr_par' dir='ltr' id='par_1_10' title="bbox 275 1229 1844 1314">
     <span class='ocr_line' id='line_1_11' title="bbox 275 1229 1844 1314; baseline 0.016 -37"><span class='ocrx_word' id='word_1_52' title='bbox 275 1238 496 1301; x_wconf 58' lang='lat' dir='ltr'><strong>amputa</strong></span> <span class='ocrx_word' id='word_1_53' title='bbox 528 1229 682 1286; x_wconf 85' lang='lat' dir='ltr'><strong>enim</strong></span> <span class='ocrx_word' id='word_1_54' title='bbox 725 1249 864 1292; x_wconf 89' lang='lat' dir='ltr'><strong>sunt</strong></span> <span class='ocrx_word' id='word_1_55' title='bbox 897 1244 1105 1307; x_wconf 90' lang='lat' dir='ltr'><strong>tenuia,</strong></span> <span class='ocrx_word' id='word_1_56' title='bbox 1134 1246 1366 1299; x_wconf 73' lang='lat' dir='ltr'><strong>materia:</strong></span> <span class='ocrx_word' id='word_1_57' title='bbox 1393 1245 1626 1314; x_wconf 80' lang='lat' dir='ltr'><strong>expertia</strong></span> <span class='ocrx_word' id='word_1_58' title='bbox 1647 1286 1662 1310; x_wconf 96' lang='lat'><strong>,</strong></span> <span class='ocrx_word' id='word_1_59' title='bbox 1695 1256 1844 1300; x_wconf 81' lang='lat' dir='ltr'><strong>extra</strong></span> 
     </span>
    </p>
   </div>
   <div class='ocr_carea' id='block_1_11' title="bbox 277 1326 1845 1401">
    <p class='ocr_par' dir='ltr' id='par_1_11' title="bbox 277 1326 1845 1401">
     <span class='ocr_line' id='line_1_12' title="bbox 277 1326 1845 1401; baseline 0.01 -24"><span class='ocrx_word' id='word_1_60' title='bbox 277 1335 507 1384; x_wconf 78' lang='lat' dir='ltr'><strong>nostram</strong></span> <span class='ocrx_word' id='word_1_61' title='bbox 550 1326 1010 1386; x_wconf 73' lang='lat' dir='ltr'><strong>crassitudinem.</strong></span> <span class='ocrx_word' id='word_1_62' title='bbox 1049 1335 1282 1401; x_wconf 83' lang='lat' dir='ltr'><strong>Corpora</strong></span> <span class='ocrx_word' id='word_1_63' title='bbox 1327 1336 1466 1388; x_wconf 90' lang='lat' dir='ltr'><strong>enim</strong></span> <span class='ocrx_word' id='word_1_64' title='bbox 1505 1337 1766 1400; x_wconf 67' lang='lat' dir='ltr'><strong>cwlestia,</strong></span> <span class='ocrx_word' id='word_1_65' title='bbox 1793 1345 1845 1392; x_wconf 84' lang='lat' dir='ltr'><strong>et</strong></span> 
     </span>
    </p>
   </div>
   <div class='ocr_carea' id='block_1_12' title="bbox 284 1420 1840 1491">
    <p class='ocr_par' dir='ltr' id='par_1_12' title="bbox 284 1420 1840 1491">
     <span class='ocr_line' id='line_1_13' title="bbox 284 1420 1840 1491; baseline 0.004 -18"><span class='ocrx_word' id='word_1_66' title='bbox 284 1431 504 1485; x_wconf 86' lang='lat' dir='ltr'><strong>corpora</strong></span> <span class='ocrx_word' id='word_1_67' title='bbox 534 1420 822 1472; x_wconf 83' lang='lat' dir='ltr'><strong>terrestria</strong></span> <span class='ocrx_word' id='word_1_68' title='bbox 857 1422 994 1476; x_wconf 89' lang='lat' dir='ltr'><strong>dicit</strong></span> <span class='ocrx_word' id='word_1_69' title='bbox 1019 1434 1235 1478; x_wconf 88' lang='lat' dir='ltr'><strong>sanctus</strong></span> <span class='ocrx_word' id='word_1_70' title='bbox 1274 1425 1556 1491; x_wconf 82' lang='lat' dir='ltr'><strong>Apostolus</strong></span> <span class='ocrx_word' id='word_1_71' title='bbox 1586 1428 1650 1479; x_wconf 82' lang='grc'><strong>¹¹.</strong></span> <span class='ocrx_word' id='word_1_72' title='bbox 1696 1445 1714 1480; x_wconf 72' lang='grc' dir='ltr'><strong>ι</strong></span> <span class='ocrx_word' id='word_1_73' title='bbox 1747 1427 1840 1480; x_wconf 86' lang='lat' dir='ltr'><strong>Cui</strong></span> 
     </span>
    </p>
   </div>
   <div class='ocr_carea' id='block_1_13' title="bbox 271 1508 1836 1582">
    <p class='ocr_par' dir='ltr' id='par_1_13' title="bbox 271 1508 1836 1582">
     <span class='ocr_line' id='line_1_14' title="bbox 271 1508 1836 1582; baseline 0.004 -20"><span class='ocrx_word' id='word_1_74' title='bbox 271 1508 615 1562; x_wconf 76' lang='lat' dir='ltr'><strong>simillimum</strong></span> <span class='ocrx_word' id='word_1_75' title='bbox 662 1508 795 1561; x_wconf 89' lang='lat' dir='ltr'><strong>illud</strong></span> <span class='ocrx_word' id='word_1_76' title='bbox 831 1521 916 1565; x_wconf 86' lang='lat' dir='ltr'><strong>est</strong></span> <span class='ocrx_word' id='word_1_77' title='bbox 958 1511 1198 1567; x_wconf 80' lang='lat' dir='ltr'><strong>Cassiani</strong></span> <span class='ocrx_word' id='word_1_78' title='bbox 1245 1512 1430 1568; x_wconf 82' lang='lat' dir='ltr'><strong>Collal.</strong></span> <span class='ocrx_word' id='word_1_79' title='bbox 1462 1531 1555 1579; x_wconf 84' lang='lat' dir='ltr'><strong>vn,</strong></span> <span class='ocrx_word' id='word_1_80' title='bbox 1584 1529 1700 1582; x_wconf 85' lang='lat' dir='ltr'><strong>cap.</strong></span> <span class='ocrx_word' id='word_1_81' title='bbox 1734 1516 1836 1570; x_wconf 68' lang='lat'><strong>1&#39;5:</strong></span> 
     </span>
    </p>
   </div>
   <div class='ocr_carea' id='block_1_14' title="bbox 273 1597 1841 1674">
    <p class='ocr_par' dir='ltr' id='par_1_14' title="bbox 273 1597 1841 1674">
     <span class='ocr_line' id='line_1_15' title="bbox 273 1597 1841 1674; baseline 0.005 -24"><span class='ocrx_word' id='word_1_82' title='bbox 273 1618 293 1650; x_wconf 73' lang='grc' dir='ltr'><strong>ι</strong></span> <span class='ocrx_word' id='word_1_83' title='bbox 327 1597 484 1653; x_wconf 82' lang='lat' dir='ltr'><strong>Licet</strong></span> <span class='ocrx_word' id='word_1_84' title='bbox 515 1600 668 1654; x_wconf 89' lang='lat' dir='ltr'><strong>enim</strong></span> <span class='ocrx_word' id='word_1_85' title='bbox 697 1602 1107 1669; x_wconf 89' lang='lat' dir='ltr'><strong>pronuntiemus</strong></span> <span class='ocrx_word' id='word_1_86' title='bbox 1141 1605 1420 1658; x_wconf 83' lang='lat' dir='ltr'><strong>nonnullas</strong></span> <span class='ocrx_word' id='word_1_87' title='bbox 1451 1621 1566 1660; x_wconf 88' lang='lat' dir='ltr'><strong>esse</strong></span> <span class='ocrx_word' id='word_1_88' title='bbox 1594 1606 1841 1674; x_wconf 86' lang='lat' dir='ltr'><strong>spiritua-</strong></span> 
     </span>
    </p>
   </div>
   <div class='ocr_carea' id='block_1_15' title="bbox 257 1693 1840 1764">
    <p class='ocr_par' dir='ltr' id='par_1_15' title="bbox 257 1693 1840 1764">
     <span class='ocr_line' id='line_1_16' title="bbox 257 1693 1840 1764; baseline 0.003 -18"><span class='ocrx_word' id='word_1_89' title='bbox 257 1693 348 1747; x_wconf 84' lang='lat' dir='ltr'><strong>les</strong></span> <span class='ocrx_word' id='word_1_90' title='bbox 382 1699 646 1753; x_wconf 89' lang='lat' dir='ltr'><strong>naturas,</strong></span> <span class='ocrx_word' id='word_1_91' title='bbox 673 1702 731 1745; x_wconf 90' lang='lat' dir='ltr'><strong>ut</strong></span> <span class='ocrx_word' id='word_1_92' title='bbox 768 1701 894 1748; x_wconf 88' lang='lat' dir='ltr'><strong>sunt</strong></span> <span class='ocrx_word' id='word_1_93' title='bbox 938 1693 1146 1760; x_wconf 76' lang='lat' dir='ltr'><strong>angeli,</strong></span> <span class='ocrx_word' id='word_1_94' title='bbox 1181 1695 1506 1762; x_wconf 64' lang='lat' dir='ltr'><strong>archangeli,</strong></span> <span class='ocrx_word' id='word_1_95' title='bbox 1531 1707 1840 1764; x_wconf 70' lang='lat' dir='ltr'><strong>czeterzeque</strong></span> 
     </span>
    </p>
   </div>
   <div class='ocr_carea' id='block_1_16' title="bbox 257 1779 1840 1846">
    <p class='ocr_par' dir='ltr' id='par_1_16' title="bbox 257 1779 1840 1846">
     <span class='ocr_line' id='line_1_17' title="bbox 257 1779 1840 1846; baseline 0.003 -13"><span class='ocrx_word' id='word_1_96' title='bbox 257 1781 522 1840; x_wconf 81' lang='lat' dir='ltr'><strong>virtutes,</strong></span> <span class='ocrx_word' id='word_1_97' title='bbox 545 1779 663 1846; x_wconf 87' lang='lat' dir='ltr'><strong>ipsa</strong></span> <span class='ocrx_word' id='word_1_98' title='bbox 689 1794 904 1846; x_wconf 87' lang='lat' dir='ltr'><strong>quoque</strong></span> <span class='ocrx_word' id='word_1_99' title='bbox 927 1781 1100 1833; x_wconf 91' lang='lat' dir='ltr'><strong>anima</strong></span> <span class='ocrx_word' id='word_1_100' title='bbox 1134 1791 1334 1843; x_wconf 81' lang='lat' dir='ltr'><strong>nostra,</strong></span> <span class='ocrx_word' id='word_1_101' title='bbox 1361 1781 1438 1836; x_wconf 86' lang='lat' dir='ltr'><strong>vel</strong></span> <span class='ocrx_word' id='word_1_102' title='bbox 1463 1793 1604 1838; x_wconf 88' lang='lat' dir='ltr'><strong>certe</strong></span> <span class='ocrx_word' id='word_1_103' title='bbox 1633 1797 1724 1838; x_wconf 87' lang='lat' dir='ltr'><strong>aer</strong></span> <span class='ocrx_word' id='word_1_104' title='bbox 1742 1784 1840 1837; x_wconf 81' lang='lat' dir='ltr'><strong>iste</strong></span> 
     </span>
    </p>
   </div>
   <div class='ocr_carea' id='block_1_17' title="bbox 239 1867 1838 1935">
    <p class='ocr_par' dir='ltr' id='par_1_17' title="bbox 239 1867 1838 1935">
     <span class='ocr_line' id='line_1_18' title="bbox 239 1867 1838 1935; baseline 0.001 -13"><span class='ocrx_word' id='word_1_105' title='bbox 239 1867 536 1931; x_wconf 74' lang='lat' dir='ltr'><strong>subtilis;</strong></span> <span class='ocrx_word' id='word_1_106' title='bbox 586 1877 767 1920; x_wconf 88' lang='lat' dir='ltr'><strong>tamen</strong></span> <span class='ocrx_word' id='word_1_107' title='bbox 815 1868 1143 1935; x_wconf 71' lang='lat' dir='ltr'><strong>incorporea:</strong></span> <span class='ocrx_word' id='word_1_108' title='bbox 1189 1869 1487 1922; x_wconf 82' lang='lat' dir='ltr'><strong>nullatenus</strong></span> <span class='ocrx_word' id='word_1_109' title='bbox 1523 1869 1838 1924; x_wconf 67' lang='lat' dir='ltr'><strong>aestimandae</strong></span> 
     </span>
    </p>
   </div>
   <div class='ocr_carea' id='block_1_18' title="bbox 241 1959 1837 2026">
    <p class='ocr_par' dir='ltr' id='par_1_18' title="bbox 241 1959 1837 2026">
     <span class='ocr_line' id='line_1_19' title="bbox 241 1959 1837 2026; baseline -0.002 -12"><span class='ocrx_word' id='word_1_110' title='bbox 241 1970 414 2014; x_wconf 82' lang='lat' dir='ltr'><strong>sunt.</strong></span> <span class='ocrx_word' id='word_1_111' title='bbox 459 1959 685 2013; x_wconf 82' lang='lat' dir='ltr'><strong>Habent</strong></span> <span class='ocrx_word' id='word_1_112' title='bbox 720 1961 862 2012; x_wconf 86' lang='lat' dir='ltr'><strong>enim</strong></span> <span class='ocrx_word' id='word_1_113' title='bbox 895 1962 1184 2012; x_wconf 86' lang='lat' dir='ltr'><strong>secundum</strong></span> <span class='ocrx_word' id='word_1_114' title='bbox 1228 1973 1286 2013; x_wconf 91' lang='lat' dir='ltr'><strong>se</strong></span> <span class='ocrx_word' id='word_1_115' title='bbox 1331 1973 1540 2026; x_wconf 89' lang='lat' dir='ltr'><strong>corpus,</strong></span> <span class='ocrx_word' id='word_1_116' title='bbox 1585 1973 1688 2026; x_wconf 90' lang='lat' dir='ltr'><strong>quo</strong></span> <span class='ocrx_word' id='word_1_117' title='bbox 1713 1960 1837 2013; x_wconf 89' lang='lat' dir='ltr'><strong>sub-</strong></span> 
     </span>
    </p>
   </div>
   <div class='ocr_carea' id='block_1_19' title="bbox 233 2048 1835 2115">
    <p class='ocr_par' dir='ltr' id='par_1_19' title="bbox 233 2048 1835 2115">
     <span class='ocr_line' id='line_1_20' title="bbox 233 2048 1835 2115; baseline -0.002 -13"><span class='ocrx_word' id='word_1_118' title='bbox 233 2050 493 2112; x_wconf 81' lang='lat' dir='ltr'><strong>sistunt,</strong></span> <span class='ocrx_word' id='word_1_119' title='bbox 517 2049 648 2102; x_wconf 71' lang='lat' dir='ltr'><strong>licet</strong></span> <span class='ocrx_word' id='word_1_120' title='bbox 680 2049 848 2102; x_wconf 91' lang='lat' dir='ltr'><strong>multo</strong></span> <span class='ocrx_word' id='word_1_121' title='bbox 873 2048 1081 2101; x_wconf 88' lang='lat' dir='ltr'><strong>tenuius</strong></span> <span class='ocrx_word' id='word_1_122' title='bbox 1099 2062 1251 2115; x_wconf 89' lang='lat' dir='ltr'><strong>quam</strong></span> <span class='ocrx_word' id='word_1_123' title='bbox 1280 2063 1394 2102; x_wconf 93' lang='lat' dir='ltr'><strong>nos.</strong></span> <span class='ocrx_word' id='word_1_124' title='bbox 1418 2048 1544 2100; x_wconf 81' lang='lat' dir='ltr'><strong>Nam</strong></span> <span class='ocrx_word' id='word_1_125' title='bbox 1567 2057 1689 2103; x_wconf 88' lang='lat' dir='ltr'><strong>sunt</strong></span> <span class='ocrx_word' id='word_1_126' title='bbox 1713 2063 1835 2103; x_wconf 88' lang='lat' dir='ltr'><strong>cor-</strong></span> 
     </span>
    </p>
   </div>
   <div class='ocr_carea' id='block_1_20' title="bbox 233 2138 1840 2208">
    <p class='ocr_par' dir='ltr' id='par_1_20' title="bbox 233 2138 1840 2208">
     <span class='ocr_line' id='line_1_21' title="bbox 233 2138 1840 2208; baseline 0.001 -16"><span class='ocrx_word' id='word_1_127' title='bbox 233 2155 400 2208; x_wconf 85' lang='lat' dir='ltr'><strong>pora</strong></span> <span class='ocrx_word' id='word_1_128' title='bbox 430 2140 744 2194; x_wconf 84' lang='lat' dir='ltr'><strong>secundum</strong></span> <span class='ocrx_word' id='word_1_129' title='bbox 765 2138 1005 2208; x_wconf 86' lang='lat' dir='ltr'><strong>Apostoli</strong></span> <span class='ocrx_word' id='word_1_130' title='bbox 1026 2139 1344 2194; x_wconf 89' lang='lat' dir='ltr'><strong>sententiam</strong></span> <span class='ocrx_word' id='word_1_131' title='bbox 1372 2139 1441 2192; x_wconf 89' lang='lat' dir='ltr'><strong>ita</strong></span> <span class='ocrx_word' id='word_1_132' title='bbox 1470 2139 1690 2193; x_wconf 85' lang='lat' dir='ltr'><strong>dicentis</strong></span> <span class='ocrx_word' id='word_1_133' title='bbox 1721 2157 1735 2193; x_wconf 91' lang='lat'><strong>:</strong></span> <span class='ocrx_word' id='word_1_134' title='bbox 1777 2139 1840 2193; x_wconf 86' lang='lat' dir='ltr'><strong>Et</strong></span> 
     </span>
    </p>
   </div>
   <div class='ocr_carea' id='block_1_21' title="bbox 232 2229 1841 2298">
    <p class='ocr_par' dir='ltr' id='par_1_21' title="bbox 232 2229 1841 2298">
     <span class='ocr_line' id='line_1_22' title="bbox 232 2229 1841 2298; baseline -0.001 -14"><span class='ocrx_word' id='word_1_135' title='bbox 232 2244 510 2298; x_wconf 85' lang='lat' dir='ltr'><strong>corpora</strong></span> <span class='ocrx_word' id='word_1_136' title='bbox 555 2229 830 2293; x_wconf 71' lang='lat' dir='ltr'><strong>cmlestia,</strong></span> <span class='ocrx_word' id='word_1_137' title='bbox 874 2239 928 2282; x_wconf 91' lang='lat' dir='ltr'><strong>et</strong></span> <span class='ocrx_word' id='word_1_138' title='bbox 961 2239 1183 2297; x_wconf 74' lang='lat' dir='ltr'><strong>corpora</strong></span> <span class='ocrx_word' id='word_1_139' title='bbox 1217 2231 1484 2282; x_wconf 77' lang='lat' dir='ltr'><strong>terresu-ia</strong></span> <span class='ocrx_word' id='word_1_140' title='bbox 1517 2229 1578 2281; x_wconf 80' lang='lat'><strong>&quot;.</strong></span> <span class='ocrx_word' id='word_1_141' title='bbox 1621 2248 1639 2280; x_wconf 72' lang='grc' dir='ltr'><strong>ι</strong></span> <span class='ocrx_word' id='word_1_142' title='bbox 1669 2229 1841 2297; x_wconf 83' lang='lat' dir='ltr'><strong>Appo-</strong></span> 
     </span>
    </p>
   </div>
   <div class='ocr_carea' id='block_1_22' title="bbox 229 2315 1838 2385">
    <p class='ocr_par' dir='ltr' id='par_1_22' title="bbox 229 2315 1838 2385">
     <span class='ocr_line' id='line_1_23' title="bbox 229 2315 1838 2385; baseline -0.003 -12"><span class='ocrx_word' id='word_1_143' title='bbox 229 2320 372 2373; x_wconf 78' lang='lat' dir='ltr'><strong>site</strong></span> <span class='ocrx_word' id='word_1_144' title='bbox 407 2318 548 2372; x_wconf 84' lang='lat' dir='ltr'><strong>item</strong></span> <span class='ocrx_word' id='word_1_145' title='bbox 577 2317 879 2385; x_wconf 74' lang='lat' dir='ltr'><strong>Gregorius</strong></span> <span class='ocrx_word' id='word_1_146' title='bbox 906 2315 1126 2385; x_wconf 80' lang='lat' dir='ltr'><strong>Magnus</strong></span> <span class='ocrx_word' id='word_1_147' title='bbox 1147 2317 1361 2377; x_wconf 87' lang='lat' dir='ltr'><strong>Moral.,</strong></span> <span class='ocrx_word' id='word_1_148' title='bbox 1384 2331 1500 2384; x_wconf 89' lang='lat' dir='ltr'><strong>cap.</strong></span> <span class='ocrx_word' id='word_1_149' title='bbox 1519 2317 1553 2370; x_wconf 78' lang='grc'><strong>5</strong></span> <span class='ocrx_word' id='word_1_150' title='bbox 1582 2337 1594 2370; x_wconf 88' lang='grc'>;</span> <span class='ocrx_word' id='word_1_151' title='bbox 1631 2335 1649 2368; x_wconf 78' lang='grc' dir='ltr'><strong>ι</strong></span> <span class='ocrx_word' id='word_1_152' title='bbox 1679 2316 1838 2370; x_wconf 88' lang='lat' dir='ltr'><strong>Com-</strong></span> 
     </span>
    </p>
   </div>
   <div class='ocr_carea' id='block_1_23' title="bbox 227 2406 1843 2476">
    <p class='ocr_par' dir='ltr' id='par_1_23' title="bbox 227 2406 1843 2476">
     <span class='ocr_line' id='line_1_24' title="bbox 227 2406 1843 2476; baseline -0.001 -14"><span class='ocrx_word' id='word_1_153' title='bbox 227 2409 563 2476; x_wconf 79' lang='lat' dir='ltr'><strong>paratione</strong></span> <span class='ocrx_word' id='word_1_154' title='bbox 601 2407 828 2474; x_wconf 78' lang='lat' dir='ltr'><strong>quidem</strong></span> <span class='ocrx_word' id='word_1_155' title='bbox 852 2415 1151 2458; x_wconf 87' lang='lat' dir='ltr'><strong>nostrorum</strong></span> <span class='ocrx_word' id='word_1_156' title='bbox 1175 2421 1453 2475; x_wconf 86' lang='lat' dir='ltr'><strong>corporum</strong></span> <span class='ocrx_word' id='word_1_157' title='bbox 1483 2406 1696 2475; x_wconf 80' lang='lat' dir='ltr'><strong>angelos</strong></span> <span class='ocrx_word' id='word_1_158' title='bbox 1740 2406 1843 2473; x_wconf 80' lang='lat' dir='ltr'><strong>spi-</strong></span> 
     </span>
    </p>
   </div>
   <div class='ocr_carea' id='block_1_24' title="bbox 329 725 355 764">
    <p class='ocr_par' dir='ltr' id='par_1_24' title="bbox 329 725 355 764">
     <span class='ocr_line' id='line_1_25' title="bbox 329 725 355 764; baseline 0 0"><span class='ocrx_word' id='word_1_159' title='bbox 329 725 355 764; x_wconf 70' lang='lat' dir='ltr'><strong>ll</strong></span> 
     </span>
    </p>
   </div>
   <div class='ocr_carea' id='block_1_25' title="bbox 124 714 1845 991">
    <p class='ocr_par' dir='ltr' id='par_1_25' title="bbox 124 714 1845 902">
     <span class='ocr_line' id='line_1_26' title="bbox 124 714 1845 902; baseline -0.018 -115"><span class='ocrx_word' id='word_1_160' title='bbox 124 714 460 902; x_wconf 44' lang='lat' dir='ltr'><strong>Vixtum</strong></span> <span class='ocrx_word' id='word_1_161' title='bbox 502 714 740 825; x_wconf 55' lang='grc' dir='ltr'>λεπξέι</span> <span class='ocrx_word' id='word_1_162' title='bbox 791 714 1251 861; x_wconf 52' lang='grc' dir='ltr'><strong>ἓαὶκέἶτζδςνέἓ</strong></span> <span class='ocrx_word' id='word_1_163' title='bbox 1301 714 1432 808; x_wconf 53' lang='lat' dir='ltr'><strong>dllp&#39;</strong></span> <span class='ocrx_word' id='word_1_164' title='bbox 1476 714 1695 848; x_wconf 51' lang='grc' dir='ltr'><strong>σώεέατα</strong></span> <span class='ocrx_word' id='word_1_165' title='bbox 1741 714 1845 776; x_wconf 80' lang='grc' dir='ltr'><strong>γὰρ</strong></span> 
     </span>
     <span class='ocr_line' id='line_1_27' title="bbox 307 811 1845 862; baseline -0.031 23"><span class='ocrx_word' id='word_1_166' title='bbox 307 821 331 862; x_wconf 50' lang='grc' dir='ltr'>τ</span> <span class='ocrx_word' id='word_1_167' title='bbox 390 835 409 850; x_wconf 77' lang='grc'><em>’</em></span> <span class='ocrx_word' id='word_1_168' title='bbox 525 837 540 854; x_wconf 88' lang='grc'>⁹</span> <span class='ocrx_word' id='word_1_169' title='bbox 744 815 763 834; x_wconf 42' lang='grc'>⁸</span> <span class='ocrx_word' id='word_1_170' title='bbox 1027 813 1055 846; x_wconf 74' lang='grc' dir='ltr'>υ</span> <span class='ocrx_word' id='word_1_171' title='bbox 1089 811 1155 858; x_wconf 68' lang='grc' dir='ltr'><strong>αν</strong></span> <span class='ocrx_word' id='word_1_172' title='bbox 1243 814 1288 848; x_wconf 84' lang='grc' dir='ltr'>ω</span> <span class='ocrx_word' id='word_1_173' title='bbox 1316 815 1346 848; x_wconf 82' lang='grc' dir='ltr'><strong>τ</strong></span> <span class='ocrx_word' id='word_1_174' title='bbox 1388 815 1412 828; x_wconf 69' lang='grc'><strong><em>⁸</em></strong></span> <span class='ocrx_word' id='word_1_175' title='bbox 1521 815 1577 849; x_wconf 85' lang='grc' dir='ltr'>ετ</span> <span class='ocrx_word' id='word_1_176' title='bbox 1643 813 1676 849; x_wconf 81' lang='grc' dir='ltr'>α</span> <span class='ocrx_word' id='word_1_177' title='bbox 1741 813 1845 848; x_wconf 80' lang='grc' dir='ltr'><strong>πα-</strong></span> 
     </span>
    </p>
   </div>
   <div class='ocr_carea' id='block_1_26' title="bbox 339 931 698 1020">
    <p class='ocr_par' dir='ltr' id='par_1_26' title="bbox 339 931 698 1020">
     <span class='ocr_line' id='line_1_28' title="bbox 339 931 698 1020; baseline 0.011 -40"><span class='ocrx_word' id='word_1_178' title='bbox 339 931 517 994; x_wconf 54' lang='grc' dir='ltr'><strong>φησιν</strong></span> <span class='ocrx_word' id='word_1_179' title='bbox 548 939 584 994; x_wconf 67' lang='grc' dir='ltr'>δ</span> <span class='ocrx_word' id='word_1_180' title='bbox 609 944 698 1020; x_wconf 52' lang='grc' dir='ltr'><strong>ἃς(</strong></span> 
     </span>
    </p>
   </div>
   <div class='ocr_carea' id='block_1_27' title="bbox 222 2495 1839 2562">
    <p class='ocr_par' dir='ltr' id='par_1_27' title="bbox 222 2495 1839 2562">
     <span class='ocr_line' id='line_1_29' title="bbox 222 2495 1839 2562; baseline -0.001 -13"><span class='ocrx_word' id='word_1_181' title='bbox 222 2499 408 2551; x_wconf 68' lang='lat' dir='ltr'><strong>ritus</strong></span> <span class='ocrx_word' id='word_1_182' title='bbox 442 2511 574 2549; x_wconf 87' lang='lat' dir='ltr'><strong>esse</strong></span> <span class='ocrx_word' id='word_1_183' title='bbox 607 2496 775 2559; x_wconf 88' lang='lat' dir='ltr'><strong>dicit;</strong></span> <span class='ocrx_word' id='word_1_184' title='bbox 813 2495 904 2548; x_wconf 86' lang='lat' dir='ltr'><strong>sed</strong></span> <span class='ocrx_word' id='word_1_185' title='bbox 942 2495 1334 2562; x_wconf 86' lang='lat' dir='ltr'><strong>comparatione</strong></span> <span class='ocrx_word' id='word_1_186' title='bbox 1365 2495 1554 2550; x_wconf 90' lang='lat' dir='ltr'><strong>summi</strong></span> <span class='ocrx_word' id='word_1_187' title='bbox 1595 2503 1649 2549; x_wconf 89' lang='lat' dir='ltr'><strong>et</strong></span> <span class='ocrx_word' id='word_1_188' title='bbox 1676 2496 1839 2548; x_wconf 85' lang='lat' dir='ltr'><strong>incir-</strong></span> 
     </span>
    </p>
   </div>
   <div class='ocr_carea' id='block_1_28' title="bbox 231 2582 1842 2653">
    <p class='ocr_par' dir='ltr' id='par_1_28' title="bbox 231 2582 1842 2653">
     <span class='ocr_line' id='line_1_30' title="bbox 231 2582 1842 2653; baseline -0.003 -13"><span class='ocrx_word' id='word_1_189' title='bbox 231 2585 600 2653; x_wconf 84' lang='lat' dir='ltr'><strong>cumscripti</strong></span> <span class='ocrx_word' id='word_1_190' title='bbox 637 2583 870 2650; x_wconf 85' lang='lat' dir='ltr'><strong>Spiritus</strong></span> <span class='ocrx_word' id='word_1_191' title='bbox 889 2597 1008 2638; x_wconf 87' lang='lat' dir='ltr'><strong>esse</strong></span> <span class='ocrx_word' id='word_1_192' title='bbox 1027 2597 1236 2650; x_wconf 89' lang='lat' dir='ltr'><strong>corpus.</strong></span> <span class='ocrx_word' id='word_1_193' title='bbox 1271 2601 1290 2634; x_wconf 73' lang='grc' dir='ltr'><strong>ι</strong></span> <span class='ocrx_word' id='word_1_194' title='bbox 1320 2582 1413 2638; x_wconf 86' lang='lat' dir='ltr'><strong>Cui</strong></span> <span class='ocrx_word' id='word_1_195' title='bbox 1439 2584 1583 2652; x_wconf 88' lang='lat' dir='ltr'><strong>paria</strong></span> <span class='ocrx_word' id='word_1_196' title='bbox 1619 2584 1842 2638; x_wconf 90' lang='lat' dir='ltr'><strong>succinit</strong></span> 
     </span>
    </p>
   </div>
   <div class='ocr_carea' id='block_1_29' title="bbox 239 2670 1842 2741">
    <p class='ocr_par' dir='ltr' id='par_1_29' title="bbox 239 2670 1842 2741">
     <span class='ocr_line' id='line_1_31' title="bbox 239 2670 1842 2741; baseline -0.002 -12"><span class='ocrx_word' id='word_1_197' title='bbox 239 2676 662 2729; x_wconf 79' lang='lat' dir='ltr'><strong>Damascenus</strong></span> <span class='ocrx_word' id='word_1_198' title='bbox 690 2675 782 2727; x_wconf 90' lang='lat' dir='ltr'><strong>lib.</strong></span> <span class='ocrx_word' id='word_1_199' title='bbox 817 2687 856 2727; x_wconf 90' lang='grc' dir='ltr'><strong>ιι</strong></span> <span class='ocrx_word' id='word_1_200' title='bbox 889 2673 962 2727; x_wconf 87' lang='lat' dir='ltr'><strong>De</strong></span> <span class='ocrx_word' id='word_1_201' title='bbox 993 2673 1174 2726; x_wconf 84' lang='lat' dir='ltr'><strong>orthod</strong></span> <span class='ocrx_word' id='word_1_202' title='bbox 1201 2672 1316 2740; x_wconf 79' lang='lat' dir='ltr'><strong>ﬁd.,</strong></span> <span class='ocrx_word' id='word_1_203' title='bbox 1347 2688 1462 2741; x_wconf 93' lang='lat' dir='ltr'><strong>cap.</strong></span> <span class='ocrx_word' id='word_1_204' title='bbox 1496 2671 1548 2729; x_wconf 83' lang='grc'><strong>5.</strong></span> <span class='ocrx_word' id='word_1_205' title='bbox 1577 2670 1706 2728; x_wconf 88' lang='lat' dir='ltr'><strong>Hinc</strong></span> <span class='ocrx_word' id='word_1_206' title='bbox 1735 2674 1842 2726; x_wconf 87' lang='lat' dir='ltr'><strong>Au-</strong></span> 
     </span>
    </p>
   </div>
   <div class='ocr_carea' id='block_1_30' title="bbox 235 2761 1838 2835">
    <p class='ocr_par' dir='ltr' id='par_1_30' title="bbox 235 2761 1838 2835">
     <span class='ocr_line' id='line_1_32' title="bbox 235 2761 1838 2835; baseline -0.003 -16"><span class='ocrx_word' id='word_1_207' title='bbox 235 2766 530 2835; x_wconf 66' lang='lat' dir='ltr'><strong>gustinus</strong></span> <span class='ocrx_word' id='word_1_208' title='bbox 569 2763 854 2819; x_wconf 77' lang='lat' dir='ltr'><strong>sexcentis</strong></span> <span class='ocrx_word' id='word_1_209' title='bbox 887 2761 1009 2816; x_wconf 90' lang='lat' dir='ltr'><strong>licet</strong></span> <span class='ocrx_word' id='word_1_210' title='bbox 1036 2761 1168 2818; x_wconf 87' lang='lat' dir='ltr'><strong>locis</strong></span> <span class='ocrx_word' id='word_1_211' title='bbox 1205 2776 1513 2831; x_wconf 87' lang='lat' dir='ltr'><strong>corpoream</strong></span> <span class='ocrx_word' id='word_1_212' title='bbox 1537 2761 1838 2830; x_wconf 76' lang='lat' dir='ltr'><strong>angelorum</strong></span> 
     </span>
    </p>
   </div>
   <div class='ocr_carea' id='block_1_31' title="bbox 235 2851 1842 2920">
    <p class='ocr_par' dir='ltr' id='par_1_31' title="bbox 235 2851 1842 2920">
     <span class='ocr_line' id='line_1_33' title="bbox 235 2851 1842 2920; baseline -0.004 -10"><span class='ocrx_word' id='word_1_213' title='bbox 235 2870 395 2910; x_wconf 76' lang='lat' dir='ltr'><strong>esse</strong></span> <span class='ocrx_word' id='word_1_214' title='bbox 432 2864 701 2908; x_wconf 87' lang='lat' dir='ltr'><strong>naturam</strong></span> <span class='ocrx_word' id='word_1_215' title='bbox 737 2852 1175 2920; x_wconf 87' lang='lat' dir='ltr'><strong>propugnaverit,</strong></span> <span class='ocrx_word' id='word_1_216' title='bbox 1220 2851 1503 2918; x_wconf 81' lang='lat' dir='ltr'><strong>aliquando</strong></span> <span class='ocrx_word' id='word_1_217' title='bbox 1534 2862 1706 2906; x_wconf 88' lang='lat' dir='ltr'><strong>tamen</strong></span> <span class='ocrx_word' id='word_1_218' title='bbox 1735 2855 1842 2918; x_wconf 77' lang='lat' dir='ltr'><strong>spi-</strong></span> 
     </span>
    </p>
   </div>
   <div class='ocr_carea' id='block_1_32' title="bbox 240 2940 1842 3012">
    <p class='ocr_par' dir='ltr' id='par_1_32' title="bbox 240 2940 1842 3012">
     <span class='ocr_line' id='line_1_34' title="bbox 240 2940 1842 3012; baseline -0.001 -15"><span class='ocrx_word' id='word_1_219' title='bbox 240 2946 554 3008; x_wconf 73' lang='lat' dir='ltr'><strong>ritualem,</strong></span> <span class='ocrx_word' id='word_1_220' title='bbox 583 2953 644 2996; x_wconf 90' lang='lat' dir='ltr'><strong>et</strong></span> <span class='ocrx_word' id='word_1_221' title='bbox 682 2941 1078 2995; x_wconf 76' lang='lat' dir='ltr'><strong>intellectualem</strong></span> <span class='ocrx_word' id='word_1_222' title='bbox 1101 2956 1216 3002; x_wconf 86' lang='lat' dir='ltr'><strong>eam</strong></span> <span class='ocrx_word' id='word_1_223' title='bbox 1246 2940 1842 3012; x_wconf 84' lang='lat' dir='ltr'><strong>appellat,quemadmo—</strong></span> 
     </span>
    </p>
   </div>
   <div class='ocr_carea' id='block_1_33' title="bbox 243 3031 1840 3100">
    <p class='ocr_par' dir='ltr' id='par_1_33' title="bbox 243 3031 1840 3100">
     <span class='ocr_line' id='line_1_35' title="bbox 243 3031 1840 3100; baseline -0.003 -12"><span class='ocrx_word' id='word_1_224' title='bbox 243 3037 401 3088; x_wconf 81' lang='lat' dir='ltr'><strong>dum</strong></span> <span class='ocrx_word' id='word_1_225' title='bbox 455 3035 766 3088; x_wconf 72' lang='lat' dir='ltr'><strong>Cassianus</strong></span> <span class='ocrx_word' id='word_1_226' title='bbox 790 3041 843 3086; x_wconf 87' lang='lat' dir='ltr'><strong>et</strong></span> <span class='ocrx_word' id='word_1_227' title='bbox 870 3031 1192 3095; x_wconf 82' lang='lat' dir='ltr'><strong>Bcrnardus,</strong></span> <span class='ocrx_word' id='word_1_228' title='bbox 1233 3031 1320 3100; x_wconf 84' lang='lat' dir='ltr'><strong>qui</strong></span> <span class='ocrx_word' id='word_1_229' title='bbox 1355 3047 1455 3086; x_wconf 92' lang='lat' dir='ltr'><strong>non</strong></span> <span class='ocrx_word' id='word_1_230' title='bbox 1486 3031 1640 3085; x_wconf 89' lang='lat' dir='ltr'><strong>aliam</strong></span> <span class='ocrx_word' id='word_1_231' title='bbox 1667 3040 1840 3085; x_wconf 85' lang='lat' dir='ltr'><strong>tamen</strong></span> 
     </span>
    </p>
   </div>
   <div class='ocr_carea' id='block_1_34' title="bbox 247 3119 1843 3192">
    <p class='ocr_par' dir='ltr' id='par_1_34' title="bbox 247 3119 1843 3192">
     <span class='ocr_line' id='line_1_36' title="bbox 247 3119 1843 3192; baseline -0.003 -14"><span class='ocrx_word' id='word_1_232' title='bbox 247 3141 442 3192; x_wconf 80' lang='lat' dir='ltr'><strong>quam</strong></span> <span class='ocrx_word' id='word_1_233' title='bbox 494 3123 842 3190; x_wconf 72' lang='lat' dir='ltr'><strong>Augustinus</strong></span> <span class='ocrx_word' id='word_1_234' title='bbox 893 3120 1192 3187; x_wconf 81' lang='lat' dir='ltr'><strong>Opinionem</strong></span> <span class='ocrx_word' id='word_1_235' title='bbox 1227 3120 1487 3188; x_wconf 84' lang='lat' dir='ltr'><strong>persecuti</strong></span> <span class='ocrx_word' id='word_1_236' title='bbox 1539 3129 1679 3174; x_wconf 90' lang='lat' dir='ltr'><strong>sunt.</strong></span> <span class='ocrx_word' id='word_1_237' title='bbox 1728 3119 1843 3188; x_wconf 85' lang='lat' dir='ltr'><strong>Ipse</strong></span> 
     </span>
    </p>
   </div>
   <div class='ocr_carea' id='block_1_35' title="bbox 1873 480 3470 563">
    <p class='ocr_par' dir='ltr' id='par_1_35' title="bbox 1873 480 3470 563">
     <span class='ocr_line' id='line_1_37' title="bbox 1873 480 3470 563; baseline -0.011 -10"><span class='ocrx_word' id='word_1_238' title='bbox 1873 498 1939 563; x_wconf 84' lang='grc' dir='ltr'><strong>Π,</strong></span> <span class='ocrx_word' id='word_1_239' title='bbox 1978 498 2129 554; x_wconf 81' lang='lat' dir='ltr'><strong>CAP.</strong></span> <span class='ocrx_word' id='word_1_240' title='bbox 2171 497 2234 562; x_wconf 85' lang='lat' dir='ltr'><strong>ll,</strong></span> <span class='ocrx_word' id='word_1_241' title='bbox 2272 497 2540 563; x_wconf 70' lang='lat' dir='ltr'><strong>QUAZST.</strong></span> <span class='ocrx_word' id='word_1_242' title='bbox 2583 495 2648 550; x_wconf 67' lang='grc' dir='ltr'><strong>γ.</strong></span> <span class='ocrx_word' id='word_1_243' title='bbox 3368 480 3470 538; x_wconf 68' lang='grc'><strong>854</strong></span> 
     </span>
    </p>
   </div>
   <div class='ocr_carea' id='block_1_36' title="bbox 1874 617 3471 701">
    <p class='ocr_par' dir='ltr' id='par_1_36' title="bbox 1874 617 3471 701">
     <span class='ocr_line' id='line_1_38' title="bbox 1874 617 3471 701; baseline -0.009 -13"><span class='ocrx_word' id='word_1_244' title='bbox 1874 617 1919 674; x_wconf 73' lang='grc' dir='ltr'>Α</span> <span class='ocrx_word' id='word_1_245' title='bbox 1947 633 2069 698; x_wconf 86' lang='lat' dir='ltr'><strong>reis,</strong></span> <span class='ocrx_word' id='word_1_246' title='bbox 2095 643 2215 701; x_wconf 90' lang='lat' dir='ltr'><strong>post</strong></span> <span class='ocrx_word' id='word_1_247' title='bbox 2246 632 2448 700; x_wconf 89' lang='lat' dir='ltr'><strong>lapsum</strong></span> <span class='ocrx_word' id='word_1_248' title='bbox 2492 646 2616 685; x_wconf 89' lang='lat' dir='ltr'><strong>vero</strong></span> <span class='ocrx_word' id='word_1_249' title='bbox 2661 625 3008 684; x_wconf 87' lang='lat' dir='ltr'><strong>crassioribus</strong></span> <span class='ocrx_word' id='word_1_250' title='bbox 3042 621 3266 692; x_wconf 85' lang='lat' dir='ltr'><strong>illigatos</strong></span> <span class='ocrx_word' id='word_1_251' title='bbox 3308 620 3471 674; x_wconf 80' lang='lat' dir='ltr'><strong>fuisse</strong></span> 
     </span>
    </p>
   </div>
   <div class='ocr_carea' id='block_1_37' title="bbox 1941 709 3469 793">
    <p class='ocr_par' dir='ltr' id='par_1_37' title="bbox 1941 709 3469 793">
     <span class='ocr_line' id='line_1_39' title="bbox 1941 709 3469 793; baseline -0.01 -14"><span class='ocrx_word' id='word_1_252' title='bbox 1941 724 2250 793; x_wconf 89' lang='lat' dir='ltr'><strong>corporibus</strong></span> <span class='ocrx_word' id='word_1_253' title='bbox 2281 721 2520 776; x_wconf 91' lang='lat' dir='ltr'><strong>deﬁnivit</strong></span> <span class='ocrx_word' id='word_1_254' title='bbox 2566 721 2842 788; x_wconf 84' lang='lat' dir='ltr'><strong>Origenes,</strong></span> <span class='ocrx_word' id='word_1_255' title='bbox 2890 719 2940 772; x_wconf 92' lang='lat' dir='ltr'><strong>in</strong></span> <span class='ocrx_word' id='word_1_256' title='bbox 2971 732 3036 772; x_wconf 89' lang='lat' dir='ltr'><strong>eo</strong></span> <span class='ocrx_word' id='word_1_257' title='bbox 3081 709 3469 768; x_wconf 87' lang='lat' dir='ltr'><strong>consentientes</strong></span> 
     </span>
    </p>
   </div>
   <div class='ocr_carea' id='block_1_38' title="bbox 1943 797 3468 876">
    <p class='ocr_par' dir='ltr' id='par_1_38' title="bbox 1943 797 3468 876">
     <span class='ocr_line' id='line_1_40' title="bbox 1943 797 3468 876; baseline -0.013 -7"><span class='ocrx_word' id='word_1_258' title='bbox 1943 813 2104 869; x_wconf 75' lang='lat' dir='ltr'><strong>habet</strong></span> <span class='ocrx_word' id='word_1_259' title='bbox 2150 811 2426 864; x_wconf 79' lang='lat' dir='ltr'><strong>Minutium</strong></span> <span class='ocrx_word' id='word_1_260' title='bbox 2459 808 2710 869; x_wconf 82' lang='lat' dir='ltr'><strong>Felicem,</strong></span> <span class='ocrx_word' id='word_1_261' title='bbox 2743 809 2830 876; x_wconf 91' lang='lat' dir='ltr'><strong>qui</strong></span> <span class='ocrx_word' id='word_1_262' title='bbox 2867 827 2884 859; x_wconf 81' lang='grc' dir='ltr'><strong>ι</strong></span> <span class='ocrx_word' id='word_1_263' title='bbox 2921 808 3053 860; x_wconf 86' lang='lat' dir='ltr'><strong>istos</strong></span> <span class='ocrx_word' id='word_1_264' title='bbox 3081 801 3298 872; x_wconf 85' lang='lat' dir='ltr'><strong>spiritus</strong></span> <span class='ocrx_word' id='word_1_265' title='bbox 3337 797 3468 853; x_wconf 85' lang='lat' dir='ltr'><strong>sim-</strong></span> 
     </span>
    </p>
   </div>
   <div class='ocr_carea' id='block_1_39' title="bbox 1942 891 3468 972">
    <p class='ocr_par' dir='ltr' id='par_1_39' title="bbox 1942 891 3468 972">
     <span class='ocr_line' id='line_1_41' title="bbox 1942 891 3468 972; baseline -0.01 -15"><span class='ocrx_word' id='word_1_266' title='bbox 1942 902 2229 972; x_wconf 87' lang='lat' dir='ltr'><strong>plicitatem</strong></span> <span class='ocrx_word' id='word_1_267' title='bbox 2269 898 2577 954; x_wconf 65' lang='lat' dir='ltr'><strong>substantia:</strong></span> <span class='ocrx_word' id='word_1_268' title='bbox 2615 913 2722 950; x_wconf 73' lang='lat' dir='ltr'><strong>sua:</strong></span> <span class='ocrx_word' id='word_1_269' title='bbox 2758 897 3048 965; x_wconf 89' lang='lat' dir='ltr'><strong>perdidisse</strong></span> <span class='ocrx_word' id='word_1_270' title='bbox 3078 913 3095 944; x_wconf 72' lang='grc' dir='ltr'><strong>ι</strong></span> <span class='ocrx_word' id='word_1_271' title='bbox 3131 891 3392 952; x_wconf 84' lang='lat' dir='ltr'><strong>decernit,</strong></span> <span class='ocrx_word' id='word_1_272' title='bbox 3416 897 3468 942; x_wconf 90' lang='lat' dir='ltr'><strong>et</strong></span> 
     </span>
    </p>
   </div>
   <div class='ocr_carea' id='block_1_40' title="bbox 1942 979 3469 1061">
    <p class='ocr_par' dir='ltr' id='par_1_40' title="bbox 1942 979 3469 1061">
     <span class='ocr_line' id='line_1_42' title="bbox 1942 979 3469 1061; baseline -0.011 -14"><span class='ocrx_word' id='word_1_273' title='bbox 1942 993 2287 1061; x_wconf 78' lang='lat' dir='ltr'><strong>Augustinum</strong></span> <span class='ocrx_word' id='word_1_274' title='bbox 2307 989 2394 1058; x_wconf 92' lang='lat' dir='ltr'><strong>qui</strong></span> <span class='ocrx_word' id='word_1_275' title='bbox 2425 988 2504 1042; x_wconf 91' lang='lat' dir='ltr'><strong>sic</strong></span> <span class='ocrx_word' id='word_1_276' title='bbox 2529 987 2740 1040; x_wconf 83' lang='lat' dir='ltr'><strong>disserit</strong></span> <span class='ocrx_word' id='word_1_277' title='bbox 2769 986 2860 1041; x_wconf 89' lang='lat' dir='ltr'><strong>lib.</strong></span> <span class='ocrx_word' id='word_1_278' title='bbox 2890 1001 2948 1039; x_wconf 88' lang='grc' dir='ltr'><strong>ιιι</strong></span> <span class='ocrx_word' id='word_1_279' title='bbox 2975 985 3043 1036; x_wconf 90' lang='lat' dir='ltr'><strong>De</strong></span> <span class='ocrx_word' id='word_1_280' title='bbox 3073 981 3250 1035; x_wconf 74' lang='lat' dir='ltr'><strong>Cenes.</strong></span> <span class='ocrx_word' id='word_1_281' title='bbox 3273 980 3338 1032; x_wconf 84' lang='lat' dir='ltr'><strong>ad</strong></span> <span class='ocrx_word' id='word_1_282' title='bbox 3360 979 3469 1043; x_wconf 82' lang='lat' dir='ltr'><strong>lit.,</strong></span> 
     </span>
    </p>
   </div>
   <div class='ocr_carea' id='block_1_41' title="bbox 1943 1073 3467 1152">
    <p class='ocr_par' dir='ltr' id='par_1_41' title="bbox 1943 1073 3467 1152">
     <span class='ocr_line' id='line_1_43' title="bbox 1943 1073 3467 1152; baseline -0.01 -14"><span class='ocrx_word' id='word_1_283' title='bbox 1943 1100 2060 1152; x_wconf 87' lang='lat' dir='ltr'><strong>cap.</strong></span> <span class='ocrx_word' id='word_1_284' title='bbox 2093 1083 2198 1136; x_wconf 72' lang='lat'><strong>10:</strong></span> <span class='ocrx_word' id='word_1_285' title='bbox 2229 1099 2248 1132; x_wconf 74' lang='grc' dir='ltr'><strong>ι</strong></span> <span class='ocrx_word' id='word_1_286' title='bbox 2281 1079 2336 1133; x_wconf 90' lang='lat' dir='ltr'><strong>Si</strong></span> <span class='ocrx_word' id='word_1_287' title='bbox 2377 1088 2552 1131; x_wconf 89' lang='lat' dir='ltr'><strong>autem</strong></span> <span class='ocrx_word' id='word_1_288' title='bbox 2611 1085 3021 1144; x_wconf 87' lang='lat' dir='ltr'><strong>transgressores</strong></span> <span class='ocrx_word' id='word_1_289' title='bbox 3054 1073 3151 1136; x_wconf 91' lang='lat' dir='ltr'><strong>illi,</strong></span> <span class='ocrx_word' id='word_1_290' title='bbox 3185 1081 3467 1139; x_wconf 87' lang='lat' dir='ltr'><strong>antequam</strong></span> 
     </span>
    </p>
   </div>
   <div class='ocr_carea' id='block_1_42' title="bbox 1945 1163 3468 1242">
    <p class='ocr_par' dir='ltr' id='par_1_42' title="bbox 1945 1163 3468 1242">
     <span class='ocr_line' id='line_1_44' title="bbox 1945 1163 3468 1242; baseline -0.009 -15"><span class='ocrx_word' id='word_1_291' title='bbox 1945 1174 2452 1242; x_wconf 84' lang='lat' dir='ltr'><strong>transgrederentur,</strong></span> <span class='ocrx_word' id='word_1_292' title='bbox 2469 1165 2702 1222; x_wconf 65' lang='lat' dir='ltr'><strong>caelestia</strong></span> <span class='ocrx_word' id='word_1_293' title='bbox 2733 1178 2952 1230; x_wconf 90' lang='lat' dir='ltr'><strong>corpora</strong></span> <span class='ocrx_word' id='word_1_294' title='bbox 2981 1163 3268 1231; x_wconf 87' lang='lat' dir='ltr'><strong>gerebant,</strong></span> <span class='ocrx_word' id='word_1_295' title='bbox 3299 1175 3468 1229; x_wconf 90' lang='lat' dir='ltr'><strong>neque</strong></span> 
     </span>
    </p>
   </div>
   <div class='ocr_carea' id='block_1_43' title="bbox 1943 1249 3465 1323">
    <p class='ocr_par' dir='ltr' id='par_1_43' title="bbox 1943 1249 3465 1323">
     <span class='ocr_line' id='line_1_45' title="bbox 1943 1249 3465 1323; baseline -0.009 -6"><span class='ocrx_word' id='word_1_296' title='bbox 1943 1265 2042 1318; x_wconf 90' lang='lat' dir='ltr'><strong>hoc</strong></span> <span class='ocrx_word' id='word_1_297' title='bbox 2065 1263 2254 1315; x_wconf 84' lang='lat' dir='ltr'><strong>mirum</strong></span> <span class='ocrx_word' id='word_1_298' title='bbox 2286 1269 2386 1323; x_wconf 91' lang='lat' dir='ltr'><strong>est,</strong></span> <span class='ocrx_word' id='word_1_299' title='bbox 2407 1257 2451 1312; x_wconf 92' lang='lat' dir='ltr'><strong>si</strong></span> <span class='ocrx_word' id='word_1_300' title='bbox 2478 1269 2732 1311; x_wconf 86' lang='lat' dir='ltr'><strong>conversa</strong></span> <span class='ocrx_word' id='word_1_301' title='bbox 2762 1261 2969 1308; x_wconf 77' lang='lat' dir='ltr'><strong>suntex</strong></span> <span class='ocrx_word' id='word_1_302' title='bbox 2994 1266 3146 1320; x_wconf 64' lang='lat' dir='ltr'><strong>paena</strong></span> <span class='ocrx_word' id='word_1_303' title='bbox 3172 1249 3224 1303; x_wconf 92' lang='lat' dir='ltr'><strong>in</strong></span> <span class='ocrx_word' id='word_1_304' title='bbox 3256 1262 3465 1304; x_wconf 84' lang='lat' dir='ltr'><strong>aeream</strong></span> 
     </span>
    </p>
   </div>
   <div class='ocr_carea' id='block_1_44' title="bbox 1939 1353 2326 1423">
    <p class='ocr_par' dir='ltr' id='par_1_44' title="bbox 1939 1353 2326 1423">
     <span class='ocr_line' id='line_1_46' title="bbox 1939 1353 2326 1423; baseline -0.016 -16"><span class='ocrx_word' id='word_1_305' title='bbox 1939 1353 2269 1423; x_wconf 78' lang='lat' dir='ltr'><strong>qualitatem.</strong></span> <span class='ocrx_word' id='word_1_306' title='bbox 2308 1368 2326 1401; x_wconf 73' lang='grc' dir='ltr'><strong>ι</strong></span> 
     </span>
    </p>
   </div>
   <div class='ocr_carea' id='block_1_45' title="bbox 2009 1428 3467 1504">
    <p class='ocr_par' dir='ltr' id='par_1_45' title="bbox 2009 1428 3467 1504">
     <span class='ocr_line' id='line_1_47' title="bbox 2009 1428 3467 1504; baseline -0.011 -8"><span class='ocrx_word' id='word_1_307' title='bbox 2009 1443 2157 1496; x_wconf 85' lang='lat' dir='ltr'><strong>Nunc</strong></span> <span class='ocrx_word' id='word_1_308' title='bbox 2177 1455 2321 1502; x_wconf 87' lang='lat' dir='ltr'><strong>vero,</strong></span> <span class='ocrx_word' id='word_1_309' title='bbox 2341 1439 2439 1492; x_wconf 85' lang='lat' dir='ltr'><strong>etsi</strong></span> <span class='ocrx_word' id='word_1_310' title='bbox 2461 1449 2708 1504; x_wconf 78' lang='lat' dir='ltr'><strong>expresse</strong></span> <span class='ocrx_word' id='word_1_311' title='bbox 2729 1433 2794 1487; x_wconf 91' lang='lat' dir='ltr'><strong>ab</strong></span> <span class='ocrx_word' id='word_1_312' title='bbox 2818 1430 3052 1486; x_wconf 79' lang='lat' dir='ltr'><strong>Ecclesia</strong></span> <span class='ocrx_word' id='word_1_313' title='bbox 3073 1428 3342 1483; x_wconf 88' lang='lat' dir='ltr'><strong>deﬁnitum</strong></span> <span class='ocrx_word' id='word_1_314' title='bbox 3366 1442 3467 1481; x_wconf 93' lang='lat' dir='ltr'><strong>non</strong></span> 
     </span>
    </p>
   </div>
   <div class='ocr_carea' id='block_1_46' title="bbox 1939 1517 3472 1598">
    <p class='ocr_par' dir='ltr' id='par_1_46' title="bbox 1939 1517 3472 1598">
     <span class='ocr_line' id='line_1_48' title="bbox 1939 1517 3472 1598; baseline -0.015 -8"><span class='ocrx_word' id='word_1_315' title='bbox 1939 1545 2042 1598; x_wconf 90' lang='lat' dir='ltr'><strong>est,</strong></span> <span class='ocrx_word' id='word_1_316' title='bbox 2073 1543 2250 1587; x_wconf 88' lang='lat' dir='ltr'><strong>utrum</strong></span> <span class='ocrx_word' id='word_1_317' title='bbox 2296 1528 2471 1596; x_wconf 84' lang='lat' dir='ltr'><strong>angeli</strong></span> <span class='ocrx_word' id='word_1_318' title='bbox 2517 1525 2826 1594; x_wconf 88' lang='lat' dir='ltr'><strong>corporibus</strong></span> <span class='ocrx_word' id='word_1_319' title='bbox 2875 1520 3125 1591; x_wconf 88' lang='lat' dir='ltr'><strong>implicati</strong></span> <span class='ocrx_word' id='word_1_320' title='bbox 3162 1517 3287 1577; x_wconf 89' lang='lat' dir='ltr'><strong>sint,</strong></span> <span class='ocrx_word' id='word_1_321' title='bbox 3325 1531 3472 1590; x_wconf 80' lang='lat' dir='ltr'><strong>com-</strong></span> 
     </span>
    </p>
   </div>
   <div class='ocr_carea' id='block_1_47' title="bbox 1942 1607 3469 1680">
    <p class='ocr_par' dir='ltr' id='par_1_47' title="bbox 1942 1607 3469 1680">
     <span class='ocr_line' id='line_1_49' title="bbox 1942 1607 3469 1680; baseline -0.014 -2"><span class='ocrx_word' id='word_1_322' title='bbox 1942 1637 2099 1678; x_wconf 90' lang='lat' dir='ltr'><strong>mune</strong></span> <span class='ocrx_word' id='word_1_323' title='bbox 2129 1633 2302 1675; x_wconf 83' lang='lat' dir='ltr'><strong>tamen</strong></span> <span class='ocrx_word' id='word_1_324' title='bbox 2347 1621 2444 1672; x_wconf 92' lang='lat' dir='ltr'><strong>hoc</strong></span> <span class='ocrx_word' id='word_1_325' title='bbox 2474 1626 2553 1672; x_wconf 91' lang='lat' dir='ltr'><strong>est</strong></span> <span class='ocrx_word' id='word_1_326' title='bbox 2600 1629 2662 1669; x_wconf 90' lang='lat' dir='ltr'><strong>ac</strong></span> <span class='ocrx_word' id='word_1_327' title='bbox 2703 1623 2990 1680; x_wconf 85' lang='lat' dir='ltr'><strong>receptum,</strong></span> <span class='ocrx_word' id='word_1_328' title='bbox 3021 1620 3074 1664; x_wconf 92' lang='lat' dir='ltr'><strong>et</strong></span> <span class='ocrx_word' id='word_1_329' title='bbox 3108 1607 3469 1676; x_wconf 77' lang='lat' dir='ltr'><strong>theologorum</strong></span> 
     </span>
    </p>
   </div>
   <div class='ocr_carea' id='block_1_48' title="bbox 1937 1697 3463 1776">
    <p class='ocr_par' dir='ltr' id='par_1_48' title="bbox 1937 1697 3463 1776">
     <span class='ocr_line' id='line_1_50' title="bbox 1937 1697 3463 1776; baseline -0.014 -6"><span class='ocrx_word' id='word_1_330' title='bbox 1937 1715 2172 1770; x_wconf 90' lang='lat' dir='ltr'><strong>omnium</strong></span> <span class='ocrx_word' id='word_1_331' title='bbox 2221 1725 2481 1768; x_wconf 90' lang='lat' dir='ltr'><strong>consensu</strong></span> <span class='ocrx_word' id='word_1_332' title='bbox 2521 1707 2866 1776; x_wconf 86' lang='lat' dir='ltr'><strong>approbatum</strong></span> <span class='ocrx_word' id='word_1_333' title='bbox 2914 1703 3129 1771; x_wconf 88' lang='lat' dir='ltr'><strong>dogma,</strong></span> <span class='ocrx_word' id='word_1_334' title='bbox 3160 1699 3295 1768; x_wconf 84' lang='lat' dir='ltr'><strong>quod</strong></span> <span class='ocrx_word' id='word_1_335' title='bbox 3321 1697 3463 1750; x_wconf 91' lang='lat' dir='ltr'><strong>omni</strong></span> 
     </span>
    </p>
   </div>
   <div class='ocr_carea' id='block_1_49' title="bbox 1937 1788 3463 1872">
    <p class='ocr_par' dir='ltr' id='par_1_49' title="bbox 1937 1788 3463 1872">
     <span class='ocr_line' id='line_1_51' title="bbox 1937 1788 3463 1872; baseline -0.014 -12"><span class='ocrx_word' id='word_1_336' title='bbox 1937 1807 2054 1860; x_wconf 53' lang='lat' dir='ltr'><strong>ales</strong></span> <span class='ocrx_word' id='word_1_337' title='bbox 2071 1818 2290 1872; x_wconf 88' lang='lat' dir='ltr'><strong>corpore</strong></span> <span class='ocrx_word' id='word_1_338' title='bbox 2303 1801 2514 1870; x_wconf 84' lang='lat' dir='ltr'><strong>spoliat,</strong></span> <span class='ocrx_word' id='word_1_339' title='bbox 2531 1809 2587 1852; x_wconf 93' lang='lat' dir='ltr'><strong>ut</strong></span> <span class='ocrx_word' id='word_1_340' title='bbox 2609 1796 2932 1852; x_wconf 86' lang='lat' dir='ltr'><strong>contrarium</strong></span> <span class='ocrx_word' id='word_1_341' title='bbox 2955 1791 3194 1861; x_wconf 87' lang='lat' dir='ltr'><strong>quisquis</strong></span> <span class='ocrx_word' id='word_1_342' title='bbox 3213 1789 3366 1844; x_wconf 84' lang='lat' dir='ltr'><strong>hodie</strong></span> <span class='ocrx_word' id='word_1_343' title='bbox 3383 1788 3463 1840; x_wconf 80' lang='lat' dir='ltr'><strong>af-</strong></span> 
     </span>
    </p>
   </div>
   <div class='ocr_carea' id='block_1_50' title="bbox 1866 1879 3471 1986">
    <p class='ocr_par' dir='ltr' id='par_1_50' title="bbox 1866 1879 3471 1986">
     <span class='ocr_line' id='line_1_52' title="bbox 1866 1879 3471 1986; baseline -0.013 -35"><span class='ocrx_word' id='word_1_344' title='bbox 1866 1931 1908 1986; x_wconf 77' lang='lat' dir='ltr'><strong>B</strong></span> <span class='ocrx_word' id='word_1_345' title='bbox 1941 1895 2260 1956; x_wconf 81' lang='lat' dir='ltr'><strong>ﬁrmaverit,</strong></span> <span class='ocrx_word' id='word_1_346' title='bbox 2289 1907 2383 1962; x_wconf 92' lang='lat' dir='ltr'><strong>pro</strong></span> <span class='ocrx_word' id='word_1_347' title='bbox 2437 1892 2718 1944; x_wconf 90' lang='lat' dir='ltr'><strong>temerario</strong></span> <span class='ocrx_word' id='word_1_348' title='bbox 2766 1894 2820 1940; x_wconf 89' lang='lat' dir='ltr'><strong>et</strong></span> <span class='ocrx_word' id='word_1_349' title='bbox 2861 1882 3151 1951; x_wconf 66' lang='lat' dir='ltr'><strong>praeﬁdenti</strong></span> <span class='ocrx_word' id='word_1_350' title='bbox 3198 1879 3471 1935; x_wconf 84' lang='lat' dir='ltr'><strong>habendus</strong></span> 
     </span>
    </p>
   </div>
   <div class='ocr_carea' id='block_1_51' title="bbox 1937 1971 3471 2055">
    <p class='ocr_par' dir='ltr' id='par_1_51' title="bbox 1937 1971 3471 2055">
     <span class='ocr_line' id='line_1_53' title="bbox 1937 1971 3471 2055; baseline -0.012 -13"><span class='ocrx_word' id='word_1_351' title='bbox 1937 1989 2005 2042; x_wconf 87' lang='lat' dir='ltr'><strong>sit</strong></span> <span class='ocrx_word' id='word_1_352' title='bbox 2030 1994 2336 2055; x_wconf 84' lang='lat' dir='ltr'><strong>:postquam</strong></span> <span class='ocrx_word' id='word_1_353' title='bbox 2359 1983 2410 2035; x_wconf 93' lang='lat' dir='ltr'><strong>in</strong></span> <span class='ocrx_word' id='word_1_354' title='bbox 2438 1981 2488 2034; x_wconf 89' lang='lat' dir='ltr'><strong>id</strong></span> <span class='ocrx_word' id='word_1_355' title='bbox 2509 1981 2780 2032; x_wconf 85' lang='lat' dir='ltr'><strong>decretum</strong></span> <span class='ocrx_word' id='word_1_356' title='bbox 2808 1973 3078 2030; x_wconf 87' lang='lat' dir='ltr'><strong>consensit</strong></span> <span class='ocrx_word' id='word_1_357' title='bbox 3112 1971 3471 2024; x_wconf 77' lang='lat' dir='ltr'><strong>Lateranense</strong></span> 
     </span>
    </p>
   </div>
   <div class='ocr_carea' id='block_1_52' title="bbox 1937 2057 3469 2140">
    <p class='ocr_par' dir='ltr' id='par_1_52' title="bbox 1937 2057 3469 2140">
     <span class='ocr_line' id='line_1_54' title="bbox 1937 2057 3469 2140; baseline -0.015 -8"><span class='ocrx_word' id='word_1_358' title='bbox 1937 2075 2218 2132; x_wconf 89' lang='lat' dir='ltr'><strong>concilium</strong></span> <span class='ocrx_word' id='word_1_359' title='bbox 2247 2086 2363 2140; x_wconf 90' lang='lat' dir='ltr'><strong>cap.</strong></span> <span class='ocrx_word' id='word_1_360' title='bbox 2394 2071 2420 2123; x_wconf 77' lang='grc'><strong>1</strong></span> <span class='ocrx_word' id='word_1_361' title='bbox 2459 2085 2472 2120; x_wconf 89' lang='lat'><strong>:</strong></span> <span class='ocrx_word' id='word_1_362' title='bbox 2521 2087 2540 2119; x_wconf 77' lang='grc' dir='ltr'><strong>ι</strong></span> <span class='ocrx_word' id='word_1_363' title='bbox 2583 2067 2805 2121; x_wconf 89' lang='lat' dir='ltr'><strong>Creator</strong></span> <span class='ocrx_word' id='word_1_364' title='bbox 2844 2063 3078 2116; x_wconf 91' lang='lat' dir='ltr'><strong>omnium</strong></span> <span class='ocrx_word' id='word_1_365' title='bbox 3132 2057 3469 2112; x_wconf 87' lang='lat' dir='ltr'><strong>invisibilinnt</strong></span> 
     </span>
    </p>
   </div>
   <div class='ocr_carea' id='block_1_53' title="bbox 1936 2146 3471 2226">
    <p class='ocr_par' dir='ltr' id='par_1_53' title="bbox 1936 2146 3471 2226">
     <span class='ocr_line' id='line_1_55' title="bbox 1936 2146 3471 2226; baseline -0.013 -8"><span class='ocrx_word' id='word_1_366' title='bbox 1936 2173 1992 2218; x_wconf 89' lang='lat' dir='ltr'><strong>et</strong></span> <span class='ocrx_word' id='word_1_367' title='bbox 2022 2162 2330 2223; x_wconf 84' lang='lat' dir='ltr'><strong>visibilium,</strong></span> <span class='ocrx_word' id='word_1_368' title='bbox 2354 2156 2708 2226; x_wconf 71' lang='lat' dir='ltr'><strong>spiritualium</strong></span> <span class='ocrx_word' id='word_1_369' title='bbox 2737 2167 2790 2210; x_wconf 88' lang='lat' dir='ltr'><strong>et</strong></span> <span class='ocrx_word' id='word_1_370' title='bbox 2845 2150 3222 2220; x_wconf 90' lang='lat' dir='ltr'><strong>corporalium,</strong></span> <span class='ocrx_word' id='word_1_371' title='bbox 3249 2146 3339 2216; x_wconf 87' lang='lat' dir='ltr'><strong>qui</strong></span> <span class='ocrx_word' id='word_1_372' title='bbox 3375 2159 3471 2198; x_wconf 88' lang='lat' dir='ltr'><strong>sua</strong></span> 
     </span>
    </p>
   </div>
   <div class='ocr_carea' id='block_1_54' title="bbox 1938 2237 3471 2317">
    <p class='ocr_par' dir='ltr' id='par_1_54' title="bbox 1938 2237 3471 2317">
     <span class='ocr_line' id='line_1_56' title="bbox 1938 2237 3471 2317; baseline -0.014 -13"><span class='ocrx_word' id='word_1_373' title='bbox 1938 2248 2279 2317; x_wconf 89' lang='lat' dir='ltr'><strong>omnipotenti</strong></span> <span class='ocrx_word' id='word_1_374' title='bbox 2304 2247 2499 2300; x_wconf 89' lang='lat' dir='ltr'><strong>virtute</strong></span> <span class='ocrx_word' id='word_1_375' title='bbox 2524 2243 2678 2300; x_wconf 85' lang='lat' dir='ltr'><strong>simul</strong></span> <span class='ocrx_word' id='word_1_376' title='bbox 2711 2244 2778 2298; x_wconf 90' lang='lat' dir='ltr'><strong>ab</strong></span> <span class='ocrx_word' id='word_1_377' title='bbox 2810 2243 2958 2297; x_wconf 92' lang='lat' dir='ltr'><strong>initio</strong></span> <span class='ocrx_word' id='word_1_378' title='bbox 2989 2237 3238 2306; x_wconf 90' lang='lat' dir='ltr'><strong>temporis</strong></span> <span class='ocrx_word' id='word_1_379' title='bbox 3272 2243 3471 2286; x_wconf 82' lang='lat' dir='ltr'><strong>utraru-</strong></span> 
     </span>
    </p>
   </div>
   <div class='ocr_carea' id='block_1_55' title="bbox 1937 2322 3473 2406">
    <p class='ocr_par' dir='ltr' id='par_1_55' title="bbox 1937 2322 3473 2406">
     <span class='ocr_line' id='line_1_57' title="bbox 1937 2322 3473 2406; baseline -0.01 -17"><span class='ocrx_word' id='word_1_380' title='bbox 1937 2350 2041 2406; x_wconf 87' lang='lat' dir='ltr'><strong>que</strong></span> <span class='ocrx_word' id='word_1_381' title='bbox 2067 2336 2133 2392; x_wconf 88' lang='lat' dir='ltr'><strong>de</strong></span> <span class='ocrx_word' id='word_1_382' title='bbox 2169 2334 2338 2390; x_wconf 85' lang='lat' dir='ltr'><strong>nihilo</strong></span> <span class='ocrx_word' id='word_1_383' title='bbox 2383 2334 2622 2390; x_wconf 88' lang='lat' dir='ltr'><strong>condidit</strong></span> <span class='ocrx_word' id='word_1_384' title='bbox 2671 2341 2974 2388; x_wconf 86' lang='lat' dir='ltr'><strong>creaturam</strong></span> <span class='ocrx_word' id='word_1_385' title='bbox 2997 2367 3013 2393; x_wconf 96' lang='lat'><strong>,</strong></span> <span class='ocrx_word' id='word_1_386' title='bbox 3041 2322 3363 2395; x_wconf 89' lang='lat' dir='ltr'><strong>spiritualem</strong></span> <span class='ocrx_word' id='word_1_387' title='bbox 3418 2333 3473 2375; x_wconf 91' lang='lat' dir='ltr'><strong>et</strong></span> 
     </span>
    </p>
   </div>
   <div class='ocr_carea' id='block_1_56' title="bbox 1937 2412 3471 2493">
    <p class='ocr_par' dir='ltr' id='par_1_56' title="bbox 1937 2412 3471 2493">
     <span class='ocr_line' id='line_1_58' title="bbox 1937 2412 3471 2493; baseline -0.01 -14"><span class='ocrx_word' id='word_1_388' title='bbox 1937 2425 2288 2493; x_wconf 70' lang='lat' dir='ltr'><strong>corporalem,</strong></span> <span class='ocrx_word' id='word_1_389' title='bbox 2328 2423 2623 2492; x_wconf 89' lang='lat' dir='ltr'><strong>angelicam</strong></span> <span class='ocrx_word' id='word_1_390' title='bbox 2656 2418 2902 2474; x_wconf 89' lang='lat' dir='ltr'><strong>videlicet</strong></span> <span class='ocrx_word' id='word_1_391' title='bbox 2939 2425 2992 2470; x_wconf 90' lang='lat' dir='ltr'><strong>et</strong></span> <span class='ocrx_word' id='word_1_392' title='bbox 3030 2412 3374 2473; x_wconf 90' lang='lat' dir='ltr'><strong>mundanam,</strong></span> <span class='ocrx_word' id='word_1_393' title='bbox 3407 2423 3471 2464; x_wconf 88' lang='lat' dir='ltr'><strong>ac</strong></span> 
     </span>
    </p>
   </div>
   <div class='ocr_carea' id='block_1_57' title="bbox 1937 2507 3474 2581">
    <p class='ocr_par' dir='ltr' id='par_1_57' title="bbox 1937 2507 3474 2581">
     <span class='ocr_line' id='line_1_59' title="bbox 1937 2507 3474 2581; baseline -0.011 -13"><span class='ocrx_word' id='word_1_394' title='bbox 1937 2514 2126 2568; x_wconf 83' lang='lat' dir='ltr'><strong>deinde</strong></span> <span class='ocrx_word' id='word_1_395' title='bbox 2153 2512 2472 2576; x_wconf 65' lang='lat' dir='ltr'><strong>humanam,“</strong></span> <span class='ocrx_word' id='word_1_396' title='bbox 2495 2511 2646 2581; x_wconf 89' lang='lat' dir='ltr'><strong>quasi</strong></span> <span class='ocrx_word' id='word_1_397' title='bbox 2693 2521 3025 2566; x_wconf 88' lang='lat' dir='ltr'><strong>communem</strong></span> <span class='ocrx_word' id='word_1_398' title='bbox 3059 2519 3123 2558; x_wconf 85' lang='lat' dir='ltr'><strong>ex</strong></span> <span class='ocrx_word' id='word_1_399' title='bbox 3168 2513 3388 2574; x_wconf 83' lang='lat' dir='ltr'><strong>corpore</strong></span> <span class='ocrx_word' id='word_1_400' title='bbox 3419 2507 3474 2552; x_wconf 89' lang='lat' dir='ltr'><strong>et</strong></span> 
     </span>
    </p>
   </div>
   <div class='ocr_carea' id='block_1_58' title="bbox 1938 2587 3472 2670">
    <p class='ocr_par' dir='ltr' id='par_1_58' title="bbox 1938 2587 3472 2670">
     <span class='ocr_line' id='line_1_60' title="bbox 1938 2587 3472 2670; baseline -0.011 -12"><span class='ocrx_word' id='word_1_401' title='bbox 1938 2603 2127 2670; x_wconf 81' lang='lat' dir='ltr'><strong>spiritu</strong></span> <span class='ocrx_word' id='word_1_402' title='bbox 2159 2603 2515 2658; x_wconf 85' lang='lat' dir='ltr'><strong>constitutam.</strong></span> <span class='ocrx_word' id='word_1_403' title='bbox 2550 2618 2569 2650; x_wconf 75' lang='grc' dir='ltr'><strong>ι</strong></span> <span class='ocrx_word' id='word_1_404' title='bbox 2609 2599 2725 2666; x_wconf 85' lang='lat' dir='ltr'><strong>Quo</strong></span> <span class='ocrx_word' id='word_1_405' title='bbox 2755 2599 2967 2652; x_wconf 86' lang='lat' dir='ltr'><strong>decreto</strong></span> <span class='ocrx_word' id='word_1_406' title='bbox 2998 2592 3326 2663; x_wconf 83' lang='lat' dir='ltr'><strong>Origenistas</strong></span> <span class='ocrx_word' id='word_1_407' title='bbox 3367 2587 3472 2660; x_wconf 84' lang='lat' dir='ltr'><strong>peti</strong></span> 
     </span>
    </p>
   </div>
   <div class='ocr_carea' id='block_1_59' title="bbox 1943 2689 2651 2746">
    <p class='ocr_par' dir='ltr' id='par_1_59' title="bbox 1943 2689 2651 2746">
     <span class='ocr_line' id='line_1_61' title="bbox 1943 2689 2651 2746; baseline -0.001 0"><span class='ocrx_word' id='word_1_408' title='bbox 1943 2690 1999 2746; x_wconf 92' lang='lat' dir='ltr'><strong>S.</strong></span> <span class='ocrx_word' id='word_1_409' title='bbox 2031 2691 2260 2746; x_wconf 87' lang='lat' dir='ltr'><strong>Thomas</strong></span> <span class='ocrx_word' id='word_1_410' title='bbox 2287 2689 2651 2746; x_wconf 80' lang='lat' dir='ltr'><strong>existimabat.</strong></span> 
     </span>
    </p>
   </div>
   <div class='ocr_carea' id='block_1_60' title="bbox 2012 2766 3471 2846">
    <p class='ocr_par' dir='ltr' id='par_1_60' title="bbox 2012 2766 3471 2846">
     <span class='ocr_line' id='line_1_62' title="bbox 2012 2766 3471 2846; baseline -0.012 -14"><span class='ocrx_word' id='word_1_411' title='bbox 2012 2779 2100 2837; x_wconf 80' lang='lat' dir='ltr'><strong>IX.</strong></span> <span class='ocrx_word' id='word_1_412' title='bbox 2127 2780 2295 2834; x_wconf 87' lang='lat' dir='ltr'><strong>Porro</strong></span> <span class='ocrx_word' id='word_1_413' title='bbox 2335 2776 2586 2846; x_wconf 88' lang='lat' dir='ltr'><strong>quidquid</strong></span> <span class='ocrx_word' id='word_1_414' title='bbox 2617 2777 2682 2830; x_wconf 90' lang='lat' dir='ltr'><strong>de</strong></span> <span class='ocrx_word' id='word_1_415' title='bbox 2727 2772 2927 2842; x_wconf 87' lang='lat' dir='ltr'><strong>angelis</strong></span> <span class='ocrx_word' id='word_1_416' title='bbox 2954 2768 3168 2824; x_wconf 85' lang='lat' dir='ltr'><strong>tradidit</strong></span> <span class='ocrx_word' id='word_1_417' title='bbox 3195 2766 3471 2835; x_wconf 80' lang='lat' dir='ltr'><strong>Origenes,</strong></span> 
     </span>
    </p>
   </div>
   <div class='ocr_carea' id='block_1_61' title="bbox 1941 2852 3476 2934">
    <p class='ocr_par' dir='ltr' id='par_1_61' title="bbox 1941 2852 3476 2934">
     <span class='ocr_line' id='line_1_63' title="bbox 1941 2852 3476 2934; baseline -0.012 -10"><span class='ocrx_word' id='word_1_418' title='bbox 1941 2872 2024 2928; x_wconf 82' lang='lat' dir='ltr'><strong>vel</strong></span> <span class='ocrx_word' id='word_1_419' title='bbox 2069 2871 2239 2926; x_wconf 86' lang='lat' dir='ltr'><strong>sacris</strong></span> <span class='ocrx_word' id='word_1_420' title='bbox 2290 2867 2370 2922; x_wconf 89' lang='lat' dir='ltr'><strong>vel</strong></span> <span class='ocrx_word' id='word_1_421' title='bbox 2421 2865 2659 2934; x_wconf 80' lang='lat' dir='ltr'><strong>profanis</strong></span> <span class='ocrx_word' id='word_1_422' title='bbox 2702 2861 3012 2916; x_wconf 85' lang='lat' dir='ltr'><strong>auctoribus</strong></span> <span class='ocrx_word' id='word_1_423' title='bbox 3074 2867 3339 2924; x_wconf 89' lang='lat' dir='ltr'><strong>utcunque</strong></span> <span class='ocrx_word' id='word_1_424' title='bbox 3390 2852 3476 2906; x_wconf 91' lang='lat' dir='ltr'><strong>de-</strong></span> 
     </span>
    </p>
   </div>
   <div class='ocr_carea' id='block_1_62' title="bbox 1941 2941 3472 3028">
    <p class='ocr_par' dir='ltr' id='par_1_62' title="bbox 1941 2941 3472 3028">
     <span class='ocr_line' id='line_1_64' title="bbox 1941 2941 3472 3028; baseline -0.012 -11"><span class='ocrx_word' id='word_1_425' title='bbox 1941 2963 2160 3018; x_wconf 82' lang='lat' dir='ltr'><strong>fendere</strong></span> <span class='ocrx_word' id='word_1_426' title='bbox 2181 2958 2370 3028; x_wconf 90' lang='lat' dir='ltr'><strong>potuit.</strong></span> <span class='ocrx_word' id='word_1_427' title='bbox 2393 2955 2599 3024; x_wconf 82' lang='lat' dir='ltr'><strong>Corpus</strong></span> <span class='ocrx_word' id='word_1_428' title='bbox 2619 2953 2820 3024; x_wconf 85' lang='lat' dir='ltr'><strong>angelis</strong></span> <span class='ocrx_word' id='word_1_429' title='bbox 2840 2950 3033 3006; x_wconf 77' lang='lat' dir='ltr'><strong>ascribi</strong></span> <span class='ocrx_word' id='word_1_430' title='bbox 3080 2949 3287 3002; x_wconf 91' lang='lat' dir='ltr'><strong>videtur</strong></span> <span class='ocrx_word' id='word_1_431' title='bbox 3336 2941 3472 3013; x_wconf 90' lang='lat' dir='ltr'><strong>psal.</strong></span> 
     </span>
    </p>
   </div>
   <div class='ocr_carea' id='block_1_63' title="bbox 1939 3032 3474 3115">
    <p class='ocr_par' dir='ltr' id='par_1_63' title="bbox 1939 3032 3474 3115">
     <span class='ocr_line' id='line_1_65' title="bbox 1939 3032 3474 3115; baseline -0.015 -6"><span class='ocrx_word' id='word_1_432' title='bbox 1939 3069 2053 3114; x_wconf 65' lang='lat' dir='ltr'><strong>cm,</strong></span> <span class='ocrx_word' id='word_1_433' title='bbox 2087 3052 2158 3105; x_wconf 64' lang='grc' dir='ltr'><strong>ιε</strong></span> <span class='ocrx_word' id='word_1_434' title='bbox 2208 3068 2226 3102; x_wconf 72' lang='grc' dir='ltr'><strong>ι</strong></span> <span class='ocrx_word' id='word_1_435' title='bbox 2257 3049 2356 3115; x_wconf 86' lang='lat' dir='ltr'><strong>Qui</strong></span> <span class='ocrx_word' id='word_1_436' title='bbox 2392 3047 2524 3101; x_wconf 80' lang='lat' dir='ltr'><strong>facis</strong></span> <span class='ocrx_word' id='word_1_437' title='bbox 2550 3043 2765 3114; x_wconf 87' lang='lat' dir='ltr'><strong>angelos</strong></span> <span class='ocrx_word' id='word_1_438' title='bbox 2799 3052 2919 3096; x_wconf 88' lang='lat' dir='ltr'><strong>tuos</strong></span> <span class='ocrx_word' id='word_1_439' title='bbox 2945 3039 3184 3110; x_wconf 74' lang='lat' dir='ltr'><strong>Spiritus,</strong></span> <span class='ocrx_word' id='word_1_440' title='bbox 3218 3045 3273 3091; x_wconf 88' lang='lat' dir='ltr'><strong>et</strong></span> <span class='ocrx_word' id='word_1_441' title='bbox 3313 3032 3474 3088; x_wconf 85' lang='lat' dir='ltr'><strong>mini-</strong></span> 
     </span>
    </p>
   </div>
   <div class='ocr_carea' id='block_1_64' title="bbox 1942 3121 3476 3206">
    <p class='ocr_par' dir='ltr' id='par_1_64' title="bbox 1942 3121 3476 3206">
     <span class='ocr_line' id='line_1_66' title="bbox 1942 3121 3476 3206; baseline -0.016 -7"><span class='ocrx_word' id='word_1_442' title='bbox 1942 3156 2083 3199; x_wconf 80' lang='lat' dir='ltr'><strong>stros</strong></span> <span class='ocrx_word' id='word_1_443' title='bbox 2124 3151 2242 3195; x_wconf 91' lang='lat' dir='ltr'><strong>tuos</strong></span> <span class='ocrx_word' id='word_1_444' title='bbox 2283 3137 2457 3206; x_wconf 87' lang='lat' dir='ltr'><strong>ignem</strong></span> <span class='ocrx_word' id='word_1_445' title='bbox 2505 3141 2807 3190; x_wconf 67' lang='lat' dir='ltr'><strong>urentem.»</strong></span> <span class='ocrx_word' id='word_1_446' title='bbox 2864 3129 2991 3196; x_wconf 78' lang='lat' dir='ltr'><strong>Quae</strong></span> <span class='ocrx_word' id='word_1_447' title='bbox 3032 3124 3273 3198; x_wconf 85' lang='lat' dir='ltr'><strong>quamvis</strong></span> <span class='ocrx_word' id='word_1_448' title='bbox 3321 3121 3476 3176; x_wconf 87' lang='lat' dir='ltr'><strong>aliter</strong></span> 
     </span>
    </p>
   </div>
   <div class='ocr_carea' id='block_1_65' title="bbox 245 3208 3475 3304">
    <p class='ocr_par' dir='ltr' id='par_1_65' title="bbox 245 3208 3475 3304">
     <span class='ocr_line' id='line_1_67' title="bbox 245 3208 3475 3304; baseline 0.001 -40"><span class='ocrx_word' id='word_1_449' title='bbox 245 3231 498 3285; x_wconf 74' lang='lat' dir='ltr'><strong>quoque</strong></span> <span class='ocrx_word' id='word_1_450' title='bbox 530 3212 907 3268; x_wconf 80' lang='lat' dir='ltr'><strong>Tertullianus</strong></span> <span class='ocrx_word' id='word_1_451' title='bbox 936 3211 1036 3304; x_wconf 84' lang='lat' dir='ltr'><strong>lib.</strong></span> <span class='ocrx_word' id='word_1_452' title='bbox 1070 3209 1142 3304; x_wconf 76' lang='lat' dir='ltr'><strong>De</strong></span> <span class='ocrx_word' id='word_1_453' title='bbox 1182 3226 1334 3304; x_wconf 73' lang='lat' dir='ltr'><strong>carne</strong></span> <span class='ocrx_word' id='word_1_454' title='bbox 1369 3208 1578 3304; x_wconf 63' lang='lat' dir='ltr'><strong>Christi,</strong></span> <span class='ocrx_word' id='word_1_455' title='bbox 1628 3224 1742 3304; x_wconf 82' lang='lat' dir='ltr'><strong>cap.</strong></span> <span class='ocrx_word' id='word_1_456' title='bbox 1776 3209 1838 3273; x_wconf 85' lang='lat'><strong>6,</strong></span> <span class='ocrx_word' id='word_1_457' title='bbox 1868 3237 1908 3296; x_wconf 66' lang='grc' dir='ltr'>ο</span> <span class='ocrx_word' id='word_1_458' title='bbox 1941 3232 2129 3304; x_wconf 55' lang='lat' dir='ltr'><strong>exponi</strong></span> <span class='ocrx_word' id='word_1_459' title='bbox 2170 3229 2392 3301; x_wconf 52' lang='lat' dir='ltr'><strong>possim.</strong></span> <span class='ocrx_word' id='word_1_460' title='bbox 2439 3227 2604 3280; x_wconf 68' lang='lat' dir='ltr'><strong>Deum</strong></span> <span class='ocrx_word' id='word_1_461' title='bbox 2658 3236 2846 3292; x_wconf 64' lang='lat' dir='ltr'><strong>nempe</strong></span> <span class='ocrx_word' id='word_1_462' title='bbox 2888 3231 3046 3274; x_wconf 76' lang='lat' dir='ltr'><strong>vento</strong></span> <span class='ocrx_word' id='word_1_463' title='bbox 3097 3227 3147 3272; x_wconf 90' lang='lat' dir='ltr'><strong>et</strong></span> <span class='ocrx_word' id='word_1_464' title='bbox 3188 3218 3330 3287; x_wconf 85' lang='lat' dir='ltr'><strong>igne,</strong></span> <span class='ocrx_word' id='word_1_465' title='bbox 3359 3224 3475 3266; x_wconf 88' lang='lat' dir='ltr'><strong>tan-</strong></span> 
     </span>
    </p>
   </div>
   <div class='ocr_carea' id='block_1_66' title="bbox 249 3299 1840 3374">
    <p class='ocr_par' dir='ltr' id='par_1_66' title="bbox 249 3299 1840 3374">
     <span class='ocr_line' id='line_1_68' title="bbox 249 3299 1840 3374; baseline -0.005 -15"><span class='ocrx_word' id='word_1_466' title='bbox 249 3306 503 3374; x_wconf 79' lang='lat' dir='ltr'><strong>angelos</strong></span> <span class='ocrx_word' id='word_1_467' title='bbox 549 3321 570 3356; x_wconf 69' lang='grc' dir='ltr'><strong>ι</strong></span> <span class='ocrx_word' id='word_1_468' title='bbox 622 3311 834 3355; x_wconf 69' lang='lat' dir='ltr'><strong>naturae</strong></span> <span class='ocrx_word' id='word_1_469' title='bbox 868 3300 1178 3353; x_wconf 64' lang='lat' dir='ltr'><strong>substantiae</strong></span> <span class='ocrx_word' id='word_1_470' title='bbox 1206 3299 1527 3367; x_wconf 88' lang='lat' dir='ltr'><strong>spiritualis;</strong></span> <span class='ocrx_word' id='word_1_471' title='bbox 1560 3311 1613 3354; x_wconf 89' lang='lat' dir='ltr'><strong>et</strong></span> <span class='ocrx_word' id='word_1_472' title='bbox 1646 3300 1689 3352; x_wconf 92' lang='lat' dir='ltr'><strong>si</strong></span> <span class='ocrx_word' id='word_1_473' title='bbox 1719 3313 1840 3353; x_wconf 87' lang='lat' dir='ltr'><strong>cor-</strong></span> 
     </span>
    </p>
   </div>
   <div class='ocr_carea' id='block_1_67' title="bbox 249 3390 1771 3464">
    <p class='ocr_par' dir='ltr' id='par_1_67' title="bbox 249 3390 1771 3464">
     <span class='ocr_line' id='line_1_69' title="bbox 249 3390 1771 3464; baseline -0.004 -14"><span class='ocrx_word' id='word_1_474' title='bbox 249 3397 429 3464; x_wconf 77' lang='lat' dir='ltr'><strong>poris</strong></span> <span class='ocrx_word' id='word_1_475' title='bbox 461 3393 730 3459; x_wconf 81' lang='lat' dir='ltr'><strong>alicujus,</strong></span> <span class='ocrx_word' id='word_1_476' title='bbox 755 3392 836 3446; x_wconf 90' lang='lat' dir='ltr'><strong>sui</strong></span> <span class='ocrx_word' id='word_1_477' title='bbox 871 3400 1044 3445; x_wconf 88' lang='lat' dir='ltr'><strong>tamen</strong></span> <span class='ocrx_word' id='word_1_478' title='bbox 1075 3391 1282 3460; x_wconf 89' lang='lat' dir='ltr'><strong>generis</strong></span> <span class='ocrx_word' id='word_1_479' title='bbox 1319 3410 1339 3442; x_wconf 75' lang='grc' dir='ltr'><strong>ι</strong></span> <span class='ocrx_word' id='word_1_480' title='bbox 1381 3405 1498 3446; x_wconf 90' lang='lat' dir='ltr'><strong>esse</strong></span> <span class='ocrx_word' id='word_1_481' title='bbox 1522 3390 1771 3445; x_wconf 90' lang='lat' dir='ltr'><strong>declarat.</strong></span> 
     </span>
    </p>
   </div>
   <div class='ocr_carea' id='block_1_68' title="bbox 345 3465 1841 3553">
    <p class='ocr_par' dir='ltr' id='par_1_68' title="bbox 345 3465 1841 3553">
     <span class='ocr_line' id='line_1_70' title="bbox 345 3465 1841 3553; baseline -0.004 -13"><span class='ocrx_word' id='word_1_482' title='bbox 345 3487 647 3542; x_wconf 68' lang='lat' dir='ltr'><strong>llat&#39;silatio</strong></span> <span class='ocrx_word' id='word_1_483' title='bbox 697 3498 914 3553; x_wconf 90' lang='lat' dir='ltr'><strong>quoque</strong></span> <span class='ocrx_word' id='word_1_484' title='bbox 948 3482 1033 3536; x_wconf 85' lang='lat' dir='ltr'><strong>illa</strong></span> <span class='ocrx_word' id='word_1_485' title='bbox 1092 3481 1350 3553; x_wconf 85' lang='lat' dir='ltr'><strong>Origenis,</strong></span> <span class='ocrx_word' id='word_1_486' title='bbox 1391 3498 1495 3550; x_wconf 87' lang='lat' dir='ltr'><strong>qua</strong></span> <span class='ocrx_word' id='word_1_487' title='bbox 1542 3465 1748 3536; x_wconf 75' lang='lat' dir='ltr'><strong>dubitat</strong></span> <span class='ocrx_word' id='word_1_488' title='bbox 1776 3498 1841 3535; x_wconf 91' lang='lat' dir='ltr'><strong>an</strong></span> 
     </span>
    </p>
   </div>
   <div class='ocr_carea' id='block_1_69' title="bbox 233 3552 1844 3647">
    <p class='ocr_par' dir='ltr' id='par_1_69' title="bbox 233 3552 1844 3647">
     <span class='ocr_line' id='line_1_71' title="bbox 233 3552 1844 3647; baseline -0.006 -15"><span class='ocrx_word' id='word_1_489' title='bbox 233 3589 483 3647; x_wconf 65' lang='lat' dir='ltr'><strong>.praeter</strong></span> <span class='ocrx_word' id='word_1_490' title='bbox 509 3589 722 3642; x_wconf 82' lang='lat' dir='ltr'><strong>corpus</strong></span> <span class='ocrx_word' id='word_1_491' title='bbox 751 3552 985 3628; x_wconf 83' lang='lat' dir='ltr'><strong>animam</strong></span> <span class='ocrx_word' id='word_1_492' title='bbox 1011 3585 1218 3640; x_wconf 85' lang='lat' dir='ltr'><strong>quoque</strong></span> <span class='ocrx_word' id='word_1_493' title='bbox 1240 3552 1437 3640; x_wconf 73' lang='lat' dir='ltr'><strong>angelis</strong></span> <span class='ocrx_word' id='word_1_494' title='bbox 1465 3571 1721 3639; x_wconf 89' lang='lat' dir='ltr'><strong>assignet,</strong></span> <span class='ocrx_word' id='word_1_495' title='bbox 1753 3572 1844 3624; x_wconf 87' lang='lat' dir='ltr'><strong>de-</strong></span> 
     </span>
    </p>
   </div>
   <div class='ocr_carea' id='block_1_70' title="bbox 258 3658 1841 3724">
    <p class='ocr_par' dir='ltr' id='par_1_70' title="bbox 258 3658 1841 3724">
     <span class='ocr_line' id='line_1_72' title="bbox 258 3658 1841 3724; baseline -0.007 0"><span class='ocrx_word' id='word_1_496' title='bbox 258 3669 528 3724; x_wconf 70' lang='lat' dir='ltr'><strong>fenditur</strong></span> <span class='ocrx_word' id='word_1_497' title='bbox 563 3664 897 3718; x_wconf 82' lang='lat' dir='ltr'><strong>auctoritate</strong></span> <span class='ocrx_word' id='word_1_498' title='bbox 924 3658 1194 3714; x_wconf 90' lang='lat' dir='ltr'><strong>Claudiani</strong></span> <span class='ocrx_word' id='word_1_499' title='bbox 1234 3659 1471 3712; x_wconf 84' lang='lat' dir='ltr'><strong>Mamerti</strong></span> <span class='ocrx_word' id='word_1_500' title='bbox 1507 3659 1841 3723; x_wconf 84' lang='lat' dir='ltr'><strong>Viennensis,</strong></span> 
     </span>
    </p>
   </div>
   <div class='ocr_carea' id='block_1_71' title="bbox 253 3748 1843 3828">
    <p class='ocr_par' dir='ltr' id='par_1_71' title="bbox 253 3748 1843 3828">
     <span class='ocr_line' id='line_1_73' title="bbox 253 3748 1843 3828; baseline -0.009 -12"><span class='ocrx_word' id='word_1_501' title='bbox 253 3771 323 3816; x_wconf 85' lang='lat' dir='ltr'><strong>et</strong></span> <span class='ocrx_word' id='word_1_502' title='bbox 352 3757 665 3828; x_wconf 85' lang='lat' dir='ltr'><strong>Fulgentii,</strong></span> <span class='ocrx_word' id='word_1_503' title='bbox 705 3767 928 3820; x_wconf 88' lang='lat' dir='ltr'><strong>quorum</strong></span> <span class='ocrx_word' id='word_1_504' title='bbox 961 3750 1046 3804; x_wconf 92' lang='lat' dir='ltr'><strong>ille</strong></span> <span class='ocrx_word' id='word_1_505' title='bbox 1074 3748 1382 3816; x_wconf 89' lang='lat' dir='ltr'><strong>pronuntiat</strong></span> <span class='ocrx_word' id='word_1_506' title='bbox 1421 3767 1440 3798; x_wconf 75' lang='grc' dir='ltr'><strong>ι</strong></span> <span class='ocrx_word' id='word_1_507' title='bbox 1476 3757 1720 3802; x_wconf 83' lang='lat' dir='ltr'><strong>constare</strong></span> <span class='ocrx_word' id='word_1_508' title='bbox 1746 3764 1843 3802; x_wconf 90' lang='lat' dir='ltr'><strong>an-</strong></span> 
     </span>
    </p>
   </div>
   <div class='ocr_carea' id='block_1_72' title="bbox 255 3837 1844 3916">
    <p class='ocr_par' dir='ltr' id='par_1_72' title="bbox 255 3837 1844 3916">
     <span class='ocr_line' id='line_1_74' title="bbox 255 3837 1844 3916; baseline -0.008 -14"><span class='ocrx_word' id='word_1_509' title='bbox 255 3847 460 3916; x_wconf 78' lang='lat' dir='ltr'><strong>gelum</strong></span> <span class='ocrx_word' id='word_1_510' title='bbox 487 3861 556 3899; x_wconf 77' lang='lat' dir='ltr'><strong>ex</strong></span> <span class='ocrx_word' id='word_1_511' title='bbox 589 3856 824 3912; x_wconf 89' lang='lat' dir='ltr'><strong>corpore</strong></span> <span class='ocrx_word' id='word_1_512' title='bbox 845 3850 900 3894; x_wconf 90' lang='lat' dir='ltr'><strong>et</strong></span> <span class='ocrx_word' id='word_1_513' title='bbox 923 3839 1110 3908; x_wconf 88' lang='lat' dir='ltr'><strong>spiritu</strong></span> <span class='ocrx_word' id='word_1_514' title='bbox 1139 3837 1400 3906; x_wconf 65' lang='lat' dir='ltr'><strong>prmeipua</strong></span> <span class='ocrx_word' id='word_1_515' title='bbox 1421 3837 1555 3890; x_wconf 88' lang='lat' dir='ltr'><strong>inter</strong></span> <span class='ocrx_word' id='word_1_516' title='bbox 1575 3844 1844 3890; x_wconf 86' lang='lat' dir='ltr'><strong>creaturas</strong></span> 
     </span>
    </p>
   </div>
   <div class='ocr_carea' id='block_1_73' title="bbox 258 3925 1844 4007">
    <p class='ocr_par' dir='ltr' id='par_1_73' title="bbox 258 3925 1844 4007">
     <span class='ocr_line' id='line_1_75' title="bbox 258 3925 1844 4007; baseline -0.008 -17"><span class='ocrx_word' id='word_1_517' title='bbox 258 3939 555 4007; x_wconf 77' lang='lat' dir='ltr'><strong>dignitate</strong></span> <span class='ocrx_word' id='word_1_518' title='bbox 591 3934 862 3996; x_wconf 80' lang='lat' dir='ltr'><strong>formato;</strong></span> <span class='ocrx_word' id='word_1_519' title='bbox 911 3950 929 3982; x_wconf 69' lang='grc' dir='ltr'><strong>ι</strong></span> <span class='ocrx_word' id='word_1_520' title='bbox 967 3928 1124 3998; x_wconf 87' lang='lat' dir='ltr'><strong>hujus</strong></span> <span class='ocrx_word' id='word_1_521' title='bbox 1151 3941 1276 3980; x_wconf 89' lang='lat' dir='ltr'><strong>vero</strong></span> <span class='ocrx_word' id='word_1_522' title='bbox 1311 3926 1471 3979; x_wconf 88' lang='lat' dir='ltr'><strong>verba</strong></span> <span class='ocrx_word' id='word_1_523' title='bbox 1501 3925 1612 3980; x_wconf 71' lang='lat' dir='ltr'><strong>haec</strong></span> <span class='ocrx_word' id='word_1_524' title='bbox 1648 3935 1770 3979; x_wconf 90' lang='lat' dir='ltr'><strong>sunt</strong></span> <span class='ocrx_word' id='word_1_525' title='bbox 1793 3926 1844 3979; x_wconf 93' lang='lat' dir='ltr'><strong>in</strong></span> 
     </span>
    </p>
   </div>
   <div class='ocr_carea' id='block_1_74' title="bbox 257 4013 1846 4084">
    <p class='ocr_par' dir='ltr' id='par_1_74' title="bbox 257 4013 1846 4084">
     <span class='ocr_line' id='line_1_76' title="bbox 257 4013 1846 4084; baseline -0.01 -4"><span class='ocrx_word' id='word_1_526' title='bbox 257 4027 420 4081; x_wconf 86' lang='lat' dir='ltr'><strong>libro</strong></span> <span class='ocrx_word' id='word_1_527' title='bbox 461 4026 542 4078; x_wconf 79' lang='lat' dir='ltr'><strong>De</strong></span> <span class='ocrx_word' id='word_1_528' title='bbox 595 4023 858 4078; x_wconf 84' lang='lat' dir='ltr'><strong>Trinilale</strong></span> <span class='ocrx_word' id='word_1_529' title='bbox 887 4035 905 4072; x_wconf 91' lang='lat'><strong><em>:</em></strong></span> <span class='ocrx_word' id='word_1_530' title='bbox 935 4037 954 4071; x_wconf 77' lang='grc' dir='ltr'><strong>ι</strong></span> <span class='ocrx_word' id='word_1_531' title='bbox 987 4019 1154 4074; x_wconf 89' lang='lat' dir='ltr'><strong>Plane</strong></span> <span class='ocrx_word' id='word_1_532' title='bbox 1193 4031 1256 4070; x_wconf 78' lang='lat' dir='ltr'><strong>ex</strong></span> <span class='ocrx_word' id='word_1_533' title='bbox 1298 4015 1488 4084; x_wconf 89' lang='lat' dir='ltr'><strong>duplici</strong></span> <span class='ocrx_word' id='word_1_534' title='bbox 1521 4028 1613 4068; x_wconf 90' lang='lat' dir='ltr'><strong>eos</strong></span> <span class='ocrx_word' id='word_1_535' title='bbox 1653 4013 1846 4084; x_wconf 82' lang='lat' dir='ltr'><strong>(ange-</strong></span> 
     </span>
    </p>
   </div>
   <div class='ocr_carea' id='block_1_75' title="bbox 258 4105 1848 4188">
    <p class='ocr_par' dir='ltr' id='par_1_75' title="bbox 258 4105 1848 4188">
     <span class='ocr_line' id='line_1_77' title="bbox 258 4105 1848 4188; baseline -0.007 -18"><span class='ocrx_word' id='word_1_536' title='bbox 258 4116 386 4188; x_wconf 58' lang='lat' dir='ltr'><strong>los)</strong></span> <span class='ocrx_word' id='word_1_537' title='bbox 418 4131 550 4174; x_wconf 87' lang='lat' dir='ltr'><strong>esse</strong></span> <span class='ocrx_word' id='word_1_538' title='bbox 587 4113 890 4169; x_wconf 85' lang='lat' dir='ltr'><strong>substantia</strong></span> <span class='ocrx_word' id='word_1_539' title='bbox 919 4115 1164 4166; x_wconf 87' lang='lat' dir='ltr'><strong>asserunt</strong></span> <span class='ocrx_word' id='word_1_540' title='bbox 1193 4107 1367 4174; x_wconf 85' lang='lat' dir='ltr'><strong>magni</strong></span> <span class='ocrx_word' id='word_1_541' title='bbox 1401 4113 1454 4158; x_wconf 90' lang='lat' dir='ltr'><strong>et</strong></span> <span class='ocrx_word' id='word_1_542' title='bbox 1477 4105 1616 4159; x_wconf 92' lang='lat' dir='ltr'><strong>docti</strong></span> <span class='ocrx_word' id='word_1_543' title='bbox 1645 4106 1764 4162; x_wconf 91' lang='lat' dir='ltr'><strong>viri.</strong></span> <span class='ocrx_word' id='word_1_544' title='bbox 1795 4105 1848 4159; x_wconf 89' lang='lat' dir='ltr'><strong>id</strong></span> 
     </span>
    </p>
   </div>
   <div class='ocr_carea' id='block_1_76' title="bbox 254 4197 1849 4273">
    <p class='ocr_par' dir='ltr' id='par_1_76' title="bbox 254 4197 1849 4273">
     <span class='ocr_line' id='line_1_78' title="bbox 254 4197 1849 4273; baseline -0.007 -11"><span class='ocrx_word' id='word_1_545' title='bbox 254 4218 367 4261; x_wconf 78' lang='lat' dir='ltr'><strong>est</strong></span> <span class='ocrx_word' id='word_1_546' title='bbox 392 4223 459 4261; x_wconf 81' lang='lat' dir='ltr'><strong>ex</strong></span> <span class='ocrx_word' id='word_1_547' title='bbox 491 4206 694 4273; x_wconf 85' lang='lat' dir='ltr'><strong>spiritu</strong></span> <span class='ocrx_word' id='word_1_548' title='bbox 732 4205 1066 4270; x_wconf 89' lang='lat' dir='ltr'><strong>incorporeo,</strong></span> <span class='ocrx_word' id='word_1_549' title='bbox 1090 4213 1196 4268; x_wconf 90' lang='lat' dir='ltr'><strong>quo</strong></span> <span class='ocrx_word' id='word_1_550' title='bbox 1228 4213 1256 4250; x_wconf 89' lang='lat' dir='ltr'><strong>a</strong></span> <span class='ocrx_word' id='word_1_551' title='bbox 1280 4197 1372 4250; x_wconf 91' lang='lat' dir='ltr'><strong>Dei</strong></span> <span class='ocrx_word' id='word_1_552' title='bbox 1402 4197 1849 4265; x_wconf 87' lang='lat' dir='ltr'><strong>contemplatione</strong></span> 
     </span>
    </p>
   </div>
   <div class='ocr_carea' id='block_1_77' title="bbox 257 4290 1851 4365">
    <p class='ocr_par' dir='ltr' id='par_1_77' title="bbox 257 4290 1851 4365">
     <span class='ocr_line' id='line_1_79' title="bbox 257 4290 1851 4365; baseline -0.006 -14"><span class='ocrx_word' id='word_1_553' title='bbox 257 4312 572 4365; x_wconf 83' lang='lat' dir='ltr'><strong>nunquam</strong></span> <span class='ocrx_word' id='word_1_554' title='bbox 606 4294 867 4348; x_wconf 88' lang='lat' dir='ltr'><strong>recedunt</strong></span> <span class='ocrx_word' id='word_1_555' title='bbox 885 4309 899 4345; x_wconf 93' lang='lat'><strong>:</strong></span> <span class='ocrx_word' id='word_1_556' title='bbox 917 4299 972 4346; x_wconf 88' lang='lat' dir='ltr'><strong>et</strong></span> <span class='ocrx_word' id='word_1_557' title='bbox 1002 4303 1064 4345; x_wconf 74' lang='lat' dir='ltr'><strong>ex</strong></span> <span class='ocrx_word' id='word_1_558' title='bbox 1089 4303 1332 4356; x_wconf 90' lang='lat' dir='ltr'><strong>corpore,</strong></span> <span class='ocrx_word' id='word_1_559' title='bbox 1351 4303 1445 4357; x_wconf 90' lang='lat' dir='ltr'><strong>per</strong></span> <span class='ocrx_word' id='word_1_560' title='bbox 1467 4290 1606 4356; x_wconf 88' lang='lat' dir='ltr'><strong>quod</strong></span> <span class='ocrx_word' id='word_1_561' title='bbox 1635 4301 1699 4341; x_wconf 79' lang='lat' dir='ltr'><strong>ex</strong></span> <span class='ocrx_word' id='word_1_562' title='bbox 1723 4298 1851 4342; x_wconf 82' lang='lat' dir='ltr'><strong>tem-</strong></span> 
     </span>
    </p>
   </div>
   <div class='ocr_carea' id='block_1_78' title="bbox 251 4379 1848 4453">
    <p class='ocr_par' dir='ltr' id='par_1_78' title="bbox 251 4379 1848 4453">
     <span class='ocr_line' id='line_1_80' title="bbox 251 4379 1848 4453; baseline -0.003 -14"><span class='ocrx_word' id='word_1_563' title='bbox 251 4402 412 4453; x_wconf 79' lang='lat' dir='ltr'><strong>pore</strong></span> <span class='ocrx_word' id='word_1_564' title='bbox 451 4385 778 4440; x_wconf 84' lang='lat' dir='ltr'><strong>hominibus</strong></span> <span class='ocrx_word' id='word_1_565' title='bbox 805 4388 1082 4452; x_wconf 71' lang='lat' dir='ltr'><strong>appareant.</strong></span> <span class='ocrx_word' id='word_1_566' title='bbox 1113 4399 1132 4432; x_wconf 75' lang='grc' dir='ltr'><strong>ι</strong></span> <span class='ocrx_word' id='word_1_567' title='bbox 1170 4379 1237 4434; x_wconf 81' lang='lat' dir='ltr'><strong>At</strong></span> <span class='ocrx_word' id='word_1_568' title='bbox 1265 4381 1585 4447; x_wconf 84' lang='lat' dir='ltr'><strong>Augustinus</strong></span> <span class='ocrx_word' id='word_1_569' title='bbox 1603 4381 1848 4448; x_wconf 72' lang='lat' dir='ltr'><strong>przeditos</strong></span> 
     </span>
    </p>
   </div>
   <div class='ocr_carea' id='block_1_79' title="bbox 257 4469 1849 4544">
    <p class='ocr_par' dir='ltr' id='par_1_79' title="bbox 257 4469 1849 4544">
     <span class='ocr_line' id='line_1_81' title="bbox 257 4469 1849 4544; baseline -0.006 -13"><span class='ocrx_word' id='word_1_570' title='bbox 257 4478 490 4531; x_wconf 81' lang='lat' dir='ltr'><strong>animis</strong></span> <span class='ocrx_word' id='word_1_571' title='bbox 525 4475 753 4544; x_wconf 85' lang='lat' dir='ltr'><strong>angelos</strong></span> <span class='ocrx_word' id='word_1_572' title='bbox 777 4487 897 4528; x_wconf 87' lang='lat' dir='ltr'><strong>esse</strong></span> <span class='ocrx_word' id='word_1_573' title='bbox 920 4478 1095 4539; x_wconf 88' lang='lat' dir='ltr'><strong>negat,</strong></span> <span class='ocrx_word' id='word_1_574' title='bbox 1117 4477 1171 4524; x_wconf 90' lang='lat' dir='ltr'><strong>et</strong></span> <span class='ocrx_word' id='word_1_575' title='bbox 1199 4479 1316 4538; x_wconf 89' lang='lat' dir='ltr'><strong>post</strong></span> <span class='ocrx_word' id='word_1_576' title='bbox 1335 4469 1682 4536; x_wconf 80' lang='lat' dir='ltr'><strong>Augustinum</strong></span> <span class='ocrx_word' id='word_1_577' title='bbox 1712 4469 1849 4523; x_wconf 82' lang='lat' dir='ltr'><strong>Fau-</strong></span> 
     </span>
    </p>
   </div>
   <div class='ocr_carea' id='block_1_80' title="bbox 252 4559 1843 4631">
    <p class='ocr_par' dir='ltr' id='par_1_80' title="bbox 252 4559 1843 4631">
     <span class='ocr_line' id='line_1_82' title="bbox 252 4559 1843 4631; baseline -0.007 -8"><span class='ocrx_word' id='word_1_578' title='bbox 252 4577 397 4623; x_wconf 81' lang='lat' dir='ltr'><strong>stus</strong></span> <span class='ocrx_word' id='word_1_579' title='bbox 425 4565 714 4625; x_wconf 77' lang='lat' dir='ltr'><strong>Reiensis,</strong></span> <span class='ocrx_word' id='word_1_580' title='bbox 739 4563 830 4631; x_wconf 90' lang='lat' dir='ltr'><strong>qui</strong></span> <span class='ocrx_word' id='word_1_581' title='bbox 863 4563 962 4616; x_wconf 89' lang='lat' dir='ltr'><strong>hac</strong></span> <span class='ocrx_word' id='word_1_582' title='bbox 999 4561 1205 4614; x_wconf 88' lang='lat' dir='ltr'><strong>ratione</strong></span> <span class='ocrx_word' id='word_1_583' title='bbox 1236 4560 1637 4628; x_wconf 85' lang='lat' dir='ltr'><strong>reprehenditur</strong></span> <span class='ocrx_word' id='word_1_584' title='bbox 1668 4575 1696 4613; x_wconf 91' lang='lat' dir='ltr'><strong>a</strong></span> <span class='ocrx_word' id='word_1_585' title='bbox 1734 4559 1843 4613; x_wconf 81' lang='lat' dir='ltr'><strong>Ma—</strong></span> 
     </span>
    </p>
   </div>
   <div class='ocr_carea' id='block_1_81' title="bbox 251 4651 1844 4722">
    <p class='ocr_par' dir='ltr' id='par_1_81' title="bbox 251 4651 1844 4722">
     <span class='ocr_line' id='line_1_83' title="bbox 251 4651 1844 4722; baseline -0.005 -10"><span class='ocrx_word' id='word_1_586' title='bbox 251 4668 462 4712; x_wconf 80' lang='lat' dir='ltr'><strong>merto</strong></span> <span class='ocrx_word' id='word_1_587' title='bbox 497 4655 816 4714; x_wconf 87' lang='lat' dir='ltr'><strong>Viennensi.</strong></span> <span class='ocrx_word' id='word_1_588' title='bbox 833 4653 973 4722; x_wconf 89' lang='lat' dir='ltr'><strong>quod</strong></span> <span class='ocrx_word' id='word_1_589' title='bbox 998 4665 1192 4720; x_wconf 88' lang='lat' dir='ltr'><strong>corpus</strong></span> <span class='ocrx_word' id='word_1_590' title='bbox 1212 4661 1401 4718; x_wconf 88' lang='lat' dir='ltr'><strong>sponte</strong></span> <span class='ocrx_word' id='word_1_591' title='bbox 1428 4664 1522 4704; x_wconf 82' lang='lat' dir='ltr'><strong>sua</strong></span> <span class='ocrx_word' id='word_1_592' title='bbox 1543 4651 1717 4706; x_wconf 76' lang='lat' dir='ltr'><strong>virere</strong></span> <span class='ocrx_word' id='word_1_593' title='bbox 1741 4667 1844 4704; x_wconf 88' lang='lat' dir='ltr'><strong>non</strong></span> 
     </span>
    </p>
   </div>
   <div class='ocr_carea' id='block_1_82' title="bbox 247 4740 1843 4817">
    <p class='ocr_par' dir='ltr' id='par_1_82' title="bbox 247 4740 1843 4817">
     <span class='ocr_line' id='line_1_84' title="bbox 247 4740 1843 4817; baseline -0.007 -14"><span class='ocrx_word' id='word_1_594' title='bbox 247 4749 480 4817; x_wconf 82' lang='lat' dir='ltr'><strong>possit,</strong></span> <span class='ocrx_word' id='word_1_595' title='bbox 523 4744 633 4799; x_wconf 92' lang='lat' dir='ltr'><strong>nisi</strong></span> <span class='ocrx_word' id='word_1_596' title='bbox 690 4743 838 4796; x_wconf 87' lang='lat' dir='ltr'><strong>vitali</strong></span> <span class='ocrx_word' id='word_1_597' title='bbox 888 4743 1076 4811; x_wconf 89' lang='lat' dir='ltr'><strong>spiritu</strong></span> <span class='ocrx_word' id='word_1_598' title='bbox 1106 4740 1170 4794; x_wconf 92' lang='lat' dir='ltr'><strong>ad</strong></span> <span class='ocrx_word' id='word_1_599' title='bbox 1216 4741 1378 4793; x_wconf 90' lang='lat' dir='ltr'><strong>vitam</strong></span> <span class='ocrx_word' id='word_1_600' title='bbox 1425 4743 1703 4794; x_wconf 70' lang='lat' dir='ltr'><strong>excitetur.</strong></span> <span class='ocrx_word' id='word_1_601' title='bbox 1741 4743 1843 4794; x_wconf 83' lang='lat' dir='ltr'><strong>Sed</strong></span> 
     </span>
    </p>
   </div>
   <div class='ocr_carea' id='block_1_83' title="bbox 253 4827 1843 4892">
    <p class='ocr_par' dir='ltr' id='par_1_83' title="bbox 253 4827 1843 4892">
     <span class='ocr_line' id='line_1_85' title="bbox 253 4827 1843 4892; baseline -0.006 0"><span class='ocrx_word' id='word_1_602' title='bbox 253 4827 620 4892; x_wconf 72' lang='lat' dir='ltr'><strong>Mantertum</strong></span> <span class='ocrx_word' id='word_1_603' title='bbox 652 4849 749 4888; x_wconf 90' lang='lat' dir='ltr'><strong>sua</strong></span> <span class='ocrx_word' id='word_1_604' title='bbox 787 4833 994 4887; x_wconf 87' lang='lat' dir='ltr'><strong>videtur</strong></span> <span class='ocrx_word' id='word_1_605' title='bbox 1023 4831 1270 4886; x_wconf 83' lang='lat' dir='ltr'><strong>fefellisse</strong></span> <span class='ocrx_word' id='word_1_606' title='bbox 1293 4831 1452 4892; x_wconf 90' lang='lat' dir='ltr'><strong>ratio,</strong></span> <span class='ocrx_word' id='word_1_607' title='bbox 1480 4845 1599 4882; x_wconf 90' lang='lat' dir='ltr'><strong>nam</strong></span> <span class='ocrx_word' id='word_1_608' title='bbox 1635 4830 1843 4884; x_wconf 90' lang='lat' dir='ltr'><strong>vitalem</strong></span> 
     </span>
    </p>
   </div>
   <div class='ocr_carea' id='block_1_84' title="bbox 251 4918 1846 4996">
    <p class='ocr_par' dir='ltr' id='par_1_84' title="bbox 251 4918 1846 4996">
     <span class='ocr_line' id='line_1_86' title="bbox 251 4918 1846 4996; baseline -0.007 -14"><span class='ocrx_word' id='word_1_609' title='bbox 251 4930 469 4996; x_wconf 86' lang='lat' dir='ltr'><strong>ipsum</strong></span> <span class='ocrx_word' id='word_1_610' title='bbox 500 4925 757 4993; x_wconf 86' lang='lat' dir='ltr'><strong>spiritum</strong></span> <span class='ocrx_word' id='word_1_611' title='bbox 783 4922 866 4978; x_wconf 88' lang='lat' dir='ltr'><strong>vel</strong></span> <span class='ocrx_word' id='word_1_612' title='bbox 898 4924 1263 4990; x_wconf 90' lang='lat' dir='ltr'><strong>incorporeum</strong></span> <span class='ocrx_word' id='word_1_613' title='bbox 1295 4933 1411 4973; x_wconf 85' lang='lat' dir='ltr'><strong>esse</strong></span> <span class='ocrx_word' id='word_1_614' title='bbox 1432 4920 1589 4982; x_wconf 90' lang='lat' dir='ltr'><strong>dicet,</strong></span> <span class='ocrx_word' id='word_1_615' title='bbox 1619 4918 1699 4974; x_wconf 91' lang='lat' dir='ltr'><strong>vel</strong></span> <span class='ocrx_word' id='word_1_616' title='bbox 1728 4934 1846 4972; x_wconf 90' lang='lat' dir='ltr'><strong>cor-</strong></span> 
     </span>
    </p>
   </div>
   <div class='ocr_carea' id='block_1_85' title="bbox 254 5007 1844 5085">
    <p class='ocr_par' dir='ltr' id='par_1_85' title="bbox 254 5007 1844 5085">
     <span class='ocr_line' id='line_1_87' title="bbox 254 5007 1844 5085; baseline -0.008 -15"><span class='ocrx_word' id='word_1_617' title='bbox 254 5029 527 5085; x_wconf 83' lang='lat' dir='ltr'><strong>poreum</strong></span> <span class='ocrx_word' id='word_1_618' title='bbox 550 5012 632 5077; x_wconf 84' lang='lat' dir='ltr'><strong>;si</strong></span> <span class='ocrx_word' id='word_1_619' title='bbox 657 5011 1030 5078; x_wconf 90' lang='lat' dir='ltr'><strong>incorporeum</strong></span> <span class='ocrx_word' id='word_1_620' title='bbox 1053 5023 1171 5063; x_wconf 87' lang='lat' dir='ltr'><strong>esse</strong></span> <span class='ocrx_word' id='word_1_621' title='bbox 1199 5007 1527 5074; x_wconf 87' lang='lat' dir='ltr'><strong>velit,quare</strong></span> <span class='ocrx_word' id='word_1_622' title='bbox 1547 5021 1650 5060; x_wconf 93' lang='lat' dir='ltr'><strong>non</strong></span> <span class='ocrx_word' id='word_1_623' title='bbox 1685 5016 1844 5060; x_wconf 86' lang='lat' dir='ltr'><strong>totam</strong></span> 
     </span>
    </p>
   </div>
   <div class='ocr_carea' id='block_1_86' title="bbox 249 5098 1844 5170">
    <p class='ocr_par' dir='ltr' id='par_1_86' title="bbox 249 5098 1844 5170">
     <span class='ocr_line' id='line_1_88' title="bbox 249 5098 1844 5170; baseline -0.004 -10"><span class='ocrx_word' id='word_1_624' title='bbox 249 5105 482 5160; x_wconf 84' lang='lat' dir='ltr'><strong>itidem</strong></span> <span class='ocrx_word' id='word_1_625' title='bbox 533 5100 716 5170; x_wconf 84' lang='lat' dir='ltr'><strong>angeli</strong></span> <span class='ocrx_word' id='word_1_626' title='bbox 774 5109 1018 5154; x_wconf 85' lang='lat' dir='ltr'><strong>naturam</strong></span> <span class='ocrx_word' id='word_1_627' title='bbox 1068 5114 1163 5169; x_wconf 91' lang='lat' dir='ltr'><strong>pro</strong></span> <span class='ocrx_word' id='word_1_628' title='bbox 1217 5100 1522 5166; x_wconf 89' lang='lat' dir='ltr'><strong>incorporea</strong></span> <span class='ocrx_word' id='word_1_629' title='bbox 1578 5098 1844 5161; x_wconf 86' lang='lat' dir='ltr'><strong>admittat,</strong></span> 
     </span>
    </p>
   </div>
   <div class='ocr_carea' id='block_1_87' title="bbox 245 5186 1844 5257">
    <p class='ocr_par' dir='ltr' id='par_1_87' title="bbox 245 5186 1844 5257">
     <span class='ocr_line' id='line_1_89' title="bbox 245 5186 1844 5257; baseline -0.006 -7"><span class='ocrx_word' id='word_1_630' title='bbox 245 5209 452 5250; x_wconf 79' lang='lat' dir='ltr'><strong>causa</strong></span> <span class='ocrx_word' id='word_1_631' title='bbox 499 5206 612 5248; x_wconf 88' lang='lat' dir='ltr'><strong>non</strong></span> <span class='ocrx_word' id='word_1_632' title='bbox 645 5200 763 5253; x_wconf 87' lang='lat' dir='ltr'><strong>est;</strong></span> <span class='ocrx_word' id='word_1_633' title='bbox 791 5190 836 5244; x_wconf 89' lang='lat' dir='ltr'><strong>si</strong></span> <span class='ocrx_word' id='word_1_634' title='bbox 879 5203 1214 5257; x_wconf 90' lang='lat' dir='ltr'><strong>corporeum,</strong></span> <span class='ocrx_word' id='word_1_635' title='bbox 1241 5196 1295 5242; x_wconf 88' lang='lat' dir='ltr'><strong>at</strong></span> <span class='ocrx_word' id='word_1_636' title='bbox 1324 5186 1520 5242; x_wconf 90' lang='lat' dir='ltr'><strong>nullum</strong></span> <span class='ocrx_word' id='word_1_637' title='bbox 1559 5201 1748 5253; x_wconf 83' lang='lat' dir='ltr'><strong>corpus</strong></span> <span class='ocrx_word' id='word_1_638' title='bbox 1780 5204 1844 5241; x_wconf 79' lang='lat' dir='ltr'><strong>ex</strong></span> 
     </span>
    </p>
   </div>
   <div class='ocr_carea' id='block_1_88' title="bbox 244 5279 1847 5352">
    <p class='ocr_par' dir='ltr' id='par_1_88' title="bbox 244 5279 1847 5352">
     <span class='ocr_line' id='line_1_90' title="bbox 244 5279 1847 5352; baseline -0.004 -15"><span class='ocrx_word' id='word_1_639' title='bbox 244 5283 402 5352; x_wconf 84' lang='lat' dir='ltr'><strong>ejus</strong></span> <span class='ocrx_word' id='word_1_640' title='bbox 464 5281 744 5338; x_wconf 86' lang='lat' dir='ltr'><strong>sententia</strong></span> <span class='ocrx_word' id='word_1_641' title='bbox 793 5289 980 5348; x_wconf 83' lang='lat' dir='ltr'><strong>sponte</strong></span> <span class='ocrx_word' id='word_1_642' title='bbox 1026 5294 1120 5334; x_wconf 89' lang='lat' dir='ltr'><strong>sua</strong></span> <span class='ocrx_word' id='word_1_643' title='bbox 1156 5280 1334 5333; x_wconf 83' lang='lat' dir='ltr'><strong>vivere</strong></span> <span class='ocrx_word' id='word_1_644' title='bbox 1370 5286 1558 5344; x_wconf 87' lang='lat' dir='ltr'><strong>potest,</strong></span> <span class='ocrx_word' id='word_1_645' title='bbox 1581 5291 1707 5346; x_wconf 89' lang='lat' dir='ltr'><strong>ergo</strong></span> <span class='ocrx_word' id='word_1_646' title='bbox 1744 5279 1847 5332; x_wconf 90' lang='lat' dir='ltr'><strong>alio</strong></span> 
     </span>
    </p>
   </div>
   <div class='ocr_carea' id='block_1_89' title="bbox 247 5365 1848 5441">
    <p class='ocr_par' dir='ltr' id='par_1_89' title="bbox 247 5365 1848 5441">
     <span class='ocr_line' id='line_1_91' title="bbox 247 5365 1848 5441; baseline -0.006 -14"><span class='ocrx_word' id='word_1_647' title='bbox 247 5374 492 5441; x_wconf 74' lang='lat' dir='ltr'><strong>spiritu</strong></span> <span class='ocrx_word' id='word_1_648' title='bbox 531 5369 809 5423; x_wconf 81' lang='lat' dir='ltr'><strong>excitante</strong></span> <span class='ocrx_word' id='word_1_649' title='bbox 831 5370 1066 5422; x_wconf 85' lang='lat' dir='ltr'><strong>vivescat</strong></span> <span class='ocrx_word' id='word_1_650' title='bbox 1091 5380 1310 5421; x_wconf 86' lang='lat' dir='ltr'><strong>necesse</strong></span> <span class='ocrx_word' id='word_1_651' title='bbox 1338 5373 1436 5419; x_wconf 87' lang='lat' dir='ltr'><strong>est.</strong></span> <span class='ocrx_word' id='word_1_652' title='bbox 1471 5365 1664 5418; x_wconf 86' lang='lat' dir='ltr'><strong>Eadem</strong></span> <span class='ocrx_word' id='word_1_653' title='bbox 1691 5381 1848 5434; x_wconf 89' lang='lat' dir='ltr'><strong>porro</strong></span> 
     </span>
    </p>
   </div>
   <div class='ocr_carea' id='block_1_90' title="bbox 242 5454 1848 5526">
    <p class='ocr_par' dir='ltr' id='par_1_90' title="bbox 242 5454 1848 5526">
     <span class='ocr_line' id='line_1_92' title="bbox 242 5454 1848 5526; baseline -0.003 -11"><span class='ocrx_word' id='word_1_654' title='bbox 242 5462 346 5515; x_wconf 78' lang='lat' dir='ltr'><strong>de</strong></span> <span class='ocrx_word' id='word_1_655' title='bbox 384 5459 565 5515; x_wconf 88' lang='lat' dir='ltr'><strong>tertio</strong></span> <span class='ocrx_word' id='word_1_656' title='bbox 599 5458 690 5512; x_wconf 94' lang='lat' dir='ltr'><strong>illo</strong></span> <span class='ocrx_word' id='word_1_657' title='bbox 726 5459 948 5524; x_wconf 90' lang='lat' dir='ltr'><strong>spiritu,</strong></span> <span class='ocrx_word' id='word_1_658' title='bbox 986 5466 1142 5526; x_wconf 88' lang='lat' dir='ltr'><strong>atque</strong></span> <span class='ocrx_word' id='word_1_659' title='bbox 1173 5457 1306 5509; x_wconf 89' lang='lat' dir='ltr'><strong>idem</strong></span> <span class='ocrx_word' id='word_1_660' title='bbox 1338 5454 1402 5508; x_wconf 89' lang='lat' dir='ltr'><strong>de</strong></span> <span class='ocrx_word' id='word_1_661' title='bbox 1441 5463 1663 5521; x_wconf 89' lang='lat' dir='ltr'><strong>quarto,</strong></span> <span class='ocrx_word' id='word_1_662' title='bbox 1695 5466 1748 5508; x_wconf 90' lang='lat' dir='ltr'><strong>et</strong></span> <span class='ocrx_word' id='word_1_663' title='bbox 1772 5456 1848 5510; x_wconf 82' lang='lat' dir='ltr'><strong>sic</strong></span> 
     </span>
    </p>
   </div>
   <div class='ocr_carea' id='block_1_91' title="bbox 243 5546 1244 5614">
    <p class='ocr_par' dir='ltr' id='par_1_91' title="bbox 243 5546 1244 5614">
     <span class='ocr_line' id='line_1_93' title="bbox 243 5546 1244 5614; baseline -0.009 -8"><span class='ocrx_word' id='word_1_664' title='bbox 243 5551 325 5606; x_wconf 85' lang='lat' dir='ltr'><strong>in</strong></span> <span class='ocrx_word' id='word_1_665' title='bbox 367 5548 657 5606; x_wconf 76' lang='lat' dir='ltr'><strong>infinitum</strong></span> <span class='ocrx_word' id='word_1_666' title='bbox 683 5558 979 5601; x_wconf 84' lang='lat' dir='ltr'><strong>recurreret</strong></span> <span class='ocrx_word' id='word_1_667' title='bbox 1007 5546 1244 5614; x_wconf 56' lang='lat' dir='ltr'><strong>quaestio.</strong></span> 
     </span>
    </p>
   </div>
   <div class='ocr_carea' id='block_1_92' title="bbox 349 5632 1847 5707">
    <p class='ocr_par' dir='ltr' id='par_1_92' title="bbox 349 5632 1847 5707">
     <span class='ocr_line' id='line_1_94' title="bbox 349 5632 1847 5707; baseline -0.003 -13"><span class='ocrx_word' id='word_1_668' title='bbox 349 5639 531 5707; x_wconf 79' lang='lat' dir='ltr'><strong>Quod</strong></span> <span class='ocrx_word' id='word_1_669' title='bbox 556 5637 777 5706; x_wconf 88' lang='lat' dir='ltr'><strong>angelos</strong></span> <span class='ocrx_word' id='word_1_670' title='bbox 799 5648 970 5690; x_wconf 87' lang='lat' dir='ltr'><strong>autem</strong></span> <span class='ocrx_word' id='word_1_671' title='bbox 1001 5635 1322 5690; x_wconf 89' lang='lat' dir='ltr'><strong>tenuioribus</strong></span> <span class='ocrx_word' id='word_1_672' title='bbox 1351 5632 1571 5698; x_wconf 87' lang='lat' dir='ltr'><strong>primum</strong></span> <span class='ocrx_word' id='word_1_673' title='bbox 1609 5643 1664 5687; x_wconf 94' lang='lat' dir='ltr'><strong>et</strong></span> <span class='ocrx_word' id='word_1_674' title='bbox 1686 5635 1847 5690; x_wconf 61' lang='lat' dir='ltr'><strong>aethe-</strong></span> 
     </span>
    </p>
   </div>
   <div class='ocr_carea' id='block_1_93' title="bbox 365 5812 2664 5886">
    <p class='ocr_par' dir='ltr' id='par_1_93' title="bbox 365 5812 2664 5886">
     <span class='ocr_line' id='line_1_95' title="bbox 365 5812 2664 5886; baseline -0.011 -6"><span class='ocrx_word' id='word_1_675' title='bbox 365 5824 737 5886; x_wconf 79' lang='lat' dir='ltr'><strong>“lCor.xv,</strong></span> <span class='ocrx_word' id='word_1_676' title='bbox 775 5821 858 5874; x_wconf 71' lang='grc' dir='ltr'><strong>ιο.</strong></span> <span class='ocrx_word' id='word_1_677' title='bbox 934 5822 973 5853; x_wconf 75' lang='grc' dir='ltr'><strong>ιι</strong></span> <span class='ocrx_word' id='word_1_678' title='bbox 1009 5818 1127 5874; x_wconf 86' lang='lat' dir='ltr'><strong>ibid.</strong></span> <span class='ocrx_word' id='word_1_679' title='bbox 1205 5814 1308 5867; x_wconf 79' lang='grc' dir='ltr'><strong>ιιιι</strong></span> <span class='ocrx_word' id='word_1_680' title='bbox 1365 5812 1478 5866; x_wconf 70' lang='lat' dir='ltr'><strong>Par.</strong></span> <span class='ocrx_word' id='word_1_681' title='bbox 1513 5828 1606 5876; x_wconf 79' lang='lat' dir='ltr'><strong>xx,</strong></span> <span class='ocrx_word' id='word_1_682' title='bbox 1647 5815 1738 5868; x_wconf 77' lang='lat'><strong>57.</strong></span> <span class='ocrx_word' id='word_1_683' title='bbox 1810 5816 2057 5881; x_wconf 70' lang='lat' dir='ltr'><strong>&quot;*.lon.t,</strong></span> <span class='ocrx_word' id='word_1_684' title='bbox 2099 5814 2142 5870; x_wconf 84' lang='lat' dir='ltr'><strong>t.</strong></span> <span class='ocrx_word' id='word_1_685' title='bbox 2213 5813 2403 5867; x_wconf 74' lang='lat' dir='ltr'><strong>“Cen.</strong></span> <span class='ocrx_word' id='word_1_686' title='bbox 2441 5812 2664 5877; x_wconf 51' lang='lat'><strong>“3,24,</strong></span> 
     </span>
    </p>
   </div>
   <div class='ocr_carea' id='block_1_94' title="bbox 1938 3307 3476 3391">
    <p class='ocr_par' dir='ltr' id='par_1_94' title="bbox 1938 3307 3476 3391">
     <span class='ocr_line' id='line_1_96' title="bbox 1938 3307 3476 3391; baseline -0.012 -17"><span class='ocrx_word' id='word_1_687' title='bbox 1938 3340 2096 3391; x_wconf 84' lang='lat' dir='ltr'><strong>quant</strong></span> <span class='ocrx_word' id='word_1_688' title='bbox 2144 3321 2401 3376; x_wconf 86' lang='lat' dir='ltr'><strong>ministris</strong></span> <span class='ocrx_word' id='word_1_689' title='bbox 2429 3327 2484 3372; x_wconf 93' lang='lat' dir='ltr'><strong>et</strong></span> <span class='ocrx_word' id='word_1_690' title='bbox 2522 3315 2748 3386; x_wconf 87' lang='lat' dir='ltr'><strong>angelis,</strong></span> <span class='ocrx_word' id='word_1_691' title='bbox 2789 3311 3072 3381; x_wconf 87' lang='lat' dir='ltr'><strong>aliquando</strong></span> <span class='ocrx_word' id='word_1_692' title='bbox 3095 3307 3200 3373; x_wconf 86' lang='lat' dir='ltr'><strong>uti;</strong></span> <span class='ocrx_word' id='word_1_693' title='bbox 3235 3317 3289 3359; x_wconf 91' lang='lat' dir='ltr'><strong>et</strong></span> <span class='ocrx_word' id='word_1_694' title='bbox 3318 3313 3476 3358; x_wconf 88' lang='lat' dir='ltr'><strong>vento</strong></span> 
     </span>
    </p>
   </div>
   <div class='ocr_carea' id='block_1_95' title="bbox 1939 3397 3475 3478">
    <p class='ocr_par' dir='ltr' id='par_1_95' title="bbox 1939 3397 3475 3478">
     <span class='ocr_line' id='line_1_97' title="bbox 1939 3397 3475 3478; baseline -0.012 -15"><span class='ocrx_word' id='word_1_695' title='bbox 1939 3411 2174 3478; x_wconf 88' lang='lat' dir='ltr'><strong>quidem,</strong></span> <span class='ocrx_word' id='word_1_696' title='bbox 2210 3409 2352 3463; x_wconf 88' lang='lat' dir='ltr'><strong>velut</strong></span> <span class='ocrx_word' id='word_1_697' title='bbox 2380 3422 2498 3460; x_wconf 91' lang='lat' dir='ltr'><strong>cum</strong></span> <span class='ocrx_word' id='word_1_698' title='bbox 2527 3401 2794 3471; x_wconf 82' lang='lat' dir='ltr'><strong>Josaphati</strong></span> <span class='ocrx_word' id='word_1_699' title='bbox 2819 3408 2873 3453; x_wconf 87' lang='lat' dir='ltr'><strong>et</strong></span> <span class='ocrx_word' id='word_1_700' title='bbox 2893 3397 3134 3454; x_wconf 72' lang='lat' dir='ltr'><strong>Ochosize</strong></span> <span class='ocrx_word' id='word_1_701' title='bbox 3161 3407 3322 3447; x_wconf 87' lang='lat' dir='ltr'><strong>naves</strong></span> <span class='ocrx_word' id='word_1_702' title='bbox 3345 3406 3475 3446; x_wconf 81' lang='lat' dir='ltr'><strong>con-</strong></span> 
     </span>
    </p>
   </div>
   <div class='ocr_carea' id='block_1_96' title="bbox 1944 3479 3475 3566">
    <p class='ocr_par' dir='ltr' id='par_1_96' title="bbox 1944 3479 3475 3566">
     <span class='ocr_line' id='line_1_98' title="bbox 1944 3479 3475 3566; baseline -0.015 -11"><span class='ocrx_word' id='word_1_703' title='bbox 1944 3500 2181 3566; x_wconf 79' lang='lat' dir='ltr'><strong>trivit-&quot;;</strong></span> <span class='ocrx_word' id='word_1_704' title='bbox 2227 3497 2308 3552; x_wconf 91' lang='lat' dir='ltr'><strong>vel</strong></span> <span class='ocrx_word' id='word_1_705' title='bbox 2343 3513 2460 3552; x_wconf 90' lang='lat' dir='ltr'><strong>cum</strong></span> <span class='ocrx_word' id='word_1_706' title='bbox 2511 3494 2767 3550; x_wconf 82' lang='lat' dir='ltr'><strong>adversus</strong></span> <span class='ocrx_word' id='word_1_707' title='bbox 2793 3489 2980 3543; x_wconf 79' lang='lat' dir='ltr'><strong>.lonam</strong></span> <span class='ocrx_word' id='word_1_708' title='bbox 3035 3487 3086 3541; x_wconf 92' lang='lat' dir='ltr'><strong>in</strong></span> <span class='ocrx_word' id='word_1_709' title='bbox 3121 3479 3340 3538; x_wconf 86' lang='lat' dir='ltr'><strong>Tharsis</strong></span> <span class='ocrx_word' id='word_1_710' title='bbox 3395 3483 3475 3536; x_wconf 83' lang='lat' dir='ltr'><strong>fu-</strong></span> 
     </span>
    </p>
   </div>
   <div class='ocr_carea' id='block_1_97' title="bbox 1939 3573 3474 3661">
    <p class='ocr_par' dir='ltr' id='par_1_97' title="bbox 1939 3573 3474 3661">
     <span class='ocr_line' id='line_1_99' title="bbox 1939 3573 3474 3661; baseline -0.013 -16"><span class='ocrx_word' id='word_1_711' title='bbox 1939 3589 2170 3661; x_wconf 85' lang='lat' dir='ltr'><strong>gientem</strong></span> <span class='ocrx_word' id='word_1_712' title='bbox 2209 3607 2228 3639; x_wconf 76' lang='grc' dir='ltr'><strong>ι</strong></span> <span class='ocrx_word' id='word_1_713' title='bbox 2255 3586 2395 3641; x_wconf 89' lang='lat' dir='ltr'><strong>misit</strong></span> <span class='ocrx_word' id='word_1_714' title='bbox 2419 3594 2633 3640; x_wconf 90' lang='lat' dir='ltr'><strong>ventum</strong></span> <span class='ocrx_word' id='word_1_715' title='bbox 2669 3596 2912 3650; x_wconf 88' lang='lat' dir='ltr'><strong>magnum</strong></span> <span class='ocrx_word' id='word_1_716' title='bbox 2947 3579 2997 3632; x_wconf 92' lang='lat' dir='ltr'><strong>in</strong></span> <span class='ocrx_word' id='word_1_717' title='bbox 3043 3591 3213 3639; x_wconf 87' lang='lat' dir='ltr'><strong>mare,</strong></span> <span class='ocrx_word' id='word_1_718' title='bbox 3246 3584 3299 3629; x_wconf 92' lang='lat' dir='ltr'><strong>et</strong></span> <span class='ocrx_word' id='word_1_719' title='bbox 3331 3573 3474 3627; x_wconf 78' lang='lat' dir='ltr'><strong>facta</strong></span> 
     </span>
    </p>
   </div>
   <div class='ocr_carea' id='block_1_98' title="bbox 1941 3663 3476 3747">
    <p class='ocr_par' dir='ltr' id='par_1_98' title="bbox 1941 3663 3476 3747">
     <span class='ocr_line' id='line_1_100' title="bbox 1941 3663 3476 3747; baseline -0.015 -11"><span class='ocrx_word' id='word_1_720' title='bbox 1941 3691 2020 3736; x_wconf 89' lang='lat' dir='ltr'><strong>est</strong></span> <span class='ocrx_word' id='word_1_721' title='bbox 2046 3687 2332 3747; x_wconf 86' lang='lat' dir='ltr'><strong>tempestas</strong></span> <span class='ocrx_word' id='word_1_722' title='bbox 2357 3690 2542 3743; x_wconf 85' lang='lat' dir='ltr'><strong>magna</strong></span> <span class='ocrx_word' id='word_1_723' title='bbox 2569 3676 2618 3730; x_wconf 91' lang='lat' dir='ltr'><strong>in</strong></span> <span class='ocrx_word' id='word_1_724' title='bbox 2648 3673 2779 3726; x_wconf 88' lang='lat' dir='ltr'><strong>mari</strong></span> <span class='ocrx_word' id='word_1_725' title='bbox 2811 3671 2888 3734; x_wconf 67' lang='lat' dir='ltr'><strong>u*;</strong></span> <span class='ocrx_word' id='word_1_726' title='bbox 2921 3688 2941 3721; x_wconf 73' lang='grc' dir='ltr'><strong>ι</strong></span> <span class='ocrx_word' id='word_1_727' title='bbox 2972 3671 3089 3738; x_wconf 85' lang='lat' dir='ltr'><strong>igne</strong></span> <span class='ocrx_word' id='word_1_728' title='bbox 3112 3675 3307 3730; x_wconf 87' lang='lat' dir='ltr'><strong>autem,</strong></span> <span class='ocrx_word' id='word_1_729' title='bbox 3333 3663 3476 3718; x_wconf 84' lang='lat' dir='ltr'><strong>velut</strong></span> 
     </span>
    </p>
   </div>
   <div class='ocr_carea' id='block_1_99' title="bbox 1942 3754 3473 3835">
    <p class='ocr_par' dir='ltr' id='par_1_99' title="bbox 1942 3754 3473 3835">
     <span class='ocr_line' id='line_1_101' title="bbox 1942 3754 3473 3835; baseline -0.012 -10"><span class='ocrx_word' id='word_1_730' title='bbox 1942 3785 2063 3825; x_wconf 89' lang='lat' dir='ltr'><strong>cum</strong></span> <span class='ocrx_word' id='word_1_731' title='bbox 2086 3786 2104 3818; x_wconf 78' lang='grc' dir='ltr'><strong>ι</strong></span> <span class='ocrx_word' id='word_1_732' title='bbox 2126 3768 2386 3824; x_wconf 88' lang='lat' dir='ltr'><strong>Dominus</strong></span> <span class='ocrx_word' id='word_1_733' title='bbox 2416 3765 2545 3835; x_wconf 89' lang='lat' dir='ltr'><strong>pluit</strong></span> <span class='ocrx_word' id='word_1_734' title='bbox 2570 3778 2729 3831; x_wconf 89' lang='lat' dir='ltr'><strong>super</strong></span> <span class='ocrx_word' id='word_1_735' title='bbox 2748 3760 3029 3816; x_wconf 88' lang='lat' dir='ltr'><strong>Sodomam</strong></span> <span class='ocrx_word' id='word_1_736' title='bbox 3051 3768 3102 3812; x_wconf 91' lang='lat' dir='ltr'><strong>ct</strong></span> <span class='ocrx_word' id='word_1_737' title='bbox 3123 3754 3473 3811; x_wconf 83' lang='lat' dir='ltr'><strong>Gomorrham</strong></span> 
     </span>
    </p>
   </div>
   <div class='ocr_carea' id='block_1_100' title="bbox 1943 3849 3473 3926">
    <p class='ocr_par' dir='ltr' id='par_1_100' title="bbox 1943 3849 3473 3926">
     <span class='ocr_line' id='line_1_102' title="bbox 1943 3849 3473 3926; baseline -0.012 -14"><span class='ocrx_word' id='word_1_738' title='bbox 1943 3859 2158 3926; x_wconf 88' lang='lat' dir='ltr'><strong>sulphur</strong></span> <span class='ocrx_word' id='word_1_739' title='bbox 2202 3867 2256 3911; x_wconf 91' lang='lat' dir='ltr'><strong>et</strong></span> <span class='ocrx_word' id='word_1_740' title='bbox 2295 3856 2467 3924; x_wconf 81' lang='lat' dir='ltr'><strong>ignem</strong></span> <span class='ocrx_word' id='word_1_741' title='bbox 2489 3855 2557 3914; x_wconf 82' lang='grc'><strong>¹³;</strong></span> <span class='ocrx_word' id='word_1_742' title='bbox 2591 3871 2609 3902; x_wconf 75' lang='grc' dir='ltr'><strong>ι</strong></span> <span class='ocrx_word' id='word_1_743' title='bbox 2645 3851 2725 3904; x_wconf 87' lang='lat' dir='ltr'><strong>vel</strong></span> <span class='ocrx_word' id='word_1_744' title='bbox 2758 3865 2876 3904; x_wconf 90' lang='lat' dir='ltr'><strong>cum</strong></span> <span class='ocrx_word' id='word_1_745' title='bbox 2927 3868 2946 3900; x_wconf 75' lang='grc' dir='ltr'><strong>ι</strong></span> <span class='ocrx_word' id='word_1_746' title='bbox 2977 3849 3114 3917; x_wconf 84' lang='lat' dir='ltr'><strong>ignis</strong></span> <span class='ocrx_word' id='word_1_747' title='bbox 3167 3857 3413 3914; x_wconf 85' lang='lat' dir='ltr'><strong>egressus</strong></span> <span class='ocrx_word' id='word_1_748' title='bbox 3443 3857 3473 3894; x_wconf 91' lang='lat' dir='ltr'><strong>a</strong></span> 
     </span>
    </p>
   </div>
   <div class='ocr_carea' id='block_1_101' title="bbox 1944 3932 3472 4010">
    <p class='ocr_par' dir='ltr' id='par_1_101' title="bbox 1944 3932 3472 4010">
     <span class='ocr_line' id='line_1_103' title="bbox 1944 3932 3472 4010; baseline -0.012 -10"><span class='ocrx_word' id='word_1_749' title='bbox 1944 3947 2168 4001; x_wconf 90' lang='lat' dir='ltr'><strong>Domino</strong></span> <span class='ocrx_word' id='word_1_750' title='bbox 2192 3944 2466 4000; x_wconf 83' lang='lat' dir='ltr'><strong>interfecit</strong></span> <span class='ocrx_word' id='word_1_751' title='bbox 2495 3945 2750 3996; x_wconf 85' lang='lat' dir='ltr'><strong>ducentos</strong></span> <span class='ocrx_word' id='word_1_752' title='bbox 2772 3939 3152 4010; x_wconf 81' lang='lat' dir='ltr'><strong>quinquaginta</strong></span> <span class='ocrx_word' id='word_1_753' title='bbox 3185 3937 3349 3997; x_wconf 90' lang='lat' dir='ltr'><strong>viros,</strong></span> <span class='ocrx_word' id='word_1_754' title='bbox 3384 3932 3472 4002; x_wconf 91' lang='lat' dir='ltr'><strong>qui</strong></span> 
     </span>
    </p>
   </div>
   <div class='ocr_carea' id='block_1_102' title="bbox 1943 4024 3474 4090">
    <p class='ocr_par' dir='ltr' id='par_1_102' title="bbox 1943 4024 3474 4090">
     <span class='ocr_line' id='line_1_104' title="bbox 1943 4024 3474 4090; baseline -0.009 -2"><span class='ocrx_word' id='word_1_755' title='bbox 1943 4031 2605 4090; x_wconf 77' lang='lat' dir='ltr'><strong>uﬁ&#39;erebantincensnm“</strong></span> <span class='ocrx_word' id='word_1_756' title='bbox 2655 4053 2666 4085; x_wconf 85' lang='lat'><strong>:</strong></span> <span class='ocrx_word' id='word_1_757' title='bbox 2716 4049 2734 4080; x_wconf 77' lang='grc' dir='ltr'><strong>ι</strong></span> <span class='ocrx_word' id='word_1_758' title='bbox 2788 4029 3132 4082; x_wconf 90' lang='lat' dir='ltr'><strong>nihilominus</strong></span> <span class='ocrx_word' id='word_1_759' title='bbox 3177 4037 3350 4079; x_wconf 92' lang='lat' dir='ltr'><strong>tamen</strong></span> <span class='ocrx_word' id='word_1_760' title='bbox 3401 4024 3474 4075; x_wconf 89' lang='lat' dir='ltr'><strong>ita</strong></span> 
     </span>
    </p>
   </div>
   <div class='ocr_carea' id='block_1_103' title="bbox 1943 4113 3476 4192">
    <p class='ocr_par' dir='ltr' id='par_1_103' title="bbox 1943 4113 3476 4192">
     <span class='ocr_line' id='line_1_105' title="bbox 1943 4113 3476 4192; baseline -0.008 -13"><span class='ocrx_word' id='word_1_761' title='bbox 1943 4125 2225 4192; x_wconf 78' lang='lat' dir='ltr'><strong>exponitur</strong></span> <span class='ocrx_word' id='word_1_762' title='bbox 2265 4136 2297 4175; x_wconf 89' lang='lat' dir='ltr'><strong>a</strong></span> <span class='ocrx_word' id='word_1_763' title='bbox 2359 4122 2536 4176; x_wconf 89' lang='lat' dir='ltr'><strong>multis</strong></span> <span class='ocrx_word' id='word_1_764' title='bbox 2573 4118 2880 4173; x_wconf 85' lang='lat' dir='ltr'><strong>Davidicutn</strong></span> <span class='ocrx_word' id='word_1_765' title='bbox 2932 4118 3101 4184; x_wconf 86' lang='lat' dir='ltr'><strong>illud:</strong></span> <span class='ocrx_word' id='word_1_766' title='bbox 3135 4115 3232 4180; x_wconf 84' lang='lat' dir='ltr'><strong>Qui</strong></span> <span class='ocrx_word' id='word_1_767' title='bbox 3273 4113 3476 4180; x_wconf 82' lang='lat' dir='ltr'><strong>angelis</strong></span> 
     </span>
    </p>
   </div>
   <div class='ocr_carea' id='block_1_104' title="bbox 1947 4202 3478 4278">
    <p class='ocr_par' dir='ltr' id='par_1_104' title="bbox 1947 4202 3478 4278">
     <span class='ocr_line' id='line_1_106' title="bbox 1947 4202 3478 4278; baseline -0.008 -12"><span class='ocrx_word' id='word_1_768' title='bbox 1947 4214 2049 4266; x_wconf 90' lang='lat' dir='ltr'><strong>tuis</strong></span> <span class='ocrx_word' id='word_1_769' title='bbox 2080 4210 2371 4278; x_wconf 91' lang='lat' dir='ltr'><strong>spiritalem</strong></span> <span class='ocrx_word' id='word_1_770' title='bbox 2418 4218 2662 4262; x_wconf 88' lang='lat' dir='ltr'><strong>naturam</strong></span> <span class='ocrx_word' id='word_1_771' title='bbox 2687 4218 2740 4263; x_wconf 92' lang='lat' dir='ltr'><strong>et</strong></span> <span class='ocrx_word' id='word_1_772' title='bbox 2763 4208 2966 4277; x_wconf 89' lang='lat' dir='ltr'><strong>igneam</strong></span> <span class='ocrx_word' id='word_1_773' title='bbox 2999 4203 3246 4260; x_wconf 89' lang='lat' dir='ltr'><strong>tribuisti.</strong></span> <span class='ocrx_word' id='word_1_774' title='bbox 3277 4203 3366 4256; x_wconf 90' lang='lat' dir='ltr'><strong>Sic</strong></span> <span class='ocrx_word' id='word_1_775' title='bbox 3395 4202 3478 4254; x_wconf 70' lang='lat' dir='ltr'><strong>in.</strong></span> 
     </span>
    </p>
   </div>
   <div class='ocr_carea' id='block_1_105' title="bbox 1948 4290 3476 4359">
    <p class='ocr_par' dir='ltr' id='par_1_105' title="bbox 1948 4290 3476 4359">
     <span class='ocr_line' id='line_1_107' title="bbox 1948 4290 3476 4359; baseline -0.009 -4"><span class='ocrx_word' id='word_1_776' title='bbox 1948 4301 2145 4356; x_wconf 84' lang='lat' dir='ltr'><strong>tellexit</strong></span> <span class='ocrx_word' id='word_1_777' title='bbox 2175 4299 2534 4354; x_wconf 87' lang='lat' dir='ltr'><strong>Tertullianus</strong></span> <span class='ocrx_word' id='word_1_778' title='bbox 2562 4297 2653 4351; x_wconf 91' lang='lat' dir='ltr'><strong>lib.</strong></span> <span class='ocrx_word' id='word_1_779' title='bbox 2685 4313 2719 4350; x_wconf 87' lang='grc' dir='ltr'><strong>ιι</strong></span> <span class='ocrx_word' id='word_1_780' title='bbox 2752 4307 2931 4349; x_wconf 83' lang='lat' dir='ltr'><strong>conlra</strong></span> <span class='ocrx_word' id='word_1_781' title='bbox 2955 4293 3234 4357; x_wconf 68' lang='lat' dir='ltr'><strong>Marciam,</strong></span> <span class='ocrx_word' id='word_1_782' title='bbox 3267 4305 3384 4359; x_wconf 90' lang='lat' dir='ltr'><strong>cap.</strong></span> <span class='ocrx_word' id='word_1_783' title='bbox 3407 4290 3476 4355; x_wconf 86' lang='lat'><strong>8;</strong></span> 
     </span>
    </p>
   </div>
   <div class='ocr_carea' id='block_1_106' title="bbox 1945 4381 3478 4460">
    <p class='ocr_par' dir='ltr' id='par_1_106' title="bbox 1945 4381 3478 4460">
     <span class='ocr_line' id='line_1_108' title="bbox 1945 4381 3478 4460; baseline -0.007 -14"><span class='ocrx_word' id='word_1_784' title='bbox 1945 4391 2024 4446; x_wconf 88' lang='lat' dir='ltr'><strong>sic</strong></span> <span class='ocrx_word' id='word_1_785' title='bbox 2073 4391 2421 4460; x_wconf 85' lang='lat' dir='ltr'><strong>Hieronymus</strong></span> <span class='ocrx_word' id='word_1_786' title='bbox 2487 4388 2539 4441; x_wconf 92' lang='lat' dir='ltr'><strong>in</strong></span> <span class='ocrx_word' id='word_1_787' title='bbox 2591 4402 2661 4441; x_wconf 89' lang='lat' dir='ltr'><strong>vn</strong></span> <span class='ocrx_word' id='word_1_788' title='bbox 2722 4385 2965 4446; x_wconf 86' lang='lat' dir='ltr'><strong>Dauiel.;</strong></span> <span class='ocrx_word' id='word_1_789' title='bbox 3007 4383 3082 4437; x_wconf 88' lang='lat' dir='ltr'><strong>sic</strong></span> <span class='ocrx_word' id='word_1_790' title='bbox 3153 4381 3478 4437; x_wconf 86' lang='lat' dir='ltr'><strong>Severianus</strong></span> 
     </span>
    </p>
   </div>
   <div class='ocr_carea' id='block_1_107' title="bbox 1945 4471 3478 4542">
    <p class='ocr_par' dir='ltr' id='par_1_107' title="bbox 1945 4471 3478 4542">
     <span class='ocr_line' id='line_1_109' title="bbox 1945 4471 3478 4542; baseline -0.008 -7"><span class='ocrx_word' id='word_1_791' title='bbox 1945 4478 2291 4535; x_wconf 86' lang='lat' dir='ltr'><strong>Gabalitanus</strong></span> <span class='ocrx_word' id='word_1_792' title='bbox 2342 4478 2521 4532; x_wconf 89' lang='lat' dir='ltr'><strong>homil.</strong></span> <span class='ocrx_word' id='word_1_793' title='bbox 2578 4475 2652 4540; x_wconf 64' lang='grc' dir='ltr'><strong>ις</strong></span> <span class='ocrx_word' id='word_1_794' title='bbox 2703 4476 2779 4529; x_wconf 91' lang='lat' dir='ltr'><strong>sic</strong></span> <span class='ocrx_word' id='word_1_795' title='bbox 2832 4475 2941 4542; x_wconf 89' lang='lat' dir='ltr'><strong>ipse</strong></span> <span class='ocrx_word' id='word_1_796' title='bbox 2994 4473 3250 4542; x_wconf 89' lang='lat' dir='ltr'><strong>Origenes</strong></span> <span class='ocrx_word' id='word_1_797' title='bbox 3303 4471 3396 4526; x_wconf 89' lang='lat' dir='ltr'><strong>lib.</strong></span> <span class='ocrx_word' id='word_1_798' title='bbox 3439 4483 3478 4523; x_wconf 88' lang='lat' dir='ltr'><strong>tt</strong></span> 
     </span>
    </p>
   </div>
   <div class='ocr_carea' id='block_1_108' title="bbox 1878 4549 3480 4638">
    <p class='ocr_par' dir='ltr' id='par_1_108' title="bbox 1878 4549 3480 4638">
     <span class='ocr_line' id='line_1_110' title="bbox 1878 4549 3480 4638; baseline -0.006 -15"><span class='ocrx_word' id='word_1_799' title='bbox 1878 4549 1920 4602; x_wconf 78' lang='grc' dir='ltr'><strong>Ῑ)</strong></span> <span class='ocrx_word' id='word_1_800' title='bbox 1947 4571 2086 4637; x_wconf 73' lang='grc' dir='ltr'><strong>Περὶ</strong></span> <span class='ocrx_word' id='word_1_801' title='bbox 2116 4568 2330 4638; x_wconf 78' lang='grc' dir='ltr'><strong>ἀρχῶν,</strong></span> <span class='ocrx_word' id='word_1_802' title='bbox 2360 4583 2474 4637; x_wconf 84' lang='lat' dir='ltr'><strong>cap.</strong></span> <span class='ocrx_word' id='word_1_803' title='bbox 2500 4570 2554 4628; x_wconf 90' lang='lat'><strong>8.</strong></span> <span class='ocrx_word' id='word_1_804' title='bbox 2589 4582 2734 4620; x_wconf 91' lang='lat' dir='ltr'><strong>num.</strong></span> <span class='ocrx_word' id='word_1_805' title='bbox 2768 4567 2821 4620; x_wconf 78' lang='lat'><strong>5.</strong></span> <span class='ocrx_word' id='word_1_806' title='bbox 2853 4564 3144 4620; x_wconf 86' lang='lat' dir='ltr'><strong>Conﬁrmat</strong></span> <span class='ocrx_word' id='word_1_807' title='bbox 3172 4563 3480 4631; x_wconf 88' lang='lat' dir='ltr'><strong>interpreta-</strong></span> 
     </span>
    </p>
   </div>
   <div class='ocr_carea' id='block_1_109' title="bbox 1951 4655 3476 4726">
    <p class='ocr_par' dir='ltr' id='par_1_109' title="bbox 1951 4655 3476 4726">
     <span class='ocr_line' id='line_1_111' title="bbox 1951 4655 3476 4726; baseline -0.008 -12"><span class='ocrx_word' id='word_1_808' title='bbox 1951 4661 2144 4714; x_wconf 91' lang='lat' dir='ltr'><strong>tionem</strong></span> <span class='ocrx_word' id='word_1_809' title='bbox 2177 4663 2314 4716; x_wconf 89' lang='lat' dir='ltr'><strong>banc</strong></span> <span class='ocrx_word' id='word_1_810' title='bbox 2343 4675 2530 4714; x_wconf 89' lang='lat' dir='ltr'><strong>nomen</strong></span> <span class='ocrx_word' id='word_1_811' title='bbox 2559 4667 2774 4722; x_wconf 60' lang='grc' dir='ltr'><strong>ατε-πω,</strong></span> <span class='ocrx_word' id='word_1_812' title='bbox 2805 4656 2943 4726; x_wconf 92' lang='lat' dir='ltr'><strong>quod</strong></span> <span class='ocrx_word' id='word_1_813' title='bbox 2974 4655 3145 4724; x_wconf 90' lang='lat' dir='ltr'><strong>primo</strong></span> <span class='ocrx_word' id='word_1_814' title='bbox 3167 4655 3476 4722; x_wconf 83' lang='lat' dir='ltr'><strong>angelorum</strong></span> 
     </span>
    </p>
   </div>
   <div class='ocr_carea' id='block_1_110' title="bbox 1947 4741 3481 4814">
    <p class='ocr_par' dir='ltr' id='par_1_110' title="bbox 1947 4741 3481 4814">
     <span class='ocr_line' id='line_1_112' title="bbox 1947 4741 3481 4814; baseline -0.005 -11"><span class='ocrx_word' id='word_1_815' title='bbox 1947 4750 2117 4803; x_wconf 88' lang='lat' dir='ltr'><strong>ordini</strong></span> <span class='ocrx_word' id='word_1_816' title='bbox 2144 4748 2409 4801; x_wconf 89' lang='lat' dir='ltr'><strong>tribuitur.</strong></span> <span class='ocrx_word' id='word_1_817' title='bbox 2437 4746 2607 4800; x_wconf 84' lang='lat' dir='ltr'><strong>Vertit</strong></span> <span class='ocrx_word' id='word_1_818' title='bbox 2625 4761 2806 4799; x_wconf 91' lang='lat' dir='ltr'><strong>vocem</strong></span> <span class='ocrx_word' id='word_1_819' title='bbox 2831 4745 2972 4798; x_wconf 88' lang='lat' dir='ltr'><strong>illam</strong></span> <span class='ocrx_word' id='word_1_820' title='bbox 2999 4744 3278 4814; x_wconf 86' lang='lat' dir='ltr'><strong>Dionysius</strong></span> <span class='ocrx_word' id='word_1_821' title='bbox 3303 4757 3420 4810; x_wconf 84' lang='lat' dir='ltr'><strong>cap.</strong></span> <span class='ocrx_word' id='word_1_822' title='bbox 3443 4741 3481 4796; x_wconf 74' lang='lat'><strong>3</strong></span> 
     </span>
    </p>
   </div>
   <div class='ocr_carea' id='block_1_111' title="bbox 1946 4832 3479 4904">
    <p class='ocr_par' dir='ltr' id='par_1_111' title="bbox 1946 4832 3479 4904">
     <span class='ocr_line' id='line_1_113' title="bbox 1946 4832 3479 4904; baseline -0.005 -13"><span class='ocrx_word' id='word_1_823' title='bbox 1946 4847 2002 4891; x_wconf 90' lang='lat' dir='ltr'><strong>et</strong></span> <span class='ocrx_word' id='word_1_824' title='bbox 2030 4839 2060 4890; x_wconf 86' lang='grc'>7</span> <span class='ocrx_word' id='word_1_825' title='bbox 2089 4838 2162 4890; x_wconf 79' lang='lat' dir='ltr'><strong>De</strong></span> <span class='ocrx_word' id='word_1_826' title='bbox 2189 4837 2375 4892; x_wconf 70' lang='lat' dir='ltr'><strong>caelesti</strong></span> <span class='ocrx_word' id='word_1_827' title='bbox 2398 4836 2679 4896; x_wconf 79' lang='lat' dir='ltr'><strong>ltierarch.,</strong></span> <span class='ocrx_word' id='word_1_828' title='bbox 2713 4835 3051 4904; x_wconf 84' lang='grc' dir='ltr'><strong>ὲμπρηστάς,</strong></span> <span class='ocrx_word' id='word_1_829' title='bbox 3084 4844 3137 4888; x_wconf 92' lang='lat' dir='ltr'><strong>et</strong></span> <span class='ocrx_word' id='word_1_830' title='bbox 3165 4832 3479 4904; x_wconf 72' lang='grc' dir='ltr'><strong>θερμαίνον-</strong></span> 
     </span>
    </p>
   </div>
   <div class='ocr_carea' id='block_1_112' title="bbox 1948 4924 3483 4994">
    <p class='ocr_par' dir='ltr' id='par_1_112' title="bbox 1948 4924 3483 4994">
     <span class='ocr_line' id='line_1_114' title="bbox 1948 4924 3483 4994; baseline -0.003 -16"><span class='ocrx_word' id='word_1_831' title='bbox 1948 4944 2062 4989; x_wconf 82' lang='grc' dir='ltr'><strong>τας.</strong></span> <span class='ocrx_word' id='word_1_832' title='bbox 2093 4926 2379 4994; x_wconf 83' lang='lat' dir='ltr'><strong>Gregorius</strong></span> <span class='ocrx_word' id='word_1_833' title='bbox 2408 4941 2535 4980; x_wconf 87' lang='lat' dir='ltr'><strong>vero</strong></span> <span class='ocrx_word' id='word_1_834' title='bbox 2576 4925 2760 4977; x_wconf 86' lang='lat' dir='ltr'><strong>homil.</strong></span> <span class='ocrx_word' id='word_1_835' title='bbox 2783 4924 2870 4986; x_wconf 69' lang='grc'><strong>54,</strong></span> <span class='ocrx_word' id='word_1_836' title='bbox 2916 4925 3270 4986; x_wconf 73' lang='lat' dir='ltr'><strong>incendentes,</strong></span> <span class='ocrx_word' id='word_1_837' title='bbox 3306 4933 3358 4978; x_wconf 89' lang='lat' dir='ltr'><strong>et</strong></span> <span class='ocrx_word' id='word_1_838' title='bbox 3402 4938 3483 4974; x_wconf 85' lang='lat' dir='ltr'><strong>ar-</strong></span> 
     </span>
    </p>
   </div>
   <div class='ocr_carea' id='block_1_113' title="bbox 1949 5010 3483 5083">
    <p class='ocr_par' dir='ltr' id='par_1_113' title="bbox 1949 5010 3483 5083">
     <span class='ocr_line' id='line_1_115' title="bbox 1949 5010 3483 5083; baseline -0.005 -13"><span class='ocrx_word' id='word_1_839' title='bbox 1949 5018 2154 5079; x_wconf 78' lang='lat' dir='ltr'><strong>dentes,</strong></span> <span class='ocrx_word' id='word_1_840' title='bbox 2183 5024 2318 5070; x_wconf 85' lang='lat' dir='ltr'><strong>utet</strong></span> <span class='ocrx_word' id='word_1_841' title='bbox 2345 5014 2582 5069; x_wconf 85' lang='lat' dir='ltr'><strong>Isidorus</strong></span> <span class='ocrx_word' id='word_1_842' title='bbox 2623 5014 2714 5067; x_wconf 91' lang='lat' dir='ltr'><strong>lib.</strong></span> <span class='ocrx_word' id='word_1_843' title='bbox 2743 5029 2817 5066; x_wconf 86' lang='lat' dir='ltr'><strong>vu</strong></span> <span class='ocrx_word' id='word_1_844' title='bbox 2851 5012 3050 5083; x_wconf 84' lang='lat' dir='ltr'><strong>Origin.</strong></span> <span class='ocrx_word' id='word_1_845' title='bbox 3069 5053 3085 5076; x_wconf 95' lang='lat'><strong>,</strong></span> <span class='ocrx_word' id='word_1_846' title='bbox 3116 5029 3232 5081; x_wconf 87' lang='lat' dir='ltr'><strong>cap.</strong></span> <span class='ocrx_word' id='word_1_847' title='bbox 3254 5012 3306 5066; x_wconf 85' lang='lat'><strong>5.</strong></span> <span class='ocrx_word' id='word_1_848' title='bbox 3348 5010 3483 5064; x_wconf 83' lang='lat' dir='ltr'><strong>Hinc</strong></span> 
     </span>
    </p>
   </div>
   <div class='ocr_carea' id='block_1_114' title="bbox 1952 5100 3482 5170">
    <p class='ocr_par' dir='ltr' id='par_1_114' title="bbox 1952 5100 3482 5170">
     <span class='ocr_line' id='line_1_116' title="bbox 1952 5100 3482 5170; baseline -0.004 -12"><span class='ocrx_word' id='word_1_849' title='bbox 1952 5104 2267 5159; x_wconf 87' lang='lat' dir='ltr'><strong>Severianus</strong></span> <span class='ocrx_word' id='word_1_850' title='bbox 2322 5103 2556 5158; x_wconf 67' lang='lat' dir='ltr'><strong>homil.!</strong></span> <span class='ocrx_word' id='word_1_851' title='bbox 2622 5102 2694 5155; x_wconf 84' lang='lat' dir='ltr'><strong>De</strong></span> <span class='ocrx_word' id='word_1_852' title='bbox 2741 5101 2945 5168; x_wconf 73' lang='lat' dir='ltr'><strong>api/icio</strong></span> <span class='ocrx_word' id='word_1_853' title='bbox 3002 5103 3216 5165; x_wconf 80' lang='lat' dir='ltr'><strong>mundi,</strong></span> <span class='ocrx_word' id='word_1_854' title='bbox 3267 5100 3482 5170; x_wconf 85' lang='lat' dir='ltr'><strong>angelos</strong></span> 
     </span>
    </p>
   </div>
   <div class='ocr_carea' id='block_1_115' title="bbox 1950 5187 3483 5263">
    <p class='ocr_par' dir='ltr' id='par_1_115' title="bbox 1950 5187 3483 5263">
     <span class='ocr_line' id='line_1_117' title="bbox 1950 5187 3483 5263; baseline -0.006 -15"><span class='ocrx_word' id='word_1_855' title='bbox 1950 5197 2124 5263; x_wconf 87' lang='lat' dir='ltr'><strong>ignem</strong></span> <span class='ocrx_word' id='word_1_856' title='bbox 2162 5209 2280 5248; x_wconf 87' lang='lat' dir='ltr'><strong>esse</strong></span> <span class='ocrx_word' id='word_1_857' title='bbox 2309 5195 2470 5247; x_wconf 87' lang='lat' dir='ltr'><strong>dicit:</strong></span> <span class='ocrx_word' id='word_1_858' title='bbox 2508 5193 2581 5245; x_wconf 78' lang='grc' dir='ltr'><strong>Οὐ</strong></span> <span class='ocrx_word' id='word_1_859' title='bbox 2621 5192 2728 5260; x_wconf 85' lang='grc' dir='ltr'><strong>γὰρ</strong></span> <span class='ocrx_word' id='word_1_860' title='bbox 2763 5191 2942 5260; x_wconf 83' lang='grc' dir='ltr'><strong>μόνον,</strong></span> <span class='ocrx_word' id='word_1_861' title='bbox 2984 5191 3172 5258; x_wconf 91' lang='lat' dir='ltr'><strong>inquit,</strong></span> <span class='ocrx_word' id='word_1_862' title='bbox 3219 5189 3374 5241; x_wconf 76' lang='grc' dir='ltr'><strong>τοῦτο</strong></span> <span class='ocrx_word' id='word_1_863' title='bbox 3420 5187 3483 5239; x_wconf 79' lang='grc' dir='ltr'><strong>τὸ</strong></span> 
     </span>
    </p>
   </div>
   <div class='ocr_carea' id='block_1_116' title="bbox 1950 5274 3484 5353">
    <p class='ocr_par' dir='ltr' id='par_1_116' title="bbox 1950 5274 3484 5353">
     <span class='ocr_line' id='line_1_118' title="bbox 1950 5274 3484 5353; baseline -0.005 -18"><span class='ocrx_word' id='word_1_864' title='bbox 1950 5283 2060 5353; x_wconf 80' lang='grc' dir='ltr'>πῦρ</span> <span class='ocrx_word' id='word_1_865' title='bbox 2088 5285 2252 5346; x_wconf 76' lang='grc' dir='ltr'><strong>ἐστιν,</strong></span> <span class='ocrx_word' id='word_1_866' title='bbox 2277 5280 2409 5334; x_wconf 81' lang='grc' dir='ltr'><strong>ἀλλὰ</strong></span> <span class='ocrx_word' id='word_1_867' title='bbox 2441 5280 2532 5334; x_wconf 72' lang='grc' dir='ltr'><strong>καὶ</strong></span> <span class='ocrx_word' id='word_1_868' title='bbox 2559 5281 2616 5332; x_wconf 85' lang='grc' dir='ltr'><strong>αἱ</strong></span> <span class='ocrx_word' id='word_1_869' title='bbox 2645 5279 2755 5332; x_wconf 80' lang='grc' dir='ltr'><strong>ἄνω</strong></span> <span class='ocrx_word' id='word_1_870' title='bbox 2796 5277 3048 5346; x_wconf 83' lang='grc' dir='ltr'><strong>δυνάμεις</strong></span> <span class='ocrx_word' id='word_1_871' title='bbox 3093 5276 3200 5346; x_wconf 83' lang='grc' dir='ltr'><strong>πῦρ</strong></span> <span class='ocrx_word' id='word_1_872' title='bbox 3226 5278 3348 5337; x_wconf 79' lang='grc' dir='ltr'><strong>εἰσι,</strong></span> <span class='ocrx_word' id='word_1_873' title='bbox 3391 5274 3484 5328; x_wconf 73' lang='grc' dir='ltr'><strong>καὶ</strong></span> 
     </span>
    </p>
   </div>
   <div class='ocr_carea' id='block_1_117' title="bbox 1951 5363 3478 5439">
    <p class='ocr_par' dir='ltr' id='par_1_117' title="bbox 1951 5363 3478 5439">
     <span class='ocr_line' id='line_1_119' title="bbox 1951 5363 3478 5439; baseline -0.007 -16"><span class='ocrx_word' id='word_1_874' title='bbox 1951 5369 2204 5439; x_wconf 79' lang='grc' dir='ltr'><strong>συγγενές</strong></span> <span class='ocrx_word' id='word_1_875' title='bbox 2249 5372 2364 5424; x_wconf 71' lang='grc' dir='ltr'><strong>ἐστι</strong></span> <span class='ocrx_word' id='word_1_876' title='bbox 2398 5369 2458 5422; x_wconf 82' lang='grc' dir='ltr'><strong>τὸ</strong></span> <span class='ocrx_word' id='word_1_877' title='bbox 2505 5369 2612 5422; x_wconf 77' lang='grc' dir='ltr'><strong>ἀνω</strong></span> <span class='ocrx_word' id='word_1_878' title='bbox 2647 5367 2754 5437; x_wconf 82' lang='grc' dir='ltr'><strong>πῦρ</strong></span> <span class='ocrx_word' id='word_1_879' title='bbox 2796 5364 2980 5417; x_wconf 84' lang='grc' dir='ltr'><strong>τούτου</strong></span> <span class='ocrx_word' id='word_1_880' title='bbox 3024 5363 3116 5416; x_wconf 79' lang='grc' dir='ltr'><strong>τοῦ</strong></span> <span class='ocrx_word' id='word_1_881' title='bbox 3160 5367 3290 5434; x_wconf 84' lang='grc' dir='ltr'><strong>παρ’</strong></span> <span class='ocrx_word' id='word_1_882' title='bbox 3330 5364 3478 5432; x_wconf 82' lang='grc' dir='ltr'><strong>ἡμῖν.</strong></span> 
     </span>
    </p>
   </div>
   <div class='ocr_carea' id='block_1_118' title="bbox 1959 5449 3482 5521">
    <p class='ocr_par' dir='ltr' id='par_1_118' title="bbox 1959 5449 3482 5521">
     <span class='ocr_line' id='line_1_120' title="bbox 1959 5449 3482 5521; baseline -0.006 -13"><span class='ocrx_word' id='word_1_883' title='bbox 1959 5475 1975 5508; x_wconf 83' lang='grc' dir='ltr'><strong>ι</strong></span> <span class='ocrx_word' id='word_1_884' title='bbox 2003 5458 2118 5512; x_wconf 85' lang='grc' dir='ltr'><strong>Νοη</strong></span> <span class='ocrx_word' id='word_1_885' title='bbox 2147 5458 2288 5510; x_wconf 89' lang='lat' dir='ltr'><strong>enim</strong></span> <span class='ocrx_word' id='word_1_886' title='bbox 2329 5461 2473 5511; x_wconf 88' lang='lat' dir='ltr'><strong>solus</strong></span> <span class='ocrx_word' id='word_1_887' title='bbox 2516 5465 2592 5508; x_wconf 86' lang='lat' dir='ltr'><strong>est</strong></span> <span class='ocrx_word' id='word_1_888' title='bbox 2636 5456 2722 5508; x_wconf 88' lang='lat' dir='ltr'><strong>hic</strong></span> <span class='ocrx_word' id='word_1_889' title='bbox 2769 5451 2936 5521; x_wconf 87' lang='lat' dir='ltr'><strong>ignis,</strong></span> <span class='ocrx_word' id='word_1_890' title='bbox 2977 5451 3068 5502; x_wconf 90' lang='lat' dir='ltr'><strong>sed</strong></span> <span class='ocrx_word' id='word_1_891' title='bbox 3102 5459 3154 5502; x_wconf 91' lang='lat' dir='ltr'><strong>et</strong></span> <span class='ocrx_word' id='word_1_892' title='bbox 3181 5449 3482 5516; x_wconf 90' lang='lat' dir='ltr'><strong>superiores</strong></span> 
     </span>
    </p>
   </div>
   <div class='ocr_carea' id='block_1_119' title="bbox 1953 5537 3481 5617">
    <p class='ocr_par' dir='ltr' id='par_1_119' title="bbox 1953 5537 3481 5617">
     <span class='ocr_line' id='line_1_121' title="bbox 1953 5537 3481 5617; baseline -0.006 -18"><span class='ocrx_word' id='word_1_893' title='bbox 1953 5547 2178 5602; x_wconf 86' lang='lat' dir='ltr'><strong>virtutes</strong></span> <span class='ocrx_word' id='word_1_894' title='bbox 2212 5549 2347 5617; x_wconf 84' lang='lat' dir='ltr'><strong>ignis</strong></span> <span class='ocrx_word' id='word_1_895' title='bbox 2384 5555 2543 5607; x_wconf 90' lang='lat' dir='ltr'><strong>sunt,</strong></span> <span class='ocrx_word' id='word_1_896' title='bbox 2591 5553 2642 5598; x_wconf 92' lang='lat' dir='ltr'><strong>et</strong></span> <span class='ocrx_word' id='word_1_897' title='bbox 2687 5551 2937 5613; x_wconf 83' lang='lat' dir='ltr'><strong>cognatus</strong></span> <span class='ocrx_word' id='word_1_898' title='bbox 2983 5549 3064 5592; x_wconf 91' lang='lat' dir='ltr'><strong>est</strong></span> <span class='ocrx_word' id='word_1_899' title='bbox 3109 5540 3351 5606; x_wconf 88' lang='lat' dir='ltr'><strong>superior</strong></span> <span class='ocrx_word' id='word_1_900' title='bbox 3395 5537 3481 5590; x_wconf 90' lang='lat' dir='ltr'><strong>ille</strong></span> 
     </span>
    </p>
   </div>
   <div class='ocr_carea' id='block_1_120' title="bbox 1951 5625 3479 5707">
    <p class='ocr_par' dir='ltr' id='par_1_120' title="bbox 1951 5625 3479 5707">
     <span class='ocr_line' id='line_1_122' title="bbox 1951 5625 3479 5707; baseline -0.007 -17"><span class='ocrx_word' id='word_1_901' title='bbox 1951 5638 2089 5707; x_wconf 87' lang='lat' dir='ltr'><strong>ignis</strong></span> <span class='ocrx_word' id='word_1_902' title='bbox 2151 5638 2308 5704; x_wconf 88' lang='lat' dir='ltr'><strong>hujus</strong></span> <span class='ocrx_word' id='word_1_903' title='bbox 2357 5636 2541 5690; x_wconf 86' lang='lat' dir='ltr'><strong>nostri.</strong></span> <span class='ocrx_word' id='word_1_904' title='bbox 2570 5654 2591 5685; x_wconf 77' lang='grc' dir='ltr'><strong>ι</strong></span> <span class='ocrx_word' id='word_1_905' title='bbox 2644 5635 2832 5688; x_wconf 86' lang='lat' dir='ltr'><strong>Eodem</strong></span> <span class='ocrx_word' id='word_1_906' title='bbox 2877 5631 3086 5701; x_wconf 80' lang='lat' dir='ltr'><strong>quidem</strong></span> <span class='ocrx_word' id='word_1_907' title='bbox 3145 5629 3306 5682; x_wconf 78' lang='lat' dir='ltr'><strong>refert</strong></span> <span class='ocrx_word' id='word_1_908' title='bbox 3353 5625 3479 5681; x_wconf 89' lang='lat' dir='ltr'><strong>illud</strong></span> 
     </span>
    </p>
   </div>
   <div class='ocr_carea' id='block_1_121' title="bbox 2745 5801 3236 5867">
    <p class='ocr_par' dir='ltr' id='par_1_121' title="bbox 2745 5801 3236 5867">
     <span class='ocr_line' id='line_1_123' title="bbox 2745 5801 3236 5867; baseline -0.008 -4"><span class='ocrx_word' id='word_1_909' title='bbox 2745 5811 2784 5842; x_wconf 83' lang='grc'><strong>¹⁶</strong></span> <span class='ocrx_word' id='word_1_910' title='bbox 2814 5807 2965 5862; x_wconf 82' lang='grc' dir='ltr'><strong>Νυιιι.</strong></span> <span class='ocrx_word' id='word_1_911' title='bbox 3002 5821 3108 5867; x_wconf 75' lang='lat' dir='ltr'><strong>xw,</strong></span> <span class='ocrx_word' id='word_1_912' title='bbox 3141 5801 3236 5859; x_wconf 85' lang='lat'><strong>&#39;55.</strong></span> 
     </span>
    </p>
   </div>
  </div>
