3894 6444
472 369 575 427 855
747 407 931 446 ,4

471 483 733 553 propheta:
777 474 1003 528 Joannes

468 571 589 639 ﬁde,
625 581 734 632 cap.
756 563 819 627 5;
854 561 943 613 sed
972 559 1212 626 spiritum
1237 566 1290 609 et
1311 558 1485 625 ignem
1519 556 1754 609 materia:
1784 570 1844 607 ac
1877 570 1999 608 cor-

469 659 608 730 poris
656 663 922 722 expertem
973 649 1186 718 angelos
1233 661 1354 701 esse
1416 645 1703 713 pertendit.
1764 644 1838 697 Ex
1902 644 2000 696 hoc

465 747 665 816 psalmo
692 743 940 796 inductus
967 741 1175 793 videtur
1205 738 1459 807 Origenes
1488 744 1546 788 ut
1580 736 1734 802 ignea
1773 750 1997 802 corpora

463 831 664 900 angelis
692 827 964 888 tribueret,
1002 842 1122 878 cum
1156 825 1447 892 prmsertim
1489 825 1615 877 deos
1644 823 1795 876 Plato
1823 826 2002 893 igneos

463 933 577 974 esse
612 917 954 977 decrevisset,
991 925 1046 968 ut
1089 925 1170 970 est
1203 917 1339 983 apud
1383 914 1652 968 Laertium
1695 915 1746 966 in
1784 913 2002 968 Platone

461 1019 514 1062 et
552 1008 850 1070 Aristotele,
902 1008 990 1075 qui
1035 1006 1214 1059 subdit
1261 1017 1436 1059 tamen
1487 1006 1640 1076 paulo
1687 1013 1806 1072 post
1853 1021 2000 1058 asse-

463 1113 673 1152 verasse
704 1098 872 1163 ipsum
901 1112 1120 1166 corpore
1147 1097 1308 1150 Deum
1341 1105 1394 1150 et
1426 1099 1602 1150 anima
1630 1110 1838 1158 carere,
1863 1098 2000 1164 quod

462 1198 514 1240 et
560 1189 684 1241 alibi
728 1189 904 1242 itcrat.
951 1187 1127 1254 Atque
1171 1188 1281 1240 bmc
1328 1187 1399 1238 ita
1445 1185 1716 1240 conciliari
1764 1195 1997 1254 possunt,

462 1296 726 1333 summum
795 1278 1031 1331 omnium
1094 1278 1418 1330 conditorem
1487 1289 1550 1328 ac
1611 1276 2000 1329 moderatorem

465 1371 626 1424 Deum
670 1385 892 1435 corpore
934 1369 1242 1421 destitutum
1279 1381 1418 1430 esse,
1467 1381 1621 1420 secus
1652 1376 1827 1420 autem
1864 1365 2000 1419 inle-

465 1461 633 1513 riores
688 1461 816 1514 deos
857 1460 1086 1526 supremi
1133 1458 1272 1510 illius
1317 1458 1608 1513 ministros.
1653 1458 1800 1523 Quod
1848 1458 2002 1526 plane

464 1551 530 1603 ab
564 1551 790 1619 Origene
821 1564 1127 1617 expressum
1174 1558 1271 1609 εει,
1309 1563 1426 1601 cum
1456 1548 1566 1602 Deo
1612 1549 1844 1601 detraxit
1882 1563 2002 1600 cor-

465 1656 597 1706 pus,
643 1641 842 1708 angelis
871 1639 1132 1707 adjunxit.
1173 1637 1373 1692 Cmtera
1415 1639 1528 1706 ejus
1569 1639 1635 1692 de
1675 1639 1877 1707 angelis
1912 1639 2002 1692 do-

465 1739 658 1794 gmata,
697 1745 725 1782 e
756 1728 1141 1781 Plat0uicorum
1171 1726 1282 1780 fere
1327 1728 1540 1780 exedris
1577 1729 1814 1782 derivata
1852 1736 1996 1781 sunt.

532 1815 600 1870 Χ.
659 1816 1012 1871 Olfensionem
1067 1831 1277 1884 quoque
1332 1815 1516 1869 habuit
1571 1817 1710 1884 quod
1756 1816 2002 1869 Genesim

466 1907 750 1975 explanatis
794 1907 967 1965 dixit,
1019 1907 1172 1975 aquis
1223 1921 1338 1974 quae
1389 1920 1549 1972 supra
1607 1908 2002 1958 ﬁrmamentum

465 2004 606 2061 sunt,
649 2005 701 2048 et
727 2011 864 2063 ~qnte
895 1994 1028 2047 infra
1056 2035 1070 2056 ,
1109 1995 1356 2050 cmlestes
1398 1994 1742 2061 infernasque
1781 1995 2004 2048 virtutes

466 2084 665 2151 tropice
703 2084 1021 2152 signiﬁcari;
1063 2093 1227 2150 atque
1272 2084 1395 2137 hinc
1442 2096 1610 2151 aquas
1645 2082 1763 2135 illas
1797 2083 1861 2136 ad
1892 2083 2005 2135 lau-

465 2174 558 2226 des
629 2173 830 2225 Domini
906 2173 1156 2226 dicendas
1217 2173 1493 2240 provocari
1557 2171 1689 2239 psal.
1765 2187 2001 2236 cxavm,

463 2261 518 2324 ιι,
570 2269 624 2314 et
673 2262 803 2315 Dan.
842 2278 923 2325 ιιι,
961 2262 1047 2317 60.
1084 2260 1208 2316 Haec
1249 2263 1490 2329 quamvis
1534 2261 1817 2331 allegorice
1863 2263 2001 2315 dicta

467 2360 719 2418 agnoscat
762 2351 984 2405 Basilius
1032 2347 1190 2406 homil
1235 2353 1269 2404 5
1317 2353 1372 2404 iu
1415 2350 1705 2414 Hexaem.,
1762 2352 2003 2420 repudiat

472 2441 837 2506 nihilominus,
874 2454 926 2497 et
965 2453 1216 2510 tanquam
1244 2443 1569 2495 somniorum
1603 2441 1925 2508 coniecturis
1951 2453 2004 2497 et

465 2531 691 2586 anilibus
724 2533 909 2587 fabulis
944 2533 1133 2588 similia
1165 2534 1451 2601 redarguit.
1492 2533 1779 2600 ltedarguit
1804 2542 1856 2587 et
1883 2534 2004 2602 Epi-

465 2623 688 2688 phanius
720 2624 771 2675 in
807 2624 1028 2690 epistola
1061 2625 1126 2676 ad
1161 2621 1418 2676 Joannem
1452 2621 1810 2692 Jerosolymit.
1833 2665 1845 2681 .
1882 2638 1999 2692 cap.

463 2713 497 2765 5
521 2753 533 2771 .
566 2720 619 2764 et
643 2713 770 2765 bzer.
797 2729 946 2778 mv,
973 2729 1092 2781 cap.
1129 2713 1181 2766 4.
1231 2713 1520 2781 Redarguit
1555 2723 1608 2766 et
1648 2713 2001 2784 Hieronymus

463 2801 621 2865 epist.
655 2802 710 2853 6|
765 2802 828 2854 ad
879 2801 1181 2854 Pammach.
1207 2815 1388 2868 ,cap.
1417 2802 1468 2856 5.
1508 2800 1797 2870 Redarguit
1841 2813 1895 2854 et
1937 2815 1999 2854 ex

466 2886 643 2942 Basilii
680 2892 856 2945 verbis
879 2890 1213 2944 Justinianus
1242 2891 1290 2942 in
1322 2891 1543 2958 epistola
1583 2891 1646 2943 ad
1682 2890 1911 2954 Menam,
1949 2901 2005 2943 et

466 2981 517 3032 in
568 2995 629 3034 ea
683 2981 824 3036 hunc
864 2990 1174 3050 contorquet
1214 2981 1762 3032 auathematismum:
1811 2979 1877 3030 Εἴ
1921 2997 2002 3042 τις

463 3067 607 3137 λέγει
637 3071 878 3140 οὐρανὸν,
910 3072 1000 3122 καὶ
1030 3071 1196 3141 ἥλιον,
1237 3070 1328 3122 καὶ
1358 3070 1600 3140 σελήνην,
1631 3071 1721 3121 καὶ
1752 3069 1996 3136 ἀστέρας9

465 3161 557 3215 καὶ
603 3161 767 3214 ὕδατα
809 3162 876 3214 τὰ
918 3161 1165 3230 ὑπεράνω
1203 3159 1308 3211 τῶν
1350 3159 1588 3227 οὐρανῶν
1615 3159 1882 3229 ἐμψύχους
1911 3160 2002 3211 καὶ

471 3250 656 3313 ὑλικὰς
683 3252 839 3320 (lege.
878 3251 1118 3319 λογικάς,
1153 3249 1292 3316 quod
1323 3250 1452 3302 vidit
1481 3249 1830 3317 Gaudentius)
1863 3245 2001 3301 εἶναι

464 3357 612 3401 τινας
644 3340 921 3408 δυνάμεις,
966 3341 1206 3408 ἀνάθεμα
1235 3338 1388 3390 ἔστω.
1429 3357 1446 3388 ι
1473 3339 1525 3389 Si
1573 3339 1691 3407 quis
1724 3340 1851 3393 dicit
1894 3351 2004 3392 cm-

470 3429 601 3491 Ium,‘
643 3438 696 3481 et
732 3435 892 3481 solem
941 3439 995 3482 et
1039 3430 1214 3482 lunam
1261 3437 1315 3480 et
1359 3429 1558 3491 stellas,
1605 3439 1660 3482 et
1695 3443 1858 3497 aquas
1893 3443 2004 3496 qua:

469 3531 626 3582 super
654 3515 816 3570 cualos
849 3527 992 3580 sunt,
1027 3518 1286 3570 animatas
1311 3526 1365 3568 et
1396 3517 1686 3571 rationales
1705 3532 1824 3571 esse
1846 3533 2004 3585 quas-

469 3607 589 3656 dam
624 3605 866 3667 virtutes,
905 3608 1183 3658 anathema
1219 3606 1308 3658 sit.
1346 3623 1365 3655 ι
1393 3606 1538 3670 Quod
1567 3615 1618 3659 et
1641 3621 1670 3658 a
1701 3607 2003 3674 Sophronia

471 3695 522 3748 in
561 3694 778 3761 epistola
826 3695 890 3748 ad
926 3694 1170 3765 Sergium
1207 3697 1509 3748 damnatur.
1581 3711 1586 3714 '

541 3783 652 3854 (50)
713 3784 876 3853 llujus
927 3785 1140 3852 quidem
1189 3786 1442 3839 doctrina:
1497 3787 1714 3855 vestigia
1767 3789 2004 3855 quaedam

469 3873 731 3939 reperisse
773 3873 897 3925 mihi
943 3874 1120 3926 videor
1171 3873 1348 3925 homil.
1391 3872 1461 3927 25
1505 3875 1560 3926 in
1603 3874 1728 3927 Luc.
1771 3889 1790 3925 :
1832 3874 2004 3929 «Pro-

471 3961 643 4028 pheta:
667 3975 874 4027 quoque
902 3960 1022 4028 ipsi,
1053 3962 1224 4029 inquit
1243 3959 1516 4028 Origenes,
1534 3971 1586 4014 et
1600 3963 1828 4029 apostoli
1853 3978 2008 4018 ontue

471 4051 612 4121 quod
643 4059 908 4116 resonant,
940 4065 1043 4104 non
1077 4051 1242 4104 solum
1285 4051 1609 4113 hominibus,
1640 4053 1731 4105 sed
1761 4061 1814 4105 et
1845 4067 2005 4122 ange-

473 4141 536 4193 lis
560 4140 867 4209 prtcdicant.
894 4138 1042 4204 Quod
1071 4149 1129 4194 ut
1165 4142 1303 4195 scias
1336 4154 1516 4194 verum
1544 4161 1557 4194 :
1596 4159 1614 4191 ι
1645 4144 1889 4210 Attende,
1928 4145 2006 4197 in-

470 4232 604 4299 quit,
634 4230 848 4293 cmlum,
877 4239 932 4284 et
962 4230 1148 4299 loquar
1171 4231 1252 4295 ‘7;
1298 4231 1349 4284 in
1379 4240 1664 4299 conspectu
1701 4232 2005 4301 angelorum

471 4321 687 4389 psallam
714 4321 806 4375 tibi
833 4321 935 4386 ἐς»
957 4330 1043 4375 et:
1067 4322 1479 4388 «Laudate,coali
1498 4322 1772 4387 caelorum,
1791 4334 1843 4377 et
1861 4339 2011 4393 aqua:

1718 355 1777 408 P.
1821 340 2132 407 DANIELIS
2170 346 2396 403 HUETII

1050 471 1404 522 Damascenus
1456 467 1547 520 lib.
1594 468 1631 519 ιι
1681 466 1754 519 De
1800 477 2003 518 ormoa.
2038 473 2074 521 Λ
2105 466 2194 517 sed
2220 477 2335 516 cum
2361 454 2646 528 synagogis
2677 447 2944 519 gentium
2979 459 2995 495 ε

3674 311 3780 362 856

3047 456 3069 488 ι
3105 435 3237 489 Nec
3263 443 3400 483 vero
3424 428 3666 492 mirum,
3701 429 3789 480 in-

2103 551 2239 618 quit,
2284 516 2422 615 quod
2449 516 2714 607 OFig—enes
2753 537 3052 604 pleraque
3091 525 3154 578 in
3194 520 3374 574 Deum
3427 516 3626 618 minus
3659 530 3789 568 con-

2106 608 2367 693 venientia
2396 638 2739 688 commentus
2764 637 2823 678 et
2856 619 3254 691 prolocutus,
3281 608 3628 677 paradisum
3659 620 3793 673 quo—

2105 743 2206 797 que
2236 737 2288 782 et
2313 740 2498 793 aquas,
2529 734 2650 788 qua:
2687 727 2800 770 tam
2841 711 3005 766 infra
3043 717 3230 797 quam
3257 711 3441 797 supra
3467 695 3794 797 firmamen-

2107 785 2214 872 tum
2251 785 2378 870 esse
2405 785 2684 869 dicuntur,
2739 795 3126 869 allegorict'bs
3153 796 3423 858 exponat
3469 785 3612 855 (hoc
3651 785 3793 838 enim

2107 907 2170 959 de
2207 905 2322 973 ipso
2359 917 2462 955 non
2497 910 2705 967 parvus
2743 889 3166 962 professorum
3202 875 3489 932 veritatis
3527 887 3797 975 nume-rus

2106 963 2351 1065 asserit);
2394 963 2512 1045 neci
2532 1000 2707 1055 aquas
2757 997 2890 1035 cum
2947 971 3268 1031 nonnullis
3301 964 3659 1065 doctoribus
3701 963 3800 1065 lie-

2108 1056 2308 1149 lineis;
2332 1056 2436 1136 tam
2474 1079 2677 1150 priscis
2705 1087 2881 1144 quam
2913 1061 3416 1122 recentioribus,
3476 1056 3553 1150 ad
3601 1056 3800 1125 angeli-

2108 1192 2196 1230 cos
2237 1147 2457 1228 ordines
2477 1147 2691 1232 vrel‘ert,
2740 1163 2840 1218 sed
2891 1157 3168 1228 gentium
3206 1147 3547 1220 synagogis
3591 1161 3802 1201 accom-

2110 1265 2312 1324 modat,
2337 1275 2456 1326 qua:
2489 1257 2714 1326 quidem
2750 1245 3237 1306 scaturientibus
3271 1239 3462 1307 aquis
3501 1235 3721 1326 similes
3754 1237 3801 1288 in

2109 1319 2414 1416 niultijugas
2465 1319 2622 1405 ﬁdes,
2674 1348 2731 1394 et
2773 1334 3104 1391 multiﬁdas
3161 1326 3471 1416 derivatze
3519 1330 3582 1416 et
3628 1319 3804 1416 eﬂusac

2110 1411 2468 1500 suntid—aueo
2527 1433 2579 1484 in
2634 1443 2800 1482 unam
2847 1425 3235 1493 Synagogam
3297 1412 3542 1468 Christi
3600 1411 3805 1479 appari-

2113 1529 2254 1581 tione
2290 1539 2385 1594 per
2423 1530 2652 1592 augusta
2700 1518 3180 1584 conl'ragosaqne
3215 1508 3362 1562 loca
3396 1504 3659 1557 ﬂuentes
3690 1515 3805 1554 eoa-

2115 1618 2347 1670 luerunt.
2381 1632 2400 1664 ›
2450 1613 2607 1677 Quod
2639 1608 2823 1678 palam
2855 1608 2928 1660 de
2961 1603 3233 1670 Origene
3268 1595 3693 1666 praedicarunt
3717 1594 3804 1644 viri

2114 1720 2326 1778 graves,
2368 1705 2418 1757 id
2465 1701 2745 1754 inliciatur
2788 1696 3058 1756 Nicetas,
3099 1691 3151 1746 si
3199 1687 3407 1778 modo
3461 1685 3616 1778 ﬁdes
3649 1684 3806 1778 inter-

2041 1803 2082 1856 Β
2111 1773 2398 1862 pretatioui
2433 1789 2644 1843 Latinae
2691 1785 3017 1839 adhibenda
3067 1789 3193 1834 cst.
3260 1775 3544 1831 Notetnr
3602 1773 3805 1828 interitu

2107 1894 2367 1947 aquarum
2415 1875 2765 1946 ἐπουρανίων
2797 1870 3254 1940 expositionem
3294 1871 3384 1920 ab
3419 1863 3687 1918 Hebrteis
3711 1877 3810 1916 tua-

2104 1972 2285 2040 gistris
2318 1969 2666 2037 proﬂuxisse.

2180 2061 2254 2114 Ex
2289 2058 2668 2127 superioribus
2693 2053 2883 2122 colligi
2911 2061 3140 2122 potest,
3178 2051 3330 2105 haec
3364 2047 3626 2103 diversis
3651 2046 3808 2100 modis

2110 2153 2177 2205 ab
2209 2150 2444 2219 Origene
2475 2148 2649 2202 fuisse
2685 2145 2983 2214 exposita;
3039 2141 3520 2211 multiplicibus
3560 2151 3617 2194 et
3657 2140 3806 2192 variis

2104 2242 2350 2297 sensibus
2398 2255 2463 2294 ex
2503 2239 2745 2309 simplici
2797 2237 3017 2290 litterae
3065 2243 3390 2288 contextu
3438 2248 3550 2302 pro
3584 2242 3807 2299 tempore

2103 2333 2270 2387 erutis
2304 2341 2358 2385 et
2384 2331 2662 2394 evolutis,
2708 2342 2818 2382 non
2865 2327 3198 2379 destructo
3251 2335 3476 2378 tamen
3515 2334 3578 2378 et
3625 2323 3805 2377 abolito

2104 2427 2294 2479 litterae
2321 2438 2506 2478 sensu.
2538 2421 2597 2476 Si
2630 2422 2816 2476 minus
2845 2436 2912 2476 ea
2940 2421 3156 2488 placet
3178 2420 3549 2483 excusatio,
3579 2418 3807 2471 admitte

2104 2523 2191 2569 tur
2225 2513 2448 2568 forsitan
2477 2513 2600 2565 haec
2627 2512 2827 2574 altera,
2866 2511 3124 2580 angelos
3167 2510 3450 2580 intelligi
3492 2511 3568 2564 ab
3593 2509 3804 2579 Origene

2107 2606 2193 2674 qui
2236 2603 2390 2672 aquis
2430 2610 2701 2672 presunt,
2744 2603 2892 2656 sicut
2935 2601 3412 2655 universarum
3450 2617 3648 2655 rerum
3686 2614 3807 2669 prte-

2105 2695 2246 2750 sides
2280 2693 2502 2762 angelos
2543 2692 2728 2748 tinxit.
2782 2692 3050 2760 Legatur
3098 2694 3368 2747 decima
3418 2694 3552 2762 ejus
3586 2694 3642 2747 in
3675 2692 3808 2746 lere-

2106 2787 2264 2838 mitzm
2323 2785 2584 2847 homilia,
2648 2801 2802 2837 num.
2843 2786 2910 2849 6,
2977 2784 3040 2837 in
3105 2800 3238 2854 qua
3293 2787 3644 2840 doctrinam
3685 2786 3807 2838 hanc

2105 2878 2360 2943 explicat,
2409 2887 2574 2944 atque
2622 2875 2696 2926 ita
2741 2874 3039 2928 concludit
3077 2892 3094 2927 :
3145 2875 3389 2940 Οὕτως
3433 2876 3506 2948 δὴ
3553 2875 3689 2948 ἐρῶ,
3726 2877 3806 2930 καὶ

2105 2967 2208 3035 γῆν
2257 2965 2510 3032 λέγεσθαι
2560 2965 2654 3016 τὸν
2677 2965 2773 3017 ἐπὶ
2821 2965 2934 3033 γῆς
2956 2968 3375 3036 τεταγμένον
3409 2969 3683 3036 ἄγγελον,
3729 2968 3806 3020 καὶ

2105 3056 2246 3125 ὕδωρ
2275 3054 2527 3122 λέγεσθαι
2555 3055 2648 3107 τὸν
2689 3055 2785 3106 ἐπὶ
2822 3053 3042 3118 ὓδατος
3116 3059 3526 3128 τεταγμένον
3573 3058 3802 3128 ἄγγελθν,

2105 3147 2222 3198 καθ’
2271 3147 2296 3198 ὃ
2343 3147 2627 3199 λέλεκται·
2679 3146 2968 3199 Εἵδοσάν
2997 3163 3088 3201 σε
3141 3149 3405 3215 ὕδατα,
3458 3156 3495 3205 d
3537 3153 3705 3219 Θεὸς,
3734 3152 3805 3206 ει-

2103 3234 2294 3286 δςισάν
2331 3250 2406 3286 σε
2445 3235 2659 3290 ὕδατα.

2176 3322 2228 3376 lu
2268 3323 2524 3392 Origenis
2569 3326 2909 3379 sententiam
2968 3325 3108 3382 fere
3176 3334 3493 3388 concedit
3533 3335 3807 3403 Gregorius

2105 3411 2379 3481 Nyssenus
2408 3414 2504 3466 lib.
2533 3415 2587 3467 in
2612 3413 3045 3481 Hexaemeron;
3085 3435 3239 3474 natn
3280 3439 3493 3494 aquas
3536 3427 3662 3480 illas
3690 3440 3806 3494 quas

2107 3505 2173 3553 ah
2215 3503 2368 3569 aquis
2401 3503 2756 3559 inferioribus
2786 3506 2968 3559 Deum
3002 3510 3327 3568 divisisse
3372 3528 3588 3571 narrat
3617 3518 3805 3588 Moyses

2107 3592 2343 3644 secundo
2368 3595 2670 3647 creationis
2696 3596 2810 3657 die,
2837 3597 3137 3655 coalestes
3168 3603 3457 3661 virtutes
3491 3609 3804 3678 interpreta-

2109 3690 2226 3744 tur;
2271 3689 2327 3731 at
2366 3681 2660 3738 inferiores
2707 3700 2890 3753 aquas
2939 3704 3056 3756 pro
3117 3695 3318 3750 malis
3377 3702 3614 3770 angelis
3649 3702 3805 3755 neuti-

2111 3785 2269 3838 quam
2305 3771 2557 3862 accipere
2605 3789 2666 3827 se
2711 3777 2998 3831 declarat.
3057 3782 3331 3842 Placuit
3369 3804 3613 3862 quoque
3643 3792 3806 3860 opinio

2110 3862 2298 3915 isllttnc
2332 3861 2642 3929 Augustino
2695 3865 2794 3919 lib.
2826 3884 2936 3922 xm
2981 3870 3277 3943 Confess.
3307 3921 3329 3945 ,
3387 3861 3529 3952 cap.
3571 3885 3658 3938 l5.
3699 3885 3808 3937 Tale

2110 3955 2270 4006 etiam
2295 3955 2500 4022 aliquid
2527 3958 2590 4008 ad
2615 3955 2889 4026 Origenis
2925 3969 3303 4034 exemplum
3343 3986 3717 4031 commentus
3739 3984 3808 4028 est

2112 4043 2586 4138 IsidorusOri‘gin.
2619 4047 2716 4102 lib.
2751 4065 2870 4117 vn,
2906 4067 3046 4122 cap.
3079 4057 3148 4113 5.
3199 4080 3220 4112 ι
3265 4063 3498 4133 Unde,
3536 4069 3741 4138 inquit.
3766 4075 3810 4120 et

2111 4145 2228 4202 post
2259 4136 2376 4187 coeli
2424 4137 2765 4192 creationem
2813 4144 2872 4194 in
2925 4146 3256 4219 principio
3301 4136 3665 4226 reperitur:
3701 4157 3806 4210 Fiat

2115 4224 2518 4291 ﬁrmamentum,
2546 4237 2591 4278 et
2619 4239 2876 4282 vocatum
2901 4245 2986 4287 est
3014 4224 3498 4302 ﬁrmamentum
3525 4249 3717 4302 caelum
3741 4250 3806 4312 ”;

2117 4315 2365 4367 nimirum
2412 4311 2712 4372 ostendens
2762 4324 2920 4389 quod
2977 4340 3128 4395 post
3193 4336 3457 4392 ruinam
3505 4341 3807 4411 angelorum

471 4425 587 4480 qua:
609 4425 766 4478 super
790 4411 953 4466 ccelos
973 4421 1118 4473 sunt,
1160 4427 1351 4466 nomen
1378 4413 1582 4464 Domini
1609 4413 1674 4464 ‘9.
1695 4429 1715 4463 ι
1758 4411 2006 4466 Attamen
2047 4421 2086 4472 ι)
2120 4405 2381 4458 malorum
2415 4405 2469 4458 hi
2503 4407 2596 4473 qui
2630 4423 3093 4476 permanserunt
3123 4461 3142 4485 ,
3206 4405 3812 4487 ﬁrmitatem-sle");

473 4501 527 4554 in
554 4500 722 4569 prima
745 4502 798 4554 in
833 4498 1068 4554 Cenesim
1099 4502 1338 4565 homilia,
1370 4517 1512 4556 num.
1541 4502 1595 4565 2,
1623 4517 1740 4571 quae
1773 4503 1837 4557 de
1861 4506 2014 4572 aquis

471 4590 572 4645 illis
610 4591 967 4658 superioribus
1009 4601 1062 4645 et
1114 4591 1456 4646 inferioribus
1498 4593 1642 4662 agit,
1675 4592 1851 4646 simile
1880 4593 2011 4647 nihil

473 4679 731 4745 oll‘endas,
775 4680 864 4734 sed
899 4682 1202 4734 consimiles
1231 4681 1535 4749 allegorias,
1578 4681 1769 4748 quibus
1798 4682 1933 4736 cwlo
1961 4691 2014 4736 et

476 4770 811 4822 ﬁrmamento
848 4769 1104 4836 spiritalia
1147 4779 1205 4822 et
1247 4783 1501 4836 corporea
1539 4768 1828 4837 signiﬁcari
1862 4770 2007 4836 vult;

473 4859 623 4927 aquis
664 4874 791 4911 vero
841 4873 958 4926 quae
1008 4871 1132 4912 sunt
1174 4875 1332 4928 supra
1367 4860 1776 4923 lirmamentum,
1829 4876 2006 4914 rerum

472 4949 770 5021 caelestium
806 4949 1077 5016 mysteria.
1111 4949 1271 5001 Certe
1295 4947 1506 5001 Nicetas
1547 4948 1639 5000 lib.
1665 4963 1717 5001 tv
1754 4947 2005 5003 Tltesaur.

472 5035 747 5088 orthodox.
795 5034 888 5101 [Μ.
912 5073 924 5093 .
961 5035 1087 5087 hrer.
1132 5049 1259 5088 χχιιι
1282 5075 1297 5100 ,
1333 5050 1500 5104 aquas
1538 5035 1654 5089 illas
1694 5050 1813 5089 cum
1849 5053 2012 5104 ange-

454 5123 590 5176 licis
635 5121 914 5174 ordinibus
948 5120 1228 5191 Origenem
1273 5138 1536 5191 nusquam
1573 5124 1864 5179 contulisse
1913 5127 2008 5193 ait,

541 5215 580 5244 "
613 5215 766 5267 Deut.
797 5229 945 5266 χχχιι
973 5253 987 5276 ,
1022 5215 1071 5267 l.
1147 5215 1190 5246 “
1222 5215 1364 5270 Psal.
1393 5231 1628 5282 cxxxvn,
1663 5219 1711 5270 1.

541 5307 652 5379 ('50)
687 5307 857 5380 ujus
883 5309 1086 5380 quidem
1109 5310 1354 5380 doctrina:
1377 5312 1584 5379 vestigia
1617 5311 1875 5380 quaedam,
1901 5324 2004 5368 etc.

469 5378 678 5431 Catena:
725 5379 772 5429 in
825 5378 1172 5448 psal.7xxvnt.
1206 5379 1256 5438 5,
1315 5380 1452 5432 aliud
1480 5378 1828 5448 fragmentum
1859 5382 2010 5433 exhi-

473 5447 632 5519 bent,
654 5451 702 5498 in
723 5462 830 5519 quo
848 5447 1314 5519 Δ(διίηῇιιςιᾷιΙι-ιιειιςίιιιι
1333 5449 1454 5519 haec
1481 5447 1803 5519 exprimitur
1823 5467 1835 5498 :
1859 5450 2008 5519 Φωνὴ

476 5514 569 5580 μὲν
594 5515 794 5580 Κυρίου
837 5514 1016 5578 ἁπλῶς
1053 5517 1140 5568 ἐπὶ
1167 5516 1268 5568 τῶν
1297 5517 1518 5576 ὑδάτων,
1551 5514 1722 5576 uoco;
1763 5515 1817 5566 δὲ
1849 5517 1876 5566 ὀ
1903 5514 2011 5568 Κύέ

478 5595 585 5654 pte;
613 5583 702 5634 ἐπὶ
735 5584 936 5654 ὑδάτων
965 5585 1183 5637 πολλῶν.
1226 5585 1547 5654 Αογικὰς¹δὲ
1578 5585 1762 5654 φύρεις
1796 5584 1890 5654 νῧνν
1918 5602 2011 5654 ση-

481 5650 670 5721 μαίνει.
695 5653 759 5704 τὰ
805 5653 983 5706 ὕδατα.
1030 5650 1368 5720 Γενηθήτω,
1425 5650 1599 5725 φησὶ(
1633 5652 1694 5705 τὸ
1726 5650 2016 5722 στερέωμα

1791 5217 1833 5248 ¹⁹
1867 5215 2005 5272 l’sal.
2035 5236 2253 5287 csum,
2285 5223 2338 5277 4.

2117 4497 2534 4589 perseverantia:
2552 4505 2847 4556 consecuti
2873 4519 3042 4571 sunt,
3076 4514 3256 4571 nullo
3277 4518 3412 4586 jam
3436 4521 3608 4589 lapsu
3627 4522 3808 4586 aversi,

2119 4584 2262 4637 nulla
2287 4585 2538 4653 superbia
2569 4590 2866 4658 cadentes,
2901 4601 3012 4652 sed
3058 4584 3345 4665 ﬁrmiter
3388 4613 3451 4666 in
3500 4584 3611 4669 ‘Dei
3644 4584 3812 4668 amore

2115 4686 2168 4728 et
2194 4676 2654 4743 contemplatione
2691 4695 3026 4754 manentes,
3095 4697 3261 4753 nihil
3309 4703 3483 4760 aliud
3519 4707 3687 4763 dulce
3729 4705 3812 4760 ba-

2116 4765 2263 4828 bent,
2297 4765 2398 4817 nisi
2426 4778 2548 4818 eum
2582 4785 2613 4820 a
2644 4785 2759 4839 quo
2795 4782 2984 4832 creati
3027 4794 3210 4842 sunt.
3251 4810 3274 4843 ι

2187 4856 2275 4910 Xl.
2311 4857 2384 4959 De
2409 4859 2735 4926 angelorum
2778 4864 3100 4959 libertate,
3148 4884 3426 4952 meritis,
3477 4891 3689 4959 gratia.
3741 4902 3809 4942 r0-

2118 4948 2488 5001 π¹¹¹¹¹θτ³¹ί⁰ηθ
2539 4964 2605 5004 ac
2638 4956 2828 5020 Pmnis
2865 4963 3058 5018 multa
3092 4948 3420 5041 Origenes
3453 4948 3534 5035 ενι)
3562 4948 3811 5038 Ecclesia

2119 5053 2302 5090 norma
2340 5040 2545 5092 deﬂexa
2595 5049 2794 5116 excogi

2207 5055 2302 5140 una
2340 5055 2545 5143 deuexa
2595 5055 2974 5116 excogitavit.
3029 5057 3311 5122 Naturas
3349 5074 3586 5143 quippe
3637 5090 3810 5130 omnes

2117 5137 2324 5181 ratione
2377 5146 2405 5197 p

2417 5133 2638 5236 anilitas
2703 5143 2876 5198 unius
2937 5162 3081 5205 esse
3149 5133 3566 5235 ejusdemque
3622 5167 3809 5236 speciei

2416 5222 2463 5254 ’°
2493 5227 2635 5280 Gen.
2671 5246 2713 5298 l,
2749 5235 2806 5297 ti,
2842 5237 2899 5291 8.

2111 5317 2180 5368 ἐν
2192 5317 2386 5394 μέσῳΔ
2397 5319 2505 5394 τοῦ
2535 5322 2767 5394 ὕδατος
2791 5371 2806 5392 ,

2114 5335 2370 5395 ergata)
2398 5335 2767 5406 motionem
2791 5371 2806 5392 ,
2829 5335 2946 5416 ,περὶ
2983 5338 3171 5396 ἔστω
3209 5345 3628 5419 διαχωρίζον.
3673 5355 3807 5408 «Vox

2114 5394 2355 5467 quidem“
2375 5391 2591 5467 υυιιιιιιι
2648 5406 3000 5467 smnpltcuer
3050 5425 3152 5466 est
3187 5432 3378 5467 super
3418 5439 3611 5467 anime
3644 5441 3657 5467 τ
3702 5426 3806 5467 inse

2461 5418 2591 5491 ἑτι-ιιι
2645 5418 3000 5491 ξιιιιιιιιοιιει·
3050 5425 3152 5466 est
3187 5432 3378 5491 super
3418 5418 3657 5491 aquas;
3702 5426 3806 5491 ipse

2117 5458 2585 5548 ίᾞξξῖ¹ξζ¹ἶ91¹ξ¹¹θξ¹⁵
2645 5483 2820 5548 sui“?
2875 5491 3062 5545 aquas
3114 5458 3368 5542 mult'as:

2280 5543 2288 5552 α
2719 5527 2731 5537 .
2774 5541 2785 5552 ο
2924 5527 2946 5545 κ,
2978 5527 3059 5532 ην-
3114 5527 3368 5542 ---.......,.
3422 5527 3798 5548 ...ηιυηηνιιω

2118 5527 2821 5632 2221:3135“!an“(ﬁgis
2873 5549 3326 5632 signiﬁcantur.
3377 5558 3523 5614 Fiat
3553 5604 3571 5629 ,
3612 5564 3798 5632 inquit,

2121 5591 2510 5687 frustra???
2538 5604 2595 5656 θη
2632 5591 2818 5687 ημὲςιεὸ
2833 5591 3583 5687 ,ιῑάῑῑὲ“.“”ε“ἓ”ὲῆ’ῑιειξᾶἕῖ,;.
3612 5591 3796 5687 ῒἭέἑῗ

2123 5671 2336 5717 exstant
2364 5678 2572 5729 nostra:
2609 5679 2879 5740 editionis
2907 5671 3057 5743 ἰυιιιξ
