3894 6442
138 378 311 491 ρί⁷

1075 410 1638 471 ORIGENIANORUM
1677 411 1805 467 LIB.
1845 410 1911 478 ll,
1945 413 2096 470 CAP.
2137 413 2204 482 Il,
2234 414 2503 484 QUEST.
2536 418 2607 475 Ὗ.

3331 419 3438 481 858

504 512 767 588 Αηαοιοε
802 539 986 591 autem
1016 534 1181 588 bonos
1210 543 1265 588 et
1296 535 1485 599 malos,
1528 543 1582 588 et
1609 534 1812 588 animas
1840 540 1887 596 Α
1914 536 1994 589 dis
2025 532 2324 604 opinionem
2369 538 2505 594 inter
2533 538 2824 611 pracipuos
2860 551 3072 595 errores
3097 536 3307 607 Origeni
3343 553 3437 592 ex-

198 602 549 684 \Qminmus
571 622 641 666 ac
675 616 964 678 sideribus
994 624 1190 678 inditas
1222 624 1272 677 iu
1314 639 1433 678 eum
1475 639 1690 679 censum
1724 639 1809 677 re-

233 693 388 764 “,l'tt,
424 704 489 751 ut
538 712 716 770 supra
767 716 1047 764 ostensum
1094 721 1196 764 est.
1247 710 1349 764 llas
1387 720 1509 766 ante
1562 712 1809 766 mundum

261 800 474 851 naturas
503 805 536 845 a
570 790 689 850 Deo
721 798 973 853 conditas
1023 800 1185 855 fuisse
1232 810 1379 855 ratus
1413 810 1527 865 est,
1574 815 1637 855 ac
1680 802 1814 857 bene

262 885 339 941 vel
388 883 530 938 male
581 888 781 953 agendi
826 888 1080 944 facultate
1125 892 1430 953 instructas,
1483 906 1587 960 qua
1636 891 1812 959 prius-

259 990 420 1042 quam
449 984 766 1041 merentur,
814 978 971 1043 νόας,
1024 980 1122 1034 hoc
1154 990 1234 1033 est
1278 991 1464 1033 meum
1494 980 1691 1045 fuisse;
1719 980 1812 1035 sed

257 1063 444 1119 statim
469 1076 533 1116 ea
564 1077 714 1129 usas,
741 1075 796 1118 et
824 1067 1050 1121 diversis
1075 1068 1286 1136 quidem
1318 1069 1511 1134 modis,
1540 1084 1664 1124 cum
1694 1070 1814 1126 alia:

254 1151 308 1205 in
344 1152 562 1213 vitium.
603 1153 658 1206 in
714 1155 969 1210 virtutem
1006 1157 1122 1212 alia:
1169 1159 1453 1223 ferrentur,
1487 1174 1582 1228 pro
1609 1161 1813 1215 meritis

245 1253 372 1295 esse
414 1240 659 1305 habitas,
693 1254 747 1299 et
776 1247 971 1314 partim
1010 1247 1243 1302 admisso
1273 1250 1474 1304 scelere
1507 1249 1559 1303 in
1590 1249 1812 1319 profun-

246 1329 378 1382 dum
449 1329 806 1395 deturbatas,
857 1333 1050 1401 partim
1111 1335 1270 1388 etiam
1321 1345 1536 1404 propter
1586 1337 1814 1391 leviores

237 1433 425 1472 noxas
469 1433 503 1473 e
547 1421 919 1487 superioribus
969 1423 1243 1479 ordinibus
1286 1424 1519 1492 dejectas
1563 1428 1628 1480 ad
1683 1425 1814 1480 inle—

240 1508 429 1563 riores
464 1511 771 1575 transiisse,
799 1525 851 1566 et
876 1516 942 1568 ad
980 1514 1260 1568 animanda
1288 1529 1499 1583 quoque
1537 1514 1812 1568 hominum

231 1611 480 1665 corpora
530 1614 655 1656 esse
701 1602 998 1668 demissas;
1052 1604 1182 1657 adeo
1233 1611 1299 1656 ut:
1333 1616 1649 1672 quocunque
1694 1603 1813 1658 loco

230 1686 375 1749 sint,
410 1698 703 1756 acceptum
734 1689 785 1742 id
812 1692 1018 1746 meritis
1055 1693 1165 1747 suis
1192 1690 1392 1746 referre
1418 1693 1680 1746 debeant:
1709 1691 1810 1761 ψυ-

226 1775 343 1848 χὰς
371 1786 589 1842 autem,
624 1777 725 1832 hoc
749 1788 832 1833 est
855 1781 1079 1840 animus,
1109 1789 1230 1834 tunc
1251 1781 1505 1851 evasisse,
1534 1789 1809 1849 postquam

1907 623 2147 692 probrari
2184 623 2371 678 solitos
2409 634 2685 679 enumerat
2731 636 2916 681 auctor
2962 639 3256 694 anonymus
3299 624 3434 690 apud

1908 709 2150 765 Photium
2192 712 2312 766 cod.
2350 725 2512 767 cxvtt.
2557 713 2844 770 Enumerat
2881 724 2936 768 et
2980 714 3139 768 istum
3173 730 3187 766 :
3226 713 3345 764 ’Ότι
3373 714 3437 764 ἐκ

1910 794 2302 859 καταπτώσεως
2338 792 2497 865 ἦλθον
2530 798 2580 848 οἱ
2617 797 2757 865 ἅγιοι
2786 799 2922 870 (lego
2959 799 3191 870 ἄγγελοι)
3231 800 3307 867 εἰς
3345 797 3438 854 τὸν

1911 886 2108 956 κόσμον
2127 926 2142 951 ,
2183 884 2295 938 ἀλλ’
2325 886 2383 937 οὐ
2414 884 2478 937 δι’
2503 885 2697 956 ἐτέρων
2732 887 3037 959 θεραπείαν.
3072 907 3089 939 ι
3120 889 3345 958 Angelus
3384 888 3435 941 in

1912 974 2159 1026 mundmn
2191 988 2254 1026 ex
2280 973 2449 1040 lapsu,
2494 989 2597 1026 non
2638 986 2852 1044 prapter
2881 977 3099 1030 aliorum
3125 979 3434 1046 obsequium

1910 1062 2140 1118 venisse.
2166 1080 2186 1113 υ
2220 1061 2552 1116 Justinianus
2581 1072 2832 1131 praeterea
2868 1065 2918 1117 in
2947 1067 3165 1133 epistola
3196 1067 3261 1119 ad
3288 1066 3437 1136 quin-

1911 1159 2014 1205 tam
2047 1153 2302 1221 synodum
2325 1191 2339 1215 ,
2379 1167 2533 1220 quam
2565 1153 2754 1206 recitat
2777 1150 3073 1219 Cedreuus,
3110 1164 3164 1209 et
3205 1155 3437 1225 Sophro-

1912 1240 2029 1294 nius
2064 1241 2116 1293 in
2151 1240 2372 1310 epistola
2412 1242 2478 1295 ad
2506 1239 2768 1311 Sergium,
2797 1242 3027 1311 ejusdem
3057 1246 3293 1297 criminis
3317 1245 3436 1298 Ori-

1913 1342 2098 1396 genem
2140 1339 2444 1394 arcessunt;
2500 1330 2719 1385 arcessit
2752 1332 2977 1397 denique
3023 1340 3076 1384 et
3107 1331 3164 1387 S.
3205 1331 3437 1388 Thomas

1909 1430 1964 1486 p.
2003 1432 2056 1481 ι,
2082 1432 2134 1484 q.
2165 1417 2231 1470 64
2253 1458 2268 1481 ,
2307 1432 2356 1471 a.
2385 1418 2449 1483 2,
2482 1428 2535 1474 et
2574 1420 2627 1474 in
2674 1419 3011 1488 Expositione
3052 1435 3209 1472 aurea
3237 1423 3291 1473 in
3316 1421 3434 1474 labi

1913 1517 2060 1573 caput
2095 1521 2166 1567 tv,
2197 1509 2486 1561 cavendum
2516 1508 2591 1563 ait
2617 1509 2682 1563 ab
2713 1508 2946 1578 hocejus
2973 1524 3172 1570 errore,
3198 1526 3301 1578 quo
3329 1511 3436 1580 spi-

1914 1597 2044 1650 ritus
2092 1611 2435 1666 quoscunque
2483 1610 2691 1653 creatos
2747 1598 3023 1653 instabiles
3079 1600 3324 1664 aSseruit,
3379 1608 3434 1654 et

1908 1699 2062 1754 posse
2091 1686 2154 1738 ad
2184 1689 2500 1754 pravitatem
2531 1688 2768 1755 perduci.

1977 1774 2110 1830 XIII.
2127 1775 2489 1830 Consulendus
2507 1778 2571 1830 ad
2585 1777 2695 1832 haec
2717 1777 2973 1831 Maximus
2990 1788 3190 1846 martyr
3207 1779 3257 1830 in
3279 1777 3436 1830 scho-

227 1867 305 1918 ab
350 1882 552 1921 amore
583 1866 675 1921 Dei
709 1867 926 1923 fuerunt
954 1869 1312 1939 ἁποψυγεῖσαι
1333 1908 1348 1933 ,
1393 1870 1492 1925 hac
1525 1886 1646 1924 vero
1671 1870 1812 1924 arbi-
1840 1865 1882 1918 Β
1910 1864 1992 1918 liis
2016 1865 2082 1917 ad
2109 1879 2227 1933 cap.
2256 1865 2288 1919 6
2316 1865 2552 1934 Dionysii
2586 1865 2659 1919 De
2682 1867 3006 1921 ecclesiastic.
3041 1868 3321 1930 Iiierarclt.,
3346 1867 3433 1921 ubi

228 1955 327 2006 trii
374 1955 639 2008 libertate
669 1958 966 2011 etiamnum
1007 1970 1230 2013 naturas
1278 1959 1390 2013 illas
1424 1959 1708 2013 rationales
1735 1960 1805 2014 ita

228 2043 376 2108 frui,
420 2046 542 2098 sive
577 2044 831 2100 humanis
869 2048 1177 2113 corporibus
1211 2048 1526 2117 implicatae,
1554 2048 1665 2102 sive
1696 2047 1805 2101 ἀξο-

228 2149 439 2188 tnoncs
488 2134 650 2187 factae
694 2135 840 2200 sint,
889 2137 1000 2191 sive
1049 2137 1345 2207 angelicum
1398 2139 1636 2191 ordinem
1678 2137 1805 2190 retis

230 2234 448 2289 neaut,
486 2234 546 2278 ut
584 2240 723 2278 nova
756 2226 982 2280 subinde
1029 2237 1241 2295 peccata
1285 2227 1335 2279 in
1383 2241 1440 2281 se
1483 2227 1803 2295 concipiant,

231 2315 320 2367 vel
356 2314 623 2368 virtuti-ut
661 2314 1074 2381 amplectantur,
1105 2326 1158 2370 et
1200 2330 1295 2384 pro
1331 2325 1472 2370 recte
1500 2324 1590 2369 aut
1619 2317 1807 2385 nequi«

230 2414 319 2457 ter
347 2405 551 2469 gestis,
589 2404 677 2456 vel
704 2406 1070 2471 deprimantur
1096 2407 1147 2459 in
1194 2405 1464 2469 inferiora,
1495 2407 1575 2460 vel
1611 2407 1677 2460 ad
1717 2423 1806 2460 su-

230 2494 466 2560 periora
499 2494 912 2547 conscendant:
946 2494 1235 2561 perniutari
1262 2509 1388 2564 ergo
1429 2495 1643 2550 ordines
1670 2495 1802 2560 illos,

230 2594 289 2637 et
330 2598 405 2637 ex
441 2583 657 2652 angelis
701 2584 964 2647 homines,
1001 2599 1064 2638 ex
1098 2584 1400 2638 hominibus
1439 2587 1722 2650 daemones,
1753 2594 1807 2639 et

232 2672 490 2727 vicissim
533 2673 707 2737 alios,
746 2673 986 2741 aliosque
1025 2673 1248 2727 evadere
1281 2691 1295 2727 :
1341 2673 1605 2728 diabolum
1653 2689 1680 2727 a
1713 2688 1804 2728 ne-

230 2762 418 2830 quitia
447 2760 674 2829 quidem
703 2761 768 2812 ad
797 2760 1012 2814 meliora
1051 2774 1204 2828 posse
1231 2760 1489 2823 converti,
1518 2761 1610 2815 sed
1645 2760 1801 2825 nolle,

228 2858 289 2904 ct.
321 2850 377 2901 in
415 2849 647 2917 perﬁdia
680 2864 771 2902 sua
801 2848 1119 2902 destinatum
1147 2848 1431 2904 obdurare.
1454 2847 1648 2904 Gratia:
1679 2864 1805 2904 vero

230 2922 537 3002 "auxilium,
581 2938 725 3005 quod
756 2936 971 3005 angelos
1011 2937 1061 2990 in
1098 2938 1380 2994 sanctitate
1426 2940 1722 3002 conﬁrmat,
1753 2946 1808 2993 et

233 3043 268 3083 ι
299 3027 556 3099 peccatis
589 3025 872 3095 prohibet;
912 3027 996 3080 vel
1026 3026 1257 3094 ejusdem
1302 3029 1487 3098 gratia:
1517 3028 1803 3093 defectum,

235 3134 349 3184 quo
382 3119 464 3180 lit,
502 3128 563 3171 ut
595 3133 623 3168 a
654 3116 890 3184 nequitia
917 3116 1179 3172 daatnones
1213 3133 1313 3171 non
1338 3128 1634 3188 emergant,
1663 3117 1804 3172 nullo

236 3207 409 3259 modo
439 3205 660 3258 videtur
693 3217 1002 3270 agnoscere.
1032 3203 1287 3257 Futurum
1317 3215 1494 3258 autem
1521 3204 1804 3273 aliquandi-

237 3306 426 3364 putat,
458 3303 520 3347 ut
548 3303 759 3346 natura!
792 3292 897 3346 illa:
925 3306 1127 3356 omnes,
1160 3292 1271 3348 sive
1317 3294 1642 3362 angelorum,
1690 3293 1807 3348 sive

237 3386 585 3445 daemonum,
606 3382 721 3435 sive
741 3381 1033 3444 hominum,
1055 3396 1266 3434 causam
1288 3382 1467 3436 dicant
1486 3397 1659 3437 coram
1673 3382 1804 3448 Deo,

238 3484 295 3527 et
327 3488 516 3526 rerum
557 3486 589 3523 a
641 3484 700 3523 se
732 3478 999 3536 gestarum
1033 3470 1286 3522 rationem
1326 3470 1562 3537 reddant,
1606 3486 1667 3526 ac
1711 3486 1807 3539 pro

245 3558 468 3612 meritis
508 3564 884 3618 exornentur;
942 3554 1156 3606 interim
1194 3555 1382 3623 {tamen
1448 3559 1621 3612 varios
1689 3558 1806 3613 illos

240 3649 472 3703 ordines
519 3658 587 3697 ac
616 3653 790 3697 status
830 3658 925 3711 pro
962 3645 1242 3697 virtutibus
1269 3659 1332 3698 ac
1361 3646 1502 3700 vitiis
1533 3648 1803 3717 consequi.

316 3735 439 3790 XII.
494 3734 722 3787 Summa
772 3735 887 3786 haec
927 3743 1007 3787 est
1037 3733 1365 3802 Origeniana:
1407 3734 1470 3788 de
1505 3737 1804 3803 angelorum

244 3837 452 3884 natura
502 3833 562 3878 et
605 3822 814 3876 meritis
859 3823 1145 3885 doctrinm,
1194 3836 1350 3890 quam
1397 3827 1649 3879 conviciis
1697 3828 1808 3882 suis

244 3917 517 3972 Ecclesiae
549 3914 743 3969 Patres
790 3913 1164 3977 perlnderunt;
1200 3911 1498 3968 Methodius
1546 3917 1807 3983 praecipue

244 4008 299 4059 in
334 4007 479 4060 libro
504 4004 583 4057 De
612 4003 1025 4066 resurrectione;
1061 3998 1383 4068 Theophilus
1407 4003 1804 4059 Alexandrinus

241 4094 506 4149 Paschal.
536 4093 562 4145 I
593 4105 649 4146 et
669 4092 738 4155 2;
779 4090 1104 4158 Epiphanius
1129 4088 1181 4142 in
1205 4091 1361 4158 epist.
1389 4090 1455 4143 ad
1478 4091 1627 4146 Joan.
1659 4092 1807 4147 Jeru-

237 4183 448 4251 solym.
472 4220 490 4244 ,
540 4194 662 4249 cap.
689 4178 815 4240 λοι
848 4178 1054 4244 _h:1:t‘es.
1083 4192 1236 4240 thv,
1269 4193 1386 4246 cap.
1416 4178 1488 4241 ις
1536 4178 1808 4234 Nemesius

240 4274 325 4327 De
370 4283 571 4325 natura
599 4270 842 4330 hominis,
880 4282 996 4337 cap.
1020 4269 1090 4332 5;
1127 4267 1377 4322 Leontius
1409 4268 1661 4325 Scholior.
1689 4270 1802 4325 Act.

243 4361 339 4428 ιο,
370 4360 531 4427 cujus
562 4360 723 4412 verba
750 4371 910 4425 supra
938 4357 1290 4423 adduximus;
1326 4357 1668 4427 Hieronymus
1685 4374 1801 4411 cum

1906 1938 2359 2006 animadversione
2374 1954 2585 2023 dignum
2602 1964 2682 2007 est
2698 1956 2833 2022 quod
2857 1958 2932 2009 ait
2949 1972 3012 2010 ex
3030 1955 3275 2026 Origene,
3295 1955 3435 2010 κατὰ

1905 2040 2002 2108 τὴν
2020 2040 2301 2109 ἀναλογίαν
2321 2041 2420 2111 τῆς
2446 2043 2789 2113 παρατροπῆς
2811 2043 3031 2095 ἕκαστον
3049 2043 3154 2095 τῶν
3178 2045 3235 2096 οὐ
3245 2046 3437 2113 pavle

1905 2130 2195 2200 ταγμάτων
2219 2129 2460 2200 σώμασιν
2489 2130 2755 2200 ἐνδεθῆναι
2782 2130 3132 2202 λεπτοτέροις.
3162 2152 3179 2183 t
3206 2133 3308 2187 Pro
3329 2135 3434 2188 cri-

1905 2224 2062 2276 minis
2114 2223 2318 2276 ratione
2371 2238 2795 2291 unumquemque
2849 2226 3093 2280 ordinum
3141 2227 3432 2281 cmlestium

1903 2312 2214 2385 corporibus
2245 2313 2572 2365 tenuioribus
2600 2313 2811 2385 illigari.
2841 2333 2860 2365 ι
2893 2314 3175 2368 Contraria
3208 2317 3437 2373 Maximo

1902 2402 2063 2467 tradit
2090 2401 2411 2469 Augustinus
2444 2401 2614 2455 librat
2641 2401 2716 2455 De
2734 2384 2874 2456 civit.
2906 2403 3015 2469 Dei,
3047 2419 3161 2472 cap.
3188 2406 3279 2472 25,
3307 2420 3432 2460 sen-

1903 2490 2036 2543 sisse
2079 2489 2258 2544 dicens
2291 2488 2570 2557 Origenem
2615 2491 2821 2544 animas
2866 2507 2962 2561 pro
3009 2494 3212 2548 ratione
3242 2509 3432 2567 pecca-

1902 2586 2073 2633 torum
2109 2593 2322 2632 suorum
2350 2578 2594 2646 graviora
2638 2594 2860 2648 corpora
2904 2581 3156 2648 induere;
3189 2585 3328 2653 quod
3362 2585 3435 2638 ita

1902 2670 2193 2738 impugnat,
2220 2667 2273 2722 id
2306 2669 2351 2721 si
2385 2668 2454 2722 sit
2478 2705 2496 2732 ,
2524 2669 2737 2736 gravius
2763 2670 2982 2722 dzentoni
3007 2670 3214 2739 adjungi
3242 2671 3437 2729 debere

1902 2773 2097 2825 corpus
2120 2772 2276 2825 quam
2315 2757 2539 2822 homini,
2570 2766 2748 2824 utpote
2775 2759 2861 2824 qui
2891 2758 3008 2826 plus
3039 2760 3291 2827 peccarit.
3327 2758 3435 2812 Du-

1903 2848 2035 2901 bitat
2080 2846 2315 2914 prol‘ecto
2352 2846 2606 2915 Origenes
2646 2855 2764 2898 utra
2806 2845 3028 2901 inferior
3072 2849 3142 2902 sit
3180 2848 3437 2903 d:emonis

1904 2947 2113 2999 natura,
2144 2950 2207 2988 an
2238 2934 2466 2988 hominis
2499 2934 2675 3004 (quam
2716 2936 2947 3006 angelica
2973 2938 3135 2988 etiam
3175 2946 3433 3002 prtestan~

1907 3027 2091 3080 liorem
2144 3040 2263 3080 esse
2303 3023 2660 3080 Tcrtullianus
2709 3025 2801 3080 lib.
2847 3041 2883 3078 ιι
2933 3036 3109 3078 contra
3140 3024 3432 3090 Marciam,

1905 3133 2022 3187 cap.
2048 3117 2099 3179 8,
2131 3115 2444 3186 autumavit)
2489 3116 2814 3184 proindeque
2859 3116 3082 3170 delinire
3126 3131 3227 3169 non
3263 3126 3436 3183 potest

1906 3215 2073 3259 utram
2110 3205 2347 3273 suscipit,
2377 3205 2465 3274 qui
2516 3205 2819 3273 graviorum
2871 3204 3149 3258 scelerum.
3178 3218 3297 3258 reus
3328 3203 3381 3257 lit
3417 3221 3431 3258 :

1916 3294 2229 3364 Ἐπίστησον
2274 3293 2362 3358 δὲ,
2410 3293 2578 3361 inquit
2622 3303 2788 3347 tom.t
2834 3294 2889 3347 in
2922 3292 3120 3358 10am,
3166 3310 3313 3349 num.
3344 3296 3435 3360 54,

1903 3381 2122 3451 πότερον
2150 3379 2426 3452 ἄνθρωπός
2467 3382 2580 3433 ἐστι
2616 3381 2674 3433 τὸ
2703 3381 2940 3450 ἔσχατον,
2978 3381 3010 3452 ἢ
3039 3381 3105 3434 τὰ
3137 3382 3439 3453 καλούμενα

1903 3469 2242 3540 καταχθόνια,
2282 3463 2355 3523 ὧν
2391 3471 2493 3522 εισι
2528 3470 2621 3523 καὶ
2658 3473 2705 3522 οἱ
2746 3470 3027 3540 δαίμονες,
3062 3471 3176 3540 ἦτοι
3216 3472 3433 3537 πάντες,

1905 3562 1938 3633 ἦ
1964 3579 2123 3625 τινες.
2158 3562 2218 3615 Ει
2241 3560 2395 3628 paulo
2422 3560 2671 3628 superius
2696 3577 2708 3612 :
2741 3558 2895 3612 Οὕτω
2911 3562 3003 3613 καὶ
3017 3561 3091 3631 τῷ
3114 3561 3310 3632 λογικῷ
3334 3578 3433 3615 κα-

1903 3651 2158 3704 ταϐατέον
2192 3651 2283 3704 ἐπὶ
2307 3651 2529 3720 ἔσχατον
2555 3649 2787 3717 λογικὸν,
2821 3650 2959 3718 τάχα
2983 3650 3080 3702 οὐκ
3105 3650 3229 3704 ἄλλο
3267 3669 3317 3704 τι
3344 3652 3436 3705 τοῦ

1903 3740 2180 3811 ἀνθρώπου
2204 3740 2482 3810 τυγχάνον.
2520 3737 2852 3793 Postremum
2882 3739 2968 3792 hic
2997 3738 3168 3793 locum
3209 3743 3438 3794 homini-

1903 3831 2002 3884 bus
2033 3831 2285 3899 assignat.
2315 3829 2511 3883 Contra
2553 3840 2686 3882 tum.
2714 3844 2782 3881 xv
2822 3830 2876 3882 in
2911 3829 3098 3882 Matth.
3123 3869 3139 3893 ,
3173 3845 3316 3882 num.
3343 3830 3432 3897 27,

1903 3919 2131 3988 priorem
2182 3919 2353 3972 locum
2402 3919 2635 3984 angelis,
2687 3919 3036 3985 posteriorem
3086 3919 3433 3984 daemonibus,

1910 4006 2137 4060 medium
2191 4006 2492 4059 hominibus
2544 4006 2765 4058 tribuit:
2801 4008 2863 4058 Οἱ
2900 4005 2954 4058 δὲ
2989 4006 3276 4076 ἄνθρωποι,
3314 4010 3437 4061 ὅσον

1904 4097 1980 4157 εἰς
2007 4095 2282 4165 σύγκρισιν
2305 4095 2543 4162 ἀγγέλων
2566 4093 2778 4163 ἔσχατοι
2804 4096 3172 4163 τυγχάνοντες,
3202 4097 3435 4164 γίνῖινται

1902 4180 2142 4248 ἀγγέλων
2191 4180 2411 4247 πρῶτοι,
2449 4178 2551 4231 τῶν
2591 4181 2663 4251 μὴ
2708 4183 3048 4250 τηρησάντων
3093 4182 3190 4252 τὴν
3233 4183 3435 4236 ἑαυτῶν

1905 4272 2095 4341 ἀρχήν.
2138 4270 2266 4323 Cum
2314 4269 2613 4322 hominibus
2645 4284 2772 4338 ergo
2802 4271 3120 4338 quandoque
3151 4277 3433 4336 dteittones,

1905 4361 2145 4414 homines
2198 4372 2325 4412 vero
2378 4359 2693 4426 quandoque
2758 4368 3036 4426 postponat
3085 4361 3432 4427 daemonibus,

238 4453 377 4507 am);
408 4463 579 4518 εωρε,
618 4458 728 4499 tum
757 4447 985 4499 maxime
1011 4447 1167 4513 epist.
1223 4446 1313 4507 59,
1352 4447 1414 4498 ad
1434 4448 1595 4510 Avit.,
1619 4448 1803 4517 cap.l,
1838 4461 1879 4514 ι)
1910 4458 2125 4502 naturas
2170 4447 2457 4501 rationales
2512 4460 2607 4515 pro
2654 4447 2916 4514 gravitate
2957 4448 3213 4503 scelerum
3244 4450 3435 4504 buma-

238 4545 340 4597 ubi
390 4550 598 4611 ιιι-αξιοι·
648 4537 750 4589 alia
800 4537 1004 4604 insigne
1051 4537 1205 4600 istud,
1250 4535 1408 4589 habet
1454 4551 1468 4588 :
1530 4554 1546 4587 ι
1576 4536 1813 4605 Cumque

237 4635 434 4690 omnia
482 4630 636 4683 vario
692 4643 939 4681 sermone
994 4635 1272 4680 tractasset
1320 4624 1616 4697 (Origenes)
1667 4642 1812 4681 asse-

240 4738 378 4778 rens
407 4718 684 4777 diabolum
731 4733 833 4771 non
870 4718 1176 4786 incapacem
1220 4729 1338 4770 esse
1364 4715 1575 4769 virtutis
1598 4755 1614 4779 ,
1650 4725 1703 4770 et
1733 4726 1812 4769 ta-

242 4827 380 4867 men
414 4809 651 4865 necdum
685 4808 819 4860 velle
859 4823 1047 4876 capere
1080 4808 1367 4868 virtutem;
1409 4806 1474 4858 ad
1514 4816 1809 4860 extremum

242 4914 512 4958 sermone
567 4898 827 4952 latissimo
870 4897 1158 4965 disputavit
1208 4892 1490 4964 angelum,
1542 4895 1656 4948 sive
1692 4896 1807 4949 ani-

246 5009 400 5048 mani
430 5031 448 5057 ,
478 5000 575 5045 aut
604 5002 749 5045 certe
778 4991 1094 5049 daemonem,
1127 5000 1260 5055 quos
1288 4984 1443 5037 unius
1474 4985 1664 5038 asserit
1695 4998 1812 5039 esse

244 5095 492 5147 naturm,
543 5085 639 5136 sed
678 5083 1005 5134 diversarum
1033 5077 1392 5137 voluntatum,
1426 5090 1520 5142 pro
1550 5075 1811 5141 magnitu-

247 5175 380 5229 dine
415 5170 762 5240 negligentia:
788 5178 840 5224 et
867 5169 1102 5223 stultitia:
1128 5165 1421 5232 jumentum
1465 5178 1620 5231 posse
1660 5163 1808 5217 lieri:

244 5274 307 5321 et
331 5279 437 5335 pro
472 5261 664 5315 dolore
693 5274 997 5328 plenarum,
1027 5265 1081 5309 et
1113 5255 1249 5323 ignis
1279 5253 1684 5321 ardore,.magis
1710 5252 1807 5306 eli-

230 5364 380 5422 ‘gere
422 5360 487 5404 ut
547 5350 760 5403 brutum
806 5347 1003 5401 animal
1032 5346 1140 5406 sit,
1177 5354 1230 5397 et
1260 5343 1310 5395 in
1351 5343 1507 5410 aquis
1536 5342 1734 5395 habitet
1762 5351 1815 5396 et

248 5441 551 5505 “victibus,
586 5453 651 5492 ac
691 5453 881 5507 corpus
922 5447 1194 5489 assumere
1236 5432 1393 5498 hujus
1425 5430 1506 5484 vel
1539 5430 1678 5484 illius
1716 5446 1812 5499 pe»

250 5533 407 5588 ceris
449 5549 465 5585 :
502 5538 565 5582 ut
614 5526 768 5579 nobis
800 5541 905 5578 non
940 5524 1110 5577 solum
1161 5520 1587 5591 quadrupedum,
1635 5521 1726 5573 sed
1760 5527 1815 5572 et

248 5619 499 5691 piscium
530 5626 757 5680 corpora
788 5612 893 5665 sint
925 5609 1174 5662 timenda.
1205 5624 1223 5656 υ
1255 5607 1423 5673 Atque
1456 5607 1597 5665 hanc
1628 5610 1691 5662 dc
1717 5624 1813 5660 na.

251 5712 400 5767 turis
435 5702 792 5763 rationalibus
816 5702 867 5755 in
893 5701 1241 5763 iumentorum
1272 5709 1489 5763 corpora
1523 5695 1811 5753 demittcn-

1906 4552 2025 4590 nam
2045 4537 2262 4590 induere
2297 4544 2534 4588 naturam
2555 4572 2572 4597 ,
2600 4544 2655 4588 et
2680 4536 3054 4604 gravissimum
3083 4553 3275 4607 corpus
3306 4540 3431 4594 sub-

1903 4624 1982 4678 ire
2040 4637 2413 4690 nonnunquam
2450 4622 2674 4686 statuit,
2721 4638 3101 4694 nonnunquam
3146 4643 3273 4683 vero
3325 4630 3437 4683 da:-

1905 4723 2117 4761 monum
2171 4719 2450 4769 naturam,
2515 4707 2864 4776 subtiliusque
2913 4726 3104 4781 corpus
3149 4716 3433 4770 asciscere.

1906 4797 2041 4863 Quin
2069 4796 2226 4851 etiam
2257 4796 2523 4849 daemones
2549 4797 2700 4848 novis
2728 4799 2978 4856 admissis
3005 4804 3296 4859 sceleribus
3338 4809 3434 4861 ho-

1913 4886 2079 4938 mines
2106 4883 2240 4947 lieri,
2266 4893 2319 4936 et
2353 4881 2594 4937 homines
2617 4880 2849 4939 vicissim
2879 4903 3134 4944 novarum
3165 4891 3436 4959 culparmu

1913 4988 2030 5029 reos
2054 4975 2104 5027 in
2134 4975 2430 5028 dmmonum
2465 4983 2709 5027 naturam
2734 4985 2787 5028 et
2816 4990 3009 5046 corpus
3039 4980 3268 5032 transire
3293 4995 3439 5034 asse-

1912 5065 1982 5118 rit
2029 5063 2166 5133 apud
2200 5062 2576 5132 Hieronymum
2621 5067 2779 5132 epist.
2804 5068 2872 5122 59
2916 5070 2982 5121 ad
3005 5071 3147 5124 Avit.
3179 5108 3194 5132 ,
3222 5083 3337 5135 cap.
3374 5071 3438 5123 l:

1916 5169 1934 5202 ι
1961 5150 2037 5205 ita
2072 5160 2285 5212 cuncta,
2322 5149 2514 5216 inquit,
2562 5152 2757 5205 variari
2797 5154 3164 5247 (arbitramur)
3198 5164 3255 5207 ut
3276 5163 3329 5206 et
3351 5159 3440 5223 qui

1915 5252 2052 5294 nunc
2085 5238 2246 5292 homo
2274 5247 2382 5303 est,
2429 5239 2595 5306 possit
2623 5241 2673 5293 in
2708 5243 2811 5297 alio
2843 5246 3037 5297 mundo
3060 5238 3266 5297 daemon
3297 5244 3441 5309 fieri;

1907 5343 1963 5387 et
1995 5333 2083 5401 qui
2114 5334 2317 5385 daemon
2350 5341 2451 5395 est,
2490 5339 2544 5383 et
2578 5332 2927 5401 negligentiae
2965 5334 3176 5401 egerit,
3214 5332 3267 5383 in
3300 5346 3447 5384 cras-

1906 5424 2047 5477 siora
2095 5436 2315 5490 corpora
2363 5421 2657 5488 relegetur,
2705 5421 2753 5472 id
2808 5429 2928 5481 est,
2978 5431 3033 5471 ut
3083 5422 3239 5472 homo
3282 5418 3393 5468 ttat.
3422 5437 3441 5467 ι

1906 5510 2048 5567 Idem
2088 5511 2438 5579 Hieronymus
2469 5511 2520 5562 in
2571 5509 2694 5562 illud
2738 5507 2933 5563 Jerem.
2964 5523 3124 5569 xm,
3164 5505 3232 5559 Η
3267 5523 3281 5557 :
3331 5523 3349 5555 ι
3385 5507 3448 5561 Et

1913 5606 2163 5656 reducam
2193 5601 2553 5669 captivitatem
2595 5610 2851 5662 vestram,
2890 5608 2945 5651 et
2990 5595 3322 5666 cungrcgabo
3349 5610 3444 5648 vos

1920 5697 1981 5751 de
2006 5693 2266 5749 universis
2299 5690 2569 5761 gentibus,
2604 5699 2657 5744 et
2698 5690 2762 5745 de
2788 5686 3155 5742 cunctis-locis
3175 5724 3191 5751 ,
3223 5684 3287 5737 ad
3328 5696 3458 5752 quia.
