3894 6446
557 431 660 486 859

557 545 730 618 expuli
763 555 856 597 vos
877 578 892 600 .
925 536 1053 592 dicit
1082 534 1358 589 Dominus.
1407 533 1469 588 Et
1517 532 1710 588 reverti
1750 545 1846 584 vos
1900 527 2087 580 factam
2117 528 2162 583 Α

558 615 639 694 ἀει⁷
676 639 786 691 loco
838 633 904 685 ad
937 644 1093 698 quem
1139 626 1520 694 transmigrare
1562 637 1656 677 vos
1700 620 1819 675 feci.
1849 637 1868 671 ι
1902 615 2091 685 Orige—

558 748 708 793 ncm,
748 739 903 794 quem
958 720 1186 775 delirum
1241 717 1586 783 interpretem
1637 709 1895 780 appellat,
1943 721 2089 760 som-

557 823 701 875 niare
732 817 805 868 ait
839 814 1045 868 ruinam
1076 808 1313 863 cmlestis
1345 804 1634 859 Jerusalem
1666 802 1750 855 his
1781 797 2091 868 signiﬁcari,

555 919 608 963 et
636 923 725 961 eos
757 914 999 974 spectare
1026 899 1333 954 vaticinium
1355 937 1369 957 ,
1394 896 1480 962 qui
1524 895 1643 947 inde
1670 891 1874 945 dimissi
1910 890 1961 941 in
1993 888 2094 940 hoc

557 999 753 1050 mundo
775 1003 1078 1054 versantur,
1112 992 1453 1054 futurumque
1485 995 1540 1036 ut
1571 993 1686 1053 post
1712 998 1810 1035 Lxx
1846 995 2013 1033 annos
2041 979 2092 1031 in

557 1088 726 1139 locum
755 1085 1038 1152 pristinum
1071 1080 1442 1136 restituantur,
1472 1075 1516 1129 si
1545 1075 1700 1127 modo
1730 1073 1781 1127 id
1807 1072 1958 1126 bonis
1984 1071 2096 1124 suis

556 1175 804 1242 operibus
837 1170 1114 1240 promeriti
1147 1169 1249 1221 sint
1273 1207 1287 1229 ,
1319 1177 1502 1233 utpote
1540 1165 1628 1233 qui
1677 1173 1862 1231 sponte
1900 1164 1950 1214 in
1984 1163 2096 1215 hare

560 1277 783 1330 corpora
823 1260 1207 1313 descendentes
1237 1266 1385 1308 recte
1411 1257 1615 1323 egerint
1653 1272 1666 1306 :
1702 1254 1788 1322 qni
1821 1261 1996 1305 autem
2030 1249 2096 1302 ad

561 1356 772 1400 terrena
813 1345 924 1397 haec
949 1358 1068 1396 sese
1110 1351 1297 1410 sponte
1327 1341 1624 1404 demittere,
1652 1349 1706 1394 et
1751 1340 1941 1392 fratres
1971 1353 2097 1392 suos

562 1435 760 1488 imitari
809 1433 1096 1498 noluerint,
1146 1432 1372 1500 idipsnm
1419 1446 1666 1500 passuros
1699 1431 1835 1498 quod
1865 1430 2099 1483 Sedeciae

563 1526 832 1594 ipsiusque
887 1524 1075 1591 populo
1129 1523 1484 1577 comminatur
1535 1522 1823 1585 Dominus,
1865 1521 2096 1573 futurum

563 1630 755 1684 nempe
779 1626 835 1666 ιιι
868 1616 1042 1667 mittat
1085 1613 1136 1666 in
1169 1627 1261 1665 eos
1306 1613 1559 1679 gladium,
1595 1621 1648 1664 et
1683 1612 1897 1674 famem,
1923 1620 1975 1664 et
2005 1626 2099 1678 pe-

564 1716 735 1769 stem;
773 1723 790 1754 t
817 1714 870 1756 et
895 1705 980 1756 det
1008 1705 1058 1755 in
1086 1703 1412 1755 vexationem
1442 1702 1702 1755 universis
1727 1701 1900 1770 regnis
1925 1711 2098 1764 terrae,

565 1808 672 1861 quo
701 1793 900 1845 scilicet
937 1807 1267 1860 nequaquam
1305 1792 1576 1853 homines,
1624 1792 1714 1844 sed
1761 1792 1888 1844 ﬁant
1932 1804 2100 1844 aereae

567 1893 873 1953 potestates,
913 1893 966 1936 et
1013 1883 1121 1936 sint
1165 1885 1300 1950 apud
1331 1892 1550 1935 cunctos
1580 1881 1796 1948 angelos
1840 1879 1927 1949 qui
1972 1894 2101 1947 prie.

567 1975 673 2027 sint
718 1973 940 2040 singulis
985 1972 1271 2040 provinciis
1312 1971 1364 2024 in
1415 1970 1879 2033 maledictionem,
1940 1980 1993 2022 et
2047 1971 2099 2023 in

567 2071 858 2130 stuporem,
905 2063 956 2115 in
1011 2061 1244 2126 sibilum,
1292 2068 1344 2113 et
1403 2061 1454 2112 in
1507 2059 1857 2128 opprobrium
1900 2060 2103 2114 cunctis

568 2151 852 2219 gentibus;
886 2160 937 2204 et
969 2151 1068 2204 hoc
1098 2164 1190 2204 eos
1235 2149 1440 2202 idcirco
1481 2161 1748 2214 passuros,
1788 2147 1909 2214 quia
1945 2147 2102 2200 verba

569 2241 949 2308 prophetarum
979 2240 1030 2292 in
1071 2238 1271 2293 caelesti
1299 2237 1588 2291 Jerusalem
1609 2238 1792 2291 audire
1819 2239 2102 2302 noluerint,

568 2328 658 2396 qui
689 2343 780 2383 eos
813 2327 1164 2381 hortabantur
1187 2335 1245 2380 ut
1281 2326 1346 2379 ad
1385 2335 1594 2379 terrena
1619 2326 2019 2390 descenderent,
2053 2335 2106 2382 et

568 2432 760 2483 corpus
773 2415 1085 2470 humilitatis
1101 2421 1509 2478 assumerent,et
1525 2422 1638 2467 acta
1658 2416 1966 2482 poenitentia
1989 2424 2108 2484 post

570 2523 751 2560 verum
777 2506 1154 2561 sabbatismum
1174 2504 1342 2559 locum
1387 2505 1665 2572 pristinum
1697 2505 2046 2574 possiderent.
2081 2525 2099 2558 ι

643 2594 777 2649 XIV.
809 2596 1088 2650 Erroribus
1118 2609 1276 2663 porro
1302 2595 1405 2648 illis
1427 2609 1640 2663 aspersa
1666 2604 1787 2650 sunt
1809 2597 2107 2650 Adamantii

572 2700 731 2755 Opera
767 2702 884 2754 qua:
917 2694 1146 2748 exstant,
1181 2701 1314 2754 quos
1343 2686 1386 2739 si
1411 2685 1684 2754 sigillatim
1713 2687 1946 2742 indicare
2003 2697 2111 2742 sat-

574 2791 813 2844 agamus.
862 2776 1140 2830 abutemur
1181 2777 1291 2829 otio
1341 2785 1544 2841 nostro,
1613 2785 1666 2831 et
1743 2776 1924 2832 lectori
1963 2777 2112 2832 fasti-

575 2866 718 2918 diutu
777 2865 1122 2919 movebimus.
1176 2865 1403 2920 lllustria
1457 2876 1632 2921 tamen
1680 2867 1943 2935 seligenda
1989 2879 2112 2923 sunt

577 2958 838 3023 quaedam,
870 2971 974 3025 quo
997 2957 1155 3011 dictis
1177 2957 1374 3010 uestris
1399 2957 1530 3011 ﬁdes
1559 2959 1894 3030 adjungatur.
1931 2959 2112 3013 Tertio

575 3059 703 3114 ergo
749 3047 884 3100 libro
932 3047 1065 3115 Περὶ
1107 3049 1336 3117 ἀρχῶν,
1371 3063 1488 3120 cap.
1519 3050 1552 3104 5
1577 3088 1592 3113 ,
1646 3066 1789 3104 num.
1816 3050 1882 3116 4,
1918 3049 1996 3105 sic
2011 3051 2115 3104 dis-

1781 406 1842 460 P.
1885 398 2192 457 DANIELIS
2229 396 2461 454 HUETII

3609 393 3694 450 860

2189 535 2348 589 supra
2407 514 2791 584 descripsimus
2871 505 3087 562 sanctis
3143 502 3415 572 hostisque
3463 505 3697 564 ordinibus

2190 611 2413 679 subjecti
2464 615 2592 663 sunt
2621 619 2686 658 ac
2736 598 2958 671 regendi
3001 610 3018 650 :
3065 607 3296 664 quorum
3343 591 3579 660 adiutorio
3615 600 3696 665 usi,

2189 713 2243 757 et
2269 697 2696 756 institutionibus
2723 707 2788 746 ac
2843 686 3157 756 disciplinis
3209 685 3514 738 salutaribus
3565 687 3700 742 refor.

2191 794 2342 855 mati,
2383 791 2561 845 redire
2585 803 2649 842 ac
2690 781 2904 838 restitui
2930 779 3001 832 ad
3033 785 3232 831 statum
3261 775 3580 829 beatitudinis
3603 792 3699 844 pos.

2193 893 2334 939 sunt.
2370 883 2449 936 Ex
2485 879 2686 949 quibus
2718 873 3008 930 existimo,
3048 876 3212 936 prout
3257 881 3352 935 ego
3391 867 3575 920 sentire
3607 882 3700 934 pos-

2192 991 2330 1038 sum,
2367 975 2510 1026 hunc
2567 968 2816 1022 ordinem
2886 959 3114 1015 humani
3174 955 3384 1026 generis
3435 957 3698 1021 institutum,

2193 1067 2282 1134 qui
2321 1066 2504 1132 utique
2539 1061 2594 1114 in
2624 1059 2808 1112 futuro
2845 1051 3085 1113 saeculo,
3145 1049 3228 1103 vel
3273 1049 3701 1115 supervenientibus

2194 1155 2422 1219 saeculis,
2453 1167 2575 1207 cum
2609 1149 2811 1204 caelum
2850 1156 3055 1198 novum
3079 1179 3094 1202 ,
3125 1149 3179 1193 et
3209 1147 3347 1193 terra
3404 1153 3526 1194 nova
3558 1152 3702 1194 secuti.

2196 1249 2318 1301 dum
2349 1245 2544 1298 Isaiam
2573 1241 2681 1295 erit
2710 1239 2778 1299 ι’,
2818 1234 3152 1289 restituetur
3194 1231 3247 1284 in
3302 1229 3442 1282 illam
3478 1229 3701 1293 unitatem,

2195 1351 2352 1406 quam
2373 1332 2642 1401 promittit
2687 1328 2957 1382 Dominus
2993 1320 3174 1377 Jesus.
3211 1337 3231 1372 ν
3265 1320 3330 1374 Ει
3366 1334 3478 1372 mox
3507 1321 3700 1376 num.3:

2203 1445 2222 1478 ς
2257 1426 2544 1481 Sciendum
2577 1432 2759 1474 tamen
2782 1426 2870 1471 est
2893 1413 3188 1484 quosdam,
3221 1411 3310 1479 qui
3353 1427 3414 1464 ex
3464 1425 3558 1464 uno
3597 1417 3703 1479 prin-

2198 1518 2360 1584 cipio,
2389 1516 2533 1584 quod
2563 1525 2732 1580 supra
2763 1509 3034 1569 diximus,
3067 1503 3270 1570 delapsi
3301 1511 3439 1565 sunt,
3475 1502 3522 1555 in
3551 1512 3701 1556 tantam

2201 1605 2572 1675 indignitatem
2631 1599 3027 1656 ae‘malitiam
3079 1609 3139 1649 se
3191 1594 3418 1657 dedisse,
3465 1601 3518 1645 tit
3554 1593 3700 1662 indigni

2200 1699 2370 1754 habiti
2421 1696 2528 1750 sint
2577 1691 2934 1747 institutione
2988 1689 3115 1752 hac,
3153 1685 3238 1739 vel
3291 1684 3585 1750 eruditione,
3628 1699 3700 1752 qua

2201 1806 2296 1859 per
2326 1802 2542 1843 carnem
2601 1785 2909 1838 humanum
2978 1793 3152 1846 genus
3207 1775 3462 1844 adiutorio
3505 1775 3699 1829 virtutum

2201 1880 2502 1938 caelestium
2538 1875 2850 1930 instituitur
2885 1881 3054 1939 atque
3077 1868 3357 1931 eruditur;
3413 1866 3499 1920 sed
3550 1878 3576 1918 e
3619 1879 3703 1917 con-

2203 1973 2371 2027 trario
2431 1970 2593 2024 etiam
2623 1963 2937 2019 adversarii
2998 1971 3164 2030 atque
3195 1969 3533 2029 repugnantes
3551 1955 3618 2010 his
3637 1956 3699 2023 qui

2206 2063 2528 2120 erudiuntur
2589 2067 2759 2125 atque
2826 2054 3174 2114 imbuuntur,
3231 2050 3499 2104 exsistunt.
3547 2065 3563 2098 ι
3605 2042 3697 2097 Tum

2204 2151 2361 2221 paulo
2387 2148 2611 2202 inferius
2637 2163 2653 2199 :
2696 2164 2716 2197 ι
2754 2144 2984 2198 Interim
3013 2151 3120 2195 tam
3163 2142 3218 2195 in
3250 2141 3331 2194 his
3357 2153 3467 2209 qua:
3495 2137 3697 2197 videntur,

2203 2249 2257 2294 et
2282 2236 2668 2305 temporalibus
2699 2234 2957 2296 saeculis,
2994 2247 3161 2301 quam
3189 2232 3241 2284 in
3273 2230 3376 2284 illis
3407 2243 3517 2298 quae
3547 2241 3627 2281 non
3647 2228 3700 2278 vi-

2205 2331 2419 2390 dentur,
2447 2336 2502 2381 et
2529 2336 2736 2380 aeterna
2773 2333 2928 2385 sunt,
2958 2338 3152 2378 omnes
3183 2323 3270 2377 isti
3303 2337 3396 2392 pro
3441 2320 3610 2383 ordine,
3633 2333 3699 2386 pro

2208 2421 2436 2484 ratione,
2463 2433 2560 2484 pro
2590 2417 2782 2480 modo,
2811 2425 2868 2470 et
2920 2415 3241 2468 meritorum
3292 2409 3600 2481 dignitatibus
3629 2409 3700 2460 dis-

2208 2517 2519 2580 pensantur,
2553 2517 2612 2560 ut
2643 2507 2736 2560 alii
2767 2507 2824 2560 in
2857 2506 3078 2575 primis,
3119 2504 3209 2558 alii
3261 2503 3312 2557 in
3342 2502 3579 2567 secundis,
3603 2515 3699 2552 non-

2207 2600 2334 2654 nulli
2361 2600 2520 2653 etiam
2553 2599 2607 2651 in
2642 2597 2860 2652 ultimis
2886 2595 3226 2664 temporibus
3249 2635 3264 2661 ,
3294 2602 3346 2648 et
3374 2608 3461 2663 per
3484 2591 3640 2660 majora
3657 2601 3701 2641 ac

2207 2691 2452 2761 graviora
2501 2689 2802 2759 supplicia,
2826 2703 3044 2742 necnon
3077 2696 3133 2742 et
3172 2687 3414 2741 diutttrna
3433 2725 3447 2747 ,
3476 2697 3529 2736 ac
3553 2679 3699 2742 multis,

2209 2790 2267 2833 ut
2296 2780 2367 2833 ita
2397 2779 2601 2842 dicam,
2655 2779 2884 2832 smculis
2938 2777 3188 2840 tolerata,
3217 2773 3550 2844 asperioribus
3575 2783 3703 2823 emen-

2210 2867 2515 2921 dationihus
2548 2868 2820 2936 reparati,
2853 2875 2910 2921 et
2932 2866 3168 2921 restituti
3199 2864 3560 2921 eruditionibus
3579 2861 3702 2929 primo

2212 2957 2489 3026 angelicis,
2527 2965 2640 3010 tum
2667 2957 2882 3012 deinde
2923 2959 3094 3013 etiam
3145 2956 3468 3024 superiorum
3509 2951 3701 3021 graduum

2209 3047 2521 3111 virtutibus,
2565 3055 2623 3102 et
2651 3048 2740 3102 sic
2782 3063 2883 3118 per
2911 3046 3124 3116 singula
3166 3047 3230 3100 ad
3273 3043 3524 3113 superiora
3570 3054 3702 3111 prove-

577 3147 771 3206 putat:
811 3158 830 3190 ‹
885 3139 1054 3194 Unius
1100 3156 1331 3209 namque
1382 3151 1584 3196 natura:
1631 3156 1749 3196 esse
1800 3155 1982 3195 omnes
2029 3156 2180 3215 ra-C
2213 3140 2308 3204 cti,
2362 3154 2534 3207 usque
2573 3141 2640 3192 ad
2700 3155 2770 3194 ea
2825 3155 2951 3209 quae
3009 3149 3136 3193 sunt
3167 3137 3437 3191 invisibilia
3489 3141 3534 3188 et
3559 3141 3700 3186 aeterna

580 3226 856 3282 tionabiles
902 3237 1180 3283 creaturas
1224 3243 1289 3281 ex
1335 3229 1513 3282 multis
1547 3232 1928 3285 assertionibus
1971 3245 2116 3284 com-

579 3317 868 3380 probatur;
923 3329 1018 3384 per
1065 3315 1203 3383 quod
1259 3315 1426 3368 solum
1476 3315 1564 3370 Dei
1611 3314 1814 3382 justitia
1855 3317 1905 3370 in
1948 3317 2116 3370 omni-

583 3404 681 3456 bus
729 3417 912 3455 carum
959 3404 1444 3472 dispensationibus
1486 3403 1694 3458 defendi
1741 3415 1946 3473 potest,
1993 3407 2114 3459 dum

579 3503 910 3558 unaquaeque
937 3492 989 3544 in
1029 3495 1309 3562 semetipsa
1340 3493 1496 3546 habet
1523 3509 1732 3558 causas,
1757 3497 1894 3564 quod
1922 3496 1972 3548 in
2028 3495 2118 3550 illo

584 3582 664 3657 vel
695 3582 744 3633 in
771 3581 858 3634 illo
881 3582 1002 3634 vitze
1024 3583 1210 3636 ordine
1242 3584 1408 3650 posita
1434 3583 1521 3656 sit.
1565 3601 1583 3634 ι
1619 3583 1750 3638 Hinc
1777 3585 1959 3652 triplex
1990 3599 2120 3638 enu-

587 3681 757 3724 merat
789 3672 1178 3724 rationabilium
1208 3683 1515 3725 naturarum
1549 3686 1710 3740 genus
1743 3673 1844 3726 huc
1873 3672 2117 3740 delapsa-

587 3778 724 3824 rmn,
747 3777 927 3816 earnm
962 3762 1164 3816 scilicet
1202 3747 1327 3830 quat
1357 3763 1519 3833 gestis
1547 3763 1658 3817 suis
1693 3763 1744 3816 id
1781 3762 1973 3816 fuerint
1997 3778 2120 3830 pro-

591 3854 849 3917 tncritrc;
925 3854 1146 3907 aliarum
1202 3869 1320 3923 qua:
1383 3853 1778 3923 aspectabilium
1836 3854 2121 3923 cupiditate

590 3957 753 4012 raptte
773 3945 875 3998 sint
898 3963 912 4009 ;
935 3955 986 3999 ct
1011 3945 1217 3998 illarum
1239 3944 1449 3998 demum
1493 3960 1610 4014 quae
1634 3946 1793 3999 etiam
1821 3944 1999 3999 invitae
2053 3947 2118 4000 ad

583 4036 751 4092 oll‘cia
774 4036 892 4090 aliis
911 4037 1207 4091 exhibenda
1239 4050 1267 4089 a
1293 4037 1400 4091 Deo
1430 4037 1690 4104 deputata:
1721 4036 1911 4101 sint,et
1937 4035 1987 4088 in
2012 4037 2122 4092 base

589 4128 703 4180 ioca
737 4128 1003 4198 relegam.
1027 4127 1229 4193 Quibus
1258 4127 1532 4182 hominum
1579 4126 1781 4180 animas
1825 4125 2120 4196 signiﬁcat;

589 4229 702 4274 tntn
748 4222 963 4289 angelos
1014 4219 1132 4272 illos
1173 4219 1262 4288 qui
1314 4218 1566 4272 mulieres
1617 4217 1898 4271 adamasse
1937 4217 2120 4271 crediti

590 4324 714 4366 sunt
743 4326 771 4364 a
797 4311 1064 4379 plerisque
1082 4311 1163 4376 ²¹;
1200 4324 1262 4364 ac
1307 4309 1525 4378 angelos
1560 4308 1786 4376 denique
1815 4308 1992 4361 tutela:
2031 4309 2124 4364 bo-

592 4403 795 4457 tuinum
827 4402 1120 4471 praefectos,
1145 4401 1229 4455 vel
1256 4415 1349 4456 eos
1378 4415 1515 4470 quos
1538 4415 1566 4453 a
1623 4398 1732 4452 Deo
1761 4413 1864 4452 non
1911 4398 2119 4463 missos,

2215 3229 2551 3298 perveniant,
2581 3229 2821 3298 singulis
2852 3229 3110 3284 videlicet
3150 3227 3436 3297 quibusque
3475 3221 3699 3279 ctelestium-

2213 3317 2468 3370 virtutum
2517 3317 2720 3372 ofﬁciis
2767 3319 3004 3386 quadam
3048 3319 3398 3373 eruditionum
3444 3313 3592 3384 specie
3619 3325 3701 3379 per-

2214 3406 2430 3474 agratis.
2465 3405 2540 3459 Et
2573 3422 2710 3475 quo,
2745 3419 2809 3462 ut
2846 3409 3061 3472 opinor,
3117 3407 3219 3463 hoc
3248 3403 3586 3475 consequentia
3620 3400 3694 3468 ipsa

2213 3495 2424 3550 videtur
2469 3499 2775 3555 ostendere
2811 3540 2828 3566 ,
2904 3511 3339 3566 unamquamque
3405 3489 3694 3548 rationabilem

2214 3596 2460 3640 naturam
2488 3602 2653 3655 posse
2711 3590 2784 3645 ab
2810 3605 2920 3646 uno
2949 3591 3004 3644 in
3051 3589 3278 3643 alterum
3313 3583 3528 3639 ordinem
3577 3589 3700 3633 trans-

2215 3683 2425 3729 euntem
2473 3689 2570 3742 per
2603 3676 2866 3746 singulos
2914 3679 2966 3732 in
2989 3681 3210 3741 'omnes,
3241 3683 3295 3728 et
3337 3673 3400 3726 ab
3419 3666 3625 3724 omnibus
3666 3663 3700 3712 in

2216 3763 2452 3833 singulos
2499 3769 2823 3834 pervenire,
2857 3770 2990 3823 dum
3033 3780 3284 3823 accessus
3311 3761 3600 3832 profectuum
3641 3751 3703 3803 dc-

2217 3857 2520 3912 feetuumve
2547 3859 2739 3913 varios
2769 3847 2874 3928 pro
2915 3861 3154 3913 motibus
3199 3857 3281 3910 vel
3334 3850 3580 3907 conatibus
3621 3855 3702 3910 pro-

2216 3948 2350 4018 priis
2379 3948 2764 4018 unusquisque
2788 3964 2892 4020 pro
2915 3939 3078 4005 ube‘ri
3121 3944 3327 4002 arbitrii
3370 3937 3586 3995 facultate
3624 3945 3702 4020 ptr-

2220 4039 2438 4109 petitur.
2477 4057 2496 4091 ι
2531 4019 2812 4094 Nonnulla
2835 4026 2904 4094 ex
2940 4041 3028 4094 his
3052 4040 3239 4094 Grmce
3267 4032 3509 4099 descripta
3534 4019 3703 4115 reperitis

2221 4132 2274 4186 in
2298 4131 2400 4184 ﬁne
2429 4129 2678 4198 epistola:
2709 4129 3012 4187 Iustiniani
3035 4130 3101 4183 ad
3135 4128 3337 4182 Menam
3365 4132 3417 4175 et
3457 4114 3571 4186 apud
3592 4109 3702 4163 Mati-

2220 4237 2362 4276 mum
2405 4219 3106 4290 Constantinopolitauum,
3163 4220 3278 4274 loco
3323 4212 3539 4284 proxime
3573 4204 3701 4257 citato.

2223 4311 2329 4366 Has
2369 4325 2579 4379 quoque
2602 4313 3008 4368 conversiones
3032 4320 3086 4367 et
3116 4309 3419 4379 dignitatum
3440 4316 3494 4354 ac
3516 4294 3697 4379 ordinato

2222 4378 2640 4470 permutationes
2683 4405 2882 4457 statuit
2927 4413 3060 4457 tom.
3105 4378 3252 4455 xviin
3295 4378 3700 4454 Matth.,num.27c

593 4493 646 4546 in
687 4494 826 4547 hunc
858 4494 1132 4555 mundum,
1159 4493 1456 4546 doctrinam
1510 4490 1590 4544 vel
1633 4489 1963 4558 prophetiam
2000 4504 2119 4556 pro-
2153 4493 2194 4546 ι)
2223 4492 2389 4547 Tomo
2413 4505 2543 4544 vero
2577 4507 2854 4563 xut,pag.
2890 4494 3021 4557 594,
3054 4493 3303 4547 intricato
3331 4487 3461 4547 licet.
3485 4489 3532 4534 el
3553 4474 3702 4530 alii”

594 4584 864 4636 mittentes
912 4584 1120 4636 venisse
1145 4584 1221 4636 ait
1269 4593 1398 4638 tom.
1432 4598 1502 4635 xx
1550 4581 1604 4632 in
1643 4580 1828 4641 10am,
1868 4579 2118 4634 uum.l7.

594 4673 778 4729 Priore
816 4680 991 4724 autem
1023 4672 1159 4738 Περὶ
1195 4672 1393 4742 ἀρχῶν
1439 4673 1606 4737 libro,
1636 4686 1754 4740 cap.
1782 4671 1836 4737 6,
1864 4686 2006 4723 nntn.
2037 4669 2072 4723 2
2103 4686 2118 4723 :

597 4784 617 4818 α
651 4765 727 4819 Ex
762 4763 843 4816 his
891 4776 1038 4826 sane,
1070 4763 1263 4832 inquit,
1289 4765 1378 4832 qui
1415 4764 1466 4818 in
1516 4763 1606 4817 illo
1631 4762 1781 4817 initio
1819 4763 2126 4828 permanse-

593 4863 744 4917 runt,
776 4851 919 4919 quod.
967 4852 1142 4906 futuro
1195 4853 1283 4906 ﬁni
1325 4855 1498 4909 simile
1551 4869 1669 4909 esse
1725 4851 2121 4920 descripsimus,

592 4945 808 5015 quidam
841 4957 908 4995 ex
967 4942 1098 5010 ipsis
1137 4943 1186 4996 in
1239 4946 1573 5000 ordinatione
1621 4960 1684 4998 ac
1733 4942 2125 5012 dispensatione

594 5036 780 5113 mundi
812 5033 1051 5087 ordinem
1089 5033 1384 5101 angelicum
1438 5037 1764 5098 sortiuntur,
1819 5034 1906 5087 alii
1951 5034 2124 5086 virtu-

596 5139 748 5193 tum,
814 5124 904 5178 alii
961 5123 1379 5192 principatnnm,
1433 5125 1520 5179 alii
1579 5134 1965 5192 potestatum...
2011 5139 2128 5192 quae

592 5218 774 5276 omnia
803 5215 882 5272 eis
904 5229 1000 5283 pro
1027 5213 1240 5277 merito,
1267 5223 1321 5266 et
1349 5213 1670 5281 profectibus
1694 5216 1825 5280 suis,
1859 5213 2050 5282 quibus
2075 5214 2126 5267 in

596 5312 690 5366 Dei
729 5305 1196 5378 participationem
1258 5304 1715 5374 imitationemque
1773 5304 2126 5373 profecerant,

595 5417 748 5472 aequo
795 5398 1050 5467 iustoque
1076 5393 1278 5463 judicio
1303 5392 1478 5446 divina
1510 5393 1735 5447 contulit
1765 5391 2125 5447 Providentia.

599 5491 662 5546 Hi
688 5507 813 5546 vero
834 5490 925 5560 qui
947 5491 1012 5542 de
1033 5494 1172 5541 statu
1193 5485 1377 5554 primae
1401 5484 1736 5539 beatitudinis
1767 5486 1892 5539 moti
1918 5483 2127 5553 quidem

600 5593 745 5650 sunt,
780 5598 889 5637 non
931 5590 1106 5636 tamen
1145 5573 1603 5632 irremediabiliter
1652 5576 1802 5644 moti,
1847 5576 1952 5632 illis
1998 5587 2129 5642 quos

670 5775 712 5810 "
735 5775 862 5832 Gen.
886 5792 958 5842 vt,
982 5775 1034 5830 2.
1125 5775 1167 5806 ²²
1190 5770 1291 5828 lsa.
1317 5784 1458 5836 ml,
1476 5768 1562 5823 9.2.

2227 4584 2322 4638 riis
2352 4582 2581 4636 fortasse
2607 4595 2876 4654 corrupto
2926 4598 3176 4640 sermone
3209 4574 3516 4634 adversarias
3538 4571 3703 4636 potesn-

2226 4685 2308 4730 tes
2331 4683 2546 4744 propter
2573 4673 2914 4732 olieusiones
2945 4674 3252 4731 hominibus
3287 4666 3514 4739 prmbitas
3540 4661 3702 4744 corpora

2227 4742 2459 4824 humana
2499 4766 2705 4830 subire,
2740 4768 2796 4822 in
2822 4783 3000 4837 eoque
3034 4781 3218 4836 pmnas
3252 4764 3390 4816 luere
3414 4753 3569 4810 tradit.
3605 4742 3700 4839 Iden!

2227 4875 2346 4929 cap.
2383 4858 2558 4912 8libri
2581 4860 2745 4927 primi
2776 4861 2919 4928 Περὶ
2941 4860 3162 4929 ἅρχων,
3203 4869 3341 4909 num.
3373 4851 3394 4903 Ι
3425 4856 3472 4901 et
3509 4843 3552 4907 4,
3601 4841 3702 4929 pf"!

2228 4948 2539 5017 repetendo,
2571 4948 2812 5003 inculcat
2843 4968 2864 5002 ι
2905 4951 3214 5020 angelorum
3239 4942 3452 5000 cilicium
3474 4925 3700 5020 nonnisieI

2228 5038 2420 5093 merito
2442 5047 2727 5104 constare;
2773 5059 2792 5092 ι
2830 5017 3106 5095 daemones
3139 5051 3282 5099 vero,
3344 5051 3361 5082 t
3395 5042 3481 5100 pro
3529 5017 3700 5078 motibus

2231 5129 2342 5190 Suis
2361 5139 2416 5182 et
2451 5129 2810 5198 profectibus,
2838 5133 3040 5201 quibus
3081 5130 3136 5185 in
3171 5127 3364 5184 scelere
3418 5110 3696 5189 profecerunt.

2230 5217 2331 5273 hos
2355 5219 2569 5290 malitia:
2596 5222 2831 5278 sortitos
2857 5237 2981 5278 esse
3025 5222 3250 5292 gradus.
3287 5236 3307 5270 ι
3348 5223 3491 5280 atque
3529 5205 3586 5257 ita

2234 5310 2486 5377 nequitias
2512 5288 2749 5377 dedisse,
2779 5323 2840 5367 ut
2855 5316 2969 5382 jam
3011 5288 3214 5367 libidini
3246 5308 3313 5362 sit
3341 5317 3396 5359 ac
3435 5288 3694 5354 delectationi

2235 5409 2536 5466 peccatum,
2567 5411 2621 5454 et
2643 5421 2662 5452 ι
2703 5412 2765 5456 ttt
2800 5405 3049 5460 revocari
3075 5403 3264 5466 nolint,
3291 5393 3443 5464 ιηεεῖε
3467 5397 3594 5472 quam
3621 5385 3693 5472 "0."

2234 5489 2459 5556 possint,
2485 5507 2503 5540 ι
2533 5489 2642 5546 Deo
2685 5506 2784 5560 pro
2811 5509 2910 5548 sua
2942 5494 3262 5561 benignitate
3287 5484 3447 5542 omnia
3474 5477 3528 5567 at!
3569 5470 3690 5567 δείξῃς

2237 5579 2472 5634 tudinem
2530 5555 2842 5642 attrahente
2883 5595 2933 5642 et
2978 5555 3386 5654 provocantere
3437 5555 3689 5634 rationali”
