3894 6444
1029 222 1062 250 ρ

123 453 218 504 λῃ
1048 435 1608 494 ORIGENIANORUM
1645 437 1768 492 LIB.
1808 435 1871 501 ΙΙ,
1909 437 2058 492 CAP.
2095 439 2158 503 ll,
2197 439 2462 506 QUIEST.
2505 444 2567 502 V.
3291 451 3403 506 862

153 568 298 611 πω
339 538 680 594 naturarum
711 544 918 603 ordine
956 552 1021 602 ad
1059 550 1341 606 humanum
1373 568 1540 623 genus
1559 553 1772 622 explen-

1887 551 2166 624 ετάχθησαν
2189 555 2238 606 οἱ
2266 555 2402 611 οὕτω
2432 561 2965 632 προσαγορευόμεναι,
2985 556 3060 618 ὧν
3083 562 3142 614 τὸ
3187 562 3400 616 fami-

177 645 314 695 dum
350 623 566 684 animas
593 632 926 705 Beligi,qu:e
955 650 1072 707 post
1097 642 1180 709 pie
1210 643 1629 698 administratum
1654 645 1773 698 vitae

1887 656 2028 692 ιενον
2055 623 2151 694 οὐκ
2179 642 2302 698 ἄλλο
2333 647 2384 698 τι
2411 623 2554 702 ἐστιν
2572 623 2926 719 ἢίἇνθρωπος,
2951 623 3056 707 ’καὶ
3081 651 3158 721 τῷ
3186 653 3401 706 ὑποκει-

205 737 440 795 ιεωνιιε,
465 721 522 776 in
545 725 875 793 angelorum
911 732 1150 786 ordinem
1191 733 1378 788 iterum
1407 741 1768 788 assumuntur.

1887 728 2016 797 μένῳ
2077 731 2382 802 συμϐέϐηκε
2437 736 2498 787 τὸ
2553 737 2722 810 θρόνῳ
2769 737 2985 812 εἶναι,ἢ
3041 743 3336 813 κυριότητι,
3363 741 3398 813 ἦ

209 816 289 874 De
351 815 568 870 diabolo
619 817 827 871 iterum
859 819 954 874 lib.
1017 836 1079 874 ιιι
1129 823 1266 890 Περὶ
1307 821 1524 891 ἀρχῶν,
1573 837 1690 890 cap.
1717 821 1770 888 6,

1887 816 2031 886 lpxﬁ,
2059 819 2090 887 ἤ
2123 819 2336 891 ἐξουσίᾳ
2357 839 2369 852 ·
2408 825 2498 874 καὶ
2523 825 2579 874 ἐν
2603 826 2677 894 τῷ
2713 829 2878 897 Ἰησοῦ
2922 831 2976 884 δὲ
3001 832 3078 901 τῷ
3103 833 3194 885 τοῦ
3245 832 3399 901 Ναυῆ

207 923 367 964 num.
391 906 427 961 5
465 928 478 964 :
511 925 530 958 ι
564 906 781 960 Destrui
832 924 981 975 sane,
1027 912 1216 979 inquit,
1249 912 1570 968 novissimus
1597 912 1773 966 inimi-

1887 909 2039 959 ιείται
2060 908 2118 960 τό
2141 926 2154 938 ·
2188 911 2358 977 Ὠφθη
2390 912 2466 980 τῷ
2509 915 2676 984 Ἰησοῦ
2703 918 2975 987 ἄνθρωπος
3001 923 3058 974 ὲν
3091 923 3313 994 ’ῐεριχῶ,
3343 923 3402 986 ὅς

200 1016 303 1055 cus
369 1003 446 1054 ita
487 999 874 1068 intelligendus
914 1011 1019 1065 est,
1049 1018 1150 1055 non
1185 1012 1239 1055 ut
1293 1001 1586 1056 substantia
1636 1000 1770 1068 ejus,

1887 1013 2051 1065 ρησιν·
2097 997 2232 1066 Ἐγὼ
2279 1002 2700 1072 ἀρχιστράτηγος
2747 1009 2942 1076 Κυρίου
2988 1011 3262 1082 δυνάμεως
3285 1014 3402 1066 νυνὶ

201 1108 333 1160 qua.
369 1106 398 1143 a
448 1091 563 1144 Deo
592 1089 736 1144 fama
766 1101 869 1156 εει,
901 1102 1102 1160 ρει-εει,
1133 1095 1224 1147 εεά
1259 1103 1315 1145 ιιι
1342 1093 1686 1160 propositum,
1719 1100 1773 1146 et
1878 1087 2238 1156 παραγέγονα.
2260 1089 2381 1143 lude
2402 1091 2486 1144 lux
2509 1093 2629 1145 huic
2656 1093 2768 1146 loco
2791 1094 3092 1167 Hieronymi
3121 1103 3278 1169 epist.
3329 1103 3394 1157 6|

193 1183 474 1237 voluntas
502 1182 752 1246 inimica,
780 1197 901 1250 qua:
929 1198 1031 1236 non
1061 1200 1089 1235 a
1119 1183 1246 1245 Deo,
1277 1184 1368 1237 sed
1413 1185 1478 1235 ab
1500 1183 1616 1251 ipso
1651 1197 1776 1249 pro—
1874 1176 1940 1227 ad
1975 1175 2302 1240 Pammach.,
2327 1193 2441 1246 cap.
2465 1178 2498 1230 5
2524 1196 2537 1230 :
2569 1178 2704 1234 «Nec
2726 1180 2978 1251 Origenes
3008 1202 3237 1254 unquam
3260 1190 3396 1245 dixit

193 1273 402 1334 cessit,
440 1273 702 1326 intereat.
737 1291 757 1323 ι
790 1272 1014 1326 llomilia
1041 1273 1110 1326 ‘25
1146 1274 1198 1325 in
1240 1273 1364 1327 Luc.
1387 1273 1602 1342 angelos
1631 1273 1772 1338 illos,
1877 1277 1943 1318 ex
1981 1264 2178 1329 angelis
2219 1266 2423 1321 animas
2465 1268 2608 1331 ﬁeri;
2639 1285 2758 1323 cum
2789 1273 2928 1338 ipsos
2957 1275 3171 1340 angelos
3200 1293 3391 1332 nomen

186 1363 264 1416 de
304 1362 521 1430 quibus
571 1363 750 1431 θείων
791 1365 956 1432 Αροο,
995 1379 1034 1416 ιι
1063 1372 1115 1418 οι
1148 1379 1204 1418 ιιι
1237 1377 1507 1432 peccasse,
1549 1363 1772 1431 ideoque
1874 1365 1992 1404 esse
2014 1351 2166 1406 cilicii
2195 1354 2399 1419 doceat,
2430 1372 2531 1408 non
2571 1367 2792 1412 naturae.
2828 1378 2846 1410 ι
2884 1359 2993 1414 Hoc
3025 1372 3124 1427 est,
3170 1380 3272 1418 non
3302 1381 3394 1433 per

191 1451 382 1506 ιυεεεε
419 1468 451 1504 a
481 1451 698 1508 Joanne
741 1456 1092 1520 reprehensos
1125 1454 1218 1518 an,
1268 1453 1496 1520 ipsisque
1533 1466 1651 1505 eum
1711 1467 1774 1508 ac
1878 1451 2083 1496 natura:
2110 1445 2506 1498 conversionem
2537 1448 2754 1516 angelus
2787 1451 2960 1502 attitua
2998 1451 3402 1523 ellicitur,ejus—

190 1539 538 1594 hominibus
608 1539 899 1593 salutarem
978 1540 1338 1607 paenitentiam
1411 1538 1768 1605 praedicasse,

1887 1531 1990 1582 lem
2026 1530 2216 1598 quippe
2240 1542 2440 1584 naturae
2472 1545 2623 1600 sunt;
2662 1538 2751 1589 sed
2785 1552 2880 1604 per
2930 1538 3082 1593 ollicii
3111 1553 3404 1596 commuta-

190 1629 682 1694 quentadmodum
738 1637 795 1681 et
851 1628 1210 1681 Servatorent.
1265 1626 1398 1679 Hinc
1441 1627 1677 1680 bomil.4
1719 1629 1774 1680 in

1887 1618 2096 1680 tionem,
2130 1629 2183 1672 et
2215 1621 2364 1688 quasi
2400 1622 2451 1673 in
2487 1622 2628 1674 aliud
2661 1626 2982 1679 domicilium
3015 1631 3400 1698 migrationem.

188 1713 436 1778 Ειεσιιη
475 1730 632 1768 num.
665 1715 716 1777 1,
763 1729 882 1783 pag.
915 1714 1036 1777 570,
1072 1731 1090 1764 ι
1136 1715 1354 1778 Quando
1391 1729 1537 1783 ergo,
1583 1715 1770 1782 inquit,
1879 1704 1982 1758 Sed
2004 1714 2058 1760 et
2089 1719 2216 1761 tom.
2251 1725 2377 1763 xvin
2407 1713 2456 1762 in
2487 1710 2667 1774 Joan.,
2704 1730 2846 1765 num.
2879 1714 2967 1777 58,
2998 1719 3302 1773 existimare
3343 1733 3404 1775 se

186 1805 386 1873 angeli
424 1805 880 1872 praevaricatum,
905 1812 955 1857 et
991 1802 1076 1855 alii
1103 1810 1224 1856 sunt
1260 1803 1349 1870 qui
1378 1805 1466 1856 Dei
1513 1812 1769 1870 pracepta

1887 1793 1948 1845 ιίι
1981 1795 2258 1848 divinitate
2291 1796 2412 1850 Jcsu
2441 1800 2762 1868 stupefactos
2785 1803 3038 1869 quosdam
3079 1818 3110 1858 e
3149 1807 3404 1859 ἀερωοηί-

188 1862 560 1955 ειιξιοόίιιηι,
608 1903 664 1944 et
713 1862 971 1958 judicium
1005 1892 1396 1959 prtestolantur,
1434 1906 1534 1944 non
1602 1892 1769 1946 solum

1887 1898 2002 1946 aus,
2034 1885 2344 1950 poenitentia
2376 1862 2560 1943 ductos
2580 1893 2645 1943 ad
2675 1862 2846 1957 ipsum
2872 1892 3190 1961 confugisse,
3209 1896 3403 1964 quippe

187 1985 524 2045 hominum,
565 1999 750 2037 verum
781 1985 938 2036 etiam
973 1983 1162 2046 Dei,ut
1195 1982 1497 2049 frequenter
1523 1983 1770 2048 diximus,

1887 1973 1966 2039 qui
2000 1973 2210 2027 virtutis
2242 1978 2549 2043 capaciores
2599 1981 2728 2044 siut,
2764 1995 2922 2046 quam
2975 1981 3241 2046 homines;
3280 2000 3402 2038 cum

186 2083 312 2126 um
369 2075 444 2127 de
497 2074 585 2126 his
618 2089 737 2140 qua
787 2073 839 2126 in
875 2072 1238 2140 Apocalypsi",
1287 2073 1584 2141 εοηερτῖριη
1629 2083 1773 2140 sum,
1875 2062 2128 2129 spiritalis
2181 2076 2388 2119 natura:
2436 2068 2559 2133 sint,
2597 2069 2832 2122 homines
2860 2085 2984 2124 vero
3025 2087 3290 2139 corporeae
3349 2083 3404 2128 et

188 2179 371 2234 quam
429 2177 504 2216 ex
561 2162 682 2216 aliis
739 2161 1247 2225 innumerabilibus;
1301 2177 1488 2230 quare,
1535 2163 1772 2231 inquam,
1874 2153 2171 2206 crassioris.
2231 2154 2474 2222 Inprimis
2504 2173 2630 2211 vero
2681 2161 2874 2230 perlegi
2922 2162 3076 2215 velim
3116 2162 3260 2217 locos
3281 2163 3376 2219 Ori

189 2270 305 2307 non
340 2261 514 2307 terra:
546 2261 602 2304 et
634 2253 776 2305 aeris
806 2249 1058 2318 judicium
1085 2250 1155 2303 sit
1180 2249 1453 2304 futurum?
1493 2270 1512 2304 ι
1575 2250 1630 2303 In
1670 2251 1772 2305 Ca-

1887 2241 2022 2310 ;enis
2054 2243 2120 2294 ab
2151 2243 2470 2312 Hieronymo
2498 2245 2831 2315 depromptos
2854 2248 3009 2315 epist.
3039 2249 3107 2304 59
3144 2251 3208 2304 ad
3234 2252 3404 2320 Avit.,

195 2344 349 2397 tenis
403 2341 579 2410 regiis
611 2341 662 2394 in
687 2339 959 2402 Psalmos,
991 2340 1054 2392 ad
1097 2341 1288 2408 psalm.
1318 2355 1483 2403 χχχιι,
1507 2341 1562 2409 6,
1614 2341 1772 2395 verba

1887 2343 1991 2396 :ap.
2026 2331 2079 2394 l,
2115 2331 2167 2383 in
2190 2333 2384 2399 quibus
2415 2336 2634 2388 rationis
2656 2338 2935 2405 participes
2961 2341 3406 2408 naturasjutnen-

25 2465 35 2501 ε
193 2435 317 2486 hinc
355 2431 462 2500 ipsi
494 2430 808 2483 tribuuntur
839 2446 852 2480 :
885 2429 957 2480 Οὐ
985 2429 1092 2497 γὰρ
1122 2430 1300 2498 νήπιοι
1332 2428 1636 2492 κτισθέντες
1657 2430 1773 2482 κατ’

1887 2426 2046 2471 torum
2085 2421 2398 2487 corporibus
2431 2424 2669 2491 colligari
2702 2437 2912 2493 propter
2941 2429 3130 2482 delicta
3176 2431 3400 2496 asserit;

190 2519 386 2586 ὀλίγον
421 2517 629 2587 μελέτῃ
662 2517 764 2585 τῆς
787 2515 880 2568 τοῦ
928 2517 1228 2586 πνεύματος
1259 2517 1518 2587 ὑποδοχῆς
1553 2517 1774 2584 γεγόνα-

1887 2505 2186 2570 1ίῐιιηοιιιιιιι,
2216 2509 2487 2564 hominum
2541 2513 2952 2584 angelorumque
3003 2527 3220 2572 naturas
3243 2519 3403 2573 simul

196 2627 283 2662 σιν
313 2609 466 2674 ἄξιοι
491 2624 506 2637 ο
535 2607 653 2659 ἀλλ’
689 2608 746 2658 ὲν
771 2609 835 2674 τῇ
867 2604 1056 2676 πρώτῃ
1092 2605 1339 2657 συστάσει
1371 2607 1464 2658 καὶ
1509 2604 1586 2675 τῷ
1617 2605 1776 2658 οἱονεὶ

1887 2599 2158 2665 permulari
2195 2613 2257 2652 ac
2280 2602 2586 2668 permisceri
2611 2620 2626 2666 ;
2659 2606 2889 2659 siderum
2917 2609 3146 2674 ipsorum
3177 2610 3400 2672 animas,

194 2700 499 2770 φυράματι
527 2697 630 2766 τῆς
661 2695 848 2756 οὐσίας
875 2694 1051 2747 αὐτῶν
1078 2694 1596 2763 συγκαταϐληθεῑσαν
1623 2694 1774 2764 ἔσχον

1887 2693 2052 2752 ιιροιε
2086 2685 2294 2740 ratione
2329 2689 2600 2754 praeditas,
2630 2693 2699 2744 ob
2747 2704 2962 2760 peccata
2993 2698 3075 2749 his
3115 2697 3278 2750 fuisse
3303 2698 3403 2749 ad-

26 2830 54 2863 η
192 2791 294 2861 τὴν
325 2788 643 2858 ἁγίοτητα·
692 2786 770 2838 διὸ
817 2787 910 2837 καὶ
958 2784 1334 2854 δυσμετάθετοι
1391 2785 1522 2854 πρὸς
1582 2785 1774 2838 κακίαν

1894 2785 2076 2827 unctas
2103 2777 2436 2843 corporibus,
2469 2793 2586 2846 qua:
2609 2780 2686 2832 vel
2711 2782 2948 2848 plus,ch
2971 2784 3146 2838 minus
3171 2785 3400 2852 luceant,

195 2882 367 2942 εἰσιν,
427 2877 598 2938 εὐθὺς
643 2876 804 2928 οἱονεὶ
859 2875 1002 2945 βαφῇ
1055 2875 1130 2944 τῷ
1181 2874 1430 2944 ἁγιασμῷ
1480 2873 1776 2944 στομωθέν-

1887 2873 2026 2931 prout
2061 2872 2201 2918 recte
2226 2865 2307 2920 vel
2335 2867 2472 2920 male
2500 2883 2557 2920 se
2586 2881 2880 2935 gesserunt.

195 2988 313 3033 τες.
350 2971 420 3024 Ει
444 2969 536 3022 illa
569 2982 783 3035 quoque
810 2969 874 3020 ad
925 2967 1113 3034 psalm.
1142 2980 1326 3029 cxvut,
1368 2965 1457 3026 89,
1491 2981 1608 3033 qua:
1662 2964 1776 3019 alia:
1945 2953 2093 3018 Quod
2127 2965 2302 3010 autem
2319 2959 2856 3027 scribitEpiphanius
2879 2963 2928 3015 in
2961 2964 3176 3032 διαπορεῖ
3207 2965 3333 3019 lculi
3361 2965 3404 3030 I.

202 3070 394 3114 tamen
439 3057 668 3111 Catena;
697 3055 920 3124 Didymo
947 3057 1221 3108 ascribunt
1255 3070 1269 3106 :
1299 3053 1360 3106 Εἰ
1384 3053 1438 3106 δὲ
1467 3055 1591 3125 περὶ
1611 3053 1775 3122 ἁγίων
1876 3041 1971 3098 lib-
2013 3059 2072 3110 ιε,
2105 3060 2222 3114 Cap.
2255 3045 2344 3110 i8,
2386 3047 2631 3102 docuisse
2681 3048 2958 3118 οτῖεεηθηι
3001 3054 3262 3108 desum”
3308 3054 3406 3108 a'i'

199 3147 500 3217 δυνάμεων
551 3148 679 3216 φῆςν
714 3145 955 3212 ἀγγέλων
983 3143 1121 3213 φημὶ
1153 3143 1243 3195 καὶ
1291 3143 1653 3214 ἀρχαγγέλων,
1680 3160 1776 3196 κα-

1887 3135 2090 3202 I[nando
2141 3136 2379 3205 angelos,
2442 3135 2520 3192 sic
2581 3139 2980 3206 intelligendum
3028 3152 3132 3206 est,
3175 3142 3405 3200 futuram

199 3235 312 3300 λῶς
345 3237 499 3306 φῆς,
533 3234 778 3302 ἀκίνητοι
820 3233 958 3304 γὰρ,
1000 3232 1192 3302 μᾶλλον
1222 3233 1278 3284 δὲ
1327 3233 1625 3302 δυσκίνητοι
1673 3236 1776 3286 εἰσι

1887 3223 1998 3276 alim
2030 3238 2208 3277 rerum
2236 3225 2468 3279 omnium
2497 3229 2892 3284 conversionem
2923 3236 2977 3282 et
3021 3230 3405 3286 ἀποκατάστα-

206 3326 346 3396 πρὸς
380 3325 446 3377 τὸ
471 3323 646 3377 κακόν
666 3339 680 3352 ο
705 3322 861 3375 τοῦτο
890 3321 996 3390 γὰρ
1022 3320 1197 3372 πείθει
1227 3337 1292 3390 με
1322 3319 1493 3388 λέγειν
1521 3322 1548 3373 ὁ
1602 3320 1776 3374 πεσὼν

1887 3329 1983 3374 τιν,
2010 3313 2350 3382 redituraque
2372 3314 2437 3368 ad
2461 3317 2739 3382 pristinum
2794 3326 2990 3372 statum
3019 3320 3220 3385 omnia,
3247 3337 3408 3392 ange-

206 3417 498 3486 ὲωσφόρος
531 3415 600 3466 δι’
630 3412 880 3482 ἔπαρσιν.
908 3411 1181 3464 Sexcentis
1214 3411 1279 3464 ad
1312 3411 1423 3464 haec
1452 3411 1584 3464 locis
1621 3425 1778 3478 ange-

1887 3398 2060 3468 losque
2103 3403 2233 3454 adeo
2264 3416 2328 3455 ac
2375 3403 2642 3456 dremoues
2685 3404 2871 3459 eodem
2912 3406 3118 3464 futuros
3169 3408 3284 3464 loco
3302 3424 3408 3478 quo

211 3506 297 3560 los
329 3507 622 3560 hominum
654 3501 912 3555 custodite
941 3499 1218 3567 prml'ectos
1244 3514 1438 3552 munus
1466 3499 1568 3553 sibi
1609 3500 1778 3567 impo-

1887 3488 2116 3554 fuerunt,
2145 3499 2429 3559 antequam
2467 3491 2752 3547 virtutibus
2788 3495 2900 3548 suis
2939 3496 3018 3550 vel
3048 3499 3284 3565 peccatis
3341 3500 3410 3554 ad

210 3599 380 3651 situm
415 3594 757 3663 negligenter
775 3601 1147 3657 nunnunquam
1177 3590 1349 3652 obire,
1373 3599 1426 3642 et
1446 3597 1776 3658 peccatorum

1887 3577 2202 3645 angelorum,
2252 3579 2614 3635 daemonumve
2659 3591 2902 3636 naturam
2937 3584 3148 3656 adjungi
3185 3588 3410 3644 meruis-

211 3692 281 3743 ab
336 3688 664 3744 hominibus
724 3683 1078 3736 admissorum
1107 3681 1347 3734 conscios
1388 3694 1508 3734 esse
1541 3697 1605 3734 ac
1639 3695 1776 3744 reos,

1887 3674 2016 3720 ~sent.
2047 3665 2210 3720 Recte
2235 3667 2283 3720 id
2307 3666 2455 3734 juxta
2486 3669 2732 3739 Origenis
2751 3673 3065 3726 sententiam
3088 3675 3304 3744 exponit
3325 3675 3414 3731 Ju-

213 3790 626 3849 proptereaqne
651 3773 823 3843 pmnis
868 3772 1135 3824 addictum
1179 3771 1246 3823 iri
1283 3770 1485 3824 delinit.
1554 3770 1780 3824 lllustris

1887 3755 2140 3809 stinianus
2196 3757 2246 3809 in
2294 3757 2516 3824 epistola
2544 3759 2611 3813 ad
2641 3759 2882 3828 quintam
2921 3763 3205 3850 synodum,
3250 3779 3408 3834 quam

215 3835 347 3922 verb
375 3883 491 3936 prae
522 3835 748 3931 reliquis
775 3863 924 3915 locus
957 3860 1043 3914 ille
1065 3869 1145 3913 est
1175 3874 1205 3912 e
1233 3869 1358 3913 tom.
1393 3874 1460 3911 xv
1484 3860 1538 3912 in
1568 3859 1777 3921 ΜαιεΙι..

1887 3843 2070 3893 recitat
2088 3838 2193 3893 Ced
2202 3855 2375 3895 renus.
2955 3899 2958 3902 .
3154 3835 3178 3868 ’

221 3973 369 4020 num.
395 3955 493 4018 Ξῖ,
518 3955 609 4006 ubi
635 3953 919 4020 postquam
947 3949 1161 4018 angelos
1202 3962 1304 4000 non
1351 3949 1562 4001 homine
1586 3947 1779 4006 solum.

217 4045 315 4101 sed
336 4057 390 4099 et
418 4046 636 4111 reliquo
664 4040 843 4094 mundi
895 4039 1103 4108 opiﬁcio
1143 4038 1540 4105 praestantiores
1563 4046 1618 4090 et
1641 4038 1780 4091 anti-

217 4139 444 4207 quiores
470 4149 597 4190 esse
625 4132 760 4186 dixit
787 4147 801 4184 :
833 4130 1107 4200 Τόλμησαι
1127 4168 1141 4193 ,
1180 4127 1366 4196 inquit,
1411 4125 1779 4196 ἀποφήνασθαι

217 4229 304 4280 ὅτι
333 4226 524 4278 πτολλώ⁸
552 4224 652 4293 μὲν
683 4221 947 4290 ἀγγέλων,
969 4218 1016 4270 οἳ
1060 4216 1261 4288 πρῶτοι
1303 4213 1438 4287 ἦσαν
1487 4213 1778 4284 ἀνθρώπων

218 4316 464 4370 γίνονταί
492 4331 654 4367 τινων
681 4311 978 4382 ἀνθρώπων
1006 4309 1216 4378 ἔσχατοι
1245 4324 1257 4338 ·
1289 4307 1468 4359 πολλοὶ
1482 4306 1537 4358 δὲ
1556 4307 1647 4358 καὶ
1675 4304 1779 4360 τῶν

1887 4303 2053 4371 inquit
2083 4304 2270 4363 homil.
2298 4308 2333 4360 2
2358 4309 2409 4362 in
2435 4310 2616 4374 Levit.,
2645 4329 2790 4367 num.
2829 4315 2881 4379 3,
2925 4334 2943 4367 ι
2979 4332 3044 4370 ne
3069 4316 3206 4373 forte
3233 4318 3408 4384 Jesus.

217 4405 554 4477 ἀνθρώπων,
580 4403 629 4454 οἳ
660 4403 875 4470 ἔσχατοι
902 4401 967 4468 τῇ
992 4397 1145 4466 φύσει
1165 4397 1480 4465 τυγχάνουσι
1495 4394 1599 4447 τῶν
1621 4394 1780 4462 ἀγγέ-

1887 4407 2037 4462 quem
2085 4393 2278 4451 Paulus
2301 4399 2346 4430 "
2401 4402 2532 4456 dicit
2585 4405 2898 4473 paciﬁcasse
2953 4423 3044 4475 per
3101 4411 3409 4480 sanguinem

217 4494 350 4554 λων,
370 4494 619 4560 γίνονται
651 4489 738 4542 διὰ
766 4487 856 4540 τὸν
890 4486 1029 4554 βίον,
1053 4485 1260 4538 καὶτὸν
1302 4484 1392 4536 τοῦ
1443 4482 1576 4536 Θεοῦ
1604 4481 1777 4550 λόγον,

1887 4495 2184 4546 suum,non
2213 4485 2383 4540 solum
2407 4503 2523 4557 quae
2569 4493 2623 4544 in
2658 4493 2835 4556 terris,
2863 4497 2954 4548 sed
2999 4505 3049 4548 et
3078 4511 3196 4564 quae
3222 4499 3274 4552 in
3301 4514 3413 4554 cte-

219 4583 382 4635 τινῶν
411 4580 664 4648 ἀγγέλων
701 4579 758 4631 ἐν
786 4575 1019 4648 πρώτοις
1058 4575 1153 4644 μὲν
1175 4572 1533 4643 τεταγμένων,
1563 4572 1782 4642 γενομέ-

1887 4571 1950 4626 lis
1969 4583 2113 4640 sunt,
2136 4576 2274 4630 idem
2300 4579 2410 4646 ipse
2431 4581 2500 4633 sit
2535 4581 2750 4646 vitulus,
2781 4585 2870 4650 qui
2916 4585 2968 4638 in
3015 4588 3168 4641 cmlis
3198 4590 3411 4658 quidem

219 4690 333 4725 νων
379 4673 438 4724 δὲ
505 4669 572 4721 ἐκ
620 4683 779 4719 τινων
802 4662 988 4716 αἰτιῶν
1031 4662 1286 4731 ἐσχάτων,
1322 4660 1542 4731 πρῶτοι.
1584 4660 1782 4726 Quibus

1887 4680 1990 4720 non
2019 4681 2112 4734 pro
2132 4679 2371 4736 peccato,
2405 4671 2496 4724 sed
2536 4681 2588 4726 et
2633 4687 2730 4740 pro
2769 4689 2988 4730 munere
3035 4679 3246 4734 oblatus
3287 4691 3410 4737 est:

225 4764 437 4829 reliqua
485 4757 855 4812 consentiunt.
906 4751 1130 4805 lllustris
1174 4760 1228 4804 et
1275 4751 1375 4803 iste
1424 4763 1455 4840 ο
1492 4757 1629 4840 tom.
1664 4763 1701 4801 ιι
1730 4748 1784 4800 in
1887 4755 1938 4809 in
1969 4757 2128 4811 terris
2149 4767 2351 4822 autem,
2395 4759 2480 4813 ubi
2524 4760 2590 4814 ab
2637 4763 2803 4818 Adam
2861 4781 3030 4834 usque
3066 4769 3134 4821 ad
3191 4768 3405 4840 Moysen

221 4851 416 4914 10am,
448 4864 602 4902 nmn.
632 4845 696 4900 l7
719 4884 735 4907 ,
769 4846 820 4897 in
856 4857 964 4910 quo
1008 4841 1175 4909 angeli
1204 4849 1257 4891 et
1305 4837 1534 4892 hominis
1591 4849 1781 4889 nomen
1888 4847 2132 4914 regnavit
2165 4855 2459 4914 peccatum,
2493 4850 2699 4905 oblatus
2731 4854 2801 4906 sit
2823 4868 2916 4921 pro
2937 4869 3171 4924 peccato.
3202 4837 3290 4913 Et-
3315 4862 3415 4915 hoc

226 4942 403 4994 eidem
425 4935 676 5003 subjecto
709 4943 1088 4996 nonnunquam
1127 4927 1340 4980 attribui
1369 4926 1531 4989 dicit,
1561 4925 1690 4979 adeo
1728 4935 1784 4979 ut
1885 4943 1966 4987 est
1988 4949 2203 5002 passum
2229 4952 2345 4991 esse
2372 4950 2522 4995 extra
2551 4955 2746 4998 castra.
2791 4953 2825 4997 ι·
2861 4946 2936 4998 Ex
2966 4945 3122 5014 hujus
3153 4949 3251 5002 loci
3280 4962 3410 5002 con-

230 5030 390 5084 homo
419 5026 651 5094 angelus
678 5019 989 5089 aliquando,
1015 5025 1067 5070 et
1115 5017 1329 5084 angelus
1365 5014 1596 5067 vicissim
1633 5015 1787 5067 homo
1890 5030 2057 5085 textu,
2089 5024 2133 5077 si
2168 5026 2293 5090 quis
2339 5029 2599 5096 attendat,
2622 5030 3008 5097 elliclturillud,
3035 5033 3088 5087 iu
3125 5034 3260 5088 caelo
3292 5047 3415 5100 pec.

1952 3947 2068 4002 XV.
2105 3948 2496 4016 Verumtamen,
2523 3955 2824 4023 perspicuis
2859 3956 2983 4012 licet
3025 3969 3080 4013 et
3115 3960 3409 4019 illustribus

1878 4039 2195 4095 testimoniis
2238 4041 2581 4096 deliramenta
2602 4045 2858 4112 ejusmodi
2881 4048 3230 4105 Adamantius
3268 4066 3410 4120 saepe

1877 4126 2188 4194 prodiderit,
2221 4129 2506 4198 aliquando
2531 4141 2723 4198 tamen,
2759 4137 2908 4202 quasi
2948 4135 3218 4206 Penelope
3250 4141 3406 4196 telam

1878 4221 2148 4279 retexens,
2174 4221 2355 4285 priora
2393 4221 2602 4276 videtur
2642 4231 2951 4280 retractare.
2983 4245 3001 4278 ι
3043 4228 3168 4283 Vide
3196 4244 3342 4300 ergo,
3382 4250 3403 4285 ι

233 5119 551 5185 appelletur.
582 5113 716 5165 Tum
744 5109 963 5176 subjicit
995 5122 1010 5158 :
1047 5107 1154 5158 Καὶ
1181 5106 1260 5157 ἔτι
1309 5105 1502 5174 μᾶλλον
1539 5119 1786 5172 παραμυ-

234 5206 457 5275 θήσεται
511 5204 597 5255 ὅτι
633 5200 724 5251 ἐπὶ
767 5197 876 5248 τῶν
918 5193 1232 5264 κρειττόνων
1275 5193 1548 5264 δυνάμεων
1582 5191 1648 5242 τὰ
1670 5190 1785 5241 ὀνό-

235 5313 377 5364 ματα
403 5294 529 5362 οὐχὶ
564 5290 776 5359 φύσεων
801 5285 954 5348 ζώων
970 5286 1110 5336 ἐστὶν
1131 5285 1381 5355 ὀνόματα,
1413 5281 1545 5334 ἀλλὰ
1567 5277 1785 5341 τάξεων,

236 5377 307 5434 ὧν
334 5385 424 5454 ἠδέ
456 5399 560 5444 τις,
589 5379 681 5432 καὶ
703 5377 796 5445 ἡδὲ
824 5373 1017 5440 λογικὴ
1041 5374 1193 5439 φύσις
1219 5374 1464 5441 τέτευχεν
1494 5370 1598 5423 ἀπὸ
1611 5369 1740 5421 Θεοῦ
1773 5385 1786 5398 ο

235 5472 418 5541 θρόνος
441 5470 550 5538 γὰρ
579 5469 680 5521 οὐκ
708 5461 847 5524 εἶδος
875 5461 1036 5523 ζῴου,
1057 5461 1170 5512 οὐδὲ
1198 5463 1356 5533 ἀρχὴ,
1378 5462 1493 5514 οὐδὲ
1512 5460 1781 5528 κυριότης,

237 5561 352 5613 οὐδὲ
402 5557 624 5624 ἐξουσία
652 5593 667 5616 ,
717 5550 855 5604 ἀλλὰ
894 5549 1125 5617 ὀνόματα
1172 5552 1528 5621 ’πραγμάτων⁹
1587 5552 1670 5617 ἐφ’
1715 5544 1786 5602 ὧν

299 5734 339 5768 ⁸³
369 5735 584 5792 Coloss.
615 5743 654 5790 ι,
689 5722 780 5775 20.

1891 5121 2066 5163 catum
2108 5127 2214 5166 non
2243 5115 2474 5170 admitti.
2501 5117 2726 5172 Homilia
2770 5135 2978 5188 quoque
3014 5123 3067 5174 in
3108 5120 3268 5173 Num.
3295 5133 3412 5181 xm,

1889 5216 2035 5256 num.
2066 5200 2116 5267 7,
2150 5217 2269 5255 cum
2298 5206 2613 5272 qumsiisset.
2637 5225 2731 5261 cur
2757 5226 2822 5265 ne
2849 5227 2878 5264 a
2942 5211 3188 5264 Balaamo
3214 5207 3413 5259 daemo-

1890 5305 1982 5343 nes
2023 5290 2357 5358 invocentur,
2391 5297 2635 5364 prohibet
2673 5299 2841 5363 Deus;
2895 5297 3174 5367 respondet
3216 5292 3419 5345 idcirco

1893 5379 2088 5434 factum
2119 5381 2267 5448 illud,
2307 5387 2444 5453 quod
2475 5389 2555 5442 vel
2597 5389 2802 5442 arbitrii
2855 5387 3044 5439 fuisset
3093 5377 3422 5434 daemonibus

1896 5472 2238 5550 relinquenda
2269 5475 2506 5542 libertas,
2561 5491 2850 5543 eorumque
2901 5473 3172 5527 furoribus
3225 5473 3280 5517 et
3341 5465 3426 5516 in-

1894 5564 2162 5630 temperiis
2201 5569 2579 5631 permittendus
2640 5565 2859 5632 populus
2917 5563 3007 5614 Dei
3035 5577 3048 5624 ς
3081 5556 3167 5610 Ἴθι
3214 5550 3433 5606 arma“
