3894 6432
422 419 526 473 8'59

424 601 506 682 de-
543 628 652 679 loco
706 622 771 673 ad
805 632 959 686 quem
1005 614 1385 681 transmigrare
1427 625 1521 664 vos
1566 607 1684 661 feci.
1714 624 1732 657 ι
1767 601 1957 671 Orige-

424 736 575 781 ncm,
615 728 770 782 quem
825 708 1053 763 delirum
1108 705 1451 770 interpretem
1503 696 1760 766 appellat,
1808 707 1954 746 some

423 811 568 863 niare
599 806 671 857 ait
706 802 912 856 ruinam
943 796 1179 851 cmlestis
1212 791 1500 846 Jerusalem
1533 788 1616 842 his
1647 784 1957 855 signiﬁcari,

421 908 474 951 et
502 911 592 949 cos
624 902 866 962 spectare
893 887 1200 941 vaticinium
1222 925 1235 944 ,
1261 884 1346 949 qui
1390 883 1509 933 inde
1536 878 1740 932 dimissi
1777 876 1827 927 in
1859 874 1960 926 hoc

423 988 619 1039 mundo
642 991 945 1041 versantur,
981 979 1319 1041 futurumque
1351 983 1405 1024 nt
1437 981 1552 1041 post
1578 985 1677 1022 Lxx
1712 982 1879 1020 annos
1907 965 1959 1017 in

424 1077 593 1127 locum
621 1073 905 1141 pristinum
940 1068 1309 1125 restituantur,
1339 1063 1382 1116 si
1412 1063 1566 1114 modo
1596 1060 1646 1114 id
1674 1059 1825 1113 bonis
1851 1058 1962 1110 suis

422 1165 671 1230 operibus
705 1159 982 1228 promeriti
1015 1158 1116 1209 sint
1141 1195 1154 1217 ,
1186 1165 1368 1221 utpote
1407 1153 1494 1220 qui
1543 1161 1728 1218 sponte
1767 1151 1816 1201 in
1851 1149 1962 1201 lucc

427 1266 650 1319 corpora
691 1248 1074 1301 descendentes
1105 1254 1252 1296 recte
1278 1245 1481 1311 egerint
1520 1260 1532 1293 :
1568 1241 1655 1308 qui
1687 1249 1863 1291 autem
1897 1236 1963 1289 ad

429 1345 640 1389 terrena
682 1334 792 1386 haec
818 1346 936 1384 sese
978 1340 1165 1397 sponte
1195 1329 1490 1391 demittere,
1518 1337 1571 1381 et
1617 1327 1808 1379 fratres
1838 1340 1964 1379 suos

430 1423 627 1477 imitari
677 1422 965 1485 noluerint,
1015 1420 1239 1488 idipsum
1287 1433 1532 1487 passuros
1565 1418 1701 1485 quod
1731 1417 1966 1469 Sedecize

430 1516 700 1582 ipsiusque
755 1512 944 1579 populo
998 1511 1352 1564 comminatur
1401 1510 1690 1572 Dominus,
1731 1508 1963 1559 futnrmn

431 1619 623 1672 nempe
647 1614 703 1655 ut
737 1604 911 1655 mittat
954 1602 1005 1653 in
1038 1614 1130 1653 eos
1174 1600 1425 1667 gladium,
1462 1610 1515 1652 et
1550 1600 1764 1661 famem,
1790 1607 1842 1651 et
1873 1612 1966 1665 pe-

432 1704 603 1758 stem;
641 1711 658 1742 ‹
686 1703 738 1744 et
764 1693 849 1744 det
878 1694 927 1744 in
955 1691 1281 1743 vexationem
1310 1690 1568 1742 universis
1594 1688 1766 1757 regnis
1792 1698 1966 1750 terrae,

433 1798 539 1850 quo
570 1782 769 1835 scilicet
806 1796 1136 1848 nequaquam
1175 1780 1443 1840 homines,
1492 1780 1580 1831 sed
1628 1780 1755 1830 ﬁant
1800 1791 1967 1831 aereae

435 1882 741 1941 potestates,
781 1881 834 1924 et
882 1872 990 1924 sint
1034 1872 1169 1937 apud
1201 1880 1418 1922 cunctos
1448 1868 1663 1936 angelos
1708 1867 1795 1936 qui
1840 1882 1968 1934 prae.

436 1965 541 2016 sint
587 1962 808 2029 singulis
854 1960 1141 2028 provinciis
1182 1959 1233 2011 in
1285 1958 1747 2019 maledictionem,
1808 1967 1861 2009 ct
1915 1959 1967 2010 in

436 2060 727 2119 stuporem,
774 2051 824 2104 in
880 2050 1113 2113 sibilum,
1162 2056 1214 2100 et
1273 2048 1323 2099 in
1376 2046 1715 2115 opprobrium
1768 2047 1971 2101 cunctis

436 2140 721 2209 gentibus;
756 2149 806 2193 et
839 2140 936 2192 hoc
967 2153 1059 2192 eos
1104 2137 1309 2189 idcirco
1351 2148 1616 2201 passuros,
1656 2134 1777 2201 quia
1814 2134 1971 2187 verba

439 2230 818 2296 prophetarum
848 2229 899 2281 in
940 2226 1141 2281 caelesti
1168 2224 1456 2277 Jerusalem
1478 2225 1660 2278 audire
1688 2225 1971 2289 noluerint,

438 2318 527 2385 qui
558 2332 649 2371 eos
683 2316 1033 2369 hortabantur
1056 2323 1114 2367 ut
1150 2314 1215 2367 ad
1254 2323 1462 2366 terrena
1488 2312 1887 2376 descenderent,
1922 2322 1975 2368 et

437 2421 630 2472 corpus
643 2404 954 2458 humilitatis
971 2409 1378 2465 assumerent,et
1395 2410 1507 2454 acta
1527 2403 1834 2469 paenitentia
1858 2411 1976 2470 post

440 2511 620 2549 verum
647 2494 1023 2548 sabbatismum
1044 2493 1211 2546 locum
1256 2493 1534 2559 pristinum
1566 2492 1915 2561 possiderent.
1950 2511 1967 2544 ι

513 2583 646 2637 XIV.
680 2584 958 2637 Erroribus
988 2597 1145 2651 porro
1172 2582 1274 2635 illis
1296 2596 1509 2650 aspersa
1535 2591 1656 2637 sunt
1678 2582 1976 2636 Adamantii

442 2689 601 2743 Opera
637 2690 754 2743 qua:
787 2682 1015 2736 exstant,
1051 2689 1183 2741 quos
1212 2674 1255 2726 si
1280 2672 1553 2741 sigillatim
1582 2674 1816 2728 indicare
1872 2682 1979 2728 sat-

444 2779 683 2832 agamus.
732 2765 1011 2817 abutemur
1051 2764 1160 2816 otio
1211 2772 1412 2828 nostro,
1483 2772 1535 2818 et
1612 2762 1794 2819 lectori
1833 2764 1980 2818 fasti~

446 2855 588 2906 dimn
647 2854 992 2907 movebimus.
1046 2853 1272 2907 lllustria
1327 2863 1501 2907 tamen
1550 2854 1813 2922 seligenda
1859 2866 1981 2909 sunt

447 2946 709 3011 quaedam,
740 2958 844 3013 quo
867 2945 1025 2998 dictis
1047 2943 1243 2998 uestris
1270 2944 1399 2998 ﬁdes
1429 2945 1764 3016 adjungatur.
1801 2947 1981 3000 Tertio

447 3048 573 3102 ergo
620 3035 754 3087 libro
803 3035 935 3102 Περὶ
978 3036 1205 3104 ἀρχῶν,
1241 3051 1358 3106 cap.
1388 3036 1421 3091 5
1447 3075 1462 3099 ,
1516 3052 1659 3090 ιιιιιη.
1686 3037 1751 3103 4,
1789 3036 1985 3091 sicdis-

1647 393 1706 447 P.
1750 385 2054 443 DANIELIS
2090 384 2318 440 HUETII

423 534 596 605 expuli
630 544 760 588 vos,
792 524 919 580 dicit
948 522 1224 577 Dominus.
1272 521 1335 576 Et
1382 519 1575 575 reverti
1616 532 1711 570 vos
1764 515 1951 605 faciam
1982 514 2027 570 Α
2053 522 2208 605 supra
2260 501 2654 605 descripsimus
2738 489 2973 605 sanctis

3642 357 3751 411 860

3046 479 3389 546 hostisque
3451 470 3755 526 ordinibus

2054 563 2273 665 subjecti
2325 563 2454 649 sunt
2476 606 2542 645 ac
2594 584 2830 657 regendi
2879 595 2898 633 :
2950 586 3237 665 quorum
3299 563 3602 665 adiutorio
3648 564 3754 665 psi,

2053 652 2107 743 et
2132 652 2553 742 institutionibus
2582 652 2688 732 ac'
2710 668 3057 740 disciplinis
3124 657 3517 717 salutaribus
3583 652 3760 707 refor-

2056 780 2205 841 mati,
2246 777 2421 831 redire
2445 789 2508 828 ac
2549 766 2773 825 restitui
2800 763 2877 816 ad
2914 767 3153 814 statum
3191 744 3604 846 beatitudinis
3636 758 3760 811 pos-

2063 1235 2184 1287 dum
2216 1200 2409 1284 Isaiam
2439 1227 2546 1280 erit
2576 1225 2648 1284 “,
2687 1219 3043 1274 restituetur
3099 1211 3167 1263 in
3240 1206 3421 1259 illam
3470 1200 3766 1260 unitatem,

2062 1337 2219 1392 quam
2240 1318 2508 1387 promittit
2555 1312 2825 1367 Dominus
2863 1304 3071 1361 Jesus.
3121 1318 3147 1352 ι
3191 1298 3274 1353 Ει
3321 1309 3469 1348 mox
3507 1292 3765 1392 num.

2070 1386 2093 1464 ξ
2124 1386 2410 1467 Sciendum
2444 1418 2627 1459 tamen
2652 1411 2738 1455 est
2761 1397 3091 1468 quosdam,
3134 1389 3249 1459 qui
3306 1403 3384 1441 ex
3452 1398 3576 1437 uno
3629 1386 3772 1452 prin-

2065 1504 2227 1570 cipio,
2256 1502 2399 1569 quod
2430 1512 2599 1566 supra
2631 1494 2906 1553 diximus,
2943 1483 3196 1552 delapsi
3238 1488 3418 1543 sunt,
3465 1477 3527 1532 in
3565 1486 3768 1570 tantam

2069 1567 2438 1661 indigniiatem
2499 1601 2566 1641 ac
2622 1584 2899 1639 malitiam
2956 1592 3027 1633 se
3094 1574 3393 1635 dedisse,
3455 1577 3523 1621 ut
3572 1567 3769 1638 indigni

2067 1685 2239 1740 habiti
2288 1682 2395 1736 sint
2444 1676 2801 1733 institutione
2857 1674 2998 1735 hac,
3046 1667 3156 1722 vel
3225 1662 3612 1726 eruditione,
3670 1674 3766 1728 qua

2068 1792 2163 1846 per
2194 1789 2410 1830 carnem
2470 1772 2775 1824 humanum
2846 1777 3045 1831 genus
3117 1756 3451 1825 adiutorio
3508 1753 3769 1806 virtutum

2069 1845 2370 1924 caelestium
2406 1860 2716 1916 instituitur
2751 1866 2927 1925 atque
2953 1851 3311 1913 eruditur;
3385 1845 3496 1901 sed
3565 1857 3600 1898 e
3658 1857 3771 1895 con-

2071 1959 2239 2013 trario
2299 1956 2461 2009 etiam
2491 1949 2802 2005 adversarii
2865 1956 3059 2014 atque
3101 1949 3544 2011 repugnantes
3568 1935 3658 1989 bis
3683 1934 3767 2001 qui

2073 2050 2396 2105 erudiuntur
2458 2053 2625 2111 atque
2691 2040 3071 2099 imbuuntur,
3146 2032 3496 2087 exsistunt.
3562 2046 3583 2079 ι
3640 2022 3763 2078 Tum

2073 2137 2229 2207 paulo
2255 2134 2521 2188 inferius:
2564 2150 2583 2182 ι
2620 2130 2850 2183 Interim
2880 2137 3003 2179 tam
3060 2126 3129 2178 in
3172 2124 3278 2177 bis
3313 2135 3456 2191 qum
3494 2118 3765 2177 videntur,

2072 2235 2125 2281 et
2150 2222 2537 2291 temporalibus
2567 2220 2820 2282 sarculis,
2860 2232 3054 2287 quam
3092 2216 3158 2269 in
3202 2213 3337 2267 illis
3378 2224 3522 2281 quae
3562 2223 3667 2264 non
3695 2209 3767 2261 vi-

2074 2318 2287 2376 dentur,
2316 2322 2369 2366 et
2398 2322 2602 2366 eterna
2638 2319 2789 2370 sunt,
2821 2323 3042 2362 omnes
3086 2308 3197 2362 isti
3241 2320 3362 2376 pro
3422 2304 3646 2364 ordine,
3677 2316 3767 2368 pro

2076 2407 2304 2469 ratione,
2332 2420 2428 2470 pro
2458 2404 2645 2465 modo,
2674 2411 2730 2456 et
2782 2400 3158 2454 meritorum
3226 2393 3631 2465 dignitatibus
3668 2392 3767 2445 dis-

2077 2504 2388 2565 pensautur,
2422 2503 2480 2546 ut
2511 2493 2601 2546 alii
2631 2493 2685 2545 in
2718 2492 2950 2561 primis,
2997 2489 3117 2543 alii
3185 2489 3252 2542 in
3291 2487 3604 2552 secundis,
3637 2500 3766 2538 non-

2076 2586 2203 2640 nulli
2230 2586 2390 2639 etiam
2423 2585 2476 2638 in
2510 2583 2720 2637 ultimis
2747 2580 3139 2649 temporibus
3169 2622 3189 2647 ,
3229 2588 3296 2634 et
3333 2594 3447 2649 per
3477 2576 3683 2647 majora
3708 2588 3767 2629 ac

2076 2677 2321 2747 graviora
2370 2676 2663 2745 supplicia,
2687 2688 2909 2728 necnon
2947 2682 3013 2727 et
3063 2674 3385 2727 diuturna
3412 2712 3429 2734 ,
3467 2684 3537 2722 ac
3570 2666 3764 2729 multis,

2079 2776 2136 2819 ut
2166 2766 2236 2819 ita
2267 2765 2469 2827 dicam,
2523 2763 2744 2818 smcnlis
2797 2762 3081 2827 tolerata,
3123 2760 3563 2830 asperioribus
3596 2770 3769 2813 emen-

2080 2853 2385 2907 dationibus
2418 2853 2681 2922 reparati,
2713 2861 2769 2906 et
2791 2852 3057 2906 restituti
3094 2852 3577 2908 eruditionibus
3603 2851 3768 2919 primo

2082 2943 2358 3013 angelicis,
2396 2952 2509 2996 tum
2537 2943 2739 2997 deinde
2781 2944 2963 2998 etiam
3026 2944 3453 3011 superiorum
3508 2941 3765 3012 graduum

2079 3034 2390 3096 virtutibus,
2435 3041 2491 3088 et
2521 3034 2602 3087 sic
2642 3048 2742 3104 per
2769 3032 2999 3101 singula
3050 3035 3139 3087 ad
3198 3034 3527 3102 superiora
3589 3048 3767 3103 prove.

448 3136 641 3194 putat:
681 3146 700 3177 ‹
756 3127 925 3181 Unius
971 3143 1200 3196 namque
1251 3138 1453 3182 naturae.
1501 3142 1619 3182 esse
1671 3142 1851 3182 omnes
1899 3142 2050 3200 τους
2082 3126 2177 3190 cti,
2233 3140 2404 3193 usque
2443 3127 2510 3178 ad
2568 3140 2631 3179 ea
2686 3140 2809 3193 qua:
2870 3135 3014 3178 sunt
3054 3125 3415 3180 invisibilia
3483 3133 3542 3181 et
3575 3135 3765 3179 aeterna

451 3214 727 3269 tionabilcs
773 3224 1050 3270 creaturas
1094 3230 1158 3269 ex
1205 3216 1382 3269 multis
1417 3218 1797 3271 assertionibus
1841 3231 1985 3270 com-

449 3305 738 3369 probatur;
794 3318 888 3372 per
936 3303 1073 3370 quod
1129 3302 1295 3355 solum
1346 3302 1435 3357 Dei
1483 3302 1684 3369 jnstitia
1726 3304 1775 3356 in
1818 3303 1986 3356 omni-

454 3392 552 3444 bus
601 3405 784 3443 carum
831 3391 1314 3458 dispensationibus
1356 3391 1564 3445 defendi
1612 3401 1816 3459 potest,
1862 3394 1984 3444 dum

450 3494 781 3546 unaqtuequc
808 3480 860 3532 in
900 3482 1179 3549 semetipsa
1210 3481 1367 3533 habet
1395 3495 1602 3545 causas,
1627 3483 1765 3551 quod
1792 3483 1842 3534 in
1899 3480 1988 3535 illo

456 3571 535 3622 vel
567 3571 616 3622 in
642 3570 730 3622 illo
753 3571 873 3623 vita:
896 3571 1081 3624 ordine
1113 3572 1278 3638 posita
1305 3570 1392 3625 sit.
1436 3588 1454 3621 ι
1491 3570 1620 3625 Hinc
1648 3572 1829 3639 triplex
1861 3586 1990 3625 enu-

459 3669 629 3713 merat
661 3660 1049 3713 rationabilium
1080 3671 1387 3712 naturarum
1420 3674 1582 3727 genus
1615 3660 1715 3713 huc
1744 3659 1988 3726 delapsa-

459 3766 595 3812 rurn,
619 3766 799 3805 carum
834 3750 1035 3803 scilicet
1073 3735 1198 3818 quac.
1229 3750 1391 3821 gestis
1419 3751 1529 3805 suis
1565 3750 1615 3803 id
1652 3750 1844 3803 fuerint
1868 3765 1991 3817 pro-

463 3842 721 3904 tncritzc;
796 3842 1018 3894 aliarum
1073 3857 1191 3911 qua:
1255 3840 1649 3910 aspectabilium
1707 3841 1992 3909 cupiditate

462 3945 625 4000 rapte
645 3934 746 3987 sint
770 3951 783 3996 ;
807 3943 857 3987 ct
883 3933 1088 3986 illarum
1111 3932 1320 3986 demum
1365 3947 1481 4001 quae
1506 3933 1664 3985 etiam
1692 3931 1871 3985 invitae
1925 3933 1990 3987 ad

456 4025 624 4079 ofl‘cia
646 4025 764 4078 aliis
784 4025 1078 4079 exhibenda
1111 4038 1138 4076 a
1164 4024 1271 4079 Deo
1302 4024 1562 4092 deputata:
1592 4023 1782 4089 sint,et
1809 4022 1859 4075 in
1884 4024 1994 4078 lucc

461 4116 575 4169 !oca
609 4116 875 4185 rclcgatm.
899 4116 1100 4181 Quibus
1130 4116 1403 4169 hominum
1450 4114 1653 4167 animas
1698 4113 1991 4183 signiﬁcat;

461 4218 573 4262 tmn
621 4210 835 4277 angelos
887 4207 1004 4260 illos
1045 4207 1134 4275 qui
1186 4206 1437 4259 mulieres
1489 4204 1769 4257 adamasse
1808 4204 1991 4258 crediti

462 4313 586 4355 sunt
616 4314 643 4353 a
670 4299 1035 4367 plerisque";
1072 4313 1135 4352 ac
1179 4297 1397 4366 angelos
1432 4296 1657 4363 denique
1688 4294 1864 4347 tutelae
1902 4295 1996 4350 bo-

464 4392 667 4446 tninum
700 4390 992 4459 prmfcctos,
1018 4389 1101 4442 vel
1129 4403 1221 4443 eos
1251 4403 1387 4457 quos
1411 4402 1439 4440 a
1496 4386 1604 4439 Deo
1633 4399 1736 4439 non
1783 4385 1991 4449 missos,

2085 3215 2421 3283 perveniant,
2451 3214 2682 3283 singulis
2712 3214 2984 3269 videlicet
3033 3217 3413 3287 quibusque
3465 3218 3764 3272 cmlestium

2084 3303 2339 3355 virtutum
2388 3302 2585 3357 officiis
2630 3302 2866 3371 quadam
2913 3307 3363 3361 eruditionum
3424 3308 3618 3377 specie
3657 3321 3767 3376 per-

2085 3392 2301 3460 agratis.
2336 3391 2411 3444 Ειι
2443 3408 2576 3460 quo,
2610 3403 2671 3446 ut
2706 3393 2928 3457 opinor,
2994 3393 3120 3449 hoc
3165 3400 3610 3468 consequentia
3657 3398 3759 3466 ipsa

2084 3482 2294 3536 videtur
2340 3484 2638 3540 ostendere
2673 3525 2689 3549 ,
2763 3500 3285 3557 unamquamque
3372 3488 3757 3544 rationabilem

2086 3582 2331 3626 naturam
2360 3588 2524 3641 posse
2578 3575 2647 3629 ab
2672 3589 2780 3629 uno
2810 3576 2866 3628 in
2916 3576 3206 3630 alterum
3252 3579 3533 3635 ordinem
3600 3588 3767 3633 trans-

2085 3670 2295 3715 euntem
2345 3675 2441 3728 per
2475 3662 2725 3731 singulos
2773 3663 3108 3731 in'omnes,
3150 3676 3229 3720 et
3282 3668 3365 3721 ab
3390 3666 3663 3722 omnibus
3720 3666 3767 3717 in

2087 3750 2324 3819 singulos
2370 3755 2684 3821 pervenire,
2718 3754 2853 3807 dum
2899 3769 3213 3813 accessus
3249 3758 3628 3827 profectuum
3686 3756 3771 3809 de-

2089 3844 2391 3898 fectuumve
2419 3845 2603 3898 varios
2632 3834 2735 3913 pro
2776 3847 3037 3901 motibus
3095 3850 3207 3903 vel
3277 3850 3601 3904 conatibus
3658 3861 3769 3915 pro.

2088 3935 2221 4004 priis
2251 3935 2627 4004 unusquisque
2651 3950 2753 4005 pro
2778 3926 2948 3991 libe‘ri
2998 3937 3269 3993 arbitrii
3325 3938 3611 3995 facultate
3662 3953 3772 4007 per-

2091 4026 2308 4096 petitur.
2348 4043 2367 4077 ι
2404 4023 2673 4079 Nonnulla
2697 4041 2765 4079 ex
2803 4026 2894 4080 his
2919 4027 3144 4083 Graece
3185 4031 3506 4100 descripta
3542 4027 3772 4096 reperies

2093 4118 2146 4171 in
2170 4117 2271 4169 line
2301 4115 2545 4183 epistola:
2574 4114 2878 4171 Justiniani
2903 4119 2974 4170 ad
3014 4117 3279 4175 Menam
3317 4133 3384 4175 et
3438 4120 3590 4190 apud
3620 4116 3773 4172 Maxi-

2092 4222 2234 4262 mum
2276 4206 2980 4275 Constantinopolitanum,
3046 4210 3197 4265 loco
3261 4215 3547 4282 proxime
3594 4214 3770 4266 citato.

2095 4298 2200 4352 Has
2241 4312 2452 4365 quoque
2476 4298 2875 4353 conversiones
2900 4308 2958 4354 et
2992 4300 3386 4370 dignitatum
3414 4321 3487 4360 ac
3517 4304 3766 4359 ordinum

2095 4386 2514 4456 permutationes
2553 4390 2747 4442 statuit
2792 4398 2932 4445 tom.
2982 4408 3059 4445 xv
3095 4395 3162 4447 in
3221 4396 3479 4462 Matth”
3510 4395 3771 4451 num.27.

466 4482 519 4535 in
559 4483 698 4535 hunc
731 4482 1005 4543 mundum,
1032 4481 1328 4534 doctrinam
1382 4477 1463 4530 vel
1506 4476 1835 4544 prophetiam
1872 4491 1991 4543 pro-
2025 4479 2066 4533 D
2095 4478 2261 4533 Tomo
2285 4492 2416 4531 vero
2452 4494 2722 4549 xm,pag.
2758 4480 2893 4544 594,
2928 4482 3233 4541 intricato
3269 4489 3443 4554 licet,
3476 4499 3538 4544 et
3568 4506 3600 4543 ει
3625 4489 3776 4542 libra-

467 4572 737 4624 mittentes
784 4572 993 4624 venisse
1018 4572 1093 4623 ait
1142 4582 1270 4625 tom.
1305 4586 1375 4622 xx
1423 4568 1476 4619 in
1516 4567 1700 4628 10am,
1741 4566 1990 4620 num.l7.

466 4662 650 4717 Priore
689 4669 863 4712 autem
896 4660 1031 4726 Περὶ
1069 4660 1265 4729 ἀρχῶν
1312 4660 1443 4714 libro
1463 4698 1479 4724 ,
1509 4673 1626 4727 cap.
1654 4658 1708 4723 6,
1737 4673 1878 4710 ηιιιη.
1910 4656 1945 4709 2
1976 4672 1990 4710 :

470 4773 490 4806 ι
524 4754 598 4807 Ex
634 4751 716 4804 bis
764 4764 912 4813 sane,
944 4751 1135 4819 inquit,
1162 4752 1250 4819 qui
1288 4752 1339 4805 in
1389 4751 1478 4804 illo
1504 4749 1654 4804 initio
1692 4750 1998 4816 permanse-

466 4852 616 4905 runt,
649 4840 792 4907 quod.
839 4840 1016 4894 futuro
1069 4841 1156 4893 ﬁni
1198 4842 1370 4896 simile
1423 4856 1541 4896 esse
1597 4839 1994 4907 descripsimus,

465 4934 681 5003 quidam
714 4946 781 4983 ex
841 4930 971 4998 ipsis
1011 4931 1060 4983 in
1112 4933 1446 4986 ordinatione
1494 4947 1556 4985 ac
1607 4930 1998 4999 dispensatione

468 5024 652 5101 mundi
685 5022 924 5076 ordinem
962 5021 1257 5089 angelicum
1311 5023 1637 5084 sortiuntur,
1693 5020 1780 5074 alii
1825 5022 1997 5073 virtu-

469 5127 621 5181 tum,
687 5114 777 5167 alii
834 5112 1252 5182 principatunm,
1307 5112 1393 5166 alii
1453 5120 1839 5178 potestatum...
1885 5126 2002 5179 quae

464 5207 646 5263 omnia
676 5204 754 5260 eis
777 5218 872 5273 pro
900 5202 1114 5266 merito,
1141 5211 1194 5255 et
1222 5200 1544 5269 profectibus
1568 5203 1699 5267 suis,
1732 5199 1924 5268 quibus
1948 5202 2001 5254 in

469 5300 563 5353 Dei
602 5295 1069 5366 participationem
1132 5292 1588 5361 imitationemque
1646 5290 2000 5360 profecerant,

469 5405 621 5460 aequo
668 5388 923 5456 iustoque
949 5383 1151 5454 judicio
1176 5382 1351 5436 divina
1385 5381 1609 5435 contulit
1639 5379 2000 5434 Providentia.

472 5479 533 5534 Hi
561 5495 685 5534 vero
706 5480 796 5550 qui
819 5481 885 5533 de
906 5484 1045 5531 statu
1066 5475 1250 5545 prima:
1275 5472 1610 5526 beatitudinis
1641 5472 1765 5526 moti
1793 5471 2001 5539 quidem

473 5582 617 5638 sunt,
653 5587 761 5627 non
803 5581 978 5627 tamen
1018 5564 1477 5623 irremediabiliter
1526 5564 1677 5631 moti,
1722 5562 1826 5618 illis
1873 5576 2005 5629 quos

543 5764 585 5797 "
607 5764 717 5821 Gen
758 5783 829 5832 γι,
853 5766 906 5821 2.
997 5766 1039 5797 ¹²
1063 5762 1163 5819 lsa.
1190 5760 1435 5829 Lx\'l,‘.’.2.

2099 4570 2194 4625 riis
2224 4568 2456 4623 fortasse
2482 4581 2746 4641 corrupto
2796 4588 3065 4630 sermone
3108 4579 3517 4637 adversarias
3547 4590 3777 4649 potesta—

2098 4671 2180 4717 tes
2204 4670 2420 4731 propter
2449 4661 2786 4720 oflensiones
2818 4665 3166 4724 hominibus
3212 4674 3514 4741 prmbitas
3549 4684 3775 4741 corpora

2100 4756 2332 4811 humana
2373 4755 2587 4823 subire,
2619 4759 2674 4813 in
2699 4773 2876 4827 eoque
2910 4773 3123 4827 ptenas
3166 4764 3345 4821 luere
3379 4767 3588 4822 tradit.
3638 4764 3773 4819 Idem

2101 4862 2219 4916 cap.
2256 4845 2438 4903 8|ibri
2462 4853 2630 4919 primi
2662 4852 2798 4920 Περὶ
2820 4852 3055 4921 ἅρχων,
3104 4870 3279 4913 ηιιιη.
3322 4859 3350 4911 1
3392 4869 3455 4912 et
3505 4859 3565 4924 4,
3633 4853 3775 4926 paria

2101 4936 2420 5004 repetendo,
2455 4941 2701 5001 inculcat
2730 4963 2749 4998 ι
2789 4944 3120 5014 angelorum
3151 4948 3427 5004 oﬂicium
3458 4950 3689 5006 nonnisi
3712 4962 3773 5000 ex

2102 5025 2294 5079 merito
2317 5042 2626 5105 constare;
2668 5058 2687 5091 ι
2723 5040 2997 5094 dzemones
3034 5052 3206 5104 vero,
3280 5059 3303 5092 ι
3350 5058 3466 5113 pro
3532 5042 3773 5099 matibus

2105 5116 2215 5169 suis
2235 5126 2290 5169 el
2326 5125 2712 5200 profectibus,
2738 5131 2934 5203 quibus
2975 5128 3035 5184 in
3075 5132 3305 5188 scelere
3379 5136 3768 5204 profecerunt.

2105 5205 2205 5260 hos
2228 5210 2469 5288 malitiae
2498 5228 2739 5285 δοτιῑιοε
2763 5239 2882 5283 esse
2925 5224 3170 5293 gradus,
3214 5244 3237 5279 ι
3284 5237 3478 5296 atque
3530 5228 3609 5282 ita
3654 5238 3771 5280 sese

2109 5299 2372 5366 ιιθιιιιῖιίω
2403 5310 2667 5390 dedisse,
2696 5324 2877 5393 utiam
2916 5316 3130 5372 libidini
3167 5317 3243 5371 sit
3275 5332 3346 5373 ac
3400 5316 3767 5375 delectationi

2110 5400 2437 5492 peccatum,
2476 5419 2539 5463 ει
2564 5433 2584 5465 ι
2626 5426 2690 5472 ιιι
2722 5412 2962 5473 revocari
2986 5410 3189 5476 nolint,
3219 5410 3409 5479 magis
3444 5426 3621 5481 quam
3660 5424 3765 5463 non

2109 5488 2346 5581 Ῠοῗῗίῃλ
2377 5507 2399 5540 ³
2436 5493 2568 5561 ι)εο
2613 5523 2714 5579 pro
2741 5526 2835 5567 sua
2863 5503 3189 5574 benignitate
3217 5502 3414 5557 omnia
3453 5504 3527 5557 ad
3586 5500 3763 5556 beati-

2113 5570 2366 5634 tudinem
2437 5570 2777 5665 attrabcule
2815 5615 2863 5664 et
2906 5570 3264 5675 provocante:
3296 5606 3331 5647 e
3402 5590 3761 5658 rationalium
