3894 6460
966 195 999 223 Ι

149 415 238 472 ιιι

987 401 1544 464 ORIGENIANORUM
1581 400 1707 456 LIB.
1746 398 1810 464 ll,
1848 399 1996 454 CAP.
2033 399 2096 463 ll,
2135 397 2401 465 QUEST.
2443 399 2506 457 ν.

164 539 280 582 vero
305 522 633 574 naturarum
665 521 861 577 ordine
897 525 962 574 ad
1000 522 1281 576 humanum
1312 535 1480 591 genus
1497 517 1712 586 explen-
1736 525 1754 578 Α

1834 513 2105 584 πτάχθησαν
2129 514 2177 566 οἱ
2205 513 2342 568 οὕτω
2371 513 2906 586 προσαγορευόμενοι,
2925 505 3000 568 ὧν
3023 509 3082 563 τὺ
3127 509 3340 564 ὑποκείσ-

171 619 284 672 dum
312 606 522 664 animas
548 610 869 680 seligi,quze
897 621 1014 680 post
1039 613 1121 680 pie
1152 611 1569 666 administratum
1594 609 1714 662 vita:

174 719 396 775 tempus,
422 701 476 756 in
500 702 820 771 angelorum
855 703 1091 759 ordinem
1133 703 1321 756 iterum
1349 706 1709 755 assumuntur.

169 798 240 856 De
299 793 522 850 diabolo
572 794 774 846 lterum
805 792 897 846 lib.
961 807 1021 846 ιιι
1071 793 1210 858 Περὶ
1250 788 1466 859 ἀρχῶν,
1515 803 1632 856 cap.
1659 785 1713 852 6,

169 903 309 943 num.
336 885 378 940 5
415 906 428 942 :
462 903 482 936 ι
516 883 730 937 Destrui
779 897 926 947 sane,
970 883 1160 950 inquit,
1193 877 1513 936 novissimus
1541 876 1716 931 inimi-

166 996 254 1036 cus
309 981 396 1032 ita
437 975 821 1044 intelligendus
859 983 964 1037 est,
994 989 1095 1026 non
1130 981 1184 1024 ut
1237 967 1530 1024 substantia
1581 965 1715 1033 ejus,

168 1087 278 1140 qua!
311 1085 344 1121 a
399 1068 513 1121 Deo
542 1066 686 1119 facta
715 1075 816 1128 est,
847 1073 1049 1132 pereat,
1079 1064 1170 1117 sed
1204 1072 1261 1114 ut
1287 1059 1632 1128 propositum,
1665 1064 1718 1110 et

163 1161 426 1217 voluntas
454 1158 702 1220 inimica,
729 1171 848 1224 qua:
876 1169 978 1208 non
1007 1171 1036 1206 a
1065 1154 1194 1214 Deo,
1224 1152 1314 1206 sed
1359 1152 1424 1202 ab
1447 1149 1563 1217 ipso
1597 1161 1722 1214 pro-

162 1251 357 1313 cessit,
394 1251 652 1302 intereat.
687 1265 707 1298 i
739 1245 962 1299 [lornilia
989 1244 1058 1297 25
1093 1244 1146 1296 in
1188 1242 1312 1296 Luc.
1335 1239 1550 1309 angelos
1579 1239 1719 1302 illos,

157 1345 220 1395 de
254 1340 475 1409 quibus
523 1339 700 1406 agitur
741 1339 905 1406 Apoc.
944 1351 982 1388 ιι
1011 1342 1064 1388 et
1097 1349 1153 1387 ιιι
1186 1345 1456 1401 peccasse,
1497 1329 1720 1396 ideoque

163 1431 339 1485 fuisse
375 1446 407 1482 a
437 1429 650 1485 Joanne
692 1429 1041 1494 reprehensos
1074 1424 1168 1488 ait,
1218 1421 1445 1488 ipsisque
1483 1433 1601 1472 eum
1661 1431 1724 1472 ac

164 1517 492 1574 hominibus
561 1514 850 1568 salutarem
928 1509 1289 1578 pmnitentiam
1361 1505 1719 1573 pradicasse,

165 1606 635 1674 quemadmodum
690 1611 747 1655 et
803 1601 1162 1654 Servatorem.
1216 1595 1350 1648 Hinc
1392 1592 1628 1646 bomil.4
1671 1594 1726 1644 in

165 1693 394 1755 Euan,
432 1707 586 1744 num.
619 1691 670 1752 1,
717 1703 835 1757 pag.
867 1686 989 1749 570,
1024 1702 1043 1735 ι
1088 1683 1306 1749 Quando
1343 1696 1490 1750 ergo,
1535 1680 1722 1747 inquit,

1814 617 1968 672 μενον
1996 602 2092 656 οὐκ
2119 601 2242 656 ἄλλο
2275 604 2325 655 τί
2351 604 2544 673 ἐστινῆ
2574 603 2868 672 ἄνθρωπος,
2907 603 2998 657 καὶ
3023 599 3099 670 τῷ
3127 600 3342 654 amusi-

1817 690 1958 760 μένῳ
2019 691 2323 761 συμϐέϐηκε
2379 692 2440 743 τὸ
2495 692 2664 764 Θρόνῳ
2711 689 2928 762 εἷναι,ἢ
2984 691 3278 760 κυριότητι,
3305 688 3341 759 ἢ

1814 779 1974 848 ἀρχῇ,
2001 779 2033 848 ἤ
2066 779 2278 849 ἐξουσίᾳ
2299 797 2312 809 °
2351 780 2441 831 καὶ
2465 781 2521 830 ὲν
2545 780 2620 848 τῷ
2655 782 2822 850 Ἰησοῦ
2865 782 2918 834 δὲ
2944 781 3020 850 τῷ
3046 781 3138 833 τοῦ
3188 779 3342 847 Ναυῆ

1813 871 1983 920 κεῖται
2003 868 2062 920 τό
2085 885 2097 898 ³
2131 870 2301 936 ’Ὠερθη
2333 869 2410 937 τῷ
2453 869 2620 939 Ἰησοῦ
2648 871 2919 939 ἄνθρωπος
2945 873 3002 923 ὲν
3035 870 3258 942 ’1εριχῶ,
3286 870 3345 932 ὃς

1819 975 1996 1027 φησιν’
2041 956 2176 1025 Ἐγὼ
2223 959 2644 1028 ἀρχιστράτηγος
2691 961 2887 1028 Κυρίου
2932 961 3206 1030 δυνάμεως
3230 960 3346 1012 νυνὶ

1823 1047 2184 1118 παραγέγονά.
2205 1047 2326 1101 lude
2348 1048 2431 1101 lux
2455 1047 2574 1100 huic
2601 1047 2713 1099 loco
2737 1047 3038 1117 Hieronymi
3067 1051 3223 1118 epist.
3274 1049 3339 1104 6i

1821 1139 1886 1189 ad
1923 1136 2249 1198 Pammacb.,
2274 1151 2388 1203 cap.
2411 1134 2444 1186 5
2471 1152 2484 1185 :
2516 1133 2650 1188 «Nec
2671 1133 2924 1203 Origenes
2953 1152 3184 1203 unquam
3205 1137 3342 1191 dixit

1824 1239 1891 1280 ex
1929 1225 2126 1291 angelis
2166 1224 2370 1277 animas
2412 1224 2556 1286 ﬁeri;
2587 1239 2706 1278 cum
2737 1225 2874 1291 ipsos
2903 1225 3119 1290 angelos
3147 1240 3338 1279 nomen

1822 1327 1939 1366 esse
1962 1312 2114 1365 ollicii
2143 1313 2348 1376 doceat,
2378 1328 2479 1364 non
2520 1322 2740 1365 naturae.
2777 1330 2794 1362 ι
2831 1311 2941 1364 Hoc
2973 1322 3072 1376 est,
3119 1328 3221 1366 non
3251 1327 3342 1380 per

1827 1413 2032 1456 natura:
2059 1403 2456 1455 conversionem
2485 1402 2703 1471 angelus
2737 1402 2909 1454 anima
2947 1401 3192 1465 ellicitur,
3211 1403 3352 1470 ejus-

1823 1493 1940 1544 dem
1976 1490 2166 1558 quippe
2191 1500 2390 1542 natura!
2423 1500 2573 1555 sunt;
2611 1491 2701 1543 sed
2735 1505 2829 1558 per
2879 1489 3032 1544 cilicii
3061 1499 3354 1543 commuta-

1829 1581 2047 1640 tionem,
2081 1589 2134 1632 et
2166 1579 2316 1647 quasi
2351 1579 2402 1630 in
2439 1578 2579 1630 aliud
2612 1578 2932 1631 domicilium
2965 1579 3350 1647 migrationem.

1831 1667 1934 1720 Sed
1957 1675 2010 1721 et
2041 1679 2168 1720 tom.
2203 1683 2330 1721 xvm
2358 1670 2409 1720 in
2439 1666 2619 1728 10am,
2656 1682 2798 1718 num.
2831 1666 2919 1728 58,
2949 1668 3254 1720 existimare
3295 1680 3356 1720 se

165 1783 346 1852 angeli
383 1753 834 1850 prazvarican'tur,
859 1784 908 1830 et
944 1774 1029 1826 alii
1057 1780 1177 1826 sunt
1213 1771 1302 1838 qui
1331 1771 1419 1823 Dei
1466 1776 1722 1836 praecepta

1834 1755 1901 1807 ait
1934 1755 2211 1808 divinitate
2244 1753 2365 1808 Jcsu
2394 1755 2714 1823 stupefactos
2739 1755 2991 1821 quosdam
3031 1767 3063 1806 e
3103 1754 3357 1806 daemoni-

168 1825 516 1932 cuzlodi'unt,
564 1878 619 1920 et
668 1825 926 1932 judicium
959 1825 1350 1931 prrestolan'tur,
1388 1873 1488 1910 non
1556 1857 1723 1911 solum
1755 1825 1799 1880 Β
1829 1847 1956 1907 bus,
1988 1845 2298 1910 Ρωηίιθηιίθ
2330 1849 2514 1898 αυοιοε
2534 1847 2599 1897 ad
2630 1845 2799 1911 ipsum
2825 1842 3144 1932 confugisse.
3163 1840 3357 1911 quippe

168 1963 483 2022 hominum,
521 1973 706 2013 verum
736 1958 893 2010 etiam
928 1955 1041 2018 Dei,
1061 1963 1117 2004 ut
1150 1951 1452 2018 frequenter
1479 1949 1725 2012 diximus,

169 2063 280 2106 tam
332 2052 403 2104 de
457 2050 542 2103 his
575 2063 694 2115 qua:
742 2047 796 2100 in
832 2043 1194 2112 Apocalypsim
1241 2039 1540 2107 conscripta
1585 2048 1729 2104 sunt,

171 2158 336 2212 quam
391 2155 463 2193 ex
519 2138 641 2191 aliis
696 2132 1204 2194 innumerabilibus;
1258 2145 1446 2198 quare,
1492 2129 1730 2196 inquam,

174 2249 275 2286 non
305 2240 476 2286 terra:
505 2237 561 2281 et
592 2227 734 2280 aeris
763 2223 1015 2292 judicium
1043 2219 1410 2274 sitfuturum?
1451 2237 1470 2270 ι
1534 2216 1588 2268 ln
1627 2215 1730 2270 Ca-

178 2322 315 2376 tenis
367 2317 539 2386 regiis
571 2317 622 2368 iu
646 2315 918 2375 Psalmos,
949 2311 1012 2364 ad
1056 2310 1247 2378 psalm.
1276 2323 1442 2370 χχχιι,
1465 2307 1520 2375 6,
1573 2306 1731 2358 verba

177 2414 286 2465 huic
320 2408 425 2478 ipsi
457 2406 767 2459 tribuuntur
799 2419 812 2454 :
844 2401 917 2452 Οὐ
945 2401 1052 2468 γὰρ
1082 2400 1260 2468 νήπιοι
1291 2395 1595 2457 κτισθέντες
1617 2394 1732 2446 κατ’

175 2498 352 2564 ὀλίγον
387 2493 591 2564 μελέτῃ
623 2492 725 2559 τῆς
748 2488 841 2541 τοῦ
889 2489 1188 2557 πνεύματος
1220 2485 1478 2553 ὑποδοχῆς
1513 2483 1734 2550 γεγόνα-

181 2605 258 2641 σιν
284 2586 431 2651 ἄξιοι
456 2600 470 2613 ·
498 2582 614 2635 ἀλλ’
651 2582 707 2632 ὲν
732 2582 797 2648 τῇ
829 2576 1019 2647 πρώτῃ
1053 2574 1300 2627 συστάσει
1332 2575 1425 2626 καὶ
1470 2571 1547 2642 τῷ
1579 2569 1738 2622 οἱονεὶ

179 2678 464 2748 φυράματι
491 2673 592 2742 τῆς
624 2669 810 2730 οὐσίας
838 2665 1014 2719 αὐτῶν
1040 2661 1558 2731 συγκαταϐληθεῖσαν
1585 2659 1736 2728 ἔσχον

178 2769 268 2839 τὴν
296 2766 606 2834 άγίοτητα⁶
655 2760 733 2812 διὸ
781 2759 874 2811 καὶ
921 2754 1298 2825 δυσμετάθετοι
1355 2753 1484 2821 πρὸς
1545 2750 1737 2803 κακίαν

180 2859 337 2919 εἰσιν,
394 2853 564 2914 εὐθὺς
608 2849 768 2902 οἱονεὶ
824 2848 967 2917 βαφῇ
1019 2845 1095 2914 τῷ
1145 2841 1395 2911 ἁγιασμῷ
1445 2839 1740 2910 στομωοέν-

181 2967 285 3011 τες.
321 2948 388 3001 Et
411 2946 502 2998 illa
535 2956 748 3011 quoque
775 2941 840 2993 ad
891 2938 1078 3006 psalm.
1107 2950 1292 2998 cxvnt,
1333 2933 1422 2994 89,
1456 2947 1572 3000 qua:
1627 2928 1741 2983 alia:

189 3049 364 3092 tamen
407 3034 634 3088 Catena}
663 3029 887 3097 Didymo
913 3027 1188 3080 ascribunt
1221 3039 1235 3075 :
1265 3021 1326 3074 El
1350 3021 1405 3073 δὲ
1433 3021 1557 3091 περὶ
1578 3018 1742 3087 ἁγίων

1833 1935 1921 2001 qui
1955 1933 2164 1986 virtutis
2197 1934 2504 2000 capaciores
2554 1935 2682 1997 sint,
2718 1948 2877 1999 quam
2928 1931 3196 1994 homines;
3235 1946 3356 1985 cum

1831 2023 2083 2090 spiritalis
2137 2034 2344 2076 natura:
2392 2025 2515 2088 sint,
2552 2023 2788 2075 homines
2816 2036 2940 2074 vero
2981 2035 3246 2088 corporeae
3305 2029 3360 2075 et

1831 2113 2128 2168 crassioris.
2187 2112 2431 2180 Inprimis
2461 2128 2588 2166 vero
2637 2113 2831 2182 perlegi
2878 2112 3032 2165 velim
3073 2111 3217 2165 locos
3239 2110 3360 2166 Ori-

1831 2203 1980 2272 genis
2012 2203 2078 2254 ab
2109 2202 2428 2270 Hieronymo
2455 2201 2789 2269 depromptos
2813 2199 2966 2266 epist.
2997 2199 3064 2254 59
3101 2199 3166 2252 ad
3192 2199 3362 2266 Avit.,

1830 2306 1950 2358 cap.
1985 2291 2038 2354 l,
2073 2291 2126 2342 in
2149 2291 2342 2358 quibus
2374 2291 2593 2344 rationis
2615 2289 2894 2358 participes
2919 2288 3364 2356 naturasjumen—

1836 2388 2006 2433 torum
2045 2379 2358 2446 corporibus
2390 2380 2628 2446 colligari
2662 2389 2872 2446 propter
2901 2379 3089 2432 delicta
3135 2376 3361 2442 asserit;

1834 2468 2147 2529 daemonum,
2176 2469 2447 2520 hominum
2502 2467 2912 2535 angelorumque
2964 2477 3181 2520 naturas
3203 2465 3364 2520 simul

1833 2559 2120 2627 permutari
2156 2572 2218 2610 ac
2242 2558 2546 2626 permisceri
2572 2575 2588 2620 ;
2621 2559 2851 2613 siderum
2878 2560 3108 2624 ipsorum
3138 2557 3363 2618 animas,

1835 2654 2015 2714 utpote
2047 2645 2256 2698 ratione
2291 2646 2562 2713 praeditas,
2592 2647 2662 2699 ob
2711 2655 2924 2714 peccata
2955 2648 3038 2699 his
3077 2645 3240 2698 fuisse
3265 2645 3366 2696 ad-

1834 2733 2039 2802 iunctas
2067 2735 2400 2803 corporibus,
2431 2750 2550 2802 qua:
2571 2734 2650 2786 vel
2674 2734 2912 2802 plus,ch
2935 2735 3109 2787 minus
3135 2734 3364 2798 luceant,

1837 2834 1991 2896 prout
2025 2832 2165 2879 recte
2190 2824 2272 2879 vel
2301 2824 2437 2877 male
2465 2838 2521 2876 se
2549 2833 2845 2890 gesserunt.

1910 2915 2058 2980 Quod
2092 2925 2267 2969 autem
2284 2916 2470 2970 scribit
2493 2914 2821 2982 Epiphanius
2843 2915 2894 2967 in
2927 2913 3142 2982 syuopsi
3172 2912 3298 2967 torni
3326 2912 3368 2976 Ι,

1842 3004 1937 3060 lib.
1979 3021 2038 3072 ιι,
2070 3020 2188 3074 cap.
2221 3004 2310 3069 l8,
2352 3004 2597 3057 docuisse
2647 3002 2925 3072 Origenem
2967 3003 3228 3058 desituros
3275 3001 3374 3055 ali-

186 3125 469 3195 δυνάμεων
518 3124 645 3192 φῆς,
680 3091 922 3186 ἀγγέλων
951 3113 1088 3184 φημὶ
1119 3113 1210 3164 καὶ
1258 3109 1620 3182 ἀρχαγγέλων,
1647 3125 1743 3160 κα-

1843 3096 2057 3164 quando
2109 3095 2346 3164 angelos,
2408 3091 2487 3148 si'c
2549 3092 2946 3159 intelligendum
2995 3101 3099 3156 est,
3141 3091 3372 3146 futuram

186 3214 286 3278 λῶς
318 3213 431 3284 φῆς
451 3251 468 3275 ,
501 3210 746 3277 ἀκίνητοι

192 3304 318 3374 πρὸς
352 3303 417 3355 τὸ
441 3298 615 3354 κακόν
635 3314 649 3328 ⁸
673 3296 830 3349 τοῦτο
859 3293 965 3362 γὰρ
991 3291 1165 3342 πείθει
1196 3305 1262 3358 με
1291 3287 1462 3356 λέγειν
1490 3289 1518 3340 ὁ
1570 3284 1744 3339 πεσὼν

193 3394 468 3464 ἑωσφόρος
501 3390 570 3443 δι’
601 3388 850 3457 ἔπαρσιν.
877 3382 1151 3436 Sexcentis
1184 3380 1249 3433 ad
1281 3379 1393 3431 [nec
1422 3377 1553 3430 locis
1591 3389 1748 3442 auge.

198 3484 270 3539 los
302 3484 594 3536 hominum
625 3475 882 3529 custodiae
912 3469 1188 3539 praefectos
1215 3481 1409 3521 munus
1437 3465 1539 3520 sibi
1581 3465 1749 3532 impo-

197 3577 354 3630 situm
389 3570 729 3640 negligenter
747 3575 1119 3628 nonnunquam
1149 3559 1321 3620 obire,
1345 3566 1398 3610 ct
1418 3563 1749 3624 peccatorum

198 3670 256 3722 ab
310 3664 637 3722 hominibus
697 3656 1050 3710 admissorum
1079 3650 1320 3704 conscios
1361 3661 1480 3702 esse
1515 3662 1578 3699 ac
1612 3659 1749 3708 reos,

200 3767 600 3828 proptereaque
625 3747 797 3818 pteuis
841 3743 1108 3797 addictum
1151 3740 1219 3793 iri
1257 3738 1474 3828 deﬁnit.
1527 3734 1754 3828 illustris

201 3824 323 3902 vero
353 3860 467 3914 pne
498 3840 722 3906 reliquis
749 3837 898 3889 locos
931 3831 1017 3885 ille
1039 3839 1120 3883 est
1149 3843 1180 3882 e
1207 3838 1333 3880 tom.
1368 3841 1434 3878 xv
1460 3827 1512 3878 in
1543 3824 1752 3914 Mutua,

206 3911 471 3995 ιιιιιιιίίὶῑ,
496 3930 585 3982 ubi
612 3929 894 3995 postquam
922 3919 1136 3988 angelos
1178 3931 1280 3968 non
1327 3915 1538 3968 Immine
1562 3911 1754 3970 solum.

203 4026 287 4080 sed
311 4034 371 4078 et
398 4022 613 4087 reliquo
640 4013 820 4068 mundi
871 4009 1079 4080 Opiﬁcio
1119 4004 1516 4075 praestantiores
1540 4010 1594 4055 et
1618 4001 1756 4054 anti-

206 4119 426 4186 quiores
451 4125 576 4167 esse
603 4106 738 4160 dixit
764 4120 778 4157 :
811 4101 1084 4171 Τὸλμησαι
1105 4137 1119 4162 ,
1141 4095 1344 4186 inquit,
1389 4089 1756 4186 ἀποφῇνασθαι

208 4177 280 4259 ἑτι
311 4203 504 4256 πολλοὶ
533 4200 632 4270 μὲν
662 4194 926 4264 ἀγγέλων,
947 4189 995 4242 οἶ
1039 4185 1240 4257 πρῶτοι
1281 4179 1417 4262 ἦσαν
1465 4177 1757 4270 ἀνθρώπων

212 4293 448 4350 γίνονταί
474 4267 635 4343 τινων
661 4286 756 4340 άνθ
764 4285 957 4356 ρώπων
986 4280 1196 4348 ἔσχατοι
1225 4292 1237 4306 ·
1269 4273 1447 4326 πολλοὶ
1461 4271 1517 4323 δὲ
1536 4270 1627 4322 καὶ
1654 4267 1758 4322 τῶν

788 3206 926 3276 γὰρ,
963 3179 1160 3273 μέλλον
1190 3201 1246 3252 δὲ
1296 3179 1593 3268 δυσκίνητοί
1641 3200 1744 3250 είσι

1843 3185 1966 3238 olim
1998 3198 2175 3237 rerum
2203 3183 2437 3239 omnium
2465 3183 2861 3237 conversionem
2891 3187 2946 3234 et
2989 3179 3373 3233 ἀποκατάστα-

1847 3290 1952 3336 σιν,
1979 3274 2318 3340 redituraque
2341 3271 2406 3324 ad
2429 3273 2708 3339 pristinum
2763 3279 2958 3325 statum
2988 3270 3188 3334 omnia,
3216 3283 3377 3338 ange-

1845 3360 2031 3429 losque
2072 3363 2203 3414 adeo
2233 3374 2298 3413 ac
2344 3360 2611 3412 daemones
2655 3357 2842 3412 eodem
2883 3358 3088 3413 futuros
3139 3357 3254 3412 loco
3271 3371 3378 3425 quo

1848 3451 2087 3514 fuerunt,
2116 3459 2400 3517 antequam
2436 3446 2723 3500 virtutibus
2759 3447 2870 3501 suis
2909 3447 2988 3502 vel
3019 3447 3254 3515 peccatis
3313 3447 3380 3502 ad

1849 3538 2175 3607 angelorum,
2224 3537 2586 3590 daemonumve
2630 3545 2874 3588 naturam
2909 3535 3120 3605 adjungi
3156 3536 3382 3590 meruis—

1849 3635 1989 3682 sent.
2020 3625 2184 3680 Recte
2207 3627 2256 3679 id
2280 3624 2428 3692 juxta
2459 3624 2706 3694 Origenis
2724 3624 3038 3677 sententiam
3061 3623 3276 3692 exponit
3297 3623 3387 3678 Ju-

1851 3717 2113 3770 stinianus
2169 3716 2220 3768 in
2267 3714 2489 3782 epistola
2518 3714 2584 3768 ad
2614 3713 2856 3782 quintam
2894 3713 3178 3782 synodum,
3223 3727 3382 3782 quam

1853 3804 2044 3854 recitat
2062 3798 2350 3853 Cedrenus.
2931 3849 2934 3852 .
3128 3783 3151 3817 ⁸

1927 3908 2044 3963 XV.
2080 3908 2472 3972 Verumtamen,
2499 3908 2800 3976 perspicuis
2835 3908 2958 3963 licet
3001 3918 3056 3963 et
3091 3909 3385 3966 illustribus

1854 3999 2172 4054 testimoniis
2215 3998 2558 4052 deliramenta
2579 3999 2834 4065 ejusmodi
2857 3999 3207 4053 Adamantius
3244 4013 3387 4067 sepe

1855 4086 2166 4155 prodiderit,
2199 4086 2484 4155 aliquando
2508 4095 2701 4151 tamen,
2736 4088 2885 4154 quasi
2926 4086 3196 4156 Penelopae
3227 4088 3384 4144 telam

1857 4183 2126 4238 retexens,
2153 4179 2332 4243 priora
2372 4176 2581 4230 videtur
2620 4184 2930 4231 retractare.
2961 4196 2979 4228 ι
3022 4178 3147 4232 Vide
3175 4192 3322 4248 ergo,
3361 4196 3382 4231 ι

1859 4263 2032 4332 inquit
2063 4264 2249 4322 homil.
2277 4265 2313 4318 2
2337 4266 2388 4319 in
2413 4265 2596 4329 Levit.,
2625 4281 2769 4320 num.
2809 4267 2861 4330 3,
2905 4285 2922 4318 ι
2959 4282 3024 4320 ne
3048 4265 3185 4322 forte
3213 4266 3388 4331 Jesus,

215 4387 302 4438 ἀνθ
311 4383 537 4456 ρώπων,
562 4379 611 4430 οἳ
641 4353 856 4444 ἔσχατοι
883 4373 948 4440 τῇ
973 4368 1126 4438 φύσει
1146 4364 1460 4456 τυγχάνουσι
1475 4356 1754 4456 eiEi-adins-

1860 4368 2017 4422 quem
2065 4353 2258 4409 Paulus
2281 4356 2326 4388 "
2382 4358 2512 4412 dicit
2567 4357 2879 4428 paciﬁcasse
2933 4373 3025 4426 per
3082 4359 3390 4428 sanguinem

216 4444 336 4534 low;
358 4472 602 4538 γῐνονται
634 4464 721 4517 διὰ
749 4461 838 4513 τὸν
872 4458 1010 4528 βίον,
1035 4456 1134 4508 ’καὶ
1154 4453 1242 4505 τὸν
1284 4450 1374 4502 τοῦ
1425 4446 1558 4500 Θεοῦ
1585 4445 1754 4538 λόγον,

1834 4485 1836 4504 ,
1863 4455 2166 4506 suum,non
2195 4444 2365 4498 solum
2389 4461 2504 4514 quae
2551 4447 2604 4499 in
2639 4446 2817 4509 terris,
2845 4447 2936 4500 sed
2981 4455 3032 4498 et
3059 4461 3178 4514 quae
3204 4447 3255 4500 in
3281 4461 3395 4502 cce-

220 4532 383 4615 τινῶν⁷
399 4556 649 4626 ἀγγέλων
686 4554 742 4606 ἐν
769 4548 1002 4621 πρώτοις
1041 4545 1135 4615 μὲν
1157 4538 1516 4610 τεταγμένων,
1545 4534 1754 4626 γενομέ-

1863 4532 1933 4587 lis
1952 4543 2096 4600 sunt,
2119 4535 2257 4590 idem
2283 4537 2392 4604 ipse
2413 4537 2483 4591 sit
2517 4535 2732 4600 vitulus,
2765 4537 2853 4604 qui
2899 4536 2951 4589 in
2997 4537 3150 4591 cmlis
3181 4538 3394 4606 quidem

222 4669 322 4704 νων
370 4624 460 4703 δὲ.
491 4624 558 4698 ἐκ
606 4657 764 4695 τινων
788 4635 972 4691 αἰτιῶν
1014 4632 1270 4702 ἐσχάτων,
1306 4626 1526 4697 πρῶτοι.
1567 4624 1754 4690 Quibut

1868 4641 1974 4681 non
2003 4641 2096 4696 pro
2117 4637 2354 4695 peccato,
2388 4628 2480 4681 sed
2520 4637 2572 4682 et
2617 4643 2714 4695 pro
2753 4641 2972 4682 munere
3018 4628 3230 4682 oblatus
3271 4639 3394 4685 est:

229 4744 428 4808 reliqua
474 4732 842 4790 consentiunt.
891 4725 1114 4778 lllustris
1159 4729 1212 4773 et
1260 4718 1360 4808 iste
1408 4729 1439 4808 e
1475 4721 1613 4808 tom.
1649 4725 1685 4763 ιι
1714 4710 1769 4762 in
1871 4716 1923 4769 in
1954 4716 2113 4808 terris
2135 4725 2335 4780 autem,
2380 4717 2466 4770 ubi
2509 4716 2575 4770 ab
2622 4718 2788 4772 Adam
2846 4733 3014 4786 usque
3051 4719 3118 4772 ad
3175 4715 3390 4787 Moysen

227 4803 408 4893 Joan.,
439 4841 592 4880 num.
622 4820 684 4875 l7
708 4860 724 4883 ,
758 4821 808 4872 in
843 4830 950 4884 quo
993 4811 1161 4881 angeli
1189 4817 1242 4860 et
1291 4803 1519 4893 hominis
1577 4811 1766 4893 nomen
1873 4806 2118 4875 regnavit
2151 4812 2445 4873 peccatum,
2478 4805 2685 4860 oblatus
2717 4808 2786 4861 εει
2809 4821 2902 4874 pro
2924 4819 3156 4875 vaccam.
3188 4807 3252 4860 Et
3302 4809 3401 4862 hoc

231 4889 667 4981 cidemsubjecto
699 4916 1074 4971 nonnunquam
1113 4893 1326 4951 attribui
1355 4891 1524 4981 dicit,
1547 4889 1676 4981 adeo
1715 4896 1771 4940 ut
1872 4903 1953 4947 es;
1975 4908 2190 4962 passum
2215 4909 2332 4948 esse
2359 4905 2508 4950 cum
2537 4909 2733 4952 “sua.
2778 4906 2812 4950 ³.
2848 4899 2924 4951 Ex
2953 4896 3109 4965 huius
3140 4897 3238 4950 loci
3268 4910 3398 4950 con.

234 5010 385 5065 homo
414 4978 644 5073 angelus
671 4994 976 5065 aliquando,
1001 4999 1054 5045 et
1102 4985 1316 5054 angelus
1352 4979 1583 5073 vicissim
1619 4978 1774 5030 homo
1877 4991 2045 5048 textu,
2077 4983 2121 5035 si
2156 4983 2293 5073 quis;
2327 4983 2587 5073 attendat,
2610 4983 2832 5040 eﬂicltur
2853 4984 2996 5048 illud,
3024 4984 3076 5038 in
3107 4981 3250 5073 coelo
3282 4995 3405 5048 pec-

237 5069 548 5168 appelletur.
578 5090 711 5142 Tum
738 5085 952 5152 subjicit
983 5097 998 5134 :
1035 5079 1142 5168 καὶ
1170 5076 1248 5128 ἔτι
1269 5071 1490 5168 Δμόἱξκλον
1527 5082 1754 5168 παραμυ·

1879 5081 2054 5124 catum
2097 5085 2203 5124 non
2233 5071 2463 5124 admitti.
2491 5070 2715 5124 Homilia
2759 5086 2967 5140 quoque
3003 5074 3055 5124 in
3098 5069 3259 5121 Num.
3286 5082 3404 5129 xnl,

237 5153 457 5240 ὓλσεται
510 5182 596 5233 ὅτι
631 5177 721 5228 ἐπὶ
762 5174 868 5226 τῶν
909 5166 1222 5240 κρειττόνων
1265 5160 1537 5230 δυνάμεων
1571 5156 1637 5207 τὰ
1659 5153 1754 5205 ὀνόι

1879 5176 2025 5214 num.
2055 5159 2106 5225 7,
2140 5174 2259 5212 cum
2289 5159 2602 5227 quaesiisset.
2627 5177 2721 5214 cur
2747 5178 2812 5216 uc
2839 5178 2868 5216 a
2932 5162 3180 5214 Balaamo
3207 5155 3406 5207 damo-

241 5231 531 5347 ξέέιῖτξ
565 5268 773 5338 φύσεων
797 5231 1102 5326 ζώων-ἐστὶν
1123 5257 1372 5347 ὀνόματα,
1403 5247 1534 5347 ἀλλά
1557 5242 1753 5347 scissum;

1881 5265 1973 5304 nes
2013 5249 2348 5313 invocentur,
2382 5249 2626 5317 prohibet
2663 5251 2832 5314 Deus;
2884 5245 3168 5319 respondet
3210 5241 3414 5294 idcirco

324 5327 429 5436 {se
461 5327 684 5423 agunt
704 5355 794 5425 ἡδὲ
821 5351 1009 5420 λογικὴ
1033 5349 1187 5436 φύσις
1213 5336 1589 5436 τέτευχεν-άπὸ
1602 5333 1732 5436 Θεοῦ

1885 5340 2080 5395 factum
2111 5339 2258 5404 illud,
2299 5340 2437 5408 quod
2467 5339 2547 5392 vel
2588 5340 2793 5392 arbitrii
2847 5338 3036 5392 luisset
3086 5327 3417 5427 daemonibus

244 5423 425 5525 θρόνος
449 5450 559 5518 γὰρ
587 5448 685 5500 οὐκ
713 5423 844 5506 εἶδος
871 5441 1030 5505 ζῴου,
1051 5434 1168 5488 οὐδὲ
1194 5432 1349 5502 ἀρχὴ,
1370 5429 1485 5525 οὐδὲ
1504 5426 1753 5525 κυριότηξ

1890 5433 2231 5508 relinquenda
2262 5431 2499 5492 libertas,
2553 5443 2841 5494 eorumque
2891 5424 3170 5480 furoribus
3223 5423 3423 5525 etkin:

249 5499 268 5507 -
318 5499 424 5513 -._,
463 5499 539 5518 ,ηδ
600 5499 606 5500 γ
825 5499 841 5506 _
881 5499 895 5505 _

249 5499 362 5596 οεζὲ
417 5537 635 5603 ἐξουσία
663 5574 676 5596 ,
723 5533 853 5586 ἀλλὰ
889 5529 1124 5598 ὀνόματα
1171 5520 1521 5591 πραγμάτων,
1581 5518 1663 5584 ἐφ’
1709 5509 1754 5568 ὦ

1888 5501 2161 5591 temperiis
2195 5519 2572 5588 permittendus
2632 5517 2851 5584 populus
2906 5515 3040 5577 Dei;
3076 5505 3167 5562 vel
3212 5499 3431 5556 arbitrii

321 5716 367 5747 “
400 5713 607 5769 Coloss.
635 5724 672 5773 ι,
701 5707 786 5760 ‘20.
