3894 6458
377 461 478 515 853

381 667 696 724 impotenter
728 656 1065 709 dcsmvirent.
1103 655 1436 710 Postremum
1471 656 1574 708 hoc
1605 654 1649 707 si
1706 653 1912 720 fuisset,

384 770 402 802 ι
434 752 527 801 hoc
558 756 692 810 erat,
724 747 910 814 inquit,
941 749 1221 800 damnasse
1281 744 1646 797 rationabilem
1701 752 1913 796 creatu-

379 850 509 896 ram,
539 846 589 886 et
629 844 752 886 ante
807 845 1013 900 tempus
1049 834 1292 887 intulisse
1336 831 1616 898 judicium,
1653 840 1707 882 et
1752 831 1915 896 impe-

377 923 516 976 disse
551 923 816 984 omnibus,
852 923 941 989 qui
966 922 1246 974 adversum
1284 934 1375 973 eos
1402 920 1454 971 in
1480 934 1648 985 agone
1671 927 1916 985 poterant

380 1011 644 1064 coronari.
685 1029 703 1060 ι
763 1010 922 1074 Quasi
972 1009 1237 1062 dzemones
1268 1009 1320 1061 in
1355 1009 1553 1074 judicio
1582 1007 1836 1060 adversus
1859 1021 1917 1060 se

375 1100 498 1154 olim
557 1103 837 1153 statuendo
886 1099 974 1167 ju-s
1036 1097 1294 1150 libertatis
1361 1098 1574 1150 tandem
1634 1095 1917 1162 aliquando

377 1191 623 1244 amissuri
679 1190 804 1243 sint.
838 1189 985 1254 Quod
1034 1189 1272 1255 quamvis
1296 1204 1400 1241 non
1435 1187 1636 1255 liquido
1672 1203 1732 1238 ex
1758 1200 1914 1253 snpe-

378 1283 629 1344 rioribus,
656 1295 827 1346 neque
863 1280 1159 1332 necessaria
1185 1279 1562 1346 consequentia
1587 1286 1829 1344 cogatur,
1855 1289 1918 1329 eo

382 1382 555 1425 tamen
582 1371 789 1422 videtur
823 1370 918 1422 loci
975 1369 1126 1433 hujus
1161 1367 1414 1419 inclinare
1443 1366 1729 1426 sententia,
1785 1371 1840 1416 et
1887 1378 1916 1416 a

377 1460 641 1530 prioribus
694 1459 896 1524 placitis
947 1459 1206 1511 recedere.
1244 1456 1373 1510 Cum
1425 1456 1714 1524 praesertim
1760 1453 1852 1506 lib.
1899 1468 1914 1505 ι

380 1551 515 1616 Περὶ
540 1549 760 1616 ἀρχῶν,
789 1563 905 1615 cap.
932 1547 984 1610 6,
1012 1562 1155 1599 unm.
1184 1548 1230 1608 l,
1261 1548 1324 1598 de
1347 1546 1646 1614 angelormn
1679 1545 1919 1596 libertate

380 1640 684 1693 accuratius
714 1647 943 1702 acturus,
969 1646 1015 1688 et
1039 1638 1285 1704 dogmata
1323 1651 1484 1701 supra
1523 1635 1771 1688 ventilata
1806 1633 1919 1687 inse

381 1729 769 1796 propositurns,
828 1728 897 1779 ita
941 1727 1335 1794 proloqnatur:
1380 1746 1398 1777 (
1453 1726 1579 1791 Qua:
1637 1727 1848 1794 quidem
1890 1742 1916 1778 a

387 1819 538 1870 nobis
563 1819 720 1869 etiam
757 1831 877 1869 cum
916 1831 1106 1884 magno
1138 1825 1279 1868 metu
1315 1825 1368 1868 et
1411 1815 1615 1868 cautela
1651 1816 1916 1875 dicuntur,

1618 443 1678 496 Ρ.
1724 441 2031 495 DANIELIS
2069 440 2292 495 HUETII

381 579 616 628 libertate
654 567 908 636 spotiandi
953 566 1173 619 fuissent
1217 565 1396 629 iidem,
1448 580 1513 617 ne
1553 563 1602 614 in
1649 562 1912 615 lsraelitas
1943 567 1986 620 Α
2015 561 2183 628 lapsu.
2209 559 2356 613 Tunc
2381 559 2482 612 erit
2512 560 2660 612 Deus
2700 553 2912 611 omnia
2958 550 3022 603 in
3049 543 3322 636 omnibu:

3648 493 3657 502 .
3725 453 3825 505 864

3417 578 3449 616 8
3484 562 3534 593 ’⁸
3563 580 3578 625 ;
3614 581 3633 612 ι
3680 570 3819 625 quod

2018 579 2183 628 IIIPSII.
2224 579 2356 613 IllnC
2381 579 2482 612 ετιι
2512 579 2660 612 Utilis
2700 579 2912 611 Ullllllu
2958 579 3022 603 lu
3049 579 3322 600 υιυυιυιδ
3417 579 3449 616 8
3485 579 3533 593 ’⁴’
3563 580 3578 625 ;
3614 581 3633 612 ι
3680 579 3806 631 qum

2015 651 2246 717 Apostuli
2283 647 2606 700 auctoritate
2637 644 3002 701 conﬁrmat,
3042 634 3150 704 qui
3211 628 3470 702 nu.”
3511 666 3597 713 re,
3635 667 3806 719 qua",

2015 738 2256 791 tnmlibet
2291 738 2436 806 gravi
2461 745 2519 788 et
2551 735 2816 794 molesta,
2856 745 2891 783 a
2963 723 3202 781 Christi
3237 722 3626 792 dim-“ue
3681 756 3805 796 sese

2014 827 2188 879 divelli
2222 841 2375 892 posse
2404 824 2657 878 declarat
2691 841 2705 874 :
2744 831 3020 885 euntque
3064 824 3232 867 torno
3276 827 3487 879 ..νη
3548 848 3552 875 λ

2248 841 2375 880 >osse
2404 824 2705 878 declarat:
2744 831 3020 885 cumque
3064 824 3232 867 tomo
3276 827 3487 879 ..νη
3548 827 3609 877 ίη
3643 825 3786 880 καί,

2017 916 2201 968 thwum
2231 957 2245 982 ,
2288 931 2435 968 num.
2470 915 2566 976 '50,
2627 927 2755 964 cum
2820 912 3137 976 quaereret
3187 917 3290 953 am
3319 925 3458 964 ~70"
3521 913 3784 968 homines

2017 1007 2209 1074 pietate
2263 1007 2498 1072 insignes
2543 1002 2730 1071 angeli
2777 999 3076 1058 evadant,
3129 990 3583 1052 dUbi‘anleln
3622 1015 3686 1054 se
3725 1017 3775 1056 ει

2019 1097 2279 1149 incertum
2311 1095 2426 1147 lia-c
2473 1091 2827 1162 perscrutari
2860 1089 3032 1140 dicat
3067 1103 3082 1138 :
3117 1097 3434 1157 cumqite
3461 1089 3585 1142 alio
3625 1090 3768 1152 loco,

2019 1197 2298 1253 postquam
2339 1184 2404 1235 de
2428 1181 2644 1250 angelis
2681 1179 2820 1249 quid
2872 1176 3131 1231 sentiret
3169 1179 3588 1240 explicavit,
3637 1178 3760 1230 talia

2018 1276 2304 1328 subnccmt
2337 1289 2348 1322 :
2389 1291 2404 1322 ι
2441 1271 2571 1324 llaec
2604 1269 2766 1335 juxta
2819 1275 3097 1320 nostram
3161 1277 3263 1315 seu
3301 1265 3578 1318 tentiam
3647 1282 3750 1316 non

2019 1366 2126 1418 sint
2151 1365 2420 1432 dogmata,
2458 1362 2554 1414 sed
2597 1360 2840 1428 qua-sita
2881 1364 3140 1416 tantum,
3200 1362 3419 1424 atque
3457 1352 3743 1419 projecw,

2031 1471 2094 1508 ne
2125 1457 2338 1521 penitus
2379 1454 2673 1504 intractata
2705 1451 3050 1502 viderentur
3084 1444 3226 1515 (31).
3285 1463 3314 1495 ρ

2094 1543 2229 1595 XVI.
2260 1542 2376 1595 Jatn
2413 1555 2542 1593 vero
2581 1539 2747 1606 ecqui
2807 1539 3114 1589 danumsze
3167 1534 3303 1586 huic
3355 1547 3589 1586 causa:
3624 1531 3743 1584 sui-

2024 1642 2322 1710 l'ragentur,
2381 1639 2749 1705 iuquiramus.
2799 1636 2888 1686 Ac
2925 1633 3184 1701 primum
3209 1631 3492 1700 angelos
3525 1639 3591 1682 et
3644 1633 3745 1683 ho-

2020 1733 2193 1784 mines
2253 1729 2531 1798 bypostasi
2585 1725 2817 1794 quidem
2886 1725 3249 1788 discrepare,
3320 1730 3398 1774 at.
3473 1721 3753 1774 eamdem

2020 1822 2217 1874 habere
2282 1830 2533 1872 naturam
2578 1817 2722 1870 dixit
2785 1814 3050 1868 Joannes
3097 1813 3497 1866 Damascen.
3529 1811 3641 1862 lib.
3684 1810 3759 1862 De

383 1907 787 1959 discutieutibns
841 1907 1010 1972 magis
1042 1917 1092 1958 ct
1122 1907 1591 1973 pertracmntibus,
1623 1920 1779 1972 quam
1823 1920 1916 1971 pro
1949 1892 1988 1944 Β
2025 1911 2228 1962 duabus
2257 1909 2633 1964 mlumaiibus,
2679 1908 2956 1974 Ejusdem
3008 1920 3156 1957 vero
3188 1917 3328 1958 esse
3368 1902 3651 1970 angelos
3681 1903 3768 1954 ῑιι-

382 1999 529 2049 Certo
561 2011 621 2050 ac
652 1997 863 2049 delinito
893 1998 1263 2050 statuentibns.
1306 1996 1595 2048 lndicatum
1631 2011 1858 2062 namque
1887 2011 1914 2048 a

383 2089 606 2140 nobisin
644 2090 1010 2155 superioribus
1034 2097 1134 2150 est,
1164 2102 1276 2153 qua:
1301 2088 1403 2140 sint
1430 2087 1493 2139 de
1524 2088 1719 2156 quibus
1747 2088 1916 2140 mani-

383 2176 514 2230 festo
539 2179 781 2246 dogmate
807 2178 1193 2231 terminandum
1230 2178 1297 2230 sit
1324 2219 1334 2232 .
1361 2179 1499 2245 quod
1528 2189 1575 2230 et
1601 2193 1694 2244 pro
1720 2178 1919 2231 viribus

381 2284 478 2320 nos
532 2268 721 2321 fecisse
773 2279 920 2336 puto,
953 2286 1070 2320 cum
1125 2269 1187 2322 de
1239 2267 1501 2320 Trinitate
1555 2267 1914 2336 loqueremur.

384 2356 532 2410 Nunc
565 2367 737 2410 autem
768 2359 1068 2426 disputandi
1093 2359 1268 2426 Specie
1314 2358 1481 2425 magis
1509 2396 1523 2419 ,
1580 2373 1737 2424 quam
1791 2358 1920 2410 deli-

384 2449 581 2509 niendi,
601 2459 752 2514 prout
770 2464 1065 2516 possumus,
1087 2463 1398 2502 exercemur
1417 2465 1430 2511 ;
1447 2467 1462 2497 ι
1483 2465 1704 2515 cumque
1727 2463 1842 2515 cap.
1863 2450 1917 2510 8.

387 2553 509 2589 num
565 2537 616 2600 5,
645 2538 796 2605 hujus
824 2539 942 2589 libri
973 2539 1050 2590 sic
1079 2538 1310 2605 disputet
1343 2554 1356 2588 :
1409 2556 1426 2587 t
1466 2537 1770 2592 Secundum
1827 2556 1921 2593 nos

388 2643 513 2679 vero
546 2627 671 2679 nihil
715 2637 794 2680 est
848 2629 900 2680 in
941 2629 1080 2680 omni
1125 2629 1425 2681 rationabili
1477 2639 1745 2692 creatura,
1781 2631 1918 2696 quod

387 2732 487 2770 non
529 2727 631 2770 tam
667 2720 786 2771 boui
819 2734 974 2787 quant
1011 2718 1130 2769 mali
1177 2719 1243 2771 sit
1279 2733 1444 2786 capax
1481 2736 1493 2770 :
1524 2720 1614 2770 sed
1663 2734 1763 2770 non
1791 2734 1919 2771 con-

387 2810 532 2860 tinno
565 2811 689 2877 quia
720 2810 942 2862 dicimus
1001 2808 1191 2860 nullam
1239 2824 1355 2862 esse
1392 2819 1629 2861 naturam
1670 2824 1786 2874 qua:
1817 2824 1918 2861 non

386 2899 549 2966 possit
584 2899 816 2965 recipere
844 2897 1059 2957 malum.
1089 2897 1286 2952 idcirco
1311 2898 1692 2951 conﬁrmamus
1710 2912 1918 2950 onmem

386 2999 625 3039 naturam
654 2989 914 3056 recepisse
955 2988 1171 3048 malum,
1216 2987 1266 3040 id
1303 2997 1404 3051 est,
1431 2986 1622 3039 malam
1665 3002 1779 3040 esse
1845 2988 1921 3038 er-

387 3078 578 3130 fectam
608 3097 619 3130 :
658 3079 793 3131 sicut
823 3085 903 3130 est
934 3077 1107 3130 dicere
1141 3077 1279 3142 quod
1309 3079 1483 3131 omnis
1508 3077 1738 3130 hominis
1768 3085 1922 3129 natu-

391 3182 448 3220 ra
507 3167 694 3235 recipit
747 3177 803 3219 ut
861 3167 1028 3235 possit
1081 3167 1354 3235 navigare,
1391 3183 1493 3220 non
1530 3176 1701 3220 tamen
1756 3182 1818 3220 ex
1859 3181 1921 3219 eo

391 3257 551 3308 etiam
585 3256 754 3308 omnis
779 3257 935 3308 homo
960 3254 1228 3320 navigabit
1261 3272 1275 3307 :
1311 3266 1364 3309 et
1408 3258 1598 3308 iterum
1626 3257 1769 3309 omni
1823 3257 1922 3308 ho-

395 3347 519 3397 mini
548 3345 796 3412 possibile
843 3355 925 3397 est
964 3345 1168 3396 discere
1224 3354 1388 3396 artem
1435 3347 1832 3413 grammaticam
1875 3354 1927 3396 et

392 3436 746 3497 medicinam;
805 3451 906 3486 non
963 3445 1137 3485 tamen
1174 3433 1368 3487 idcirco
1412 3437 1703 3487 ostenditur
1755 3433 1929 3487 omnis

391 3523 551 3575 homo
582 3521 661 3573 vel
699 3523 933 3573 medicus
972 3538 1113 3581 esse,
1154 3521 1232 3572 vel
1294 3524 1666 3588 grammaticus
1699 3540 1711 3574 :
1770 3523 1839 3573 ita
1883 3522 1929 3574 si

394 3609 617 3661 dicimus
646 3609 840 3660 nullam
869 3624 986 3661 esse
1017 3619 1255 3660 naturam
1293 3624 1409 3674 quae
1453 3626 1554 3662 non
1587 3611 1750 3677 possit
1797 3609 1930 3660 reci-

395 3714 522 3766 pere
551 3698 766 3762 malnm,
799 3713 901 3750 non
957 3709 1131 3750 tamen
1175 3699 1422 3751 continuo
1464 3699 1622 3750 etiam
1672 3698 1932 3766 recepisse

398 3788 591 3840 malum
617 3787 942 3856 designatur.
977 3787 1275 3840 Secundum
1310 3804 1405 3840 nos
1442 3803 1670 3855 namque
1714 3803 1776 3840 ue
1821 3787 1932 3839 dia-

402 3877 551 3930 bolus
576 3876 786 3944 quidem
811 3878 924 3944 ipse
948 3877 1168 3943 incaan
1202 3877 1299 3928 fuit
1323 3879 1478 3940 boni;
1514 3894 1614 3930 non
1648 3886 1818 3929 tamen
1853 3877 1932 3929 id-

395 3967 539 4022 circo
565 3967 691 4034 quia
725 3956 897 4033 potuit
929 3967 1165 4032 recipere
1196 3965 1415 4028 bonum,
1440 3967 1597 4020 etiam
1621 3966 1804 4032 voluit,
1850 3966 1932 4019 vel

401 4057 578 4109 virtuti
629 4071 846 4124 operam
879 4057 1062 4108 dedit:
1103 4073 1121 4106 ι
1191 4067 1245 4109 et
1298 4056 1450 4122 paulo
1496 4065 1643 4123 post,
1685 4071 1830 4108 unm.
1860 4056 1930 4108 ιε

403 4166 421 4198 ι
450 4148 515 4202 Ει
545 4157 627 4200 est
655 4148 789 4200 alter
812 4147 910 4200 iste
941 4147 1070 4199 ordo
1103 4147 1426 4199 rationabilis
1452 4157 1728 4208 creaturae,
1756 4147 1842 4213 qui
1878 4163 1935 4202 se

402 4237 474 4290 ita
506 4253 739 4305 preceps
772 4236 1023 4303 nequitia:
1048 4237 1206 4301 dedit,
1243 4245 1298 4287 ut
1341 4237 1576 4288 revocari
1612 4235 1739 4287 nolit
1767 4236 1933 4304 magis

397 4342 554 4395 quam
591 4342 691 4378 non
727 4326 929 4394 possit,
958 4327 1083 4376 dum
1116 4325 1373 4378 scelerum
1410 4325 1581 4376 rabies
1623 4323 1731 4389 jam
1774 4323 1934 4376 libido

397 4423 578 4477 est,ct
619 4415 873 4480 delectat;
906 4435 924 4466 ι
985 4425 1036 4468 et
1103 4430 1221 4467 cum
1263 4414 1360 4474 lib.
1407 4428 1436 4464 ν
1485 4412 1830 4466 Commentar.
1882 4416 1934 4466 in

2029 2011 2107 2053 ter
2155 2016 2210 2053 se
2245 2010 2453 2052 natura:
2501 2008 2660 2051 tanto
2714 2011 3016 2050 consensu
3069 1993 3280 2048 Patres
3331 1992 3764 2054 aﬂirtnarunt,

2028 2102 2083 2143 nt
2117 2092 2254 2143 lianc
2279 2090 2445 2142 fuisse
2474 2089 2737 2142 Ecclesiae
2770 2088 3078 2139 universa:
3113 2085 3498 2139 doctrinam
3550 2100 3587 2137 a
3629 2101 3776 2138 non-

2027 2181 2182 2232 nullis
2215 2182 2485 2245 proditum
2514 2180 2584 2230 sit
2631 2196 2644 2229 :
2697 2175 2844 2229 bene
2896 2185 3108 2228 autem
3174 2175 3262 2227 vel
3349 2175 3543 2228 male
3605 2190 3779 2243 agere

2026 2285 2178 2338 posse
2205 2269 2422 2336 angelos
2455 2278 2509 2321 et
2546 2269 2856 2329 da'mones,
2899 2275 3043 2334 post
3076 2266 3438 2335 Origenetn
3483 2265 3608 2318 viri
3654 2282 3782 2334 gra-

2027 2375 2115 2412 ves
2147 2361 2346 2429 opinati
2404 2371 2550 2413 sunt.
2587 2359 2928 2411 Ambrosius
2965 2358 3139 2412 hunc
3191 2374 3552 2427 exponens
3618 2358 3781 2410 Pauli

2025 2449 2195 2501 locum
2228 2450 2293 2499 ad
2324 2447 2528 2517 Ephes.
2566 2465 2649 2510 Ill,
2683 2450 2775 2514 10,
2812 2451 3131 2502 daemones
3185 2451 3257 2501 ab
3309 2464 3567 2505 errore
3630 2464 3792 2504 reto-

2025 2538 2134 2591 cari
2169 2553 2322 2603 posse
2375 2553 2473 2605 per
2511 2539 2872 2607 Ecclesiam,
2916 2551 2982 2592 et
3049 2555 3084 2591 a
3150 2540 3398 2592 diaboli
3469 2540 3791 2592 consortio

2031 2627 2302 2695 segregari
2329 2627 2564 2680 censuit.
2603 2628 3004 2698 Hieronymus
3039 2629 3104 2681 in
3145 2630 3450 2695 ejusdem
3499 2627 3793 2696 Epistolat

2025 2729 2140 2782 cap.
2173 2715 2223 2776 1,
2258 2730 2402 2768 Vers.
2433 2715 2506 2768 22
2541 2732 2556 2768 :
2598 2736 2617 2766 ι
2649 2716 2761 2771 Cur
2791 2726 2998 2768 autem
3032 2721 3277 2785 omnia,
3321 2719 3582 2787 inquit,
3608 2718 3670 2770 id
3707 2724 3796 2768 est

2026 2804 2217 2872 angeli,
2259 2806 2461 2867 throni,
2495 2807 2945 2870 dominationes,
2993 2818 3392 2876 potestates,
3428 2819 3500 2861 et.
3543 2808 3798 2861 virtutes

2025 2903 2249 2956 ca'teral,
2276 2909 2393 2962 quae
2425 2911 2705 2963 nunquam
2748 2897 2996 2950 fuerunt.
3051 2901 3416 2953 contraria:
3480 2897 3644 2958 Deo,
3677 2897 3800 2962 ejus

2027 2984 2253 3048 pedibus
2309 2984 2715 3052 subjiciantnr,
2792 2990 3046 3044 videtur
3107 2994 3520 3046 obscurum.
3602 2986 3802 3040 Potest

2028 3074 2207 3140 itaque
2240 3075 2558 3142 responderi
2586 3079 2733 3145 quod
2766 3082 2998 3150 absque
3036 3095 3316 3150 peccato
3364 3079 3601 3134 uu\ius
3629 3084 3712 3135 sit
3731 3081 3807 3144 “,

2027 3172 2077 3215 et
2105 3163 2279 3214 sidera
2311 3163 2425 3230 ipsa
2461 3180 2568 3216 non
2607 3169 2722 3220 sint
2759 3173 2984 3224 munda
3020 3188 3290 3228 coram
3309 3173 3563 3241 Deo“,
3598 3176 3820 3230 omnis-

2029 3260 2131 3312 que
2163 3258 2413 3300 creatura
2448 3265 2645 3317 paveat
2675 3253 2983 3309 Creatoris
3031 3260 3461 3316 adventum.
3531 3264 3708 3319 Unde
3759 3275 3811 3316 et

2027 3350 2158 3387 crux
2214 3338 2517 3393 Salvatoris
2557 3359 2665 3394 non
2720 3345 2913 3398 solum
2983 3363 3068 3400 ca
3137 3367 3296 3419 qua:
3344 3355 3417 3407 in
3465 3366 3665 3418 terra,
3701 3354 3798 3406 sed

2027 3422 2186 3473 etiam
2216 3437 2278 3478 ea
2303 3440 2422 3492 qua:
2458 3429 2510 3480 in
2555 3431 2714 3484 caelis
2759 3445 2926 3485 erant
2961 3452 3302 3506 purgasse
3331 3445 3782 3512 perhibetur”

2029 3517 2082 3560 et
2107 3510 2262 3575 paulo
2304 3518 2556 3581 superius
2583 3519 2636 3571 in
2689 3520 2861 3588 hujus
2929 3527 3187 3592 capitis
3231 3510 3401 3584 vers.
3442 3532 3533 3584 ἑο
3593 3549 3608 3582 :
3672 3549 3693 3582 ι
3732 3531 3786 3582 Si

2029 3608 2205 3651 autem
2235 3612 2359 3652 sunt
2386 3608 2748 3675 principatus,
2777 3621 2832 3663 et
2876 3626 3286 3684 potestates,
3309 3631 3377 3672 et
3412 3623 3702 3686 virtutes,
3729 3635 3780 3676 et

2029 3689 2442 3757 dOminationes,
2465 3711 2690 3752 necesse
2704 3711 2792 3752 est
2820 3712 2967 3755 utet
3001 3707 3364 3773 subjectos
3392 3713 3698 3774 habeant,
3732 3723 3782 3766 et

2031 3778 2281 3868 timentes
2305 3796 2383 3844 se,
2422 3795 2477 3837 et
2500 3791 2811 3843 servientes
2837 3793 2976 3856 sibi,
3015 3806 3095 3848 et.
3129 3813 3267 3854 eos
3309 3801 3425 3868 qui
3462 3817 3576 3855 sua
3623 3802 3774 3856 forti-

2032 3865 2216 3920 tudine
2244 3871 2590 3929 roborentur.
2631 3876 2768 3940 Qna:
2831 3865 3353 3950 distributiones
3417 3891 3778 3960 ofﬁciorum,

2033 3973 2134 4009 non
2187 3958 2357 4012 solum
2399 3963 2940 4033 imprazsentiarum,
2988 3977 3122 4028 sed
3203 3983 3405 4034 etiam
3472 3983 3534 4036 ἱιι
3596 3958 3771 4038 futuro

2034 4048 2230 4100 saeculo
2248 4043 2428 4140 erunt,
2461 4064 2515 4104 ut
2536 4069 2636 4121 per
2660 4058 2926 4126 singulos
2963 4068 3325 4130 profectus
3353 4114 3372 4138 ,
3407 4085 3472 4127 et
3505 4077 3763 4139 honores,

2033 4144 2084 4188 et
2105 4142 2468 4239 ascensiones,
2495 4153 2548 4194 et
2582 4145 3038 4217 descensiones,
3079 4161 3194 4214 vel
3237 4179 3494 4221 crescat
3542 4169 3750 4239 aliquis,

2036 4225 2118 4278 vel
2149 4227 2439 4294 decrescat,
2470 4243 2525 4284 et
2557 4238 2660 4289 sub
2697 4239 2807 4291 alia
2844 4253 3029 4312 atque
3074 4252 3213 4306 alia
3261 4269 3603 4327 potestate,
3637 4225 3758 4314 ,τίτί-

2049 4320 2528 4422 tute,nprjiicip;utu
2565 4335 2621 4378 et
2656 4331 3078 4391 dominatione
3127 4320 3277 4400 ﬁat.
3307 4367 3328 4399 ι
3387 4320 3600 4422 Atque
3649 4353 3751 4406 lia'c

2035 4423 2155 4514 cum
2189 4407 2367 4461 Ruﬁni
2409 4415 2945 4479 reprehensionibus
2979 4441 3046 4482 et
3129 4442 3435 4495 censuris
3475 4407 3747 4514 exagitata

401 4503 566 4572 Epist.
598 4505 664 4555 ad
689 4503 858 4566 Romr,
895 4520 1038 4558 num.
1064 4505 1150 4568 10,
1173 4520 1292 4574 pag.
1319 4505 1441 4568 568,
1468 4517 1742 4574 postquam
1768 4504 1928 4555 liber-
1966 4522 2008 4574 ι)
2039 4494 2286 4597 inissent,
2319 4499 2398 4552 sic
2447 4519 2722 4565 excusare
2776 4528 3038 4570 conatur
3111 4494 3690 4606 llieronytnuséi)
3710 4494 3746 4587 7:

400 4595 526 4646 tatis
563 4593 832 4647 voluntate
863 4597 1138 4663 przcditam
1177 4612 1293 4650 esse
1343 4608 1589 4649 naturam
1643 4594 1938 4662 quamlibet

403 4683 622 4736 rationis
667 4695 964 4751 compotem
1016 4686 1290 4740 confessus
1335 4698 1434 4750 est,
1471 4703 1572 4740 non
1621 4701 1682 4738 ca
1719 4683 1938 4753 perinde

400 4772 472 4823 uti
497 4771 681 4823 doceat
718 4785 733 4823 :
778 4790 795 4820 ι
827 4773 959 4836 Quid
988 4784 1163 4828 autem
1190 4777 1280 4838 sit,
1305 4777 1499 4844 inquit,
1539 4775 1675 4842 quod
1712 4773 1764 4825 in
1801 4773 1935 4824 futu-

400 4861 475 4914 ris
527 4861 734 4914 saeculis
765 4869 940 4915 teneat
997 4865 1203 4920 arbitrii
1260 4869 1582 4928 libertatem,
1614 4880 1680 4917 ne
1724 4878 1932 4916 rursum

397 4959 617 5006 corruat
647 4951 700 5002 in
733 4961 1032 5018 peccatum,
1068 4954 1212 5008 brevi
1241 4972 1351 5010 nos
1385 4970 1628 5010 sermone
1656 4952 1938 5020 Apostolus

400 5041 575 5100 docet,
610 5039 794 5090 dicens
823 5054 836 5090 :
867 5037 1108 5094 Charitas
1158 5058 1418 5111 nunquam
1443 5046 1581 5096 cadit
1611 5043 1684 5106 '5;
1739 5042 1938 5095 idcirco

398 5132 538 5184 enim
565 5138 618 5182 ct
645 5129 744 5181 lide
767 5137 820 5181 et
848 5143 940 5193 spe
973 5133 1140 5198 major
1164 5135 1398 5187 Charitas
1429 5135 1640 5196 dicitur,
1670 5133 1790 5200 quia
1826 5133 1934 5186 sola

400 5223 501 5276 erit
527 5236 622 5289 per
644 5234 801 5289 quam
840 5221 1070 5287 delinqui
1100 5223 1234 5274 ultra
1277 5240 1377 5277 non
1406 5225 1629 5292 poterit;
1671 5242 1688 5273 ι
1743 5223 1936 5276 deinde

399 5313 650 5380 subjiciat
695 5330 709 5365 :
775 5329 793 5361 ι
831 5311 895 5363 Ει
937 5311 1054 5363 ideo
1099 5313 1286 5364 merito
1331 5313 1562 5365 cltaritas
1591 5352 1605 5376 ,
1665 5327 1783 5380 quae
1825 5313 1932 5364 sola

401 5409 634 5460 ornninm
669 5400 838 5470 major
868 5410 970 5464 est,
1004 5415 1214 5464 manent
1243 5411 1534 5452 creaturam
1583 5401 1872 5454 continebit
1901 5414 1930 5452 a

466 5543 553 5595 εει
582 5543 699 5598 Cor.
732 5556 845 5604 xm,
869 5539 923 5594 8.
1033 5540 1077 5569 ’δ
1106 5538 1120 5591 l
1152 5537 1272 5592 Cor.
1304 5553 1391 5602 κν,
1418 5539 1509 5592 28.

408 5764 435 5802 Γ
471 5681 583 5803 (5ιί
615 5684 830 5752 Origcn.
893 5682 1029 5751 apud
1085 5681 1229 5738 liicr.
1297 5683 1448 5751 cpisl.
1499 5681 1564 5736 59
1639 5679 1703 5733 ad
1757 5679 1919 5742 Avit.,

439 5766 520 5803 an.
588 5791 602 5803 .

439 5766 520 5820 ap.
552 5766 602 5805 1.

1601 5537 1643 5566 ²⁶
1671 5536 1768 5589 Job
1802 5551 1886 5598 xv,
1920 5536 2003 5588 Η.

2047 4602 2065 4633 ι
2105 4586 2196 4637 Sin
2221 4596 2396 4640 autem
2420 4603 2574 4659 putat
2616 4608 2672 4651 et
2729 4603 2952 4662 idcirco
2997 4627 3110 4666 me
3183 4621 3330 4672 Oriu

2114 4627 2574 4695 Ϊ”’“’“’,,”“’¹’““““
2616 4627 2672 4651 τι
2729 4627 2952 4662 ¹¹¹υ¹τεο
2997 4627 3110 4666 “H3
3183 4627 3522 4690 Origenem
3576 4627 3744 4695 δείιιιίν

2038 4688 2162 4774 quia
2202 4678 2478 4774 profectus
2505 4694 2562 4737 et
2595 4687 2874 4760 honores,
2921 4678 3355 4769 ascensiones
3415 4728 3481 4770 et
3521 4678 3744 4773 desecti:

2041 4780 2218 4818 srones
2247 4783 2261 4831 ;

2066 4769 2261 4863 .iones;
2317 4769 2660 4875 incrementa
2721 4793 2778 4836 et
2839 4787 3328 4858 imminutiones
3526 4769 3736 4879 ἐξῃξέί-

2043 4862 2184 4907 tione
2218 4872 2332 4910 mea
2367 4863 2544 4928 posui,
2589 4871 2737 4925 sciat
2784 4880 3034 4935 multum

2041 4941 2128 5003 lis,
2162 4952 2216 4996 et
2270 4951 2568 5017 seraphin],
2594 4965 2654 5009 et
2700 4961 3006 5022 cherubim

2046 5034 2294 5092 homines
2340 5040 2484 5106 ﬁeri,
2530 5052 2682 5112 quod

3076 4886 3434 4964 interesse,
3462 4901 3536 4956 de
3586 4917 3736 4971 auge-

3045 4975 3198 5031 dice
3207 4997 3276 5037 re
3359 4987 3694 5045 \X‘amuuwcs,
3709 5001 3763 5036 εχ

2717 5054 2968 5115 amrmat
3003 5064 3359 5141 Origenes
3400 5101 3424 5123 ς
3447 5071 3799 5130 ενψειῆλὶὶ·

2045 5132 2124 5233 ter
2146 5140 2204 5179 se
2241 5131 2721 5233 angelos-diversa
2770 5150 3102 5212 ulliciorum
3120 5131 3468 5233 going/3
3502 5165 3626 5208 esse
3662 5153 3800 5210 ⁵⁰¹Ἰί⁶

2041 5227 2142 5324 ξοει
2170 5223 2320 5318 ’(1⁸³οά
2351 5223 2615 5324 ΕεξεΙε-ξίω
2648 5253 2762 5293 non
2801 5259 3118 5315 repugnat.
3140 5223 3561 5324 “Quot/modo
3581 5264 3633 5310 et
3670 5255 3792 5310 inter

2041 5305 2286 5362 homines
2319 5317 2458 5370 ordo
2490 5321 2839 5392 dignitatum
2874 5305 3207 5401 exdabori;
3242 5305 3603 5412 :;.ﬂ'ietate
3627 5347 3786 5401 diver-

2042 5413 2132 5451 sus
2170 5410 2275 5466 est,
2312 5414 2779 5491 cumepiscopus
2817 5436 2878 5481 ει
2914 5436 3282 5511 presbyter,
3328 5410 3431 5505 ἐι
3489 5442 3668 5500 omnis
3689 5454 3770 5496 ες,

2079 5538 2125 5568 ’⁷
2152 5538 2254 5595 Job
2283 5559 2415 5613 xxv,
2444 5549 2502 5609 5,

2099 5681 2209 5754 (δέ)
2246 5696 2406 5760 Αροι.
2444 5702 2569 5759 adv.
2606 5707 2736 5780 Ruf.
2767 5712 2867 5769 lib.
2897 5732 2936 5782 ι,
2966 5733 3091 5787 cap.
3119 5721 3176 5774 6.
