3894 6414
122 410 205 463 illi!»

977 394 1526 457 ORIGENIANORUM
1565 396 1691 452 LIB.
1734 397 1796 461 ll,
1836 396 1985 451 CAP.
2023 396 2091 460 ll,
2122 396 2403 463 QUIEST.
2446 398 2510 456 ν.

3257 404 3361 461 8ης

146 500 496 572 εκδῑςιειίωθ
518 506 736 574 gradus
757 510 951 565 habeat
975 512 1213 565 ordinem
1259 524 1429 573 annm,
1454 518 1506 562 et
1536 518 1711 563 tamen
1739 551 1746 567 η

1832 522 1943 569 τους
1975 508 2098 579 περὶ
2140 509 2209 562 τὰ
2267 511 2501 579 πρακτέα
2539 511 2978 581 καταγινόμεναι,
3029 514 3224 585 μᾶλλόν
3257 518 3364 571 εἰσι

158 606 344 658 omnes
372 589 639 650 homines
677 610 805 654 sunt
836 615 851 653 :
890 601 967 654 sic
998 610 1050 654 et
1082 601 1217 653 inter
1271 598 1482 667 angelos
1530 598 1716 651 merita

177 705 277 744 esse
319 683 565 748 diversa,
593 696 652 739 et
680 696 863 743 tamen
895 670 947 741 iii
981 688 1220 755 angelica
1253 701 1434 740 omnes
1470 685 1718 751 persiste-

186 794 237 834 re
282 774 569 845 dignitate,
613 791 716 830 nec
772 777 839 832 de
886 776 1083 845 angelis
1133 776 1374 829 homines
1417 772 1566 836 ﬁeri,
1623 785 1719 825 nec

186 880 385 921 rursmn
464 863 721 919 homines
779 866 831 919 in
895 864 1115 933 angelos
1185 863 1478 918 reformari.
1533 880 1552 913 ι
1607 859 1718 915 Hoc

178 955 418 1023 Origenis
474 954 619 1007 inter
679 964 733 1008 et
793 954 1091 1025 Hieronymi
1150 954 1442 1008 doctrinam
1480 951 1717 1016 interest,

177 1046 311 1114 quod
350 1043 517 1097 unius
540 1057 664 1097 esse
708 1053 910 1097 natura:
933 1043 1146 1111 angelos
1183 1051 1235 1096 et
1276 1042 1480 1094 animas
1509 1040 1596 1093 ille
1628 1055 1722 1093 au-

176 1129 434 1184 tumarit:
488 1136 545 1182 at
580 1144 683 1198 pro
723 1129 951 1193 meritis,
1006 1129 1251 1198 gradibus
1279 1126 1458 1182 'fuisse
1499 1126 1722 1182 diversis

171 1219 523 1282 constitutos,
546 1228 603 1271 et
635 1218 782 1271 varia
803 1216 997 1270 obiisse
1021 1216 1211 1282 ollieia,
1240 1233 1355 1286 quae
1372 1218 1565 1271 ’tamen
1593 1218 1721 1272 suh-

170 1308 287 1363 inde
317 1322 419 1375 pro
443 1307 763 1359 meritormn
796 1309 1001 1361 ratione
1030 1317 1409 1373 permutentur,
1433 1307 1511 1359 vel
1562 1307 1720 1363 altius

164 1394 545 1463 ascendendo,
602 1396 688 1450 vel
733 1397 798 1450 ad
857 1396 1104 1449 inferiora
1162 1396 1480 1463 prolabendo
1514 1412 1528 1448 :
1568 1405 1724 1464 atque

164 1485 324 1554 hujus
372 1486 770 1540 vicissitudinis
797 1488 995 1555 gradus
1035 1503 1153 1542 esse
1188 1489 1515 1556 angelorum,
1544 1489 1721 1542 homi-

161 1591 286 1630 num
365 1590 435 1628 ae
489 1576 795 1628 daemonum
852 1586 1115 1631 naturam.
1190 1577 1539 1647 Hieronymus
1598 1593 1723 1632 vero

158 1664 485 1736 angelorum
541 1665 759 1734 quidem
803 1678 1042 1721 naturam
1079 1668 1144 1720 ab
1189 1668 1418 1720 humana
1476 1668 1721 1731 secrevit,

158 1756 248 1809 sed
285 1754 483 1809 varios
510 1755 634 1808 illos
658 1756 852 1822 gradus
874 1766 927 1809 et
951 1756 1162 1810 ordines
1193 1757 1395 1824 angelis
1424 1771 1519 1825 pro
1560 1758 1725 1809 virtu-

1815 592 1918 645 τῶν
1939 593 2106 647 ἄλλων
2139 594 2364 665 τρεπταί
2381 612 2393 625 ’
2430 596 2547 647 ὅσαι
2576 597 2631 648 δὲ
2664 597 2729 649 δι’
2756 598 3027 668 ἀκρότητα
3052 598 3260 668 φύσεως
3286 599 3366 672 τῷ
3388 613 3392 618 ’

1815 681 1930 753 Θεῷ
1956 682 2093 735 κατὰ
2110 683 2290 751 σχέσιν
2313 683 2684 753 πλησιάζουσι,
2708 686 2879 756 καὶτῇ
2905 688 3091 742 τούτου
3113 692 3368 763 κατανοή-

1822 789 1902 825 σει
1941 772 1999 825 τὸ
2035 774 2292 843 μακάριον
2340 776 2669 845 καρποῦνται
2713 778 2846 845 πρὸς
2897 779 3089 842 ἑαυτὰς
3139 781 3231 834 καὶ
3278 780 3367 835 τὸν

1817 860 1946 914 Θεὸν
1980 861 2135 931 μόνον
2164 863 2548 934 ἐστραμμέναι,
2582 880 2686 916 των
2732 867 2827 934 μὲν
2859 868 3110 935 πρακτῶν
3137 869 3229 921 καὶ
3265 868 3366 938 τῆς

1819 951 1946 1022 ὕλης
1967 952 2299 1005 παντάπασιν
2328 952 2527 1015 ἑαυτὰς
2560 953 3017 1024 ἁπηλλοτρίωσαν,
3051 962 3117 1029 τῇ
3144 959 3200 1012 δὲ
3236 960 3367 1014 θεω-

1820 1042 1909 1113 ρίᾳ
1940 1042 2134 1112 καὶτῷ
2173 1042 2288 1112 Θεῷ
2328 1042 2765 1113 προσῳκείωσαν,
2801 1044 3043 1115 μένουσιν
3086 1048 3361 1119 ἄτρεπτα.

1824 1153 1844 1188 t
1867 1133 2097 1187 Rursum
2124 1148 2187 1189 ex
2219 1134 2300 1187 his
2326 1148 2444 1201 quae
2474 1134 2710 1187 materiae
2753 1145 2998 1203 expertes
3038 1149 3178 1201 sunt,
3219 1155 3367 1207 que-

1823 1237 2030 1292 cunque
2074 1222 2125 1275 in
2162 1222 2289 1275 locis
2318 1231 2470 1275 terra:
2499 1222 2804 1290 propinquis
2843 1233 3144 1290 versantur,
3188 1226 3256 1280 ob
3276 1243 3365 1282 so-

1822 1312 2081 1367 cietatem.
2106 1326 2263 1379 quam
2292 1309 2488 1363 habent
2523 1324 2642 1362 cum
2666 1309 2971 1363 hominibus
3000 1311 3142 1364 circa
3167 1328 3251 1368 res
3283 1330 3367 1383 ge-

1825 1400 2019 1453 rendas
2040 1410 2391 1468 occupantur,
2424 1399 2632 1451 caneris
2662 1398 3027 1453 mutabiliores
3056 1412 3193 1453 smit.
3219 1402 3367 1467 Quae-

1828 1503 2037 1557 cunque
2061 1498 2236 1542 autem
2261 1498 2474 1556 pr0pter
2491 1500 2694 1542 natum
2716 1488 3079 1555 prasstantiam
3104 1492 3170 1542 ad
3205 1492 3366 1549 Deum

1825 1594 1918 1647 per
1954 1579 2196 1633 allectum
2235 1580 2512 1642 accedunt,
2553 1590 2607 1632 et
2657 1595 2751 1648 per
2783 1578 2927 1633 illius
2967 1583 3366 1651 contemplatio-

1821 1684 1940 1722 nem
1982 1667 2309 1723 beatitudine
2340 1667 2614 1732 fruuntur;
2661 1671 2725 1722 ad
2758 1670 2959 1742 seipsos
2983 1680 3038 1723 et
3088 1673 3249 1726 Deum
3279 1678 3395 1726 so-‘

1825 1757 1933 1809 lum
1966 1771 2256 1820 conversae,
2302 1772 2330 1810 a
2358 1758 2513 1811 rebus
2544 1759 2763 1826 agendis
2789 1768 2844 1812 et
2887 1762 3104 1815 materia
3148 1764 3369 1819 omnino

158 1847 306 1899 tibus
341 1856 401 1900 et
453 1847 670 1900 meritis
708 1846 779 1899 ita
834 1848 1126 1915 assignatus
1177 1849 1535 1913 existimavit,
1565 1856 1620 1900 ut
1660 1849 1725 1899 ad
1757 1828 1800 1887 Β
1829 1861 1885 1900 se
1909 1846 2036 1913 ipsa:
2064 1857 2441 1913 segregarunt;
2475 1847 2904 1915 contemplationi
2944 1863 3072 1902 vero
3105 1860 3157 1903 et
3184 1850 3288 1905 Deo
3308 1864 3370 1905 se

157 1936 451 2003 superiora
486 1934 785 1988 etiamnum
828 1936 1083 2003 aspireut,
1115 1947 1164 1990 et
1198 1937 1331 1990 bene
1373 1938 1572 2005 agendo
1605 1951 1723 2005 per-

157 2025 412 2091 veniant,
447 2027 536 2078 vel
586 2026 725 2078 male
752 2025 958 2093 agendo
987 2026 1051 2078 ad
1082 2025 1337 2079 inferiora
1361 2027 1724 2086 devolvantur,

158 2126 211 2169 et
234 2116 334 2170 alii
394 2117 606 2184 aliique
656 2115 739 2169 vel
777 2115 1043 2182 potestati,
1078 2114 1159 2168 vel
1205 2115 1521 2184 principatui
1572 2114 1728 2179 Subji-

159 2209 408 2271 ciantnr,
446 2207 768 2274 futurasque
793 2206 952 2259 etiam
987 2206 1284 2272 huiusmodi
1311 2206 1726 2275 permutationes

159 2298 212 2351 in
242 2307 552 2357 aeternum,
593 2294 685 2347 sed
716 2296 858 2347 intra
894 2307 1093 2347 natura;
1121 2295 1372 2360 angelicae
1404 2294 1561 2350 lines.

230 2386 483 2453 Angelos
534 2398 679 2453 a-gre
707 2383 943 2450 quidem,
983 2384 1072 2437 sed
1110 2398 1326 2452 peccare
1364 2392 1538 2436 tamen
1577 2399 1729 2451 posse

162 2479 351 2532 sciscit
403 2475 641 2529 Basilius
687 2473 869 2527 homil.
900 2474 954 2526 in
994 2472 1177 2540 psalm.
1221 2488 1408 2526 xxxtt:
1454 2475 1727 2543 Δυσμετα-

161 2567 355 2628 θέτους
386 2562 536 2617 εἶναι
571 2562 706 2634 πρὸς
750 2561 963 2625 κακίαν,
990 2560 1049 2612 τὸ
1082 2560 1300 2630 μόνιμον
1335 2562 1411 2622 είς
1439 2560 1634 2631 ἀρετὴν
1663 2564 1728 2632 τῇ

159 2658 340 2726 δωρεᾷ
388 2654 489 2708 τοῦ
538 2653 695 2720 ἁγίου
754 2650 1056 2720 Πνεύματος
1094 2648 1329 2719 ἔχοντας.
1388 2667 1407 2699 ι
1458 2647 1618 2717 Egre
1664 2650 1729 2700 ad

161 2748 438 2801 malitiam
483 2741 734 2798 converti
777 2754 954 2809 posse,
978 2739 1329 2793 constantiam
1369 2737 1509 2791 illam
1542 2737 1591 2789 in
1626 2736 1733 2789 vir-

162 2845 278 2889 tute
313 2833 598 2889 beneticio
636 2829 811 2884 sancti
842 2827 1075 2897 Spiritus
1115 2827 1389 2880 habentes.
1416 2844 1435 2876 ι
1471 2823 1733 2878 Maximus

161 2927 215 2980 in
250 2940 386 2992 cap.
424 2924 484 2976 ll
536 2918 780 2988 Dionysii
812 2918 885 2970 De
913 2917 1101 2970 caeleu.
1140 2915 1420 2977 ἠξίωται,
1450 2914 1589 2981 quod
1616 2928 1734 2980 gra-

162 3012 251 3064 tiae
273 3012 485 3063 divina:
507 3017 788 3074 acceptum
812 3012 927 3056 erat
954 3001 1307 3065 referendum,
1338 3000 1401 3054 ad
1430 3000 1730 3067 angelorum

162 3101 450 3161 allectum,
482 3107 539 3151 et
569 3101 936 3162 comparatum
958 3091 1233 3159 quemdam
1257 3090 1493 3144 habitum
1532 3089 1727 3169 retulit,

162 3191 307 3259 quod
354 3188 522 3258 plane
566 3182 943 3251 Origenianum
990 3190 1071 3235 est
1105 3198 1118 3233 :
1152 3180 1333 3231 Ἔστιν
1374 3174 1484 3243 οὖν,
1537 3177 1727 3246 inquit,

164 3280 612 3350 ἐπιχειρήσαντα
657 3276 829 3326 εἰπεῖν
871 3269 1120 3335 εὐσεϐῶς,
1152 3271 1232 3323 ὅτι
1263 3272 1290 3322 ὁ
1315 3269 1442 3333 Θεὸς
1478 3267 1730 3341 προειδὼς

164 3370 349 3422 αὐτῶν
380 3366 483 3437 τὴν
522 3365 623 3434 τῆς
656 3362 895 3430 ἐφέσεως
934 3360 1161 3429 κίνησιν,
1190 3358 1280 3411 καὶ
1310 3358 1407 3420 τὰς
1438 3356 1613 3409 αὐτῶν
1636 3357 1732 3409 τά-

165 3460 276 3526 ξεις
298 3458 468 3524 ἀξίας
500 3453 682 3507 αὐτῶν
714 3454 1029 3524 παρήγαγεν
1047 3466 1060 3479 ·
1098 3448 1155 3512 ἐξ
1173 3442 1245 3501 ὧν
1277 3448 1375 3500 οὐκ
1397 3446 1460 3499 ἂν
1480 3446 1621 3499 εἴποι
1652 3464 1735 3510 τις

166 3553 339 3614 αὑτὰς
372 3546 644 3602 δύνασθαι
690 3545 959 3605 ἐκπεσεῖν,
987 3539 1071 3592 διὰ
1112 3540 1206 3609 τὴν
1246 3538 1354 3603 ἕξιν
1385 3538 1503 3591 τινὰ
1541 3538 1738 3607 κτήσα-

167 3641 293 3696 σθαι
326 3639 472 3709 πρὸς
506 3636 570 3688 τὺ
602 3632 824 3701 ἀγαθὸν,
857 3629 943 3682 διὰ
974 3628 1067 3697 τῆς
1108 3626 1243 3694 ἄγαν
1282 3626 1578 3695 θελήσεως·
1615 3626 1738 3687 τοὺς

165 3733 225 3787 δὲ
269 3730 569 3799 ἀγγέλους,
613 3724 856 3777 τουτέστι
889 3722 1011 3782 τοὺς
1056 3717 1383 3778 τελευταίους
1417 3717 1737 3786 διακόσμους

167 3819 490 3892 ἐνδέχεσθαι
528 3816 679 3877 ἴσως,
711 3812 804 3866 καί¹
836 3811 927 3863 ἐπὶ
957 3809 1016 3861 τὸ
1038 3805 1559 3892 χείρονῗτραπῆναιέ
1593 3802 1739 3857 εἶπεν

166 3889 371 3974 αὐτους
418 3907 533 3976 γὰρ
570 3900 976 3973 περικοσμίους,
1008 3897 1064 3964 ἐξ
1095 3889 1167 3948 ὧν
1198 3891 1366 3978 οἶμαι,
1395 3893 1487 3946 καὶ
1520 3891 1606 3945 τὸν
1625 3892 1741 3946 διά-

168 4001 329 4055 εολόν
358 4014 496 4053 ποτε
525 3991 666 4049 εἶναι
695 3992 800 4062 πρὸ
828 3988 918 4043 τοῦ
950 3987 1024 4058 μὴ
1060 3986 1325 4038 ἐκπεσεῖν.
1374 4001 1392 4035 t
1415 3982 1571 4036 Licet
1598 3983 1738 4036 enim

167 4092 261 4159 pie
283 4091 476 4142 dicere
503 4081 755 4153 aggredi,
782 4078 941 4131 Deum
971 4075 1179 4127 illorum
1203 4071 1505 4139 cupiditatis
1543 4079 1742 4122 motum

166 4178 598 4247 praevidentem,
644 4169 861 4223 ordines
894 4166 1101 4218 illorum
1130 4162 1256 4231 ipsis
1294 4161 1481 4227 dignos
1508 4159 1742 4212 induxis.-

165 4281 232 4320 se
261 4284 277 4319 :
306 4280 374 4319 ex
399 4263 606 4332 quibus
650 4271 807 4312 nemo
848 4255 1055 4322 quidem
1096 4251 1287 4305 dixerit
1316 4249 1562 4302 excidere
1603 4250 1743 4316 ipsos

166 4367 378 4423 posse;
409 4355 699 4419 propterea
730 4343 869 4412 quod
893 4340 1128 4394 habitum
1147 4336 1423 4405 quemdam
1453 4334 1517 4387 ad
1546 4334 1741 4387 bonum

163 4440 433 4495 obtinent
486 4448 559 4487 ex
615 4426 917 4484 vehementi
967 4423 1230 4478 desiderio
1273 4440 1288 4476 :
1325 4424 1539 4491 angelos
1586 4435 1734 4483 vero,
1766 4458 1813 4516 υ

165 4538 491 4599 postremos
554 4533 747 4588 nempe
783 4516 1000 4571 ordines
1045 4512 1111 4566 ad
1166 4510 1454 4578 nequitiam
1511 4510 1735 4599 fortasse

164 4615 428 4673 converti
473 4625 655 4682 posse.
696 4607 800 4661 Eos
823 4604 1019 4673 quippe
1049 4602 1182 4656 dixit
1207 4598 1734 4660 circummundanos;

166 4724 245 4762 ex
276 4706 480 4775 quibus
532 4699 787 4754 existimo
816 4695 984 4748 luisse
1016 4692 1295 4760 aliquando
1325 4688 1609 4749 diabolum,
1638 4687 1739 4755 pri-

166 4809 416 4864 usquam
483 4789 779 4844 decideret.
806 4802 825 4835 ι
881 4784 1007 4847 Quae
1049 4795 1079 4834 e
1105 4778 1361 4848 Gregorio
1408 4775 1740 4829 Nazianzeno

170 4886 366 4955 aliqua
423 4897 492 4936 ex
528 4886 683 4945 parte
733 4874 994 4928 Maximus
1043 4871 1251 4923 videtur
1281 4865 1676 4955 transtulisset
1699 4866 1743 4955 is

168 4953 327 5031 enim
365 4984 494 5026 cum
532 4965 678 5028 alibi,
719 4973 827 5017 tum
867 4969 1001 5016 orat.
1026 4959 1113 5023 38,
1149 4956 1221 5028 μὴ
1262 4956 1566 5025 ἀκινήτους,
1600 4953 1735 5007 ἀλλὰ

169 5062 549 5131 δυσκινήτους
592 5053 808 5124 angelos
836 5064 952 5104 esse
993 5046 1123 5110 vult,
1147 5044 1282 5113 quod
1313 5058 1341 5095 a
1374 5040 1478 5095 Deo
1496 5040 1652 5131 valde
1677 5040 1745 5094 ob

175 5128 658 5223 propinquitatem
698 5141 1028 5195 illustrentur
1063 5152 1077 5188 :
1122 5136 1447 5223 harciautem
1493 5128 1744 5223 inferiora

176 5219 311 5312 quae
344 5232 591 5309 peccatis
615 5230 839 5284 obnoxia
871 5239 1021 5289 sunt,
1064 5221 1370 5312 secuinlaria
1396 5228 1598 5312 tantum
1623 5219 1739 5312 luce

178 5304 322 5381 frui.
348 5304 547 5375 Simile
572 5323 655 5367 est
680 5313 802 5366 illud
829 5312 1058 5366 Nemesii
1082 5304 1173 5361 lib.
1205 5304 1275 5356 De
1296 5313 1479 5356 natura
1500 5304 1746 5370 hominis,

177 5431 316 5484 cap.
343 5411 409 5465 Η
465 5426 480 5461 :
510 5403 679 5458 Πάλιν
716 5402 771 5455 δὲ
802 5401 999 5454 τούτων
1028 5398 1133 5452 τῶν
1172 5394 1342 5484 ἁΰλων
1388 5393 1510 5484 ὅσαι
1554 5393 1655 5484 μὲν
1689 5397 1747 5484 έν

177 5479 310 5565 τοὶς
337 5494 650 5567 ’περιγείοις
673 5491 853 5559 είσὶτῇ
880 5486 1122 5555 κοινωνίᾳ
1141 5486 1203 5552 τῇ
1236 5479 1361 5550 πρὸς
1392 5480 1521 5542 τοὺς
1541 5479 1750 5552 ἀνθρώ,

269 5698 389 5768 (33)
418 5696 668 5763 Aogttst.,
695 5685 784 5739 lib.
815 5681 887 5735 De
923 5683 1119 5739 lucrm,
1151 5687 1259 5740 cap.
1289 5670 1372 5726 86.

1824 1932 2235 2000 coniunxerunt,
2295 1933 2653 1989 immutabiles
2710 1947 2988 1992 manent.»
3046 1940 3180 2004 Quid
3224 1940 3366 2008 quod

1822 2020 2053 2077 Joannes
2089 2021 2442 2076 Damascenns
2466 2022 2557 2076 lib.
2586 2038 2643 2075 ιιι
2679 2022 2753 2076 De
2780 2026 2985 2079 orthod.
3014 2027 3131 2093 βό..
3159 2042 3276 2096 cap.
3310 2028 3367 2094 4,

1823 2112 2068 2180 angelum
2121 2126 2242 2166 eum
2302 2127 2552 2179 peccasse
2597 2121 2651 2165 et
2695 2114 2745 2165 in
2780 2124 3035 2168 tartarum
3096 2116 3368 2173 detrusum

1825 2198 1994 2254 fuisse
2029 2200 2202 2267 docet,
2255 2201 2341 2268 qui
2380 2202 2644 2255 terrestris
2664 2201 2865 2257 ordinis
2904 2205 3257 2272 principatum
3289 2215 3370 2260 te-

1826 2290 2003 2353 nebat,
2049 2290 2239 2358 cuique
2273 2291 2639 2344 custodiendae
2684 2301 2837 2346 terra:
2866 2307 2991 2346 cura
3024 2308 3054 2346 a
3086 2294 3191 2348 Deo
3225 2310 3370 2349 com-

1825 2376 1984 2429 missa
2016 2373 2231 2428 fuerat?
2282 2374 2753 2429 Germanissimum
2802 2392 2932 2430 vero
2980 2377 3369 2447 Origenismum

1824 2466 2036 2533 sapiunt
2063 2465 2146 2518 illa
2190 2465 2393 2533 Evagrii
2421 2482 2434 2518 :
2470 2466 2727 2519 Ἔκαστον
2753 2467 2935 2536 τάγμα
2976 2467 3081 2520 τῶν
3109 2467 3368 2537 οὐρανίων

1824 2553 2118 2623 δυνάμεων,
2150 2553 2182 2624 ἢ
2210 2553 2326 2606 ὅλον
2352 2554 2415 2605 ὲκ
2438 2553 2542 2606 τῶν
2576 2554 2746 2621 κάτω,
2782 2556 2814 2626 ή
2841 2556 2958 2609 ὅλον
2986 2558 3075 2609 ὲπὶ
3105 2556 3209 2610 τῶν
3238 2558 3367 2621 ἀνω,

1826 2642 1860 2710 ἢ
1888 2644 1950 2695 ὲκ
1979 2643 2085 2694 τῶν
2108 2642 2217 2695 ἄνω
2265 2644 2357 2695 καὶ
2387 2642 2600 2695 ἐπὶτῶν
2621 2644 2767 2696 κάτω
2794 2645 3104 2715 συνέστηκε.
3150 2665 3167 2698 ι
3196 2645 3372 2700 Unus-

1828 2734 2057 2802 quisque
2085 2734 2215 2789 ordo
2240 2734 2491 2786 virtutum
2514 2734 2837 2800 ctelestium,
2862 2746 2954 2790 aut
2980 2746 3121 2790 totus
3141 2751 3206 2790 ex
3237 2736 3369 2791 inle-

1831 2820 2089 2883 rioribus,
2113 2832 2207 2875 aut
2237 2830 2379 2877 totus
2405 2837 2466 2876 ex
2511 2824 2893 2891 superioribus,
2931 2826 3011 2879 vel
3034 2841 3098 2879 ex
3131 2826 3371 2893 superio-a

1830 2909 1981 2963 ribus
2015 2919 2068 2963 et
2120 2910 2460 2965 inferioribus
2488 2920 2760 2965 constat.»
2814 2913 2977 2969 Multo
3035 2930 3158 2968 vero
3202 2918 3369 2983 mang

1830 2998 1916 3051 illa
1946 3015 1962 3053 :
2008 2998 2095 3062 Ἐξ
2128 2999 2415 3070 ἀγγελικῆς
2442 3002 2818 3064 καταστάσεως
2861 3004 2952 3056 καὶ⁵
2982 3004 3370 3075 ἀρχαγγελικῆς

1829 3086 2028 3158 ψυχικὴ
2069 3090 2391 3152 κατάστασις
2414 3089 2649 3157 γίνεται·
2683 3091 2745 3143 ὲκ
2776 3091 2831 3145 δὲ
2860 3093 2955 3161 τῆς
2993 3094 3222 3164 ψυχικῆς
3259 3095 3372 3147 δαι-

1833 3177 2087 3247 μονιώδης
2119 3178 2209 3231 καὶ
2249 3178 2555 3249 ἀνθρωπίνη
2576 3196 2588 3210 ο
2626 3181 2691 3233 ἐκ
2713 3181 2767 3234 δὲ
2797 3183 2894 3252 τῆς
2923 3183 3258 3255 ἀνθρωπίνης
3284 3184 3355 3252 ἄγ

1828 3265 1971 3334 γελοι
2001 3266 2156 3320 πάλιν
2185 3269 2276 3321 καὶ
2300 3268 2546 3339 δαίμονες
2576 3269 2831 3337 γίνονται.
2871 3291 2889 3323 ι
2918 3272 2992 3326 Ex
3018 3274 3258 3342 angelico
3283 3290 3374 3328 or-

1831 3354 1974 3419 dine,
2001 3368 2053 3408 et
2082 3356 2450 3426 archangelico
2471 3356 2714 3411 animalis
2735 3360 2868 3412 ordo
2894 3360 3102 3414 exsistit
3129 3377 3144 3413 :
3173 3375 3237 3413 ex
3261 3362 3351 3414 ani

1832 3446 1954 3497 mali
1980 3454 2153 3499 autem
2206 3446 2563 3500 daamoniacus
2589 3456 2643 3499 et
2688 3448 2952 3502 humanus
3003 3466 3016 3502 :
3046 3464 3111 3502 ex
3141 3452 3374 3507 humano

1832 3542 2006 3609 autem
2040 3534 2211 3601 angeli
2254 3550 2435 3589 rursus
2460 3535 2833 3605 daemonesque
2856 3537 3007 3593 ilunt.
3035 3557 3053 3589 ι
3083 3537 3378 3609 Utrumque

1834 3602 2009 3675 locum
2053 3624 2262 3677 adducit
2289 3622 2550 3677 Maximus
2579 3625 2629 3677 in
2669 3602 2786 3693 cap.
2820 3626 2853 3680 6
2910 3628 3142 3699 Dionysii
3180 3628 3253 3682 De
3288 3602 3377 3683 cc-

1835 3710 1955 3763 εἰει.
1986 3712 2240 3764 Iiierarch.
2273 3710 2439 3765 Favet
2482 3712 2653 3766 eidem
2693 3715 2926 3784 opinioni
2958 3717 3023 3770 de
3070 3718 3375 3786 angelorum

1837 3800 2204 3867 progressibus
2253 3810 2305 3853 et
2343 3803 2780 3857 conversionibus
2828 3808 3087 3859 sententia
3136 3808 3375 3874 quaedam

1837 3886 2163 3942 Tertulliano
2193 3890 2258 3943 ab
2286 3889 2581 3957 Augustino
2619 3890 2730 3961 (53)
2782 3892 2981 3954 afﬁcta,
3025 3910 3140 3962 qua:
3174 3896 3376 3955 animas

1839 3977 2109 4029 hominum
2137 3991 2364 4044 nequam
2389 3989 2505 4041 post
2528 3991 2752 4034 mortem
2789 3982 2841 4032 in
2866 3982 3130 4036 daemones
3157 3997 3376 4035 conver-

1838 4076 1954 4116 sum
1990 4062 2054 4114 iri
2092 4062 2345 4115 decernit.
2387 4062 2696 4132 Quanquam
2728 4065 2779 4119 in
2813 4066 3241 4123 Tertullianistas
3267 4071 3378 4123 cri-

1839 4166 1957 4204 men
1990 4151 2126 4204 istud
2154 4151 2360 4225 derivat
2386 4151 2618 4208 Isidorus
2642 4154 2733 4209 lib.
2762 4172 2853 4210 vm
2893 4155 3119 4225 0rigin.,
3170 4173 3285 4226 cap.
3319 4159 3374 4214 6.

1840 4236 1937 4290 Hie
1981 4241 2094 4306 ipse
2123 4253 2279 4307 quem
2326 4240 2445 4294 dico
2473 4239 2804 4308 Hispalensis
2845 4242 3076 4299 Isidorus
3128 4247 3377 4301 nonnulla

1842 4326 1999 4379 habet
2037 4327 2428 4395 Origenismum
2470 4330 2664 4384 olentia
2708 4331 2801 4386 lib.
2831 4333 3149 4403 vnOrigin.,
3174 4351 3289 4404 cap.
3323 4336 3377 4399 5,

1846 4413 2200 4482 «Angelorum
2255 4424 2428 4468 autem
2471 4418 2806 4483 vocabulum,
2854 4421 3007 4475 ollicii
3052 4437 3239 4479 nomen
3275 4434 3379 4488 est,

1842 4515 1945 4554 non
1982 4510 2200 4567 naturae,
2229 4521 2249 4555 ι
2293 4503 2442 4568 cuius
2475 4507 2801 4574 pronuntiati
2847 4510 3104 4564 rationem
3137 4512 3274 4566 hanc
3303 4513 3379 4566 af-

1841 4586 1963 4652 fert,
2006 4606 2023 4638 ί
2053 4587 2274 4657 Semper
2300 4590 2440 4642 enim
2481 4592 2700 4659 spiritus
2731 4602 2874 4658 sunt,
2905 4595 2997 4649 sed
3025 4611 3142 4649 cum
3169 4598 3380 4650 mittun-

1844 4684 1945 4735 tur.
1986 4686 2245 4729 vocantur
2275 4676 2467 4745 angeli.
2496 4697 2515 4729 ο
2574 4677 2726 4744 Vere,
2755 4681 2845 4734 sed
2878 4682 2943 4735 de
2978 4685 3190 4736 nomine
3234 4700 3383 4752 qua:-

1844 4770 2068 4823 stionem
2099 4770 2256 4823 habet
2283 4768 2535 4826 lsidorus.
2562 4769 2819 4842 Origenes
2843 4782 3017 4827 autem
3040 4774 3278 4827 eamdem
3308 4774 3383 4826 lo-

1841 4858 2106 4912 cutionem
2162 4857 2263 4911 alio
2294 4873 2453 4912 sensu
2490 4866 2796 4930 usurpavit;
2840 4863 2892 4918 id
2919 4864 3058 4915 enim
3090 4864 3190 4917 sibi
3220 4863 3383 4916 voluit

1843 4959 2060 5001 naturas
2101 4946 2219 5001 illas
2243 4963 2358 5016 qua:
2406 4950 2639 5017 angelica
2679 4951 2932 5020 dignitate
2963 4951 3228 5011 fruuntur,
3275 4966 3378 5005 non

1843 5035 1893 5089 id
1931 5033 2185 5087 natalium
2228 5035 2347 5103 jure
2380 5036 2547 5092 fuisse
2579 5050 2912 5105 consecutas,
2960 5042 3051 5096 sed
3097 5040 3381 5094 virtutibus

1842 5125 1952 5179 suis
1970 5125 2129 5178 fuisse
2145 5126 2477 5193 promeritas.
2499 5127 2687 5181 Sulidit
2707 5129 2893 5183 deinde
2910 5129 3138 5185 Isidorus
3160 5148 3173 5183 :
3202 5146 3221 5178 ι
3250 5126 3384 5181 Uni-

1845 5215 2035 5281 cuique
2090 5214 2272 5277 etiam,
2328 5214 2464 5267 sicut
2507 5214 2813 5281 praedictum
2838 5224 2942 5278 est,
2971 5213 3180 5282 propria
3211 5210 3378 5262 oliicia

1848 5311 1971 5356 sunt
2003 5299 2262 5367 injuneta,
2290 5317 2408 5367 qua:
2436 5316 2528 5355 eos
2564 5302 2918 5367 promeruisse
2961 5302 3013 5356 in
3049 5299 3225 5353 mundi
3257 5312 3384 5350 con-

1847 5400 1951 5444 stat
1972 5392 2210 5445 exordio.
2237 5409 2255 5441 ι
2291 5390 2452 5445 Plane
2498 5389 2845 5459 Ωριγενικῶς.

1923 5478 2077 5533 XVII.
2112 5478 2217 5535 Nec
2256 5478 2522 5549 suffragiis
2554 5478 2727 5543 modo,
2755 5477 2848 5530 scd
2881 5476 3083 5529 ratione
3109 5470 3268 5526 etiam
3297 5486 3385 5540 pu-
