3894 6428
480 413 582 468 867

477 626 583 664 suae
616 608 780 672 capita
806 608 1102 660 defendere.
1129 606 1257 660 Nam
1285 608 1527 660 ordinum
1551 617 1603 661 et
1623 611 1879 676 graduum
1903 610 2014 671 illa,

474 714 628 768 quant
661 697 789 761 dixi,
844 697 1166 764 permutatio
1207 705 1429 751 eatenus
1474 698 1678 751 admitti
1735 708 1926 766 potest,
1971 700 2014 753 si

473 797 687 842 servato
718 795 1023 840 naturarum
1059 788 1111 840 in
1160 787 1459 840 hominibus
1491 796 1544 840 et
1583 790 1787 857 angelis
1828 790 2018 843 discri-

473 873 632 936 mine,
661 873 902 928 homines
939 889 1036 943 per
1068 876 1315 943 gratiam,
1338 889 1520 942 parem
1560 877 1763 945 angelis
1791 878 2016 931 beatitu-

472 962 610 1016 dinis
661 972 713 1015 et
746 965 924 1033 gloria
976 966 1195 1032 gradum
1242 968 1491 1035 consequi
1543 982 1698 1035 posse
1751 968 2012 1021 dicamus.

470 1050 667 1105 Probat
691 1064 865 1107 autem
892 1054 1030 1108 istud
1062 1055 1332 1121 angelicus
1378 1058 1561 1110 doctor
1584 1066 1721 1125 part.
1752 1072 1790 1119 ι,
1821 1066 2010 1124 quaest.

470 1140 592 1204 108,
627 1154 787 1208 atque
828 1141 955 1194 illud
997 1157 1114 1197 esse
1152 1144 1299 1209 dicit,
1350 1160 1368 1194 ι
1395 1145 1646 1199 Homines
1692 1147 1760 1199 ad
1800 1147 2015 1201 ordines

467 1229 774 1297 angelorum
802 1232 1019 1284 assumi.
1057 1249 1075 1282 ι
1110 1231 1244 1284 Huic
1272 1248 1396 1287 vero
1431 1234 1731 1304 Hieronymi
1759 1235 2012 1289 crimina-

469 1317 624 1381 tioni,
648 1333 750 1386 qua
782 1333 844 1371 eo
872 1334 1206 1388 progressum
1237 1319 1517 1389 Origenem
1541 1326 1802 1392 queritur,
1841 1334 1899 1378 ttt
1925 1340 2012 1378 ra-

470 1407 631 1461 tionis
653 1408 936 1475 participes
960 1408 1166 1460 auintas
1192 1407 1241 1459 in
1278 1409 1550 1464 brutornm
1578 1426 1802 1480 corpora
1838 1413 2014 1466 devol-

468 1495 520 1547 vi
546 1495 789 1562 opinatus
817 1496 904 1559 sit,
934 1495 1127 1563 opponi
1155 1506 1335 1560 posset
1359 1498 1482 1553 illud
1507 1498 1752 1570 Origenis
1778 1502 2014 1555 resumo-

470 1584 615 1637 nium
645 1600 674 1638 e
700 1586 832 1639 lib.t
864 1586 999 1653 Περὶ
1032 1586 1246 1654 ἀρχῶν,
1282 1603 1397 1657 cap.
1436 1589 1487 1653 7,
1521 1608 1666 1647 num.
1694 1592 1749 1657 4,
1782 1606 1897 1660 pag.
1924 1592 2009 1655 76,

471 1672 570 1727 nisi
603 1673 777 1727 Rufini
811 1674 1117 1743 interpretis
1151 1680 1307 1733 dubia
1332 1693 1475 1734 esset
1509 1682 1676 1735 fides:
1717 1683 1850 1735 t‘llla
1884 1697 2014 1735 sane

471 1776 568 1815 nos
598 1777 922 1831 nequaquam
953 1767 1252 1835 recipienda
1278 1785 1578 1834 censemus,
1606 1786 1722 1838 qua:
1755 1781 1809 1825 et
1836 1787 1864 1823 a
1897 1773 2014 1838 qui-

1731 406 1789 460 P.
1832 350 2139 462 DthELlS
2176 406 2403 460 HUETII

479 537 636 594 gnare
692 529 862 588 potest
885 516 1163 587 Origenes,
1198 526 1253 571 et
1309 518 1484 587 aliqua
1529 518 1717 573 saltem
1768 520 2022 574 doctrinae
2053 529 2099 583 Α
2130 521 2244 574 dem
2270 522 2469 588 absque
2504 517 2761 571 Ecclesia:
2796 527 2911 582 ope
2976 509 3365 566 intellexisse

3712 388 3823 441 ses
3864 450 3878 470 ὁ

3421 517 3441 556 :
3485 500 3824 570 cognovisse

2116 623 2242 663 vero
2289 622 2387 676 per
2444 606 2744 660 Ecclesiam
2812 596 3300 659 incarnationis,
3376 591 3824 657 redemptionis,

2116 700 2289 753 crucis
2349 707 2405 753 et
2441 698 2629 750 mortis
2673 693 2900 749 Christi
2969 688 3297 757 mysteria.
3350 682 3518 736 Tum
3564 681 3827 736 dubitans

2115 788 2361 858 proponit
2391 785 2583 853 ecquid
2621 784 2676 835 in
2711 780 2978 835 Ecclesia
3015 792 3155 847 quae
3183 772 3434 829 Christi
3471 786 3695 838 corpus
3724 782 3823 833 est.

2115 888 2293 947 utpote
2308 875 2425 943 eius
2450 888 2671 942 sponsa,
2693 885 2977 938 sponsum
3001 869 3206 937 ipsum
3237 865 3563 917 hactenus
3592 860 3701 913 sibi
3728 875 3825 913 non

2113 967 2282 1020 visum
2315 962 2722 1031 conspexerint.
2767 958 3254 1028 Chrysostomus
3323 962 3658 1022 praeterea,
3714 967 3825 1005 cum

2117 1055 2398 1117 alibi,tum
2449 1063 2817 1107 memoratam
2866 1048 3038 1104 Pauli
3103 1043 3505 1099 sententiam
3546 1055 3828 1093 commen-

2116 1142 2266 1196 tariis
2299 1141 2412 1195 suis
2437 1141 2739 1203 illustrans,
2779 1138 3007 1209 liquido
3035 1132 3329 1188 declarat
3354 1128 3619 1198 angelos
3649 1144 3825 1184 rerum

2113 1234 2209 1287 sibi
2264 1241 2420 1285 antea
2469 1231 2817 1284 occultarum
2872 1239 2935 1283 et
2987 1228 3362 1296 ignotarum
3454 1222 3730 1274 notitiam
3770 1235 3826 1273 ex

2114 1322 2226 1391 ipso
2254 1322 2630 1391 apostolorum
2698 1334 2803 1374 ore
2848 1327 3287 1386 comparasse,
3332 1322 3403 1366 et
3435 1311 3501 1365 in
3555 1310 3629 1365 iis
3680 1312 3830 1365 rebus

2110 1414 2432 1481 praecipuam
2466 1412 2636 1465 fuisse
2677 1410 2939 1480 gentium
2986 1408 3063 1459 ad
3085 1404 3341 1460 Christi
3380 1403 3573 1455 ﬁdem
3605 1417 3829 1454 conver-

2112 1507 2339 1569 sionem,
2386 1503 2595 1571 angelis
2636 1512 2798 1555 antea
2844 1501 3237 1569 ignoratam.
3287 1494 3568 1549 Accedit
3596 1493 3671 1546 ad
3696 1508 3831 1546 eam-

2112 1595 2231 1648 dem
2258 1594 2567 1662 opinionem
2629 1592 3020 1661 Hieronymus
3074 1589 3191 1641 lib.
3234 1602 3283 1640 ιι
3324 1586 3397 1638 in
3450 1585 3650 1651 Epist.
3680 1586 3746 1636 ad
3770 1584 3831 1637 E-

2110 1682 2278 1750 νήει,
2309 1697 2430 1752 cap.
2464 1697 2543 1745 ιιι,
2587 1696 2639 1734 v.
2676 1681 2767 1744 l0,
2814 1689 2876 1733 et
2915 1677 3349 1746 multiplicem
3400 1675 3572 1729 illam
3622 1676 3827 1745 sapien-

2115 1775 2241 1826 tiam
2280 1772 2487 1841 angelis
2527 1773 2841 1841 ignoratam
2874 1771 3014 1823 vitae
3045 1767 3311 1823 Christi
3378 1767 3692 1837 mysteriis
3719 1783 3831 1821 con-

470 1852 692 1906 busdam
721 1856 987 1922 superﬂuo
1031 1858 1111 1911 vel
1162 1860 1358 1927 requiri
1392 1861 1474 1913 vel
1518 1862 1682 1915 astrui
1726 1862 1918 1925 solent,
1959 1862 2009 1915 id
2041 1849 2081 1903 Β
2111 1861 2266 1915 tiueri
2294 1862 2473 1915 docet.
2498 1859 2610 1915 Hos
2646 1860 2738 1914 alii
2773 1859 3125 1927 complures
3164 1858 3386 1912 secuti
3426 1866 3595 1912 sunt.
3628 1858 3696 1911 At
3722 1874 3828 1912 cum

468 1948 570 2003 est,
606 1943 747 2008 quod
791 1944 979 1996 animae
1016 1945 1068 1996 in
1098 1954 1297 1997 tantum
1335 1947 1413 1999 sui
1448 1947 1725 2000 decessum
1766 1947 2007 2013 Veniant,

469 2040 529 2084 ut
558 2042 758 2085 naturae
786 2034 1060 2088 rationalis
1087 2050 1146 2088 ac
1173 2036 1446 2104 dignitatis
1469 2037 1643 2089 oblita:
1668 2038 1825 2091 etiam
1854 2037 1906 2090 in
1930 2051 2012 2090 or-

471 2119 649 2173 dinem
697 2121 1135 2175 irrationahilium
1168 2124 1535 2189 animantium,
1583 2125 1665 2177 vel
1698 2124 2005 2187 bestiarum,

466 2210 549 2262 vel
576 2212 838 2278 pecudum
885 2213 1235 2265 devolvantur
1397 2214 1523 2278 Quae
1567 2230 1663 2269 nos
1698 2229 1800 2267 non
1839 2215 2006 2269 solum

467 2312 572 2353 non
628 2301 986 2366 suscipimus;
1014 2303 1104 2355 sed
1131 2313 1183 2355 et
1211 2318 1397 2357 omnes
1422 2306 1516 2357 has
1560 2305 1881 2358 assertiones
1919 2318 2009 2359 eo-

468 2401 585 2440 rum
623 2398 807 2440 contra
841 2389 994 2442 tidem
1024 2402 1259 2447 nostram
1294 2394 1566 2448 venientes
1610 2392 1898 2448 refutamus
1924 2404 2006 2446 at-

464 2489 572 2544 que
594 2478 907 2544 respuintus.
938 2499 956 2530 ι
994 2482 1165 2550 Atque
1211 2484 1322 2537 haec
1351 2483 1680 2537 enucleatius
1726 2497 2009 2552 perseque-

467 2578 589 2617 luur
625 2566 779 2629 infra,
815 2583 934 2620 cum
969 2567 1216 2638 Origenis
1246 2573 1309 2625 de
1361 2571 1811 2640 metempsychosi
1843 2570 2006 2624 docu-

466 2663 641 2707 menta
668 2658 1042 2714 scrutabimur.

536 2743 611 2797 Ex
638 2747 995 2813 superioribus
1035 2750 1335 2804 Adamantii
1361 2751 1502 2805 circa
1534 2751 1756 2818 angelici
1800 2750 2005 2804 arbitrii

466 2831 792 2900 libertatem,
845 2846 898 2890 et
943 2838 1234 2893 etiamnum
1280 2852 1704 2909 perseverantem
1753 2846 1887 2895 bene
1924 2840 2007 2893 vel

466 2920 605 2974 male
628 2925 814 2991 agendi
842 2925 1145 2981 facultatem
1174 2929 1379 2996 placitis
1410 2930 1742 2984 consectaria
1765 2931 2008 2984 videntur

468 3010 555 3065 illa
582 3012 721 3078 duo;
750 3015 972 3070 aliorum
1013 3018 1492 3083 adhortationibus,
1520 3022 1796 3090 exemplis.
1841 3032 1891 3075 et
1923 3022 2004 3074 itt-

465 3102 835 3160 ititutiouihus
862 3108 925 3159 ad
966 3108 1186 3162 meliora
1221 3110 1479 3175 prolicere
1508 3127 1665 3179 posse
1688 3112 1924 3179 angelos,
1954 3120 2006 3162 et

469 3193 655 3245 mortis
675 3193 870 3248 Christi
902 3196 1157 3251 beneﬁcio
1178 3198 1405 3266 gaudere
1428 3216 1442 3264 ;
1470 3199 1713 3263 alterum,
1744 3210 2007 3268 gestorum

469 3283 728 3337 rationem
753 3285 881 3338 olim
909 3289 1223 3351 reddituros,
1254 3296 1307 3340 et
1324 3298 1561 3343 extremo
1582 3291 1811 3344 examini
1842 3306 1903 3343 ac
1924 3288 2009 3359 ju-

466 3370 609 3423 dicio
642 3373 912 3428 subditum
950 3377 1040 3429 iri.
1104 3377 1258 3431 Prius
1312 3379 1438 3432 illud
1475 3380 1664 3447 partim
1695 3381 1807 3448 jam
1845 3395 2005 3448 supra

468 3461 763 3527 attigimus,
819 3479 935 3515 cunt
984 3483 1261 3535 ageremus
1297 3471 1372 3533 ,de
1423 3470 1686 3523 taxatione
1739 3471 2008 3537 sanguinis

468 3543 663 3598 Christi
717 3548 798 3615 (ut
847 3551 1167 3609 seltolastico
1199 3572 1344 3610 more
1394 3556 1600 3626 loquar)
1648 3567 1699 3611 et
1732 3567 1913 3611 utrum
1942 3557 2007 3610 ad

468 3635 689 3701 angelos
724 3637 873 3694 effusi
903 3641 1099 3697 Christi
1130 3649 1402 3717 sanguinis
1433 3649 1656 3715 graliam
1692 3663 2006 3716 PTOI'OSaVe'

467 3724 540 3777 rit
567 3724 822 3793 Origenes
854 3746 1237 3798 quaereremus.
1265 3738 1416 3792 Nunc
1442 3753 1570 3792 vero
1593 3738 1783 3805 ecquid
1816 3738 2004 3792 alienis

468 3815 750 3883 prteceptis
783 3817 1058 3875 informari
1096 3839 1213 3889 eos,
1257 3836 1312 3878 et
1340 3826 1402 3878 ad
1438 3825 1682 3877 virtutem
1715 3826 1896 3894 arrigi,
1923 3827 2006 3882 vel

471 3898 901 3962 institutionibus
949 3913 1147 3967 erudiri
1179 3914 1552 3978 autumaverit,
1596 3918 2000 3983 perpendamus.

536 3987 714 4046 XVIII.
741 3994 885 4049 Pauli
925 4000 1146 4066 apostoli
1179 4002 1244 4053 ad
1278 4001 1533 4067 Ephesios
1579 4003 1864 4058 scribentis
1887 4018 2003 4057 ver.

464 4081 531 4135 ba
565 4083 676 4137 haec
701 4096 827 4140 sunt
853 4089 896 4118 ⁸⁸
923 4106 935 4140 :
969 4109 987 4139 ί
1012 4089 1136 4142 Mihi
1175 4091 1412 4143 omnium
1442 4100 1743 4143 sanctorum
1785 4093 2001 4146 minimo

465 4177 585 4228 data
623 4185 702 4230 est
734 4178 900 4246 gratia
930 4180 1040 4232 hzec
1078 4181 1128 4231 in
1158 4181 1422 4247 gentibus,
1458 4181 1826 4250 evangelizare
1857 4185 2000 4238 inve-

470 4266 741 4332 stigabiles
777 4269 986 4323 divitias
1013 4270 1233 4333 Christi,
1270 4281 1322 4323 et
1352 4271 1646 4325 illuminare
1670 4288 1855 4327 omnes
1882 4290 1999 4342 quas

466 4352 537 4405 sit
569 4356 890 4423 dispensatio
941 4362 1264 4413 sacramenti
1294 4361 1585 4413 absconditi
1634 4377 1664 4415 a
1709 4364 1916 4418 saeculis
1948 4365 1997 4416 in

467 4440 576 4495 Deo
609 4447 696 4512 qui
727 4449 902 4501 omnia
940 4452 1160 4512 creavit,
1203 4460 1258 4503 ut
1297 4451 1593 4504 innotescat
1628 4467 1765 4506 nunc
1801 4454 1998 4520 princi-

467 4531 673 4597 patibus
701 4545 755 4589 et
781 4541 1127 4604 potestatibus
1167 4541 1217 4592 in
1248 4540 1555 4594 cwlestibus
1583 4557 1676 4610 per
1701 4542 1994 4597 Ecclesiam

469 4620 803 4678 multiformis
850 4630 1100 4694 sapientia
1135 4629 1250 4683 Dei.
1275 4650 1292 4680 ι
1335 4629 1457 4683 Haec
1491 4631 1724 4699 antiquis
1752 4632 2001 4686 Ecclesiae

467 4707 713 4764 Patribus
742 4728 956 4767 causam
988 4718 1265 4781 dederunt,
1308 4732 1402 4770 cur
1445 4720 1720 4773 crederent
1744 4721 2001 4790 pleraque

468 4801 558 4855 Dei
588 4803 838 4869 mysteria
894 4805 1107 4871 angelos
1140 4823 1236 4873 per
1260 4808 1551 4863 Ecclesium
1594 4811 1862 4874 didicisse,
1894 4828 1995 4866 non

463 4908 524 4950 ea
550 4892 761 4961 quidem
800 4907 916 4960 quae
952 4894 1041 4948 Dei
1085 4908 1286 4951 natura:
1322 4902 1623 4954 necessario
1667 4901 1879 4967 insunt;
1912 4904 1996 4956 illa

463 4982 719 5052 siquidem
758 4995 1116 5047 cognoverunt
1160 5001 1364 5053 omnes,
1409 5004 1530 5043 cum
1576 4992 1739 5044 semel
1780 4993 1844 5046 iis
1871 5009 1999 5046 con-

466 5071 646 5127 tuendi
691 5069 782 5122 Dei
815 5069 1038 5124 facultas
1090 5088 1344 5128 concessa
1387 5087 1502 5143 est;
1543 5080 1635 5133 sed
1678 5097 1794 5149 quae
1831 5082 1998 5138 libere

462 5162 606 5216 Deus
640 5169 694 5214 et
740 5158 1034 5212 forinsecus
1062 5174 1333 5229 cperatur,
1358 5180 1539 5219 eorum
1575 5170 1784 5222 demum
1818 5173 1999 5237 cogni-

461 5255 655 5306 tionem
683 5248 846 5303 fuisse
864 5262 957 5316 per
982 5248 1268 5304 Ecelesiam
1291 5252 1527 5321 adeptos.
1552 5255 1837 5327 Gregorius
1862 5260 1996 5329 Nys-

459 5356 618 5395 senus
645 5339 828 5393 homil.
851 5338 883 5392 8
916 5339 971 5391 in
995 5338 1198 5395 Cantia.
1244 5341 1315 5392 ita
1346 5340 1487 5395 Pauli
1529 5345 1697 5398 locuut
1740 5348 1997 5415 interpre-

463 5439 624 5497 tatur,
650 5446 909 5485 summam
936 5442 989 5485 et
1011 5430 1375 5484 admirabilem
1408 5432 1497 5486 Dei
1528 5445 1861 5502 potestatem,
1890 5453 1991 5504 qua

458 5525 633 5577 omnia
666 5524 731 5579 de
772 5523 938 5577 nihilo
974 5520 1088 5576 solo
1122 5522 1286 5575 verbo
1336 5525 1589 5588 condidit,
1621 5527 1836 5594 angelos
1871 5528 1993 5593 qui-

528 5632 572 5662 ²⁸
595 5632 790 5699 Ephes.
816 5648 895 5697 lit,
935 5634 1085 5687 8-l0.

2035 3168 2075 3224 C

2029 4512 2071 4566 D

528 5633 895 5699 ²⁸Ερ1ιθε.ιιι,
935 5634 1085 5687 8-l0.
1164 5634 1208 5666 ²⁹
1243 5633 1393 5687 Deut.
1421 5649 1589 5697 χχχιι,
1619 5635 1669 5688 1.
1742 5636 1787 5666 ³ο
1815 5634 1950 5687 Psal.
1979 5651 2222 5707 cxxxvu,
2272 5651 2329 5708 1,
2442 5633 2491 5698 ιι
2526 5672 2569 5727 Ρ
2726 5633 2755 5644 ⁷
2838 5710 2846 5718 .

461 5693 504 5725 ﬂ
538 5701 672 5734 am...
748 5719 782 5734 ..
839 5718 955 5734 an...
1002 5704 1023 5734 Α
1094 5702 1114 5734 ι
1215 5702 1381 5734 suum
1432 5703 1493 5734 ιι
1589 5705 1633 5734 ιι
1667 5703 1823 5734 nam.
1874 5720 1974 5734 η..
2014 5708 2072 5734 οι
2178 5715 2223 5734 ε.
2264 5721 2300 5734 ..
2574 5681 2681 5734 sal.
2713 5702 2840 5734 nn

530 5692 691 5767 Apoc.
745 5692 956 5769 "nos
1002 5704 1054 5768 l,
1088 5702 1139 5756 4.
1215 5702 1514 5758 enim“.
1578 5692 1633 5735 ’δυ
1662 5703 1846 5759 Matth.
1874 5708 2068 5772 xxv,’2l

1590 5705 1633 5735 ar
1662 5703 1846 5759 Mam].
1874 5708 2101 5772 xxv’gi.
2139 5692 2224 5748 ’ἶᾶ
2260 5692 2409 5786 ﬁgi“.
2713 5702 2935 5762 εχιιειιι,
2965 5692 3019 5760 4,
3075 5694 3128 5750 5.

2112 1950 2349 2004 nonnulli
2391 1965 2458 2003 ex
2504 1950 2573 2004 iis
2613 1952 2694 2003 sic
2728 1950 2991 2003 eruditos
3040 1949 3473 2002 crediderint
3526 1963 3633 2015 per
3660 1949 3829 2001 Eccle-

2109 2040 2241 2092 siam
2285 2041 2526 2109 angelos,
2572 2041 2731 2109 quasi
2766 2053 2962 2092 rerum
3016 2049 3237 2094 testes
3273 2050 3346 2093 et
3382 2039 3691 2103 conscios,
3728 2055 3831 2108 quae

2109 2130 2373 2185 sententia
2410 2132 2479 2183 ad
2512 2131 2810 2185 veritatem
2858 2132 3123 2200 propius
3190 2131 3504 2193 accedit;
3540 2130 3640 2182 alii
3690 2132 3827 2197 quasi

2107 2218 2442 2286 discipulos;
2487 2223 2811 2288 posterioris
2838 2224 3015 2289 hujus
3044 2222 3405 2290 dogmatis
3444 2231 3659 2275 auctor
3679 2219 3828 2275 fuisse

2107 2308 2319 2362 videtur
2366 2309 2652 2379 Origenes.
2702 2312 2797 2367 Sic
2851 2315 3009 2367 enim
3067 2326 3367 2383 perorat
3428 2316 3642 2370 homil.
3684 2315 3822 2368 ἰδίη

2107 2394 2284 2450 Luc.:
2324 2398 2539 2453 cDocet
2586 2400 2755 2469 igitur
2804 2401 3087 2457 Salvator
3142 2414 3413 2472 noster,
3478 2414 3543 2457 et
3601 2404 3825 2473 Spiritus

2106 2496 2322 2541 sanctus
2369 2490 2462 2557 qui
2514 2491 2734 2548 locutus
2766 2504 2856 2549 est
2924 2495 2983 2548 in
3046 2497 3445 2565 prophetis,
3501 2512 3619 2551 non
3666 2498 3823 2550 solum

2107 2577 2374 2643 homines,
2416 2581 2513 2635 sed
2542 2581 2707 2636 etiam
2744 2585 2980 2653 angelos
3007 2594 3070 2640 et.
3150 2588 3453 2642 virtutes
3511 2586 3821 2642 invisibiles.

2105 2664 2241 2731 Quid
2288 2669 2480 2738 loquar
2523 2672 2591 2726 de
2631 2673 2977 2730 Salvatore?
3026 2676 3402 2746 Prottheta:
3465 2695 3695 2749 quoque
3738 2682 3822 2747 ipsi

2103 2767 2160 2811 et
2185 2761 2436 2828 apostoli,
2485 2778 2647 2818 omne
2709 2768 2858 2834 quod
2906 2779 3267 2833 resonant,
3324 2785 3457 2825 non
3506 2772 3691 2824 solum
3740 2772 3823 2824 ho-

2107 2846 2358 2914 minibus,
2406 2851 2501 2905 sed
2541 2863 2591 2906 et
2637 2855 2853 2924 angelis
2909 2858 3317 2925 praedicant.
3378 2861 3556 2928 Quod
3606 2872 3663 2915 ut
3700 2863 3823 2916 scias

2106 2948 2290 2990 verum
2336 2953 2352 2990 :
2398 2940 2644 3007 Attende,
2700 2943 2909 3013 inquit,
2958 2946 3237 3012 caelum,
3299 2961 3358 3003 et
3414 2950 3627 3020 loquar
3650 2951 3727 3017 ¹¹⁹;
3772 2950 3820 3001 In

2104 3036 2377 3093 conspectu
2423 3031 2733 3099 angelorum
2777 3036 3033 3103 psallam
3104 3041 3239 3093 tibi
3272 3041 3375 3108 “;
3429 3053 3494 3097 et
3540 3060 3558 3095 :
3602 3042 3820 3095 Laudat:

2113 3112 2551 3179 Dontinum,cmli
2598 3121 2883 3187 castorum,
2935 3137 2989 3178 et
3049 3144 3261 3197 aqua!
3296 3149 3441 3199 qua:
3488 3149 3659 3202 super
3684 3136 3819 3187 catos

2109 3210 2249 3263 sunt,
2290 3203 2509 3259 laudent
2548 3224 2738 3264 nomen
2789 3212 3025 3268 Domini
3048 3217 3160 3285 ³¹;
3229 3230 3301 3275 et
3351 3240 3368 3277 :
3418 3222 3684 3279 Laudent
3719 3244 3817 3280 eum

2108 3292 2318 3360 angeli;
2346 3304 2401 3348 et
2433 3314 2446 3349 :
2473 3296 2541 3351 In
2565 3303 2711 3353 omni
2737 3302 2857 3357 loco
2885 3313 3235 3371 potestatis
3278 3314 3418 3383 ejus
3444 3318 3695 3382 benedic,
3726 3322 3821 3371 ani-

2108 3397 2194 3433 ma
2223 3398 2358 3449 mea,
2403 3386 2633 3442 Domino
2654 3392 2723 3447 ³³.
2764 3394 3042 3452 Invenies
3109 3403 3186 3455 in
3250 3408 3548 3473 plurimis
3582 3411 3734 3475 locis,
3776 3420 3818 3464 et

2108 3469 2341 3525 maxime
2371 3474 2420 3525 in
2452 3474 2711 3540 Psalmis.
2749 3491 2803 3534 et
2845 3484 2920 3536 ad
2977 3469 3271 3557 angelos
3323 3510 3668 3552 sermonem
3697 3500 3813 3562 ﬁeri,

2108 3557 2228 3612 data
2268 3561 2472 3657 homini
2517 3579 2816 3633 potestate,
2849 3573 2901 3626 ei
2940 3587 3171 3633 tamen
3240 3586 3357 3652 qui
3397 3587 3687 3657 Spiritum
3711 3557 3814 3644 san;

2107 3656 2249 3701 ctum
2294 3651 2479 3718 habet,
2541 3665 2601 3709 ut
2643 3670 2700 3712 et
2751 3662 3006 3732 angelos
3065 3651 3497 3743 alloquatur.
3528 3681 3571 3732 Ε
3629 3682 3810 3747 quibus

2112 3752 2274 3840 puum
2298 3744 2848 3840 exemplumdonam,
2885 3765 2949 3806 ut
2982 3758 3294 3818 sciamus
3337 3768 3592 3837 angelos
3622 3744 3814 3840 quoque

2110 3824 2361 3931 littmapis
2398 3834 2624 3889 vocibus
2655 3841 2895 3896 erudiri.
2951 3845 3305 3918 Scriptum
3368 3824 3468 3914 est
3523 3824 3585 3915 iu
3623 3824 3811 3931 Apoca-

2107 3914 2238 4007 lypsi
2263 3916 2486 4007 .loannis
2511 3924 2556 3955 ³⁸
2595 3945 2608 3980 :
2641 3928 2847 3999 Angela
2889 3914 3335 4003 Ephesiorum
3387 3914 3812 4007 Ecclesiterscﬁ-

2101 4274 2240 4380 pits
2289 4276 2417 4380 Item
2441 4279 2536 4334 lib.
2569 4298 2669 4339 vm
2726 4291 2783 4343 in
2815 4270 3053 4360 Epist.“
3075 4308 3169 4357 ad
3211 4270 3224 4275 ‘

2108 4378 2128 4412 ι
2171 4363 2547 4464 qunquiduam
2596 4384 2866 4446 tanquam
2915 4400 3149 4447 servus
3191 4363 3809 4471 bon'uswetnfillelis-E

2099 4459 2189 4519 qui
2232 4459 2281 4505 in
2332 4460 2511 4522 pauca‘
2542 4459 2734 4519 fuerat
2768 4470 2981 4540 ﬁdelis.
3026 4486 3296 4543 Sciebat
3330 4510 3408 4549 se
3455 4459 3811 4568 Sttp—er‘tiittlta

2103 4546 2394 4568 -A-.An2n-_-_
2420 4549 2522 4568 lu,”
2654 4566 2663 4568 _
2721 4561 2733 4568 .
2929 4566 2940 4568 _

2100 4546 2552 4646 ⁰⁰ξ¹⁵ιίι¹¹θ¹¹ἀ¹¹¹¹¹ι
2612 4566 2672 4609 ει
2706 4561 3054 4628 Αβοδιοιυιη
3118 4546 3428 4640 futurum
3456 4546 3815 4659 velum-"post

2098 4645 2295 4688 exitum
2324 4651 2503 4736 Sll‘lilm,
2557 4659 2669 4698 non
2710 4651 2890 4707 SOlUlll
2919 4664 3251 4736 gentium;
3299 4680 3417 4730 sed
3446 4690 3512 4734 et
3545 4645 3812 4735 Israelita-

2099 4739 2236 4832 llum,
2262 4734 2318 4832 et
2344 4728 2575 4832 aliorum
2620 4734 2888 4798 fortassis
2920 4728 3511 4832 invisibili'umiihi

2097 4814 2522 4885 dicuntspiritus
2545 4836 2602 4880 et
2643 4834 2847 4890 animae
2887 4838 3211 4906 iustorum

2099 4919 2279 5013 T'mlm
2308 4908 2532 5013 difﬂuis.
2588 4930 2645 4974 el
2691 4934 3145 4995 superexaltant
3189 4960 3346 5003 eum
3409 4954 3473 5008 in
3524 4908 3732 5013 saecula
3752 4908 3805 5007 ζ»

2098 4995 2175 5118 ll):
2199 4996 2447 5118 (ξίίοῑιζίηθ
2476 5002 2824 5118 illalangelis
2864 5035 2894 5074 a
2938 5024 3199 5088 Christo
3232 4995 3475 5097 tradita
3504 4995 3807 5118 εῖῖιζιῑιιιιι

2095 5085 2527 5210 disputavimus;
2562 5101 2634 5158 de
2657 5120 2723 5162 ea
2762 5126 2896 5169 vero
2924 5130 3113 5186 quam
3145 5143 3180 5180 a
3227 5085 3807 5210 prapltefi‘syertl;

2094 5179 2244 5293 stolis
2269 5196 2613 5291 acceperunt
2646 5199 2780 5269 ipsi,
2824 5206 2905 5260 sic
2928 5209 3024 5276 pio
3061 5179 3416 5293 ttnictliqu'e
3446 5179 3803 5288 sentiendll‘ttrt

2094 5276 2198 5377 ist:
2238 5285 2352 5377 lnoll
2384 5280 2619 5346 quidem
2661 5293 2987 5355 hominibus
3041 5309 3218 5373 Prius
3258 5276 3803 5377 revelatuntvfu‘issz

2478 5385 2655 5477 qf'am
2686 5387 2895 5458 διιεθιὶε
2926 5386 3395 5462 Ilical'nationis
3439 5414 3797 5480 mysterium,

2421 5457 2437 5472 ἱ
2762 5445 2792 5458 ν
3003 5445 3013 5446 κ
3053 5445 3084 5447 ἡ-
3102 5445 3395 5462 --——.v.-.o
3439 5445 3500 5464 ιιι
3552 5445 3793 5472 διυιιυιιιι

2094 5445 2723 5570 qppdcuntISeriptura:
2744 5492 2917 5537 sacrae
2944 5488 3321 5552 testimoniis
3354 5445 3684 5557 manifeste
3706 5520 3793 5570 pn-

2096 5544 2254 5603 8¹¹³ῑὶ
2296 5547 2399 5600 Sed
2436 5567 2554 5637 non
2602 5566 2879 5644 integram
2910 5584 3093 5635 tamen
3130 5584 3327 5655 hujus
3358 5544 3791 5662 cognitione-lu;

2713 5702 2935 5762 curnt,
2965 5692 3019 5760 4,
3075 5694 3129 5750 5.
3268 5700 3324 5736 ³³
3365 5704 3536 5779 [ﬁsa],
3581 5708 3786 5775 “1,32,
