3894 6466
55 23 252 136 λ
1188 56 1367 70 ,_

100 417 264 551 Μ
1069 438 1618 504 ORIGENIANORUM

1877 485 1882 507 ,
1919 440 2068 498 CAP.
2109 435 2172 497 ll,
2213 427 2479 496 QUIES'I‘.
2522 426 2582 481 ν.
3309 415 3415 469 8Ἰο

127 532 248 656 ζα
263 544 674 656 imum
713 573 856 628 quae
887 582 956 621 ex
991 582 1054 621 eo
1077 563 1325 634 consequi
1353 563 1635 624 debebant,
1663 578 1788 631 gen-
1815 567 1861 623 Α
1891 569 2180 626 nunquam,
2230 548 2314 604 vcl
2357 561 2562 615 parum,
2592 543 2672 599 vel
2715 541 2835 611 plus
2879 536 3068 593 faciem
3115 534 3206 590 Dei
3249 532 3417 601 angeli

351 640 498 738 οξξιδ
558 655 977 712 conversionis
1021 658 1392 726 Chrysostomo
1458 665 1778 717 memoratae,
1883 643 2443 714 contemplabuntur.»

173 715 296 819 ζῶ
319 723 579 830 ξωὶὶξλιῐξὶ
616 744 902 812 temporis
934 762 1058 801 vero
1079 715 1330 814 postremi
1357 743 1544 812 judicii
1583 715 1782 796 nullam
1951 739 2020 792 At
2050 749 2154 789 non
2205 728 2424 796 angelos
2467 725 2653 780 solum"
2692 731 2919 782 tutores,
2955 717 3051 773 sed
3089 715 3226 769 alios
3257 715 3416 768 etiam

602 826 613 830 _
1959 828 1969 830 _
2379 817 2412 830 ,ο
2471 829 2474 830 ,
2504 829 2510 830 ,
2558 813 2761 830 haud“.
2797 811 2843 830 ε--
2880 807 3127 830 :--_I:..:......
3160 802 3416 830 ηε..ιιι..ι1.ια

197 802 417 901 ἒᾷιτῖιὶο
441 802 760 884 habu'lsse:
995 899 998 902 ἢ
1079 802 1096 814 ⁸
1357 802 1377 812 ⁷
1883 828 2186 897 quicunque
2212 817 2444 889 peccatis
2463 829 2522 869 se
2548 813 2766 880 alligant
2797 811 2848 862 in
2872 807 3129 878 judicium
3159 802 3424 860 sistendus

267 912 420 982 illi.
444 913 527 970 De
548 917 764 987 judicio
795 899 1059 980 autemiin
1093 925 1307 993 angelos
1333 922 1598 977 reddendo
1618 922 1788 990 quod-
1886 893 2194 986 pronuntiat
2235 906 2417 964 bomil.
2441 905 2474 958 4
2514 904 2569 956 in
2596 902 2814 993 Exscin,
2869 915 3016 953 num.
3044 900 3092 963 l,
3128 909 3248 964 pag.
3273 893 3420 993 370.:

239 1022 433 1077 cunque
461 1007 713 1063 decernit
737 1010 1022 1082 Origenes,
1056 1014 1121 1066 ad
1154 982 1366 1081 angelos
1396 982 1664 1064 hominum
1693 1026 1788 1064 cu-
1887 982 2148 1072 iQuando
2173 1015 2322 1067 ergo,
2357 994 2548 1063 inquit,
2591 989 2764 1059 angeli
2790 987 3232 1058 praevaricantur,
3256 993 3312 1037 et
3333 982 3422 1036 alii

241 1100 420 1159 stodia‘.
451 1099 740 1171 praefectos
769 1075 884 1156 fer‘e
909 1075 1153 1170 pertinet.
1191 1075 1320 1154 Nam
1339 1101 1448 1155 sive
1471 1101 1664 1169 quibus
1687 1100 1791 1154 Ec—
1888 1103 2013 1151 sunt
2037 1093 2127 1161 qui
2168 1089 2260 1143 Dei
2287 1092 2549 1155 praecepta
2578 1078 2902 1142 custodiunt,
2932 1085 2985 1129 et
3008 1075 3266 1144 judicium
3292 1085 3427 1139 prte—

235 1192 520 1250 clesiarum
546 1191 871 1260 gubernatio
892 1192 1169 1246 commissa
1187 1201 1289 1256 est,
1317 1191 1426 1245 sive
1452 1190 1641 1258 quibus
1667 1204 1794 1258 gen-
1889 1185 2172 1244 stolantur,
2203 1192 2304 1232 non
2352 1174 2523 1228 solum
2566 1168 2862 1228 hominum,
2897 1179 3079 1219 verum
3120 1164 3280 1217 etiam
3310 1161 3426 1222 Dei,

238 1284 398 1351 tium,
429 1282 516 1336 vel
545 1281 886 1350 singulorum
929 1280 1198 1334 hominum
1229 1249 1485 1347 deputata
1501 1288 1582 1332 est
1613 1249 1793 1332 custo-
1894 1282 1953 1326 ut
1992 1270 2303 1338 frequenter
2326 1262 2558 1318 diximus
2593 1267 2698 1312 tam
2733 1258 2796 1310 de
2821 1255 2904 1308 his
2943 1269 3061 1322 qua:
3092 1253 3144 1306 in
3173 1249 3431 1320 Apocaly-

225 1374 341 1439 dia,
363 1387 466 1427 eos
494 1371 861 1426 administrati
896 1373 1130 1425 muneris
1159 1370 1443 1435 rationem,
1473 1368 1611 1422 haud
1642 1381 1799 1422 secus
1893 1363 1976 1433 psi
1996 1358 2301 1425 conscripta
2337 1362 2479 1414 sunt,
2512 1363 2672 1418 quam
2709 1355 2762 1401 et
2785 1361 2848 1398 ex
2884 1344 3002 1398 aliis
3035 1339 3433 1396 innumerabili-

224 1481 290 1522 ac
318 1465 603 1525 homines.
644 1463 950 1517 reddituros
988 1463 1188 1517 deliuit.
1222 1429 1462 1530 Duplici’s
1501 1469 1678 1516 autem
1704 1476 1798 1529 ge-
1895 1429 2016 1516 bus,
2051 1463 2236 1520 quare,
2265 1447 2504 1514 inquam,
2533 1456 2637 1494 non
2667 1449 2821 1492 terrae
2844 1445 2898 1490 et
2926 1435 3066 1488 aeris
3087 1431 3340 1499 judicium
3365 1429 3436 1484 sit

215 1556 377 1612 neris
430 1554 642 1624 judicia
689 1556 742 1607 in
797 1553 914 1606 illos
947 1568 977 1606 a
1022 1553 1129 1606 Deo
1168 1554 1407 1607 exerceri
1455 1551 1640 1616 docet;
1673 1552 1797 1616 alia,
1897 1539 2212 1604 futurum?»
2878 1574 2881 1576 .

217 1647 674 1718 quotiescunque
724 1643 970 1697 homines
1021 1658 1160 1698 curae
1203 1657 1310 1696 suae
1350 1642 1596 1710 permissi
1637 1608 1802 1704 recte,
1966 1628 2084 1683 XX.
2109 1623 2338 1695 Angelos
2370 1617 2871 1690 reprehensionibus
2897 1627 2960 1668 ac
2983 1609 3239 1667 conviciis
3265 1608 3438 1662 inces-

221 1735 450 1791 maleve
476 1749 538 1788 se
572 1743 800 1805 gerunt;
833 1731 975 1785 aliud
1001 1746 1148 1795 vero,
1171 1746 1290 1786 cum
1314 1707 1805 1798 supremoarbitrio
1900 1719 1968 1786 Si.
2002 1733 2124 1773 cum
2173 1713 2499 1786 pTOVillCiam
2533 1715 2832 1775 susceptam
2873 1702 3012 1757 male
3042 1699 3438 1759 θάωίηίδίνθηίο

213 1828 292 1881 de
323 1840 521 1880 rerum
549 1799 923 1879 universarum
953 1836 1159 1876 summa
1196 1821 1334 1876 Deus
1357 1788 1636 1888 iudicabit.
1661 1819 1808 1875 Utri-
1836 1887 1851 1888 γ
1902 1826 1998 1867 cur
2017 1809 2263 1864 crederet
2277 1804 2555 1872 Origenes,
2583 1813 2650 1853 ex
2673 1812 2738 1852 eo
2757 1795 2968 1850 videtur
2986 1793 3263 1854 adductus,
3299 1788 3440 1856 quod

212 1933 335 1988 que
366 1926 566 1971 autem
591 1913 916 1981 iudiciorum
942 1914 1120 1980 generi
1153 1927 1276 1967 suas
1307 1883 1514 1967 videtur
1534 1912 1800 1981 assignas-
1833 1887 1875 1942 Β
1901 1898 2250 1969 Apocalypsis
2293 1897 2530 1952 secundo
2557 1899 2608 1946 et
2658 1889 2814 1943 tertio
2848 1887 3021 1954 capite
3049 1883 3306 1949 scriptum
3335 1890 3439 1942 est,

209 1969 282 2064 ἕο
340 2020 574 2076 paanas,
615 2019 712 2058 sua
743 1969 992 2071 praemia;
1039 2017 1104 2056 ac
1144 2001 1409 2070 prioribus
1436 1969 1671 2070 quidem:
1702 2016 1801 2070 pro
1899 1989 1976 2044 uti
2002 1988 2324 2042 notavimus.
2365 1984 2475 2039 Cur
2502 1990 2675 2035 autem
2726 1985 3049 2046 postremum
3080 1985 3288 2040 quoque
3316 1969 3443 2024 sub-

209 2097 380 2151 obito
414 2104 576 2149 recte
603 2093 800 2156 ollicio,
844 2092 1030 2146 laudes
1065 2103 1119 2144 et
1146 2091 1404 2160 gloriam;
1443 2060 1538 2159 pro
1565 2105 1624 2145 το
1656 2060 1803 2144 nime
1901 2078 2070 2132 ituros
2097 2074 2350 2144 judicium
2389 2068 2794 2130 existimaverit,
2821 2078 2996 2119 causa:
3028 2061 3192 2116 fuisse
3232 2060 3443 2113 videtur

211 2195 414 2257 gesta,
449 2184 807 2254 ignominiam
843 2192 897 2236 et
916 2181 1142 2236 dedecus
1175 2200 1188 2234 :
1225 2147 1504 2248 posteriori
1528 2195 1672 2245 vero,
1710 2195 1806 2249 pro
1903 2167 2053 2223 locus
2076 2166 2169 2220 ille
2200 2164 2375 2227 Pali".
2411 2176 2570 2230 quem
2613 2158 2934 2228 ιποιυιίωιιε
2977 2169 3046 2208 εἰ
3078 2152 3098 2205 Ι
3127 2151 3251 2204 Coro
3278 2165 3354 2213 Vl.
3383 2147 3440 2211 ὃ,

214 2275 573 2330 meritorum
612 2273 842 2334 ratione,
880 2272 1262 2326 diuturniorem
1307 2279 1362 2324 et
1397 2271 1695 2336 clariorem,
1724 2287 1752 2322 v

1909 2272 1930 2309 ι
1954 2257 2179 2312 Nescitis
2219 2253 2471 2322 quoniam
2511 2249 2727 2317 angelos
2774 2243 3202 2316 iudicabimus?»
3245 2241 3334 2308 qui
3378 2239 3445 2294 de

216 2365 628 2417 obscur-iorem
665 2374 720 2416 et
748 2363 1068 2426 breviorem,
1092 2361 1174 2414 vel
1205 2361 1420 2425 nullam,
1451 2361 1534 2413 vel
1554 2331 1805 2414 meritam
1904 2348 2060 2403 bonis
2094 2356 2271 2400 tamen
2302 2342 2503 2412 angelis
2533 2339 2699 2394 nihilo
2726 2337 2894 2406 magis
2925 2331 3298 2401 Ῐῐιεοιὶίεθηάυε
3337 2335 3446 2390 θοι,

218 2452 326 2508 Dei
372 2453 677 2506 visionem.
721 2451 850 2518 Quae
895 2419 1196 2518 quanquam
1247 2465 1350 2502 non
1389 2419 1636 2503 distincte
1671 2463 1756 2516 apt

1907 2451 2068 2505 quam
2093 2434 2178 2488 ille
2193 2433 2362 2496 Petri,
2392 2447 2456 2485 ex
2481 2431 2647 2484 altera
2670 2428 2781 2494 ejus
2810 2427 3067 2495 Epistola,
3090 2436 3207 2491 cap.
3226 2437 3286 2486 ιι,
3309 2435 3362 2474 v.
3381 2419 3445 2473 ιε

216 2543 390 2597 ilium
425 2555 698 2609 expressa
737 2540 1003 2603 invenias,
1037 2553 1100 2601 ex
1143 2537 1256 2604 ejus
1284 2547 1458 2597 tamen
1499 2511 1754 2592 assertion

1915 2544 1934 2577 ι
1961 2525 2017 2580 Si
2063 2526 2205 2580 enim
2258 2524 2397 2576 Deus
2427 2521 2628 2589 angelis
2655 2517 2996 2586 peccantibus
3038 2529 3140 2568 non
3187 2511 3446 2582 pepercit,

217 2633 334 2688 bus
363 2602 541 2686 facile
559 2631 920 2684 deducuntur.
951 2602 1248 2680 Humilia—in
1273 2625 1436 2679 Num.
1465 2641 1555 2691 xx,
1584 2641 1734 2680 num.
1757 2627 1813 2690 5,
1910 2617 2003 2672 sed
2029 2613 2343 2668 rudentibus
2376 2611 2567 2664 inferni
2600 2611 2867 2662 detractos
2897 2609 2952 2659 in
2988 2613 3246 2659 tartarum
3284 2602 3451 2654 tradi-

220 2722 498 2792 pluribus
530 2726 908 2786 argumentum
938 2715 1064 2769 illud
1083 2715 1349 2776 edisserit,
1378 2723 1432 2767 et
1459 2690 1672 2783 angelos
1701 2715 1817 2768 uui-
1914 2706 1991 2760 dit
2021 2701 2338 2758 crueiandos
2375 2701 2427 2754 in
2451 2699 2709 2765 iudieium
2744 2696 3076 2761 reservariw
3110 2703 3164 2746 ει
3193 2693 3280 2745 ille
3304 2690 3454 2744 ³116³8

221 2813 449 2878 cuique
504 2819 758 2862 nostrum
792 2806 1138 2875 gubernando
1166 2803 1456 2871 delegatos,
1503 2813 1594 2856 aut
1631 2802 1816 2857 Eccle-
1915 2809 2057 2850 vers.
2087 2793 2119 2846 6
2153 2809 2169 2847 :
2215 2809 2234 2842 ι
2260 2789 2493 2860 Angelos
2521 2803 2648 2842 vero
2678 2787 2766 2856 qui
2791 2803 2896 2841 non
2927 2793 3277 2841 servaverunt
3298 2795 3452 2834 suum

220 2902 454 2958 siarum
516 2897 772 2966 regimini
815 2893 1108 2958 adhibitos,
1141 2893 1220 2945 vel
1255 2869 1350 2961 pro
1398 2893 1668 2947 hominum
1715 2895 1758 2947 si

1916 2885 2296 2954 principatum,
2338 2882 2430 2934 sed
2476 2879 2807 2948 reliquerunt
2825 2892 2978 2932 suum
3011 2874 3361 2934 domicilium,
3399 2869 3453 2924 ln

225 2995 589 3047 traditurum
620 2989 754 3041 bene
779 2985 946 3055 gestis
975 2983 1356 3045 collaudatum,
1400 2983 1481 3036 vel
1503 2997 1598 3050 pro
1625 2997 1818 3051 peeca-
1917 2978 2171 3046 iudicium
2203 2976 2380 3044 magni
2419 2974 2544 3037 diei,
2589 2972 2816 3026 vinculis
2840 2969 3058 3024 aeternis
3089 2966 3187 3020 sub
3231 2963 3458 3032 caligine

227 3084 306 3138 tis
329 3079 627 3150 culpatum
647 3093 710 3130 ac
735 3074 1066 3130 confutatum
1092 3073 1155 3126 iri
1183 3073 1442 3136 allirmat;
1476 3071 1634 3140 idque
1665 3086 1730 3125 ex
1760 3085 1824 3125 eo
1922 3069 2231 3124 reservavit.
2264 3087 2282 3118 ›
2315 3065 2514 3120 Retulit
2538 3073 2713 3117 tamen
2748 3061 2812 3115 ad
2847 3059 3062 3128 angelos
3086 3056 3254 3111 honos
3279 3053 3459 3106 Pauli-

228 3143 449 3241 probat
481 3167 886 3236 Apocalypseos
923 3165 1099 3231 capite
1127 3178 1188 3224 ιι,
1232 3163 1284 3216 in
1317 3178 1420 3228 quo
1460 3163 1816 3216 Asiaticarum
1844 3195 1888 3252 ο
1924 3175 2050 3215 num
2088 3159 2229 3214 istud
2256 3156 2615 3211 Tertullianus
2645 3155 2696 3207 in
2731 3152 2866 3205 libro
2901 3151 2974 3203 De
3007 3151 3152 3217 fuga,
3187 3159 3302 3214 cap.
3340 3143 3410 3196 10
3440 3160 3456 3195 :

236 3261 636 3316 Ecclesiarum
687 3253 862 3324 angeli
921 3253 1165 3306 laudibus
1214 3262 1268 3306 et
1317 3252 1816 3318 reprehensionibus
1845 3235 1887 3252 ν
1923 3272 1943 3306 r
1967 3255 2145 3308 Times
2171 3251 2463 3313 hominem,
2498 3247 2691 3316 inquit,
2733 3245 3052 3304 Christiane,
3087 3254 3241 3308 quem
3279 3235 3458 3290 timeri

239 3366 348 3421 pro
389 3345 618 3402 meritis
654 3344 994 3410 etcipiuntur
1038 3359 1053 3394 :
1109 3357 1128 3390 α
1155 3339 1374 3394 Venient
1409 3341 1575 3401 enim,
1598 3359 1618 3392 ι
1648 3341 1823 3408 inquit
1917 3353 2124 3413 oportet
2143 3343 2210 3395 ab
2243 3340 2462 3409 angelis,
2494 3337 2750 3402 siquidem
2773 3332 2986 3402 angelos
3005 3331 3340 3400 iudicaturus
3362 3339 3458 3380 es:

243 3454 408 3493 num.
440 3436 506 3496 4,
540 3453 560 3485 ι
588 3431 872 3503 angeli-ad
906 3428 1164 3498 judicium
1197 3430 1491 3494 nobiscum,
1531 3441 1585 3484 et
1608 3432 1822 3485 stabunt
1919 3448 2076 3503 quem
2126 3429 2302 3484 timeri
2351 3436 2562 3497 oportet
2610 3439 2638 3477 a
2668 3423 2960 3484 daemoniis,
3018 3418 3278 3488 siquidem
3319 3425 3374 3469 et
3404 3413 3462 3469 in

232 3543 342 3598 pro
375 3525 551 3580 nobis
573 3532 702 3575 ante
725 3519 905 3574 Solem
931 3516 1170 3584 iustitiae,
1194 3531 1260 3570 ne
1287 3518 1423 3570 forte
1443 3518 1636 3586 aliquis
1662 3518 1821 3571 etiam
1922 3522 2186 3577 daemones
2215 3517 2464 3585 accepisti
2505 3522 2845 3585 potestatem.
2872 3531 2890 3562 ι
3403 3511 3406 3516 ’

239 3581 330 3674 ἓξ
351 3616 503 3686 ipsis
522 3626 706 3666 causa:
732 3609 914 3671 fuerit,
933 3581 1077 3675 quod
1106 3621 1201 3661 nos
1220 3581 1566 3675 deliquimus;
1597 3624 1663 3664 ne
1686 3607 1824 3662 forte
1881 3669 1885 3674 η
1991 3608 2128 3663 XXI.
2155 3581 2403 3676 Origenis
2431 3581 2744 3658 sententiam
2780 3598 2985 3653 mollire
3011 3595 3202 3664 satagit
3234 3593 3294 3648 S.
3321 3581 3466 3646 Tho-

245 3683 446 3764 miuns
478 3717 610 3771 erga
660 3715 761 3755 nos
782 3700 959 3768 operis
987 3706 1042 3752 et
1068 3696 1267 3750 laboris
1295 3699 1664 3765 expenderint,
1720 3711 1826 3766 quo
1925 3715 2042 3754 mas
2061 3708 2199 3768 part.
2234 3713 2271 3762 ι,
2302 3703 2492 3764 quiest.
2515 3693 2637 3758 115,
2673 3700 2776 3745 art.
2807 3691 2860 3753 'l,
2885 3698 2937 3743 et
2969 3696 3087 3756 post
3115 3683 3468 3740 illum'Gene-

247 3813 354 3852 nos
383 3814 415 3850 a
453 3801 811 3863 peccatorum
842 3791 960 3842 labe
993 3785 1311 3840 revocariut.
1338 3805 1358 3837 ι
1408 3785 1602 3838 Eadem
1637 3789 1785 3854 prob:

1928 3790 2153 3845 brardus
2185 3787 2235 3840 in
2265 3783 2620 3847 Collectaneis,
2651 3795 2767 3847 cap.
2803 3781 2857 3845 6,
2879 3778 3029 3847 quasi
3067 3778 3118 3830 id
3145 3775 3242 3830 sibi
3285 3773 3466 3828 volue-

245 3860 509 3942 tiunibus
561 3880 874 3944 confirmat,
915 3887 968 3932 et
1015 3876 1203 3944 repetit
1242 3876 1425 3928 bomil.
1467 3876 1535 3929 15
1580 3880 1634 3928 in
1674 3875 1826 3939 Luc.,
1925 3881 2018 3944 rit,
2050 3896 2069 3930 ι
2104 3875 2317 3945 angelos
2346 3875 2464 3928 duci
2496 3873 2547 3926 in
2587 3871 2842 3940 judicium
2886 3883 2980 3937 pro
3024 3865 3256 3935 peccatis
3293 3860 3467 3915 ιιοηιῖ-

251 3987 433 4047 atque
487 3974 565 4027 ita
597 3969 874 4025 concludit
904 3986 918 4022 :
954 3985 972 4018 ι
997 3966 1161 4019 Porro
1199 3965 1502 4034 frequenter
1548 3968 1725 4020 evenit
1774 3974 1832 4019 ut
1929 3984 2076 4032 num,
2123 3983 2225 4020 non
2253 3965 2404 4032 quasi
2441 3978 2576 4025 reos,
2603 3962 2693 4015 sed
2719 3961 2870 4028 quasi
2905 3967 3085 4019 testes,
3134 3955 3200 4008 ad
3249 3949 3470 4005 convin-

248 4067 424 4123 nobis
458 4058 966 4126 laboralllibUSiPSi
995 4071 1146 4111 ειιυῐη
1171 4055 1529 4110 οίῙῘοίυιηιιοιι
1561 4056 1829 4121 expleant,
1931 4059 2151 4113 cendum
2205 4055 2445 4108 homines
2496 4053 2560 4105 de
2613 4065 2795 4103 eorum
2845 4048 3070 4116 ignavia.
3123 4063 3142 4096 ι
3187 4042 3330 4096 lianc
3380 4055 3468 4094 re--

247 4159 405 4214 etin
445 4152 634 4222 culpis
665 4151 791 4204 sint.
815 4167 834 4200 ι
873 4148 942 4202 At
974 4147 1190 4201 humilia
1227 4147 1278 4199 in
1322 4147 1457 4199 idem
1487 4145 1831 4214 Evangelium
1931 4146 2267 4213 sponsionem
2330 4141 2516 4194 fulcire
2563 4147 2786 4193 conatur
2829 4133 3204 4190 Genebrardus
3254 4127 3468 4183 homilia

246 4247 351 4312 35,
388 4259 512 4298 non
548 4217 827 4295 hominum
849 4237 1082 4291 omnium
1105 4235 1318 4303 angelos
1347 4234 1529 4288 faciem
1551 4234 1721 4288 Patris
1745 4233 1835 4301 qui
1933 4235 2176 4304 Origenis
2228 4231 2504 4285 undecima
2556 4228 2610 4279 in
2646 4226 2834 4288 Num.,
2871 4237 3014 4277 num.
3045 4222 3097 4283 3,
3151 4224 3204 4274 in
3242 4233 3342 4287 qua
3374 4217 3469 4270 ha-

248 4338 317 4391 in
358 4333 522 4390 caelo
571 4341 656 4385 est
694 4328 876 4383 Videre
904 4325 1051 4390 ἀῖθὶῑ,
1090 4325 1180 4378 8εά
1213 4338 1397 4377 eorum
1437 4324 1698 4377 duntaxat
1747 4325 1837 4390 qni
1935 4325 2127 4379 bentur
2171 4319 2422 4374 nonnulla
2469 4315 2828 4383 superioribus
2855 4313 3097 4366 dissona:
3150 4309 3203 4362 in
3234 4317 3475 4362 extremo

247 4425 542 4484 Ecclesia:
598 4434 792 4474 nomen
847 4415 1136 4480 dederunt;
1187 4422 1296 4466 tum
1346 4413 1420 4467 ait
1449 4414 1781 4482 postmodum
1822 4428 1838 4444 ο
1939 4428 2126 4482 nempe
2177 4411 2374 4478 judicio
2422 4406 2697 4460 adfuturos
2727 4404 2935 4470 quidem
2974 4399 3187 4469 angelos
3229 4411 3346 4451 cum
3379 4395 3474 4449 ho-

252 4537 282 4571 ι
305 4511 614 4584 Quomodo
637 4509 780 4564 enim
814 4505 858 4560 εἰ
885 4519 980 4572 per
1025 4517 1206 4557 curam
1230 4517 1412 4557 eorum
1444 4512 1498 4556 et
1527 4501 1835 4555 industriam
1867 4504 1913 4562 D
1939 4506 2186 4567 minibus,
2221 4503 2311 4557 sed
2343 4513 2563 4554 examen
2590 4508 2642 4551 et
2666 4496 2919 4563 judicium
2960 4504 3290 4560 nequaquam
3347 4488 3475 4542 sub-

250 4608 425 4663 Salus
451 4599 771 4656 hominibus
797 4603 1155 4663 comparatur.
1197 4591 1385 4646 faelem
1424 4591 1598 4644 Patris
1625 4605 1838 4660 semper
1941 4595 2127 4649 ituros.
2153 4592 2338 4659 Operm
2387 4591 2613 4658 pretium
2643 4585 2798 4638 fuerit
2848 4583 3004 4635 verba
3043 4582 3152 4650 ipsa
3192 4580 3475 4632 adducere.

248 4696 583 4750 attendunt
630 4707 646 4742 :
698 4687 777 4740 sic
819 4685 864 4738 si
905 4697 1001 4751 per
1047 4683 1414 4752 negligentiam
1462 4696 1646 4735 eorum
1680 4682 1838 4734 homo
1949 4705 1968 4736 ι
1998 4687 2164 4755 Igitur
2205 4682 2566 4749 unusquisque
2596 4677 2901 4746 angelorum
2938 4675 2989 4727 in
3027 4669 3478 4727 consummatione

248 4780 584 4842 corruerit,
638 4777 800 4830 etiam
861 4775 942 4829 sui
994 4773 1211 4841 periculi
1266 4788 1375 4826 rem
1429 4784 1547 4823 esse
1593 4785 1695 4823 non
1746 4785 1840 4824 ne-
1943 4775 2116 4829 smculi
2145 4773 2314 4825 aderit
2343 4771 2392 4824 in
2423 4770 2639 4838 judicio,
2685 4770 2914 4822 educeus
2955 4779 3048 4818 eos
3077 4776 3254 4816 secum
3289 4759 3479 4827 quibus

250 4877 488 4932 sciunt.
513 4889 534 4921 ι
582 4869 649 4922 Et
672 4868 832 4932 paulo
863 4865 1128 4921 inferius:
1161 4861 1485 4932 «Ignominia
1516 4861 1707 4928 angelo
1736 4869 1837 4923 est,
1942 4866 2176 4935 praefuit,
2232 4877 2367 4932 quos
2417 4860 2637 4929 adjuvit,
2679 4875 2810 4928 quos
2861 4855 3128 4915 instruxit,
3170 4866 3263 4920 pro
3289 4847 3479 4918 quibus

257 4966 325 5020 si
371 4965 552 5018 homo
573 4957 750 5026 justus
778 4955 1017 5009 creditus
1056 4953 1230 5018 fuerit,
1271 4961 1324 5005 et
1351 4951 1652 5018 peccaverit
1683 4968 1698 5003 :
1727 4959 1782 5004 ut
1813 4964 1844 5003 e
1943 4967 2152 5021 semper
2175 4953 2308 5005 vidit
2335 4951 2522 5004 faciem
2561 4949 2729 5002 Patris
2751 4948 2838 5017 qui
2873 4947 2924 4999 in
2953 4945 3102 5000 caelis
3131 4951 3230 4997 est.
3262 4941 3324 4993 Et
3355 4946 3480 5007 puto

259 5049 580 5107 contrario
623 5044 789 5113 gloria
821 5054 906 5099 est
953 5041 1158 5110 angelo,
1192 5041 1235 5096 si
1266 5040 1497 5095 creditus
1519 5040 1622 5094 sibi
1652 5041 1842 5094 saltem
1943 5042 2104 5096 etiam
2160 5040 2229 5094 ibi
2280 5041 2671 5109 inquisitionem
2726 5039 2978 5101 futuram,
3030 5049 3134 5090 non
3163 5032 3372 5102 quidem
3413 5042 3479 5080 an

263 5143 559 5198 minimus
585 5136 640 5189 in
663 5134 896 5190 Ecclesia
925 5133 1108 5188 fuerit.
1138 5131 1398 5185 Videbunt
1422 5129 1561 5182 enim
1609 5144 1709 5183 non
1741 5128 1843 5182 alia
1945 5131 2161 5186 cultura:
2185 5131 2455 5185 hominum
2485 5131 2701 5199 angelus
2723 5129 2968 5194 defuerit,
3019 5126 3111 5181 sed
3151 5140 3216 5177 an
3265 5119 3484 5174 culturas

257 5230 539 5303 quando,
579 5227 675 5282 sed
713 5240 922 5294 semper
942 5223 1130 5278 faciem
1159 5220 1329 5274 Patris
1359 5218 1448 5287 qui
1478 5225 1562 5273 est
1595 5219 1647 5272 in
1669 5219 1840 5282 crelis,
1947 5218 2196 5287 angelicae
2221 5231 2551 5286 nequaquam
2579 5217 2736 5285 digne
2770 5216 2994 5286 segnitia
3019 5216 3244 5268 humana
3269 5219 3485 5272 respon-

264 5298 416 5377 éum
448 5319 544 5373 alii
594 5329 806 5382 semper
829 5329 930 5368 non
957 5314 1192 5367 videant.
1238 5306 1536 5363 Secundum
1599 5308 1846 5362 meritum
1949 5307 2086 5361 derit
2111 5304 2244 5376 (54).
2283 5323 2302 5356 ι
2332 5304 2465 5358 Tum
2513 5305 2702 5359 deinde
2741 5305 2910 5359 locum
2959 5303 3103 5357 illum
3136 5298 3264 5352 Paul
3324 5307 3486 5361 expo—

268 5410 445 5466 enim
478 5419 696 5469 eorum,
716 5381 950 5470 quorum
977 5399 1146 5471 angeli
1191 5405 1328 5458 sunt,
1356 5404 1442 5447 aut
1465 5408 1704 5463 semper,
1759 5405 1851 5452 aut
1953 5396 2034 5451 nit
2057 5395 2078 5448 l
2103 5394 2228 5450 Cor.
2260 5408 2335 5460 v1,
2362 5396 2417 5460 3,
2445 5409 2511 5450 ex
2536 5411 2641 5463 quo
2670 5396 2734 5449 ad
2774 5396 3076 5464 ﬁgmentum
3104 5388 3228 5443 illud
3257 5385 3321 5438 de
3338 5381 3484 5451 judi-

373 5542 492 5613 (3‘)
531 5540 664 5619 ιῗεξξι
690 5536 974 5619 '"b".£"z.‘
1003 5525 1845 5619 ῙθὲΡοὲδῖἷίίιῖλὶξξῗ..ξῖ¹ἓῗ;-⁰2⁶ξξ·
1949 5530 2164 5619 θρδ-ξιιεί
2200 5527 2809 5619 δωῗθάίβίθωῬῖΡωη*
2848 5522 3052 5619 ⁸3Ῐ¹¹ιίί⁸’
3079 5533 3146 5619 ³3
3179 5513 3487 5619 ῗῗωιῖῗηξξξί

270 5583 710 5686 οιιῖυίθόύὶιρι·
737 5622 751 5658 :
785 5620 819 5686 ξ.
844 5583 953 5686 Ετῇ
989 5583 1137 5678 ergo.
1156 5605 1206 5676 et
1227 5599 1296 5686 ‘in
1325 5583 1418 5648 hoc
1431 5594 1699 5674 judicium
1729 5598 1844 5660 Dei,
1951 5599 2020 5651 ab
2049 5583 2114 5652 iis
2129 5597 2383 5665 iuvantur
2409 5595 2614 5686 ignlevia
2641 5583 2744 5686 tam
2783 5593 2928 5645 multi
2953 5591 3132 5686 lapsus
3155 5584 3273 5637 vius
3301 5583 3490 5636 huma-

833 5685 841 5686 ,
1027 5685 1035 5686 ,
1073 5680 1221 5686 μη---
1248 5677 1414 5686 ......-....
1438 5673 1733 5686 ,.............Δ
1763 5667 1844 5686 ---ε
1954 5681 2030 5686 _..
2067 5667 2372 5686 ___-_-,.2--_.
2435 5683 2447 5686 _
2529 5678 2599 5686 ..η
2635 5662 2677 5686 -2
2726 5661 2914 5686 MA--.“
3001 5653 3173 5686 norim:
3235 5664 3338 5686 nnn
3381 5659 3488 5686 I-am

278 5653 497 5747 :s't'rum
533 5653 1415 5747 negligentia—aliqna‘ininistrat-um
1431 5653 1736 5747 spirituum
1758 5653 1848 5734 qui
1953 5681 2036 5747 nae
2067 5653 2458 5744 proveniant..'§
2479 5663 2602 5744 Haec
2633 5661 2917 5747 s‘ideg’i‘sset
2951 5653 3195 5714 lluetius,
3235 5664 3338 5704 non
3381 5659 3488 5702 tam

278 5727 390 5804 Ξίί
412 5727 776 5800 ἷιῖἰ-ιιίεὶὶἷῐῶω
825 5747 877 5793 et
907 5727 1213 5804 adjutorittm
1255 5730 1393 5784 missi
1438 5727 1568 5785 sunt
1624 5727 1852 5802 propter
1955 5727 2179 5791 ﬁdenter
2224 5734 2540 5792 asseruisset
2574 5732 2625 5787 in
2651 5730 2736 5786 his
2760 5727 3052 5797 ὀτῑεθιιθω
3089 5736 3185 5793 Pw
3213 5731 3359 5775 more
3395 5733 3493 5773 ⁵¹¹⁰
