3894 6440
302 429 399 488 87!

312 652 330 685 ι
387 629 530 695 Quod
574 626 618 678 si
657 626 726 676 ita
782 633 882 686 est,
934 622 1122 688 inquit,
1176 624 1278 674 erit
1320 636 1450 688 ergo
1494 622 1653 675 etiam
1700 623 1834 674 inter

303 718 516 785 angelos
542 724 598 767 et
632 713 874 766 homines
898 711 1152 779 judicium
1186 712 1305 773 Dei;
1340 723 1389 765 et
1424 711 1664 765 fortassis
1696 711 1834 778 judi-

299 807 560 860 cabuntur
585 802 746 868 aliqui
770 816 888 854 cum
913 801 1095 862 Paulo,
1125 810 1179 854 et
1200 801 1542 854 conferentur
1564 803 1833 856 laboribus

298 895 430 960 ejus,
458 903 511 944 et
541 891 800 944 fructibus
821 892 911 959 qui
937 907 1001 944 ex
1033 891 1366 944 multitudine
1393 893 1720 946 credentium
1752 907 1834 946 ve-

299 985 452 1036 niunt
504 1000 517 1035 :
571 991 626 1033 et.
676 982 813 1034 forte
856 982 1154 1035 invenietur
1197 982 1247 1034 in
1278 982 1545 1037 laboribus
1593 983 1835 1050 superior

297 1074 457 1125 etiam
485 1071 751 1137 aliquibus
780 1073 1016 1140 angelis;
1070 1081 1119 1124 et
1164 1072 1278 1125 ideo
1313 1072 1564 1125 nimirum
1586 1072 1789 1125 dicebat
1815 1089 1829 1124 :

296 1164 376 1213 An
416 1161 617 1213 nescitis
660 1161 782 1227 quia
829 1159 1032 1228 angelos
1066 1160 1513 1227 judicabimus"?
1547 1160 1658 1214 Non
1694 1163 1833 1230 quod

300 1252 412 1317 ipse
444 1249 636 1302 Paulus
663 1249 862 1316 judicet
908 1251 1141 1318 angelos,
1193 1253 1284 1303 sed
1328 1253 1464 1319 quod
1510 1267 1642 1319 Opus
1687 1251 1832 1305 Pauli

299 1339 440 1406 quod
464 1340 569 1407 egit
600 1340 650 1389 in
678 1338 983 1405 Evangelio,
1015 1349 1068 1392 et
1094 1353 1216 1406 erga
1249 1340 1453 1391 animas
1483 1342 1832 1402 credentium,

299 1427 555 1484 iudicabit
599 1428 802 1494 aliquos
857 1444 870 1480 :
934 1441 1039 1480 non
1085 1429 1225 1480 enim
1251 1442 1456 1491 omnes,
1490 1429 1582 1480 sed
1621 1428 1828 1495 aliquos

300 1517 626 1585 angelorum.
663 1533 684 1566 ι
719 1517 950 1580 Quorum
991 1531 1240 1581 germana
1271 1525 1392 1568 sunt
1422 1525 1473 1568 et
1504 1517 1602 1569 ista
1636 1530 1667 1569 e
1703 1525 1831 1568 tom.

301 1622 332 1658 ι
351 1606 404 1657 in
429 1605 614 1657 Matth.
642 1621 714 1664 γι,
743 1619 889 1658 nutn.
916 1605 981 1657 l3
1013 1624 1025 1657 :
1056 1605 1272 1668 Τούτοις
1299 1605 1354 1657 δὲ
1396 1606 1493 1658 οὐκ
1537 1605 1830 1668 ἀκολουθεῖ,

297 1697 429 1765 ὅπερ
449 1694 646 1747 οἴονταί
672 1711 830 1756 τινες,
867 1694 945 1745 ὅτι
987 1695 1078 1744 καὶ
1115 1693 1221 1746 τῶν
1255 1695 1419 1761 ἁγίων
1457 1695 1696 1761 ἀγγέλων
1731 1694 1834 1744 εἰσὶ

302 1787 570 1856 κρείττους
593 1785 639 1835 οἱ
664 1784 930 1854 ἄνθρωποι
959 1785 1007 1835 οἱ
1036 1786 1091 1835 ὲν
1125 1785 1338 1853 Χριστῷ
1366 1784 1652 1852 σωζόμενοι
1671 1800 1684 1813 ο
1719 1783 1833 1845 πῶς

1526 422 1585 477 Ρ.
1623 418 1933 474 DANIELIS
1970 418 2195 474 llUETll

307 545 389 598 cio
415 544 463 594 in
487 536 695 603 angelos
719 531 999 587 statuendo
1021 532 1416 598 procudendum
1437 532 1832 585 fuitinductus:
1865 548 1907 598 Α
1937 545 2161 598 namque
2188 532 2266 584 eis
2305 539 2528 584 servata
2574 544 2708 585 esse
2755 527 2816 580 in
2862 523 3195 579 futurum;
3242 530 3265 564 ι

3625 443 3716 498 871

3160 555 3195 618 ,ν
3242 546 3265 564 '
3415 546 3556 612 cuius
3585 551 3710 608 hanc

1933 623 2188 673 rationem
2220 620 2404 673 subdit
2439 637 2454 674 :
2495 639 2517 671 ί
2565 619 2853 688 quoniam
2925 609 3176 675 indigni
3233 619 3318 662 ε.
3369 609 3608 703 um'qm.
3650 645 3700 697 in

1931 714 2176 782 praesenti
2227 714 2431 766 Steculo
2483 712 2914 779 corripiantur,
2964 704 3080 758 θεά
3135 703 3200 754 Ῐη
3269 719 3524 778 ‘uluro
3562 736 3696 786 reci-

1931 804 2216 871 pientqute
2245 811 2557 866 merentur.
2607 819 2629 852 ι
2691 799 3127 852 Consentanea
3187 806 3410 862 ειξηι
3467 827 3592 878 qua,
3631 833 3694 874 ex

1931 887 2158 953 Origene
2203 887 2641 940 subministrant
2665 881 3003 972 Catenzein
3049 879 3317 972 Efod‘
3350 911 3450 955 χχ,
3477 899 3533 959 5⁹
3568 918 3684 972 με,

1933 976 2030 1028 127
2062 993 2074 1028 :
2108 975 2359 1044 Τοσούτῳ
2385 975 2591 1044 χρόνῳ,
2625 974 2838 1042 inqttit,
2897 971 2932 1022 6
2979 967 3324 1040 διάϐολος
3373 985 3471 1052 ἀμ

2155 975 2359 1044 οσούτῳ
2385 975 2591 1044 χρόνῳ,
2625 974 2838 1042 inqttit,
2897 971 2932 1022 6
2979 967 3324 1040 διάϐολος
3373 967 3693 1055 ἀμαρέάνξει

1931 1067 2035 1120 ἀπὸ
2063 1066 2292 1126 κτίσεως
2343 1067 2444 1118 καὶ
2495 1064 2828 1133 καταϐολῆς
2872 1063 3137 1131 κόσμου,
3186 1071 3347 1121 καὶ
3381 1071 3522 1125 οὔτε
3553 1077 3681 1148 πῦρ,

1930 1157 2048 1210 οὔτε
2078 1156 2294 1227 μάστιξ.
2351 1156 2428 1207 Οὐ
2470 1155 2585 1226 γὰρ
2626 1155 2790 1220 ἄξιός
2835 1155 2965 1204 ἐστι
3014 1151 3138 1203 τῶν
3186 1157 3561 1214 κηλάσεων
3587 1166 3696 1217 τῶν

1932 1249 2036 1301 ἀπὸ
2070 1247 2162 1299 τοῦ
2193 1246 2350 1309 Θεοῦ,
2379 1247 2442 1297 οὐ
2469 1246 2583 1314 γὰρ
2607 1245 2847 1297 δύναται
2878 1245 3078 1296 εἰπεῖν
3113 1241 3147 1292 6
3183 1240 3215 1291 δ
3235 1248 3554 1310 εάὄο>.ος·’
3581 1256 3689 1305 Κύ-

1922 1358 2036 1408 ριε,
2083 1339 2168 1407 μὴ
2203 1332 2368 1408 θυμῷ
2405 1355 2524 1391 σου
2551 1337 2828 1405 ἐλέγξῃς
2859 1352 2969 1404 με,
3010 1337 3119 1387 καὶ
3151 1333 3255 1386 τάξ
3293 1337 3486 1408 ἑξῆς.
3517 1343 3705 1395 Ἕκα-

1935 1449 2056 1494 στος
2109 1427 2201 1482 οὖν
2248 1431 2508 1492 συνειδὼς
2559 1430 2748 1498 ἐαυτῷ
2784 1427 3116 1498 ἁμαρτίας,
3159 1427 3496 1497 εὐχέσθω
3536 1436 3700 1488 κολα-

1935 1521 2156 1590 σθῆναι·
2199 1520 2365 1572 καλὸν
2395 1520 2498 1588 μὲν
2521 1520 2633 1589 γὰρ
2665 1520 2729 1572 τὸ
2763 1519 2952 1588 μηδὲν
2990 1519 3158 1583 ἄξιον
3193 1520 3581 1586 κολάσεως
3609 1543 3716 1579 πε-

1934 1613 2236 1682 ποιηκέναι.
2287 1614 2348 1663 Εἰ
2399 1613 2457 1665 δέ
2507 1630 2559 1664 τι
2603 1611 2760 1677 ἄξιον
2813 1611 3126 1671 κολάσεως
3185 1615 3706 1684 πεποιήκαμεν,

1934 1703 2076 1756 οῦτω
2101 1704 2476 1773 κολασθῶμεν,
2508 1703 2653 1755 ὥστε
2683 1703 2891 1756 ἐνθάδε
2932 1703 3046 1772 μὲν
3076 1702 3476 1758 ἀπολαϐεῖν
3496 1723 3516 1736 δ
3568 1709 3728 1776 μετὰ

1933 1795 1988 1846 δὲ
2014 1795 2187 1847 ταῦτα
2234 1798 2314 1858 εἰς
2353 1797 2481 1857 τοὺς
2516 1796 2763 1858 κόλπους
2813 1794 3107 1864 Ἀϐραὰμ
3144 1795 3728 1852 ἀναπαύσασθαι.

297 1877 403 1945 γὰρ
429 1875 669 1927 δύνανται
714 1876 761 1926 οἱ
787 1875 887 1926 ὑπὸ
913 1876 1078 1941 ἁγίων
1110 1874 1348 1941 ἀγγέλων
1377 1875 1453 1936 εὶς
1477 1873 1617 1941 ἄγγη
1654 1871 1829 1940 βοιλλὸ-

2235 1896 2318 1940 est
2348 1902 2413 1941 ex
2458 1903 2568 1956 quo
2599 1896 2805 1956 peccat
2832 1886 3120 1940 diabolus
3161 1901 3194 1940 a
3254 1889 3652 1946 creatione
3677 1909 3752 1948 ac

301 1981 445 2033 μενοι
463 1968 568 2024 τοῖς
597 1965 868 2032 βάλλουσιν
885 1967 962 2025 εἰς
992 1964 1057 2015 τὰ
1078 1964 1218 2031 ἄγγη
1247 1962 1693 2032 παραϐάλλεσθαι,
1729 1961 1835 2013 ὑπὸ

299 2053 391 2121 τὴν
421 2053 637 2104 ἐκείνων
664 2053 976 2125 τεταγμένοι
1021 2051 1297 2116 ἐξουσίαν;
1345 2051 1524 2104 Ταῦτα
1565 2052 1620 2103 δέ
1663 2068 1836 2121 φαμεν

297 2142 393 2193 οὐκ
420 2142 730 2208 ἀγνοοῦντες
762 2159 919 2193 τινων
940 2140 1202 2206 ἀγγέλων.
1233 2141 1336 2191 τῶν
1378 2139 1448 2208 μὴ
1478 2139 1724 2208 τοιαύτην
1760 2142 1837 2191 ol-

298 2232 549 2301 κονομὶαν
574 2231 1072 2301 ἐγκεχειρισμένων,
1109 2230 1220 2280 ἀλλ’
1251 2230 1370 2281 οὐδὲ
1401 2230 1597 2281 τούτων
1628 2229 1839 2282 πάντων

237 2310 242 2315 ’
295 2319 566 2388 διαφέρειν
596 2320 718 2380 τοὺς
744 2321 799 2370 ὲν
827 2316 1040 2386 Χριστῷ
1062 2317 1468 2385 σωθησομένους
1489 2315 1802 2386 ἀνθρώπους
1822 2329 1837 2346 ο

297 2410 602 2476 ἀνέγνωμεν
649 2407 754 2478 γὰρ
797 2408 889 2459 καὶ
928 2407 1017 2458 τό·
1056 2407 1130 2468 εἰς
1173 2405 1207 2458 ἃ
1252 2405 1595 2474 ἐπιθυμοῦσιν
1626 2404 1840 2471 ἄγγελοι

299 2497 632 2567 παρακύψαι.
664 2496 784 2548 ἔνθα.
817 2497 914 2546 οὐκ
935 2495 1166 2566 εἴρηται,
1198 2494 1394 2556 πάντες
1423 2494 1661 2560 ἄγγελοι.
1689 2493 1841 2546 Οἴδα-

298 2603 398 2655 μεν
432 2587 523 2638 καὶ
561 2586 618 2637 τό
640 2603 654 2616 ο
681 2585 935 2652 ἀγγέλους
969 2583 1274 2653 κρινοῦμεν,
1318 2585 1447 2636 ὅπου
1476 2583 1548 2653 μὴ
1573 2583 1838 2646 λέλεκται,

298 2675 498 2737 πάντας
530 2675 809 2742 ἀγγέλους.
848 2655 907 2728 In
936 2676 1019 2728 his
1051 2677 1308 2742 Origenes
1355 2675 1528 2742 prodit
1565 2673 1724 2725 animi
1758 2673 1840 2726 sui

299 2767 565 2820 levitatem
599 2776 652 2820 et
679 2768 1085 2820 inconstantiam
1129 2783 1223 2835 pro
1258 2781 1402 2819 more
1428 2780 1541 2818 suo.
1587 2765 1839 2833 Quisquis

296 2864 471 2906 autem
501 2856 564 2906 ad
592 2855 762 2906 locum
795 2854 1041 2916 alterum,
1071 2869 1226 2922 quem
1261 2869 1354 2908 sua
1388 2855 1729 2922 responsione
1755 2853 1838 2906 di-

298 2943 442 2995 luere
478 2954 700 2996 conatur
729 2943 983 3008 Thomas,
1035 2953 1190 2997 caute
1233 2945 1535 3008 attenderit,
1589 2943 1702 3007 ejus
1742 2957 1840 2996 ex-

296 3032 590 3099 ceptionem
639 3048 822 3101 parum
879 3033 1142 3100 probabit.
1181 3032 1324 3085 Talia
1365 3033 1453 3084 illa
1488 3042 1614 3086 sunt
1651 3033 1834 3086 bomil.

294 3121 364 3173 94
408 3123 462 3173 in
495 3120 678 3183 Num,
723 3138 865 3175 num.
893 3122 926 3175 5
955 3139 968 3174 :
1000 3142 1018 3172 ‹
1053 3124 1204 3189 Saepe
1251 3123 1481 3176 diximus
1519 3125 1834 3184 animarum,

1939 1975 2120 2026 nmndi
2178 1976 2591 2038 constitutione,
2653 1991 2758 2030 nec
2807 1977 2864 2029 ei
2931 1976 3096 2044 ignis
3151 1991 3303 2030 nec
3375 1977 3758 2052 ﬂagellum.

1940 2061 2050 2114 Non
2083 2063 2228 2116 enim
2261 2078 2548 2132 ptenarum
2583 2065 2793 2132 dignus
2837 2076 2936 2119 est
2965 2081 3106 2133 qum
3137 2082 3170 2118 a
3202 2066 3391 2127 Deo
3451 2077 3774 2146 inﬂigit“-

1939 2158 2043 2212 tur,
2078 2165 2177 2203 nec
2203 2161 2380 2218 potest
2408 2151 2662 2206 diabolus
2695 2154 2904 2206 dicere
2938 2169 2956 2202 :
3010 2153 3224 2206 Domin
3248 2175 3322 2223 ε,
3409 2179 3504 2215 ηε
3549 2169 3625 2216 in
3663 2169 3758 2220 ira

1938 2245 2027 2290 tua
2070 2255 2265 2307 arguas
2319 2241 2481 2307 me“,
2507 2252 2618 2296 etc.
2671 2243 2976 2311 Quisquis
3051 2255 3194 2314 ergo
3255 2250 3419 2301 sibi
3481 2257 3750 2318 peccati

1938 2329 2189 2383 conscius
2219 2340 2323 2396 est,
2355 2341 2476 2385 oret
2499 2341 2558 2383 ut
2586 2333 2890 2399 puniatur.
2927 2334 3187 2387 Praestat
3209 2339 3546 2404 quidem
3593 2344 3756 2396 nihil

1939 2416 2274 2470 commisisse
2305 2420 2447 2485 quod
2483 2433 2706 2486 pmnam
2741 2431 3095 2476 mereatur.
3136 2422 3239 2476 Sin
3300 2439 3572 2482 autem
3616 2444 3762 2499 pce-

1941 2518 2006 2555 na
2035 2504 2253 2571 dignum
2291 2507 2572 2577 quidpiam
2601 2511 2854 2578 egimus,
2888 2513 2983 2566 sic
3020 2514 3435 2582 puniamur,
3478 2529 3564 2572 ut
3593 2537 3770 2591 pac-

1939 2594 2074 2647 senti
2107 2596 2322 2664 quidem
2364 2613 2481 2652 aevo
2521 2601 2901 2670 recipiamus,
2939 2613 3091 2670 post
3132 2605 3264 2659 haec
3305 2623 3508 2663 vero
3558 2612 3629 2664 in
3674 2614 3770 2667 si-

1939 2700 2007 2737 nu
2046 2686 2277 2740 Abrahaa
2311 2691 2753 2757 requiescamus.
2797 2711 2820 2743 ι
2861 2694 3076 2747 Aliam
3128 2673 3425 2753 addueil
3471 2717 3766 2758 causam

1938 2774 2121 2827 ltotnil.
2163 2777 2227 2830 15
2288 2780 2341 2830 in
2397 2778 2596 2843 Num.,
2646 2799 2806 2836 num.
2876 2783 2943 2842 7.
3006 2797 3373 2857 postquam
3428 2797 3769 2850 eumdem

1937 2861 2165 2916 Mattlnei
2198 2863 2372 2918 locum
2406 2868 2473 2919 ad
2503 2871 2906 2924 testimonium
2942 2875 3205 2930 citavit:
3235 2896 3266 2929 ε
3323 2879 3424 2934 Et
3463 2884 3571 2936 ob
3608 2884 3768 2949 hoc,

1937 2951 2127 3017 inquit,
2159 2967 2335 3020 neque
2373 2954 2652 3010 diabolum
2685 2963 2954 3015 removit
2988 2977 3025 3016 a
3077 2967 3494 3038 principatu
3532 2974 3770 3027 saculi

1938 3040 2112 3108 hujus,
2137 3043 2263 3108 quia
2297 3043 2479 3098 adhuc
2505 3060 2645 3114 Opus
2685 3058 2777 3102 est
2816 3065 3018 3118 Opera
3059 3056 3192 3124 ejus
3221 3061 3326 3110 ad
3383 3063 3764 3128 perfectio-

1938 3142 2056 3180 nem
2097 3142 2284 3182 eorum
2340 3131 2439 3198 qui
2488 3138 2800 3191 coronandi
2876 3151 3081 3207 sunt;
3143 3159 3314 3214 opus
3357 3160 3483 3205 est
3547 3155 3768 3208 adhuc

296 3227 414 3278 qua:
442 3213 492 3264 in
525 3211 757 3265 Ecclesia
792 3213 879 3264 Dei
915 3223 1060 3272 sunt,
1087 3227 1267 3264 curam
1301 3214 1838 3279 procurationemque
1867 3199 1912 3259 C
1941 3232 2099 3284 opera
2137 3219 2255 3287 ejus
2309 3223 2378 3274 ad
2418 3227 2684 3280 exercitia
2743 3199 3192 3289 certamin'I'm'
3239 3248 3325 3293 et
3420 3199 3753 3299 victor-gn;

299 3301 480 3352 haberi
524 3315 617 3366 per
656 3301 888 3368 angelos,
919 3314 1159 3366 quosque
1183 3301 1344 3353 etiam
1377 3301 1714 3366 adjudicium
1743 3316 1833 3354 ve-

300 3387 414 3440 nire
441 3401 558 3438 cum
592 3387 892 3439 hominibus
919 3386 1268 3447 ostendimus,
1300 3394 1355 3437 ut
1376 3387 1464 3440 illo
1499 3389 1674 3440 divino
1707 3403 1836 3441 con-

299 3481 406 3523 Slel
449 3471 694 3523 examine
735 3483 911 3523 utrum
947 3486 1038 3524 sua
1070 3470 1267 3522 desidia
1299 3474 1630 3536 peccaverint
1664 3475 1836 3528 homi-

273 3573 417 3620 "nes,
472 3575 536 3610 an
605 3560 928 3612 monitorum
1002 3558 1386 3625 custodumque
1440 3561 1776 3630 negligentia.
1810 3583 1830 3616 ι

301 3642 430 3697 Nam
459 3645 502 3696 si
538 3654 595 3696 ut
621 3655 778 3699 testes
809 3656 1032 3706 tantum,
1062 3661 1164 3697 non
1193 3655 1250 3698 ut
1283 3661 1398 3699 reos
1420 3656 1612 3701 statum
1644 3649 1708 3701 iri
1737 3665 1833 3702 an-

299 3738 446 3804 gelos
481 3737 834 3805 signiﬁcatum
867 3737 1112 3791 voluisset
1153 3737 1426 3806 Origenes,
1457 3744 1595 3806 qttod
1617 3750 1830 3794 conten.

299 3826 379 3878 dit
435 3825 692 3888 Thomasr
746 3842 848 3878 non
909 3827 1090 3894 utique
1146 3827 1212 3880 de
1280 3841 1462 3880 eorum
1521 3828 1835 3897 negligentia

300 3917 521 3984 perinde
573 3925 632 3968 ut
679 3918 742 3988 de
786 3917 1057 3970 hominum
1111 3917 1310 3970 desidia
1354 3920 1698 3984 qttaastionem
1742 3921 1840 3974 ha-

299 4005 466 4058 bitum
524 4004 587 4058 iri
641 4006 874 4059 dixisset.
931 4005 1001 4059 De
1051 4006 1236 4058 alienis
1277 4007 1471 4074 quippe
1515 4006 1836 4062 facinoribus

302 4096 662 4148 testimonium
694 4096 873 4149 dicunt
897 4104 1094 4161 testes;
1132 4097 1363 4165 ipsorum
1393 4112 1519 4151 vero
1549 4113 1706 4152 causa
1733 4115 1834 4153 non

299 4185 495 4252 agitur.

372 4272 532 4330 XXII.
570 4273 644 4326 Ex
672 4274 894 4336 duobus,
925 4289 1056 4341 quos
1083 4275 1376 4342 attulimus,
1429 4276 1568 4330 Petri
1605 4288 1657 4331 et
1683 4277 1835 4334 Judze

301 4359 450 4425 locis,
498 4371 552 4414 et
573 4363 739 4415 altero
762 4365 848 4417 illo
878 4365 1104 4419 Mattlnei
1137 4367 1335 4429 vttt,29
1369 4382 1382 4416 :
1425 4385 1443 4416 ι
1475 4368 1538 4419 Ει
1561 4382 1686 4422 ecce
1720 4369 1833 4422 cla-

303 4459 577 4503 maverunt
625 4453 860 4506 dicentes
893 4470 905 4504 :
935 4455 1068 4520 Quid
1101 4456 1273 4520 nobis,
1311 4465 1365 4508 et
1411 4457 1503 4509 tibi
1547 4455 1695 4522 Jesu,
1731 4458 1830 4512 Fili

303 4535 432 4589 Dei?
456 4539 640 4590 venisti
666 4541 768 4594 huc
788 4552 908 4594 ante
935 4553 1138 4611 tempus
1163 4553 1407 4610 torquere
1433 4544 1564 4597 nos?
1594 4563 1612 4595 ι
1641 4546 1689 4597 in
1715 4561 1831 4600 eam
1865 4528 1908 4580 D

301 4622 576 4690 prolapsus
606 4637 688 4677 est
711 4629 1021 4680 sententiam
1048 4629 1328 4700 Origenes,
1369 4630 1538 4683 nullas
1567 4647 1705 4685 nunc
1735 4633 1834 4686 dae-

300 4711 543 4763 monibus
593 4711 812 4779 irrogari
855 4731 1060 4781 poenas,
1115 4733 1283 4786 neque
1322 4733 1480 4786 porro
1513 4720 1574 4772 iri
1626 4721 1830 4789 irroga-

299 4812 432 4863 ttnn,
467 4800 634 4851 donec
665 4811 905 4856 extremo
935 4805 1132 4870 judicio
1182 4809 1453 4876 suppliciis
1498 4812 1712 4862 aeternis
1736 4812 1830 4866 ad-

298 4890 563 4942 dicantur.
615 4887 668 4939 Id
726 4894 969 4957 proponit
1013 4895 1198 4963 dogma
1250 4897 1431 4949 homil.
1462 4897 1494 4951 8
1541 4899 1596 4950 in
1638 4896 1829 4965 ExorI.-,

299 4993 445 5032 num.
485 4977 538 5040 6,
574 4987 627 5029 et
657 4992 719 5028 ex
752 4976 938 5034 Matth.
971 4997 1083 5045 vttt,
1139 4999 1189 5035 v.
1233 4985 1320 5048 29,
1381 4988 1678 5052 conﬁrmat,
1727 5004 1832 5057 pte-

297 5083 500 5137 nasque
554 5067 692 5120 inter
742 5069 1012 5122 hominum
1049 5082 1103 5123 et
1139 5075 1432 5127 daemonum
1481 5078 1530 5128 id
1577 5077 1830 5132 interesse

299 5161 429 5222 vult,
463 5159 603 5228 quod
629 5158 701 5211 illi
739 5159 1068 5224 castigentur
1108 5162 1158 5212 in
1194 5163 1293 5216 hoc
1320 5167 1530 5230 mundo,
1562 5185 1580 5216 ι
1614 5176 1667 5218 ut
1705 5183 1830 5233 pur-

295 5252 528 5317 gatiores
561 5249 624 5300 ad
655 5247 889 5300 futurum
930 5249 1174 5301 sarculum
1203 5266 1442 5320 pergant,
1474 5266 1525 5308 et
1551 5257 1685 5308 ultra
1715 5258 1828 5308 dia-

300 5339 417 5390 bolo
450 5338 578 5392 socii
633 5354 737 5392 non
783 5336 1076 5390 eﬂiciantur
1105 5339 1156 5390 iu
1182 5353 1375 5404 poma;
1430 5345 1479 5396 lii
1512 5361 1634 5398 vero
1663 5360 1830 5413 neque

299 5428 654 5495 corripiantur
675 5442 770 5496 pro
800 5437 1034 5496 peccato,
1065 5443 1235 5493 neque
1267 5428 1623 5499 llagellentur;
1651 5436 1827 5488 omnia

350 5517 392 5549 "
418 5521 434 5570 l
464 5520 587 5572 Cor.
610 5536 683 5584 vr,
711 5520 766 5573 5.
838 5521 881 5551 ³⁸
911 5519 1048 5573 Psal.
1086 5535 1160 5582 Vl,
1195 5520 1249 5575 2.

299 5606 573 5680 animisni
608 5609 873 5680 levitatem
895 5619 945 5680 et
979 5612 1384 5680 inconstantiam
1417 5617 1670 5680 prodere;
1697 5617 1825 5669 nihil

299 5676 438 5725 enim
471 5676 554 5729 hic
587 5678 714 5732 dicit
751 5681 889 5748 quod
920 5679 1106 5735 iisdem
1153 5679 1264 5734 fere
1307 5676 1478 5736 verbis
1517 5699 1618 5735 non
1653 5676 1824 5739 exstet

1943 3307 2240 3361 beatorum.
2275 3326 2295 3360 ι
2326 3308 2626 3380 Subjungit
2655 3320 3062 3382 postmodum
3120 3325 3447 3383 Balaami
3493 3333 3754 3387 idcirco

1937 3394 2352 3450 incantamentis
2409 3399 2580 3452 Deum
2644 3404 3116 3477 intercessisse,
3183 3416 3353 3483 quia
3449 3423 3738 3477 alterum

1936 3484 2168 3582 alioquin
2197 3486 2420 3541 evenire
2456 3505 2686 3546 necesse
2713 3507 2878 3562 erat,
2915 3501 3020 3554 vel
3065 3505 3395 3573 papulum
3439 3509 3564 3566 Dei
3600 3529 3739 3582 per-

1935 3573 2102 3626 ditum
2143 3575 2282 3638 dari,
2318 3576 2362 3628 si
2398 3579 2747 3636 daemonibus
2783 3599 2816 3637 a
2856 3587 3176 3648 Balaamo
3203 3573 3730 3658 accersitis-ar-

1934 3660 2077 3756 bitrii
2111 3662 2205 3756 sui
2259 3663 2505 3720 facultati
2568 3668 2748 3726 libere
2780 3676 3063 3748 obsequi
3110 3683 3426 3744 licuisset
3461 3709 3484 3756 ;
3553 3694 3648 3748 vel
3676 3696 3722 3748 si

1937 3750 2145 3848 arbitrii
2175 3753 2255 3804 sui
2294 3753 2549 3811 libertate
2583 3760 2874 3819 deminuti
2943 3769 3244 3842 fuissent,
3308 3750 3541 3837 fuisse
3573 3784 3706 3848 hoc.

1941 3854 1959 3886 ι
1990 3837 2273 3894 damnasse
2306 3845 2700 3903 rationabilem
2754 3868 3162 3928 creaturam,
3221 3837 3299 3922 et
3350 3884 3517 3928 ante
3556 3837 3708 3930 tem:

1935 3943 2030 4037 pus
2065 3929 2306 3984 intulisse
2337 3932 2638 4036 judicium,
2690 3952 2753 3996 et
2783 3945 3142 4016 impedisse
3200 3965 3554 4030 omnibus,
3600 3967 3703 4037 qui

1934 4015 2216 4112 adversum
2241 4036 2334 4074 eos
2361 4023 2415 4076 itt
2448 4041 2629 4096 agone
2659 4015 2992 4096 certantes
3025 4060 3336 4112 poterant
3373 4015 3689 4111 coronati:

2014 4107 2155 4206 enim
2178 4108 2460 4204 daemoniis
2483 4117 2787 4176 auferatur
2821 4103 3101 4191 libertas
3131 4103 3684 4208 arbitrii:

1935 4193 2077 4295 ultra
2123 4195 2564 4266 impugnaturum
2600 4213 2868 4271 athletas
2927 4222 3211 4295 Christi;

1940 4371 2048 4476 lato
2081 4378 2400 4478 certamine,
2451 4387 2665 4442 nullum
2703 4371 2987 4456 lutum-tn
3045 4371 3664 4478 prae..tau...,’.;u'um

1935 4466 2232 4571 victoriam.
2263 4486 2280 4516 ι
2312 4469 2383 4522 At
2412 4474 2642 4534 homilia
2688 4485 2762 4539 15
2810 4491 2875 4542 in
2917 4466 3066 4554 los:
3131 4520 3311 4559 num.
3351 4466 3419 4571 ϐξ

1937 4554 2064 4652 quid
2098 4568 2162 4664 ac
2201 4564 2555 4620 memorabile
2597 4577 3103 4642 comminiscitur
3142 4615 3158 4648 ;
3207 4554 3673 4664 quotiescuvttqm

1936 4647 2075 4751 enim
2120 4647 2323 4742 daetuon
2371 4650 2572 4751 aliquis
2609 4672 2740 4726 post
2779 4682 3042 4735 paratas
3081 4647 3356 4741 homini
3398 4685 3504 4751 pio
3555 4647 3685 4737 idsi-

1936 4733 2073 4832 dias,
2101 4733 2272 4788 victus
2298 4747 2386 4790 est
2409 4741 2480 4795 ab
2513 4759 2604 4810 eo.
2638 4765 2831 4820 pugna
2871 4769 3345 4832 excedentem
3372 4733 3587 4821 ἑνδωδ
3607 4785 3687 4819 π’

1936 4827 2146 4922 temque
2177 4836 2463 4922 reponere,
2485 4842 2543 4886 et
2562 4842 2713 4905 apud
2739 4842 3001 4917 inferos,
3037 4827 3184 4916 vel,
3207 4827 3474 4922 ξβεὶῖῐικ

2177 4836 2463 4922 reponere,
2485 4842 2543 4886 et
2562 4842 2713 4905 apud
2739 4842 3001 4917 inferos,
3037 4827 3184 4916 vel,
3207 4827 3614 4922 aestio-4mm
3640 4857 3706 4907 εἶ·

1933 4907 2501 5015 bi-locuttt'abeun-tem
2530 4939 2638 4980 non
2670 4936 2927 5003 amplius
2959 4907 3422 5015 .;.'..'.}..‘;1ms
3446 4907 3517 4992 Μ
3543 4942 3711 5008 ηείιιιί-

1933 4998 2059 5092 tiam
2087 4998 2442 5104 sollicitandis
2481 5026 2708 5080 operam
2755 4998 2925 5080 suam
2969 4998 3374 5104 conie:u:e
3406 5047 3424 5083 :
3455 5030 3592 5082 hinc
3625 4998 3720 5080 im-

1937 5087 2469 5194 ntltltp‘todtetuo‘num
2493 5110 2840 5167 tentatorum
2877 5134 3189 5188 numero
3239 5119 3475 5194 r903“

2187 5105 2469 5194 ιῴοιιιῖιιυιιι
2493 5110 2840 5167 tentaturum
2877 5134 3076 5179 nume
3089 5145 3189 5188 ro
3215 5087 3597 5194 -‘-;,aciliores
3621 5128 3725 5170 esse

1934 5173 2249 5286 Stl-Elll‘isll
2305 5183 2468 5244 [idem
2521 5197 2729 5264 aditus,
2790 5173 3188 5283 pluresque“
3221 5173 3378 5286 31:)
3419 5211 3589 5263 Deum
3617 5222 3731 5261 con-

1935 5276 2108 5376 ἴοιμι,-
2149 5283 2312 5376 quam
2363 5294 2493 5338 cum
2551 5288 2782 5358 integris
2829 5276 3045 5368 cupias.
3069 5276 3428 5376 (“ag—’3'.
3459 5301 3536 5354 ειη
3574 5302 3731 5354 hostes

1933 5352 2322 5470 ξ’ξξηθξιίίδεληιὶ
2360 5374 2413 5427 id
2441 5381 2591 5446 Quod
2626 5352 3075 5455 Scripturarum
3131 5352 3490 5470 tum
3520 5391 3731 5447 auctori-

2757 5447 2769 5455 .
2975 5447 3075 5452 νί---
3132 5447 3348 5470 “var
3378 5447 3414 5448 ”
3444 5447 3486 5448 ”’

1935 5447 2045 5497 tate
2075 5463 2312 5512 certatur
2342 5471 2606 5533 probare.
2662 5477 2801 5533 Cum
2845 5484 2927 5539 ait
2977 5503 3255 5562 autem
3393 5481 3728 5543 Adamantius

1935 5622 2161 5686 ltomilia
2189 5638 2228 5692 2

2898 5669 3118 5734 locum
3170 5701 3274 5757 ρς.
3309 5673 3457 5732 «uno

2221 5715 2488 5785 rissltnus
2517 5715 2742 5801 praesul.
