3894 6434
504 449 568 500 Ἰὲὶ
1696 430 1754 482 Ρ.
1797 428 2042 481 DANIEL

2233 428 2379 481 [Ετιι
3069 413 3071 416 ⁴
3667 407 3728 458 8'7
3738 413 3771 460 ϐ

471 558 727 628 Evangelii
757 552 1105 620 scriptorem:
1138 547 1261 600 Fuit
1299 549 1468 600 homo.
1503 546 1815 617 Anonymus
1861 545 1998 612 apud
2027 555 2072 608 Α
2172 544 2438 598 Cmterum
2480 539 2768 594 immerito
2801 535 3005 602 culpat
3054 527 3387 596 Origenem
3439 521 3645 576 Sixtus
3676 521 3775 577 Se-

466 651 701 705 Photium
733 643 853 698 cod.
877 656 1017 694 cxvu
1041 637 1253 708 Origeui
1297 637 1559 703 objeclnm
1592 636 1771 698 refert,
1805 636 2002 689 dixisse

464 741 624 798 illum,
651 736 730 788 ὅτι
762 735 824 784 ἐκ
861 728 1254 791 καταπτώσεως
1270 719 1428 797 ἦλθον
1459 728 1505 779 οἱ
1539 726 1680 794 ἂγιοι
1709 728 1787 787 εἰς
1811 725 1898 777 τὸν
1919 725 2005 777 κό-

464 843 614 897 σμον,
651 824 762 876 ἀλλ’
793 823 853 874 οὐ
883 821 947 872 δι’
977 820 1173 889 ἐτέρων
1207 817 1514 889 Θεραπείαν.
1568 815 1670 868 Pro
1696 815 1846 884 ἅγιοι
1880 815 2005 883 legit

461 917 699 968 Andreas
746 911 1018 975 Schottus,
1078 910 1227 977 ἅγιοι
1274 908 1543 977 ἄγγελοι-
1607 907 1762 959 vertit
1813 905 2000 958 enim:

465 1026 483 1056 ι
520 1008 744 1059 Sauctos
793 1001 1004 1068 angelos
1063 1000 1306 1066 delapsos
1361 999 1412 1050 in
1462 995 1717 1050 mundum
1771 993 1999 1056 venisse,

461 1109 562 1146 non
594 1093 658 1144 ad
685 1090 904 1144 aliorum
933 1088 1264 1153 obsequium.
1299 1105 1317 1136 ι
1349 1085 1570 1151 Quoquo
1595 1085 1752 1136 modo
1775 1081 2002 1151 legatur,

460 1189 680 1248 apparet
712 1179 998 1232 calumnia.
1032 1177 1096 1228 At
1126 1174 1479 1244 Hieronymus
1502 1173 1730 1240 priorem
1755 1171 2002 1239 Origenis

458 1270 629 1323 locum
661 1285 691 1322 e
726 1279 851 1322 tom.
893 1281 928 1320 ιι
970 1267 1020 1318 in
1054 1265 1210 1318 Joan.
1247 1264 1413 1330 tangit
1451 1264 1505 1314 in
1531 1261 1744 1328 Aggwit
1782 1277 1796 1313 :
1829 1279 1846 1310 ι
1879 1260 2003 1324 Qui-

461 1359 581 1412 dam
611 1367 813 1432 putant,
846 1355 1034 1420 inquit,
1071 1365 1120 1406 et
1146 1351 1398 1404 Joannem
1425 1351 1741 1418 Baptistam,
1765 1364 1819 1403 et
1845 1351 2001 1403 Mala-

460 1449 656 1512 ebiam,
679 1446 766 1513 qui
795 1446 1172 1511 interpretatur
1187 1439 1396 1508 angelus
1429 1439 1653 1504 Domini,
1679 1449 1731 1490 et
1753 1440 1999 1506 Aggwum

459 1553 615 1607 quem
649 1552 786 1589 nunc
811 1535 1062 1588 habemus
1105 1532 1155 1583 in
1189 1532 1454 1588 manibus,
1482 1530 1643 1582 fuisse
1673 1529 1908 1598 angelos,
1949 1540 2002 1581 et

460 1629 527 1681 oh
548 1625 990 1695 dispensationem
1016 1628 1068 1672 et
1086 1619 1375 1686 jussionem
1399 1616 1488 1670 Dei
1522 1617 1876 1684 assumpsisse
1905 1615 2002 1667 lm-

462 1731 615 1770 mana
656 1728 899 1781 corpora,
948 1719 996 1763 et
1032 1712 1168 1762 inter
1201 1707 1440 1760 homines
1483 1717 1845 1759 conversatos.
1896 1704 2004 1757 Nec

462 1809 654 1860 mirqu
692 1805 788 1857 hoc
815 1803 880 1854 de
913 1800 1112 1870 angelis
1134 1798 1299 1858 credi,
1347 1811 1466 1850 cum
1501 1809 1595 1861 pro
1621 1793 1789 1847 salute
1818 1802 1999 1845 nostra

461 1899 618 1950 etiam
651 1895 811 1948 Filius
846 1891 936 1944 Dei
984 1893 1269 1943 lmmanum
1303 1899 1494 1952 corpus
1541 1882 1908 1949 assumpseril.
1942 1882 2006 1933 Et
2034 1883 2075 1934 Β

463 1988 530 2040 ob
558 1988 693 2039 hanc
718 1998 932 2037 causam
962 1980 1118 2034 etiam
1150 1979 1215 2030 de
1242 1975 1558 2044 apocryphis
1585 1973 1824 2042 praebent
1858 1973 2002 2023 testi-

464 2074 722 2136 monium,
757 2071 845 2124 ubi
875 2069 1068 2123 dicitur
1090 2068 1227 2136 quod
1261 2063 1426 2119 Jaeob
1454 2063 1542 2129 qui
1576 2068 1753 2128 postea
1786 2068 2003 2113 vocatus

463 2174 546 2216 est
571 2161 751 2221 Israel,
783 2158 999 2228 angelus
1024 2156 1204 2218 fuerit,
1242 2165 1295 2208 et
1329 2163 1605 2222 propterea
1631 2150 2003 2217 supplantare-

465 2255 536 2307 rit
569 2253 786 2305 fratrem
819 2250 870 2308 in
901 2257 1088 2300 ventre
1120 2245 1304 2298 matris
1330 2258 1465 2307 suae;
1504 2239 1759 2296 Joannem
1793 2254 2005 2309 quoque

464 2343 530 2395 ad
561 2355 738 2395 vocem
769 2338 944 2390 Mariae
975 2337 1158 2388 matris
1193 2333 1396 2386 Domini
1441 2329 1736 2384 exsultasse
1771 2329 1822 2382 in
1855 2337 2004 2381 utero

469 2429 779 2491 Elizabeth;
810 2436 864 2481 et
896 2425 1132 2480 omnium
1157 2420 1548 2476 rationabiliqu
1575 2434 1732 2472 unam
1759 2432 1878 2471 esse
1907 2412 2020 2469 na?

468 2533 661 2583 turam,
692 2527 745 2569 et
773 2516 841 2568 oh
879 2515 1012 2566 hanc
1043 2525 1258 2564 causam
1310 2509 1549 2560 homines
1579 2507 1666 2573 qui
1695 2506 2006 2578 placuerunt

466 2611 595 2673 Deo,
627 2606 859 2674 aequales
892 2601 1096 2668 angelis
1126 2602 1258 2654 fieri.
1300 2598 1408 2651 lloc
1453 2598 1523 2650 illi
1554 2597 1804 2650 sentiant.
1839 2595 2006 2648 Caete-

468 2715 582 2751 rum
621 2711 716 2749 nos
745 2694 980 2747 tumlium
1007 2689 1232 2754 Domini,
1277 2688 1330 2741 id
1361 2697 1443 2741 est
1467 2686 1728 2754 angelum,
1774 2683 1862 2752 qui
1905 2683 2005 2734 lle-

466 2787 646 2843 braice
673 2786 867 2839 dicitur
887 2767 1071 2863 3x513,
1104 2779 1420 2848 simpliciter
1450 2777 1756 2845 prophetam
1805 2773 2004 2826 dictum

467 2877 822 2944 recipiamus;
863 2860 930 2925 ab
955 2887 1018 2924 eo
1043 2871 1181 2938 quod
1221 2867 1426 2920 Domini
1464 2865 1788 2919 voluntatem
1814 2860 2006 2930 populo

469 2963 808 3016 nuntiaverit.
845 2981 864 3014 ι
917 2961 1007 3014 Sic
1037 2968 1092 3012 et
1121 2957 1377 3025 prommio
1409 2951 1904 3006 Commentariorum
1951 2949 2006 2999 in

468 3055 784 3107 Malachiam
817 3067 836 3104 :
869 3069 888 3101 ι
921 3049 1029 3104 Nec
1064 3047 1354 3117 putandum
1385 3044 1630 3110 estjuxla
1658 3036 2005 3108 quorumdam

468 3145 792 3211 opinionem,
819 3138 1062 3209 angelum
1087 3134 1292 3188 venisse
1321 3134 1384 3186 de
1401 3132 1558 3194 cmlo,
1580 3139 1635 3182 et
1659 3125 2010 3193 assumpsisse

471 3249 663 3300 corpus
719 3231 1005 3283 humanum
1059 3233 1117 3278 ut
1158 3222 1336 3277 lsraeli
1383 3235 1502 3289 qua:
1548 3235 1577 3271 a
1622 3219 1846 3271 Domino
1883 3223 2009 3268 sunt

470 3324 724 3374 mandata
779 3319 1100 3386 loqueretur.
1138 3332 1157 3364 ›
1212 3311 1274 3363 Et
1317 3309 1470 3378 paulo
1501 3317 1620 3375 post
1651 3308 1838 3374 dogma
1882 3303 2009 3356 illud

471 3408 682 3476 Origeni
715 3407 1024 3459 nominatim
1061 3399 1284 3456 ascribit
1319 3419 1330 3451 :
1370 3415 1388 3447 ι
1431 3396 1678 3463 Scripsit,
1730 3394 1925 3461 inquit,
1959 3393 2010 3444 in

471 3499 610 3550 hunc
635 3496 827 3548 librum
853 3493 1106 3560 Origenes
1135 3487 1235 3542 tria
1265 3484 1562 3546 volumina;
1612 3483 1704 3536 sed
1736 3479 2010 3534 historiam

469 3585 696 3637 omnino
724 3595 824 3632 non
855 3580 1048 3646 tetigit,
1082 3585 1137 3630 et
1171 3588 1317 3628 more
1346 3587 1440 3626 suo
1470 3581 1610 3624 totus
1655 3570 1706 3622 in
1751 3567 2013 3635 allegoria:

473 3669 909 3739 interpretatione
946 3673 1186 3719 versatus
1209 3672 1309 3726 est,
1361 3660 1557 3713 nullam
1591 3659 1770 3712 Esdrae
1815 3657 2014 3710 faciens

476 3763 821 3824 mentionem,
843 3758 934 3812 sed
957 3753 1198 3822 angelum
1232 3761 1421 3820 putans
1458 3749 1622 3802 fuisse
1658 3748 1748 3816 qui
1784 3746 2012 3814 scripsit,

474 3853 761 3907 secundum
796 3849 926 3903 illud
972 3846 1110 3918 quod
1144 3846 1208 3898 de
1234 3843 1437 3897 Joanne
1459 3839 1680 3908 legimus
1710 3853 1726 3892 :
1768 3835 1899 3889 Ecca
1924 3852 2014 3904 ego

472 3948 619 3998 mitto
660 3941 896 4010 angelum
931 3952 1098 3990 meum
1124 3947 1240 3988 ante
1263 3933 1448 4000 [aciem
1483 3939 1627 3982 tuam
1641 3928 1705 3980 ³³³.
1737 3927 1887 3991 Quod
1921 3941 2017 3980 nos

473 4035 690 4088 omnino
737 4046 840 4086 non
871 4028 1177 4095 recipimus,
1220 4038 1288 4077 ne
1317 4022 1614 4074 animarum
1655 4018 1720 4072 de
1741 4017 1877 4072 caelo
1911 4019 2018 4070 rui-

476 4142 595 4180 nam
626 4123 896 4190 suscipere
925 4114 1325 4184 compellamur.
1359 4129 1378 4162 ι
1408 4110 1549 4163 ldem
1577 4109 1627 4160 in
1648 4106 1869 4176 epistola
1896 4105 2019 4184 126,

477 4232 592 4282 qua:
620 4224 701 4267 est
726 4213 795 4266 ad
819 4208 1098 4278 Evagrium
1136 4226 1148 4260 :
1184 4221 1203 4254 ι
1231 4201 1286 4256 In
1312 4202 1483 4255 fronte
1513 4199 1801 4258 Geneseos,
1833 4196 1884 4248 in
1911 4195 2021 4262 pri-

481 4322 561 4374 ma
595 4302 927 4356 bomiliarum
955 4295 1196 4365 Origenis
1217 4291 1388 4360 reperi
1419 4289 1675 4356 scriptum
1701 4286 1764 4339 de
1796 4283 2019 4337 Melchi-

480 4393 707 4456 sedech;
741 4391 793 4443 in
836 4405 939 4457 qua
977 4385 1251 4453 multiplici
1286 4393 1530 4434 sermone
1566 4376 1868 4444 disputans,
1901 4373 2023 4426 illuc

481 4481 754 4535 devolutus
787 4491 890 4542 est,
917 4488 977 4532 ut
1006 4493 1126 4532 eum
1166 4473 1412 4543 angelum
1461 4470 1686 4530 diceret,
1727 4464 2024 4532 iisdemque
2053 4505 2096 4559 ο

483 4587 613 4636 pelle
661 4569 1002 4637 argumentis,
1049 4566 1240 4635 quibus
1277 4562 1507 4629 scriptor
1554 4567 1674 4610 tuus
1713 4555 1778 4608 de
1823 4553 2023 4622 Spiritu

483 4671 686 4721 sancto,
752 4659 838 4710 ille
892 4659 956 4710 de
1008 4655 1252 4724 supernis
1305 4649 1593 4704 virtutibus
1654 4653 1737 4699 est
1793 4643 2021 4697 locutus.

499 4748 723 4806 i‘ransivi
773 4749 837 4798 ad
867 4746 1144 4814 Didymum
1179 4753 1494 4796 sectatorem
1537 4737 1674 4806 ejus,
1707 4743 1764 4788 et
1801 4733 1907 4788 vidi
1939 4734 2030 4787 ho-

508 4842 680 4895 .iinem
707 4837 930 4907 pedibus
954 4837 1003 4887 in
1031 4831 1266 4899 magistri
1298 4833 1402 4884 isse
1429 4825 1768 4882 sententiam.
1798 4841 1816 4875 ι
1846 4821 2026 4890 Longe

488 4947 609 5000 .g-go
652 4930 719 4982 ab
751 4928 854 4980 hoc
888 4938 1071 4976 errore
1100 4921 1269 4975 abfuit
1304 4920 1680 4986 Hieronymus,
1727 4915 1811 4967 cui
1851 4914 2022 4980 ipsum

487 5036 660 5074 "isllleﬂ
690 5020 740 5072 in
773 5014 1056 5069 Comment.
1083 5012 1150 5062 ad
1186 5011 1370 5076 parum.
1403 5020 1536 5059 χχιιι
1571 5004 1767 5057 favisse
1793 5003 2024 5070 suspica-

491 5147 503 5168 ~.
527 5132 570 5167 ll‘
609 5105 1003 5167 Genebrardus.
1051 5105 1198 5168 Quod
1243 5110 1386 5152 certe
1421 5099 1494 5150 ita
1531 5112 1634 5149 non
1675 5108 1792 5149 esse
1835 5094 2024 5160 depre-

488 5219 495 5252 ;
526 5205 698 5264 endet,
743 5193 985 5266 quisquis
1016 5197 1176 5241 totam
1213 5185 1402 5253 psalmi
1442 5183 1597 5250 hujus
1629 5181 2023 5234 enarrationem

523 5293 711 5347 ariusis
742 5285 913 5344 oculis
939 5275 1356 5349 pet-lustraverit.
1397 5271 1717 5339 Hieronymo
1747 5269 1797 5320 id
1819 5281 2027 5334 quoque

489 5411 496 5428 λ
522 5383 823 5452 sprobravit
846 5375 1067 5430 llulinus
1093 5367 1286 5421 Invect.
1318 5379 1355 5425 ι,
1393 5362 1476 5415 his
1497 5369 1792 5414 commotus
1826 5371 1942 5425 qua:
1969 5359 2023 5408 in

495 5444 672 5538 inquies.
700 5491 738 5539 ι,
763 5471 816 5536 4,
840 5466 1092 5534 scriptum
1123 5458 1321 5514 habent
1351 5452 1488 5506 illius
1515 5449 1898 5503 Connuentarii.
1918 5444 2026 5509 Sed,

493 5532 694 5633 saiipam
725 5532 865 5616 hanc
903 5532 1024 5609 ase
1051 5552 1366 5620 deprecatur
1395 5538 1603 5608 Apolog.
1630 5552 1645 5588 ι
1675 5537 1789 5588 adv.
1820 5532 2015 5597 ηυρη.;

490 5670 515 5696 6‘
537 5671 606 5720 ap.
634 5654 667 5706 5
689 5661 744 5706 et
772 5651 824 5703 6.

633 5765 843 5818 Malach.
877 5778 956 5827 ιιι,
993 5761 1011 5813 l
1043 5776 1058 5817 ;
1097 5755 1282 5812 Matth.
1317 5768 1387 5814 xi,
1414 5747 1496 5802 l0.

2102 637 2302 697 nensis,
2337 635 2480 704 quod
2514 631 2714 686 homil.
2784 628 2865 680 25
2909 628 2971 678 t'u
3017 621 3161 674 Luc.
3218 625 3466 685 septem
3499 614 3778 667 Ecclesia-

2103 744 2216 781 rmn
2255 727 2565 795 episcopos,
2593 735 2742 791 quos
2773 718 3043 771 Joannes
3078 712 3134 765 in
3169 704 3542 777 Apocalypsi
3575 706 3782 759 ratione

2100 817 2252 874 ofﬁcii
2297 817 2520 886 angelos
2575 810 2876 880 appellat,
2918 819 3063 858 vere
3114 800 3310 854 fuisse
3363 795 3612 864 angelos
3640 834 3661 860 ,
3698 809 3785 848 ve-

2103 923 2322 976 ramque
2361 906 2693 976 angelorum
2725 910 3009 954 naturam
3053 890 3349 946 habuisse
3383 885 3650 949 dixerit;
3694 899 3784 938 nec

2103 1001 2289 1054 harum
2319 975 2465 1052 enim
2499 992 2892 1048 Ecclesiarum
2930 986 3254 1054 episcopos
3309 977 3436 1031 illic
3465 975 3688 1043 putavit
3716 975 3788 1026 si-

2101 1089 2337 1158 gniﬁcari
2359 1127 2375 1151 ,
2410 1086 2507 1141 sed
2533 1097 2730 1138 earum
2783 1065 3597 1150 gubernationi-gprzefectos
3629 1077 3784 1132 ange-

2101 1179 2197 1232 los.

2169 1267 2356 1320 XXVI.
2408 1267 2484 1320 De
2532 1264 2752 1334 angelis
2803 1256 3170 1315 tutelaribus
3221 1251 3549 1322 paradoxa
3588 1261 3790 1317 quoque

2103 1360 2264 1413 multa
2283 1360 2466 1421 habet,
2488 1371 2729 1426 quorum
2754 1347 3094 1408 omittenda
3129 1345 3321 1400 nobis
3344 1357 3470 1396 non
3493 1352 3585 1395 est
3603 1342 3790 1408 disqui-

2101 1451 2240 1502 sitio.
2267 1449 2323 1501 In
2347 1450 2560 1500 cantico
2587 1447 2987 1500 Mosisexstat
3016 1456 3266 1496 comma
3299 1437 3454 1490 illud
3475 1454 3492 1488 :
3522 1455 3544 1485 σ
3579 1435 3790 1500 Quando

2101 1541 2373 1594 dividebat
2403 1540 2725 1591 Altissimus
2755 1545 2994 1604 gentes,
3027 1530 3287 1601 quando
3327 1529 3650 1596 suparabat
3671 1527 3792 1578 ﬁlios

2101 1632 2291 1694 Adam,
2331 1629 2620 1682 constituit
2650 1628 2938 1681 terminos
2978 1621 3364 1693 populorum
3405 1619 3582 1685 juxta
3616 1629 3792 1668 nurne-

2101 1737 2217 1774 rum
2244 1721 2473 1773 filiorum
2497 1719 2691 1773 Israel.
2710 1717 2854 1771 Pars
2869 1725 3076 1769 autem
3101 1711 3389 1774 Domini,
3409 1708 3656 1777 pOpnlus
3670 1707 3788 1773 ejus:

2101 1809 2267 1864 Jaeob
2292 1808 2570 1862 funiculus
2613 1807 2983 1862 luereditatis
3026 1806 3166 1874 ejus
3211 1804 3293 1855 ιθ.
3345 1821 3366 1851 ι
3405 1800 3546 1853 “me
3572 1794 3793 1854 llebrz‘eis

2103 1910 2433 1965 consonant;
2463 1910 2518 1953 at
2542 1913 2611 1953 ex
2644 1898 2917 1953 lectionis
2949 1897 3296 1956 varietate;
3339 1907 3528 1961 quam
3553 1891 3662 1942 alio
3693 1889 3794 1941 loco

2102 1995 2477 2060 expendimus,
2494 1988 3142 2056 verteruntSeptuagin
3154 1996 3218 2038 ta
3240 1985 3612 2049 luterpretes
3631 2003 3640 2032 :
3657 1981 3794 2033 Κατὰ

2101 2080 2330 2151 ἀριθμὸν
2352 2082 2606 2148 ἀγγέλων
2631 2079 2796 2133 Θεοῦ,
2836 2079 2956 2132 llos
3009 2092 3162 2131 cum
3217 2074 3373 2129 alibi
3413 2073 3628 2142 passim
3657 2113 3670 2133 ,
3698 2080 3790 2122 tum

2104 2174 2192 2226 hic
2207 2181 2427 2225 secutus
2455 2183 2541 2224 est
2571 2172 2872 2240 Origenes,
2903 2181 3098 2237 atque
3139 2168 3298 2220 inde
3340 2166 3461 2220 sibi
3493 2165 3657 2217 tinxit
3687 2173 3793 2214 tmte

2103 2265 2332 2330 primum
2357 2263 2618 2328 gentibus
2644 2301 2660 2324 ,
2692 2277 2824 2314 cum
2857 2263 2913 2314 in
2959 2261 3190 2314 varias
3251 2259 3502 2328 linguas
3530 2255 3793 2322 variosque

2103 2352 2323 2421 populos
2358 2354 2425 2405 ad
2458 2353 2662 2406 turrim
2692 2351 2867 2405 Bahel
2896 2351 3239 2421 dissipata:
3285 2359 3462 2414 sunt,
3498 2348 3792 2416 assignatas

2103 2442 2270 2497 fuisse
2317 2442 2588 2512 angelos,
2637 2451 2699 2495 ut
2729 2458 2933 2496 curam
2989 2458 3236 2497 earum
3278 2452 3594 2510 pastorum
3644 2441 3794 2492 instar

2104 2543 2381 2600 gererent,
2417 2543 2473 2586 et
2498 2533 2779 2601 primitias
2806 2547 2878 2586 ex
2922 2535 2999 2587 iis
3043 2534 3183 2586 Deo
3216 2533 3548 2598 oﬂ‘errent,
3573 2531 3794 2585 homines

2113 2624 2369 2677 nimirum
2393 2624 2486 2692 qui
2510 2623 2734 2677 meritis
2754 2625 3188 2692 praecellerent
3223 2633 3296 2678 et
3331 2625 3578 2685 virtute,
3605 2636 3793 2675 eorum-

2107 2733 2171 2772 re
2219 2717 2333 2784 pias
2363 2717 2776 2784 cogitationes;
2813 2727 2871 2770 et
2907 2728 2973 2770 ut
3025 2719 3419 2771 hominibus
3451 2715 3559 2770 sibi
3586 2715 3794 2768 destina-

2109 2809 2174 2860 tis
2202 2808 2268 2860 ad
2303 2808 2734 2876 comparandam
2773 2809 3039 2862 Salutem
3092 2810 3356 2861 auxilio
3409 2816 3607 2862 essent
3649 2822 3663 2857 :
3705 2819 3792 2874 quo

2105 2898 2340 2966 graviori
2391 2908 2576 2952 autem
2621 2900 2838 2953 scelere
2885 2915 3029 2954 sese
3077 2901 3142 2952 in
3191 2900 3524 2954 communi
3558 2900 3658 2952 hac
3686 2911 3789 2964 per-

2107 2989 2377 3044 duellione
2424 2999 2770 3058 unaquaeque
2805 3005 2954 3058 gens
2989 2991 3347 3060 alligasset
3384 3031 3403 3056 ,
3455 3006 3528 3044 eo
3583 2985 3792 3042 durioris

2106 3082 2546 3150 angeli,»pcenaa
2589 3097 2804 3148 causa,
2861 3083 3139 3151 imperio
3211 3082 3422 3137 fuisse
3484 3080 3789 3148 subiectam;

2033 3190 2076 3248 (ς
2113 3172 2276 3225 Deum
2330 3185 2510 3245 autem
2547 3173 2724 3241 ipsum
2778 3175 3126 3242 regendam
3194 3174 3562 3244 suscepisse
3611 3179 3790 3239 gentem

2111 3263 2248 3317 hanc
2281 3278 2402 3331 qua:
2431 3263 2715 3330 antiquam
2753 3262 3058 3331 loquelam
3108 3265 3438 3328 retinuit;
3487 3264 3588 3317 sed
3634 3262 3701 3314 ita
3724 3269 3791 3310 ta-

2112 3369 2232 3406 men
2267 3365 2324 3406 ut
2357 3354 2403 3407 si
2453 3355 2635 3407 minus
2665 3354 2717 3408 ei
2756 3355 2916 3408 dicto
2976 3355 3373 3410 audientem
3410 3370 3477 3409 se
3513 3354 3791 3422 praeberet,

2111 3445 2176 3496 ad
2226 3444 2543 3512 angelorum
2595 3442 3007 3512 praefecturam
3068 3447 3447 3510 transiret;
3500 3457 3667 3513 atque
3697 3441 3791 3494 alia:

2113 3532 2294 3585 itidem
2344 3542 2539 3599 gentes
2587 3532 2948 3600 asperiorum
2991 3537 3394 3606 angelorum
3437 3539 3793 3606 experirentur

2113 3624 2340 3692 imperia
2369 3662 2384 3686 ,
2418 3625 2463 3676 si
2495 3623 2771 3677 leniorum
2796 3624 2965 3691 jussa
3003 3627 3533 3696 detrectassent;
3568 3627 3792 3682 molliori-

2113 3711 2211 3766 bus
2238 3712 2453 3765 interim
2483 3711 2725 3765 dominis
2750 3751 2766 3774 ,
2802 3713 2876 3766 ad
2913 3717 3352 3774 sarciendam
3387 3721 3788 3776 commissorum

2115 3801 2216 3855 sibi
2248 3801 2531 3854 hominum
2557 3801 2866 3869 jacturam,
2915 3804 3084 3861 alios
3123 3812 3479 3866 sreviorum
3514 3811 3787 3881 principum

2117 3893 2343 3960 imperio
2370 3892 2863 3958 subtrahentibus,
2901 3907 2967 3948 et
3003 3898 3091 3952 ad
3126 3915 3286 3956 sese
3312 3901 3788 3957 converrentibus;

2118 3986 2243 4038 hinc
2275 3983 2640 4037 eahazredatis
2667 3983 2950 4040 lsraelitis
2994 3991 3254 4048 ascitas
3311 4009 3345 4047 a
3374 3994 3616 4054 Christo
3636 4000 3790 4061 gentes

2118 4077 2320 4140 “lisse;
2351 4073 2575 4143 ³1³8810⁵
2606 4090 2838 4142 quoque
2866 4091 2980 4144 pro
3038 4084 3438 4140 meritorum
3474 4097 3694 4140 suorum
3723 4096 3789 4133 ra-

2121 4171 2263 4223 tione
2292 4168 2481 4219 harum
2511 4165 2812 4219 illarumve
2843 4171 3136 4235 gentium
3175 4177 3468 4246 regimen
3506 4175 3674 4230 fuisse
3694 4186 3790 4227 sor-

2120 4262 2268 4322 titos,
2291 4259 2526 4322 deosque
2557 4255 2861 4323 appellari,
2905 4263 3084 4328 quod
3131 4279 3170 4318 a
3229 4266 3365 4324 Deo
3409 4269 3531 4323 dati
3562 4270 3689 4331 sint,
3713 4265 3789 4317 do-

2122 4353 2294 4406 minos
2318 4351 2460 4418 quod
2504 4364 2534 4400 a
2578 4348 2824 4428 Domino
2859 4363 3254 4421 potestatem
3304 4362 3646 4432 acceperint
3671 4377 3684 4413 :
3713 4374 3792 4428 μα·

2121 4444 2401 4512 ταιὼματα
2444 4442 2562 4496 Ιιειξο
2612 4445 2804 4526 prodit
2837 4445 3158 4518 Origenes
3214 4472 3343 4510 non
3392 4473 3516 4511 uno
3545 4457 3684 4510 loco.
3714 4451 3784 4504 Vi.

2124 4538 2312 4591 dealur
2373 4532 2562 4586 homil.
2593 4533 2662 4587 16
2713 4537 2773 4588 in
2805 4535 3056 4605 Genes.,
3098 4559 3285 4600 num.
3325 4547 3367 4599 2
3393 4588 3410 4614 ,
3454 4557 3508 4601 et
3546 4540 3787 4600 homil.“

2123 4629 2176 4680 in
2202 4625 2389 4686 N"m"
2421 4639 2575 4676 “"m'
2606 4625 2665 4688 4’
2707 4627 2765 4679 i“
2804 4643 2922 4696 qua
2958 4646 3158 4702 supra
3191 4638 3678 4691 commemoratis
3703 4636 3790 4687 haec

2123 4716 2385 4786 adiungit,
2408 4714 2546 4780 alios
2579 4731 2810 4785 quoque
2845 4719 3119 4779 fortasse
3149 4732 3550 4785 extrinsecus
3579 4743 3698 4784 esse
3723 4743 3790 4778 aa-

2123 4809 2310 4876 Βθιοεν
2347 4806 2442 4876 (ιυὶ
2493 4822 2562 4860 ex
2615 4807 2912 4866 universis
2968 4818 3276 4884 gentibus
3334 4823 3546 4876 fideles
3578 4828 3790 4889 quosque

2124 4906 2448 4968 congregem
2471 4936 2486 4961 ,
2529 4912 2751 4967 eosque
2776 4903 3130 4970 gubernem
3159 4949 3180 4975 ,
3218 4926 3362 4966 cum
3403 4928 3437 4967 a
3463 4913 3686 4968 Christo
3709 4907 3785 4975 ipsi

2124 4991 2512 5058 gubernantur,
2537 4989 2634 5055 qui
2667 5007 2686 5038 ι
2727 5007 2845 5045 non
2876 5004 3001 5049 tam
3056 5014 3175 5055 rex
3205 5004 3472 5066 dicatur,
3502 5019 3664 5073 quam
3694 5001 3784 5054 Rex

2125 5095 2341 5149 regum;
2373 5089 2560 5132 etnon
2587 5088 2706 5133 tam
2748 5083 3068 5156 Dominus,
3115 5107 3306 5160 quam
3344 5094 3624 5150 Dominus
3645 5088 3787 5146 domi.

2127 5169 2399 5234 ιιαηιῑιιηη
2437 5185 2455 5216 ³
2489 5167 2772 5240 anldilque
2798 5177 2980 5244 paulo
3009 5180 3279 5238 inferius
3308 5201 3585 5256 magnam
3606 5182 3784 5240 solliei-

2126 5257 2364 5358 tttdiucm
2397 5258 2635 5358 angelos,
2665 5260 2960 5324 adhibere
3007 5273 3084 5326 iis
3121 5275 3506 5343 excolendis,
3539 5292 3670 5347 quos
3695 5285 3786 5329 stn-

2127 5349 2214 5401 ἀίο
2243 5363 2344 5402 δυο
2393 5363 2457 5400 ³ο
2488 5348 2795 5418 dingentia
2848 5362 2924 5417 ab
2969 5368 3286 5424 erroribus
3320 5370 3395 5423 ad
3431 5371 3598 5424 [idem
3629 5367 3783 5419 trada-

2127 5438 2326 5536 aerint.
2363 5436 2473 5536 Sed
2501 5450 2562 5536 et
2608 5442 2925 5508 bomiliam
2961 5457 3043 5514 ‘23
3070 5461 3131 5514 in
3155 5460 3357 5524 Jasue,
3394 5475 3552 5514 num.
3578 5458 3632 5522 3,
3663 5451 3778 5508 adiri

2121 5529 2840 5632 Jubce._elduodccimam
2885 5548 2949 5602 in
2984 5550 3228 5620 Lucam,
3272 5554 3326 5605 in
3377 5567 3491 5620 qua
3525 5549 3776 5602 nationum

2128 5621 2382 5685 praesides
2408 5624 2642 5694 angelos
2672 5634 2791 5690 sub
2823 5638 3114 5712 imposito
3141 5645 3248 5702 sibi
3275 5655 3456 5699 onere
3485 5637 3775 5695 fatiscente!

1574 5741 1616 5773 ’⁵ο
1650 5740 1797 5793 Deut.
1837 5748 2002 5798 χχχιι,
2039 5732 2097 5814 _8,
2131 5733 2184 5787 9.
