3894 6464
161 464 269 527 ιτ(

1046 464 1602 524 ORICENIANORUM
1641 464 1767 518 LIB.
1807 464 1870 526 ll,
1905 462 2056 516 me.
2097 442 2163 528 ll,
2203 462 2473 528 QUIEST.
2513 462 2578 517 v.

3265 459 3369 513 878

187 577 311 641 iam.
337 583 404 625 δε
426 571 610 631 labori
643 578 888 650 impares
911 625 926 649 ,
953 584 1148 637 Christi
1189 583 1518 636 adventantis
1542 580 1739 632 auxilio
1768 589 1812 643 Α
1837 593 1985 631 ιιιιιιι.
2034 576 2069 629 '5
2104 593 2119 641 ;
2174 577 2266 628 sed
2319 575 2705 630 asseverantius
2754 574 2916 628 etiam
2993 571 3176 627 homil.
3232 572 3256 625 1
3314 576 3367 625 in
3395 595 3403 603 -

202 673 358 725 luism
400 665 727 723 sublevatos
768 674 998 724 allirmat
1028 691 1042 725 :
1072 687 1135 726 ac
1178 673 1366 725 librum
1401 688 1415 723 t
1456 670 1591 736 Ile-pl
1637 670 1739 734 ἀρ-

210 759 342 830 χῶν,
371 771 494 827 cap.
523 758 584 821 8,
617 775 771 814 num.
804 764 856 826 1,
882 771 935 815 et
967 746 1156 814 librum
1186 777 1265 822 Ill,
1288 776 1403 829 cap.
1430 763 1482 825 5,
1509 776 1651 811 nmn.
1680 758 1738 820 ἓ,
1764 760 1767 765 ’

211 851 289 904 ubi
325 849 624 917 principem
663 849 832 918 Tyri,
887 862 939 904 et
984 852 1272 919 principem
1318 851 1598 909 Persarum
1627 889 1643 914 ,
1688 859 1741 902 et

208 940 502 1007 principem
547 938 860 993 Graecorum
887 980 903 1004 ,
934 955 1155 1007 quormn
1205 943 1398 993 mentio
1449 940 1507 994 fit
1544 941 1763 995 Ezech-

204 1041 367 1082 sum
400 1036 459 1081 et
488 1028 626 1081 Dan.
670 1043 727 1091 ι,
759 1030 981 1083 virtutes
1015 1028 1268 1097 quasdam
1315 1031 1580 1099 spiritales
1623 1046 1741 1086 esse
1772 1034 1776 1043 '

201 1119 429 1184 asserit;
471 1120 714 1172 bonasne
742 1160 757 1181 ,
785 1134 850 1171 an
880 1119 1042 1173 malas
1067 1157 1081 1182 ,
1106 1120 1205 1172 hoc
1229 1119 1348 1172 loco
1376 1134 1479 1172 non
1515 1120 1698 1174 deﬁnit
1723 1137 1738 1184 ;

196 1219 250 1263 at
280 1208 479 1263 definit
506 1210 696 1264 homil.
744 1209 814 1263 55
856 1212 910 1262 in
949 1207 1076 1263 Luc.
1116 1220 1170 1263 et
1202 1209 1465 1279 principes
1489 1210 1608 1264 illos
1632 1212 1739 1265 dte-

196 1313 384 1353 mones
441 1299 852 1367 interpretatur.
896 1299 1075 1366 Neque
1123 1315 1251 1353 sane
1295 1301 1352 1354 in
1402 1316 1466 1353 co
1494 1315 1739 1380 .consen-

191 1390 331 1440 tlunt
352 1388 508 1441 inter
532 1402 593 1442 se
620 1386 817 1442 Patres
841 1426 859 1453 ,
889 1389 1156 1442 daemones
1184 1403 1277 1443 eas
1303 1404 1422 1444 esse
1453 1392 1741 1446 decernen-
1770 1384 1773 1391 ’

189 1478 336 1531 tibus
384 1476 515 1531 aliis
542 1515 560 1540 ,
610 1478 730 1532 aliis
772 1478 1025 1545 angelos,
1055 1493 1344 1548 eorumque
1386 1482 1738 1536 concertatio-

185 1582 283 1622 nes
325 1581 359 1620 a
403 1566 638 1622 Daniele
662 1569 938 1637 expositas
971 1569 1024 1621 in
1049 1580 1254 1622 rectum
1283 1584 1497 1625 sensum
1529 1573 1742 1627 trahen-

185 1659 366 1713 ﬂbus.

214 1764 219 1769 ’
249 1749 326 1802 At
350 1749 507 1803 enim
540 1747 775 1804 difficilis
802 1748 1013 1801 videtur
1042 1747 1371 1813 Origenianae
1418 1749 1573 1816 hujus
1599 1764 1742 1804 com-

182 1839 552 1895 mentationis
598 1844 769 1903 ratio;
802 1853 923 1890 nam
978 1838 1024 1890 si
1071 1855 1088 1888 ι
1119 1838 1392 1890 constituit
1438 1838 1744 1894 Altissimus

183 1930 464 1985 terminos
524 1928 886 1998 p0pulorum,
928 1929 1077 1994 juxta
1118 1942 1390 1980 numerum
1438 1928 1741 1997 angelorum

184 2022 304 2085 Dei,
348 2039 370 2072 ι
411 2021 582 2074 fuerit
615 2019 925 2088 angelorum
950 2033 1200 2071 numerus
1248 2018 1439 2085 Oppido
1475 2019 1739 2086 exiguus;

183 2128 287 2166 non
322 2111 521 2165 multa:
546 2111 812 2177 siquidem
841 2117 1026 2176 gentes
1046 2108 1226 2160 orbem
1268 2106 1518 2159 incolunt.
1547 2106 1741 2159 Verum

179 2201 451 2270 expedita
485 2208 575 2252 est
605 2198 922 2265 responsio;
949 2209 1044 2249 nec
1067 2195 1206 2248 enim
1245 2195 1497 2262 quidquid
1542 2195 1741 2264 uspiam

179 2290 517 2359 angelorum
550 2298 675 2353 est,
703 2287 819 2341 orbi
848 2285 971 2340 huic
1001 2283 1230 2353 regendo
1258 2284 1560 2352 deputatum
1591 2285 1745 2338 intel-

183 2382 297 2449 li’git
325 2379 709 2435 Adamantius
732 2415 749 2442 ,
771 2377 867 2431 sed
897 2375 1110 2429 selectis
1143 2373 1408 2441 aliquibus
1432 2388 1495 2427 ex
1527 2373 1745 2428 inferiol

182 2473 339 2526 ribus
391 2469 691 2524 ordinibus
718 2465 925 2535 angelis
973 2466 1028 2518 id
1074 2464 1307 2517 muneris
1338 2463 1500 2517 fuisse
1528 2464 1742 2531 imposi-

183 2563 327 2627 tum;
373 2560 549 2614 exiis
576 2571 739 2627 porro
780 2554 1059 2616 nonnullos
1105 2554 1231 2608 totis
1270 2552 1547 2621 praefectos
1572 2557 1744 2622 genti-

179 2653 320 2715 bus;
356 2650 511 2704 alios
544 2646 872 2716 provinciis;
908 2645 1126 2698 urbibus
1148 2644 1314 2707 alios,
1358 2643 1630 2708 Ecclesiis,
1658 2660 1744 2697 ar-

182 2745 331 2797 tibus
359 2781 378 2807 ,
410 2738 723 2807 disciplinis
744 2776 761 2802 ,
793 2735 1018 2805 singulis
1065 2749 1276 2803 quoque
1320 2735 1621 2788 heminibus
1641 2773 1656 2796 ,
1691 2748 1744 2789 et

180 2834 349 2887 rebus
381 2831 559 2885 etiam
608 2827 897 2890 inanimis,
946 2825 1022 2878 uti
1068 2839 1189 2879 mox
1225 2826 1741 2892 demonstrabimus;

181 2923 426 2991 illosque
474 2920 531 2973 in
564 2920 667 2972 hoc
694 2918 855 2971 etiam
907 2928 1126 2968 munere
1158 2915 1259 2967 sibi
1303 2914 1586 2973 succedere
1613 2914 1746 2966 invi-

179 3029 299 3070 cem
330 3030 350 3079 ;
382 3021 448 3067 et
481 3010 667 3080 plures
695 3018 1071 3073 nonnunquam
1096 3004 1297 3057 homini
1326 3003 1413 3056 uni
1453 3003 1702 3059 assistere
1723 3043 1741 3070 ,

180 3112 234 3158 et
259 3102 462 3158 omnia
495 3098 710 3167 angelis
731 3095 885 3165 plena
920 3107 1058 3148 esse.

250 3190 481 3247 XXVII.
523 3188 644 3242 Dixi
677 3186 1039 3240 Ecclesiarum
1075 3182 1238 3237 etiam
1283 3182 1516 3252 regimen
1543 3182 1745 3252 angelis

1845 667 2058 731 Ezech.,
2086 682 2229 719 unm.
2261 667 2291 717 7
2325 682 2337 717 :
2374 684 2392 715 ι
2426 666 2535 719 Non
2564 665 2757 719 sulllcit
2781 702 2799 729 .
2829 664 3032 732 inquit,
3066 678 3225 716 unum
3266 668 3397 718 cte-‘

1845 760 1949 811 lum
2004 757 2238 825 aperiri:
2273 759 2580 823 aperiuntur
2620 755 2831 822 plurimi
2861 794 2876 819 ,
2917 763 2973 807 ut
3018 754 3398 815 descendant,‘

1846 856 1946 901 n'on
1977 849 2044 901 ab
2078 864 2202 909 uno,
2246 847 2337 899 sed
2383 847 2450 898 ab
2490 846 2735 898 omnibus
2779 845 2933 899 caelis
2959 844 3130 914 angeli
3167 846 3229 897 ad
3279 838 3399 898 eos'

1844 938 1933 1006 qui
1977 937 2215 992 salvandi
2247 944 2390 990 sunt.
2443 953 2462 986 ι
2501 934 2564 987 Ει
2596 948 2715 987 mox
2742 953 2754 987 :
2787 952 2807 985 ι
2840 935 3061 1005 Quando
3087 944 3261 989 autem
3295 920 3401 988 vi-i

1845 1032 2031 1083 derunt
2077 1027 2368 1095 principem
2406 1024 2608 1077 militia:
2659 1024 2890 1077 ctelestis
2934 1025 2984 1076 in
3029 1011 3369 1077 terrestribus

1846 1120 1975 1173 locis
2009 1116 2341 1179 commorari,
2383 1124 2510 1168 tunc
2556 1127 2650 1181 per
2699 1122 2933 1180 apertam
2973 1112 3111 1165 viam
3144 1114 3368 1180 ingressi

1845 1218 1967 1264 sunt
1992 1216 2275 1276 sequentes
2316 1200 2592 1258 Dominum
2628 1217 2805 1266 suum,
2833 1211 2885 1255 et
2912 1212 3157 1267 parentes
3185 1201 3369 1255 volun-
3398 1198 3401 1201 ’

1847 1299 1937 1353 tati
1974 1298 2125 1365 ejus,
2158 1296 2246 1363 qui
2299 1293 2564 1348 distribuit
2611 1308 2703 1347 eos
2750 1292 2994 1346 custodes
3041 1293 3367 1346 credentium

1845 1387 2044 1442 nomini
2094 1400 2212 1441 suo.
2246 1384 2322 1437 Tu
2353 1385 2465 1437 heri
2493 1384 2592 1437 sub
2624 1381 2889 1436 daemonio
2914 1394 3051 1441 eras,
3085 1380 3239 1443 hodie
3269 1380 3369 1432 sub

1845 1477 2049 1542 angelo.
2084 1497 2102 1526 ι
2136 1475 2242 1529 Nec
2287 1473 2450 1526 multo
2495 1482 2610 1540 post
2640 1491 2653 1525 :
2688 1490 2707 1521 ι
2739 1471 2925 1526 Omnia
2976 1470 3175 1538 angelis
3215 1469 3365 1536 plena
3400 1476 3405 1483 ‘

1844 1575 1960 1621 sunt
1996 1583 2009 1619 :
2045 1558 2180 1628 v'eni,
2212 1564 2424 1633 angele,
2447 1564 2653 1632 suscipe
2684 1576 2926 1616 sermone
2951 1575 3262 1615 conversum
3297 1561 3365 1612 ab
3400 1574 3404 1580 ‘

1845 1672 2028 1712 errore
2055 1658 2297 1723 pristino,
2322 1670 2353 1708 a
2389 1654 2629 1709 doctrina
2660 1654 3060 1717 darmoniorum,
3083 1651 3149 1705 ab
3180 1650 3372 1717 iniqni-
3402 1652 3407 1657 ’

1848 1756 1953 1800 tate
1996 1748 2048 1801 in
2097 1747 2270 1798 Altum
2320 1745 2564 1812 loquente
2599 1751 2697 1797 :et
2738 1742 3028 1811 suscipiens
3071 1756 3192 1795 eum
3221 1741 3369 1808 quasi

1847 1839 2083 1892 medicus
2101 1839 2267 1891 bonus
2289 1836 2510 1889 confove
2544 1843 2700 1902 atque
2723 1834 2958 1887 institue.
2975 1832 3232 1885 Parvulas
3251 1843 3365 1895 est;
3404 1832 3409 1837 ’

1852 1927 2005 1981 hodie
2052 1927 2286 1981 nascitur
2311 1940 2471 1980 senex
2498 1937 2877 1991 repuerascens
2902 1939 2917 1976 :
2944 1933 2998 1975 et
3025 1923 3232 1988 suscipe
3269 1921 3367 1973 tri-
3402 1940 3406 1944 ·

1847 2017 2014 2069 buens
2060 2014 2109 2067 ei
2160 2012 2479 2080 baptismum
2529 2012 2775 2066 secunda:
2827 2009 3285 2079 regenerationis,
3318 2021 3405 2062 et‘

1848 2104 2046 2156 advoca
2076 2103 2165 2155 tibi
2193 2103 2323 2155 alios
2355 2102 2531 2155 socios
2557 2099 2833 2153 ministerii
2870 2098 2967 2159 tui,
3000 2105 3056 2150 ιιι
3079 2098 3252 2149 cuncti
3275 2110 3369 2162 pa-

1848 2192 1976 2242 riter
2017 2203 2110 2242 eos
2160 2189 2249 2255 qui
2297 2187 2582 2255 aliquando
2608 2185 2807 2251 decepti
2834 2191 2989 2245 sunt,
3023 2183 3276 2236 erudiatis
3304 2184 3370 2234 ad
3402 2190 3411 2207 π

1846 2278 2022 2334 fidem.
2052 2297 2071 2329 ι
2092 2276 2625 2331 Animadvertendum
2653 2281 2706 2327 et
2730 2274 2855 2326 illud
2885 2283 2968 2327 est
2991 2287 3023 2326 e
3047 2273 3139 2326 lib.
3159 2286 3198 2324 ιι
3230 2271 3369 2338 Περὶ
3400 2274 3407 2281 ’

1844 2365 2060 2435 ἀρχῶν,
2085 2382 2207 2435 cap.
2247 2366 2334 2429 lt),
2369 2379 2512 2419 num.
2546 2364 2617 2417 7:
2660 2384 2678 2416 ι
2709 2363 2890 2418 Potest
2918 2373 3092 2416 autem
3129 2375 3182 2416 et
3218 2363 3372 2415 tertio
3401 2368 3405 2373 '

1848 2471 2005 2511 sensu
2050 2456 2175 2509 illud
2223 2455 2442 2524 intelligi
2477 2455 2543 2508 de
2577 2453 2835 2508 divisione
2860 2454 2981 2515 ista,
3023 2461 3081 2506 ut
3125 2451 3370 2519 quoniam

1850 2546 2130 2614 unicuique
2174 2544 2401 2597 fidelium
2428 2582 2445 2608 ,
2488 2541 2694 2596 etiamsi
2728 2542 2975 2596 minimus
3014 2543 3085 2595 sit
3108 2542 3162 2594 in
3190 2540 3371 2594 Eccle-

1848 2636 1947 2696 sia,
1982 2636 2169 2687 adesse
2211 2632 2432 2702 angelus
2473 2631 2690 2692 dicitur,
2728 2630 2817 2697 qui
2862 2631 3022 2682 etiam
3058 2643 3267 2696 semper
3289 2628 3372 2680 vi-
3404 2632 3411 2655 ί

1849 2725 1971 2777 dere
1998 2722 2191 2776 faciem
2242 2721 2335 2775 Dei
2369 2720 2547 2773 Patris
2576 2735 2605 2772 a
2635 2719 2911 2773 Salvatore
2939 2717 3285 2785 perhibetur;
3318 2728 3373 2767 et

1849 2813 1936 2869 hic
1962 2815 2051 2883 qui
2081 2812 2260 2880 utique
2295 2825 2454 2863 unum
2483 2819 2599 2863 erat
2626 2823 2748 2863 cum
2775 2822 2839 2862 eo
2879 2808 2961 2861 cui
2987 2815 3227 2876 praeerat,
3255 2806 3300 2861 si
3327 2807 3372 2859 is

1849 2909 1941 2972 per
1971 2900 2378 2957 inobedientiam
2405 2898 2663 2953 eﬂiciatnr
2688 2897 2954 2964 indignus,
2984 2895 3182 2948 auferri
3213 2895 3280 2948 ab
3304 2911 3371 2950 eo
3398 2914 3413 2931 κ

1782 3005 1789 3010 '
1850 2993 1941 3046 Del
1964 2992 2181 3059 angelus
2204 2992 2442 3045 dicatur:
2468 2999 2523 3042 et
2551 2999 2673 3041 tunc
2697 3002 2819 3055 pars
2841 2985 2973 3054 ejus,
3002 2986 3053 3039 id
3073 2994 3155 3038 est
3186 2985 3372 3037 hnma:
3404 2988 3413 3018 λ

1849 3088 1930 3134 nae
1958 3090 2159 3133 naturae
2188 3092 2311 3146 pars
2339 3077 2520 3131 avulsa
2550 3092 2578 3128 a
2606 3076 2696 3128 Dei
2730 3087 2880 3143 parte
2907 3089 3027 3127 cum
3071 3072 3372 3126 infidelibus
3406 3072 3412 3095 ί

1847 3170 2395 3238 deputatur,quoniam
2413 3165 2850 3220 commonitiones
2869 3163 3086 3231 appositi
3105 3162 3204 3216 sibi
3221 3166 3249 3214 a
3267 3162 3376 3215 Deo
3410 3164 3419 3195 ἲ

179 3284 488 3355 Origenem
541 3279 852 3347 assignasse
889 3292 903 3328 :
936 3275 1198 3344 geminum
1238 3273 1498 3341 siquidem
1542 3241 1746 3327 unicui-
1772 3241 1815 3295 ϐ
1847 3258 2017 3347 θίξῧθιί
2049 3271 2150 3312 “0"
2181 3256 2410 3310 ﬁdem“
2437 3253 2744 3308 θυειοάίνίι·
2781 3270 2800 3303 ³
2833 3250 2998 3304 Το¹¹¹⁰
3036 3264 3243 3317 (ιιιοαιιε
3274 3265 3372 3303 il"
3410 3260 3417 3273 ”

178 3391 287 3445 que
324 3372 603 3430 Ecclesiae
630 3381 863 3439 praeesse
890 3366 1126 3422 decrevit
1150 3365 1480 3433 episcopum,
1506 3372 1747 3431 aspecta-

178 3466 351 3523 bilem
376 3465 580 3524 alium,
603 3460 768 3514 alium
788 3458 888 3512 sub
908 3456 1090 3512 oculos
1106 3456 1409 3523 neutiquam
1435 3455 1743 3517 cadentem;

181 3560 462 3613 suadente
493 3550 852 3622 Apocalypsis
879 3546 1111 3602 secundo
1137 3545 1328 3613 capite,
1371 3544 1459 3597 ubi
1491 3542 1653 3595 multa
1684 3544 1747 3595 de

181 3649 401 3720 angelis
458 3642 831 3699 Ecelesiarum
884 3635 1243 3689 Asiaticarum
1296 3646 1436 3685 cura:
1484 3629 1748 3698 praefectis

181 3718 570 3797 disseruntur.
602 3732 732 3797 Qua:
754 3726 1040 3788 sententia,
1070 3722 1319 3792 quoniam
1366 3718 1616 3772 tralatitia
1645 3725 1746 3782 est,

182 3820 239 3889 et
267 3833 513 3887 Patrum
568 3834 829 3878 consensu
876 3816 1099 3871 subnixa
1124 3852 1141 3877 ,
1187 3811 1442 3863 addemus
1485 3822 1546 3860 ea
1577 3806 1747 3860 solum

182 3921 455 3995 Origenis
503 3915 669 3970 verba
705 3926 768 3965 ex
802 3905 989 3962 homil.
1027 3902 1097 3956 25
1148 3902 1202 3953 in
1231 3897 1358 3952 Luc.
1391 3909 1410 3947 :
1446 3914 1463 3946 ι
1500 3894 1609 3962 Ego
1644 3909 1746 3946 non

181 3986 417 4082 ambigo
445 4021 504 4063 et
541 4009 594 4059 in
627 4013 766 4057 etetu
812 4006 997 4051 nostro
1029 3993 1214 4046 adesse
1256 3986 1492 4056 angelos,
1526 4000 1631 4037 non
1663 3997 1751 4036 so-

184 4085 302 4162 lum
343 4071 711 4173 "generaliter
774 4086 917 4144 omni
944 4081 1218 4138 Ecclesize.
1247 4078 1338 4131 sed
1373 4075 1531 4128 etiam
1555 4071 1750 4140 sigilla-

183 4202 286 4255 tim
318 4215 335 4253 :
366 4168 443 4249 de
467 4188 667 4259 quibus
695 4180 941 4236 Salvator
969 4175 1043 4227 ait
1072 4188 1088 4225 :
1127 4168 1309 4237 Angeli
1346 4181 1519 4218 eorum
1557 4176 1751 4259 semper

175 4251 369 4344 uident
426 4251 625 4353 [aciem
662 4272 833 4326 Patris
863 4267 962 4319 mei
983 4263 1072 4330 qui
1100 4262 1154 4313 in
1183 4258 1320 4311 caelis
1345 4264 1418 4313 est
1453 4254 1517 4305 δι.
1551 4251 1749 4320 Duplex

177 4339 481 4463 hic'ade'st
532 4363 772 4427 Ecclesia
796 4401 813 4425 ,
847 4371 949 4411 una
985 4348 1253 4407 hominum
1279 4385 1296 4409 ,
1322 4345 1486 4397 altera
1538 4339 1749 4409 angelov

544 4450 561 4463 ’⁸
591 4460 601 4463 “
624 4457 636 4463 ·
872 4448 904 4463 -’
958 4461 969 4463 ς
989 4458 1055 4463 ΑΛ.
1112 4448 1158 4463 μ.
1192 4438 1331 4463 :......_
1359 4434 1748 4463 Qndmnwwnm

177 4434 339 4528 litin.
373 4466 439 4521 Si
472 4450 774 4530 quidjuxta
809 4448 1085 4505 rationem,
1110 4448 1163 4494 et
1184 4438 1333 4507 juxta
1359 4434 1750 4547 Scripturatl'um

216 4531 225 4547 ί
506 4538 509 4541 ’
844 4538 857 4547 ·
1006 4544 1015 4547 -
1120 4546 1129 4547 κ
1186 4528 1277 4547 -μιε
1332 4536 1375 4547 -.
1404 4523 1547 4547 μυί...
1575 4535 1639 4547 ..η
1660 4519 1749 4547 ,πμ

1846 3340 1907 3407 iri
1927 3351 2138 3415 Matth.,
2176 3364 2319 3403 num.
2343 3348 2398 3410 6,
2424 3347 2551 3400 solis
2586 3346 2650 3399 iis
2683 3345 2979 3414 angelicam
3015 3344 3218 3396 videtur
3240 3342 3375 3396 assi-

1848 3454 2010 3512 gnare
2039 3440 2285 3502 tutelam,
2318 3439 2405 3505 qui
2436 3451 2499 3491 ea
2545 3449 2603 3488 se
2628 3434 2814 3503 dignos
2854 3432 3194 3501 prtestitcrint
3221 3447 3235 3483 :
3258 3430 3375 3484 Ἵνα

1847 3532 2144 3605 ἐνεργήσῃ,
2186 3529 2387 3595 inquit,
2433 3524 2644 3594 πνεῦμα
2698 3521 2998 3594 ἀκάθαρτον
3039 3522 3118 3582 εἰς
3154 3518 3244 3573 τὸν
3290 3519 3378 3573 διά
3416 3528 3423 3540 ³

1844 3616 1992 3684 τινας
2020 3620 2193 3681 αἰτίας
2216 3615 2628 3687 παραδιδόμενον
2652 3611 2816 3681 αὐτῷ,
2851 3611 2942 3663 καὶ
2982 3611 3055 3683 μὴ
3085 3608 3377 3680 ποιήσαντα

1848 3709 2205 3774 ἑαυτὸνιᾶξιον
2231 3706 2467 3778 φρουρᾶς
2497 3702 2804 3772 ἀπελικῆς·
2826 3709 2880 3754 et
2913 3711 3052 3754 temo
3086 3710 3338 3767 sequente
3358 3736 3377 3762 ,

1849 3816 1995 3871 num.
2034 3800 2126 3860 2i.
2173 3811 2347 3850 annon
2387 3795 2562 3847 anima
2608 3807 2724 3860 quae
2753 3789 2928 3859 angeli
2978 3788 3190 3842 tutelam
3219 3784 3428 3840 fuerit“

1849 3868 2168 3959 promerita,
2199 3887 2248 3940 ei
2281 3886 2446 3937 nubat
2469 3923 2484 3947 ,
2513 3884 2584 3935 ita
2620 3882 2875 3948 inquirit,
2910 3889 2965 3931 ut
3014 3878 3065 3931 id
3112 3866 3377 3929 afﬁrmare

1851 3979 2121 4041 videatur;
2161 3976 2410 4040 additque
2436 3986 2552 4024 eam
2596 3968 2897 4036 hujusmodi
2948 3964 3174 4034 praesidii
3205 3964 3375 4034 gratia

1852 4082 2002 4135 posse
2029 4065 2299 4125 excidere,
2330 4063 2374 4115 si
2421 4075 2522 4128 qua
2556 4059 2673 4112 labe
2717 4058 2911 4110 foedata
2950 4054 3266 4123 reperiatur;
3301 4053 3380 4105 alo

1794 4160 1797 4165 ’
1851 4158 2052 4225 terique
2074 4154 2261 4222 subjici
2288 4153 2498 4220 angelo,
2520 4160 2677 4217 atque
2712 4149 2838 4201 item
2880 4146 3070 4207 alteri,
3104 4153 3372 4213 prouteo-

1851 4261 1964 4299 rum
1994 4257 2093 4312 ope
2124 4251 2177 4296 et
2205 4241 2474 4294 consortio
2501 4240 2767 4306 indignam
2810 4246 2879 4290 se
2900 4233 3236 4303 praestiterit;
3279 4248 3377 4286 nec

1850 4334 2042 4404 angeli,
2080 4347 2108 4384 a
2137 4347 2240 4401 quo
2268 4329 2430 4384 semel
2461 4328 2732 4395 repudiata
2763 4336 2864 4388 est,
2901 4324 3247 4393 patrocinimn
3273 4323 3376 4376 ite-

1851 4441 1966 4479 rum
1997 4424 2099 4478 sibi
2133 4421 2389 4491 spondere
2417 4433 2587 4487 posse.
2616 4417 2797 4475 Utitur
2819 4416 2882 4467 ad
2911 4415 3023 4467 hmo
3047 4412 3164 4466 libri
3194 4411 3380 4464 Pasto-

506 4504 817 4600 inuidiam,
844 4504 1088 4590 lzetantur
1112 4504 1303 4597 angeli,
1327 4519 1751 4579 etorautnobis-
1786 4546 1828 4600 Β
1852 4519 1924 4570 ris
1975 4512 2296 4568 auctoritate
2320 4555 2335 4574 ,
2376 4513 2464 4580 qui
2504 4510 2744 4563 homines
2795 4506 3063 4560 Christum
3110 4504 3377 4570 professos

174 4564 438 4625 dicimus
463 4550 817 4607 voluntatem,
845 4550 1088 4590 lzetantur
1112 4550 1303 4597 angen,
1327 4550 1381 4579 et
1400 4550 1555 4625 ora:
1575 4550 1693 4625 ..γυῖ

522 4638 649 4710 quia
690 4636 979 4704 praesentes
1028 4619 1196 4690 angeli
1245 4625 1368 4710 siml
1414 4613 1466 4710 in
1496 4609 1747 4669 Ecclesia,

172 4702 379 4801 ἷιῖἷίίυ
417 4702 705 4789 duntaxat
724 4736 840 4791 quae
872 4722 1122 4774 meretur,
1166 4719 1218 4762 et
1254 4702 1448 4801 Christi
1483 4710 1605 4801 est,
1626 4714 1751 4792 pro-

417 4820 709 4879 orantibus
741 4788 976 4866 feminis
1006 4799 1307 4905 praecipitur:
1336 4793 1402 4857 ",
1441 4801 1498 4844 ut
1519 4788 1754 4905 habeam
1788 4854 1793 4859 ο

170 4878 452 4981 :e-lanien
505 4923 668 4978 super
695 4911 858 4973 caput
898 4899 1119 4963 propter
1155 4885 1367 4954 angelos
1391 4922 1404 4944 ,
1458 4881 1639 4981 utique
1679 4878 1753 4981 .il-

166 4978 265 5081 luis
321 5010 425 5080 qui
478 5001 738 5055 assistunt
766 4988 1022 5067 sanctis,
1069 4989 1124 5035 et
1173 4978 1325 5031 laetati

164 5107 291 5158 sia.
344 5120 368 5152 ι

248 5145 527 5246 ξένω.
561 5179 631 5233 At
661 5180 726 5231 de
749 5169 950 5240 angelis
993 5163 1265 5220 hominum
1294 5145 1754 5246 custodite-priete-

161 5237 489 5346 ens-Jan
518 5268 748 5324 sentiret
771 5237 1050 5328 Osigenes,
1067 5260 1385 5346 certum-non
1410 5237 1754 5346 habuit:lNatn

165 5374 447 5445 primum
480 5361 740 5424 relinquit
785 5361 1003 5406 dubium
1031 5385 1070 5445 ,Δ
1084 5361 1379 5442 singulisne
1414 5361 1502 5433 Itur

161 5427 261 5520 armi
290 5454 515 5515 Christi
546 5451 702 5503 tidem
734 5443 902 5519 solum
948 5433 1217 5505 professis,
1262 5438 1314 5481 et
1340 5427 1535 5479 sanctis
1578 5427 1756 5520 custos

346 5511 439 5601 lus
489 5516 831 5605 assignetur.
870 5523 1141 5601 Posterius
1179 5517 1306 5572 illud
1355 5513 1507 5605 tueri
1547 5511 1754 5605 videtur

164 5598 507 5702 ἱξῗιῖίίλιι
538 5598 831 5684 in'Numq
874 5598 1019 5669 num.
1062 5611 1114 5674 ’5,
1144 5619 1199 5663 et
1237 5604 1416 5659 homil.
1440 5599 1511 5654 25
1535 5601 1589 5653 in
1614 5598 1749 5654 J08"

250 5821 309 5851 “
357 5811 555 5869 Matth.
593 5816 745 5861 XVIII,
786 5794 865 5847 lt}.
960 5789 1001 5821 ν’
1034 5786 1185 5840 lCor.
1222 5801 1292 5850 Kl,
1324 5780 1405 5836 l0.

1333 4985 1417 5025 tur
1467 4972 1519 5024 in
1571 4968 1791 5033 Ecele-q

625 5357 740 5424 quit
785 5351 1003 5406 dubium
1031 5385 1047 5406 ,
1084 5339 1379 5410 singulisne
1413 5331 1711 5386 hominibus
1735 5369 1753 5393 ,
1794 5388 1800 5393 ‘

1854 4604 2095 4661 Michaeli
2142 4603 2331 4672 subjici
2363 4600 2538 4664 docet,
2580 4598 2670 4652 sed
2700 4608 2914 4665 promer
2943 4593 3229 4661 voluptatis
3262 4601 3363 4645 stn-
3420 4584 3425 4591 ’

1853 4696 2015 4759 dium,
2039 4692 2092 4746 in
2132 4693 2347 4746 tutelam
2370 4689 2609 4751 alterius,
2629 4689 2717 4756 qui
2742 4686 2945 4740 deliciis
2975 4692 3186 4751 prteest,
3217 4690 3381 4734 trans—
3418 4676 3429 4701 ί

1855 4786 1950 4848 ire,
1985 4796 2091 4835 tum
2144 4781 2294 4833 alteri
2325 4780 2457 4832 tra'di
2491 4779 2579 4846 qui
2611 4777 2816 4846 poenis,
2843 4790 2906 4828 ac
2950 4775 2998 4828 ei
3040 4772 3251 4826 demum
3290 4771 3378 4838 qui

1854 4871 2177 4941 poenitentia:
2202 4869 2480 4938 praefectus
2500 4877 2598 4919 est.
2627 4865 2854 4918 Rursum
2876 4861 3060 4916 homil.
3084 4859 3153 4913 23
3179 4860 3231 4911 in
3254 4856 3378 4935 Lu‘c.
3425 4851 3433 4877 τ

1855 4960 2066 5026 angelos
2098 4960 2385 5026 praesentes
2406 4972 2526 5010 esse
2552 4957 2707 5009 docet
2736 4955 2789 5006 in
2814 4972 2815 4975 η
2840 4966 2901 5005 ea
2940 4951 3111 5003 solum
3147 4945 3397 4999 Ecclesia
3425 4947 3436 4963 ⁸

1859 5068 1879 5103 t
1910 5045 2041 5118 'qua:
2066 5057 2320 5110 meretur,
2343 5057 2394 5098 et
2428 5045 2625 5099 Christi
2652 5051 2751 5097 est.
2806 5060 2825 5091 ι
2875 5041 2979 5095 Sed
3013 5049 3067 5090 et
3090 5037 3218 5089 mihi
3251 5051 3383 5101 pene
3422 5048 3433 5068 ι

1854 5141 1976 5213 illud
2002 5139 2293 5200 exciderat,
2324 5137 2462 5204 quod
2484 5137 2558 5188 ait
2582 5135 2764 5189 homil.
2789 5130 2821 5185 5
2843 5134 2895 5183 in
2927 5131 3114 5192 Nam,
3152 5124 3378 5183 num.‘3,

1859 5249 1877 5281 ι
1914 5210 2050 5282 iusti
2077 5227 2217 5280 enim
2265 5234 2426 5286 sunt,
2458 5224 2547 5292 qui
2600 5222 2839 5288 indigent
2870 5218 3133 5286 adiutorio
3163 5210 3379 5278 angelo-
3424 5232 3427 5235 -

1856 5304 1970 5375 rum
2000 5318 2130 5380 Dei,
2162 5316 2235 5370 uti
2280 5330 2349 5368 ne
2388 5329 2417 5365 a
2452 5313 2785 5366 dzemonibus
2824 5307 3173 5361 subruantur,
3211 5308 3266 5350 et
3318 5313 3383 5348 ne

1855 5400 2015 5465 corda
2054 5420 2234 5460 eorum
2260 5404 2449 5472 sagitta
2485 5402 2701 5455 volante
2748 5399 2799 5449 in
2841 5392 3074 5448 tenebris
3112 5386 3384 5472 terebren-

1859 5490 1982 5567 tur;
2028 5517 2049 5551 ι
2076 5508 2130 5551 et
2171 5495 2312 5566 quod
2331 5471 2442 5547 ilib.
2472 5507 2569 5545 vut
2595 5499 2779 5544 contra
2805 5483 2969 5545 (ξιιμ,
2998 5489 3143 5531 num.
3173 5471 3271 5565 ὃς»,
3298 5474 3387 5527 ubi

1858 5572 2035 5647 datam
2068 5562 2433 5645 esse‘daamoni
2471 5583 2755 5637 adversmn
2780 5572 2972 5665 impios
2998 5562 3315 5637 potestatem
3341 5571 3395 5617 et
