3894 6440
433 438 531 487 i579

1662 411 1720 465 P.
1766 411 2069 467 DANIELIS
2107 410 2338 464 HUETl!

3620 397 3719 451 880

434 549 703 617 imperium
737 538 962 599 fatetur;
990 540 1204 585 sanctos
1231 538 1406 584 autem
1430 542 1458 581 a
1487 527 1701 589 Christo
1726 529 1955 596 protegi,
1988 532 2031 587 Α
2057 528 2137 580 vis
2172 536 2226 581 et
2263 527 2359 595 ipsi
2402 526 2635 595 apostoli
2687 522 2916 593 angelis
2958 525 3204 571 utantur
3235 514 3605 584 adjutoribus
3658 515 3721 567 ad

436 638 521 703 qui
542 639 721 686 contra
750 627 1041 678 dtemonum
1072 619 1308 672 assultus
1337 617 1553 684 angelos
1599 632 1727 670 suos
1759 627 1961 670 tutores

432 725 497 776 iis
534 715 749 771 addidit.
795 711 849 764 id
892 709 1030 777 quod
1072 708 1306 761 suasisse
1344 705 1550 773 videtur
1588 704 1809 771 Origeni
1854 704 1960 757 Da-

429 808 656 861 vidieum
720 800 843 853 illul
907 797 1092 865 psalmi
1152 810 1341 857 χχχιιι,
1401 796 1432 850 8
1474 813 1487 848 :
1529 812 1549 846 ι
1601 795 1962 850 Castrameta-

429 897 569 959 bitur
606 889 829 959 angelus
875 886 1079 942 Domini
1122 886 1173 939 in
1208 886 1432 939 circuitu
1466 883 1769 939 timentium
1815 899 1962 949 eum,

427 996 480 1040 et
512 983 697 1049 eripiet
730 992 839 1035 eos.
874 997 891 1027 ι

496 1078 549 1127 ln
588 1069 856 1125 contraria
894 1074 1068 1120 autem
1110 1064 1235 1118 alibi
1281 1063 1545 1127 discedit,
1590 1072 1644 1117 et
1688 1063 1959 1118 neminem

429 1163 621 1223 asserit
658 1159 898 1228 angelico
939 1169 1124 1210 carere
1161 1155 1409 1221 pra'sidio
1458 1174 1469 1207 :
1510 1163 1636 1222 puta
1678 1163 1821 1207 tomo
1865 1168 1962 1206 χιιι

428 1260 480 1312 in
507 1253 722 1312 Matth.,
748 1264 893 1303 num.
917 1248 971 1308 5,
1012 1246 1100 1299 tibi
1124 1245 1353 1297 lunatico
1383 1244 1529 1307 huic,
1564 1260 1721 1312 quem
1757 1243 1967 1298 curavit

434 1346 723 1405 Dominus,
763 1337 1003 1407 angelum
1054 1336 1249 1389 bonum
1306 1332 1540 1387 adfuisse
1596 1334 1793 1397 docet,
1853 1341 1962 1387 tum

429 1440 585 1492 etiam
614 1448 731 1487 cum
770 1447 799 1484 a
830 1431 1067 1484 daemone
1102 1435 1408 1489 vexaretur,
1454 1435 1508 1477 et
1559 1425 1788 1477 nondum
1822 1424 1965 1477 salu-

431 1540 597 1583 tarem
633 1524 827 1581 Christi
862 1536 1011 1590 opem
1054 1519 1303 1573 sensisset
1337 1515 1561 1585 εΠατὴρ
1597 1516 1651 1568 δὲ
1690 1515 1783 1568 τοῦ
1819 1514 1966 1583 σελη-

431 1617 740 1686 νιαζομένου
761 1614 897 1682 τάχα
924 1614 951 1664 ὁ
976 1609 1151 1679 λαχὼν
1186 1606 1342 1662 αὑτὸν
1378 1606 1619 1674 ἄγγελος·
1651 1606 1756 1658 εἴτε
1788 1605 1967 1657 πᾶσαν

432 1709 642 1764 λεκτέον
681 1704 1019 1775 ἀνθρωπίνην
1062 1699 1235 1770 ψυχὴν
1283 1697 1386 1750 ὑπό
1426 1715 1526 1749 τινι
1580 1695 1832 1765 τετάχθαι
1876 1696 1970 1761 ἁγ-

433 1800 590 1869 γέλῳ.
638 1795 892 1852 lllustrior
919 1792 1075 1846 etiam
1102 1798 1183 1843 est
1226 1788 1372 1842 locus
1410 1785 1543 1839 alter
1582 1801 1644 1839 ex
1684 1784 1864 1838 homil.
1897 1784 1965 1837 55

432 1859 485 1943 in
530 1859 658 1941 fare.
705 1885 755 1938 in
784 1898 888 1952 quo
936 1879 1274 1949 parvulorum
1313 1879 1400 1947 qui
1434 1875 1679 1929 Ecclesia:
1711 1873 1970 1927 dederunt
2000 1859 2041 1911 Β

434 1993 663 2042 nomen,
709 1974 922 2043 angelos
952 1972 1139 2025 faciem
1169 1969 1401 2023 caelestis
1448 1966 1621 2020 Patris
1654 1978 1864 2032 semper
1892 1963 1971 2015 vi-

434 2071 562 2124 dere
609 2071 903 2128 asseverat;
950 2059 1042 2129 qui
1076 2073 1201 2112 vero
1235 2058 1301 2110 ab
1334 2054 1568 2109 Ecclesia
1616 2053 1771 2105 alieni
1824 2060 1968 2120 sunt,

433 2173 615 2214 eorum
642 2155 860 2223 angelos
891 2154 956 2205 ad
993 2148 1225 2203 cceiestis
1256 2145 1429 2200 Patris
1462 2144 1648 2197 faciem
1680 2142 1862 2196 oculos
1889 2151 1971 2192 at-

437 2248 618 2302 tollere
644 2260 746 2297 non
780 2242 1009 2305 audere;
1048 2248 1099 2292 et
1137 2252 1233 2305 pro
1280 2236 1550 2289 hominum
1599 2232 1699 2285 sibi
1732 2231 1970 2284 subdito-

436 2353 553 2391 rum
577 2334 785 2390 meritis
816 2347 879 2385 ac
902 2328 1217 2391 virtutibus,
1262 2325 1377 2394 plus
1421 2324 1691 2386 minusve,
1718 2320 1797 2374 vel
1833 2335 1971 2374 sem-

436 2441 550 2494 per,
580 2422 666 2477 vel
698 2435 963 2488 nunquam
1009 2417 1100 2471 Dei
1149 2416 1349 2468 vultum
1395 2410 1743 2481 contemplari
1791 2424 1968 2479 posse.

437 2515 574 2580 Quin
607 2512 768 2565 etiam
805 2506 1086 2574 unicuique
1112 2504 1325 2572 angelos
1350 2504 1482 2556 duos
1503 2540 1519 2565 ,
1546 2500 1741 2553 bonum
1769 2512 1928 2550 unum
1942 2537 1969 2565 δ

436 2603 633 2657 malum
678 2599 897 2653 alterum
929 2596 1115 2649 adesse
1147 2609 1248 2648 non
1282 2606 1385 2646 uno
1416 2591 1532 2645 loco
1578 2589 1968 2659 pronuntiavit,

457 2704 495 2752 ιι
526 2692 683 2761 paulo
709 2688 927 2747 inferius
966 2684 1323 2740 ostendemus.

507 2784 720 2838 Dubitat
748 2789 1000 2849 praterea
1043 2775 1301 2843 Origenes
1330 2781 1505 2827 utrum
1540 2770 1608 2824 ab
1644 2770 1758 2838 ipso
1790 2766 1967 2822 statim

436 2886 556 2935 artu
583 2873 799 2942 angelus
825 2884 1002 2925 comes
1027 2865 1227 2922 homini
1257 2864 1446 2926 electo,
1476 2872 1530 2917 et
1552 2861 1707 2915 saluti
1737 2858 1974 2914 destina-

439 2974 493 3019 ιο
521 2963 833 3030 adjungatur
858 2974 885 3012 a
922 2959 1029 3013 Deo
1057 2999 1072 3023 ,
1101 2973 1167 3011 an
1202 2971 1232 3010 a
1261 2954 1544 3023 baptismo.
1588 2951 1797 3004 Prostat
1822 2949 1975 3002 locus

442 3064 583 3108 torno
624 3066 719 3104 χιιι
752 3051 807 3103 in
845 3047 1060 3111 Matt/t.,
1104 3060 1250 3098 num.
1300 3042 1388 3105 26,
1422 3041 1507 3094 ubi
1550 3037 1674 3092 illud
1705 3036 1975 3107 evangeli-

434 3154 534 3199 sta:
573 3144 621 3177 “
668 3142 999 3210 explanans:
1035 3157 1053 3189 ι
1088 3137 1273 3189 Videte
1326 3147 1394 3187 ne
1425 3129 1775 3185 contemnatis
1811 3141 1971 3180 unum

438 3248 503 3287 ex
535 3232 618 3287 his
644 3229 847 3298 pusillis
877 3267 893 3293 ,
924 3246 943 3278 ι
972 3224 1159 3294 quaerit
1189 3237 1366 3275 annon
1400 3220 1488 3287 qui
1528 3220 1578 3272 in
1602 3217 1817 3273 Christo
1845 3230 1971 3284 par-

438 3318 545 3373 vuli
574 3327 696 3371 sunt
723 3326 775 3370 et
797 3310 1438 3383 imperfecti,angelorum
1471 3307 1710 3360 custodia
1741 3313 1969 3375 egeant;

441 3405 668 3472 majores
712 3411 885 3456 autem
920 3410 973 3455 et
1022 3397 1287 3468 perfecti,
1342 3394 1540 3448 Christi
1602 3393 1784 3461 ipsius.
1832 3391 1966 3443 Tum

438 3490 781 3559 quaestionem
814 3495 1280 3542 commemoratam
1308 3480 1576 3550 proponit,
1613 3480 1801 3547 ecquid
1828 3484 1971 3546 post-

440 3594 600 3647 quam
628 3578 735 3631 nati
754 3589 878 3631 sunt
905 3574 1152 3639 infantes,
1182 3589 1252 3626 an
1280 3579 1554 3639 postquam
1587 3568 1779 3632 renati,
1809 3578 1972 3633 ange-

442 3665 610 3719 lorum
641 3662 916 3720 custodum
940 3663 1205 3718 consortio
1235 3660 1492 3713 fruantur.
1521 3656 1813 3724 Utramque
1843 3654 1972 3709 locis

439 3772 472 3811 e
500 3754 775 3823 Scriptura
813 3753 1051 3823 quaesitis
1075 3750 1224 3805 fulcit
1257 3748 1593 3813 sententiam,
1625 3745 1716 3800 sed
1741 3744 1971 3813 priorem

443 3843 709 3913 pluribus;
738 3841 1013 3913 posteriori
1042 3853 1167 3894 vero
1208 3848 1535 3904 consequens
1558 3846 1676 3887 esse
1709 3831 1970 3901 agnoscit,

442 3933 641 4004 angelis
694 3932 903 3986 Satante
933 3929 1197 3983 subditum
1228 3941 1347 3981 esse
1398 3923 1663 3978 hominem
1692 3960 1709 3988 ,
1740 3922 1972 3989 quandiu

443 4024 601 4079 fidem
626 4018 821 4077 Christi
855 4035 959 4074 non
988 4019 1239 4087 suscepit.
1275 4015 1511 4069 insolens
1535 4022 1709 4066 autem
1740 4027 1802 4065 ac
1827 4011 1976 4064 dam-

445 4129 629 4169 nosum
666 4110 913 4179 estquod
962 4108 1164 4177 adjicit,
1216 4103 1459 4172 angelum
1510 4101 1739 4156 fortasse
1770 4096 1972 4155 homini

447 4203 680 4259 nascenti
733 4200 1001 4256 custodem
1046 4196 1323 4257 additum,
1377 4191 1570 4245 malum
1623 4189 1775 4243 initio
1825 4203 1973 4252 esse;

444 4292 637 4345 Christi
662 4291 851 4345 deinde
885 4289 1178 4343 doctrinam
1208 4291 1515 4352 capessente
1539 4294 1725 4349 puero,
1756 4278 1975 4332 eosdem

447 4379 620 4432 facere
666 4392 972 4449 progressus
1003 4376 1242 4445 angelum
1268 4414 1285 4439 ,
1315 4384 1368 4427 et
1397 4370 1590 4425 faciem
1622 4369 1831 4423 demum
1864 4381 1976 4422 εω-

447 4468 594 4522 lcstis
621 4466 791 4521 Patris
822 4476 1091 4535 spectare:
1119 4463 1199 4517 vel
1221 4464 1442 4516 fortasse
1469 4458 1709 4530 angelum
1744 4458 1972 4523 homini,
2006 4487 2050 4540 ι)
2080 4464 2374 4517 arbitratur
2394 4504 2408 4517 .
2476 4465 2612 4531 Qua:
2693 4485 2837 4528 sane
2914 4489 2989 4530 ex

449 4548 528 4608 vel
576 4555 837 4609 hominem
881 4555 1066 4623 angelo
1111 4553 1294 4608 salutis
1342 4560 1614 4605 auctorem
1658 4548 1921 4603 exsistere
1957 4563 1973 4612 ;

449 4643 725 4700 nonnullos
746 4657 870 4697 vero
893 4659 923 4696 e
947 4644 1241 4698 tutelarium
1270 4644 1576 4711 angelorum
1614 4653 1834 4691 numero
1857 4636 1972 4688 Pa-

450 4737 547 4790 tris
576 4733 807 4789 cmlestis
834 4744 1042 4800 aspectu
1091 4748 1300 4801 semper
1351 4732 1474 4784 frui.
1510 4729 1707 4782 Deinde
1752 4726 1977 4796 opponit

447 4824 547 4881 sibi
569 4822 708 4893 quod
732 4822 783 4874 in
816 4820 962 4873 Actis
982 4822 1340 4884 apostolorum
1373 4818 1627 4886 scriptum
1654 4824 1735 4868 est
1763 4815 1830 4876 “,
1867 4813 1979 4882 pui—

446 4919 599 4968 saule
620 4909 810 4964 05tium
841 4906 1014 4970 Petro,
1048 4906 1135 4971 qui
1176 4906 1317 4958 intus
1347 4916 1518 4969 erant,
1550 4904 1713 4971 ipsius
1741 4916 1858 4954 esse
1882 4915 1979 4952 an-

449 5002 619 5073 gelum
650 4993 1053 5068 pronuntiasse;
1085 5008 1185 5046 non
1232 5008 1356 5060 ergo
1388 4992 1634 5060 perfectis
1666 4989 1937 5045 Christum
1963 5026 1977 5051 ,

450 5095 542 5147 sed
570 5086 815 5159 angelum
846 5083 1026 5136 itidem
1050 5090 1106 5133 ut
1131 5079 1350 5147 reliquis
1380 5082 1667 5144 assistere;
1696 5080 1979 5147 respondet

450 5198 545 5254 pro
568 5182 812 5248 dogmate
837 5172 1150 5230 sententiam
1178 5171 1382 5222 illorutn
1416 5172 1717 5237 neutiquam
1744 5184 1862 5222 esse
1889 5168 1978 5219 ha-

449 5270 693 5331 bendam,
718 5264 897 5334 quisic
920 5258 1172 5313 sentiunt.
1204 5256 1381 5324 itaque
1405 5256 1588 5308 homil.
1614 5257 1681 5308 2i
1714 5257 1765 5307 in
1795 5254 1980 5317 Num.,

452 5375 597 5413 nutu.
627 5360 683 5422 ὅ,
706 5354 866 5425 iustis
901 5360 955 5405 et
981 5346 1163 5402 electis
1212 5347 1381 5414 ipsum
1431 5346 1616 5397 adesse
1668 5345 1939 5397 Dominum
1967 5383 1982 5407 ,

455 5450 791 5505 inferioribus
827 5458 952 5499 vero
989 5439 1204 5509 angelos
1253 5436 1465 5509 disertis
1510 5435 1687 5489 verbis
1732 5435 1978 5489 aﬂirmat.

454 5541 540 5595 Sic
569 5543 679 5611 ipse
703 5534 1079 5609 tamethomil.
1110 5532 1164 5585 ll
1199 5532 1252 5583 in
1280 5525 1462 5591 Num.,
1497 5544 1639 5580 num.
1665 5529 1695 5579 4
1715 5546 1727 5579 ;
1748 5547 1765 5577 ι
1793 5527 1984 5592 Quatu-

456 5808 459 5811 Α
529 5735 567 5764 ⁸³
595 5738 771 5792 Matth.
814 5756 957 5804 xvut,
995 5739 1078 5793 l0.
1152 5737 1193 5767 δ’·
1223 5736 1340 5789 Act.
1376 5749 1468 5801 xu,
1509 5734 1587 5795 l5,
1616 5732 1695 5784 15.

2062 615 2375 683 explendum
2407 615 2822 684 prtedicationis
2851 627 2974 665 suae
3017 624 3256 670 munus,
3274 617 3338 660 et
3374 620 3524 674 opus
3548 606 3720 658 Evan-

2062 706 2181 774 gelii
2215 708 2730 759 consummandum.
2779 701 2879 755 Sic
2916 700 3080 753 enim
3118 697 3435 751 dicebatur
3472 696 3530 747 in
3570 694 3718 749 Aeti-

2063 797 2160 849 bns
2207 793 2566 863 apostolorum
2594 793 2669 856 ",
2725 791 2863 859 quia
2905 788 3157 856 angelus
3188 785 3353 839 Petri
3407 793 3588 847 esset,
3636 784 3721 850 qui

2062 883 2299 950 pulsaret
2323 883 2389 936 ad
2418 882 2645 936 ostium.
2683 877 2979 935 Similiter
3010 889 3153 943 ergo
3203 871 3562 939 intelligitur
3612 885 3726 927 esse

2061 984 2116 1028 et
2148 974 2280 1027 alius
2312 973 2458 1026 Pauli
2490 972 2728 1039 angelus
2756 1010 2772 1033 ,
2818 969 2979 1021 sicut
3008 974 3101 1017 est
3144 962 3345 1022 Petri.
3377 972 3441 1018 et
3480 960 3627 1015 alius
3655 963 3731 1017 al-

2064 1064 2228 1117 terius
2256 1061 2506 1131 apostoli,
2534 1070 2589 1114 et
2616 1059 2987 1130 singulorum
3036 1070 3140 1122 per
3172 1054 3484 1106 ordinem.
3524 1070 3547 1102 »
3588 1050 3729 1117 Quo-

2065 1168 2183 1206 rum
2210 1152 2404 1206 similia
2442 1151 2609 1203 habet
2641 1150 2798 1203 hom.
2826 1146 2907 1199 25
2943 1147 3005 1197 in
3030 1143 3187 1207 103.,
3232 1156 3406 1194 num.
3443 1140 3505 1194 3.

2137 1243 2326 1299 XXIX.
2374 1244 2579 1296 Praeter
2633 1239 2899 1294 homines
2935 1235 3380 1302 hominumque
3434 1242 3733 1285 conventus

2068 1348 2128 1387 ac
2150 1334 2467 1393 societates,
2498 1341 2614 1383 tum
2663 1326 3125 1389 ecclesiasticas,
3159 1334 3285 1375 tum
3321 1320 3617 1389 politicas,
3644 1337 3734 1374 an—

2068 1422 2304 1492 gelorum
2334 1434 2477 1475 curae
2515 1418 2821 1487 permissas
2852 1455 2869 1477 .
2907 1415 3029 1468 alia
3070 1403 3335 1481 quoque
3367 1410 3625 1462 inanima
3655 1425 3735 1463 re-

2068 1512 2250 1580 gimini
2288 1512 2527 1578 ipsorum
2568 1509 2792 1563 subdita
2822 1521 2961 1561 esse
2990 1504 3294 1565 decrevit,
3326 1502 3613 1568 variaque
3632 1502 3735 1557 bzec

2070 1601 2189 1655 illos
2219 1601 2426 1655 meritis
2452 1602 2569 1655 suis
2613 1599 2850 1652 sortitos
2888 1594 3087 1649 officia
3118 1634 3136 1657 ,
3176 1602 3247 1647 ut
3302 1593 3356 1646 si
3403 1594 3504 1658 qui
3558 1593 3737 1647 bestiis

2067 1690 2303 1758 praesint,
2339 1688 2527 1743 ferinis
2569 1686 2621 1739 id
2662 1687 2889 1739 actibus
2924 1684 3050 1737 sint
3082 1679 3447 1739 consecuti;
3498 1677 3594 1747 qui
3619 1693 3736 1732 vero

2068 1792 2372 1836 sanctorum
2406 1794 2596 1848 preces
2631 1778 2745 1831 Deo
2777 1776 2999 1833 offerre
3021 1774 3185 1845 jussi
3221 1772 3374 1836 sint,
3415 1786 3520 1821 sua
3552 1770 3740 1837 pietate

2071 1870 2121 1923 id
2156 1869 2395 1923 muneris
2423 1868 2835 1936 promcruerint
2872 1881 2890 1919 :
2932 1867 3080 1920 hinc
3118 1861 3423 1930 Rapltaeli
3465 1859 3739 1913 medicinae

2071 1958 2300 2012 studium
2360 1957 2527 2011 fuisse
2562 1958 2935 2012 commissum
2974 1994 2994 2016 ,
3053 1968 3167 2024 pro
3224 1966 3341 2007 sua
3407 1951 3468 2003 in
3504 1949 3739 2004 homines

2072 2047 2369 2110 charitate;
2410 2046 2664 2099 Michaeli
2694 2087 2709 2108 ,
2744 2047 3094 2099 orationum
3134 2042 3267 2096 Deo
3331 2040 3735 2095 ofl‘erendarum

2072 2136 2380 2189 mandatum
2413 2135 2587 2190 fuisse
2616 2151 2860 2199 munus;
2896 2133 3211 2194 Gabrieli,
3254 2131 3552 2186 bellorum
3577 2132 3734 2185 admi-

2071 2224 2460 2277 nistrationem.
2517 2224 2776 2294 Legenda
2830 2226 2889 2277 in
2931 2239 3075 2276 eam
3136 2223 3514 2276 sententiam
3563 2220 3731 2275 homil.

2070 2313 2135 2366 M
2173 2314 2224 2363 in
2257 2310 2447 2375 Num,
2478 2329 2632 2365 nutu.
2665 2314 2727 2378 2,
2777 2328 2911 2383 pag.
2968 2313 3094 2367 523
3123 2351 3144 2378 ,
3178 2327 3307 2380 qua
3351 2312 3600 2380 plantis,
3629 2308 3735 2364 ani-

2070 2404 2296 2456 malibus
2320 2442 2335 2467 ,
2374 2403 2806 2473 animaliumque
2837 2404 3095 2468 fetibus,
3124 2403 3532 2465 exercitibus,
3563 2402 3734 2455 rebus-

2071 2509 2174 2562 que
2226 2493 2346 2546 aliis
2388 2494 2645 2557 terrenis,
2680 2496 2778 2549 sed
2813 2504 2875 2549 et
2906 2495 3153 2548 sanctis
3187 2495 3509 2562 operibus,
3542 2509 3736 2548 rerum-

2074 2598 2177 2650 que
2216 2582 2520 2637 divinarum
2571 2584 2862 2639 tradendae
2913 2587 3205 2642 scientia:
3244 2586 3495 2657 angelos
3526 2598 3737 2652 praeesse

2071 2674 2286 2737 asserit,
2313 2674 2731 2745 cavendumque
2763 2677 2960 2730 sancit
2991 2693 3072 2733 ne
3109 2678 3387 2732 terrenis
3418 2676 3590 2732 dediti
3613 2676 3735 2730 acti-

2070 2763 2169 2816 bus
2215 2772 2268 2816 et
2314 2763 2616 2832 corporeis,
2655 2764 2801 2819 inter
2854 2766 3194 2834 deputatos
3244 2768 3321 2823 iis
3360 2767 3741 2822 administran-

2073 2853 2157 2905 dis
2210 2852 2431 2923 angelos
2467 2854 2843 2923 reperiamur.
2889 2856 3189 2927 Legenda
3246 2870 3311 2913 et
3360 2858 3565 2914 homil.
3602 2856 3737 2911 25in

2069 2942 2212 3006 Jos.,
2246 2959 2394 2995 nmn.
2424 2943 2481 3007 5,
2518 2952 2574 2998 et
2602 2944 2798 2998 homil.
2852 2946 2924 3000 10
2981 2948 3044 3000 in
3082 2948 3355 3015 Jerem.,
3398 2964 3559 3004 num.
3593 2948 3645 3011 6,
3694 2954 3738 2997 et

2072 3042 2188 3096 cap.
2226 3028 2259 3083 8
2305 3031 2425 3084 libri
2476 3048 2493 3085 ι
2538 3034 2681 3099 Περὶ
2717 3033 2961 3101 ἀρχῶν,
3023 3055 3213 3093 num.
3279 3041 3342 3105 1,
3382 3049 3444 3096 et
3478 3039 3614 3093 liber
3656 3051 3733 3091 rut

2076 3128 2254 3172 contra
2293 3118 2460 3184 Cels.,
2492 3138 2651 3175 nunt.
2699 3124 2793 3189 5i,
2848 3140 2971 3194 quo
3005 3126 3399 3197 Epicureum
3446 3129 3598 3183 illum
3623 3143 3736 3182 con-

2077 3208 2256 3263 futans
2289 3211 2691 3280 philosophum,
2761 3229 2963 3269 rerum
3030 3221 3330 3273 omnium
3359 3260 3377 3284 ,
3428 3214 3557 3290 qua:
3584 3220 3632 3273 in
3669 3219 3738 3274 his

2070 3298 2419 3355 inferioribus
2459 3314 2731 3371 geruntur
2760 3303 2905 3360 locis
2939 3345 2958 3371 ,
2994 3312 3517 3377 procurationem
3550 3312 3603 3365 in
3646 3312 3735 3364 da:-

2072 3402 2261 3442 mones
2292 3393 2753 3448 transcribentem
2783 3434 2800 3459 ,
2833 3399 3079 3467 angelis
3112 3403 3302 3469 quasi
3336 3418 3410 3458 ex
3441 3403 3571 3473 jure
3599 3418 3738 3457 manu

2077 3475 2385 3530 confertqu
2421 3483 2647 3548 reperit,
2695 3485 2839 3538 mala
2882 3486 3118 3554 solum,
3158 3502 3220 3545 et
3288 3494 3665 3558 incommoda,
3695 3503 3740 3546 et

2071 3581 2188 3634 qua:
2218 3566 2450 3621 humano
2497 3572 2687 3637 generi
2744 3576 2916 3628 noxia
2988 3590 3190 3647 sunt,
3230 3583 3581 3639 sterilitates
3608 3595 3734 3653 puta,

2073 3656 2431 3721 calamitates,
2462 3660 2766 3728 siccitates,
2806 3667 3239 3730 pestilentiam
3278 3714 3294 3736 ,
3334 3674 3563 3744 aliaque
3590 3674 3637 3727 id
3662 3688 3737 3743 ge-

2074 3760 2173 3798 nus
2190 3746 2254 3799 ad
2271 3757 2521 3803 auctores
2543 3751 2825 3809 daemones
2839 3756 3151 3824 referens,
3177 3762 3391 3819 divino
3405 3766 3619 3835 judicio
3636 3780 3737 3822 cer-

2076 3836 2143 3888 tis
2186 3838 2512 3926 temporibus
2538 3839 2683 3897 hane
2732 3845 3058 3902 adversum
3102 3851 3401 3910 homines
3431 3865 3737 3926 potestatem

2073 3924 2489 3991 nanciscentes,
2540 3930 2634 3982 sed
2688 3932 2973 3990 adversus
3019 3939 3259 4010 impios
3320 3924 3741 4015 praisertim,et

2077 4016 2257 4113 κιαι)ρί
2307 4018 2452 4071 cultu
2477 4021 2737 4113 _alienos.
2788 4025 3246 4089 Verumtamen
3305 4037 3460 4095 libro
3499 4036 3742 4105 Περὶάρ-

2074 4109 2198 4173 χῶν
2221 4121 2299 4168 ιιι,
2329 4123 2448 4177 cap.
2477 4109 2532 4170 5,
2571 4125 2725 4165 num.
2762 4113 2822 4177 9,
2857 4115 2916 4177 ὃ,
2963 4119 3451 4193 disciplinarum
3484 4137 3539 4183 et
3564 4128 3736 4181 artium

2076 4203 2395 4296 potestatem
2464 4200 2812 4296 spiritalibus
2880 4209 3278 4276 quihusdam
3352 4220 3549 4274 mundi
3609 4218 3742 4286 [tu]!!!

2077 4288 2306 4378 energiis
2370 4300 2434 4338 ac
2483 4288 2793 4348 virtutibus
2838 4298 3147 4370 ascribit;
3219 4316 3409 4378 atque
3457 4308 3586 4364 inde
3622 4305 3743 4362 exsi-

2079 4384 2219 4466 stere
2282 4376 2504 4466 furores
2560 4383 2864 4452 poeticos,
2925 4376 3359 4455 divinationes
3420 4410 3479 4456 et
3538 4400 3743 4466 magiam

3091 4481 3457 4541 Grazeornm
3498 4527 3514 4552 ,
3589 4485 3743 4538 Musas

2083 4552 2337 4654 quasdam
2378 4552 2758 4654 dficlrinafum
2797 4567 3092 4654 praesides
3128 4615 3147 4638 ,
3194 4587 3261 4630 et
3308 4577 3454 4633 deos
3498 4572 3746 4648 μουσηγέ-

2082 4642 2548 4732 ταξλνῖβωῖξίυων
2589 4645 2881 4719 lheOIOBia
2907 4656 3213 4716 videntur
3246 4678 3386 4720 esse
3429 4642 3629 4732 petita.

2153 4727 2322 4782 XXX.
2363 4728 2645 4824 iiactemts
2679 4738 2751 4791 de
2797 4739 3099 4802 alterutra
3136 4727 3501 4824 angelorum
3536 4754 3619 4810 vel
3667 4752 3745 4805 bo-

2086 4835 2276 4914 norum
2310 4821 2392 4914 vel
2424 4821 2693 4914 malorum
2728 4830 3053 4901 stipatione
3079 4881 3098 4905 ,
3156 4821 3445 4914 gentibus
3474 4888 3491 4911 ,
3527 4845 3741 4901 homini-

2087 4907 2207 5007 bus,
2232 4908 2587 5010 et‘inapimis
2613 4916 2790 4972 etiam
2846 4925 3035 4983 rebus
3074 4907 3292 4988 addita
3322 4977 3341 5002 ,
3375 4907 3541 5007 juxta
3577 4933 3746 5002 Orige-

2086 5005 2171 5093 rus
2199 5005 2523 5053 sententiam
2556 5005 2973 5070 disseruimus.
3012 5018 3198 5079 Nunc
3235 5028 3329 5082 ede
3371 5005 3740 5093 utrorumque,

2085 5085 2347 5193 Ροηίξτιξξη
2388 5093 2553 5149 δίιιιιιι
2599 5111 2660 5156 et
2704 5106 2992 5166 malorum
3033 5119 3392 5186 angelorum
3424 5085 3678 5193 gentibus
3702 5124 3744 5169 et

2086 5178 2399 5283 hominibus
2456 5192 2857 5254 assistentium
2918 5178 3215 5266 comitatu
3265 5178 3539 5283 quaenram
3593 5211 3740 5264 abeo

2086 5272 2280 5379 tradita
2308 5274 2425 5379 sint
2446 5319 2461 5342 ,
2487 5280 2873 5353 disputemus.
2905 5294 3092 5355 Malos
3129 5272 3378 5374 angelos
3424 5306 3575 5362 haud
3606 5315 3741 5359 secus

2084 5362 2363 5467 “,bmf’s
2412 5369 2468 5423 i“
2520 5390 2730 5446 ﬁentes
2761 5393 2959 5444 tenere
3014 5362 3373 5462 potestatem
3432 5398 3633 5453 scitum
3665 5399 3735 5444 est

2084 5447 2337 5501 Ormenus
2371 5457 2449 5501 lih
2518 5481 2621 5501 υ...
2671 5488 2858 5501 ----.__
2903 5479 2998 5501 Π-.
3395 5489 3464 5501 -.
3562 5487 3707 5501 -.-μ

2089 5457 2337 5548 υτίεθηίε
2371 5457 2471 5516 lib.
2518 5481 2622 5527 vm
2666 5488 2860 5533 contra
2902 5457 3155 5550 Celsum,
3192 5501 3358 5542 num.
3394 5489 3472 5543 58
3526 5495 3580 5541 et
3600 5487 3730 5538 hom.

2089 5536 2230 5593 12m
2270 5541 2404 5594 Luc-
2439 5565 2456 5594 ξ
2490 5572 2510 5594 .
2554 5556 2757 5594 mm..-
2788 5569 2937 5594 "2..
3037 5574 3218 5594 .___,..
3278 5576 3315 5594 ..γ
3351 5593 3356 5594 γ
3418 5530 3493 5594 ηΪ
3531 5570 3730 5594 cm-..

2176 5555 2230 5593 ιη
2270 5555 2404 5605 Luc.
2439 5565 2456 5603 ε
2490 5572 2511 5607 t
2554 5556 2759 5637 Neque
2786 5569 2942 5628 enim
2977 5613 2992 5641 ,
3037 5574 3245 5648 inquit,
3277 5576 3372 5633 fas
3404 5586 3495 5631 est
3523 5570 3732 5628 εκάθη

1774 5731 1814 5761 ⁸⁸
1846 5730 1969 5783 ibid.
2000 5729 2084 5783 15.
