3894 6464
133 555 136 558 .
174 459 287 524 est

1045 463 1598 520 ORIGENIANORUM
1639 461 1763 514 LIB.
1808 460 1868 522 ll,
1908 459 2059 513 CAP.
2099 459 2162 524 ll,
2203 461 2474 525 ρυΔξδΤ.
2514 458 2579 514 γ.

3287 458 3388 509 882

209 575 363 631 malos
396 575 626 642 angelos
664 580 784 634 suis
835 596 1060 647 praeesse
1107 581 1428 648 provinciis,
1476 589 1528 632 et
1579 579 1744 631 honos
1777 591 1815 643 Α
1851 579 1976 629 vitio
2013 577 2295 641 unicuique
2351 591 2577 641 praeesse
2628 575 2916 626 daemonem
2989 587 3186 634 unum,
3232 573 3388 636 eique

207 679 300 720 non
339 665 563 716 easdem
605 667 914 733 provincias
947 669 1143 720 habere
1182 672 1487 736 permissas.
1524 687 1541 716 ι
1588 663 1752 734 Ιισίςθδ

205 753 401 808 similia
447 753 546 806 lib.
587 769 647 806 ιιι
683 756 824 824 Περὶ
853 755 1067 825 ἀρχῶν,
1103 771 1217 824 cap.
1264 757 1315 817 5,
1363 771 1506 810 num.
1532 755 1588 817 2,
1617 755 1671 816 3,
1700 765 1753 807 ct

205 849 356 902 hom.
385 847 419 901 9
448 847 504 899 in
527 845 744 914 Genes.,
796 864 939 900 num.
958 848 1014 910 3,
1043 847 1095 899 in
1131 864 1230 913 qua
1261 847 1513 914 apostolis
1533 848 1751 898 verbum

202 939 294 992 Dei
331 937 761 1004 praedicantibus
791 939 854 990 ad
894 938 1218 990 iracundiam
1265 938 1560 988 concitatos
1589 934 1752 987 fuisse

198 1028 336 1079 dicit
381 1025 608 1094 angelos
650 1025 769 1078 illos
798 1065 812 1088 ,
844 1025 931 1091 qui
969 1022 1203 1091 singulas
1248 1037 1480 1089 quasque
1512 1023 1752 1074 nationes

197 1118 430 1183 imperio
459 1117 796 1184 premebant.
831 1116 927 1168 Cui
968 1115 1252 1166 astruendo
1285 1114 1503 1167 citatmn
1537 1123 1754 1179 usurpat

197 1204 379 1254 locum
409 1215 441 1254 e
469 1202 688 1254 cantico
735 1200 914 1262 Mosis,
950 1201 1229 1252 Deuteron.
1263 1214 1427 1259 χχχιι,
1447 1199 1498 1256 8.
1525 1198 1576 1258 9,
1597 1215 1751 1266 quem

194 1301 241 1342 et
266 1290 471 1342 ltomil.
513 1287 584 1341 35
631 1289 682 1340 in
716 1287 843 1341 Luc.
874 1289 936 1341 ad
967 1291 1177 1342 eosdem
1211 1287 1376 1340 malos
1409 1288 1624 1356 angelos
1673 1289 1752 1340 in-

195 1377 558 1444 terpretando
613 1376 893 1428 convertit.
929 1375 1182 1428 Euntdem
1239 1391 1363 1430 vero
1395 1377 1575 1430 homil.
1622 1375 1655 1429 8
1698 1377 1751 1427 in

192 1465 354 1516 Exod
387 1505 402 1527 ,
441 1481 593 1518 num.
611 1465 852 1531 9.,super
877 1466 976 1516 hoc
999 1475 1310 1532 argumento
1334 1464 1628 1532 proferens,
1650 1479 1750 1516 ιιοιι

189 1555 328 1606 satis
391 1561 624 1620 apparet
679 1554 744 1605 ad
781 1554 1054 1619 tnalosne,
1103 1567 1168 1606 an
1223 1553 1286 1604 ad
1319 1554 1498 1606 honos
1540 1553 1752 1622 angelus

189 1641 481 1708 pertinere
531 1642 677 1696 velit.
710 1645 786 1696 Ad
835 1645 998 1698 bonos
1045 1659 1173 1698 vero
1204 1656 1385 1713 aperte
1425 1642 1587 1697 refert
1621 1656 1748 1696 tom.

189 1747 283 1785 xui
321 1733 383 1786 in
407 1731 604 1794 10am,
635 1748 782 1785 num.
811 1733 898 1787 49.

253 1823 598 1879 Hominibus
629 1839 759 1877 vero
783 1823 1002 1890 singulis
1029 1823 1264 1894 geminos
1301 1826 1486 1878 adesse
1513 1824 1750 1891 angelos,

1855 665 2119 732 subjectos
2145 675 2260 717 esse
2300 663 2563 716 daemones
2606 662 2928 728 complures,
2959 661 3048 728 qui
3092 659 3158 712 ad
3200 650 3421 736 vitium

1856 761 2015 808 hocce
2041 750 2431 820 propagandmn
2455 751 2816 814 subserviant,
2843 765 3027 803 onmes
3047 759 3217 802 autem
3239 747 3388 815 prin-
3413 744 3419 755 ’

1853 846 2016 911 cipes,
2036 849 2370 910 peccatorum
2403 839 2731 890 incremento
2761 839 3056 906 praefectos,
3081 852 3383 904 supremum

1853 949 2014 986 ttnunt
2050 929 2257 993 ducem,
2279 927 2424 979 velut
2471 926 2674 980 militiae
2701 939 2807 980 sua:
2837 929 3140 996 magistrum
3171 926 3384 980 habere.

1854 1021 1984 1076 Cum
2015 1031 2192 1073 autem
2227 1015 2411 1070 multis
2449 1015 2605 1069 simul
2656 1015 2896 1068 laborare
2925 1017 3091 1081 possit
3115 1016 3256 1068 vitiis
3287 1016 3384 1068 ho-

1854 1127 1960 1177 mo,
2001 1121 2054 1164 et
2097 1109 2305 1162 laboret
2361 1121 2614 1175 persaepe,
2641 1115 2764 1156 tunc
2815 1120 2843 1155 a
2875 1106 3051 1156 multis
3089 1101 3410 1157 eutnsimul'

1853 1201 2185 1254 daemonibus
2219 1197 2454 1251 insideri.
2473 1194 2622 1260 Quod
2650 1193 2722 1247 ita
2749 1205 2920 1247 tamen
2954 1193 3018 1246 ab
3047 1190 3273 1262 Origene
3300 1195 3386 1245 itt-

1858 1290 2124 1343 tellectum
2158 1297 2308 1356 puto,
2341 1285 2688 1354 temporarias
2727 1297 2845 1338 esse
2894 1283 2988 1336 has
3039 1282 3384 1349 complurium

1855 1381 2150 1432 tlzetnonutn
2225 1377 2602 1442 angelorumve
2665 1371 3004 1435 alicctiones;
3058 1382 3384 1424 constantem

1855 1477 2030 1520 autem
2053 1477 2106 1518 et
2139 1481 2232 1534 per
2256 1466 2419 1520 totius
2452 1463 2774 1517 curriculum
2804 1463 2923 1516 vitae
2962 1461 3385 1530 perseverantem

1854 1557 1984 1610 certi
2037 1551 2260 1622 alicujus
2311 1553 2488 1622 angeli
2536 1552 2714 1605 itidem
2753 1560 2806 1603 et
2853 1551 3106 1604 daemonis
3147 1549 3387 1614 stipatio-

1855 1664 1995 1710 nem,
2044 1647 2279 1700 nascenti
2333 1644 2551 1697 cuilibet
2603 1642 2802 1695 bomini
2849 1642 3110 1694 decretam
3150 1648 3202 1690 et
3233 1640 3388 1690 attri-

1852 1739 2048 1790 bulam.

1920 1824 2090 1877 Porro
2131 1832 2246 1891 post
2271 1821 2690 1874 administratum
2736 1818 2909 1872 tutelae
2941 1825 3132 1871 nostra:
3177 1833 3386 1880 munus,

187 1915 399 1966 bonum
431 1915 688 1976 alterum,
737 1913 960 1967 alterum
1014 1915 1204 1966 tnalum
1259 1915 1494 1966 decernit
1524 1914 1614 1966 lib.
1651 1929 1664 1965 ι
1699 1913 1750 1966 in
1785 1907 1822 1960 Β
1852 1923 2046 1966 statum
2075 1914 2139 1966 iri
2181 1912 2396 1980 angelos
2425 1911 2477 1963 in
2513 1909 2732 1975 judicio,
2765 1917 2817 1960 et
2857 1908 3114 1976 imposita:
3139 1909 3240 1962 sibi
3268 1923 3390 1975 pro-

186 2001 366 2067 Epist.
388 2000 461 2052 ad
483 1999 662 2069 Hann,
686 2018 828 2054 num.
854 2001 1005 2058 l8.et
1027 2017 1091 2054 ex
1119 2002 1406 2070 Scriptnris
1431 2003 1595 2056 sacris
1614 2017 1750 2068 Saepe

186 2093 233 2144 id
259 2105 328 2144 se
368 2093 626 2144 dUCUlSse
652 2092 725 2143 ait
756 2091 938 2143 ltomil.
972 2093 1040 2144 ‘25
1069 2092 1119 2143 in
1148 2089 1288 2154 103.,
1319 2108 1464 2145 nunt.
1497 2091 1550 2156 3,
1577 2105 1630 2146 et
1659 2107 1752 2159 per

181 2181 426 2236 Genium
483 2179 768 2247 principis,
820 2194 973 2246 qtte'u
1005 2179 1294 2232 daemonem
1323 2195 1440 2234 esse
1471 2182 1600 2234 dicit
1651 2182 1750 2248 ipsi

185 2265 442 2318 nascenti
490 2265 814 2332 appositum,
869 2264 1037 2332 jurari
1097 2277 1234 2318 vetat
1280 2267 1373 2320 lib.
1417 2281 1510 2320 vnt
1572 2279 1750 2321 contra

183 2355 356 2418 Cels"
396 2371 550 2408 nutu.
588 2355 679 2419 65,
726 2356 1108 2409 Ἀποθανατέον
1154 2359 1268 2410 ἐστὶ
1319 2359 1533 2427 μᾶλλον,
1561 2360 1751 2427 inquit,

184 2446 316 2513 ἡμῖν
381 2444 530 2513 ὑπὲρ
569 2443 664 2496 τοῦ
701 2445 775 2516 μὴ
847 2443 1036 2513 ὀμόσαι
1098 2447 1362 2516 μοχθηρὸν
1396 2448 1618 2517 δαίμονα
1662 2452 1754 2502 καὶ

181 2534 425 2586 ἄπιστον
477 2533 739 2594 πολλάκις
782 2534 1310 2602 συνεξαμαρτάνοντα
1359 2529 1403 2602 ᾧ
1442 2537 1627 2606 ἔλαχεν
1664 2539 1754 2590 ἁν-

184 2624 425 2694 ϐρὼπῳ,
459 2623 493 2687 ἢ
537 2623 632 2674 καὶ
664 2621 823 2673 πλέον
852 2621 1012 2672 αὑτοῦ
1072 2622 1460 2692 ἁμαρτάνοντα.
1514 2625 1751 2693 Dogmati

183 2715 313 2770 huic
383 2714 698 2782 prmsidium
759 2713 972 2767 ast-.iscit
1024 2727 1090 2766 ex
1150 2713 1358 2768 Hermae
1411 2713 1648 2780 Panare,
1703 2727 1756 2770 et

181 2805 463 2859 Barnabas
493 2801 720 2869 epistola
745 2802 856 2872 (qui
881 2801 998 2854 libri
1024 2803 1088 2854 ad
1127 2803 1265 2857 hanc
1287 2805 1424 2858 diem
1451 2817 1752 2873 supersunt.

176 2909 426 2961 eamque
460 2892 749 2946 continent
801 2892 1138 2962 doctrinam),
1193 2894 1283 2947 lib.
1315 2909 1372 2948 ιιι
1415 2895 1487 2948 De
1514 2896 1752 2963 princip.,

180 2998 298 3052 cap.
331 2983 401 3045 ﬂ,
440 2998 594 3036 nmn.
631 2982 683 3042 4,
719 2994 772 3036 et
827 2981 1011 3035 homil.
1063 2982 1130 3035 55
1158 2984 1212 3035 in
1240 2983 1388 3048 Luc.,
1421 2985 1506 3038 ubi
1547 2987 1623 3038 ait
1659 2988 1753 3040 ad-

178 3073 526 3136 versarium,
577 3081 632 3124 et
669 3072 1034 3126 insidiatorem
1067 3088 1095 3126 a
1135 3075 1286 3127 nobis
1317 3091 1572 3142 nusquam
1606 3092 1753 3130 rece-

1853 2001 2040 2055 vinciae
2089 2003 2344 2054 rationem
2394 1999 2688 2053 reddituros
2740 1999 2905 2066 ipsius
2954 2000 3224 2067 persuasio
3269 1999 3386 2050 l‘uit.

1856 2091 2023 2157 Quam
2053 2092 2300 2160 quoniam
2355 2091 2461 2160 jam
2504 2099 2624 2142 ante
2652 2089 3005 2152 excussimus,
3049 2103 3391 2156 properemus

1853 2181 1919 2234 ad
1952 2182 2074 2243 alia,
2105 2191 2156 2235 et
2186 2180 2377 2248 placita
2409 2195 2502 2233 sua
2537 2194 2696 2245 super
2729 2179 3030 2244 angelorum
3066 2177 3222 2232 tutela
3252 2179 3391 2232 umle

1855 2269 2113 2335 hauserit,
2147 2281 2200 2324 et
2255 2271 2521 2336 quodnam
2579 2270 2678 2322 sibi
2739 2269 3086 2338 patrocinium
3132 2268 3390 2334 spondere

1852 2360 2038 2425 possit,
2069 2359 2431 2424 exquiratnus.

1929 2446 2119 2500 XXXI.
2152 2447 2479 2500 l’raeiverttut
2509 2448 2583 2499 illi
2621 2448 2672 2500 in
2697 2463 2756 2500 ea
2799 2449 3049 2516 opinione
3072 2449 3134 2501 de
3163 2449 3391 2501 hominis

1853 2537 2266 2603 uniuscujusque
2304 2537 2450 2589 socio
2479 2552 2542 2589 ac
2573 2537 2822 2603 stipatore
2852 2539 3004 2605 genio
3027 2539 3247 2606 gentiles
3274 2539 3392 2604 phi-

1855 2623 2082 2692 losophi.
2118 2627 2206 2691 qtti
2251 2624 2520 2677 hominum
2548 2636 2601 2678 et
2629 2625 2861 2677 locorum
2891 2627 3138 2692 praesides
3185 2624 3387 2692 genios,

1854 2732 1956 2769 non
1982 2731 2012 2769 e
2045 2717 2405 2782 superioribus
2433 2716 2673 2776 deorum,
2704 2716 2792 2767 sed
2817 2731 2880 2768 ex
2915 2715 3130 2767 deorum
3155 2715 3218 2768 de
3239 2714 3391 2783 plebe

1851 2803 2128 2856 ordinibus
2150 2804 2435 2856 accersitos
2459 2801 2685 2854 confessi
2715 2810 2871 2866 sunt;
2936 2799 3086 2853 Plato
3109 2816 3232 2853 vero
3255 2817 3390 2868 prav-

1855 2899 2028 2962 cipue,
2063 2907 2119 2948 ut
2146 2895 2388 2949 Clentens
2426 2895 2813 2947 Alexandrinus
2844 2895 3102 2960 agnoscit,
3137 2910 3254 2945 cum
3293 2893 3389 2946 ali-

1855 2985 1930 3049 hi,
1976 2997 2085 3037 tum
2133 2986 2185 3038 in
2217 2986 2309 3039 lib.
2337 3001 2369 3038 χ
2400 2985 2474 3037 De
2500 2986 2717 3053 republ.,
2759 3000 2943 3038 versus
2999 2986 3178 3038 ﬁnem.
3227 2984 3390 3052 Cujus

1856 3076 2148 3128 doctrinam
2194 3077 2268 3128 ita
2299 3075 2547 3129 edisserit
2588 3074 2824 3127 Plotinus
2855 3063 2994 3127 Enn.
3020 3075 3073 3140 5,
3107 3074 3197 3127 lib.
3235 3087 3304 3135 tv,
3333 3084 3389 3126 ut

179 3162 338 3226 dere,
401 3162 508 3213 sed
551 3162 618 3212 ad
676 3162 964 3228 principem
1000 3163 1174 3230 gentis
1203 3165 1448 3217 nimirum
1480 3167 1752 3232 praesidem
1781 3208 1822 3262 ϐ
1856 3165 1943 3232 qui
1973 3181 2032 3217 ea
2072 3167 2397 3230 perspe-xerit
2428 3173 2648 3226 attente,
2690 3164 2930 3216 dubitare
2956 3165 3168 3216 minime
3198 3163 3387 3232 possit,

179 3254 505 3306 alternatiem
544 3266 644 3304 nos
671 3251 954 3314 deducere,
1002 3263 1055 3304 et
1092 3269 1119 3303 a
1152 3268 1208 3306 se
1239 3265 1474 3307 servatos
1501 3258 1754 3310 adversus

173 3343 458 3410 principis
519 3341 785 3405 alterius,
836 3355 1020 3407 rapere
1069 3358 1164 3395 nos
1218 3345 1476 3408 volentis,
1533 3346 1755 3402 insidias

174 3434 384 3488 sietere
417 3449 430 3485 :
458 3431 740 3486 Christum
794 3443 968 3485 autetn
1021 3430 1287 3501 principes
1318 3451 1502 3489 omnes
1540 3438 1749 3502 vicisse,

173 3532 231 3576 et
269 3523 558 3577 terminos
592 3536 777 3574 eorum
837 3530 1192 3574 transeuntem
1251 3525 1487 3592 captivos
1534 3527 1754 3595 populos

175 3612 243 3665 ad
264 3627 330 3665 se
354 3611 409 3663 in
434 3611 670 3662 salutent
717 3611 1072 3666 transtulisse.
1097 3615 1252 3666 Addit
1281 3616 1468 3669 deinde
1491 3632 1506 3671 :
1537 3636 1553 3666 ι
1575 3616 1754 3685 Neque

173 3703 328 3755 enim
369 3714 574 3752 omnes
621 3700 857 3753 omnium
900 3711 1024 3756 sunt
1067 3704 1382 3766 adversarii,
1435 3706 1526 3757 sed
1563 3706 1752 3774 singuli

175 3789 439 3856 singulos
469 3789 696 3851 habent,
734 3789 822 3856 qui
855 3791 1049 3860 ubique
1088 3807 1181 3847 eos
1211 3803 1520 3860 sequantur,
1556 3805 1608 3848 et
1650 3798 1756 3851 sint

171 3891 321 3930 COIIII
335 3889 442 3929 les.
496 3895 516 3926 9

245 3968 401 4032 Quid
427 3967 582 4034 quod
637 3967 861 4034 singulis
915 3969 1213 4022 hominibus
1245 3986 1346 4023 non
1396 3973 1606 4026 unicum
1635 3983 1754 4028 tati-

170 4059 474 4109 tummodo
497 4056 772 4124 angelum,
807 4059 1086 4111 ttnicumve
1114 4060 1429 4124 daemonem,
1494 4066 1584 4115 sed
1623 4074 1755 4118 totas

169 4151 515 4216 angelorum
551 4149 956 4216 dwmonumque
986 4150 1232 4203 cohortes
1253 4153 1486 4220 adjungit
1515 4154 1696 4206 homil.
1722 4155 1755 4207 4

162 4237 226 4288 in
250 4238 440 4304 psalm
491 4252 685 4298 xxxvi,
711 4252 856 4291 ntnn.
891 4237 943 4302 5,
967 4254 1084 4308 pag.
1108 4241 1229 4293 i573.
1253 4260 1270 4290 ι
1299 4239 1570 4309 Nunquam
1590 4245 1752 4308 enim,

167 4326 388 4394 inquit,
421 4327 580 4380 solus
603 4335 685 4379 est
729 4326 928 4393 justus,
981 4330 1073 4380 seti
1105 4346 1169 4380 ne
1203 4330 1358 4381 ttnius
1386 4331 1621 4398 quidem,
1663 4343 1756 4386 aut

159 4420 464 4479 duorum,
533 4416 618 4466 vel
665 4417 821 4467 trium
887 4419 1243 4471 tantummodo
1295 4421 1599 4484 angelorum
1669 4438 1754 4472 sn-

1855 3251 1980 3318 quin
2014 3267 2107 3304 sua
2131 3269 2159 3304 e
2186 3251 2407 3304 Platone
2441 3249 2898 3304 Platnnicorurnve
2929 3250 3389 3304 lucubrationibus

1853 3340 2108 3408 Origenes
2135 3340 2497 3403 transtulerit;
2539 3356 2659 3392 nam
2701 3349 2756 3394 et
2787 3341 3042 3393 damonis
3086 3341 3387 3409 praesidium

1853 3430 2042 3482 animae
2081 3428 2324 3498 largitur,
2369 3439 2424 3484 et
2464 3431 2752 3484 secundum
2808 3431 2996 3483 animae
3049 3430 3386 3492 mutationes,

1853 3519 2048 3572 mutari
2077 3519 2366 3572 daemonem
2412 3528 2581 3587 putat,
2614 3529 2670 3572 et
2701 3535 2822 3574 eum
2849 3519 3040 3572 animae
3078 3520 3386 3584 daemonem,

1853 3619 2133 3677 postquam
2166 3623 2392 3676 corpore
2429 3609 2599 3662 soluta
2632 3619 2734 3672 est,
2772 3609 3049 3662 imminere
3073 3620 3272 3670 censet,
3300 3611 3386 3677 qui

1851 3712 1967 3750 eam
2006 3699 2143 3749 rexit
2176 3700 2300 3749 dum
2321 3714 2516 3766 corpus
2547 3699 2845 3758 animaret;
2884 3709 2936 3752 et
2975 3709 3225 3753 externos
3257 3715 3390 3767 prae-

1854 3794 1995 3838 terea
2025 3799 2088 3838 ac
2116 3786 2354 3840 iuternos
2370 3789 2561 3840 animae
2591 3789 2872 3857 unicuique
2893 3790 3078 3842 adesse
3105 3781 3388 3854 daunones,

1853 3891 1918 3930 ex
1956 3875 2072 3943 ejus
2098 3879 2272 3929 verbis
2293 3880 2623 3946 perspicuum
2654 3892 2765 3937 est.
2799 3880 2933 3934 ilinc
2961 3881 3212 3949 Apuleius
3236 3881 3288 3933 in
3329 3880 3390 3932 li-

1854 3965 1995 4018 bello
2027 3964 2100 4016 De
2126 3967 2219 4016 deo
2242 3965 2470 4019 Socratis
2495 3983 2513 4018 :
2550 3986 2569 4018 ι
2604 3968 2680 4022 Ex
2718 3970 2818 4022 hac
2848 3985 2996 4038 ergo,
3051 3969 3238 4037 inquit,
3296 3985 3388 4022 suo

1853 4053 2096 4106 blimiore
2136 4057 2430 4108 daemonum
2461 4058 2610 4124 cupia
2664 4057 2816 4110 Plato
2871 4068 3112 4110 autumat
3167 4057 3390 4122 singulis

1854 4142 2156 4194 hominibus
2188 4144 2363 4194 invita
2390 4146 2593 4212 agenda
2621 4156 2783 4199 testes
2801 4157 2854 4198 et
2880 4149 3129 4202 custodes
3158 4149 3392 4216 singulos

1853 4230 2082 4294 additos,
2097 4233 2183 4297 qui
2205 4229 2400 4284 nemini
2422 4235 2689 4301 conspicui
2713 4251 2922 4302 semper
2942 4227 3138 4296 adsint,
3155 4239 3388 4290 otnnitun

1856 4335 1957 4372 non
1992 4323 2146 4374 modo
2163 4332 2403 4374 actorum
2434 4333 2618 4387 testes,
2637 4339 2815 4377 verum
2840 4328 2999 4377 etiam
3018 4327 3385 4394 cogitatorum.

1854 4412 1932 4462 Ac
1963 4410 2048 4462 ubi
2077 4413 2184 4463 vita
2219 4411 2358 4463 edita
2403 4417 2735 4464 remeandqu
2783 4426 2895 4479 est,
2934 4417 3177 4468 eumdent
3217 4417 3384 4480 illiilli,

160 4509 390 4563 cietate
420 4508 692 4560 subnixus
727 4513 831 4566 est,
858 4505 946 4556 sed
975 4505 1242 4558 exercitus
1269 4506 1318 4558 ei
1356 4507 1606 4560 virtutum
1645 4523 1753 4562 co:-

1857 4502 1945 4567 qui
1981 4499 2133 4554 nobis
2174 4504 2424 4570 praeditus
2478 4504 2592 4564 l'uit,
2648 4515 2860 4571 raptare
2914 4505 3051 4558 illico
3077 4515 3130 4558 et
3179 4510 3391 4560 trahere

160 4595 409 4650 lestittm
445 4605 651 4662 pra-sto
682 4603 794 4645 est:
835 4611 853 4641 ι
910 4593 1048 4660 quod
1073 4609 1177 4646 nun
1205 4596 1269 4647 ad
1299 4597 1550 4661 spiritalia
1579 4607 1751 4651 tamen

162 4688 329 4740 bona
365 4683 708 4738 conferenda
747 4681 1042 4748 restringit,
1078 4684 1171 4735 sed
1215 4684 1280 4735 ad
1311 4699 1563 4751 corporea
1594 4687 1752 4739 etiam

158 4783 453 4841 prorogat
485 4771 678 4822 homil.
705 4771 774 4821 '20
805 4770 858 4820 in
886 4767 1026 4832 108.,
1050 4785 1196 4823 num.
1229 4771 1252 4822 1
1277 4785 1290 4821 :
1315 4789 1333 4820 ι
1355 4771 1575 4824 Constat
1630 4790 1756 4842 ergo

160 4863 396 4914 multas
424 4875 554 4912 esse
588 4861 810 4909 virtutes
835 4857 972 4908 intra
1001 4873 1112 4917 nos,
1141 4861 1332 4924 quibus
1356 4859 1435 4911 vel
1460 4863 1752 4914 animarum

159 4959 540 5007 Instrarum,
580 4947 657 4998 vel
687 4960 977 5012 corporum
1006 4961 1129 4999 cura
1159 4948 1410 5013 permissa
1443 4959 1522 5000 est
1551 4967 1565 5012 ;
1605 4970 1623 4999 ι
1671 4953 1756 5004 cui

157 5037 548 5091 defendendo
582 5036 754 5085 utitur
805 5036 1095 5101 scriptione
1141 5040 1365 5104 quadam
1430 5039 1754 5106 aporryplta,
1793 5049 1800 5054 ‘

157 5142 355 5194 quant
396 5121 602 5176 Enochi
631 5125 819 5173 librum
841 5139 958 5175 esse
989 5125 1239 5191 suspicari
1263 5125 1448 5192 possis,
1479 5124 1664 5178 homil.
1689 5126 1756 5179 55

159 5220 223 5268 in
256 5214 409 5266 Lac.
480 5228 500 5261 ι
551 5207 823 5274 Legimus,
863 5209 1053 5278 inquit,
1107 5213 1152 5262 si
1209 5223 1380 5263 tamen
1439 5214 1524 5264 cui
1583 5216 1756 5281 placet

161 5302 512 5372 huiusmodi
543 5301 867 5364 scripturam
901 5303 1153 5367 recipere,
1202 5301 1414 5366 jnstitiae
1451 5311 1505 5352 et
1555 5303 1749 5369 iniqui-

159 5395 316 5449 tatis
343 5390 577 5457 angelos
602 5402 766 5453 super
784 5388 1004 5440 Abrahae
1035 5390 1196 5441 salute
1228 5393 1607 5454 disceptantes,
1628 5395 1748 5444 dum

157 5494 443 5548 curamue
485 5489 686 5530 turnia:
715 5490 812 5526 suo
847 5493 962 5527 eum
997 5480 1170 5530 volunt
1214 5479 1367 5530 εωιυί
1397 5478 1697 5536 vindicare.
1729 5499 1748 5531 ι

165 5575 250 5624 3x
295 5571 564 5620 damnante
603 5573 808 5618 autem.
840 5566 918 5614 cui
954 5581 1133 5615 nomen
1173 5566 1338 5632 Legio,
1372 5567 1565 5619 miseri
1616 5571 1754 5622 illius

159 5666 220 5712 in
255 5655 550 5722 sepulcris
583 5650 877 5700 habitantis
905 5666 1088 5714 corpus
1107 5666 1399 5717 occupante,
1427 5674 1454 5704 ai
1490 5657 1752 5721 plurimis

159 5747 354 5803 simul
399 5736 758 5797 daemonibus
779 5752 866 5788 nos
906 5740 1080 5804 prohat
1115 5744 1503 5807 circumsideri,
1553 5748 1752 5813 quippe

1859 4589 2020 4641 veluti
2051 4590 2347 4642 custodiam
2382 4608 2531 4644 suam
2559 4594 2623 4645 ad
2666 4595 2926 4661 judiciqu
2963 4611 2977 4646 :
3011 4606 3170 4664 atque
3209 4597 3312 4653 illic
3337 4598 3388 4650 iu

1859 4694 2018 4732 causa
2051 4681 2272 4733 dicenda
2303 4682 2551 4736 assistere
2580 4699 2594 4746 ;
2645 4686 2686 4736 si
2722 4700 2824 4752 qua
2853 4687 3280 4750 C(lllllllellllalur,
3307 4702 3391 4742 re-

1856 4768 2158 4835 darguere,
2212 4772 2254 4823 si
2285 4787 2386 4837 qua
2433 4788 2557 4824 vera
2598 4775 2756 4840 dicat,
2789 4791 3132 4839 asseverare;
3172 4793 3390 4846 prorsus

1861 4857 2000 4909 illius
2035 4862 2340 4914 testimonio
2374 4859 2500 4913 let'ri
2533 4864 2876 4918 sententiam.
2911 4885 2932 4916 ι
2967 4867 3143 4934 Itaque
3183 4883 3387 4919 summa

1859 4945 2112 5014 religione
2140 4949 2325 5014 genius
2358 4950 2425 5000 ab
2451 4953 2682 5020 antiquis
2715 4954 2990 5008 colebatur
3020 4971 3034 5006 :
3067 4956 3390 5010 Censorinus

1856 5049 1975 5100 cap.
2007 5034 2041 5086 5
2071 5035 2144 5086 De
2184 5036 2267 5088 die
2317 5038 2481 5090 natali
2519 5057 2538 5094 :
2572 5059 2589 5089 ι
2642 5039 2811 5096 Genio
2851 5045 3008 5112 igitur
3055 5043 3387 5114 potiSsitnum

1857 5143 1950 5194 per
1975 5145 2182 5181 omnem
2225 5143 2432 5184 aetatem
2473 5136 2754 5202 quotannis
2800 5137 3180 5189 sacriﬁcamus.
3205 5132 3387 5198 Quan-

1854 5232 2012 5285 quam
2038 5235 2140 5271 non
2170 5223 2337 5273 solum
2382 5221 2489 5283 hic,
2517 5225 2610 5275 sed
2651 5233 2704 5275 et
2748 5224 2834 5276 alii
2867 5237 2986 5277 stmt
3031 5231 3278 5290 praeterea
3312 5221 3386 5272 dii

1855 5308 2154 5374 complures
2179 5311 2446 5363 hominum
2472 5311 2632 5363 vitam
2662 5327 2755 5378 pro
2782 5329 2876 5364 sua
2903 5314 3120 5380 quisque
3149 5306 3392 5373 portione

1857 5398 2316 5462 adminiculantes,
2362 5419 2496 5470 qttos
2535 5405 2796 5454 volentem
2830 5410 3147 5467 cognoscere
3184 5390 3394 5457 Indigi‘-

1859 5497 2202 5538 tameutorum
2231 5491 2349 5542 libri
2382 5492 2511 5543 satis
2541 5493 2872 5548 educebant;
2901 5487 2988 5537 sed
3011 5494 3192 5533 omnes
3221 5480 3272 5528 hi
3304 5497 3397 5532 se-

1860 5578 1958 5626 tncl
2011 5580 2060 5628 in
2106 5595 2421 5649 unoquoque
2458 5583 2670 5633 homine
2711 5578 2984 5628 numinum
3017 5583 3223 5622 διιυτιιιιι
3263 5568 3402 5620 τίτθ-

1858 5679 1999 5716 ctutn
2039 5685 2454 5732 repraesentant:
2494 5673 2764 5735 quot-irca'
2802 5681 2910 5715 non
2952 5674 3041 5722 ιιθν
3089 5669 3240 5709 "mue
3273 5659 3423 5708 νηωε

1861 5758 2088 5820 spatium
2119 5764 2267 5814 novis
2297 5761 2640 5826 religionibus
2680 5761 3046 5805 arcessuntur.
3069 5743 3267 5795 Genius
3301 5756 3408 5796 tiu-
