3894 6442
433 455 534 506 8ἳὸ

436 578 537 617 tem
568 563 636 613 ita
675 551 826 608 nobis
875 554 1184 603 observator
1218 544 1486 615 appositus
1511 549 1615 602 εει,
1645 550 1701 592 ιιι
1727 555 1792 592 ne
1829 553 1962 606 pun-
1995 537 2034 588 A

435 662 518 704 (τιο
547 647 755 714 quidem
792 629 1045 706 temporis
1075 637 1279 704 longius
1309 631 1572 692 abscedat,
1597 629 1688 681 sed
1719 629 1785 678 ah
1814 636 1964 678 utero

436 741 618 790 matris
640 742 890 796 exceptos
908 729 972 782 ad
1000 739 1291 780 extremum
1315 723 1431 773 vita:
1448 722 1585 774 diem
1614 718 1914 772 comitetur.
1945 733 1961 761 ι

436 827 563 880 Nota
611 833 801 889 praeter
846 825 1153 888 perpetuum
1192 812 1330 881 genii
1373 810 1703 868 comitatum,
1748 807 1967 858 deorum

436 913 779 981 complurium
839 904 1130 961 ministerio
1206 903 1366 952 vitam
1439 898 1724 950 humanam
1793 891 1967 958 juvari

405 995 642 1070 'priscos
680 1002 797 1056 illos
844 1011 1082 1066 putasse,
1133 993 1268 1060 quod
1311 987 1646 1058 Origenianis
1691 982 1971 1038 sententiis

399 1069 410 1077 ⁶
437 1068 714 1144 consonat.
759 1090 928 1150 Atque
957 1097 1016 1135 ea
1048 1093 1174 1142 sane
1215 1077 1485 1146 persuasio
1517 1072 1583 1125 ad
1614 1080 1821 1124 veteres
1854 1068 1972 1120 illos

437 1197 467 1231 e
496 1178 662 1231 sacris
683 1171 1030 1229 voluminibus
1063 1167 1291 1234 profecta
1329 1164 1580 1231 primum,
1615 1161 1705 1215 sed
1736 1156 1974 1226 profanis

408 1249 662 1322 “subinde
709 1262 973 1332 ﬁgmentis
1034 1259 1324 1312 deformata
1377 1253 1631 1306 manavit.
1681 1250 1805 1303 llaec
1860 1249 1970 1315 ipsa

443 1372 649 1425 quoque
684 1355 911 1408 indidem
953 1349 1003 1402 in
1048 1347 1360 1406 Ecclesiam,
1390 1340 1742 1408 Ecclesitnque
1769 1337 1973 1398 Patres,

441 1450 532 1502 sed
571 1445 750 1511 purior
775 1453 828 1495 et
866 1438 1165 1493 del‘wcatior
1190 1432 1456 1504 proﬂuxit.
1704 1483 1706 1486 _

511 1533 720 1586 XXXII.
755 1529 922 1582 Verba
959 1525 1117 1578 Mosis
1146 1539 1176 1576 e
1214 1525 1495 1576 Deuteron.
1529 1533 1702 1575 xxxn.
1731 1518 1782 1580 8,
1811 1516 1866 1578 9,
1888 1531 1977 1567 eo-

443 1627 559 1676 dem
607 1621 980 1690 propemodum
1018 1616 1231 1670 deﬂexit.
1287 1612 1542 1666 Eusebius
1589 1625 1650 1661 ac
1702 1607 1972 1674 Origenes.

446 1711 716 1769 Universis
742 1712 930 1778 quippe
973 1698 1216 1777 gentibus
1268 1703 1483 1769 angelos
1530 1701 1776 1768 przesides
1807 1713 1835 1750 a
1873 1697 1978 1748 Deo

441 1805 711 1872 oppositos
733 1804 902 1854 docet.
934 1799 1120 1852 Filium
1145 1805 1318 1848 autem
1352 1795 1438 1846 Dei
1469 1791 1765 1857 suscepisse
1789 1804 1974 1856 regen-

443 1900 566 1950 dmu
592 1896 865 1955 Israrlem,
903 1893 1202 1961 quicunque
1239 1903 1426 1956 nempe
1449 1885 1764 1952 patriarchae
1795 1881 1976 1935 Jacobi

444 1988 692 2054 pietatem
724 1984 938 2042 imitati,
973 1980 1187 2033 nomine
1221 1979 1334 2043 ejus
1360 1975 1608 2043 appellari
1647 1979 1975 2025 meruerunt.

446 2079 614 2142 Atque
685 2075 794 2126 lucc
874 2069 1336 2124 Demonstrationis
1385 2064 1682 2132 evangelica:
1758 2059 1846 2112 lib.
1907 2072 1977 2120 tv,

444 2181 561 2234 eap.
607 2165 659 2218 7.
696 2161 827 2215 Tum
878 2163 927 2213 in
982 2157 1324 2227 sequentibus
1362 2155 1543 2208 scribit
1578 2149 1790 2218 angelos
1837 2148 1977 2210 illos,

443 2260 554 2309 sive
585 2255 756 2322 potius
786 2251 1089 2320 angelorum
1141 2247 1311 2300 tutela:
1343 2243 1657 2298 commissos
1688 2241 1926 2295 homines
1950 2254 1977 2290 a

445 2346 770 2400 tliBlIlUlllbUS
795 2339 1080 2410 oppugnari
1133 2339 1294 2390 luisse
1321 2344 1548 2403 coeptos,
1577 2346 1874 2401 magnaque
1915 2345 1977 2382 ex

446 2445 593 2501 parte
621 2436 672 2487 in
708 2448 889 2488 eorum
923 2439 1235 2498 potestatem
1287 2427 1450 2479 fuisse
1481 2426 1760 2487 redactos;
1811 2422 1982 2489 quoad

448 2526 807 2586 laborantibus
831 2537 881 2576 et
924 2520 1190 2588 Oppressis
1229 2524 1563 2570 succurreret
1591 2513 1860 2576 Christus,
1886 2511 1984 2562 im-

446 2618 759 2682 piorumque
817 2614 1110 2664 tluuttntttttn
1163 2604 1494 2676 tyrannidem
1544 2602 1864 2670 proﬂigaret.
1910 2599 1982 2651 lla

445 2717 497 2759 et
516 2705 839 2770 Augustinus
866 2704 917 2754 in
947 2700 1140 2752 l’salm.
1162 2710 1434 2751 Lxxxvm:
1463 2712 1480 2744 ι
1502 2694 1613 2746 Non
1637 2693 1826 2746 clausit
1853 2692 1986 2743 Deus

447 2796 640 2848 fontem
675 2792 926 2844 bonitatis
973 2804 1081 2840 sine
1127 2789 1284 2838 etiam
1321 2786 1370 2836 in
1410 2783 1743 2850 alienigenas
1780 2791 1984 2848 gentes,

444 2898 579 2950 quas
608 2883 705 2934 sub
724 2878 926 2946 angelis
957 2877 1325 2936 constituerat,
1353 2872 1647 2939 portionem
1669 2868 1767 2919 sibi
1789 2868 1984 2919 faciens

446 2970 690 3040 populum
721 2968 898 3020 Israel.
934 2986 948 3016 ι

516 3058 590 3110 Ne
625 3055 897 3110 conﬂictus
918 3051 1125 3120 quidem
1160 3049 1275 3102 illos
1309 3047 1618 3117 angelorum
1652 3045 1790 3096 inter
1813 3057 1892 3104 se,
1933 3051 1986 3093 et

1668 425 1726 479 P.
1774 415 2084 475 DANIELlS
2120 407 2346 467 llUETll

2065 527 2358 597 asperiores
2405 518 2613 586 imponi
2663 515 2837 568 duces
2896 502 3150 558 deﬁnivit

3666 369 3774 420 881

3213 485 3642 549 Adamantius
3682 505 3695 538 :
3734 492 3779 539 st

2071 579 2243 670 minus
2269 627 2429 668 novos
2455 607 2665 662 ascribi
2705 598 2992 670 principes
3021 585 3492 646 rebellantibus
3525 579 3783 633 immini-

2069 711 2183 764 bus,
2218 716 2271 758 at
2311 703 2524 770 priores
2555 704 2719 750 certe
2761 685 2988 742 detrahi
3050 678 3332 734 Basilius
3368 669 3644 726 censuit.
3698 665 3792 719 Sic

2067 799 2205 850 enim
2258 757 2414 846 habet
2457 791 2514 842 in
2554 786 2725 838 lsm‘w
2758 795 2820 840 ν,
2877 776 2912 828 5
2969 791 2985 827 :
3034 772 3308 840 Μήπστε
3366 761 3438 816 δὲ
3476 757 3795 850 καιῇἶῇμῶν

2073 846 2294 948 ἕκαστος
2340 883 2479 952 ἔχων
2555 873 2806 943 ἄγγελον
2851 867 3013 934 ἆγιον
3074 860 3184 913 τὸν
3279 846 3796 952 παρεμϐαὶλοντὲι

2076 935 2197 940 ’⁷⁷⁷⁷⁷
2221 935 2293 948 “”
2370 935 2402 952 Α
2609 935 2621 943 π
2650 935 2662 943 υ

2076 977 2254 1046 κύκλῳ
2275 973 2381 1027 τῶν
2409 965 2781 1040 φοϐουμένων
2804 961 2901 1013 τὸν
2933 955 3180 1024 Κύριον,
3212 951 3286 1002 ὲν
3329 939 3682 1014 ἁμαρτίαις
3721 935 3800 999 ἐξ-

3143 1041 3160 1046 “
3242 1038 3267 1046 ⁸
3327 1035 3342 1046 ”
3506 1031 3528 1046 λ
3634 1030 3662 1046 ⁸⁸9
3715 1027 3797 1046 -,_\

2081 1029 2319 1125 ετασάεὶς
2343 1027 2609 1118 ὑποδικοξ
2634 1054 2873 1123 γένηται
2900 1050 2971 1117 τῇ
3001 1035 3439 1109 ἀπειληοείσῃ
3459 1030 3694 1125 πληγῇ,
3713 1027 3802 1077 καὶ

2079 1157 2336 1228 γυμνωοῇ
2368 1152 2463 1205 τοῦ
2515 1120 2742 1217 τείχους
2766 1120 2876 1210 τῆς
2911 1136 3025 1191 ἀπὸ
3055 1133 3180 1188 τῶν
3236 1127 3451 1197 ἁγίων
3502 1120 3804 1188 Eds-apsum

2084 1219 2400 1316 ἆσιραλεέας.
2441 1260 2460 1291 ι
2494 1239 2765 1293 Fortasse
2809 1239 2998 1284 autem
3043 1221 3505 1288 unusquisque
3548 1219 3804 1262 nostrum

2077 1312 2276 1390 habens
2298 1330 2552 1400 angelum
2573 1333 2857 1384 sanctum,
2879 1315 3445 1375 castrametanteut
3484 1319 3544 1354 tu
3567 1312 3805 1353 Ctl'Ctttttt

2083 1407 2381 1480 timentium
2412 1417 2738 1477 Dominum,
2795 1411 2852 1464 in
2912 1404 3172 1477 peccatis
3211 1394 3687 1465 deprehensus,
3719 1391 3811 1441 ob.

2083 1514 2276 1568 noxius
2313 1510 2408 1564 [iat
2439 1509 2728 1560 intentata:
2775 1499 2886 1553 sibi
2926 1495 3136 1564 plagte,
3172 1497 3244 1543 et
3279 1483 3602 1554 Spolietur
3631 1494 3807 1540 muro,

2078 1605 2318 1659 custodia
2359 1600 2571 1656 scilicet
2611 1601 2947 1647 sanctarum
3004 1585 3349 1637 virtutum.
3391 1594 3416 1627 ι
3486 1570 3694 1637 Neque
3724 1570 3809 1620 de-

2085 1701 2210 1746 sunt
2232 1691 2597 1758 sane,quibus
2623 1669 2692 1739 ne
2721 1696 2874 1736 nunc
2895 1677 3142 1747 quidem
3164 1669 3337 1724 satis
3366 1665 3564 1733 liquet
3598 1661 3807 1714 idemne

2086 1791 2376 1850 perpetuus
2407 1777 2614 1833 homini
2668 1772 2990 1836 unicuique
3023 1777 3241 1819 comes
3301 1753 3577 1824 angelus
3632 1752 3808 1803 adbo:-

2010 1854 2052 1908 Β
2089 1881 2222 1933 reat,
2257 1885 2324 1922 an
2361 1868 2496 1922 alios
2526 1866 2618 1918 alii
2656 1866 2713 1917 in
2744 1877 2814 1917 eo
2845 1869 3098 1913 munere
3128 1849 3495 1915 excipiant.

2158 1957 2372 2024 Origeui
2404 1971 2586 2008 rcrmu
2624 1953 2913 2016 omnium,
2982 1946 3176 2000 etiam
3233 1939 3667 1994 inanimarum
3717 1945 3804 1982 cn-

2081 2047 2308 2100 stodiam
2352 2043 2562 2112 angelis
2602 2041 2891 2109 deleganti
2951 2037 3116 2089 favet
3175 2033 3683 2098 Clirysostomus
3717 2025 3803 2076 ho-

2083 2135 2192 2187 mil.
2233 2137 2286 2186 in
2321 2133 2509 2186 Ναιαι.
2535 2132 2769 2194 Christi,
2801 2129 2957 2196 apud
2991 2125 3296 2179 Pbotinm
3337 2121 3488 2174 cod.
3529 2133 3806 2175 CCLXXVII.

2091 2227 2358 2293 Ἔστησεν
2383 2225 2411 2276 ὁ
2434 2223 2570 2284 Θεὸς
2606 2221 2899 2290 ἀγγέλους
2953 2217 3119 2272 κατὰ
3153 2217 3241 2269 τὰ
3294 2213 3581 2283 κλίματα
3604 2211 3703 2278 τῆς
3742 2211 3807 2263 οξ-

2087 2315 2373 2386 κουμὲνης,
2399 2315 2494 2367 ἕνα
2516 2315 2762 2367 ἕκαστον
2795 2310 3264 2382 ἐπιτροπεύειν,
3309 2307 3404 2369 ὼς
3471 2306 3581 2358 καὶ
3610 2304 3804 2370 Μωσῆς

2089 2409 2254 2475 λέγει,
2310 2406 2427 2466 ἐνὸς
2476 2407 2721 2458 ἑκάστου
2760 2403 2991 2465 ἔθνους.
3045 2402 3346 2468 ’Ἑστησε
3406 2398 3514 2458 δὲ,
3581 2397 3674 2447 ἵνα
3715 2395 3803 2464 τὴν

2092 2497 2298 2566 ἄψυχον
2326 2496 2505 2548 κτίσιν
2543 2493 2967 2563 χαλινώσωσιν,
3009 2492 3195 2560 ἣλιον
3231 2492 3353 2544 καὶ
3409 2489 3685 2558 σελήνην,
3716 2489 3801 2538 καὶ

2085 2585 2377 2646 ὓάλασσαν,
2412 2584 2508 2634 καὶ
2552 2584 2681 2651 γῆν,
2732 2583 2833 2634 καὶ
2857 2582 2931 2633 τὰ
2979 2585 3047 2632 ὲν
3083 2583 3349 2643 αὐτοῖς,
3398 2581 3719 2649 ὑπηρετεῖν
3741 2580 3798 2646 τῇ

2087 2673 2176 2726 τοῦ
2209 2672 2494 2744 ἀνθρώπου
2531 2671 2866 2725 ἀπολαύσει.
2915 2690 2935 2720 ι
2978 2674 3347 2726 Constituit
3406 2671 3567 2724 Deus
3592 2653 3799 2738 angelos

2086 2766 2372 2817 secundum
2401 2765 2623 2816 climata
2651 2764 2830 2826 orbis,
2867 2773 2928 2814 ut
2958 2762 3203 2832 singuli
3265 2777 3491 2817 curam
3537 2773 3796 2830 gererent,

2089 2853 2537 2921 quemadmodum
2575 2854 2653 2903 ait
2698 2862 2756 2905 et
2793 2852 3054 2921 Moyses,
3091 2854 3510 2921 singularum
3541 2853 3794 2920 gentium.

2085 2944 2372 2996 Constituit
2416 2953 2598 2993 autent
2647 2943 2714 2995 ad
2790 2943 3138 2996 iuauimam
3185 2956 3556 2998 creaturam
3619 2956 3792 3010 regen-

2086 3037 2226 3096 dam,
2269 3031 2458 3092 solem,
2493 3042 2549 3084 ct
2604 3032 2816 3097 lunam,
2850 3042 2912 3085 et
2949 3049 3164 3100 mare,
3197 3044 3270 3088 et
3327 3044 3580 3098 terram,
3618 3045 3672 3088 et
3692 3051 3794 3103 qua:

446 3148 644 3216 przelia,
673 3146 913 3200 homines
935 3143 1033 3196 sibi
1062 3141 1372 3192 (uniunissos
1401 3137 1626 3190 invicem
1649 3134 1981 3191 subtrahere,
2010 3171 2050 3227 Ο
2087 3121 2138 3173 ill
2168 3122 2231 3174 iis
2264 3130 2411 3184 sum,
2438 3130 2496 3177 ut
2525 3123 2813 3174 hominum
2849 3123 3061 3177 usibus
3111 3125 3541 3181 inservirent.
3582 3147 3604 3178 ι

444 3236 650 3303 sibique
723 3233 983 3298 subjicere
1032 3229 1320 3282 volentium
1382 3226 1495 3279 sine
1552 3223 1984 3292 astipulatoribus

445 3323 718 3389 proposuit
766 3319 1020 3388 Origenes
1050 3333 1063 3368 :
1092 3329 1224 3384 quos
1282 3314 1422 3366 inter
1469 3312 1783 3366 recensendi
1839 3319 1982 3373 sunt,

446 3420 700 3478 quotquot
726 3411 945 3462 citatum
985 3405 1214 3460 Danielis
1237 3403 1501 3456 decimum
1531 3413 1690 3468 caput
1716 3403 1779 3453 ad
1822 3399 1986 3452 bonos

449 3499 666 3567 angelos
696 3506 1090 3551 converterunt.
1120 3494 1251 3546 Nam
1277 3493 1322 3546 si
1347 3492 1596 3559 princeps
1619 3492 1768 3558 regni
1796 3489 1983 3542 Persa-

448 3602 586 3647 rum,
617 3585 835 3648 angelns
859 3585 1050 3650 quippe
1088 3585 1277 3643 bonus,
1305 3595 1426 3632 cum
1464 3577 1715 3632 Michaele
1743 3579 1986 3631 velitatus

448 3685 556 3738 est,
585 3674 800 3740 angelos
829 3674 993 3725 bonos
1029 3673 1165 3722 inter
1193 3684 1251 3723 se
1295 3670 1548 3723 dimicare
1586 3670 1853 3720 fatendum
1882 3680 1984 3720 est.

452 3760 725 3828 Principes
755 3771 928 3814 autem
976 3759 1119 3826 regni
1162 3757 1464 3821 Persarum,
1492 3769 1544 3810 et
1567 3757 1866 3811 Graeeorum
1891 3759 1986 3809 bo-

453 3866 548 3904 nos
595 3866 712 3904 esse
763 3849 984 3920 angelos
1043 3849 1415 3902 existimarunt
1469 3849 1807 3914 complures;
1851 3848 1989 3900 velut

452 3940 814 3996 Tlteodoretus
843 3940 896 3993 in
943 3940 1042 3992 hoc
1087 3937 1317 3990 Danielis
1348 3948 1539 4004 caput;
1579 3937 1804 3988 Isidorus
1838 3934 1990 3987 Pelu-

451 4029 584 4085 siota
629 4032 720 4085 lib.
751 4047 810 4097 tt,
848 4030 1004 4099 epist.
1053 4028 1149 4090 85;
1200 4025 1430 4079 Joannes
1475 4025 1882 4093 Chrysostonms
1936 4024 1987 4075 in

455 4122 680 4176 humilia:
724 4121 998 4189 cujusdam
1045 4118 1097 4170 in
1132 4115 1323 4170 Christi
1376 4112 1616 4165 Natalem
1673 4113 1988 4180 fragmento,

453 4213 593 4278 quod
629 4210 849 4262 exhibet
878 4206 1102 4260 Photius
1123 4205 1243 4258 cod.
1283 4214 1568 4262 chxxvn;
1601 4198 1692 4252 sed
1734 4197 1992 4263 imprimls

454 4300 512 4355 S.
542 4299 792 4362 Thomas,
822 4315 874 4366 p.
897 4315 936 4362 ι,
981 4313 1035 4365 q.
1066 4296 1185 4358 115,
1209 4304 1313 4347 art.
1346 4292 1402 4356 8,
1444 4291 1532 4358 qui
1565 4289 1826 4357 quomodo
1855 4287 1993 4340 inter

453 4403 510 4439 se
533 4389 832 4442 discordare
874 4389 1076 4456 possint
1116 4384 1310 4452 angeli,
1341 4380 1577 4449 exponit.

2157 3210 2229 3263 De
2257 3212 2454 3277 gemini
2493 3210 2698 3278 angeli,
2734 3211 2875 3265 boni
2938 3215 3260 3268 nimirum
3325 3228 3391 3272 et
3462 3218 3597 3270 ntali
3644 3217 3788 3272 satel-

2083 3299 2217 3388 litio,
2273 3316 2434 3367 quam
2485 3301 2711 3353 tradidit
2759 3301 3148 3368 doctrinam,
3190 3308 3372 3361 Italic
3413 3326 3529 3362 non
3562 3309 3631 3360 ab
3677 3307 3794 3360 Iler-

2087 3407 2168 3442 tna
2205 3391 2377 3443 solum
2428 3404 2483 3444 et
2525 3392 2807 3456 Barnaba,
2874 3400 2978 3446 sed
3024 3411 3061 3448 a
3104 3398 3446 3454 dictatore
3499 3403 3670 3456 etiam
3706 3417 3790 3453 suo

2090 3477 2304 3533 Platone
2346 3494 2659 3548 acceperat,
2691 3484 2855 3549 cujus
2897 3488 3088 3539 verba
3161 3490 3316 3544 lianc
3351 3510 3388 3547 e
3453 3494 3602 3547 libro
3645 3509 3676 3544 ι
3711 3491 3792 3543 Le-

2085 3587 2203 3641 gum
2231 3569 2794 3626 relert'l'heodoretus
2827 3591 3014 3629 serui.
3050 3577 3090 3630 5
3135 3578 3234 3631 De
3278 3584 3531 3635 currmd.
3577 3582 3783 3637 Crator.

2092 3660 2314 3726 «facta
2347 3657 2544 3728 Ψυχὴν
2595 3660 2651 3710 δὲ
2680 3661 3042 3730 διοικοῦσαν,
3096 3669 3222 3719 καὶ
3293 3672 3640 3724 ἐνοικοῦσαν
3677 3676 3787 3723 πᾶςι.

2090 3751 2200 3809 τοῖς
2234 3749 2482 3818 πανταχῆ
2516 3751 2870 3819 κινουμένοις
2917 3753 3221 3821 λέγοντός
3267 3779 3410 3824 σου,
3453 3765 3558 3816 καὶ
3613 3764 3696 3816 τὸν
3714 3764 3785 3814 οὑο

2090 3836 2247 3905 ρανὸν
2268 3839 2490 3890 διοικεῖν
2507 3841 2724 3909 ἀνάγκη
2757 3843 2940 3908 φάναι
2966 3861 2982 3874 ⁸
3001 3846 3064 3896 τί
3099 3850 3244 3918 μήν
3275 3869 3297 3917 ;
3333 3853 3478 3922 μίαν
3501 3854 3538 3924 ἢ
3566 3854 3786 3914 πλείουςς

2089 3927 2199 3996 ἐγὼ
2232 3929 2368 3998 ὑπὲρ
2405 3931 2556 3997 σφῶν
2587 3933 3023 4003 ἀποκρινοῦμαι
3053 3954 3070 3966 ο
3107 3938 3307 3996 δυοῖν
3352 3948 3468 4016 μὲν
3499 3943 3597 4000 οὖν
3641 3947 3784 4016 γέπω

2096 4020 2308 4119 sitatam.
2343 4019 2417 4119 pii}
2458 4021 2721 4091 τιθῶμεν,
2764 4029 2874 4095 τῆς
2927 4045 2995 4080 τε
3056 4031 3514 4104 εὐεργέτιδος,
3573 4041 3665 4091 καὶ
3704 4036 3784 4102 τῆς

2093 4109 2346 4161 ταναντία
2371 4108 2682 4180 δυναμένης
2705 4114 3113 4182 ὲρ’ἵάιεῖΰιίῖθα-ιο
3162 4143 3186 4174 ι
3241 4129 3416 4182 Cum
3450 4141 3638 4183 autem
3676 4129 3784 4182 dicis

2091 4197 2320 4249 :mimam
2358 4201 2802 4268 gubernantem,
2877 4217 2939 4260 et
3014 4210 3308 4269 insitam
3369 4219 3639 4274 omnibus
3685 4233 3783 4283 qua:

2093 4289 2290 4354 ubique
2319 4299 2638 4354 moventur;
2688 4293 2902 4347 coelum
2957 4313 3226 4370 quoque
3266 4310 3616 4376 gubernare
3662 4308 3782 4362 illaut

2095 4378 2397 4468 necessari—0
2424 4379 2718 4437 dicendmn
2756 4397 2869 4440 est.
2927 4389 3092 4456 Quid
3150 4397 3418 4468 igitur?
3471 4417 3705 4456 una...“
3728 4416 3781 4452 an

479 4490 486 4494 '
527 4475 682 4528 Varia
712 4486 885 4528 autem
917 4478 1028 4529 hazc
1054 4475 1180 4543 ipsis
1209 4475 1443 4538 injuncta
1479 4471 1642 4523 fuisse
1670 4484 1766 4536 pro
1792 4467 1993 4521 meritis
2023 4479 2066 4530 Β
2097 4466 2308 4534 plures?
2343 4465 2454 4536 Ego
2478 4471 2633 4525 vobis
2667 4481 3059 4544 respondebo.
3100 4465 3206 4542 Ne
3234 4495 3570 4559 pauciores
3602 4493 3784 4546 duabus

453 4565 644 4628 rillieia,
676 4575 796 4632 post
833 4567 1111 4630 Origenem
1151 4561 1382 4616 Isidorus
1421 4574 1633 4627 quoque
1667 4557 1992 4626 llispalensis

453 4655 752 4707 aﬂirmavit.
781 4672 800 4702 ‹
832 4653 1124 4718 Unicuique
1153 4653 1335 4714 etiam,
1366 4669 1384 4702 ι
1425 4651 1594 4718 inquit
1641 4649 1731 4702 lib.
1763 4663 1832 4700 vu
1867 4647 1993 4700 Ori-

453 4747 582 4811 gin.,
621 4757 735 4809 cap.
770 4742 824 4804 5,
865 4759 884 4790 ι
917 4743 1054 4794 sicut
1100 4740 1407 4807 praedictum
1436 4750 1541 4802 est,
1571 4737 1781 4806 prepria
1823 4736 1993 4790 ofﬁcia

453 4849 548 4886 sua
574 4832 829 4899 injuncta,
852 4845 969 4897 quae
996 4844 1086 4882 eos
1115 4833 1468 4896 promeruisse
1500 4829 1552 4881 in
1585 4828 1761 4880 mundi
1790 4833 1998 4880 constat

451 4922 693 4980 exordio.
719 4917 852 4972 Nam
879 4918 997 4985 quia
1026 4920 1193 4984 angeli
1217 4931 1270 4974 et
1291 4923 1422 4976 locis
1445 4929 1499 4972 et
1529 4916 1834 4971 hominibus
1856 4932 1992 4984 prae-

450 5023 594 5076 sunt,
625 5025 719 5078 per
745 5009 1052 5078 prephetam
1081 5019 1305 5064 testatur
1329 5008 1552 5081 angelus
1577 5008 1794 5060 dicens:
1836 5006 1993 5058 Priu-

448 5111 565 5168 σερε
599 5102 743 5170 regni
796 5096 1075 5150 Persarum
1116 5102 1296 5155 restitit
1347 5097 1559 5160 mihi“.
1597 5095 1746 5151 Unde
1776 5085 1996 5164 apparet

449 5197 648 5252 nullum
672 5208 789 5249 esse
814 5193 1006 5255 locum,
1034 5192 1117 5244 cui
1144 5199 1314 5262 angeli
1343 5213 1453 5258 non
1477 5190 1694 5262 prmsint
1720 5205 1733 5240 :
1760 5173 1997 5256 prtesunt

445 5289 590 5344 enim
612 5296 667 5341 et
702 5283 954 5353 auspiciis
984 5297 1200 5350 Operam
1231 5299 1503 5354 omnium.
1531 5281 1626 5335 llic
1657 5291 1740 5332 est
1767 5279 1896 5331 ordo
1920 5278 2001 5329 vet

446 5380 714 5432 distinctio
739 5376 1063 5444 angelorum,
1103 5377 1191 5447 qui
1238 5395 1367 5452 post
1419 5384 1631 5448 lapsum
1659 5369 1915 5423 malorum
1945 5368 1997 5420 in

448 5469 642 5521 :oelesti
671 5467 848 5534 vigore
891 5475 1165 5524 steterunt.
1200 5488 1217 5520 ι

515 5556 852 5609 lteri-aerariis
889 5555 1140 5622 advcrstts
1181 5580 1521 5654 angelorum
1547 5557 1688 5627 jussa
1713 5527 2025 5601 hominibus.

503 5728 547 5760 “
571 5730 696 5785 Dan.
732 5750 778 5800 κ,
816 5735 893 5792 15,

2095 4570 2420 4657 statuamus,
2452 4573 2572 4657 eam
2622 4579 2750 4632 quae
2803 4568 2955 4623 bona
2993 4580 3341 4650 conferat,
3406 4596 3469 4640 et
3529 4603 3650 4640 eam
3683 4598 3781 4651 qui

2097 4652 2570 4746 contraria-possit
2601 4654 2844 4712 etlicere.
2891 4680 2912 4711 ι
2957 4663 3025 4717 In
3065 4683 3146 4723 eo
3177 4685 3408 4730 autem
3445 4677 3783 4729 Adamantius

2099 4735 2571 4837 jiluriiitosliabitit
2599 4751 3057 4820 consentientes,
3103 4764 3220 4815 sed
3258 4766 3620 4822 Cassianum
3667 4782 3780 4837 pre-

2099 4829 2522 4930 sertithCotlat.
2552 4852 2670 4902 vin,
2703 4854 2832 4907 cap.
2866 4841 2963 4910 l7,
2994 4859 3058 4900 et
3100 4851 3218 4907 lib.
3249 4871 3408 4924 xui,
3445 4878 3572 4930 cap.
3599 4829 3683 4921 13;
3705 4857 3776 4926 (Ιυί

2101 4918 2110 4926 .
2622 4899 2665 4938 .’
2772 4899 2788 4941 .'
2946 4899 2960 4910 '
3009 4899 3054 4900 ”
3100 4899 3218 4907 “““
3249 4899 3408 4924 ’“’¹”
3445 4899 3572 4930 w'"
3602 4899 3776 4926 ”’”’”

2100 4915 2492 5020 idemﬂermae
2517 4936 2886 4985 testiinonium
2933 4939 3238 5009 adducit;
3275 4961 3476 5019 atque
3533 4949 3779 5020 dogmatis

2100 5007 2257 5102 hujus
2292 5017 2563 5082 tanquam
2600 5020 2715 5073 falsi
2745 5028 2802 5072 et
2843 5035 3058 5081 errore
3118 5007 3446 5102 implicati
3482 5007 3712 5098 nomine,
3736 5046 3778 5089 et

2104 5101 2267 5200 hunc,
2295 5106 2570 5200 etillum,
2604 5122 2660 5167 el
2703 5109 3006 5181 Origencm
3063 5101 3389 5188 Prwlcrea
3439 5129 3776 5184 Bellarminus

2106 5197 2406 5259 castigavit
2450 5202 2509 5256 in
2543 5207 2640 5263 lib.
2683 5203 2757 5259 De
2789 5207 2984 5274 script.
3017 5212 3260 5282 eccles.,
3319 5221 3387 5274 in
3420 5223 3523 5274 lib.
3561 5218 3774 5273 Ραδιον..

2104 5281 2249 5390 ξίέξίῖίξ
2280 5299 2403 5390 mf“
2445 5295 2670 5358 Ῡθεῖεδεῑ
2694 5300 2947 5362 ῖυτίθδδες
3004 5303 3053 5355 si
3107 5305 3168 5357 in
3205 5311 3444 5365 eadem
3480 5327 3604 5366 esse
3633 5322 3772 5363 causa

2111 5371 2464 5476 gregarium
2499 5392 2800 5468 Eyssenum
2843 5395 3235 5453 meminisset.
3331 5403 3540 5459 Eidem
3582 5414 3770 5471 (ιυυίιιιυ

2109 5461 2394 5530 t-assnano
2455 5496 2682 5553 primm
2723 5483 3013 5554 Origenes,
3089 5507 3222 5545 cum
3290 5461 3613 5564 unicuique
3657 5489 3767 5544 vitio

2111 5565 2272 5611 δ-ιιιιιιι
2299 5579 2619 5645 praesidem
2649 5605 2764 5649 esse
2789 5579 3128 5644 attributum
3157 5589 3429 5648 definivit
3451 5610 3466 5660 ;
3490 5591 3631 5664 quod
3657 5588 3760 5642 Ιῖαί
