3894 6440
120 428 193 481 ἑζεὸ
395 471 408 481 ,
471 472 486 481 _
1092 392 1645 456 ORIGENIANORliM

1876 393 1912 457 l,
1946 394 2098 447 CAP.
2140 394 2202 457 ﬂ,
2240 395 2509 460 ΟυίΕΞΤ.
2553 393 2616 446 γ.
3312 383 3414 446 886

158 482 368 594 mutii“
393 471 617 594 fit“:
648 489 930 594 videatur
961 511 1365 576 probabilitatis,
1397 508 1462 560 ab
1491 505 1782 575 insignibus
1811 513 1855 561 Α
1884 518 2086 574 patrum
2113 506 2451 560 Bostrensem
2476 505 2924 572 imit-ahimur‘,qui
2952 502 3193 573 Origcnis
3217 503 3415 557 doctri-
3467 511 3482 556 .‘

177 566 372 657 hinc“
403 566 627 640 θὶδίὶυιοὶ
670 587 1036 652 Scholasticis
1072 614 1174 652 non
1203 600 1417 653 omnino
1451 596 1779 663 repudiatunt
1882 611 2000 648 nam
2031 596 2098 647 de
2125 597 2429 662 angelorum
2465 597 2646 659 tutela,
2695 597 3085 663 Origenemque
3111 594 3302 661 ipsum,
3333 593 3414 647 sic

213 699 296 740 εει.
1881 696 2132 752 tanquam
2179 683 2352 737 ell‘atis
2378 686 2488 738 suis
2531 687 2870 751 pertinaciter
2895 686 3273 745 adhaerentem,
3309 697 3412 736 non

298 767 373 821 λθ
415 764 800 820 excusandum
829 771 1080 842 Origenis
1133 791 1366 830 errorem
1395 775 1459 828 de
1491 773 1690 839 judicio
1729 773 1780 825 in
1881 775 2030 844 quasi
2072 774 2408 842 conjecturas
2442 776 2622 827 timide
2662 785 3059 843 proponeutem,
3107 773 3332 829 traducit
3359 782 3415 826 et

239 857 448 924 angelos
475 853 740 910 tutelares
788 860 919 915 olim
979 866 1258 918 statuendo
1315 865 1486 933 aliqua
1540 863 1783 930 superius
1881 864 2142 934 suggillat.
2167 862 2305 918 Nihil
2338 864 2459 916 licet
2488 864 2619 916 falso
2648 864 2747 932 ipsi
2776 865 3008 934 affingat,
3028 880 3146 919 cum
3181 863 3256 918 ait
3285 877 3414 917 cen-

229 947 649 1017 proposuimus;
707 966 856 1006 nunc
892 955 1141 1022 quoniam
1188 941 1707 1019 Patrum'suﬂragiis
1731 962 1786 1006 et
1882 955 2056 1009 suisse
2105 969 2225 1007 eum
2272 953 2488 1021 angelos
2534 967 2630 1020 pro
2673 955 2784 1007 suis
2836 956 3233 1023 percatis,cum
3268 953 3417 1022 prius

224 1038 559 1092 auctoritate
588 1056 916 1108 pugnamus,
949 1044 1014 1097 ad
1048 1044 1354 1098 elevandam
1391 1043 1652 1110 opinionis
1684 1042 1784 1096 hu-
1882 1051 2090 1098 mentes
2111 1051 2312 1106 essent,
2333 1041 2550 1110 angelos
2579 1049 2634 1095 et
2660 1043 3008 1108 archangelos
3039 1043 3304 1105 evasisse;
3343 1042 3418 1095 le-

214 1128 308 1196 jus
339 1128 608 1182 invidiam
659 1131 1042 1203 Hieronymum
1095 1133 1336 1202 Origenis
1384 1131 1783 1200 suffragatorem
1882 1136 2194 1203 viorumque
2223 1135 2492 1201 culparum
2521 1147 2640 1186 reos
2678 1132 2728 1184 in
2761 1147 2855 1185 eos
2874 1133 2962 1200 qui
3001 1136 3240 1202 graviora
3281 1135 3422 1186 (lesi-

210 1220 584 1272 adducemus.
619 1219 666 1273 ls
694 1223 746 1275 in
789 1223 914 1276 illud
952 1223 1198 1289 Miciuca’,
1238 1237 1353 1288 cap.
1382 1237 1455 1286 vr,
1487 1236 1625 1274 vers.
1653 1222 1703 1286 l,
1728 1222 1783 1281 2,
1883 1234 2134 1292 gnassent
2170 1225 2394 1278 crimina
2433 1223 2715 1292 imperium
2763 1222 3067 1286 accepisse;
3099 1223 3422 1290 tutelamque

215 1325 235 1358 σ
275 1308 484 1360 Audite
517 1325 645 1378 qua:
692 1311 948 1366 Dominus
980 1313 1247 1382 loquitur:
1280 1312 1470 1380 Surge,
1527 1310 1787 1364 contende
1884 1316 2012 1385 ipsis
2032 1330 2214 1370 eorum
2241 1315 2510 1370 hominum
2537 1313 2805 1378 traditam,
2826 1312 2912 1378 qui
2937 1312 3001 1364 ad
3023 1312 3246 1366 salutem
3268 1321 3424 1385 mter:-

193 1395 416 1462 judicio
452 1399 759 1464 adversum
797 1412 1020 1462 montes,
1047 1410 1104 1454 et
1139 1402 1356 1454 audiant
1403 1400 1563 1454 colles
1605 1413 1786 1453 vocem
1885 1383 2002 1458 [iam
2021 1413 2174 1458 eram
2203 1405 2540 1472 promovendi
2568 1418 2724 1466 ;cum
2757 1402 3052 1470 ipsj'lameu
3075 1400 3296 1454 salutem
3321 1383 3420 1455 sibi

203 1495 383 1576 tuam.
431 1488 696 1541 Audiant
743 1501 951 1576 montes
991 1489 1244 1557 judicium
1290 1489 1516 1548 Domini,
1551 1497 1604 1540 et
1635 1488 1788 1540 fortia
1883 1497 2198 1564 promereri,
2229 1504 2283 1548 et
2325 1495 2390 1548 ad
2437 1495 2732 1562 pristinum
2753 1494 2977 1562 gradum
3003 1493 3426 1560 recuperandum

190 1575 585 1630 {umlamenta
621 1589 818 1632 terrae:
851 1598 871 1629 ι
897 1580 1160 1631 montibus
1189 1579 1292 1631 illis
1329 1578 1611 1646 significari
1641 1588 1790 1646 putat
1887 1585 2140 1639 deberem
2177 1586 2326 1643 eniti,
2363 1585 2640 1652 eidemque
2680 1583 2882 1650 judicio
2917 1598 2979 1636 ac
3011 1582 3254 1636 homines
3285 1596 3428 1635 cum

191 1665 466 1734 angelos,
497 1669 706 1735 quibus
742 1683 917 1722 rerum
963 1670 1311 1721 humanarum
1345 1669 1621 1722 commissa
1670 1683 1788 1736 pro-
1890 1688 1998 1728 sua:
2047 1673 2322 1726 commissi
2373 1682 2552 1725 essent
2609 1671 2734 1723 olim
2776 1671 3106 1738 subjiciam“,
3157 1666 3430 1722 Habentur

187 1757 438 1840 curatio
459 1766 581 1816 est.
636 1757 786 1822 iuxta
823 1758 1042 1840 Denter.
1073 1774 1242 1820 xxx".
1269 1757 1320 1818 8.
1353 1767 1404 1809 et
1446 1756 1604 1810 Hebr.
1635 1774 1674 1821 I.
1700 1758 1788 1820 14.
1822 1807 1863 1840 η
1891 1763 2154 1831 Antipatri
2201 1763 2358 1831 hujus
2405 1762 2697 1829 fragmenta
2765 1762 2905 1814 inter
2943 1760 3162 1828 Eclogas
3208 1757 3426 1811 Joannis

187 1857 378 1912 atque
414 1862 548 1914 eos,
567 1851 613 1900 si
639 1848 858 1915 p0pulos
877 1863 1016 1900 cura‘
1045 1862 1153 1901 sua:
1179 1849 1461 1913 permissos
1487 1850 1618 1899 male
1643 1862 1792 1900 τρικοο
1824 1836 1863 1893 D»
1897 1854 2222 1918 Damasceni,
2241 1868 2358 1920 qua:
2391 1853 2766 1919 manuscripts:
2791 1861 3136 1906 asservantur
3156 1850 3208 1902 in
3237 1848 3428 1903 biblio-

187 1940 349 2000 riat,
386 1939 689 2006 culpatum
717 1941 804 2005 iri,
835 1939 975 1994 velut
1003 1940 1219 2006 Apocal.
1250 1955 1282 1992 ιι
1311 1949 1364 1992 et
1397 1953 1478 1992 ιιι.
1503 1937 1634 1991 Ilinc
1671 1937 1790 1991 Ori-
1895 1946 2043 1998 theca
2066 1943 2474 1999 Claromomana
2496 1944 2710 1996 porrum
2739 1941 3020 1997 sociemus
3035 1939 3179 2004 ιεειι,
3208 1949 3262 1994 ει
3291 1953 3424 2007 qua.

187 2029 372 2095 genis
433 2044 554 2080 non
590 2028 908 2081 sententiam
964 2028 1142 2088 modo,
1195 2027 1288 2081 sed
1328 2027 1486 2080 verba
1542 2026 1652 2079 fere
1681 2026 1725 2091 ip

1895 2049 2009 2090 rum
2032 2045 2276 2101 excerpta
2309 2038 2376 2088 ad
2411 2050 2492 2088 me
2526 2033 2759 2088 oﬂiciose
2809 2031 3108 2086 transmisit
3132 2030 3430 2084 eruditissi-

197 2126 481 2184 usurpat.
527 2135 547 2166 c
577 2116 732 2169 Sicut
769 2116 933 2179 enim,
991 2115 1196 2183 inquit,
1247 2114 1504 2168 interdum
1561 2113 1735 2181 episco

1617 2113 1794 2180 ’Ῐεεορῖ
1894 2140 2010 2180 mins
2055 2134 2109 2180 et
2154 2125 2566 2178 humanissimus
2603 2123 2814 2178 Gabriel
2840 2121 3155 2177 Cossartius.

191 2204 376 2272 culpa
415 2213 541 2266 est.
570 2203 836 2256 interdum
866 2203 1051 2271 plebis.
1075 2213 1128 2256 et
1158 2217 1296 2270 saepe
1317 2204 1566 2271 masislcr
1593 2209 1794 2269 peccat.
1963 2214 2197 2271 xxxrv.
2231 2215 2339 2268 Nec
2369 2216 2488 2268 vitae
2511 2215 2669 2283 hujus
2707 2213 2950 2266 mortalis
2991 2211 3182 2265 finibus
3212 2207 3430 2276 angelo-

191 2305 358 2357 swpe
393 2290 744 2359 discipulus,
767 2299 820 2344 et
852 2305 1223 2358 nonnunquam
1251 2289 1414 2358 patris
1454 2290 1636 2343 vitium
1690 2305 1729 2344 et

1895 2323 2009 2361 rum
2035 2307 2386 2360 ministerium
2421 2306 2730 2359 hominibus
2773 2305 3136 2371 prrestandum
3169 2301 3433 2354 Adaman-

193 2395 634 2454 nonnuuquam
655 2380 772 2442 filii,
789 2389 845 2433 ut
861 2380 940 2432 vel
975 2381 1109 2434 bene
1129 2380 1208 2434 vel
1225 2380 1356 2434 male
1372 2381 1731 2434 erudianturzi

1897 2397 2007 2450 tius
2023 2405 2256 2455 coercet,
2287 2397 2380 2448 sed
2405 2404 2659 2463 prorogat
2695 2395 2856 2447 etiam
2893 2394 2958 2445 ad
2987 2407 3047 2446 ea
3074 2406 3192 2459 quae
3217 2397 3432 2442 antece-

195 2471 259 2524 in
306 2471 542 2539 judicio
576 2471 692 2535 Dei,
716 2471 800 2524 vel
843 2471 909 2524 ad
959 2471 1175 2538 angelos
1215 2471 1414 2524 crimen
1447 2470 1720 2534 referetur,

1896 2488 2023 2538 dum
2047 2486 2319 2539 hominum
2343 2485 2530 2547 vitam,
2550 2499 2774 2550 quamne
2798 2484 2966 2550 ipsam
2985 2481 3281 2548 excipiunt.
3296 2477 3429 2531 Nam

200 2563 595 2630 uonegerint
632 2570 848 2624 cuncta,
878 2577 994 2629 qua:
1019 2562 1083 2613 ad
1118 2575 1270 2614 suum
1305 2560 1531 2615 oliicium
1563 2562 1731 2630 pertin

1895 2574 2198 2642 angelorum
2217 2590 2318 2640 ope
2331 2573 2535 2625 animas
2559 2571 2832 2623 hominum
2857 2570 3072 2622 immitti
3097 2567 3427 2633 corporibus,

200 2653 384 2716 bant;
423 2652 518 2705 vel
551 2653 622 2704 ad
654 2650 926 2718 populum,
980 2651 1023 2702 si
1055 2650 1158 2702 illis
1186 2650 1428 2704 universa
1465 2651 1798 2714 facientibus,
1896 2680 2090 2733 easque
2115 2678 2338 2731 corpore
2357 2661 2561 2715 εοιυιεε
2579 2660 2774 2726 suscipi
2800 2653 2866 2712 ιιι,
2891 2659 3040 2726 ipsis,
3067 2657 3180 2710 είειί
3207 2657 3258 2708 in
3284 2655 3432 2721 judi-
3464 2693 3470 2701 ,

203 2742 322 2809 ῖνεῖ
368 2743 585 2802 audi“:
625 2741 1061 2810 contempserit"-
1095 2759 1112 2790 θ
1181 2739 1307 2804 Οηω
1363 2756 1564 2795 lucrm“
1614 2742 1797 2810 Ot'ise-
1897 2757 2061 2818 cium,
2097 2755 2149 2807 iu
2178 2752 2498 2806 destinatum
2534 2752 2743 2804 demum
2800 2748 2972 2801 locum
2998 2747 3208 2809 deduci,
3233 2753 3287 2798 et
3326 2758 3434 2796 non

204 2833 473 2887 "ismu'"
508 2832 774 2885 Γ⁰¹¹⁰¹θ¹¹ῑο
1899 2846 2053 2897 aliter
2088 2842 2216 2909 regi,
2251 2857 2409 2909 quam
2435 2855 2556 2892 cum
2606 2837 2918 2903 corporibus
2968 2835 3181 2902 illigata:
3208 2842 3390 2886 essent
3417 2871 3432 2891 ,

220 2973 224 2976 ι
285 2922 558 2977 XXXIII.
597 2922 703 2974 Sed
740 2921 916 2974 missis
958 2922 1178 2976 aliorum
1207 2923 1498 2992 suli‘ragiis,
1537 2923 1800 2976 Adaman-
1900 2931 2170 2998 conceptis
2198 2928 2376 2982 verbis
2418 2926 2716 2979 affirmavit.
2757 2923 2915 2976 certe
2937 2921 3434 2975 Commentariorum

210 3014 292 3067 tio
330 3030 438 3066 sua
485 3026 707 3081 quoque
754 3013 916 3078 ipsius
940 3011 1197 3065 dubitatio
1242 3014 1370 3066 satis
1417 3012 1745 3080 patrocinatu

1901 3023 1950 3075 in
1974 3019 2134 3073 Jaan.
2165 3029 2310 3072 tomo
2340 3033 2457 3080 ιιιιι,
2505 3030 2650 3068 ιιιιιιι.
2677 3013 2764 3076 49,
2801 3011 3016 3079 angelos
3050 3009 3112 3062 ad
3159 3009 3436 3060 hominum

211 3104 314 3157 Illa
347 3112 551 3157 autem
584 3101 670 3155 vel
698 3116 760 3154 ex
787 3118 851 3156 eo
893 3101 1121 3154 maxime
1156 3110 1394 3168 apparet,
1443 3101 1581 3166 quod
1611 3115 1742 3168 quas

1899 3120 2047 3164 satus
2074 3126 2102 3162 ιι
2131 3109 2238 3162 Deo
2267 3109 2540 3161 ordinatos
2557 3119 2674 3159 esse
2703 3105 3092 3169 dicit,quorum
3124 3113 3283 3166 opera
3312 3112 3435 3152 cor-

214 3193 517 3246 eommuni
571 3190 938 3256 theologorum
988 3203 1144 3242 sensu
1183 3191 1410 3242 maxime
1455 3190 1802 3242 abhorrentes
1899 3214 1998 3266 pus
2027 3208 2080 3252 ei
2111 3199 2289 3252 animo
2315 3199 2366 3250 in
2398 3210 2559 3249 unum
2585 3192 2906 3246 coalescant,
2931 3189 3081 3254 Quod
3111 3197 3286 3240 miram
3314 3201 3438 3238 ro..-

211 3285 377 3344 Visus
413 3291 510 3336 εει
565 3279 818 3348 ειτηβίθειί
867 3278 1180 3337 εεηιθηιίθεο
1231 3278 1414 3331 “suem
1468 3294 1534 3332 εκ
1579 3277 1802 3332 θάνθιέο
1903 3299 1980 3342 tra
2010 3288 2166 3354 objici
2197 3295 2391 3354 potest,
2423 3284 2669 3336 manibus
2706 3281 2794 3333 Dei
2827 3280 3006 3332 fictum
3038 3292 3099 3329 se
3130 3287 3184 3330 et
3235 3277 3434 3330 forma-

215 3373 554 3440 contrarias
598 3371 856 3438 quasdam
909 3369 1202 3436 proposuit.
1255 3369 1330 3422 Ac
1360 3369 1427 3421 de
1451 3368 1652 3436 angelis
1690 3385 1748 3436 pr

1903 3386 2009 3430 tum
2035 3390 2320 3444 agnoscere
2350 3374 2597 3426 Davidem
2638 3370 2826 3440 psalm.
2876 3384 3066 3429 cxvnt,
3088 3367 3176 3430 75,
3203 3375 3255 3420 et
3285 3363 3436 3418 Jerc-

217 3479 375 3516 mum
413 3463 474 3516 in
510 3459 793 3513 hominum
825 3458 1040 3511 tutelam
1071 3457 1357 3524 deputatis,
1387 3467 1526 3511 tanta
1565 3456 1677 3524 ejus
1705 3458 1755 3510 dt

1899 3465 2060 3519 miam
2089 3482 2127 3530 ι,
2145 3465 2197 3527 5,
2222 3466 2272 3518 id
2302 3465 2372 3518 ita
2405 3463 2580 3527 solvit,
2603 3463 2845 3516 conditos
2861 3460 3076 3526 quidem
3111 3457 3233 3510 illos
3259 3470 3287 3507 a
3311 3456 3434 3514 Deo,

219 3552 427 3604 hitatio
454 3558 568 3610 est,
604 3556 664 3599 ut
697 3555 930 3600 statuere
962 3547 1178 3599 minime
1226 3548 1411 3613 possit,
1461 3548 1802 3614 quemadmo-
1901 3556 1992 3610 sed
2021 3555 2325 3623 angelorum
2357 3551 2654 3607 minisiorio
2695 3559 2752 3605 οι
2797 3563 2932 3616 ope;
2986 3544 3437 3613 quemadmodum

219 3643 352 3694 dum
384 3640 666 3699 ιΙῐιῘιῐιυε,
707 3651 772 3688 an
807 3637 872 3690 ab
903 3645 1042 3698 01'1",
1080 3651 1146 3688 θη
1177 3652 1206 3689 ³
1238 3637 1499 3703 baplismo
1528 3640 1799 3693 hominum
1902 3645 1985 3700 lex
2010 3645 2203 3698 dicitur
2251 3643 2495 3697 ordinata
2545 3654 2643 3708 per
2695 3639 2934 3706 angelos,
2995 3637 3120 3690 licet
3167 3643 3436 3688 auctorem

220 3747 418 3785 curam
472 3725 799 3794 suscipiant.
861 3726 970 3780 Nec
1015 3728 1212 3793 absque
1261 3728 1586 3782 dubitatione
1641 3727 1803 3782 tradit
1905 3737 2066 3788 Deum
2099 3735 2310 3788 habeat.
2345 3732 2490 3786 Hanc
2516 3728 2964 3798 quoqneobducit
2996 3725 3438 3794 responsionem;

224 3822 460 3890 angelos
497 3818 662 3871 nobis
700 3817 941 3885 regendis
969 3817 1255 3880 delegatos,
1287 3818 1497 3870 eosdem
1529 3819 1762 3872 nobiscui

1903 3839 2037 3890 quos
2072 3823 2170 3875 sibi
2203 3823 2341 3877 Dens
2361 3813 2702 3890 peculiariter
2724 3817 3035 3882 destinavit,
3066 3815 3259 3870 Jobum
3293 3822 3437 3881 puta.

223 3913 283 3965 in
310 3913 417 3966 fide
453 3909 653 3962 facere
683 3921 1012 3975 progressus.
1035 3906 1270 3959 Incertus
1299 3906 1542 3959 similiter
1567 3917 1648 3960 est
1685 3910 1806 3960 ani-
1904 3912 2153 3966 Davidem
2193 3924 2245 3964 et
2277 3909 2584 3973 Jeremiam,
2635 3925 2663 3961 a
2707 3911 2813 3962 Deo
2841 3909 2955 3976 ipso
3011 3906 3177 3958 fuisse
3231 3905 3438 3962 factos;

225 4001 331 4074 mi,
357 3997 676 4066 angelusne
696 3994 918 4056 homini,
946 3994 1174 4048 homone
1213 3993 1398 4062 angelo
1428 3995 1648 4048 salutem
1682 4011 1763 4057 ρι’(

1904 4003 2134 4070 reliquos
2174 4016 2297 4054 vero
2321 4002 2386 4052 ab
2417 4000 2482 4052 iis
2508 3999 2708 4067 angelis
2731 3997 2921 4065 quibus
2955 3996 3089 4048 forte
3114 3993 3435 4060 obtigerunt.

220 4101 385 4142 curet
437 4097 500 4142 et
540 4083 816 4139 conciliet.
875 4083 1049 4137 Nihilo
1083 4084 1248 4151 magis
1287 4083 1388 4137 sibi
1419 4093 1650 4148 constat,
1683 4101 1805 4139 cum
1903 4092 2017 4156 Quo
2047 4089 2230 4143 referri
2265 4088 2416 4156 jubet
2444 4088 2572 4141 illud
2605 4087 2802 4141 Cenes.
2845 4101 2900 4147 ι,
2943 4084 3010 4137 26
3045 4099 3059 4134 :
3097 4100 3114 4131 ι
3155 4080 3440 4133 Faciamus

217 4183 407 4248 jnstos
441 4180 601 4247 ipsos
629 4191 658 4227 a
697 4175 934 4234 Christo,
959 4175 1047 4242 qui
1077 4189 1201 4228 vero
1226 4175 1276 4228 in
1304 4177 1499 4242 pietate
1529 4176 1804 4230 inferiores
1903 4179 2171 4233 hominem
2199 4177 2266 4230 ad
2290 4177 2571 4244 imaginem
2597 4185 2652 4228 et
2683 4172 3083 4226 similitudinem
3115 4178 3378 4229 nostram;
3415 4174 3444 4214 ν·

221 4280 360 4323 sunt
406 4269 485 4321 ab
518 4263 731 4334 angelis
789 4263 1042 4316 custodiri
1091 4263 1350 4328 decernit,
1401 4265 1539 4318 sicut
1589 4278 1618 4316 a
1653 4265 1806 4319 nobis
1903 4277 1955 4326 et
1980 4265 2104 4320 illud
2129 4264 2321 4318 Genes.
2344 4278 2422 4327 ιι,
2447 4262 2508 4316 7:
2542 4279 2559 4311 ι
2595 4261 2798 4323 Venite,
2822 4258 3290 4317 descendamus,et
3310 4269 3439 4308 con-

221 4361 598 4414 ohservatunt
631 4361 715 4405 est
744 4370 756 4403 :
790 4351 1001 4405 cunctis
1020 4352 1212 4420 quippe
1241 4352 1368 4405 alias
1389 4352 1694 4420 angelorum
1725 4365 1759 4406 tt

1906 4357 2184 4409 fundamus
2217 4354 2285 4407 ibi
2313 4353 2542 4418 linguam
2574 4366 2755 4404 eorum
2786 4368 2800 4412 ;
2843 4367 2861 4398 ι
2892 4350 2997 4401 Deo
3021 4362 3210 4414 nempe
3239 4346 3316 4399 sic
3345 4359 3442 4396 art-

222 4450 402 4503 telam
422 4445 699 4512 assignat.
722 4440 994 4494 Neminem
1021 4441 1324 4508 angelorum
1353 4442 1598 4509 praesidio
1623 4459 1760 4496 caret

1915 4447 2049 4515 gelos
2074 4445 2377 4499 hominibus
2395 4443 2604 4497 tnemlis
2630 4441 2904 4508 praefectos
2928 4437 3248 4504 alloquente.
3273 4435 3453 4487 Tomos

225 4540 400 4591 docet
432 4534 760 4600 aliquando;
813 4530 942 4583 solis
988 4531 1113 4582 illud
1155 4531 1439 4600 aliquando
1489 4531 1763 4588 Christian}

1905 4550 2032 4589 vero
2052 4550 2142 4588 χιχ
2165 4534 2219 4586 in
2269 4533 2627 4592 ,Ιοιιηηιιιιιιι⁸
2651 4529 2702 4590 4,
2722 4543 2785 4580 ex
2807 4529 2906 4580 hoc
2923 4526 3078 4580 Lucae
3100 4525 3180 4580 *νε
3208 4544 3228 4576 ι
3248 4524 3439 4585 Stulte,

222 4626 520 4682 concedit.
545 4621 678 4674 Tam
699 4628 1030 4675 constantem
1063 4636 1432 4689 nonnunquam
1470 4623 1616 4690 fingit
1639 4624 1806 4691 stipa-
1907 4626 2007 4678 hac
2041 4631 2192 4677 nocte
2219 4622 2449 4674 animam
2491 4630 2636 4670 tuatu
2674 4627 2915 4683 repetunt
2939 4632 2968 4667 a
3006 4626 3078 4676 te,
3113 4633 3132 4666 ι
3167 4614 3440 4667 hominum

229 4720 452 4772 tionem
483 4711 824 4780 angelorum,
867 4719 924 4760 ut
950 4724 1082 4774 qttos
1114 4710 1162 4762 iu
1195 4712 1294 4764 hoc
1325 4712 1521 4764 mundo
1552 4713 1809 4780 regendos
1906 4713 2140 4766 omnium
2175 4711 2378 4762 animas
2402 4725 2428 4758 ιι
2453 4709 2792 4777 ψυχαγωγοῖς
2828 4707 3163 4774 quibusdam,
3203 4705 3292 4771 qui
3326 4704 3443 4755 ani-

227 4802 620 4871 snsceperint,
647 4799 832 4852 iisdem
870 4798 922 4850 in
951 4797 1126 4851 futuro
1163 4814 1388 4866 prmesse
1420 4800 1635 4852 minime
1663 4802 1808 4855 desi-
1909 4803 2011 4855 mis
2036 4801 2164 4869 ipsis
2205 4799 2600 4867 praestantiores
2627 4809 2785 4858 sunt,
2821 4797 3020 4849 assumi
3065 4795 3250 4855 tradit,
3284 4802 3445 4860 atque

231 4905 376 4948 naut
413 4911 430 4945 :
460 4903 520 4944 at
548 4896 737 4942 contra
773 4887 1021 4940 homines
1051 4887 1148 4940 sibi
1181 4889 1230 4940 in
1258 4889 1554 4942 custodiam
1585 4891 1810 4946 traditos
1911 4889 2065 4956 hujus
2093 4886 2437 4957 ψυχαγωγίας
2467 4887 2754 4938 immunem
2791 4884 2953 4937 fuisse
2974 4884 3144 4937 solum
3175 4882 3444 4935 Christum

228 4986 474 5054 eripere
525 4979 780 5039 invicem,
825 4988 880 5030 et
918 4976 980 5028 ad
1017 4992 1074 5030 se
1103 4978 1394 5031 transferre
1426 4992 1810 5046 nonnunquam
1909 4978 2212 5041 Jesmn,cui
2251 4976 2439 5043 reliqui
2457 4988 2642 5028 omnes
2661 4973 2822 5025 etiam
2849 4972 3188 5040 patriarchae,
3216 4971 3446 5036 prophe-

235 5075 482 5142 angelos
512 5069 718 5123 docuit.
746 5067 896 5132 Quod
935 5067 978 5120 si
1010 5078 1149 5121 recte
1173 5083 1300 5135 ergo
1327 5076 1380 5120 et
1412 5081 1473 5120 ex
1506 5081 1662 5134 aequo
1692 5085 1812 5123 cum
1840 5121 1843 5124 .
1912 5079 1978 5122 ta:
2011 5080 2066 5121 et
2088 5067 2309 5136 apostoli
2338 5067 2488 5123 fuere
2529 5063 2766 5117 obnoxii.
2798 5065 3110 5128 Assumptus
3147 5068 3322 5110 autem
3377 5056 3447 5107 ab

233 5165 494 5234 Origene
523 5173 686 5228 agere
733 5159 993 5222 velimus;
1048 5159 1298 5226 quidquid
1346 5157 1398 5210 in
1446 5171 1504 5208 re
1551 5159 1812 5222 obscura,
1914 5157 2116 5228 angelis
2142 5156 2395 5211 custodia:
2427 5155 2655 5214 illarum,
2701 5154 2823 5204 dttm
2882 5153 2932 5204 in
2961 5163 3184 5215 corpore
3213 5151 3446 5204 essent,

237 5269 351 5306 nec
381 5250 514 5304 ullis
540 5245 791 5298 Ecclesiae
818 5247 1189 5300 sanctionibus
1225 5245 1565 5299 determinata
1612 5262 1817 5313 propo-
1920 5247 2178 5316 deputatis
2202 5247 2430 5311 animas,
2451 5245 2501 5297 in
2527 5243 2779 5310 judicium
2814 5241 2880 5294 ab
2901 5240 3014 5293 illis
3042 5237 3169 5304 ipsis
3195 5235 3448 5282 eductum

237 5342 395 5405 suit,
443 5337 596 5389 velut
642 5335 707 5388 ab
754 5337 966 5390 homine
997 5376 1012 5398 ,
1059 5352 1159 5390 non
1205 5345 1304 5387 tam
1341 5343 1545 5388 certum
1601 5337 1818 5404 aliquid
1920 5339 1985 5394 iri
2019 5338 2207 5393 scribit
2233 5337 2415 5390 homil.
2444 5335 2498 5388 in
2529 5334 2690 5386 Num.
2730 5331 2812 5393 il,
2835 5345 2982 5382 num.
3009 5328 3061 5387 4,
3091 5332 3143 5374 et
3172 5319 3260 5378 ‘20,
3293 5330 3448 5405 num.

238 5427 672 5496 pronuntiante,
709 5439 862 5489 quam
909 5425 1140 5478 veritatis
1167 5422 1332 5476 studio
1359 5414 1559 5478 incerta
1597 5441 1776 5494 expet

1923 5429 1975 5482 4.
2011 5426 2118 5480 Nec
2150 5425 2202 5479 in
2229 5425 2488 5494 judicium
2531 5424 2721 5480 solum,
2753 5419 2844 5470 sed
2885 5418 2937 5467 in
2967 5404 3233 5477 suppliciis
3261 5401 3454 5498 etiam,

240 5520 423 5570 dente
452 5511 749 5581 profectum
779 5514 1102 5581 accipiemus.
1138 5509 1439 5576 Ncutiquam
1479 5527 1606 5567 vero
1647 5513 1778 5567 Anti

1925 5518 2005 5572 vel
2026 5515 2206 5586 gloria:
2240 5515 2556 5571 destinatum
2610 5511 2800 5564 locum.
2832 5521 2848 5554 ι
2893 5503 3128 5554 Mortuus
3155 5499 3258 5551 est,
3303 5505 3322 5537 ι
3369 5503 3459 5540 m.

336 5686 388 5721 ⁸⁷
417 5685 549 5741 Luc.
589 5697 682 5743 xu,
711 5684 792 5736 ‘20.
