3894 6448
424 373 527 427 887

1661 354 1725 411 Ρ.
1771 346 2085 409 DANIELIS
2117 348 2344 409 HUE’I‘II

3702 336 3823 390 888

426 484 537 548 quit
566 478 743 531 liomil.
780 476 811 527 9
834 476 885 525 in
919 471 1101 534 Leuit,
1133 484 1274 524 num.
1300 471 1353 534 ι,
1387 491 1405 520 ‹
1444 470 1681 526 Lazarus
1710 484 1765 525 et
1788 472 1956 527 abdu-
1989 472 2032 528 Δ
2064 478 2235 522 tamen
2270 480 2378 522 tam
2410 483 2511 521 nou
2530 481 2636 522 eos
2667 467 2922 522 dicimus
2980 468 3332 517 creatore:
3391 451 3773 507 animalium
3803 486 3822 514 ,

426 583 539 623 ctus
561 577 640 619 est
668 566 733 615 ab
760 562 960 629 angelis
987 562 1036 612 in
1071 561 1244 614 sinum
1292 562 1542 615 Abrahae.
1578 562 1832 623 Similiter
1861 578 1956 615 au-

423 673 523 709 tem
560 665 613 709 et
633 653 797 715 dives,
827 660 883 704 et
910 652 1172 703 abductus
1200 659 1281 704 est
1311 652 1375 703 ad
1410 652 1672 706 infernum
1701 653 1753 705 in
1783 653 1957 705 locum

419 741 659 796 tormenti
677 740 738 792 ⁸⁸.
759 739 1148 792 Animadvertis
1160 739 1436 793 evidenter
1450 740 1561 794 loca
1588 743 1746 795 sortis
1760 743 1959 795 utrius-

416 845 517 897 que
562 830 833 881 distincta.
859 828 992 881 Vide
1030 829 1188 897 etiam
1230 832 1318 897 qui
1349 840 1476 883 sunt
1517 829 1606 899 qui
1652 832 1954 884 abducunt:

414 920 602 987 angeli,
638 920 830 986 inquit,
863 920 953 985 qui
976 931 1188 986 semper
1215 923 1382 989 parati
1412 930 1535 976 sunt
1567 923 1633 975 ad
1688 924 1957 976 abducen-

413 1010 533 1059 dum
565 1022 580 1058 :
613 1006 846 1058 ministri
872 1006 1017 1059 enim
1064 1004 1154 1060 Dei
1189 1018 1313 1060 sunt
1340 1016 1405 1061 ad
1458 1010 1558 1063 hoc
1589 1010 1757 1078 ipsum
1792 1011 1956 1064 desti-

410 1094 536 1154 nati,
571 1093 660 1160 qui
690 1092 941 1161 impleant
968 1104 1161 1149 sortem
1189 1112 1349 1164 quam
1381 1098 1472 1150 tibi
1495 1100 1604 1164 ipse
1623 1101 1948 1167 paraveris.)

411 1182 602 1234 llomil.
632 1182 666 1235 5
703 1184 756 1235 in
786 1183 973 1247 Num.,
1017 1202 1163 1242 num.
1194 1187 1247 1249 5,
1278 1198 1493 1242 sanctos
1514 1194 1581 1243 ah
1602 1191 1803 1259 angelis
1832 1200 1954 1260 post

412 1282 636 1324 mortem
664 1274 912 1327 manibus
950 1285 1007 1329 et
1032 1276 1269 1330 humeris
1300 1279 1419 1331 vehi
1463 1280 1813 1345 demunstrat,
1854 1281 1951 1334 do-

412 1372 510 1413 nec
539 1360 589 1411 in
619 1361 817 1426 quietis
838 1362 1011 1417 locum
1043 1364 1253 1418 deducti
1298 1368 1425 1419 sint.
1458 1366 1608 1433 Quod
1660 1370 1946 1438 signiﬁcari

409 1449 485 1501 sit
515 1449 606 1503 illo
639 1452 852 1505 Davidis
879 1453 1067 1520 psalm.
1102 1469 1186 1519 xc,
1221 1456 1307 1521 ll,
1344 1457 1409 1510 12
1439 1477 1451 1510 :
1490 1476 1508 1508 ι
1539 1458 1797 1524 Quoniam
1860 1475 1951 1513 an-

405 1539 535 1602 gelis
566 1543 675 1594 suis
699 1544 1056 1598 mandavitde
1082 1554 1152 1608 te,
1195 1559 1251 1600 nt
1278 1550 1583 1604 custodiant
1615 1560 1665 1604 te
1691 1553 1742 1604 in
1773 1553 1948 1605 omni-

405 1630 502 1681 bus
534 1630 634 1684 viis
667 1634 790 1687 luis.
838 1634 892 1686 In
943 1637 1188 1692 manibus
1232 1641 1522 1706 portabunt
1586 1652 1657 1704 te,
1711 1656 1777 1697 ne
1807 1642 1946 1697 forte

402 1718 639 1773 offendas
687 1724 751 1774 ad
802 1723 1026 1793 lapidem
1058 1730 1246 1796 pedem
1279 1739 1445 1785 tuum.
1485 1750 1504 1782 ι
1555 1728 1631 1784 Ex
1674 1746 1740 1786 eo
1763 1743 1939 1786 autem

2060 573 2217 627 quam
2252 573 2353 613 nec
2386 559 2663 626 agricolas
2693 558 2935 626 frugum
2972 563 3166 621 atque
3197 549 3561 601 arborum.
3609 558 3634 594 ι

2129 648 2202 700 Illi
2238 650 2451 717 quidem
2477 647 2723 715 Origeni
2757 662 2828 699 ex
2855 642 3127 697 ethnicis
3184 636 3702 729 prwluserun-t-z
3753 646 3826 685 ex

2057 738 2381 793 Christianis
2413 754 2544 792 vero
2603 736 2871 806 praelusit
2931 732 3234 787 Clemens
3313 720 3827 821 Alennndrinus,

2056 833 2143 899 qui
2168 832 2402 884 animam
2434 830 2487 882 in
2522 828 2878 881 muliebrem
2922 832 3172 874 uterum
3215 813 3507 869 immitti
3534 811 3691 864 dicit
3720 811 3829 862 ὑπό

2055 937 2195 983 τινος
2220 920 2331 975 τῶν
2363 922 2430 990 τῇ
2458 917 2682 986 γενέσει
2708 911 3062 982 ἐφεστώτων
3090 905 3449 976 ἀγγέλων,
3481 912 3549 955 et
3582 902 3827 1003 angelos

2058 1010 2370 1078 ἐφεστῶτας
2392 1010 2460 1077 τῇ
2488 1006 2673 1076 ἀνόδῳ
2701 1008 3170 1058 commemorat.
3212 996 3305 1050 Et
3336 1008 3506 1048 vero
3528 996 3831 1061 posterior

2056 1102 2142 1155 illa
2171 1103 2235 1154 de
2270 1100 2591 1167 angelorum
2632 1099 2925 1150 humanas
2992 1092 3257 1145 animas
3311 1088 3385 1139 in
3443 1097 3604 1138 suas
3662 1084 3832 1138 sedes

2057 1193 2441 1261 repenentinm
2474 1187 2799 1243 ministerio
2822 1181 3130 1238 sententia
3204 1173 3552 1232 Ecclesiae
3624 1177 3829 1275 catho-

2058 1282 2170 1336 lica:
2207 1282 2420 1351 placitis
2443 1293 2699 1335 consona
2721 1286 2833 1332 est.
2876 1276 3159 1329 Priorem
3194 1279 3477 1329 autem,
3518 1280 3668 1334 qua:
3700 1281 3830 1317 ani-

2058 1386 2264 1425 marnm
2320 1371 2551 1424 sationis
2605 1384 2801 1422 curam
2869 1364 3108 1433 angelis
3172 1360 3539 1427 ascribit,
3578 1371 3833 1426 qua:un

2058 1460 2188 1513 tutni
2226 1475 2325 1513 xm
2360 1460 2414 1512 in
2443 1458 2612 1511 Joan.
2654 1458 2782 1511 loco
2824 1470 2858 1508 a
2904 1454 3082 1508 nobis
3111 1466 3337 1517 supra
3397 1450 3607 1502 allato
3642 1453 3826 1501 conti-

2049 1560 2229 1609 netur.
2265 1551 2344 1603 sic
2370 1552 2487 1617 ipse
2511 1548 2786 1619 Origenes
2806 1557 3062 1602 excusat
3092 1564 3105 1599 :
3145 1542 3407 1597 Ταῦτα
3434 1540 3508 1594 δὲ
3540 1539 3661 1594 οὐκ
3690 1542 3821 1593 ἀπο-

2052 1640 2369 1710 φαινόμενοι
2421 1639 2657 1708 λέγομεν
2687 1681 2702 1703 ,
2742 1635 2966 1708 πολλῆς
3020 1636 3151 1706 γὰρ
3193 1633 3514 1703 βασάνου
3554 1631 3640 1683 τὰ
3665 1632 3826 1701 τηλι-

2061 1728 2239 1781 καῦτα
2287 1728 2513 1798 χρῄζει,
2567 1728 2635 1779 ἶν’
2664 1728 2872 1798 εὑρεθῇ
2945 1726 3228 1795 πότερον
3278 1721 3511 1784 οὕτως
3575 1721 3748 1791 ἔχει,
3792 1723 3823 1791 ῆ

409 1808 571 1871 Pauli,
606 1811 623 1862 1
657 1810 899 1867 Thessal.
926 1831 999 1877 tv,
1041 1817 1143 1870 16‘:
1178 1836 1196 1867 ι
1235 1819 1429 1873 Deinde
1460 1836 1553 1874 nos
1579 1822 1667 1887 qui
1696 1822 1942 1885 vivimus,
1978 1797 2019 1851 Β
2051 1819 2271 1888 ἑτέρωςο

402 1900 490 1962 qui
526 1896 894 1967 relinquimur,
926 1905 1082 1957 simul
1126 1906 1391 1974 rapientur
1414 1922 1533 1961 cum
1566 1909 1672 1962 illis
1706 1910 1758 1962 in
1791 1911 1946 1964 nubi-

401 1987 499 2039 bus
529 1989 736 2042 obviam
762 1991 988 2046 Domino
1010 1993 1066 2045 in
1086 2010 1233 2056 aera,
1271 2007 1326 2049 et
1352 1997 1429 2050 sic
1456 2012 1666 2065 semper
1692 2014 1810 2052 cum
1844 1999 1945 2052 υο-

404 2075 548 2125 mino
577 2078 795 2142 erimus,
832 2097 850 2130 ι
894 2081 1085 2147 prohat
1133 2090 1341 2150 raptum
1400 2083 1465 2136 iri
1515 2086 1584 2138 ab
1616 2088 1819 2155 angelis
1849 2103 1943 2142 eos

402 2164 489 2228 qui
523 2165 665 2219 vitiis
696 2168 905 2235 purgati
929 2169 1158 2221 leviores
1175 2182 1460 2224 evaserunt
1482 2188 1496 2235 ;
1522 2183 1786 2239 portatum
1814 2189 1943 2230 vero

402 2252 467 2306 iri
510 2256 763 2323 reliquos,
793 2258 885 2325 qui
936 2268 1280 2324 peccatorum
1317 2260 1559 2329 reliquiis
1585 2274 1710 2317 sunt
1738 2270 1937 2320 onusti.

400 2344 462 2396 Et
496 2344 715 2399 homilia
754 2348 966 2401 demum
992 2349 1051 2402 ll
1111 2351 1163 2402 in
1195 2348 1383 2413 Νιιηι..
1408 2368 1554 2408 num.
1585 2355 1641 2417 ι,
1668 2370 1786 2425 pag.
1810 2355 1937 2421 508,

393 2431 505 2493 jam
542 2447 704 2500 supra
729 2434 1194 2506 laudata,angelos
1214 2452 1331 2506 post
1366 2442 1503 2495 hanc
1528 2444 1691 2497 vitam
1726 2444 1937 2499 futuros

399 2534 580 2571 eorum
611 2522 878 2589 principes
901 2524 1164 2588 decernit,
1200 2530 1394 2595 quibus
1447 2532 1569 2584 dum
1603 2533 1653 2585 in
1686 2532 1822 2587 vivis
1847 2548 1937 2588 es-

398 2618 535 2668 sent,
564 2608 674 2674 jatn
705 2621 828 2664 ante
854 2612 1197 2679 praefuerant,
1250 2634 1493 2687 quosque
1523 2622 1699 2676 studio
1750 2638 1848 2677 suo
1873 2639 1937 2677 ac

398 2698 575 2752 labore
597 2701 664 2753 ad
692 2700 964 2756 Christum
998 2717 1391 2761 converterant.
1942 2720 1943 2723 “

467 2869 541 2924 Ex
568 2870 806 2927 Platonis
836 2885 1012 2930 autem
1045 2878 1280 2934 fontibus
1307 2897 1369 2935 ea
1413 2882 1524 2937 fere
1565 2887 1753 2939 hausta
1787 2899 1928 2943 sunt.

395 2957 485 3010 Sic
515 2960 656 3011 cnim
699 2962 782 3013 ille
831 2964 882 3015 in
917 2964 1176 3020 Phwdone
1200 2986 1219 3021 :
1256 2970 1482 3037 Λέγεται
1524 2974 1581 3025 δὲ
1614 2973 1817 3041 οὕτως,
1858 2978 1932 3042 ὡς

2130 1904 2350 1961 XXXV.
2384 1906 2742 1959 Prwtermitti
2786 1913 3030 1972 poterat
3087 1906 3395 1974 quaestio
3447 1918 3726 1975 sequens
3754 1909 3819 1959 de

2048 1997 2584 2049 remunerationibus
2617 2006 2673 2049 et
2726 1997 2923 2065 ptenis
2962 2010 3073 2064 per
3116 1996 3421 2064 angelos
3467 2011 3506 2049 a
3566 1998 3693 2051 Deo
3721 2007 3817 2049 au-

2046 2085 2459 2148 ministrandis;
2499 2086 2639 2137 nihil
2674 2085 2825 2137 enim
2871 2086 3147 2138 multum
3187 2087 3537 2139 abnorme
3561 2085 3725 2140 circa
3760 2088 3813 2139 ill

2048 2182 2428 2241 argumentum
2474 2172 2748 2242 Origenes
2778 2176 3199 2244 excogitavit.
3231 2175 3583 2241 Quoniam
3625 2188 3811 2231 tamen

2043 2278 2160 2315 cum
2193 2265 2483 2331 superiore
2522 2266 2912 2333 disputatione
2956 2268 3265 2321 cohaeret
3308 2268 3469 2337 ejus
3513 2269 3807 2330 tractatio.

2041 2363 2095 2404 et
2144 2354 2413 2420 peculiare
2464 2357 2721 2409 nonnihil
2777 2357 2960 2411 habet
3032 2360 3538 2424 Adamantius,
3595 2361 3809 2415 idcirco

2043 2442 2212 2509 ipsum
2268 2458 2489 2511 quoque
2530 2445 2727 2501 leviter
2779 2449 3203 2517 attingemus.
3250 2448 3556 2504 llomilia
3619 2452 3808 2521 itaque

2040 2534 2091 2583 in
2121 2531 2409 2585 Jerentinm
2436 2533 2526 2598 21,
2560 2551 2717 2589 num.
2750 2537 2807 2601 6,
2837 2539 3191 2606 tripliciter
3234 2542 3655 2604 hominibus,
3685 2559 3805 2612 qua:

2042 2623 2318 2688 promeriti
2358 2636 2510 2690 sunt,
2557 2627 2727 2680 Deum
2756 2629 3113 2683 retribuere
3164 2633 3512 2695 ostendit,
3553 2635 3796 2702 primum

2046 2726 2140 2777 per
2164 2726 2245 2775 se,
2297 2716 2601 2768 secundum
2660 2717 2800 2771 illud
2836 2715 3076 2771 Jeretn.
3123 2735 3222 2785 ιι,
3286 2721 3359 2787 6,
3431 2742 3455 2773 ο
3496 2722 3804 2777 Vicissim-

2037 2803 2215 2855 dinem
2247 2807 2361 2872 ipse
2392 2808 2661 2861 retribuet
2691 2811 2776 2873 ei;
2822 2830 2841 2860 ι
2887 2811 3125 2866 deinde
3189 2830 3322 2882 per
3391 2816 3599 2871 malos
3630 2830 3801 2887 ange-

2039 2893 2135 2955 lus,
2168 2894 2462 2947 secundum
2494 2896 2623 2948 illud
2644 2898 2845 2965 psalmi
2876 2915 3126 2968 Lxxvu,
3170 2904 3296 2968 49,
3339 2925 3363 2955 ‹
3405 2903 3586 2959 Misit
3618 2908 3675 2959 in
3704 2923 3799 2961 eos

2038 2983 2173 3034 iram
2206 2983 2597 3052 indignationis
2626 3004 2770 3052 suae,
2808 2991 3062 3061 indigna
3078 2996 3353 3049 tionem
3382 3035 3401 3059 ,
3437 3007 3507 3051 et
3535 3000 3711 3065 iram,
3745 3011 3794 3053 et

390 3045 495 3113 ἄρα
516 3046 907 3118 τελευτήσαντα
938 3052 1161 3107 ἕκαστον
1191 3058 1219 3108 ὁ
1249 3059 1476 3111 ἑκάστου
1504 3061 1728 3131 δαίμων,
1763 3066 1931 3137 ὅσπερ

398 3136 562 3162 νᾶ..--
594 3140 786 3162 -ξκ.,ι,,-,
852 3137 959 3162 _1__
987 3161 994 3162 κ
1037 3146 1057 3162 νο
1093 3161 1097 3162 γ
1216 3147 1227 3162 9
1376 3151 1387 3162 ι
1537 3154 1549 3162 .
1621 3154 1669 3162 λ.
1895 3159 1904 3162 -

2322 3045 2348 3052 -
2755 3045 2767 3052 .
2941 3045 2976 3061 υ
3087 3045 3126 3047 γε
3384 3045 3401 3059 ,
3444 3045 3504 3051 V-
3536 3045 3711 3065 -__-_-,
3748 3045 3783 3053 -.

2038 3072 2442 3128 tribulationem
2473 3115 2489 3140 ,
2531 3078 2926 3136 immissiones
2961 3098 3083 3152 per
3145 3088 3446 3157 angelos
3488 3089 3724 3144 malos:
3764 3110 3783 3141 ι

392 3136 565 3198 ζῶντα
591 3140 813 3209 εἰλήχει,
845 3137 997 3205 οὗτος
1028 3146 1179 3211 ἄγειν
1211 3147 1473 3219 ἐπιχείρει
1503 3154 1582 3215 εἰς
1615 3154 1677 3225 δή
1714 3173 1832 3209 τινα
1848 3136 1931 3209 τό·

389 3243 508 3289 πον,
537 3225 591 3308 οἷ
603 3229 682 3281 δεῖ
706 3232 827 3293 τοὺς
846 3234 1195 3302 συλλεγέντας
1214 3236 1689 3312 διαδικασαμένους
1711 3251 1789 3311 εἰς
1804 3249 1930 3319 ᾆδον

388 3317 740 3384 πορεύεσθαι,
786 3321 923 3387 μετὰ
974 3322 1233 3391 ἡγεμόνος
1287 3326 1582 3398 ὲκείνου,ᾦ
1610 3335 1673 3404 δὴ
1708 3317 1934 3406 προστέ-

387 3417 577 3455 τακται
622 3409 744 3470 τοὺς
775 3410 980 3462 ἐνθένδε
1013 3414 1187 3465 ἐκεῖσε
1215 3417 1491 3485 πορεῦσαι.
1551 3441 1569 3471 t
1614 3423 1704 3478 Sic
1750 3440 1927 3483 autem

390 3491 559 3542 l'ertnr
583 3504 847 3548 mortuum
873 3513 1328 3569 unumquemque,
1346 3506 1639 3563 daemonem
1664 3513 1810 3568 illum
1837 3522 1926 3586 qni

390 3578 655 3632 viventem
680 3585 901 3638 sortitus
931 3587 1130 3652 fuerat,
1154 3593 1418 3650 deducere
1444 3600 1629 3652 conari
1662 3603 1713 3655 in
1741 3578 1927 3673 quem-

390 3669 511 3721 dam
543 3670 737 3737 locum,
779 3675 866 3727 ubi
902 3688 1113 3743 oportet
1135 3695 1487 3751 congregatos
1533 3703 1720 3745 omnes
1758 3669 1924 3751 causa

383 3758 527 3812 dicta
556 3763 621 3814 ad
648 3762 849 3819 inferos
869 3768 1135 3832 proﬁcisci
1166 3787 1291 3825 cum
1324 3775 1460 3829 duce
1506 3778 1623 3841 illo,
1654 3782 1739 3835 cui
1777 3801 1926 3841 man-

383 3848 564 3903 datum
603 3859 687 3903 est
715 3866 809 3906 eos
829 3854 922 3921 qui
955 3855 1099 3911 illinc
1125 3859 1393 3930 abierunt,
1423 3864 1548 3919 illuc
1571 3868 1856 3928 deducere.
1898 3895 1918 3927 ι

380 3936 533 4001 Quod
569 3940 691 3993 aliis
733 3942 926 3997 deinde
967 3945 1089 4017 libri
1143 3948 1378 4016 ejusdem
1432 3952 1567 4010 locis
1597 3962 1825 4028 repetit;
1868 3974 1924 4017 et

381 4040 501 4093 post
534 4032 677 4083 illum
698 4033 940 4088 Plotinus
965 4036 1103 4091 Enn.
1134 4054 1219 4099 ut,
1244 4040 1337 4094 lib.
1364 4058 1438 4107 tv,
1476 4060 1591 4115 cap.
1614 4050 1685 4103 6:
1722 4051 1777 4104 Ὀ
1805 4055 1924 4123 μέν·

377 4134 457 4208 εει
502 4120 708 4190 δαίμων
760 4119 912 4187 οὗτος
946 4126 1005 4179 ὃν
1042 4126 1288 4199 λέγομεν,
1330 4133 1553 4201 ἀγαγεῖν
1586 4119 1817 4202 λέγεται.⁷
1840 4146 1923 4208 εἰς

376 4205 520 4276 ᾅδου,
545 4212 727 4265 οὐκέτι
757 4215 788 4266 ὀ
819 4217 977 4279 αὐτὸς
1010 4220 1209 4287 μένειν,
1231 4222 1323 4275 ἐὰν
1345 4225 1420 4295 μὴ
1446 4225 1513 4278 τὰ
1548 4228 1684 4282 αὐτὰ
1734 4205 1918 4304 ἓληταῖ

377 4297 552 4350 πάλιν·
586 4303 690 4371 πρὸ
725 4304 780 4356 δὲ
808 4308 900 4359 τοῦ
936 4307 1083 4374 quiq;
1130 4311 1189 4363 τὸ
1213 4311 1275 4383 δὴ
1300 4316 1520 4382 ἀγαγεῖν
1556 4322 1633 4379 εἰς
1666 4321 1763 4391 τὴν
1801 4328 1919 4395 κρί-

377 4401 482 4439 σιν.
513 4408 531 4438 ι
562 4388 774 4446 Daunon
798 4410 923 4464 ergo
956 4398 1045 4450 ille
1066 4414 1222 4466 quem
1250 4404 1496 4469 dicimus,
1524 4388 1786 4468 deducere
1805 4388 1913 4470 fer—

379 4486 462 4528 tur
486 4478 549 4528 ad
580 4479 799 4548 inferos,
832 4500 933 4537 non
977 4490 1206 4557 amplius
1256 4492 1393 4546 idem
1426 4510 1760 4567 permanere,
1811 4509 1910 4563 nisi

375 4563 562 4615 eadem
594 4580 808 4619 rursum
831 4570 1015 4639 eligat.
1046 4577 1214 4628 Antea
1251 4592 1378 4633 vero
1415 4586 1717 4650 quomodo?
1746 4563 1913 4644 addu-

374 4663 497 4704 cere
521 4652 772 4705 nimirum
825 4658 893 4709 ad
941 4660 1223 4725 judicium.
1257 4682 1278 4716 ι
1318 4667 1647 4736 Αυευειίηυε
1691 4674 1783 4728 lib.
1834 4694 1910 4732 In

371 4740 450 4795 De
470 4741 611 4833 civit.
642 4742 755 4807 Dei,
784 4761 903 4812 cap.
930 4749 997 4801 24
1023 4769 1035 4803 :
1061 4770 1080 4802 ι
1117 4755 1194 4807 illi
1222 4767 1426 4823 autem,
1459 4761 1651 4829 inquit,
1672 4766 1762 4833 qui
1789 4766 1914 4822 Pla-

373 4831 483 4885 toni
513 4846 612 4885 suo
632 4834 877 4897 credunt,
905 4852 1008 4891 non
1045 4842 1112 4895 ab
1144 4843 1234 4897 illo
1257 4860 1465 4901 summo
1491 4851 1599 4905 Deo
1622 4831 1713 4923 qui
1739 4856 1908 4912 fabri-

371 4933 524 4976 catus
551 4932 635 4976 est
649 4923 925 4990 mundum,
952 4930 1045 4983 sed
1068 4933 1135 4986 ab
1157 4934 1274 4989 aliis
1303 4938 1620 5007 minoribus,
1644 4960 1776 5012 quos
1799 4951 1911 5017 qui-

370 5016 489 5066 dem
514 5013 625 5081 ipse
647 5014 929 5078 creaverit,
962 5021 1222 5083 permissu
1252 5026 1364 5080 sive
1385 5027 1537 5095 jussu
1559 5033 1674 5100 ejus
1704 5013 1909 5094 anima-

372 5102 444 5156 lia
481 5103 622 5158 facta
641 5119 760 5158 esse
781 5116 975 5160 cuncta
1002 5113 1268 5176 mortalia,
1301 5118 1353 5169 in
1379 5122 1572 5186 quibus
1596 5126 1757 5181 homo
1781 5143 1914 5198 pra:-

366 5193 603 5261 cipuum,
628 5196 836 5263 diisque
863 5196 993 5265 ipsis
1022 5213 1307 5269 cognatum
1333 5220 1539 5265 teneret
1567 5193 1813 5272 locum.)
1841 5224 1908 5277 Et

366 5286 557 5342 deinde
583 5308 597 5342 ;
629 5306 649 5339 ι
674 5290 864 5359 Angeli
888 5299 1085 5353 autem,
1114 5309 1250 5361 quos
1274 5296 1346 5351 illi
1379 5302 1504 5356 deos
1548 5305 1795 5365 libentius
1816 5328 1904 5381 ap-

366 5376 584 5444 pellant,
614 5380 771 5433 etiam
822 5382 870 5434 si
899 5382 1154 5437 adhibent
1202 5385 1286 5437 vel
1325 5387 1480 5455 jussi,
1530 5397 1611 5447 Vel
1660 5376 1899 5464 permissi

365 5469 726 5531 cierationem
761 5488 912 5526 suam
945 5473 1104 5526 rebus
1131 5488 1247 5543 qua:
1277 5477 1559 5545 gignuntur
1598 5486 1648 5539 in
1680 5492 1897 5552 mundo.

430 5641 477 5673 “
510 5644 635 5703 Luc.
671 5648 886 5715 “1.22,
923 5651 1009 5705 εδ.

1949 4436 1989 4488 ι)
2019 4417 2252 4488 θρώποις
2277 4420 2344 4472 τὰ
2371 4425 2527 4494 παρὰ
2552 4428 2695 4483 θεῶν
2717 4448 2731 4461 ·
2767 4437 2886 4491 τῶν
2913 4444 3028 4510 μὲν
3067 4417 3435 4529 τὰςιδεήσε

2026 4507 2169 4529 -1---
2199 4506 2303 4529 --’νι
2347 4509 2395 4529 9‘
2483 4512 2495 4529 ‘
2587 4519 2601 4529 ·
2734 4522 2787 4529 ’-

2038 3176 2417 3231 nonnunquam
2448 3168 2614 3220 etiam
2640 3184 2739 3237 per
2775 3173 2991 3237 bonos,
3059 3179 3471 3244 cujusmodi
3516 3183 3703 3236 multa
3738 3183 3785 3236 in

2037 3249 2328 3320 Scripturis
2362 3258 2590 3323 reperiri
2610 3260 2785 3314 dicit:
2827 3276 2900 3316 ac
2930 3264 3193 3320 leviora
3232 3272 3511 3338 quidem
3540 3276 3777 3328 crimina

2036 3341 2297 3396 ministris
2321 3346 2439 3399 suis
2471 3348 2802 3405 vindicanda
2838 3352 3034 3407 Deum
3073 3364 3497 3426 permittere
3527 3405 3547 3431 ,
3600 3366 3778 3435 ipsum

2033 3445 2158 3485 vero
2184 3435 2460 3500 graviores
2487 3454 2659 3493 noxas
2682 3442 2908 3498 ulcisci.
2947 3442 3127 3501 Fuse
3165 3452 3313 3508 hoc
3349 3470 3775 3525 argumentum

2033 3519 2170 3573 libro
2204 3535 2293 3574 vm
2328 3535 2517 3577 contra
2563 3526 2822 3594 Celsum,
2852 3549 3025 3587 nunt.
3064 3536 3189 3605 '59-,
3243 3519 3681 3614 persequitur,
3721 3556 3771 3597 et

2030 3626 2357 3679 quaecunque
2399 3616 2718 3671 hominibus
2755 3623 2912 3675 mala
2962 3632 3417 3700 contingunt,
3472 3636 3579 3691 Dei
3635 3649 3763 3692 nutu

2028 3713 2082 3752 et
2109 3704 2332 3755 consilio
2367 3720 2396 3755 a
2427 3708 2771 3765 daemonibus
2801 3712 3054 3771 immitti
3111 3726 3375 3787 probat
3429 3742 3512 3781 ex
3541 3728 3765 3783 laudato

2028 3790 2213 3855 psalmi
2242 3806 2429 3846 Lxxvn
2481 3794 2645 3862 loco;
2702 3802 2852 3855 bona
2890 3820 3043 3862 vero
3108 3814 3196 3867 ab
3245 3819 3519 3888 angelis
3551 3822 3771 3877 submi-

2026 3892 2262 3934 IllSlI'al'l.

2098 3972 2152 4024 ln
2178 3973 2374 4039 quibus
2415 3991 2444 4028 a
2498 3980 2768 4047 magistro
2818 4001 2928 4041 suo
2973 3989 3271 4053 Platone
3311 4019 3446 4058 non
3484 4011 3767 4074 recessit;

2023 4064 2113 4130 qui
2140 4064 2190 4114 in
2218 4060 2496 4130 Symposio
2510 4070 2645 4123 deos
2673 4073 2823 4127 inter
2841 4088 2902 4131 et
2925 4080 3238 4144 homines
3280 4060 3768 4171 medium—quod:

2024 4157 2144 4203 dant
2184 4156 2466 4208 constituit
2493 4173 2690 4227 genus,
2727 4174 2785 4218 et
2830 4168 3156 4229 daemones
3202 4188 3539 4253 appellat,
3595 4156 3765 4248 inter-

2022 4251 2199 4307 proles
2237 4252 2597 4314 utrorumque
2629 4262 2686 4304 et
2716 4270 3095 4332 sequestres,

2025 4270 2199 4340 Ξ,ιυιιςο
2215 4270 2597 4348 “utrorumque
2629 4270 2686 4304 et
2716 4270 3095 4332 sequestres,
3134 4270 3643 4348 ὲρμηνεύοντας
3673 4287 3760 4338 καὶ

2019 4328 2515 4397 διαπορθμεύοντας
2565 4336 2714 4403 θεοῖς
2762 4350 2838 4397 τὰ
2876 4354 3027 4422 παρ’
3070 4328 3491 4422 ᾆνόῥὼζτων-
3530 4361 3542 4422 1‘

3117 4360 3192 4411 νο
3206 4364 3491 4437 ρώπων,
3530 4361 3633 4428 καὶ
3674 4378 3762 4429 ἁν-

3446 4481 3506 4519 ις
3524 4469 3641 4519 καὶ
3670 4467 3759 4519 θν-

2055 4482 2066 4488 -
2241 4506 2265 4518 -
2455 4482 2467 4494 Ι
2680 4482 2683 4483 ,
2779 4482 2880 4491 --ν
2913 4482 3025 4510 τιυὶ-ον
3082 4482 3187 4514 θυι,
3224 4482 3641 4529 υεησειςνκαι
3670 4482 3759 4519 υυ·

2021 4507 2169 4568 σίας·
2196 4524 2304 4560 των
2341 4509 2399 4562 δὲ
2437 4512 2542 4577 τὰς
2582 4519 2879 4590 ἐπιτάξεις
2906 4547 2972 4582 τε
3005 4538 3119 4589 καὶ
3155 4542 3466 4613 ἀμοιϐὰς
3523 4554 3647 4607 τῶν
3675 4555 3759 4607 θ’·-

2021 4595 2168 4648 σιών.
2196 4615 2215 4647 t
2255 4598 2700 4713 lintlcrpretantes
2726 4628 2783 4668 et
2822 4620 3170 4686 referentes
3205 4595 3386 4705 .diis,
3435 4595 3588 4713 quae
3637 4651 3757 4701 mit-

2021 4696 2206 4798 tuntur
2234 4689 2301 4798 ab
2331 4690 2698 4769 hominibus;
2746 4718 2804 4759 et
2840 4710 3205 4777 hominibus
3243 4689 3405 4798 qua:
3439 4689 3755 4793 mill-uului

2018 4792 2045 4826 a
2075 4776 2208 4840 diis;
2242 4777 2459 4836 illorum
2494 4792 2723 4857 quidem
2753 4804 3133 4865 precationes
3154 4825 3224 4869 et
3258 4776 3751 4894 sacrificiiilll;

2018 4880 2134 4977 runt
2167 4880 2623 4977 vetqo‘pttiandata
2658 4897 2713 4941 et
2765 4894 3212 4959 sacriﬁciorum
3288 4924 3747 4977 remuneratio-

2016 4966 2131 5006 nes.
2156 4954 2355 5075 LQua:
2381 4971 2585 5025 munia
2622 4978 2814 5031 eadem
2850 4986 3081 5052 angelis
3123 4954 3746 5075 tribttuntnrj'ulilt‘l:

2016 5053 2157 5075 mu
2408 5056 2437 5075 ε
2562 5066 2578 5075 .

2788 5030 2791 5031 ⁷
2853 5030 3081 5052 ’⁷””υν“’“¹
3123 5030 3551 5075 ἰιυιιιΙιΙιΙΙΙ“,
3600 5030 3741 5067 unua

2373 5056 2653 5174 Λᾶγῖελοι
2704 5084 2734 5125 ⁸
2780 5075 3172 5143 “criminibus
3239 5100 3465 5154 sacris
3544 5108 3741 5174 appel-

2896 5136 2909 5143 -
3145 5136 3168 5140 -
3239 5136 3465 5154 ---νας
3544 5136 3734 5174 ..μναι-

2015 5136 2207 5252 lanttttl',
2242 5141 2349 5199 hoc
2370 5162 2459 5206 est
2499 5158 2850 5222 internuntii.
2893 5169 3165 5232 Plotinus
3196 5194 3436 5244 autem
3472 5193 3734 5252 Εηηεαιι,

2015 5228 2337 5356 ἷιιίιέᾒιῖἓξέἶ,
2371 5256 2608 5356 ξυμ-⁵6,
2652 5272 2937 5333 postquam
2988 5263 3203 5326 docuit
3245 5282 3511 5338 animas
3563 5290 3619 5341 in
3649 5290 3735 5356 ju-

2013 5322 2321 5436 Iab
2346 5345 2578 5436 angelis
2613 5357 2831 5420 adduci,
2880 5372 3071 5425 [minus
3105 5374 3536 5432 postmodum
3568 5322 3729 5436 10:1:-

2012 5409 2297 5520 tibp‘sillis
2331 5429 2549 5496 adesse
2591 5409 2894 5520 subiunxit:

2086 5498 2316 5572 Ortgcni
2360 5498 2782 5609 θειίρυιεηιίηι,
2813 5552 3004 5611 printer
3028 5540 3202 5610 alios,
3256 5550 3639 5617 Ambrosius
3666 5572 3719 5617 et
