3894 6444
421 364 524 419 887

1659 349 1723 403 P.
1769 340 2081 402 DANIELIS
2112 341 2342 402 HUETII

3683 332 3802 387 888

423 476 535 540 quit
564 471 741 523 homil.
778 468 809 520 9
832 468 883 518 in
916 464 1099 528 Levit.,
1130 476 1272 517 num.
1297 464 1351 527 4,
1385 484 1402 514 ι
1442 463 1679 520 Lazarus
1708 477 1763 519 et
1786 465 1953 520 abdu-
1985 466 2029 521 Α
2060 453 2236 516 tamen
2266 474 2375 516 tam
2407 474 2631 515 noneos
2662 461 2919 516 dicimus
2977 462 3322 510 creatam
3381 447 3752 501 animalium
3782 484 3801 512 ,

424 575 537 615 etus
559 569 637 611 est
665 558 731 608 ab
757 555 957 621 angelis
984 555 1033 605 in
1068 554 1241 607 sinum
1290 555 1539 608 Abrahae.
1576 554 1830 616 Similiter
1858 572 1953 608 au-

421 665 521 701 tem
559 658 611 701 et
630 646 795 708 dives,
824 653 881 696 et
907 645 1170 696 abductus
1198 652 1278 697 est
1308 645 1373 696 ad
1406 645 1669 699 infernum
1698 646 1750 698 in
1780 647 1953 699 locum

417 734 657 788 tormenti
675 732 736 785 ⁵⁸.
756 732 1146 784 Animadvertis
1158 732 1433 786 evidenter
1448 733 1558 787 loca
1585 736 1743 788 sortis
1758 736 1955 788 utrius-

414 837 514 889 que
559 823 831 874 distiucta.
857 821 989 873 Vide
1027 823 1185 893 etiam
1227 824 1316 890 qui
1346 833 1473 877 sunt
1514 822 1603 892 qui
1650 825 1951 877 abducunt:

413 912 600 979 angeli,
637 912 828 978 inquit,
861 912 951 978 qui
973 924 1186 979 semper
1212 916 1379 982 parati
1409 923 1533 969 sunt
1565 915 1630 968 ad
1686 917 1955 969 abducen-

411 1002 531 1051 dntn
564 1015 578 1050 :
611 998 844 1051 ministri
870 999 1014 1052 enim
1062 996 1152 1053 Dei
1187 1011 1310 1053 sunt
1338 1008 1402 1055 ad
1456 1003 1555 1056 hoc
1586 1003 1754 1071 ipsum
1790 1004 1953 1058 desti-

409 1086 535 1147 uati,
569 1085 657 1153 qui
688 1084 938 1153 impleant
966 1096 1159 1142 sortem
1186 1105 1346 1157 quam
1378 1090 1470 1143 tibi
1492 1092 1602 1157 ipse
1621 1094 1945 1159 paraveris.»

410 1174 600 1227 llomil.
630 1175 664 1228 5
701 1176 754 1228 in
784 1175 970 1240 Num.,
1014 1194 1160 1235 num.
1192 1180 1244 1241 5,
1275 1191 1490 1235 sanctos
1512 1186 1578 1235 ab
1599 1184 1801 1251 angelis
1830 1193 1951 1252 post

410 1275 634 1316 mortem
663 1267 910 1320 manibus
949 1278 1005 1321 et
1029 1268 1266 1322 humeris
1297 1272 1417 1323 vehi
1461 1272 1811 1337 demonstrat,
1851 1273 1949 1326 do-

410 1364 509 1405 nec
538 1352 587 1403 in
618 1353 816 1419 quietis
836 1354 1009 1409 locum
1040 1356 1251 1411 deducti
1295 1360 1422 1411 sint.
1456 1359 1605 1424 Quod
1657 1362 1944 1430 signiﬁcari

407 1440 484 1493 ait
514 1441 605 1495 illo
638 1444 850 1497 Davidis
876 1446 1064 1512 psalm.
1100 1461 1183 1510 xc,
1219 1448 1304 1513 ll,
1341 1449 1406 1501 12
1437 1469 1449 1502 :
1487 1468 1505 1500 ι
1536 1450 1795 1515 Quoniam
1857 1467 1948 1505 au-

403 1530 534 1593 gelis
564 1534 673 1586 suis
697 1535 969 1588 mandavit
989 1537 1054 1590 de
1080 1546 1150 1601 te,
1193 1551 1249 1593 ut
1275 1542 1580 1596 custodiant
1612 1552 1662 1596 te
1688 1544 1738 1596 in
1770 1546 1944 1597 omni-

404 1621 501 1672 bus
533 1622 632 1676 vils
665 1625 789 1678 luis.
836 1626 890 1678 ln
942 1628 1185 1683 manibus
1229 1633 1518 1698 portabunt
1583 1645 1653 1695 te,
1707 1648 1774 1688 ne
1804 1634 1943 1689 forte

401 1709 637 1765 oll'endas
686 1716 749 1766 ad
801 1714 1023 1784 lapidem
1056 1721 1243 1788 pedem
1276 1731 1442 1777 tuum.
1481 1741 1501 1773 ι
1552 1720 1628 1776 Ex
1671 1738 1737 1777 eo
1760 1735 1936 1777 autem

2057 566 2214 620 quam
2249 566 2351 606 nee
2382 552 2659 619 agricolas
2688 550 2932 619 frugum
2968 556 3161 614 atque
3191 543 3546 595 arborum.
3593 554 3617 591 ι

2127 641 2199 693 llli
2235 643 2448 709 quidem
2473 640 2719 709 Origeni
2753 654 2825 692 ex
2851 636 3123 691 ethnicis
3179 630 3683 725 prae-luserunt}
3734 643 3803 681 ex

2054 732 2378 786 Christianis
2409 746 2540 785 vero
2597 728 2867 799 prmlusit
2928 725 3227 780 Clemens
3304 716 3807 817 Alexandrinus,

2053 826 2140 893 qui
2165 825 2398 877 animam
2431 824 2483 875 in
2518 821 2873 874 muliebrem
2919 826 3168 868 uterum
3209 808 3493 863 immitti
3520 806 3673 859 dicit
3701 806 3809 858 ὑπὸ

2147 931 2191 976 >ς
2218 914 2327 969 τῶν
2359 914 2426 983 τῇ
2455 910 2677 979 γενέσει
2704 904 3060 976 ἐφεστώτων
3088 899 3437 999 ἀγγέλων,
3468 907 3535 951 et
3567 898 3808 999 angelos

2147 1003 2366 1064 εστῶτας
2388 1004 2455 1071 τῇ
2483 999 2668 1069 ἀνόδῳ
2697 1001 3164 1051 commemorat.
3206 990 3298 1044 Et
3327 1003 3493 1042 vero
3515 990 3812 1056 posterior

2053 1095 2139 1147 illa
2168 1096 2232 1146 de
2266 1094 2585 1160 angelorum
2627 1092 2922 1143 humanas
2990 1086 3249 1138 animas
3302 1082 3376 1134 in
3431 1092 3589 1133 suas
3646 1080 3813 1135 sedes

2055 1186 2436 1253 repunentium
2470 1180 2795 1236 ministerio
2819 1175 3129 1232 sententia
3199 1169 3539 1226 Ecclesiae
3609 1173 3810 1271 catho-

2055 1275 2167 1328 lica:
2204 1275 2416 1344 placitis
2439 1285 2694 1328 consona
2716 1279 2830 1325 est.
2873 1269 3153 1323 Priorem
3189 1273 3466 1325 autem,
3506 1275 3651 1329 quae
3684 1269 3811 1313 ani-

2054 1379 2261 1417 marum
2316 1363 2547 1416 sationis
2600 1377 2798 1415 curam
2865 1358 3106 1426 angelis
3167 1354 3527 1423 ascribit,
3565 1367 3813 1421 quaeque

2056 1452 2185 1505 tomi
2223 1467 2321 1505 χιιι
2356 1452 2410 1504 in
2440 1450 2608 1503 Joan.
2650 1451 2778 1503 loco
2821 1464 2855 1501 a
2900 1448 3080 1501 nobis
3109 1459 3329 1511 supra
3388 1444 3593 1496 allato
3628 1449 3808 1496 cunti-

2147 1557 2226 1601 ur.
2261 1543 2341 1595 sic
2367 1544 2483 1609 ipse
2507 1541 2782 1611 Origenes
2803 1550 3059 1594 excusat
3088 1558 3103 1592 :
3144 1535 3397 1591 Ταῦτα
3424 1534 3497 1588 δὲ
3528 1534 3647 1588 οὐκ
3676 1536 3805 1588 ἀπο-

2048 1632 2365 1702 φαινόμενοι
2417 1631 2654 1700 λέγομεν
2683 1673 2698 1695 ,
2736 1628 2963 1701 πολλῆς
3018 1629 3149 1700 γὰρ
3189 1627 3502 1697 βασάνου
3542 1625 3627 1677 τὰ
3652 1627 3808 1696 τηλιο

2058 1719 2235 1773 καῦτα
2285 1719 2509 1790 χρῄζει,
2564 1719 2631 1770 ἶν’
2660 1720 2869 1790 εὑρεθῇ
2942 1719 3222 1788 πότερον
3271 1714 3501 1779 οὕτως
3563 1715 3735 1785 ἔχει,
3776 1718 3807 1785 ἢ

407 1799 570 1863 Pauli,
606 1802 621 1854 1
655 1802 898 1859 Thessal.
924 1822 997 1868 tv,
1038 1809 1140 1862 16:
1176 1826 1194 1858 ι
1232 1811 1426 1865 Deinde
1457 1827 1550 1865 nos
1577 1813 1664 1879 qui
1694 1813 1927 1868 vivimus

2147 1827 2267 1879 ρως.

401 1891 489 1952 qui
524 1887 892 1958 relinquimur,
924 1896 1079 1949 simul
1122 1898 1389 1965 rapientur
1411 1914 1530 1952 cum
1562 1901 1669 1953 illis
1704 1902 1755 1954 in
1788 1903 1944 1956 nubi-

399 1978 497 2029 bus
527 1979 734 2032 obviam
761 1982 985 2037 Domino
1010 1984 1063 2036 in
1083 2002 1230 2046 aera,
1268 1997 1323 2040 et
1349 1988 1426 2041 sic
1453 2003 1663 2056 semper
1689 2006 1807 2043 cum
1842 1991 1943 2044 Do-

403 2066 546 2116 mino
576 2069 793 2132 erimus,
829 2088 848 2121 ι
891 2072 1083 2138 probat
1131 2082 1338 2141 raptum
1398 2074 1461 2127 iri
1512 2077 1581 2130 ab
1613 2079 1817 2147 angelis
1846 2094 1940 2134 eos

400 2154 487 2219 qui
521 2155 664 2209 vitiis
695 2158 902 2225 purgati
927 2159 1155 2212 leviores
1173 2173 1494 2226 evaserunt;
1520 2175 1783 2231 portatum
1811 2181 1940 2221 vero

400 2242 466 2296 iri
508 2246 761 2313 reliquos,
791 2248 883 2315 qui
934 2258 1278 2314 peccatorum
1315 2252 1556 2321 reliquiis
1582 2266 1707 2309 sunt
1736 2262 1934 2311 onusti.

398 2334 460 2386 Et
495 2334 713 2389 homilia
752 2338 964 2391 demum
990 2340 1048 2393 ll
1109 2341 1161 2393 in
1193 2338 1380 2405 Nam,
1406 2358 1551 2399 num.
1583 2347 1638 2408 6,
1665 2362 1783 2416 pag.
1808 2347 1935 2413 308,

391 2421 504 2484 jam
540 2436 702 2490 supra
727 2424 958 2489 laudata,
978 2429 1192 2496 angelos
1212 2443 1329 2497 post
1364 2433 1501 2486 hanc
1525 2435 1689 2488 vitam
1723 2435 1934 2491 futuros

398 2524 578 2561 eorum
610 2512 876 2579 principes
898 2515 1162 2578 decernit,
1198 2520 1391 2586 quibus
1444 2523 1566 2575 dum
1600 2525 1651 2576 in
1684 2524 1819 2578 vivis
1845 2540 1934 2579 cs-

396 2608 533 2659 sent,
561 2598 673 2664 jam
703 2612 826 2655 ante
852 2602 1195 2670 pra-fuerant,
1247 2624 1491 2678 quosque
1521 2613 1696 2667 studio
1747 2629 1845 2668 suo
1870 2630 1934 2668 ac

396 2688 573 2743 labore
595 2691 663 2744 ad
690 2691 962 2747 Christum
995 2708 1389 2752 converterant.

465 2860 540 2915 Ex
566 2861 804 2917 Platonis
833 2875 1009 2920 autem
1042 2868 1277 2924 futilibus
1304 2887 1367 2925 ea
1410 2873 1522 2927 fere
1562 2877 1750 2929 hausta
1784 2890 1925 2934 sunt.

394 2947 483 3000 Sic
513 2951 654 3001 enim
697 2952 779 3003 ille
829 2954 879 3006 in
915 2954 1173 3010 Pltwdtme
1197 2976 1215 3011 :
1254 2961 1479 3027 Λέγεται
1521 2964 1577 3016 δὲ
1611 2963 1815 3030 οὕτως,
1854 2970 1929 3033 ὡς

388 3036 493 3103 ἄρα
514 3036 904 3108 τελευτήσαντα
935 3043 1158 3096 ἕκαστον
1188 3049 1217 3098 ὁ
1246 3049 1473 3101 ἑκάστου
1501 3050 1725 3121 δαίμων,
1760 3056 1890 3108 ὅσπε

390 3126 563 3188 ζῶντα
589 3129 811 3199 εἰλήχει,
843 3128 995 3195 οὗτος
1024 3136 1176 3200 ἄγειν
1207 3137 1471 3208 ὲπιχείροι
1501 3144 1579 3205 εἰς
1612 3144 1674 3215 δή
1710 3163 1829 3198 τινα
1845 3126 1928 3199 τό-

388 3232 506 3278 πον,
535 3215 589 3269 0?
601 3219 681 3270 δεῖ
704 3222 825 3283 τοὺς
844 3224 1192 3291 συλλεγέντας
1211 3226 1685 3302 διαδικασαμένους
1708 3241 1785 3300 εἰς
1801 3238 1941 3308 ᾆδουν

386 3306 738 3373 πορεύεσθαι,
784 3310 920 3376 μετὰ
971 3312 1230 3381 ἡγεμόνος
1283 3318 1510 3382 ἐκείνου,
1535 3315 1579 3387 ᾧ
1607 3324 1670 3393 δὴ
1705 3306 1930 3396 προστέ-

385 3406 575 3445 τακται
620 3398 742 3458 τοὺς
773 3399 977 3451 ἐνθένδε
1010 3403 1183 3454 ἐκεῖσε
1212 3407 1488 3474 πορεῦσαι.
1548 3430 1566 3460 t
1611 3412 1700 3467 Sic
1746 3429 1923 3471 autem

387 3480 556 3530 fertur
581 3492 844 3536 mortuum
871 3502 1324 3558 unumquemque,
1343 3495 1635 3552 daemonem
1660 3502 1807 3556 illum
1834 3509 1922 3573 qui

388 3566 653 3621 viventem
678 3574 898 3627 sortitus
927 3576 1126 3641 fuerat,
1151 3582 1414 3638 deducere
1440 3589 1625 3641 conari
1658 3591 1709 3643 in
1738 3566 1923 3662 quein-

388 3657 508 3709 dam
541 3658 735 3725 locum,
776 3663 863 3716 ubi
898 3676 1109 3732 oportet
1131 3684 1483 3740 congregatos
1529 3691 1716 3733 oumes
1754 3657 1920 3739 causa

381 3746 525 3800 dicta
554 3752 619 3802 ad
645 3751 847 3807 inferos
866 3757 1131 3821 proﬁcisci
1164 3776 1287 3813 cum
1320 3764 1456 3817 duce
1503 3766 1619 3830 illo,
1651 3770 1736 3824 cui
1773 3789 1922 3829 man-

381 3837 561 3890 datum
601 3847 685 3891 est
713 3854 806 3894 eos
826 3842 919 3909 qui
951 3844 1095 3898 illinc
1122 3847 1390 3919 abierunt,
1420 3852 1544 3908 illuc
1567 3856 1852 3917 deducere.
1894 3883 1914 3915 ι

378 3924 530 3989 Quod
567 3928 688 3981 aliis
730 3930 923 3985 deinde
963 3933 1086 4009 libri
1140 3936 1375 4004 ejusdem
1429 3940 1563 3997 locis
1594 3950 1821 4016 repetit;
1864 3962 1919 4005 et

378 4028 499 4081 post
531 4019 674 4071 illum
695 4021 937 4076 Plotinus
961 4024 1099 4079 Enn.
1130 4042 1215 4087 ut,
1240 4028 1333 4082 lib.
1360 4046 1434 4095 Iv,
1472 4048 1587 4103 cap.
1610 4037 1681 4091 6:
1718 4039 1773 4092 Ὁ
1801 4043 1920 4111 μέν·

375 4122 455 4158 τοι
500 4108 705 4178 δαίμων
756 4107 909 4175 οὗτος
943 4114 1002 4167 ὃν
1039 4114 1285 4187 λέγομεν,
1326 4121 1549 4189 ἀγαγεῖν
1581 4107 1813 4189 λέγεαιτιιι⁷
1836 4133 1918 4195 εἰς

374 4194 517 4264 ᾅδου,
542 4200 724 4253 οὐκέτι
754 4203 784 4254 ὁ
816 4204 973 4267 αὐτὸς
1006 4208 1205 4276 μένειν,
1226 4209 1320 4262 ἐὰν
1341 4212 1416 4282 μὴ
1442 4213 1509 4266 τὰ
1544 4216 1680 4269 αὐτὰ
1731 4220 1914 4292 ἕληται

375 4286 549 4338 πάλιν·
583 4291 687 4360 πρὸ
721 4292 777 4344 δὲ
804 4296 897 4347 τοῦ
932 4295 1078 4363 πῶς;
1126 4298 1185 4350 τὸ
1209 4299 1271 4371 δὴ
1296 4303 1516 4369 ἀγαγεῖν
1553 4309 1630 4367 εἰς
1662 4308 1759 4378 τὴν
1797 4286 1915 4382 irpi-

374 4390 479 4427 σιν.
509 4395 527 4425 t
560 4376 771 4433 Daemon
794 4398 920 4452 ergo
953 4387 1040 4438 ille
1061 4403 1218 4454 quem
1245 4391 1492 4457 dicimus,
1520 4376 1782 4455 deducere
1802 4376 1910 4457 fer-

376 4474 460 4485 ..-..
487 4466 546 4485 -.Ι
582 4467 659 4485 ἔμ’·
704 4483 712 4485 μ
1103 4478 1133 4485 ’⁵
1253 4480 1301 4485 ’⁸

2177 4376 2189 4385 .
2246 4376 2258 4387 .
2491 4376 2510 4387 .
2571 4376 2708 4395 nn.

2147 4424 2249 4470 τοις
2274 4409 2341 4461 τὰ
2369 4416 2524 4485 παρὰ
2549 4418 2692 4475 θεῶν
2714 4439 2728 4452 ·

376 4474 460 4516 tur
484 4466 547 4516 ad
578 4467 796 4536 inferos,
829 4488 929 4526 non
973 4478 1201 4545 amplius
1252 4480 1388 4534 idem
1421 4498 1756 4554 permanere,
1807 4496 1907 4550 nisi

372 4551 559 4604 eadem
591 4569 805 4607 rursum
828 4558 1010 4627 eligat.
1041 4565 1209 4616 Antea
1246 4580 1373 4621 vero
1411 4574 1713 4638 quomodo?
1742 4551 1911 4632 addu-

371 4651 494 4692 cere
518 4640 769 4693 nimirum
822 4647 889 4698 ad
937 4648 1218 4713 judicium.
1253 4670 1273 4704 ι
1314 4655 1643 4725 Augustinus
1687 4662 1780 4717 lib.
1830 4683 1907 4721 ιη

368 4728 448 4783 De
468 4730 609 4785 civit.
638 4731 752 4795 Dei,
781 4750 899 4801 cap.
925 4738 992 4789 24
1019 4758 1031 4792 :
1057 4759 1075 4792 t
1112 4743 1190 4796 illi
1217 4756 1421 4812 autent,
1454 4749 1647 4818 inquit,
1668 4755 1759 4822 qui
1784 4755 1911 4811 Pla-

370 4819 480 4873 toni
510 4834 609 4873 suo
629 4823 873 4886 credunt,
902 4840 1005 4880 non
1041 4832 1107 4884 ab
1139 4833 1229 4887 illo
1252 4849 1460 4891 summo
1486 4841 1595 4895 Deo
1618 4819 1709 4912 qui
1736 4846 1905 4902 fabri-

368 4920 521 4964 catus
548 4922 632 4965 est
646 4912 921 4979 mundum,
948 4919 1041 4971 sed
1064 4921 1131 4975 ab
1153 4924 1270 4978 aliis
1299 4927 1616 4996 minoribus,
1640 4949 1772 5001 quos
1795 4940 1908 5006 qui-

366 5004 486 5055 dem
511 5001 623 5069 ipse
644 5004 926 5067 creaverit,
959 5011 1217 5073 permissu
1248 5015 1359 5069 sive
1381 5016 1532 5084 jussu
1554 5023 1669 5090 ejus
1700 5001 1906 5083 anima-

368 5090 440 5144 lia
478 5092 619 5147 facta
638 5108 756 5147 esse
778 5106 971 5149 cuncta
999 5102 1264 5167 mortalia,
1296 5108 1349 5158 in
1374 5110 1568 5175 quibus
1593 5115 1752 5171 homo
1777 5132 1910 5187 pra:-

362 5182 600 5249 cipttum,
626 5184 833 5253 diisque
860 5186 990 5254 ipsis
1018 5202 1302 5258 cognatum
1328 5208 1534 5254 teneret
1563 5182 1809 5261 locum;
1837 5213 1904 5265 Et

362 5275 554 5330 deinde
580 5297 595 5330 ;
626 5295 645 5329 t
672 5280 861 5348 Angeli
884 5288 1081 5342 autem,
1110 5298 1246 5350 quos
1269 5285 1341 5340 illi
1375 5291 1500 5346 deos
1544 5294 1790 5354 libentius
1810 5317 1899 5370 ap—

362 5365 581 5433 pellant,
610 5369 768 5422 etiam
819 5370 867 5423 si
895 5372 1151 5426 adhibent
1197 5374 1281 5426 vel
1320 5377 1476 5444 jussi,
1526 5387 1606 5437 vel
1656 5365 1894 5454 permissi

361 5459 722 5520 operationem
758 5478 908 5515 suam
942 5462 1101 5516 rebus
1126 5478 1243 5532 quo:
1273 5466 1555 5535 gignuntur
1594 5475 1644 5529 in
1677 5482 1897 5543 mundo.

427 5632 473 5665 “
507 5634 631 5692 Luc.
666 5655 768 5698 avi.
795 5638 882 5704 2'2,
919 5640 1005 5696 25.

1896 3075 1995 3151 9c

2128 1896 2347 1952 XXXV.
2380 1897 2739 1951 Praetermitti
2784 1906 3027 1964 poterat
3082 1899 3387 1967 quaestio
3439 1912 3714 1968 sequens
3740 1903 3806 1953 de

2045 1988 2580 2041 rentunetationibus
2613 1998 2671 2041 et
2723 1989 2920 2056 pmnis
2959 2003 3070 2056 per
3113 1990 3413 2057 angelos
3459 2004 3497 2042 a
3557 1991 3680 2044 Deo
3709 2002 3804 2043 au-

2043 2076 2455 2139 ministrandis;
2495 2077 2636 2129 nihil
2670 2077 2823 2128 enim
2868 2078 3144 2130 multum
3184 2079 3528 2132 abnorme
3551 2078 3714 2134 circa
3748 2083 3801 2134 id

2045 2173 2424 2233 argumentum
2470 2164 2745 2234 Origenes
2775 2168 3195 2235 exCOgitavit.
3226 2167 3573 2234 Quoniam
3615 2182 3799 2224 tamen

2040 2269 2156 2306 cum
2190 2256 2479 2322 superiore
2517 2258 2910 2324 disputatione
2952 2260 3261 2314 cohaeret
3302 2260 3461 2329 ejus
3506 2262 3797 2325 tractatio,

2038 2354 2092 2396 et
2140 2345 2409 2411 peculiare
2460 2348 2719 2400 nonnihil
2774 2349 2958 2404 habet
3029 2352 3530 2417 Adamantius,
3587 2354 3799 2409 idcirco

2040 2434 2208 2500 ipsum
2264 2449 2485 2503 quoque
2526 2437 2724 2493 leviter
2776 2440 3200 2509 attingemus.
3246 2441 3548 2498 llomilia
3613 2446 3799 2516 itaque

2037 2525 2088 2574 in
2117 2523 2405 2576 Jeremiam
2431 2525 2522 2589 21,
2556 2543 2714 2581 num.
2747 2529 2804 2593 6,
2834 2531 3186 2598 tripliciter
3230 2535 3647 2598 hominibus,
3677 2552 3797 2606 qua:

2038 2615 2315 2679 promeriti
2354 2628 2507 2681 sunt,
2554 2618 2725 2671 Deum
2754 2621 3110 2676 retribuere
3161 2627 3507 2688 ostendit,
3546 2629 3788 2696 primum

2042 2717 2137 2768 per
2161 2717 2241 2765 se,
2294 2708 2599 2759 secundum
2657 2708 2798 2762 illud
2834 2707 3073 2764 Jerem.
3120 2728 3220 2778 ιι,
3282 2714 3353 2780 6,
3426 2736 3449 2766 ε
3492 2716 3797 2771 Vicissim-

2034 2794 2211 2846 dinem
2244 2798 2358 2863 ipse
2389 2799 2658 2852 retribuet
2688 2802 2774 2865 ei;
2820 2821 2839 2852 ι
2884 2803 3122 2859 deinde
3185 2823 3318 2875 per
3387 2810 3593 2864 malos
3624 2824 3795 2880 auge-

2036 2883 2131 2946 los,
2165 2885 2459 2937 secundmn
2491 2887 2621 2940 illud
2641 2890 2843 2957 psalmi
2874 2907 3122 2961 anvu,
3167 2896 3292 2961 49,
3334 2918 3359 2948 ι
3400 2897 3581 2952 Misit
3613 2902 3670 2953 in
3698 2916 3793 2955 eos

2033 2973 2169 3025 iram
2203 2974 2594 3044 indignationis
2624 2996 2768 3044 sua),
2805 2983 3348 3053 indignationem
3377 3028 3396 3052 ,
3433 3000 3501 3044 et
3530 2993 3705 3059 iram,
3740 3004 3789 3046 et

2034 3063 2439 3119 tribulationem
2470 3107 2486 3132 ,
2528 3069 2924 3128 immissiones
2958 3090 3080 3144 per
3141 3081 3442 3150 angelos
3484 3083 3721 3138 malos:
3760 3103 3779 3136 ι

2034 3166 2415 3222 nonnunquam
2445 3159 2612 3212 etiam
2637 3176 2737 3229 per
2772 3164 2989 3230 bonos,
3057 3172 3465 3237 cujusmodi
3512 3176 3699 3230 multa
3734 3177 3782 3230 iu

2033 3239 2325 3310 Scripluris
2359 3250 2587 3314 reperiri
2607 3251 2782 3306 dicit:
2825 3268 2898 3308 ac
2929 3256 3189 3313 leviora
3228 3265 3508 3331 quidem
3538 3269 3775 3322 crimina

2031 3330 2294 3387 ministris
2318 3338 2436 3390 suis
2468 3340 2799 3396 vindicanda
2836 3344 3031 3400 Detun
3070 3330 3494 3418 permittere
3524 3399 3543 3425 ,
3597 3360 3776 3429 ipsum

2029 3434 2155 3475 vero
2181 3425 2456 3490 graviores
2484 3445 2658 3485 noxas
2680 3433 2906 3490 ulcisci.
2945 3435 3124 3494 Fuse
3162 3444 3309 3501 hoc
3346 3425 3773 3519 argmneittum

2029 3507 2167 3561 libro
2200 3524 2290 3564 vtn
2324 3525 2514 3568 contra
2560 3518 2778 3573 Celsum
2801 3560 2820 3586 ,
2850 3541 3022 3579 nutu.
3061 3528 3186 3598 59-,
3240 3507 3679 3607 persequitur,
3720 3550 3769 3592 et

2026 3613 2354 3668 quiscunque
2396 3606 2716 3663 hominibus
2752 3615 2909 3667 mala
2960 3624 3415 3693 contingunt,
3470 3606 3579 3685 Dei
3634 3643 3763 3686 nutu

2024 3700 2078 3740 et
2105 3693 2329 3744 coasilio
2363 3709 2392 3744 a
2423 3698 2769 3757 dannontbus
2799 3704 3052 3763 immitti
3108 3720 3372 3780 probat
3426 3736 3510 3774 ex
3538 3723 3765 3777 laudato

2024 3777 2209 3843 psalmi
2238 3795 2426 3837 Lxxvn
2478 3786 2642 3853 loco;
2701 3794 2850 3847 bona
2887 3813 3040 3854 vero
3105 3777 3193 3860 ab
3240 3813 3517 3881 angelis
3550 3816 3772 3871 submi-

2022 3880 2258 3922 IllSll'ill‘l.

2094 3961 2148 4012 In
2174 3962 2370 4028 quibus
2412 3981 2441 4018 a
2495 3972 2765 4038 magistro
2816 3992 2925 4033 suo
2970 3981 3267 4045 Platone
3307 4012 3444 4051 non
3483 4005 3769 4069 recessit;

2018 4053 2109 4118 qui
2136 4052 2186 4103 in
2214 4050 2493 4120 Symposio
2508 4061 2642 4115 deos
2670 4064 2821 4119 inter
2840 4080 2899 4123 et
2924 4072 3233 4136 homines
3276 4050 3770 4165 ιιιιεύὶιιιῖιῑιιιοιιζ

2020 4145 2140 4192 datu
2180 4146 2463 4199 constituit
2490 4164 2687 4218 genus,
2724 4167 2783 4209 et
2828 4160 3153 4221 daemones
3198 4181 3539 4246 appellat,
3595 4145 3769 4242 iiiter-

2018 4240 2195 4328 pretes
2212 4242 2594 4342 “utrorumque
2626 4253 2683 4296 et
2713 4262 3091 4324 sequestres,
3131 4240 3647 4342 ἑρμῆνεύοντας
3675 4240 3765 4333 nisi

2799 4315 2812 4316 ί
3072 4315 3088 4324 '
3245 4315 3306 4319 "'
3349 4315 3612 4330 'vvv'U“
3676 4315 3765 4333 ωδ

2016 4315 2513 4387 διαπορθμεύοντας
2563 4327 2711 4395 θεοῖς
2759 4341 2835 4389 τά
2873 4345 3023 4413 παρ’
3066 4315 3493 4431 ἀνόῥώξων,
3531 4321 3643 4422 καί
3678 4373 3768 4423 ἀνι

2016 4405 2249 4431 ΩΑ.¹.-Α--
2277 4409 2337 4431 -ἓμ
2375 4429 2427 4431 με
2498 4416 2509 4431 I
2552 4418 2578 4431 Α
2624 4422 2651 4431 .-
2812 4428 2836 4431 μ

2237 4428 2524 4522 ingrato?
2549 4428 2692 4475 θεῶν
2714 4439 2728 4452 ·
2764 4428 2883 4482 τῶν
2910 4436 3024 4502 μὲν
3063 4440 3187 4506 τὰς
3219 4447 3645 4522 δεήσεις-καὶ
3675 4463 3766 4513 Θυ-

2018 4496 2166 4557 σίας·
2193 4496 2301 4551 τῶν
2339 4498 2397 4552 δὲ
2435 4503 2539 4568 τὰς
2580 4510 2876 4581 ἐπιτάξεις
2904 4538 2969 4574 τε
3002 4530 3115 4581 καὶ
3151 4496 3501 4607 ἀιι.ι.σε›ιέ5ἀιςδ
3523 4548 3651 4602 τῶν
3679 4550 3766 4602 0"-

2022 4584 2145 4607 -..".-.
2201 4605 2211 4607 μ
2254 4587 2289 4607 Ιγ
2317 4599 2361 4607 -μ
2514 4605 2521 4607 λ

2018 4584 2165 4637 σιῶν.
2193 4605 2212 4637 t
2253 4587 2697 4660 lntcrpretantes
2723 4618 2780 4659 et
2819 4611 3165 4678 referentes
3200 4584 3384 4699 ‘dils,

2233 4679 2294 4699 __._
2329 4680 2411 4699 .--ν
2468 4685 2479 4696 -
2531 4688 2566 4699 .-

2018 4685 2204 4790 tuntur
2231 4679 2299 4790 al:
2328 4680 2694 4761 hominibus;
2742 4709 2801 4751 et
2837 4702 3200 4770 hominibus
3238 4679 3404 4790 qua;

2015 4781 2043 4815 a
2072 4766 2206 4831 diis;
2239 4768 2456 4827 illorum
2490 4782 2720 4848 quidem
2750 4796 3129 4857 precationes
3150 4818 3219 4862 et
3254 4766 3760 4889 Si:

2164 4871 2292 4889 mm
2537 4884 2576 4889 _-
2694 4888 2699 4889 κ
2896 4886 2906 4889 -

2014 4869 2131 4907 rum
2164 4871 2293 4912 vero
2345 4871 2619 4929 inundata
2654 4888 2710 4932 et
2762 4886 3058 4943 sacriﬁcio

3065 4909 3207 4951 rum
3285 4919 3757 4972 remuneratio-

2011 4956 2128 4997 "es.
2166 4962 2185 4994 ι
2221 4945 2352 5011 Qua:
2378 4962 2582 5017 munia
2619 4970 2811 5023 eadem
2847 4979 3078 5045 angelis
3119 4945 3756 5063 tribtiuiiiii:c':ii;

2008 5020 2236 5096 πένῃ
2292 5052 2349 5098 et
2398 5048 2640 5098 own...
2701 5077 2727 5098 .
2776 5068 3128 5098 .....;......_~.___
3411 5094 3423 5098 _
3536 5044 3555 5070 ’

2292 5059 2325 5095 θ

2398 5048 2649 5169 trram.
2701 5077 2730 5118 a
2776 5068 3169 5136 scriptoribus

2892 5125 2906 5136 ι
3031 5125 3038 5126 ί
3056 5125 3079 5129 ‘
3098 5125 3168 5133 "
3234 5125 3389 5144 νην·
3408 5125 3423 5145 ⁸
3612 5125 3626 5149 1
3724 5128 3745 5143 ⁸

2011 5125 2204 5248 lanttltll',
2238 5132 2345 5189 hoc
2367 5153 2456 5197 est
2496 5150 2846 5214 internuntii.
2889 5162 3160 5225 Plotinus
3191 5125 3745 5248 ξιιιιθιιιθειᾟιεμιῖί.

2150 5222 2158 5229 -
3045 5218 3159 5225 θήν
3194 5218 3435 5238 --ςιυιιι
3471 5218 3745 5248 ιιιυιεηα.

2011 5218 2220 5351 κίιέὴιιιιξι..
2245 5240 2333 5351 ιζ,
2368 5248 2513 5351 ουρ..
2542 5247 2605 5317 6,
2648 5264 2934 5325 postquam
2984 5256 3198 5319 docuit
3238 5276 3514 5332 animae
3567 5285 3626 5337 in
3656 5287 3747 5351 ju-

2048 5311 2058 5318 -
2100 5311 2109 5320 ι
2590 5311 2601 5317 ν
2651 5311 2667 5325 ι
2792 5311 2806 5324 ι
3076 5311 3198 5319 ν--ν
3240 5311 3506 5332 -ΙΙΙΙΠΙΨἾ
3567 5311 3626 5337 ΙΙΙ
3685 5311 3741 5337 υ·

2009 5311 2317 5432 ἳῖεἷῗῖηξὼ
2342 5336 2575 5432 θξιὲειίὃ
2609 5348 2828 5413 adduci,
2876 5364 3067 5417 [uenas
3100 5366 3540 5427 postmodum
3574 5311 3741 5432 ιυέυ-

2008 5399 2294 5512 ιώξιὶεῖιιίε
2327 5420 2546 5488 adesse
2588 5399 2891 5512 subiunxit:

2082 5489 2313 5563 Ortgctti
2356 5489 2778 5603 θειὶρυιςιηιξηι,
2809 5544 2999 5603 prancr
3024 5532 3196 5603 alios,
3250 5543 3650 5614 Ambrosius
3678 5569 3733 5614 et

1912 6360 1937 6363 γ-
1976 6354 2105 6371 4“.
