3894 6438
423 389 524 462 sat

1517 363 1524 366 ”
1563 415 1566 418 ν
1651 359 2064 442 absumus
2102 383 2328 439 uuaru

3669 354 3783 412 892

431 500 592 570 tando
647 511 803 571 ﬁdes;
858 504 1235 572 apostropham
1277 499 1502 568 denique
1541 499 1698 552 illam
1757 512 1874 552 esse
1916 498 1953 548 'a
1984 499 2026 555 Α
2057 477 2328 562 praetendit
2355 494 2430 545 vir
2455 489 2709 558 alioquin
2739 484 2980 542 eximite
3015 473 3415 572 eruditionis
3443 467 3786 525 GerJoan.

428 604 562 672 stylo
584 597 823 665 Origcnis
845 595 1088 648 alienam.
1122 593 1336 647 Certum
1363 589 1790 645 esthomiliarum
1820 589 1957 639 ista-‘

430 707 540 746 I‘lllll
579 691 633 740 in
665 686 982 738 Ezechielem
1019 683 1364 751 interpretem
1395 695 1513 733 esse
1549 678 1948 746 Hieronymum;

424 794 577 848 quem
607 776 650 830 si
685 776 974 827 fateremur
1003 773 1114 825 haec
1139 774 1202 824 de
1229 785 1324 824 suo
1359 769 1610 830 assuisse,
1671 765 1825 819 fateri
1859 779 1955 817 co-'

425 868 674 926 gerentur
701 858 882 923 utique
920 855 1232 917 adversarii,
1265 855 1309 907 si
1352 855 1527 907 minus
1548 852 1855 921 Origenem,
1898 851 1955 902 at

422 959 568 1004 eerte
599 946 982 1014 Hieronymum
1024 943 1328 1008 angelorum
1362 941 1747 995 invocationem
1774 951 1960 992 exem-'

423 1039 507 1106 plo
529 1053 629 1089 suo
663 1033 1054 1102 comprobasse.
1089 1037 1155 1085 At
1207 1046 1335 1084 sane
1377 1045 1438 1083 ea
1476 1030 1786 1097 exceptione
1821 1042 1954 1095 opus

423 1141 525 1180 non
556 1135 656 1178 est.
697 1124 850 1192 Saepe
880 1138 938 1176 se
963 1125 1041 1175 ait
1087 1121 1459 1190 Hieronymus,
1495 1129 1547 1173 et
1579 1133 1679 1172 nos
1708 1118 1832 1171 alibi
1861 1119 1954 1171 do-

423 1217 650 1276 cuimus,
676 1215 960 1266 verborum
1013 1226 1286 1264 numerum
1326 1211 1376 1262 in
1408 1209 1810 1276 interpretando
1849 1219 1954 1260 non

427 1301 738 1363 reddidisse,
775 1298 1067 1351 sententias
1097 1297 1355 1348 duntaxat
1389 1293 1706 1362 appendisse
1737 1311 1750 1346 :
1788 1291 1952 1345 verba

429 1387 744 1456 neglexisse,
783 1399 972 1436 sensus
1005 1383 1230 1435 ﬁdeliter
1274 1381 1578 1434 retinuisse.
1607 1381 1802 1434 Demus
1849 1380 1961 1432 ita-

427 1489 529 1540 que
550 1474 662 1526 hzec
689 1472 978 1535 αὐτολεξεὶ,
1003 1472 1045 1524 si
1076 1471 1227 1532 forte,
1265 1471 1316 1523 in
1337 1469 1533 1523 Grzecis
1564 1469 1636 1521 ita
1667 1484 1768 1522 non
1793 1469 1959 1522 exsti-

432 1566 588 1625 tisse;
619 1563 743 1616 dent
768 1563 922 1615 modo
953 1559 1242 1614 adversarii
1275 1559 1596 1614 sententiam
1622 1560 1814 1625 ipsam,
1850 1571 1954 1624 qua

431 1652 601 1720 angeli
633 1653 937 1705 continetur
959 1651 1244 1714 invocatio,
1273 1649 1412 1702 nulla
1437 1658 1586 1716 parte
1617 1647 1776 1700 fuisse
1803 1647 1958 1699 vitia-

433 1751 561 1793 tam.
591 1742 743 1806 Quod
761 1741 959 1794 addunt
985 1749 1159 1793 autem
1190 1738 1529 1807 apostrophis
1551 1738 1847 1803 huiusmodi
1880 1737 1955 1790 uti

2055 559 2265 637 Vossius
2301 583 2393 634 lib.
2428 595 2444 632 ι
2479 578 2556 630 De
2605 578 2753 644 orig.
2797 573 2977 635 Μαίη
3025 583 3164 637 cap.
3210 565 3282 618 9.
3333 559 3555 616 Porro
3608 571 3790 625 quam

2050 676 2223 743 priore
2253 673 2370 726 loco
2398 669 2762 723 adhibuimus
2813 662 3334 732 responsionem,
3397 667 3546 706 eam
3601 651 3790 716 ipsam

2052 776 2303 831 usurpare
2343 760 2453 814 fere
2495 759 2629 811 licet
2678 759 2969 809 adversus
3003 750 3134 802 loca
3192 746 3427 812 aliqua
3481 739 3795 807 Origcnis,

2051 853 2378 919 aliorumque
2400 849 2658 907 Patrum,
2703 845 2922 913 quibus
2977 841 3099 895 Deo
3134 836 3298 898 soli,
3354 849 3482 886 nec
3513 832 3804 896 cuiquam

2054 952 2308 1009 praeterea
2340 939 2514 992 cultus
2555 951 2623 989 ac
2656 936 2801 988 ﬁdes
2835 929 3167 985 tribuenda
3206 919 3713 994 pronuntiatur,
3747 925 3804 971 et

2054 1032 2246 1096 quibus
2272 1037 2545 1096 receptam
2583 1041 2614 1077 a
2647 1022 2975 1077 Catholicis
3025 1016 3424 1086 angelorum
3464 1011 3804 1062 invocatio-

2057 1135 2196 1181 nem,
2227 1127 2281 1171 et
2313 1117 2381 1170 ad
2415 1129 2608 1184 preces
2647 1122 2882 1167 nostras
2917 1109 3040 1162 Deo
3074 1101 3472 1159 offerendas
3498 1099 3810 1167 allegatio-

2055 1222 2173 1260 nem
2215 1206 2535 1272 impugnare
2565 1203 2801 1255 student
2834 1195 3179 1252 adversarii
3235 1210 3258 1248 τ
3303 1192 3491 1244 inter
3531 1203 3693 1256 quos
3722 1198 3808 1240 ta-

2055 1312 2174 1351 men
2207 1294 2481 1357 nonnulli,
2511 1293 2621 1347 viri
2648 1290 2884 1346 candidi
2919 1298 2982 1341 et
3013 1283 3292 1346 eruditi,
3336 1282 3626 1333 veritate
3655 1280 3814 1348 qip-

2054 1401 2121 1454 pe
2173 1385 2326 1448 victi,
2384 1384 2709 1452 angelorum
2770 1377 3304 1434 intercessionem
3391 1379 3467 1425 et
3529 1370 3810 1439 postulari

2057 1489 2231 1544 posse,
2259 1482 2314 1527 et
2347 1471 2630 1540 impetrari
2662 1471 2944 1524 fatentur.

2069 1582 2074 1586 ‘
2125 1563 2396 1620 XXXVII.
2431 1566 2775 1617 Accusatum
2813 1559 2958 1614 olim
3003 1556 3169 1611 l'also
3219 1552 3595 1621 Origenem
3645 1549 3817 1604 refert

2057 1668 2355 1724 anonymus
2383 1653 2526 1719 apud
2557 1649 2824 1704 Photinm
2855 1647 2997 1700 cod.
3017 1659 3227 1708 cxvu,
3265 1656 3431 1695 cum
3471 1638 3692 1693 multis
3722 1653 3818 1691 no-

2059 1747 2312 1810 minibus,
2357 1752 2470 1796 tum
2523 1741 2731 1795 idcirco
2762 1738 2920 1805 quod
2957 1733 3436 1795 amrmaverit,
3483 1731 3585 1784 ὅτι
3623 1729 3700 1786 τὰ
3723 1747 3814 1799 χε-

431 1832 708 1900 Origenem
742 1844 844 1881 non
901 1828 1112 1894 solere;
1168 1829 1218 1881 id
1249 1829 1460 1896 quidem
1493 1829 1544 1881 in
1593 1829 1748 1882 tomis
1776 1842 1958 1880 verum

2297 1833 2534 1885 ὲπινοιαι
2561 1829 2663 1882 τοῦ
2696 1828 2837 1880 Υἱοῦ
2875 1828 3035 1880 εἰσιν
3057 1841 3076 1855 ο
3120 1841 3144 1874 ι
3175 1821 3637 1877 Cherubimos
3671 1820 3818 1887 cogi-

432 1937 550 1975 esse
571 1921 929 1983 concedimus,
964 1919 1015 1972 in
1049 1919 1275 1972 homiliis
1307 1935 1408 1972 non
1445 1921 1591 1982 item,
1623 1935 1740 1987 qua:
1776 1917 1966 1984 hujuss

435 2013 571 2065 modi
601 2011 879 2080 pigmentis
905 2019 957 2062 et
984 2010 1164 2078 ﬁguris
1186 2010 1228 2062 si
1252 2025 1352 2062 non
1381 2010 1618 2074 refertzn,
1667 2025 1729 2062 ac
1751 2010 1960 2076 penitus

435 2111 575 2156 certe
601 2114 775 2153 vacuae
805 2113 907 2151 non
935 2109 1078 2152 sunt.
1109 2099 1294 2151 Audivi
1318 2100 1570 2166 quosdam
1604 2106 1859 2165 prmterea
1885 2111 1952 2150 ex

433 2192 616 2244 eadem
644 2199 813 2252 secta,
835 2188 1007 2258 angeli
1037 2189 1246 2241 nomine
1267 2197 1503 2242 notatum
1538 2189 1624 2240 hic
1653 2189 1957 2255 episcopum

436 2289 779 2343 asserentes,
815 2279 1264 2346 quemadmodum
1313 2276 1703 2346 Apocalypseos
1755 2290 1874 2343 cap.
1920 2289 1961 2328 ιι

436 2379 492 2422 et
534 2385 593 2422 III
629 2368 813 2421 eadem
867 2366 1174 2435 angelorum
1209 2365 1558 2432 appellatione
1609 2363 1960 2416 Asiaticarum

438 2459 796 2514 Ecclesiarum
845 2457 1076 2525 episcopi
1141 2455 1530 2524 signiﬁcantur.
1583 2453 1815 2506 Puderet
1849 2451 1966 2504 illos

439 2565 544 2603 sua:
566 2547 922 2618 responsionis
945 2548 987 2599 si
1010 2546 1171 2598 totius
1201 2545 1299 2599 loci
1316 2544 1696 2598 cohaerentiam
1715 2544 1966 2595 attentius

442 2639 850 2708 perspicerent,
895 2636 948 2688 in
997 2651 1101 2701 quo
1162 2633 1467 2688 tutelarium
1515 2631 1864 2700 angelorum,
1901 2631 1970 2684 ad

438 2729 735 2795 exemplum
782 2727 998 2789 Christi,
1032 2735 1090 2778 ut
1121 2725 1222 2779 sibi
1263 2725 1472 2792 quidem
1503 2722 1734 2788 ﬁngebat
1780 2720 1966 2788 Orige-

440 2834 553 2881 nes,
585 2819 648 2871 de
671 2817 808 2871 cmlo
833 2816 1287 2875 descendentium,
1312 2824 1365 2866 et
1399 2813 1643 2864 humanae
1669 2811 1855 2864 salutis
1879 2825 1971 2863 cu-

441 2921 551 2980 ram
571 2905 970 2976 suscipientium
1000 2901 1275 2956 manifesta
1299 2901 1520 2954 habetur
1551 2899 1768 2950 ιιιοιιιίο.
1803 2898 1975 2950 Verba.

442 2998 552 3050 haec
584 3005 707 3048 sunt
737 3013 751 3049 :
783 3012 801 3044 ι
825 2995 935 3047 Non
959 2992 1146 3046 suﬁicit
1167 3006 1328 3042 unum
1361 2989 1552 3042 cwlum
1587 2988 1775 3054 aperiri
1805 3001 1973 3053 :ape-

441 3089 651 3140 riuntur
681 3086 914 3153 plurimi,
942 3093 999 3136 ttt
1029 3082 1352 3136 descendant
1395 3095 1495 3132 non
1531 3079 1597 3130 ab
1628 3093 1753 3141 uno,
1794 3081 1883 3131 sed
1907 3080 1972 3131 ab

439 3177 682 3230 omnibus
707 3177 860 3230 ctelis
893 3174 1060 3240 angeli
1092 3176 1154 3224 ad
1185 3187 1277 3223 eos
1298 3170 1388 3237 qui
1415 3169 1650 3222 salvandi
1678 3178 1802 3220 sunt
1837 3186 1850 3220 :
1881 3183 1973 3220 an-
1999 3149 2040 3205 ο

441 3267 541 3332 geli
563 3267 651 3332 qui
678 3266 1058 3322 ascendebant
1089 3271 1142 3313 et
1167 3260 1555 3312 descendebant
1599 3273 1756 3326 super
1785 3259 1974 3311 Filium

443 3357 688 3418 hominis,
721 3365 775 3408 et
803 3361 1140 3407 accesserunt
1167 3351 1390 3409 adeum,
1425 3358 1479 3400 et
1505 3349 1871 3414 ministrabant
1904 3348 1972 3400 ei.

444 3443 838 3496 Descendcrunt
875 3452 1051 3493 autem
1082 3437 1274 3506 angeli,
1307 3438 1429 3503 quia
1457 3438 1602 3503 prior
1635 3438 1978 3490 descenderat

443 3532 710 3593 Christus,
745 3541 1039 3582 metuentes
1071 3525 1411 3589 descendere,
1451 3526 1753 3592 priusquam
1804 3525 1980 3577 Domi-

447 3635 543 3671 nus
566 3619 814 3670 virtutum
847 3619 1106 3676 omnium,
1137 3628 1416 3680 rerumque
1446 3615 1772 3681 praeciperet.
1803 3615 1980 3678 Quan-

447 3710 514 3759 do
555 3717 732 3760 autcm
777 3708 1022 3760 viderunt
1067 3704 1366 3772 Principem
1408 3704 1607 3756 militia:
1648 3704 1878 3758 caelestis
1925 3705 1978 3758 in

447 3797 789 3850 terrestribus
854 3796 982 3848 locis
1035 3793 1371 3856 commorari,
1426 3804 1548 3846 tunc
1597 3808 1690 3862 per
1743 3804 1980 3860 apertam

449 3889 590 3938 viam
628 3886 846 3953 ingressi
896 3893 1020 3938 sunt
1067 3893 1347 3952 sequentes
1384 3883 1657 3937 Dominum
1695 3899 1871 3949 suum,
1929 3895 1982 3938 et

448 3985 691 4045 parentes
721 3975 975 4028 voluntati
1009 3974 1144 4043 ejus,
1184 3975 1274 4040 qui
1309 3974 1580 4027 distribuit
1615 3989 1704 4028 eos
1737 3977 1982 4030 custodes

447 4066 774 4119 credentium
807 4062 1001 4116 nomini
1027 4076 1143 4115 suo.
1179 4061 1219 4112 'I‘
1225 4077 1254 4112 ιι
1274 4060 1398 4128 ,hcri
1439 4061 1536 4114 sub
1563 4061 1818 4116 daatnonio
1838 4077 1980 4125 eras,

451 4157 604 4208 hodie
630 4156 727 4208 sub
757 4153 964 4223 angelo.
991 4172 1010 4204 ι
1047 4151 1243 4205 Deinde
1272 4168 1285 4203 :
1317 4169 1333 4200 ‹
1361 4149 1635 4203 Multitudo
1655 4151 1851 4204 militi-.2.
1876 4165 1984 4205 cae-

454 4246 598 4297 Icstis
657 4253 772 4298 erat
833 4244 1160 4296 laudantium
1219 4254 1273 4296 et
1330 4243 1731 4312 gloriﬁcantium
1782 4239 1980 4305 Deum;

453 4334 658 4398 quando
707 4342 861 4385 natus
898 4343 978 4386 est
1026 4333 1288 4385 Christus.
1345 4330 1531 4384 Omnia
1585 4328 1786 4396 angelis
1829 4331 1982 4397 plena

2059 1924 2288 1977 taliones
2309 1920 2428 1973 Filii
2450 1934 2594 1973 esse.
2624 1935 2643 1968 ι
2675 1917 2916 1970 Crimen
2950 1915 3123 1967 istud
3166 1908 3527 1980 quomodo
3556 1910 3644 1964 ab
3677 1909 3815 1961 Ada-

2059 2013 2259 2064 mantio
2286 2007 2549 2076 depulerit
2574 2018 2898 2073 anonymus
2927 2002 3068 2060 iste.
3100 1999 3444 2067 equidem
3473 1997 3725 2060 nescio;
3753 2011 3815 2047 ex

2058 2098 2234 2153 Photii
2268 2105 2446 2147 tamen
2481 2093 2670 2145 verbis
2718 2091 2773 2144 id
2809 2090 3056 2142 videtur
3107 2085 3488 2154 consequi,
3547 2094 3817 2152 tanquam

2059 2189 2190 2241 falso
2218 2185 2475 2246 conﬁcta,
2501 2194 2558 2235 et
2587 2181 2820 2248 Origeni
2853 2194 2963 2248 per
2987 2177 3420 2230 calumniam
3462 2176 3727 2242 impacta
3753 2176 3818 2225 ab

2061 2279 2160 2332 hoc
2203 2273 2320 2341 ejus
2351 2279 2584 2339 patrono
2625 2271 2802 2322 fuisse
2842 2267 3216 2323 confutata-
3257 2265 3724 2319 Verumtamen
3764 2273 3819 2316 ut

2061 2367 2188 2420 illud
2213 2367 2280 2416 ab
2299 2363 2537 2431 Origene
2571 2361 2844 2427 scriptum
2868 2358 3127 2420 demus,
3173 2357 3452 2426 liquido
3491 2367 3699 2408 tamen
3733 2355 3816 2421 ju-

2065 2452 2310 2511 rav‘erim,
2344 2459 2403 2502 ut
2439 2449 2547 2501 alia
2581 2447 2700 2500 fere
2737 2446 2968 2508 omnia,
3003 2446 3104 2499 sic
3141 2459 3226 2498 ea
3275 2459 3554 2514 quoque
3583 2443 3727 2517 άλλη
3742 2461 3817 2513 το-

2066 2542 2228 2614 ρικῶς
2257 2541 2430 2606 ipsum
2463 2537 2846 2604 proposuisse.
2892 2535 3135 2588 Eadem
3207 2535 3450 2603 itaque
3508 2536 3706 2588 valeat
3737 2537 3824 2588 hic

2066 2629 2365 2699 responsio,
2411 2641 2519 2693 qtta
2553 2627 2623 2677 ad
2667 2640 2796 2676 eum
2830 2639 3020 2690 supra
3071 2624 3564 2677 excusandum
3605 2625 3692 2678 usi
3733 2638 3820 2678 su-

2067 2737 2204 2783 mus,
2245 2734 2366 2774 cum
2406 2717 2608 2770 Filium
2646 2724 2704 2768 et
2737 2714 3039 2782 Spiritum
3107 2725 3446 2770 sanctum
3508 2717 3662 2770 duos
3703 2731 3823 2770 esse

2071 2812 2438 2879 Seraphimos,
2467 2817 2524 2862 et
2550 2807 2841 2860 Christum
2885 2819 3152 2873 quoque
3195 2807 3427 2860 virum
3467 2823 3615 2862 eum
3666 2811 3822 2862 steri-

2074 2901 2176 2954 lem
2237 2913 2360 2953 esse
2418 2898 2898 2963 diceretyquem
2965 2910 3479 2953 commemorat
3545 2899 3822 2955 Jeremias

2072 3005 2188 3057 cap.
2221 3003 2358 3049 χχιι,
2393 3001 2536 3039 vers.
2560 2984 2656 3039 50.

2138 3077 2428 3132 XXXVIII.
2471 3077 3005 3132 Animadvertimus
3049 3094 3274 3147 supra
3341 3082 3600 3138 diversa
3631 3086 3814 3154 Orige-

2075 3188 2191 3224 nem
2222 3170 2427 3238 angelis
2457 3183 2523 3222 ac
2558 3169 2916 3223 daemonibus
2962 3170 3326 3227 aﬂinxisse
3364 3191 3665 3243 corpora,
3692 3180 3816 3232 citra

2076 3262 2234 3312 ullum
2260 3260 2451 3321 οὐσίας
2484 3268 2542 3312 et
2581 3267 2800 3312 natura:
2834 3259 3230 3316 discrimen.
3291 3264 3396 3318 Ex
3433 3282 3515 3321 ea
3563 3271 3818 3338 opinione

2076 3359 2196 3401 nata
2231 3360 2312 3402 est
2343 3350 2434 3402 illa
2473 3350 2668 3412 altera,
2698 3349 2962 3404 crassius
2996 3351 3156 3417 hoc,
3197 3365 3276 3408 et
3319 3359 3465 3410 aeri
3505 3368 3710 3412 nostro
3738 3371 3817 3410 co-

2074 3448 2289 3505 gnatum
2320 3438 2629 3493 daemonum
2657 3456 2893 3510 corpus,
2921 3457 3026 3494 res
3064 3443 3175 3497 sui
3221 3449 3501 3515 generis
3538 3460 3818 3520 appetere,

2075 3527 2280 3581 suﬁitus
2314 3538 2462 3594 puta,
2503 3540 2553 3583 et
2592 3533 2818 3586 nidores
2859 3534 3398 3598 sacriﬁciorum.
3473 3555 3553 3594 ac
3601 3543 3821 3607 sangui-

2077 3633 2195 3670 nem
2223 3619 2383 3669 etiam
2409 3622 2765 3674 victimarum
2809 3623 3108 3691 ligurire;
3152 3643 3294 3684 nec
3343 3632 3425 3685 iis
3462 3640 3698 3685 tantum
3732 3634 3816 3684 de-

2077 3707 2280 3770 lectari,
2331 3711 2474 3776 quod
2505 3713 2760 3766 homines
2813 3715 3196 3771 idololatria:
3270 3722 3537 3776 deditos
3577 3738 3705 3776 esse
3749 3725 3816 3770 \‘i-

2079 3797 2258 3859 deant,
2302 3800 2396 3850 sed
2447 3802 2615 3852 etiam
2659 3813 2896 3869 propter
2943 3806 3384 3873 voluptatem
3452 3828 3530 3868 ac
3584 3813 3816 3873 delicias,

2079 3885 2274 3952 quibus
2309 3902 2500 3940 eorum
2541 3905 2783 3959 corpora
2827 3892 3232 3951 alliciuntttr.
3289 3901 3615 3973 Origenes
3642 3904 3733 3955 lib.
3768 3916 3818 3952 ιιι

2078 3982 2257 4026 contra
2289 3975 2454 4040 Cels.,
2509 3994 2663 4032 num.
2701 3981 2770 4034 57
2808 4001 2822 4036 :
2855 3985 3101 4048 Πάντες
3160 3990 3329 4056 μὲν,
3371 3993 3608 4061 inquit,
3637 3996 3688 4046 οἱ
3723 3991 3820 4044 ϐεοὶ

2078 4062 2184 4116 τῶν
2210 4063 2376 4115 ὲονῶν
2404 4067 2513 4117 εἰσι
2545 4067 2812 4136 δαιμόνια
2849 4070 3055 4141 λιχνὰ,
3095 4079 3220 4130 καὶ
3277 4083 3444 4150 περὶ
3482 4083 3597 4146 τὰς
3619 4083 3818 4140 θυσίας.

2081 4151 2174 4242 xui.
2221 4152 2291 4242 τὰ
2313 4154 2563 4242 ναῖματει,
2599 4157 2700 4208 καὶ
2736 4158 2843 4221 τὰς
2873 4161 2997 4213 ἀπὸ
3033 4165 3167 4219 τῶν
3231 4168 3500 4226 Θυσιῶν
3542 4171 3821 4242 ἀποφορᾶς

2081 4241 2488 4310 καλινδούμενοι,
2525 4245 2620 4296 ἐπὶ
2640 4246 2836 4318 ἀπάτῃ
2854 4247 2975 4303 τῶν
3011 4252 3101 4323 μὴ
3131 4273 3414 4326 προσπε
3424 4241 3745 4330 φευγὸτων
3758 4258 3823 4326 τῷ

2081 4331 2173 4383 ἐπὶ
2213 4331 2345 4422 nisi.
2375 4331 2546 4422 θεῷ·
2585 4344 2646 4387 et
2678 4336 2778 4392 lib.
2805 4353 2882 4392 \‘tt
2913 4356 3302 4414 sequente,
3352 4370 3538 4409 tmtn.
3585 4354 3646 4418 5,
3685 4362 3822 4422 pOSl'

455 4430 595 4473 sunt.
628 4421 790 4485 Veni,
835 4423 1035 4490 augele,
1068 4423 1276 4490 suscipe
1296 4433 1537 4472 sermone
1575 4432 1885 4471 conversmn
1917 4418 1984 4470 ab
2018 4461 2058 4513 υ
2085 4435 2242 4486 quam
2266 4419 2413 4486 .dixit
2451 4423 2688 4488 spiritus
2719 4430 3014 4495 quosdam
3063 4435 3253 4503 impu
3268 4457 3384 4497 ros
3426 4447 3603 4500 circa
3634 4418 3824 4500 terram

455 4524 638 4561 errore
662 4511 901 4576 pristino.
928 4530 946 4560 ι
981 4511 1163 4563 Robur
1191 4511 1271 4561 bis
1292 4507 1500 4559 additur
1522 4521 1586 4559 ex
1620 4507 1718 4558 hoc
1747 4507 1984 4561 testimo-

456 4599 546 4649 uio
577 4597 755 4650 homil.
793 4600 861 4651 23
890 4602 942 4651 in
969 4599 1094 4654 Luc.
1128 4616 1148 4654 :
1183 4619 1202 4651 ‹
1226 4601 1331 4666 Ego
1358 4614 1460 4650 non
1492 4597 1700 4664 ambigo
1722 4605 1774 4648 et
1801 4599 1853 4649 in
1879 4612 1986 4650 cos-

459 4700 511 4740 tu
539 4697 718 4741 nostro
737 4690 919 4743 adesse
935 4691 1165 4758 angelos,
1192 4707 1293 4744 non
1319 4690 1484 4745 solum
1509 4688 1823 4756 generaliter
1841 4689 1984 4740 onuti

460 4777 729 4838 Ecclesiae,
764 4778 854 4829 sed
891 4779 1045 4831 etiam
1077 4780 1382 4848 sigillatim;
1419 4781 1482 4831 de
1514 4779 1704 4845 quibus
1742 4776 1988 4830 Salvator

458 4869 532 4920 ait
559 4885 574 4920 :
605 4865 785 4933 Angeli
814 4882 988 4918 eorum
1017 4885 1214 4934 semper
1247 4869 1416 4922 vident
1453 4868 1636 4933 [aciem
1682 4866 1858 4918 Patris
1890 4867 1988 4917 mei

457 4957 546 5025 qui
573 4956 626 5008 iu
661 4955 800 5006 cazlt's
839 4964 910 5005 est
933 4954 997 5010 ⁸⁸.
1035 4955 1231 5023 Duplex
1263 4957 1346 5008 hic
1389 4957 1540 5008 adest
1574 4955 1829 5018 Ecclesia,
1879 4969 1983 5006 una

458 5047 759 5106 hominum,
784 5042 947 5095 altera
977 5047 1300 5110 angelorum.
1328 5045 1383 5098 Si
1402 5045 1525 5112 quid
1549 5044 1698 5112 juxta
1725 5043 1982 5096 rationem

461 5148 516 5191 et
539 5138 688 5205 juxta
722 5132 1114 5200 Scripturarum
1141 5133 1364 5186 dicimus
1379 5132 1721 5193 voluntatem,
1748 5130 1990 5184 lzetantur

463 5226 655 5294 angeli,
691 5231 746 5276 et
777 5233 932 5274 orant
962 5219 1250 5273 nobiscum.
1282 5239 1300 5270 ι
1329 5223 1511 5288 Itaque
1549 5221 1883 5290 perspicuum
1910 5228 1993 5272 est

467 5334 566 5370 non
595 5315 898 5382 cpiscupum
923 5309 1283 5375 interpellasse
1309 5309 1586 5376 Origeuem
1622 5309 1671 5360 in
1701 5311 1876 5373 priore
1903 5307 1991 5360 illo

470 5408 604 5470 loco,
637 5407 727 5458 sed
762 5406 1002 5468 angelum
1037 5401 1324 5451 invocasse.
1360 5397 1624 5448 IncaSsum
1657 5410 1782 5464 ergo
1811 5396 1874 5447 ad
1897 5411 1991 5446 an-

469 5497 704 5565 gelorum
735 5484 1114 5563 repudiandum
1132 5487 1327 5542 cultum
1354 5487 1592 5558 Origcnis
1621 5484 1989 5540 auctoritatem

545 5690 585 5720 "
619 5691 796 5744 Matth.
838 5703 984 5754 mn,
1021 5685 1098 5742 ιυ.

2086 4510 2297 4599 degere,
2329 4507 2434 4599 hoc
2461 4511 2734 4579 subjicit:
2773 4517 2954 4586 Δηλοί
2989 4521 3059 4574 δὲ
3111 4526 3186 4578 τὸ
3229 4534 3542 4588 τοιοῦτον
3577 4537 3716 4599 τοὺς
3738 4534 3824 4588 αὖ·

2083 4598 2208 4658 τοὺς
2241 4595 2536 4664 τυγχάνειν
2577 4604 2676 4655 καὶ
2700 4604 2784 4670 τὸ,
2820 4609 2952 4670 ταῖς
2997 4612 3130 4664 ἀπὸ
3162 4617 3312 4672 τῶν
3349 4623 3597 4678 Θυσιῶν
3635 4595 3825 4677 ἀναθυ-

2089 4689 2302 4757 μιάσεσι
2340 4689 2436 4740 καὶ
2471 4695 2595 4755 ταῖς
2632 4694 2742 4746 ἀπὸ
2770 4696 2887 4750 τῶν
2928 4701 3228 4769 αἱμάτων
3263 4712 3387 4763 καὶ
3418 4714 3825 4785 ὁλοκαυτωμά-

2084 4794 2191 4882 σῖων
2219 4778 2533 4879 ξιποφοραῖς
2565 4784 2887 4856 τρεφόμενα
2923 4791 3135 4846 αὐτῶν
3181 4798 3273 4851 τὰ
3321 4803 3624 4873 σώματα,
3677 4778 3826 4874 ein;-

2085 4883 2377 4971 oovouvr‘ow
2413 4887 2558 4971 sto-2.;
2603 4893 2912 4971 r'cotowotg,
2966 4885 3070 4933 επ⁹
3118 4887 3286 4941 αὐτὸ
3354 4897 3695 4966 τυγχάνειν
3738 4912 3823 4947 τοι

2081 4954 2319 5024 ὡσπερεὶ
2349 4957 2654 5028 φιλοζωεῖν
2677 4985 2690 4998 ο
2734 4979 2790 5022 ct
2812 4968 2912 5021 lib.
2949 4985 3080 5037 vni,
3109 4991 3301 5032 tlllul.
3333 4982 3423 5036 50
3631 4988 3690 5039 δὲ
3726 5003 3827 5038 mt-

2083 5042 2206 5107 κτὰ,
2230 5044 2352 5147 ῖεοῦ..
2377 5050 2633 5147 uiua-co;
2679 5059 2756 5132 μὴ
2798 5060 3203 5131 ὲκκριῦἑντος,
3240 5069 3424 5143 ὅπερ
3464 5079 3658 5144 φασὶν
3695 5073 3826 5128 εἶναι.

2087 5133 2292 5236 ἷροςρῗιν
2325 5133 2650 5216 δαιμόνων,
2696 5149 3056 5223 τρεφομένων
3093 5159 3245 5219 ταῖς
3301 5133 3422 5214 ἀγὲ
3468 5133 3662 5220 ἀὺτοῦ
3707 5170 3826 5219 tiva-

2090 5219 2460 5327 Ouptotsaptw
2499 5239 2847 5316 ἀπαγορεύει
2889 5242 2918 5293 ὁ
2950 5240 3148 5309 λόγος,
3201 5248 3323 5302 ἵνα
3377 5255 3472 5324 μὴ
3519 5259 3824 5327 τωφῶμεν

2095 5315 2655 5416 ἷξοφῇξαιμόνων·
2705 5347 2760 5389 et
2798 5335 2850 5387 iu
2887 5332 3252 5399 Protreptico
3326 5315 3416 5395 αξι
3458 5315 3823 5416 ἠιίξιιελνῑιξη,

2100 5412 2262 5503 "ill":
2280 5406 2406 5465 4E):
2459 5418 2636 5480 Ἐπεὶ
2683 5428 2741 5482 δέ
2773 5441 2914 5486 τινες
2962 5421 3039 5492 μὴ
3071 5421 3504 5497 θεωροῦντες
3550 5406 3659 5488 τδζ
3707 5406 3823 5503 περί

2097 5503 2206 5594 των
2233 5492 2534 5571 δαιμὸνων
2558 5517 2747 5597 λόγῳ,
2784 5519 2873 5574 καὶ
2895 5515 2967 5579 ὡς
2999 5513 3147 5584 ὑπὲρ
3193 5521 3317 5573 τοῦ
3359 5501 3743 5596 παραμένεκιν
3771 5492 3821 5575 ἐν
