3894 6450
381 410 482 469 895

1532 384 1539 390 ”
1592 407 1651 460 ι).
1696 403 2006 458 DANIELlS
2045 405 2272 460 HUETII

3626 393 3767 449 ’ξᾏῆ

371 537 672 605 potestates,
696 529 1102 592 dominationes,
1128 534 1453 595 crcterasque
1469 526 1713 589 virtutes,
1737 526 1904 592 ipsum
1935 533 1980 587 Α
2008 528 2113 579 bet.
2145 543 2163 575 (
2197 523 2370 577 litium
2399 521 2553 573 addit
2578 517 2861 605 verbum)
2888 505 3305 605 quodaminod
3388 534 3469 583 ο,
3495 536 3529 570 \
3560 516 3662 571 '8“
3678 516 3825 571 “ie-

369 636 573 692 quoque
595 620 857 671 hominem
882 617 1168 670 secundum
1198 617 1388 669 anima:
1418 615 1727 681 dignitatem
1754 615 1907 666 unius

368 727 482 763 esse
522 708 851 762 snbstantite.
900 701 1341 767 Intellectualem,
1382 702 1571 770 inqttit,
1619 704 1908 756 rationabi-

368 799 572 865 lemque
614 808 859 848 naturam
903 794 1067 848 sentit
1100 794 1261 856 Deus,
1305 800 1359 847 et
1399 792 1705 860 unigenitus
1744 792 1910 846 Filius

366 887 503 955 ejus,
533 895 586 939 et
613 883 846 954 Spiritus
886 894 1141 948 sanctus;
1174 884 1410 936 sentiunt
1453 883 1648 950 angeli,
1677 891 1731 934 et
1759 893 1911 950 pote-

365 983 549 1039 states,
574 984 881 1042 cmteraeque
903 975 1156 1038 virtutes;
1183 972 1345 1025 sentit
1367 974 1591 1025 interior
1608 974 1785 1033 homo,
1822 973 1912 1039 qui

366 1066 431 1117 ad
463 1064 743 1133 imaginem
773 1074 826 1117 et
857 1062 1254 1117 similitudinem
1289 1063 1381 1115 Dei
1410 1063 1660 1116 conditus
1689 1071 1791 1115 est.
1838 1062 1911 1113 Ex

364 1168 466 1218 quo
495 1154 831 1207 concluditur
858 1154 1044 1211 Deum,
1081 1162 1133 1205 et
1167 1153 1277 1207 haec
1326 1150 1722 1220 quodammodo
1760 1151 1913 1205 unius

364 1258 483 1297 esse
516 1245 845 1297 SUDSlaltlitB.
870 1264 888 1295 ι
921 1245 1069 1310 Quod
1092 1247 1142 1297 in
1169 1243 1399 1311 Crigene
1428 1246 1775 1296 damnaverat
1802 1240 1917 1294 Ilie-

365 1349 640 1402 r0nyrnus,
675 1335 810 1387 idem
841 1336 891 1388 in
924 1336 1219 1388 Palaestinis
1237 1333 1553 1403 Origenistis
1577 1335 1791 1385 damnat
1818 1331 1911 1387 Ju-

367 1422 631 1475 stinianus
671 1423 720 1474 in
770 1423 992 1490 epistola
1030 1423 1093 1477 ad
1137 1428 1374 1491 quintam
1430 1423 1712 1491 synodum,
1755 1437 1914 1491 quam

366 1509 527 1561 habet
564 1509 832 1562 lledrenus
882 1532 896 1564 :
928 1513 1157 1579 Λέγουσι
1192 1512 1297 1581 γὰρ
1343 1512 1422 1563 ὅτι
1455 1513 1571 1574 νόες
1610 1507 1748 1581 ἦσαν
1796 1513 1915 1580 δίχα

365 1598 564 1661 παντὸς
614 1599 840 1669 ἀριθμοῦ
884 1620 942 1653 τε
986 1603 1078 1655 καὶ
1103 1604 1377 1672 ὀνόματος,
1411 1602 1485 1665 ὡς
1514 1602 1671 1656 ὲνάδα
1704 1602 1915 1655 πάντων

368 1684 504 1740 εἶναι
530 1689 634 1741 τῶν
659 1690 884 1756 λογικῶν
912 1696 976 1761 τῇ
1002 1693 1281 1761 ταυτότητι
1309 1693 1407 1762 τῆς
1432 1691 1611 1755 οὐσίας
1644 1695 1734 1745 καὶ
1765 1694 1915 1762 ἐνερ-

366 1772 538 1840 γείας,
594 1778 686 1830 καὶ
722 1780 785 1847 τῇ
844 1777 1062 1848 δυνάμει
1107 1781 1172 1849 τῇ
1228 1779 1359 1849 πρὸς
1408 1781 1497 1832 τὸν
1551 1780 1679 1831 Θεὸν
1724 1778 1911 1846 Λόγον,

370 1862 552 1916 ὲνώσει
582 1882 639 1917 τε
666 1867 976 1935 καὶγνώσει.
1002 1888 1018 1917 ι
1045 1869 1384 1924 Dicuntenitn
1404 1881 1606 1924 mentes
1621 1871 1783 1924 fuisse
1799 1873 1916 1923 abs-

2170 1872 2235 1910 ue
2289 1857 2468 1924 ipsum
2522 1854 2729 1922 spiritu
2805 1852 3150 1906 adorarent

370 1968 474 2017 que
494 1966 714 2009 uomere
742 1966 792 2010 et
821 1958 1054 2023 nomine,
1088 1962 1216 2012 adeo
1245 1968 1301 2011 ut
1331 1974 1509 2012 rerum
1539 1958 1776 2011 omnium
1828 1972 1914 2010 ra-

371 2043 647 2098 tionalium
683 2047 860 2099 unitas
914 2048 1003 2108 sit,
1032 2062 1151 2099 cum
1188 2047 1323 2101 idem
1378 2047 1484 2101 sint
1514 2048 1830 2111 substantia,
1861 2056 1915 2099 et

368 2136 704 2202 operatione,
736 2145 789 2188 et
816 2138 1009 2189 virtute
1041 2152 1155 2202 quae
1188 2146 1269 2190 est
1296 2139 1432 2204 apud
1468 2138 1631 2191 Deum
1658 2136 1913 2200 Verbum,

372 2234 484 2277 tum
532 2226 851 2280 adunatlone
881 2235 934 2278 et
987 2227 1304 2295 cognitione.
1339 2246 1357 2277 ι
1415 2225 1658 2280 Gobarus
1702 2240 1913 2293 quoque

368 2312 632 2367 Tritheita
673 2315 777 2376 ille,
815 2314 964 2382 cujus
1006 2324 1255 2381 excerpta
1288 2314 1498 2382 collegit
1538 2311 1758 2367 Photius
1794 2314 1912 2367 cod.

366 2417 610 2465 ccxxx”,
638 2402 877 2470 degmata
916 2402 1104 2467 multa,
1125 2418 1240 2471 quae
1274 2404 1385 2457 fere
1416 2405 1731 2473 Origeniana
1771 2412 1913 2470 sunt,

374 2492 426 2542 in
461 2502 745 2560 utramque
792 2492 1067 2560 disputans
1121 2503 1346 2562 partem,
1395 2504 1584 2547 octavo
1628 2493 1744 2547 loco
1788 2494 1917 2565 illud

377 2582 551 2644 habet,
572 2582 646 2644 ὠς
674 2585 735 2634 ὲκ
768 2583 863 2652 τῆς
888 2582 1037 2644 θείας
1072 2583 1256 2644 οὐσίας
1291 2586 1321 2654 ἡ
1352 2582 1657 2653 ἀνθρωπίνη
1686 2582 1916 2654 προελή-

368 2669 495 2723 λυθε
539 2670 703 2741 ψυχή,
759 2688 865 2726 «ει
910 2672 1083 2725 divina
1135 2672 1432 2726 substantia
1472 2672 1757 2727 humanam
1797 2673 1916 2726 ani-

375 2774 513 2811 ruam
540 2761 882 2827 processisse.
914 2781 932 2813 ι

445 2849 566 2903 Fuit
594 2851 682 2905 illa
711 2854 923 2921 quidem
969 2853 1427 2924 Pythagoreorum
1479 2850 1748 2914 doctrina,
1781 2849 1917 2902 divi-

379 2952 460 2990 na:
506 2953 649 2993 aurae
687 2941 951 3009 particula
1013 2942 1220 2997 animas
1271 2951 1487 2995 nostras
1536 2950 1812 3004 constare,
1864 2948 1919 2994 et

379 3028 548 3084 Deum

1160 3141 1211 3195 ὀ
1249 3142 1323 3194 ire
1346 3158 1433 3205 per
1466 3157 1641 3195 omnes

2008 624 2264 678 ronymus
2297 609 2454 676 epist.
2501 606 2575 659 59
2607 608 2678 657 ad
2724 601 2928 664 Avit.,
2978 608 3124 660 cap.
3168 590 3232 653 4,
3275 605 3296 637 ε
3412 615 3483 658 ,η
3536 607 3815 657 unum-

2006 699 2206 766 crilegii
2236 699 2443 753 crimen
2476 695 2791 761 eﬂ'ugeret,
2826 708 2849 741 ›
2894 684 2998 740 vel
3030 681 3297 736 fortasse
3396 703 3467 745 ,η
3508 691 3805 758 opinionis

2009 760 2167 852 hujus
2192 784 2509 851 neutiquam
2537 760 2772 833 amnem
2812 790 2881 828 se
2912 786 3057 827 esse
3096 767 3542 830 declabarer.
3580 776 3687 827 Sic
3712 776 3803 827 me
3840 760 3845 781 ’

2173 891 2220 928 ιιι
2254 876 2307 927 ἱιι
2345 874 2485 925 libro
2522 871 2599 922 De
2627 867 2947 935 martyrio.
2987 876 3157 913 num.
3198 856 3271 910 47
3361 886 3379 918 ε
3428 866 3572 917 Ἐτι
3597 864 3661 914 δὲ
3691 864 3785 914 καὶ

2013 965 2259 1033 φιλοζωεῖ
2292 962 2605 1030 ἄνθρωπος,
2632 960 2861 1025 πεῖσμα
2909 949 3117 1004 λαϐὼν
3147 947 3325 1016 περὶ
3359 952 3598 1013 οὐσίας
3626 951 3783 1017 λογε-

2013 1054 2113 1122 κῆς
2155 1052 2355 1123 ψυχῆς,
2391 1051 2469 1113 ὡς
2514 1048 2767 1119 ἐχούσης
2798 1061 2855 1096 τι
2883 1038 3182 1108 συγγενὲς
3205 1037 3400 1112 θεῷ,
3444 1040 3635 1104 Quod
3666 1041 3716 1091 si
3741 1054 3773 1092 e

2014 1144 2106 1196 Dei
2157 1140 2467 1195 substantia
2520 1138 2841 1191 delibatam
2890 1129 3238 1185 censuisset
3276 1130 3623 1187 animam,
3657 1140 3770 1178 non

2015 1230 2169 1285 ane
2212 1229 2418 1297 aliquid
2461 1225 2701 1288 habere,
2754 1222 2857 1276 sed
2918 1220 3114 1289 ipsius
3160 1218 3570 1285 particulam
3631 1227 3761 1265 esse

2015 1322 2240 1375 dixisset
2276 1318 2478 1372 :alIine
2528 1325 2721 1369 autem
2788 1328 2926 1366 cum
2998 1324 3074 1363 eo
3130 1306 3473 1377 quidpiam
3545 1303 3761 1367 habet,

2015 1412 2156 1480 quod
2186 1410 2252 1463 ad
2298 1408 2416 1475 ejus
2468 1407 2780 1475 imaginem
2835 1402 3086 1456 condita
3142 1398 3237 1461 sit,
3270 1395 3472 1464 quod
3534 1393 3768 1447 lumine

2016 1502 2198 1553 divino
2234 1499 2414 1552 vultus
2455 1498 2633 1566 ipsius
2679 1497 2956 1562 signatus
3018 1491 3125 1553 sit,
3171 1488 3338 1557 quod
3385 1486 3633 1540 mortis
3673 1501 3774 1540 ex-

2015 1603 2158 1658 pers,
2184 1598 2236 1640 et
2262 1587 2543 1641 beatitatis
2579 1593 2811 1638 mterna:
2846 1595 3043 1649 capax
3075 1578 3176 1632 sit.
3222 1576 3646 1631 Planissime
3674 1589 3776 1627 ve-

2018 1693 2077 1731 ro
2110 1690 2348 1731 errorem
2383 1675 2531 1727 hunc
2582 1670 2917 1740 impietatis
2957 1669 3166 1737 arguit
3210 1667 3266 1718 in
3320 1663 3779 1730 Heracleone;

2016 1769 2106 1837 qui
2141 1767 2380 1833 ejusdem
2427 1778 2553 1818 esse
2598 1779 2666 1816 ac
2703 1763 2891 1815 Deum
2952 1760 3241 1814 essentia:
3300 1758 3621 1824 ﬁngebat
3656 1757 3784 1824 qui-

3203 1866 3220 1902 :
3260 1847 3575 1918 Ἐπιστή
3586 1863 3789 1917 σωμεν

2167 1947 2298 2015 tquit
2340 1956 2486 1997 tonio
2512 1960 2614 1997 χιιι
2655 1944 2713 1996 in
2744 1942 2959 2006 Joan.,
3003 1957 3182 1994 num.
3212 1938 3327 2000 ‘25,
3393 1940 3463 1991 εἱ
3522 1937 3617 2007 μὴ
3654 1938 3793 2005 σςιό-

2014 2038 2113 2108 δρα
2135 2038 2278 2089 ἐστὶν
2302 2036 2501 2097 ἀσεϐὲς
2521 2033 2825 2102 ὁμοούσιον
2855 2030 3023 2102 [lego
3053 2028 3481 2100 ὀμοουσῐους]
3509 2031 3593 2097 τῇ
3621 2029 3795 2096 ἀγεν-

2016 2130 2160 2199 νήτῳ
2184 2127 2342 2196 φύσει.
2370 2127 2467 2179 καὶ
2498 2123 2908 2195 παμμακαρίᾳ
2955 2119 3121 2175 εἶναι
3151 2122 3374 2189 λέγειν
3412 2120 3578 2183 τοὺς
3606 2136 3793 2190 προσ-

2167 2219 2307 2279 ὂντας
2334 2216 2414 2285 τῷ
2454 2213 2739 2284 πνεύματι
2772 2214 2860 2283 τῷ
2896 2212 3040 2282 Θεῷ
3085 2212 3242 2284 (⁸56).
3289 2213 3448 2265 Iloc
3494 2210 3693 2264 etiam
3737 2226 3797 2263 se

2017 2318 2206 2377 purgat
2232 2308 2495 2377 Origenes
2526 2306 2623 2358 illo
2649 2305 2934 2366 crimine,
2964 2305 3137 2373 quod
3190 2304 3503 2357 animum
3537 2318 3794 2370 corpora

2018 2409 2121 2451 tant
2162 2413 2277 2452 esse
2309 2397 2574 2460 decrevit,
2616 2406 2678 2449 ut
2706 2395 2861 2448 inl‘ra
2895 2393 3389 2448 declarabimns
3418 2411 3439 2457 ;
3473 2393 3589 2461 qui
3640 2392 3796 2444 enim

2018 2502 2275 2555 corporea
2302 2502 2387 2540 res
2414 2501 2543 2553 pars
2570 2501 2694 2540 esse
2722 2485 2823 2539 Dei
2857 2500 3139 2553 corpore
3174 2501 3244 2539 ca
3257 2500 3383 2538 ren
3397 2485 3517 2547 tis,
3558 2485 3796 2552 qualem

2018 2590 2137 2629 esse
2173 2574 2414 2628 defendit
2454 2574 2759 2642 Origenes,
2798 2572 2923 2627 dici
2990 2573 3285 2641 poterit?
3358 2572 3543 2625 llinc
3595 2573 3800 2637 Augu-

2015 2660 2188 2715 Stinus
2235 2661 2328 2715 lib.
2370 2678 2384 2713 ι
2430 2660 2506 2714 De
2556 2664 2711 2716 civit.
2764 2661 2902 2724 Dei,
2974 2678 3127 2731 cap.
3162 2663 3291 2715 25:
3341 2680 3369 2712 ε
3403 2662 3680 2716 Animas
3712 2663 3799 2715 di-

2017 2764 2171 2817 cunt,
2203 2767 2307 2805 non
2342 2753 2568 2820 quidem
2604 2762 2800 2821 partes
2830 2753 2969 2815 Dei,
3005 2755 3122 2807 sed
3177 2754 3398 2807 factas
3430 2769 3468 2809 a
3503 2754 3635 2806 Deo
3662 2767 3800 2822 pec-

2017 2855 2171 2894 casse
2200 2854 2229 2893 a
2263 2840 2566 2894 Conditore
2618 2842 2998 2908 recedendo;
3032 2853 3101 2896 et
3160 2845 3460 2897 diversis
3510 2860 3797 2914 progres-

2020 2929 2167 2982 sibus
2198 2944 2300 2997 pro
2325 2931 2656 2985 diversitate
2704 2943 3123 2999 peccatorum
3179 2952 3216 2989 a
3260 2937 3461 2992 caelis
3498 2953 3699 3005 usque
3734 2937 3800 2988 ad

2021 3029 2215 3082 terras,
2245 3021 2464 3076 diversa
2493 3036 2735 3090 corpora
2786 3027 2967 3094 quasi
3015 3029 3291 3083 vincula
3339 3031 3695 3084 meruisse.
3737 3030 3798 3083 Et

2020 3109 2160 3163 hunc
2185 3126 2306 3165 esse
2341 3114 2631 3178 mundum,
2668 3129 2928 3183 eamque
2966 3133 3276 3176 causam
3338 3125 3583 3177 mundi
3631 3123 3806 3176 fuisse

1378 3177 1640 3195 ωνηιηισ

380 3206 688 3280 Terraeque,
712 3219 1020 3280 tractusque
1048 3210 1228 3280 maris,
1255 3177 1535 3274 creliimque
1560 3207 1872 3280 profundum
1899 3223 1916 3260 :

2167 3201 2274 3264 ndi,
2310 3216 2417 3253 non
2457 3212 2518 3255 ut
2568 3204 2977 3260 conderentur
3053 3208 3289 3278 bona,
3345 3217 3471 3267 sed
3539 3225 3607 3269 ut
3663 3215 3802 3269 mala

386 3276 517 3345 {fine
558 3279 797 3340 pecudes,
829 3276 1086 3338 armenta,
1118 3279 1278 3341 viros,
1303 3293 1461 3345 genus
1493 3294 1642 3329 omne
1665 3278 1917 3344 ferarum,

382 3343 643 3411 Quemque
662 3345 761 3397 sibi
778 3358 957 3398 tenues
983 3355 1275 3397 nascentem
1303 3343 1566 3398 arcessere
1591 3343 1741 3398 vitae.

758 3433 990 3501 (VIBGIL.
1022 3434 1232 3500 (ἔθου-9.,
1262 3433 1355 3486 lib.
1378 3449 1455 3493 ιν.
1487 3449 1631 3488 vers.
1667 3434 1815 3501 9.2L)

385 3573 405 3604 ο
434 3556 749 3622 Audiebam,
799 3579 817 3609 ι
851 3563 927 3613 ait
974 3561 1108 3616 Cato
1153 3562 1290 3629 apud
1318 3561 1572 3626 Tullium,
1603 3583 1621 3614 ‹
1648 3562 1908 3632 Pythago-

389 3655 522 3706 ram,
563 3643 1051 3714 Pythagoreosque,
1103 3649 1307 3702 incolas
1375 3664 1509 3716 pene
1546 3660 1776 3714 nostros,
1824 3651 1915 3718 qui

381 3744 563 3815 cssept
608 3733 775 3790 Italici
817 3737 1118 3807 philosolihi
1162 3740 1431 3806 quondam
1482 3741 1759 3802 nominati,
1787 3758 1921 3794 nun-

382 3839 540 3890 quam
605 3826 872 3881 dubitasse
922 3832 1049 3896 quin
1086 3844 1151 3881 ex
1203 3829 1451 3882 universa
1510 3841 1687 3884 mente
1736 3831 1915 3883 divina

384 3912 647 3967 delibatos
684 3917 892 3969 animos
932 3916 1269 3972 haberemus.
1304 3937 1322 3968 ›
1372 3915 1426 3970 lu
1471 3921 1655 3971 eadem
1710 3918 1923 3974 fuerunt

381 4004 691 4072 Opinatione
738 4006 995 4061 Platonici
1036 4015 1089 4059 et
1131 4007 1319 4074 Stoici,
1357 4025 1516 4078 quam
1564 4022 1617 4063 et
1648 4010 1843 4068 Cerdo.
1871 4021 1924 4065 et

387 4092 612 4158 Marcio,
644 4105 696 4148 et
729 4094 1003 4149 Manichmi
1036 4098 1262 4151 subinde
1294 4098 1524 4168 amplexi
1560 4109 1702 4153 sunt.
1731 4099 1924 4153 Hiere—

382 4198 574 4254 nymus
612 4185 768 4253 epist.
814 4186 873 4239 (il
911 4186 975 4239 ad
1023 4184 1357 4252 Pammacb.,
1402 4205 1520 4256 cap.
1561 4190 1617 4252 5,
1648 4190 1726 4242 sic
1763 4188 1925 4243 Joan-

384 4289 505 4326 nem
535 4273 1069 4346 Hierosolymitanum
1105 4276 1407 4346 interpellat
1438 4298 1451 4333 ε
1487 4301 1503 4330 ι
1530 4279 1669 4333 Dicis
1718 4283 1924 4336 animas

385 4362 656 4417 hominum
703 4382 806 4419 non
840 4378 1045 4436 partem
1074 4384 1194 4423 esse
1227 4368 1316 4422 Dei
1345 4379 1549 4423 natura:
1579 4385 1595 4423 :
1628 4370 1782 4438 quasi
1811 4370 1922 4424 Ma-

388 4450 619 4507 nichaaus
678 4469 815 4509 nunc
876 4456 942 4510 ab
1008 4458 1298 4527 Epiphanio
1354 4459 1431 4514 sis
1493 4469 1793 4525 vocatusp
1873 4472 1925 4514 et

386 4553 506 4603 cap.
537 4539 569 4590 6
600 4562 609 4592 :
649 4560 665 4591 ι
694 4542 832 4597 Diris
865 4548 1093 4598 animam
1118 4563 1219 4600 non
1242 4562 1359 4601 esse
1383 4549 1446 4600 de
1474 4547 1560 4599 Dei
1583 4548 1879 4600 substantia
1908 4566 1923 4613 ;

387 4624 626 4693 pulchre,
680 4628 899 4683 damnas
944 4633 1084 4684 enim
1129 4632 1506 4701 impiissimum
1550 4633 1919 4699 Manichteum,

387 4729 543 4781 quem
599 4718 874 4772 nominare
920 4722 1139 4787 pollutio
1189 4734 1268 4776 est
1295 4740 1309 4787 ;
1337 4743 1354 4774 ι
1389 4733 1440 4776 et
1486 4738 1605 4776 mox
1650 4738 1664 4777 :
1704 4742 1721 4773 ι
1756 4724 1922 4779 Nemo

387 4800 595 4851 dubitat
641 4811 826 4855 errare
882 4807 972 4872 qui
1018 4810 1145 4863 dicit
1195 4826 1310 4863 eam
1371 4809 1623 4881 (animam
1683 4814 1921 4867 rationa-

387 4889 510 4957 lem)
548 4905 667 4943 esse
694 4891 782 4942 Dei
812 4895 1189 4950 substantiam.
1230 4918 1248 4951 ι

460 4979 629 5049 Igitur
663 4976 895 5034 Joannes
928 4982 1013 5036 ille
1056 4984 1589 5058 Hierosolymitanns,
1619 4993 1709 5061 qui
1731 4993 1918 5061 Orige-

387 5071 528 5124 nista
580 5071 738 5137 vulgo
785 5072 1057 5134 audiebat,
1101 5075 1167 5127 ab
1205 5092 1266 5129 ea
1306 5088 1479 5133 tamen
1522 5084 1799 5149 opinione,
1842 5084 1921 5136 fa-

386 5169 531 5214 tente
570 5160 915 5230 Hieronymo,
950 5170 1067 5214 erat
1118 5164 1361 5230 alienus;
1410 5172 1550 5235 quod
1584 5173 1650 5225 ad
1695 5189 1923 5241 purgan-

383 5252 510 5305 dum
546 5253 829 5320 Origenem
857 5250 1038 5304 valere
1075 5262 1267 5318 potest.
1306 5256 1423 5323 Ipse
1462 5261 1743 5330 Origenes,
1773 5266 1922 5333 cujus

384 5346 546 5397 verba
583 5360 678 5411 pro
713 5345 811 5398 hoc
839 5343 1087 5410 dogmate
1118 5346 1304 5398 recitat
1334 5349 1705 5421 Hieronymus,
1735 5370 1919 5408 vocem

371 5436 602 5497 addens,
644 5435 1039 5504 quodammodo,
1078 5438 1515 5502 reprehensiones
1563 5456 1591 5493 a
1638 5457 1694 5497 se
1739 5446 1919 5511 prohi-

455 5546 568 5612 (Iiii)
601 5545 713 5598 Iloc
747 5548 898 5599 etiam
947 5563 1001 5599 se
1046 5553 1229 5614 purga!
1265 5543 1510 5613 Origenes
1560 5551 1651 5602 illo
1682 5553 1920 5613 crimine,

389 5615 521 5675 quod
572 5618 797 5668 nutritam
855 5626 1183 5683 corporalem
1227 5631 1336 5667 esse
1381 5617 1622 5679 decrevit,
1652 5633 1755 5672 etc.
1804 5619 1921 5671 Jan:

393 5693 547 5746 supra
584 5685 978 5741 obscrratituus
1012 5696 1204 5755 quwst.
1242 5688 1293 5749 υ,
1332 5684 1407 5739 De
1446 5689 1663 5756 angelis,
1686 5705 1830 5742 nutu.
1865 5688 1918 5753 '5,

2019 3288 2431 3345 cohiberentur.
2486 3291 2629 3347 Hine
2663 3294 2966 3360 Origenes
3002 3297 3183 3364 jure
3226 3304 3539 3372 culpatur
3585 3326 3600 3360 :
3651 3307 3706 3359 in
3742 3308 3802 3358 li-

2167 3380 2311 3433 enim
2362 3396 2510 3449 quos
2565 3385 2815 3452 appellat
2866 3390 3042 3455 Περὶ
3127 3393 3423 3463 ἀρχῶν.
3473 3398 3537 3452 id
3577 3410 3691 3465 est,
3724 3398 3797 3451 De

1950 3526 1959 3537 .
2018 3467 2316 3535 principiis.
2353 3468 2462 3523 hoc
2503 3473 2701 3539 sensit,
2739 3474 2851 3527 hoc
2904 3481 3238 3548 scripsit.
3281 3504 3301 3534 ι
3352 3486 3670 3557 Origenes
3702 3490 3796 3557 igi-

2023 3564 2108 3606 tur
2137 3557 2371 3620 animas,
2405 3574 2516 3613 non
2572 3562 2803 3630 quidem
2861 3576 3103 3631 partes
3169 3572 3315 3640 Dei,
3358 3578 3481 3630 sed
3544 3577 3731 3633 factas
3763 3592 3790 3629 ι

2022 3646 2130 3698 Deo
2158 3661 2279 3699 esse
2310 3649 2570 3703 credidit.
2607 3649 2725 3705 Nec
2779 3655 2988 3710 minus
3034 3661 3181 3715 hoc
3229 3665 3426 3731 utile,
3465 3672 3636 3737 quod
3671 3670 3792 3723 llie-

2022 3747 2274 3801 ronymus
2308 3736 2470 3803 epist.
2498 3737 2597 3803 82,
2625 3741 2694 3791 ad
2728 3739 3194 3802 Marcellinum
3227 3763 3294 3805 et
3313 3736 3790 3824 Atrapsychiam,

2025 3838 2339 3914 germanam
2375 3824 2636 3896 Origenis
2675 3834 3058 3887 sententiam
3100 3840 3199 3894 ab
3266 3842 3388 3898 hac
3453 3847 3573 3914 ipsi
3622 3846 3793 3899 allicta

2022 3913 2303 3983 distinguit
2341 3933 2355 3968 ε
2388 3934 2406 3966 ι
2454 3916 2639 3985 Super
2678 3922 2893 3976 anima:
2948 3937 3189 3996 statu,
3254 3913 3499 4003 inquit,
3570 3938 3789 3992 memini

2022 4012 2213 4058 vestra:
2260 4008 2701 4074 quzestiunculaa,
2772 4014 2895 4068 imo
2957 4024 3295 4079 maxime
3365 4031 3789 4085 ecclesiastici:

2023 4094 2338 4192 quaestionis
2376 4108 2615 4192 rutrum
2654 4104 2811 4171 lapsa
2873 4105 2949 4159 de
3007 4113 3215 4166 cmlo
3246 4120 3361 4184 sit,
3409 4132 3481 4174 ut
3518 4121 3789 4192 Pythagoo

2024 4198 2109 4236 ras
2138 4184 2513 4255 philosophus,
2567 4205 2895 4263 omnesque
2952 4181 3355 4264 Platonici
3399 4223 3463 4267 et
3520 4181 3786 4283 Ocrigeiies

2025 4282 2243 4371 ριιιξιιιις
2280 4288 2347 4326 un
2376 4279 2671 4371 aﬂpropria
2705 4283 2803 4337 Dei
2834 4290 3269 4361 substantia,
3316 4313 3391 4356 ut
3428 4279 3657 4371 Stoici;
3684 4305 3786 4359 lla-

2026 4361 2287 4427 nichaeus,
2309 4370 2363 4415 et
2393 4362 2682 4433 Hispaniae
2705 4371 3100 4436 Priscilliaui
3156 4388 3462 4451 haereses
3494 4361 3784 4468 suspicari-

2027 4462 2176 4505 tur.»
2217 4451 2325 4561 [ipe
2365 4456 2592 4521 quidem
2636 4464 2713 4515 ob
2751 4468 2970 4535 dogma
3043 4473 3482 4543 Palaestinos
3535 4451 3788 4561 O;igeni-

2026 4551 2137 4594 stas
2186 4542 2425 4607 pulsavit
2486 4545 2880 4620 Justiniantts,
2948 4560 3233 4624 idcirco
3302 4542 3596 4636 fortass'e
3643 4542 3784 4651 1(ΞιιινιιΙ

2023 4634 2255 4742 tributos
2283 4649 2480 4691 omnes
2526 4640 2765 4711 Origeni
2801 4665 3063 4709 errores
3128 4662 3223 4717 ab
3260 4666 3344 4721 iis
3388 4634 3783 4742 prOptigtiatos

2026 4723 2192 4823 fuisse
2222 4725 2482 4793 opinatus
2512 4743 2602 4786 est
2631 4752 2646 4788 :
2674 4738 2765 4792 sin
2796 4741 2849 4794 ei
2910 4746 3371 4814 adhaeserunt
3391 4723 3660 4828 rretires,
3694 4764 3780 4817 mi-

2024 4827 2167 4865 nnne
2222 4830 2367 4910 -s_ane
2402 4834 2789 4910 sectatorum
2850 4847 3132 4895 suorum
3222 4858 3534 4910 ves-antas
3601 4827 3781 4909 omnes

2334 4907 2747 5013 Adamantius.
2786 4921 2953 4986 Quod
2991 4930 3055 4980 si
3114 4902 3778 5013 tanienwenwlpmvli’uit;

2023 4993 2212 5045 luisset
2243 5010 2389 5089 Hills.
2438 5007 2878 5074 ὃδιῑβυιίιιθΐθιη
2937 5015 3064 5082 ipsi
3112 5028 3447 5089 daremus
3480 4993 3777 5089 fertullia-

2025 5097 2172 5197 ntrnt,
2205 5087 2298 5197 qu'Ii
2336 5088 2435 5194 lib.
2485 5110 2542 5148 ιν
2608 5102 2871 5158 adversus
2907 5105 3365 5189 ilurcionem,
3401 5087 3675 5197 capue—8,
3706 5130 3775 5183 sit

2029 5178 2102 5275 ait
2183 5196 2203 5225 ι
2232 5178 2532 5282 Hominem
2570 5194 2745 5267 igitur
2785 5198 2933 5252 reddi
2957 5198 3165 5265 jubet
3210 5178 3555 5288 Greater;

2022 5263 2110 5331 jus
2140 5266 2390 5340 imagine
2434 5292 2493 5335 et
2527 5263 2923 5355 similitudine,
2957 5301 3014 5345 el
3072 5263 3405 5376 nonnisi;

2025 5372 2322 5424 exPressius
2348 5384 2461 5429 est.
2493 5396 2514 5430 ι
2758 5384 2765 5391 ’

2101 5446 2193 5503 IV.
2221 5455 2299 5510 Cc

3596 5210 3773 5276 in°cuo

3443 5328 3508 5369 ct
3546 5318 3770 5371 trinacria

2306 5465 2597 5533 t'tiorihus
2630 5481 2897 5554 Origenes
2926 5486 2982 5533 et
3018 5490 3607 5557 manifestioribus
3649 5516 3769 5558 seu.

2030 5575 2232 5703 is.
2240 5586 2330 5696 εἰη
2342 5592 2456 5703 ξ’ξὲ
2596 5599 2983 5703 ..ξὶξξωςονροω
3047 5612 3180 5666 qua
3194 5622 3236 5659 ιι
3251 5615 3498 5670 tumvis
3577 5611 3762 5670 subtili

2374 5667 2441 5710 δε
2479 5664 2815 5741 Urigeneut.
