3894 6444
109 414 190 474 891

966 406 1525 466 ORIGENIANORUH
1561 407 1685 463 LIB.
1727 406 1792 469 ll,
1829 404 1978 462 CAP.
2006 402 2077 465 ιι,
2113 402 2383 468 QUA‘IST.
2427 402 2512 456 Vl.

3240 399 3343 454 898

113 541 210 587 teut
237 514 359 562 lam
417 511 572 568 hanc
621 520 868 592 signavit
917 527 1296 590 monumentis,
1328 541 1446 593 qua:
1501 527 1710 581 animas
1738 530 1781 583 Α
1809 535 1942 589 quas
1987 533 2113 572 vero
2152 528 2242 570 aut
2292 519 2441 582 nihil,
2492 526 2587 570 aut
2627 516 2874 583 exiguum
2917 511 3138 581 aliquid.
3194 509 3345 565 Unde

123 613 272 672 ωχθ
320 614 561 672 corpora
587 624 617 660 a
655 611 772 666 Deo
795 615 1056 678 conditas,
1083 618 1132 669 iu
1160 631 1329 684 eaque
1353 617 1428 669 sic
1461 625 1714 681 tanquam

148 707 206 754 ‘\\\
234 693 520 763 ergastula
556 696 830 755 demissas
859 717 952 770 pro
981 706 1214 770 peccatis
1258 703 1513 758 decernit.
1544 704 1717 770 Atque

175 787 276 839 haec
299 782 453 837 alteri
484 783 552 836 de
595 789 916 858 angelorum
947 791 1154 845 meritis
1183 801 1238 846 et
1275 791 1717 845 remunerationi-

173 877 262 928 bus
289 887 351 926 ac
378 873 560 942 pmnis
589 879 842 942 superius
865 881 1120 948 exposita:
1145 895 1386 934 connexa
1423 889 1525 935 est.
1551 879 1717 934 Natu-

171 984 252 1023 ras
272 969 424 1022 enim
454 984 646 1026 omnes
673 972 883 1026 ratione
910 973 1176 1040 praeditas,
1208 975 1308 1028 hoc
1337 981 1419 1029 est
1449 981 1656 1027 mentes
1684 987 1717 1028 a

169 1057 270 1109 Dco
313 1067 449 1110 ante
505 1058 692 1111 mundi
745 1059 1014 1128 opiﬁcium
1064 1070 1388 1131 procreatas,
1443 1061 1717 1131 liberoque

163 1147 464 1200 instructas
512 1147 744 1202 arbitrio
784 1148 946 1205 fuisse
993 1153 1223 1219 putavit;
1272 1167 1377 1221 qua
1433 1161 1581 1208 recte
1635 1149 1715 1206 vel

163 1238 300 1292 male
345 1239 550 1306 agendi
599 1239 854 1294 facultate
894 1240 1118 1294 diversis
1153 1253 1362 1296 utentes
1409 1241 1601 1306 modis,
1634 1241 1718 1295 di-

161 1345 349 1384 versos
385 1330 517 1384 inde
544 1329 629 1383 vel
653 1330 858 1398 gloriae,
889 1330 971 1384 vel
1003 1331 1304 1400 ignominia:
1321 1347 1383 1385 ac
1402 1345 1573 1397 pinnae
1597 1346 1718 1399 gra-

157 1421 254 1472 dus
293 1416 480 1472 fuisse
524 1428 884 1484 consecutas;
917 1417 1052 1471 alias
1103 1419 1362 1486 siquidem
1411 1417 1716 1486 angelorum

156 1510 390 1576 adeptas
421 1521 550 1561 esse
593 1515 858 1572 naturam,
895 1521 1010 1574 qua:
1042 1506 1298 1562 leviorum
1347 1520 1526 1565 essent
1555 1526 1718 1565 noxa-

155 1612 274 1649 rmn
329 1597 557 1662 fontes;
598 1611 719 1665 quae
755 1605 943 1650 contra
989 1597 1140 1652 liberi
1179 1597 1391 1657 arbitrii
1418 1615 1638 1655 munere
1665 1603 1717 1654 in

150 1687 406 1740 deterius
435 1685 672 1740 fuissent
698 1686 898 1751 abusa,
923 1687 975 1740 in
1007 1688 1273 1742 crassiora
1299 1703 1548 1758 corpora.
1580 1690 1720 1745 side-

150 1790 271 1829 rum
311 1784 476 1843 puta,
521 1775 606 1828 vel
654 1775 980 1840 daemonum,
1021 1776 1104 1830 vel
1147 1777 1416 1832 hominum
1470 1791 1590 1830 esse
1629 1780 1720 1832 de-

148 1881 420 1938 pressas;
459 1869 543 1923 sic
595 1878 795 1934 tamen,
828 1880 888 1925 ut
911 1886 1226 1940 quocunque
1260 1873 1368 1926 sint
1391 1872 1528 1937 loco,
1557 1873 1718 1942 proﬁ-

148 1973 280 2012 cere
309 1959 540 2027 possint
572 1959 624 2013 in
654 1960 868 2024 virtute,
904 1963 986 2014 vel
1031 1971 1214 2016 contra
1267 1962 1430 2016 relabi
1461 1963 1512 2016 in
1550 1963 1715 2026 vitia;

147 2058 202 2102 ct
235 2063 344 2115 pro
382 2063 674 2116 regressus
719 2050 801 2104 sui
830 2051 912 2104 vel
943 2066 1258 2120 progressus
1287 2052 1509 2112 ratione.
1541 2053 1606 2106 ad
1637 2067 1722 2106 su-

150 2139 434 2205 periorem
485 2141 788 2194 evehuntur
815 2149 1033 2203 statum,
1064 2141 1143 2194 vel
1177 2142 1246 2193 ad
1288 2139 1595 2193 inferiorem
1627 2141 1718 2194 de-

151 2229 455 2280 tradantur
495 2225 634 2294 ('57).
688 2223 822 2279 lluic
874 2240 1082 2295 quoque
1139 2223 1424 2280 conditioni
1489 2223 1718 2276 animant

148 2313 430 2382 obligavit
471 2312 700 2379 Christi,
731 2307 954 2381 eamque
983 2328 1077 2382 pro
1107 2327 1313 2367 summo
1347 2326 1441 2366 suo
1469 2297 1741 2368 adversus.

152 2403 326 2459 Deum
353 2419 574 2468 amore,
611 2403 784 2456 Verbo
814 2403 865 2457 in
885 2419 1043 2456 unum
1073 2401 1405 2469 conjunctam
1440 2400 1601 2456 fuisse
1626 2416 1722 2454 vo-

152 2493 278 2557 luit,
303 2501 482 2560 atque
513 2492 640 2545 inde
673 2506 868 2559 corpus
895 2491 946 2544 in
978 2491 1038 2543 Β.
1067 2491 1300 2558 Virginis
1345 2489 1524 2542 Mariae
1572 2498 1719 2543 uter:

153 2584 464 2638 formatum
505 2582 764 2636 subiisse.
805 2579 847 2644 Ε
887 2581 1148 2633 mentibus
1175 2595 1335 2647 porro
1361 2579 1464 2632 illis
1484 2593 1601 2646 quze
1623 2593 1723 2630 an-

150 2675 394 2742 gelicam
447 2681 638 2727 essent
680 2678 938 2725 assecutae
984 2669 1339 2723 conditionem
1367 2706 1384 2732 ,
1443 2668 1724 2722 nonnullas

149 2762 365 2816 Christi
422 2761 712 2814 imitantes
755 2758 1017 2812 adversus
1064 2759 1354 2812 humanum
1385 2771 1550 2826 genus
1577 2771 1724 2809 amo-

149 2865 268 2905 rem
297 2861 360 2906 et
387 2851 748 2915 charitatem,
772 2848 854 2902 vel
884 2847 1002 2902 aliis
1023 2850 1087 2901 de
1114 2847 1291 2901 causis
1315 2863 1342 2900 a
1377 2848 1482 2901 Deo
1511 2847 1724 2909 missas,

150 2957 387 2997 carnem
425 2939 796 3008 assumpsisse
828 2935 1016 3002 sensit,
1042 2944 1092 2990 et
1120 2936 1493 3004 prophetarum
1517 2946 1727 2991 sancto-

155 3046 400 3103 rumque
437 3031 682 3084 virorum
722 3040 1006 3095 personam
1036 3026 1262 3094 gessisse
1295 3025 1345 3079 in
1373 3026 1549 3090 terris,
1586 3035 1639 3080 et
1659 3025 1724 3078 ad

152 3121 486 3192 exemplum
509 3117 714 3174 Christi
749 3130 869 3170 sese
896 3124 1274 3182 componentes
1305 3115 1576 3168 hominum
1605 3115 1726 3166 reli-
1753 3154 1812 3210 Ο,

153 3226 399 3280 quorum
425 3207 596 3264 saluti
625 3204 980 3261 consuluisse.
1023 3203 1221 3257 Horum
1250 3204 1488 3256 omnium
1519 3213 1724 3272 partem

154 3298 677 3356 demonstravimus
718 3296 826 3364 jam
883 3309 1063 3364 supra,
1089 3302 1292 3363 partem
1327 3294 1414 3348 hic
1440 3293 1726 3349 declarau-

155 3393 284 3447 dam
315 3389 697 3444 servavimus.

229 3479 467 3532 Minime
516 3490 648 3530 vero
699 3474 852 3527 nobis
892 3472 1092 3526 diutius
1137 3471 1526 3526 immorandum
1556 3482 1636 3526 est
1675 3474 1726 3527 in

155 3569 295 3625 locis
315 3564 677 3635 colligendis,
701 3563 892 3630 quibus
913 3563 1208 3614 animarum
1225 3562 1559 3632 προῦπαρξιν
1585 3562 1726 3616 Ada-

157 3657 409 3712 mantius
452 3651 715 3708 asseruit.
768 3650 954 3706 Patent
989 3649 1060 3702 illi
1098 3651 1382 3716 unicuique
1408 3651 1637 3714 obviam,
1674 3660 1727 3706 et

158 3749 278 3800 viro
338 3761 453 3800 non
508 3741 740 3795 multum
796 3738 1032 3806 diligenti
1081 3737 1386 3805 frequentes
1416 3750 1725 3793 occurrunt.

155 3839 415 3905 lnsignes
472 3834 742 3886 duntaxat
795 3829 978 3895 aliqui,
1021 3841 1117 3894 pro
1178 3841 1324 3880 more
1375 3837 1575 3890 nostro,
1608 3826 1728 3881 ﬁdei

155 3925 537 3982 conciliandae
597 3921 784 3990 gratia
825 3916 1116 3970 adducendi
1161 3925 1307 3977 sunt,
1365 3925 1556 3983 prtcter
1611 3931 1725 3980 eos,

154 4035 300 4088 quos
320 4018 440 4088 jam
479 4027 648 4078 supra
689 4007 1028 4077 protulimus,
1055 4019 1172 4058 cum
1217 4003 1381 4072 ipsius
1411 4005 1728 4058 sententiam

153 4109 229 4162 de
285 4105 620 4176 angelorum
677 4096 885 4153 meritis
934 4094 1352 4161 exploraremus.
1405 4093 1545 4148 Ante
1600 4093 1730 4148 alios

153 4195 553 4253 ohservandus
604 4189 750 4245 venit
782 4188 868 4241 ille
893 4203 922 4240 e
957 4185 1047 4240 lib.
1080 4201 1116 4242 tt
1173 4185 1316 4252 Περὶ
1358 4183 1577 4252 ἀρχῶν,
1605 4199 1727 4251 cap.

153 4289 216 4352 8,
249 4303 408 4342 num.
443 4285 482 4338 5
523 4291 579 4337 et
616 4279 672 4342 4,
715 4279 765 4332 in
795 4292 899 4344 quo
943 4285 1162 4328 naturas
1213 4275 1332 4328 illas
1373 4275 1579 4327 ratione
1615 4273 1730 4340 pol-

153 4379 365 4442 lentes,
401 4389 528 4442 qua:
563 4386 592 4424 δ
622 4370 732 4423 Deo
757 4369 984 4435 primum
1024 4375 1314 4430 procreata:
1365 4373 1509 4427 sunt,
1557 4365 1731 4430 pritis-

1773 606 1790 611 ’⁷
1818 610 2158 674 inveniuntur
2194 606 2409 674 quidam
2456 607 2635 660 statim
2687 608 2754 658 ab
2801 606 3015 658 ineunte
3055 607 3213 654 aetate
3257 614 3345 652 ar-

1813 695 2073 752 dentioris
2113 695 2394 755 acuminis,
2439 694 2528 748 alii
2578 707 2703 749 vero
2767 691 3050 754 tardioris;
3105 685 3343 741 nonnulli

1815 797 1989 842 autem
2015 785 2345 840 obtusissimi
2377 793 2429 838 et
2461 785 2673 852 penitus
2699 784 2954 837 indociles
2988 780 3156 836 nasci.
3180 798 3198 830 D
3225 779 3346 844 Qui-

1816 868 1915 931 b'us
1944 877 2134 932 similia
2161 875 2212 928 in
2248 874 2436 942 capitis
2459 851 2690 942 ejusdem
2714 873 2858 926 calce
2888 871 3160 924 iterantur.
3186 851 3344 921 Libro

1814 959 1941 1023 vero
1971 965 2354 1021 lucubrationis
2380 964 2614 1033 ejusdem
2638 962 2833 1030 priore,
2872 977 2990 1029 cap.
3022 960 3075 1024 7,
3117 975 3265 1014 nunt.
3287 957 3341 1020 4,

1815 1059 2046 1112 animam
2087 1056 2340 1119 hominis,
2377 1069 2483 1108 non
2515 1068 2632 1105 cum
2678 1066 2899 1119 corpore
2943 1050 3134 1103 factam
3169 1037 3373 1117 docet,|

1815 1151 1908 1204 sed
1964 1148 2298 1202 extrinsecus
2350 1145 2628 1204 insertam,
2669 1141 2830 1209 idque
2883 1155 2978 1207 pro
3031 1127 3374 1191 meritorum"

1816 1240 2044 1295 ratione.
2086 1236 2362 1292 Probaudo
2407 1235 2528 1287 huic
2582 1230 2764 1286 Jacobi
2814 1229 3016 1297 profert
3046 1212 3374 1295 exemplum:

1815 1338 1869 1382 et
1909 1327 2067 1389 Esau,
2111 1337 2334 1394 quorum
2380 1321 2467 1374 hic
2504 1320 2744 1385 fratrem,
2785 1331 2904 1372 cum
2948 1330 3012 1370 ex
3045 1307 3192 1367 utero
3225 1329 3348 1384 pro-

1817 1419 1974 1480 diret,
2011 1413 2401 1483 supplantavit;
2450 1410 2589 1479 quod
2641 1410 2713 1462 ita
2758 1420 3089 1476 nequaquam
3126 1405 3374 1457 eventu-'

1817 1524 1933 1561 rum
1959 1507 2122 1560 fuisse
2145 1511 2346 1562 censet,
2376 1499 2479 1558 nisi
2511 1500 2562 1552 id
2591 1509 2810 1567 uterque
2834 1497 3018 1552 fuisset
3047 1493 3211 1566 gestis
3239 1495 3348 1547 suis

1816 1595 2163 1668 promeritus,
2195 1601 2480 1658 antequam
2523 1586 2662 1640 ctelo
2711 1584 3044 1640 delaberetur
3071 1599 3085 1636 ι
3111 1583 3256 1636 addit
3295 1591 3349 1635 et

1815 1686 2033 1742 Joannis
2077 1681 2400 1752 exemplum,
2435 1679 2524 1747 qui
2563 1678 2613 1730 in
2663 1677 2888 1732 materni
2920 1674 3052 1728 uteri
3100 1672 3350 1726 claustris

1817 1779 2106 1832 etiamnum
2133 1781 2465 1842 compactus,
2492 1771 2558 1824 ad
2587 1767 2768 1822 Mariae
2799 1780 2980 1820 vocem
3011 1764 3343 1840 tripudiavit;

1818 1875 1870 1920 et
1899 1865 2164 1926 Ieremia},
2210 1864 2292 1915 cui
2324 1861 2534 1913 dixerat
2566 1857 2821 1910 Dominus
2849 1873 2863 1909 :
2895 1874 2912 1908 ‹
2939 1836 3258 1923 Priusquam
3295 1863 3348 1908 te

1819 1952 2099 2007 formarem
2145 1949 2196 2001 iu
2235 1959 2410 2010 utero,
2458 1944 2578 1999 novi
2628 1954 2716 1998 te:
2751 1954 2804 1998 et
2849 1952 3130 2010 antequam
3168 1930 3377 1994 exires'

1816 2042 1882 2096 de
1911 2041 2085 2100 vulva,
2117 2037 2447 2091 sanctiﬁcavi
2485 2046 2534 2090 te
2555 2038 2619 2088 '°.
2649 2053 2668 2085 ι
2707 2033 2954 2097 Alioquin
2997 2031 3070 2083 ait
3114 2031 3344 2083 futuram

1818 2130 1955 2201 apud
1983 2130 2145 2182 Deum
2179 2127 2643 2198 προσωποληψίαν,
2670 2135 2722 2178 et
2765 2121 3092 2189 iniustitiam,
3123 2121 3261 2189 quod
3296 2128 3349 2173 et

1820 2228 1947 2274 tom.
1979 2233 2016 2272 tt
2048 2222 2100 2270 in
2133 2216 2316 2280 Joan.,
2353 2233 2497 2269 num.
2527 2216 2618 2278 25,
2649 2213 2866 2282 repetit.
2901 2209 3095 2263 Eadem
3141 2223 3350 2261 asseve—

1819 2310 2024 2364 rantius
2057 2307 2287 2362 inculcat
2327 2321 2444 2374 cap.
2483 2305 2537 2371 8,
2587 2304 2707 2360 libri
2740 2319 2754 2356 ι
2783 2302 2920 2368 Περὶ
2953 2299 3170 2368 ἀρχῶν,
3201 2307 3252 2353 et
3285 2298 3344 2351 li-

1819 2400 1898 2476 bri
1949 2414 2031 2464 ιιι,
2083 2411 2201 2464 cap.
2237 2397 2290 2459 1,
2327 2411 2471 2449 num.
2516 2395 2608 2447 20.
2643 2393 2931 2461 Postquam
2977 2392 3118 2445 enim
3166 2406 3350 2442 unum-

1820 2501 2084 2556 quemque
2119 2485 2273 2549 dixit,
2308 2493 2465 2552 prout
2512 2499 2632 2537 sese
2667 2483 2851 2552 gessit,
2881 2497 2911 2534 a
2939 2481 3045 2534 Deo
3079 2495 3171 2532 vas
3215 2477 3346 2532 elliei

1819 2569 1904 2633 vel
1932 2578 1996 2630 ad
2025 2576 2282 2630 honorem
2312 2571 2394 2626 vel
2426 2573 2490 2624 ad
2524 2569 2921 2635 contumeliam,
2958 2569 3134 2622 subdit
3178 2567 3350 2621 conti-

1822 2679 1926 2719 nuo
1959 2665 2152 2718 ibidem
2188 2676 2306 2730 pag.
2341 2659 2440 2714 154
2472 2673 2486 2708 :
2518 2675 2536 2708 ι
2561 2656 2708 2722 Quod
2745 2656 2944 2722 sijusta
2997 2657 3107 2707 haec
3145 2653 3352 2705 videtur

1822 2753 2067 2816 assertio,
2099 2753 2239 2807 sicut
2275 2760 2357 2804 est
2390 2758 2535 2804 certe
2559 2747 2723 2814 justa,
2758 2739 2953 2802 etcum
2981 2744 3123 2798 omni
3153 2744 3349 2810 pietate

1823 2845 2172 2906 concordans,
2208 2841 2284 2895 uti
2339 2855 2405 2894 ex
2461 2837 2886 2907 praecedentibus
2935 2833 3108 2889 causis
3159 2848 3349 2884 unum-

1823 2939 2070 3004 quodque
2097 2945 2190 2985 vas
2219 2929 2304 2984 vel
2333 2929 2399 2983 ad
2429 2928 2685 2981 honorem
2716 2941 2745 2978 a
2787 2926 2910 2988 Dco,
2948 2922 3026 2976 vel
3061 2923 3124 2973 ad
3166 2931 3344 2973 contu-

1825 3016 2036 3077 meliam
2075 3027 2404 3087 przeparetnr
2435 3032 2447 3068 :
2480 3031 2582 3071 non
2622 3014 2827 3066 videtur
2856 3013 3136 3064 absurdum
3165 3011 3347 3062 eodem
3381 3000 3384 3005 ⁴

1825 3113 2031 3175 ordine,
2067 3120 2224 3179 atque
2252 3107 2435 3162 eadem
2466 3102 2842 3170 consequentia
2874 3100 3222 3155 discutientes
3253 3113 3350 3151 nos

1824 3201 2150 3269 antiquiores
2175 3211 2384 3258 causas,
2412 3195 2595 3248 eadem
2627 3192 2782 3246 etiam
2835 3192 2900 3244 de
2941 3190 3234 3242 animarmn
3268 3203 3352 3240 ra-

1825 3293 1969 3345 tione
2008 3290 2229 3350 seutire,
2261 3287 2440 3340 ethoc
2470 3299 2589 3338 esse
2629 3284 2679 3335 in
2712 3296 2874 3335 causa
2901 3280 3039 3348 quod
3074 3278 3239 3333 πωροι)
3272 3277 3355 3331 di-

1824 3381 1991 3436 lectus
2027 3388 2108 3434 est
2161 3386 2444 3446 antequam
2501 3373 2624 3427 huic
2685 3371 2880 3424 mundo
2931 3379 3260 3430 nasceretur,
3301 3379 3355 3421 et

1825 3470 1962 3524 Esau
1989 3469 2108 3522 odio
2141 3467 2355 3520 habitus
2377 3471 2482 3523 est.
2509 3463 2630 3516 dum
2669 3462 2841 3514 adhuc
2875 3460 2927 3512 in
2959 3467 3143 3511 ventre
3169 3457 3384 3510 matris‘

1827 3559 2128 3613 haberetur.
2152 3575 2170 3608 ι
2205 3553 2638 3610 Dissertatiouem
2659 3551 2867 3603 demum
2890 3547 2960 3600 ita
2985 3546 3181 3599 claudit
3207 3557 3352 3598 num.

1825 3648 1888 3701 21
1923 3665 1939 3701 :
1975 3647 2086 3701 «Ex
2136 3660 2241 3715 quo
2289 3644 2572 3712 opinamur
2619 3639 2866 3708 quoniam
2920 3637 3135 3704 quidem
3182 3634 3356 3701 (sicut

1827 3738 2131 3806 frequenter
2158 3733 2405 3802 diximus)
2440 3729 2753 3784 immortalis
2795 3735 2876 3780 est
2911 3727 3086 3778 anima
3117 3732 3170 3776 et
3198 3731 3356 3776 mter-

1827 3842 1914 3892 na,
1946 3826 2083 3896 quod
2115 3825 2166 3878 in
2199 3823 2396 3883 multis,
2423 3830 2476 3874 et
2497 3821 2610 3873 sine
2638 3821 2740 3871 ﬁne
2765 3815 2950 3883 spatiis
2979 3828 3070 3882 per
3097 3812 3354 3864 immensa

1827 3925 1879 3970 et
1905 3916 2113 3969 diversa
2131 3912 2316 3967 saecula
2343 3909 2590 3980 possibile
2619 3917 2720 3966 est,
2751 3914 2806 3956 ut
2831 3903 2963 3957 vela
2992 3914 3197 3954 summo
3217 3901 3356 3950 bono
3388 3901 3391 3905 ’

1828 4007 1893 4058 ad
1921 4004 2102 4058 inﬁma
2137 4003 2272 4055 mala
2302 3999 2612 4060 descendat,
2638 4005 2690 4049 et
2719 3995 2786 4048 ab
2819 3993 3020 4046 ultimis
3051 3990 3114 4041 ad
3146 4001 3356 4041 summa

1828 4097 1968 4150 bona
2002 4100 2298 4162 reparetur.
2321 4108 2339 4140 ι
2382 4088 2529 4154 Quod
2563 4096 2738 4138 autem
2771 4094 2952 4136 contra
2982 4080 3172 4148 opponi
3204 4088 3356 4145 pote-

1831 4193 1913 4237 rat
1937 4198 2000 4236 ex
2038 4181 2182 4235 Pauli
2217 4179 2280 4233 ad
2313 4179 2578 4232 Romanos
2619 4189 2736 4241 cap.
2774 4189 2848 4236 tx,
2885 4174 3045 4223 Deunt
3078 4181 3143 4220 ex
3170 4166 3357 4220 eadem

1830 4287 2027 4336 massa,
2081 4272 2159 4325 sic
2206 4278 2456 4338 tanquam
2494 4265 2708 4334 ﬁgulum
2753 4275 2782 4316 e
2825 4261 2934 4313 luto
2977 4273 3099 4311 vasa
3142 4257 3244 4309 alia
3291 4255 3358 4307 ad

1831 4362 2086 4416 honorem
2125 4359 2342 4429 ﬁngere,
2373 4355 2474 4408 alia
2524 4355 2591 4406 ad
2626 4349 3022 4411 contumeliam,
3053 4347 3130 4400 sic
3157 4345 3360 4397 diluere

152 4487 335 4540 quam
396 4466 529 4521 boni
593 4458 800 4527 aliquid
853 4456 933 4508 vel
981 4456 1104 4512 mali
1139 4457 1190 4510 in
1249 4471 1306 4509 se
1336 4455 1726 4522 concepissent,
1759 4464 1802 4518 ι)
1831 4449 2123 4512 contendit,
2161 4445 2498 4500 rationalium
2534 4443 2832 4495 animarum
2867 4453 3023 4490 unam
3055 4452 3174 4490 esse
3212 4449 3360 4488 uatu-

155 4568 387 4616 meutes
423 4554 599 4610 fuisse
637 4547 827 4609 tradit;
860 4545 1050 4598 deinde
1083 4561 1206 4602 vero
1245 4545 1446 4598 scelere
1474 4545 1728 4608 admisso,

153 4651 388 4703 animas
441 4640 702 4698 evasisse.
765 4635 934 4690 Verba
981 4637 1089 4702 ipsa
1144 4633 1510 4700 producuntor
1543 4647 1556 4682 :
1595 4649 1612 4680 ι
1646 4629 1718 4684 Ex

154 4740 378 4810 quibus
432 4732 688 4788 omnibus
721 4726 850 4781 illud
887 4726 1096 4780 videtur
1143 4723 1373 4786 ostendi,
1401 4724 1544 4788 quod
1579 4737 1730 4776 mens

153 4834 234 4886 de
295 4837 450 4882 statu
488 4836 591 4876 suo
638 4834 703 4874 ac
751 4816 1012 4886 dignitate
1063 4814 1358 4874 declinans,
1398 4810 1585 4866 eﬁ'ecta
1647 4811 1732 4866 vel

154 4923 494 4983 nurteupata
540 4918 622 4965 est
664 4907 1021 4973 animazqute
1060 4904 1103 4956 si
1155 4908 1408 4969 reparata
1470 4897 1632 4953 fuerit
1678 4909 1733 4953 et

152 5015 450 5066 correcta,
491 5002 631 5056 redit
665 5000 718 5052 in
753 5000 854 5052 hoc
879 5004 934 5050 ut
966 4996 1033 5049 sit
1061 5009 1230 5049 mens.
1257 4991 1405 5055 Quod
1436 4990 1478 5042 si
1517 4991 1586 5041 ita
1620 4997 1731 5053 est,

158 5101 440 5152 decessus
473 5092 590 5159 ipse
619 5087 811 5141 mentis
833 5101 896 5138 ac
926 5082 1185 5136 devolutio
1212 5079 1419 5132 videtur
1442 5077 1568 5129 mihi
1589 5078 1729 5144 quod

159 5204 286 5242 untt
342 5180 574 5249 aequalis
625 5176 860 5232 omnium
912 5171 1216 5227 sentiendus
1255 5168 1344 5226 sit,
1378 5167 1468 5218 sed
1497 5165 1581 5217 Vel
1617 5166 1734 5234 plus

157 5277 264 5330 Vel
326 5275 514 5328 minus
570 5267 622 5320 iu
683 5265 912 5317 animam
967 5261 1120 5326 verti,
1153 5269 1206 5311 ct
1255 5257 1466 5322 aliquas
1519 5255 1733 5320 quidem

157 5374 397 5422 mentes
450 5371 674 5413 servare
718 5353 914 5422 aliquid
955 5351 1113 5404 etiam
1141 5347 1330 5417 prioris
1363 5342 1594 5409 vigoris;
1631 5344 1731 5397 ali-

250 5517 306 5552 ⁸⁶
329 5515 538 5571 Jerem.
574 5525 612 5573 t,
640 5507 692 5560 5.
761 5505 802 5537 "
837 5504 984 5556 Rom.
1017 5515 1090 5561 tx,
1129 5497 1212 5550 20.

285 5635 377 5689 57l
412 5629 552 5682 Huic
609 5638 806 5692 quoque
863 5616 1133 5692 conditioni
1188 5612 1412 5692 animum
1470 5609 1728 5692 obligari!

156 5677 389 5764 ch‘riai'i
420 5739 437 5761 ,
475 5677 685 5760 eamq'ue
721 5677 826 5756 ἰνιό
871 5688 1062 5739 summa
1111 5700 1196 5733 tuo
1248 5681 1487 5730 adrersus
1555 5677 1726 5730 Deum

1836 4556 1970 4602 ram,
2005 4553 2123 4609 qua:
2170 4538 2277 4590 Deo
2315 4549 2417 4587 non
2467 4545 2624 4586 secus
2661 4529 2931 4597 subjaceat
2964 4541 3025 4579 ac
3057 4525 3150 4578 luti
3184 4537 3358 4576 massa

1835 4627 2010 4696 ﬁgulo,
2045 4635 2203 4694 atque
2234 4623 2354 4676 inde
2384 4621 2514 4673 varii
2553 4621 2762 4687 generis
2793 4631 2913 4669 vasa
2947 4614 3200 4683 depromi.
3227 4613 3359 4666 Pau-

1835 4717 1992 4769 linam
2027 4713 2271 4766 similiter
2308 4709 2758 4773 iucrepationem:
2787 4722 2809 4755 v
2834 4703 2877 4758 0
2916 4705 3095 4764 homo,
3148 4710 3200 4752 tu
3241 4698 3360 4766 quis

1833 4820 1913 4869 es,
1939 4804 2027 4873 qui
2053 4811 2242 4856 contra
2279 4799 2599 4865 respondeas
2647 4797 2751 4848 Deo
2771 4794 2854 4847 ἐν
2881 4812 2900 4844 ι
2949 4793 3014 4845 ad
3043 4792 3236 4858 impios
3269 4789 3359 4842 tle-

1835 4895 1996 4955 rivat,
2028 4892 2118 4958 qui
2163 4905 2264 4942 non
2299 4887 2556 4948 discendi,
2585 4888 2675 4939 sed
2719 4883 2992 4937 resistendi
3039 4895 3201 4934 causa
3252 4877 3360 4930 Deo

1755 4979 1758 4982 ’
1831 4983 2042 5049 obloqui
2090 4980 2304 5040 audent,
2350 4986 2404 5030 et
2449 4986 2725 5045 postquam
2784 4969 3111 5026 facinoribus
3154 4968 3264 5022 suis
3295 4979 3358 5018 ac

1831 5072 2050 5140 perﬁdia
2083 5071 2173 5123 Dei
2207 5068 2502 5135 alloquendi
2550 5065 2738 5119 ﬁducia
2775 5077 2836 5115 ac
2867 5062 2987 5130 jure
3026 5058 3353 5140 exciderunt,

1834 5139 2022 5215 merito
2055 5159 2122 5212 iis
2158 5157 2314 5223 objici
2345 5157 2529 5209 debeat
2556 5171 2569 5206 :
2605 5171 2621 5203 t
2645 5151 2689 5206 0
2718 5151 2899 5211 homo,
2927 5158 2979 5199 tu
3021 5146 3137 5212 quis
3161 5156 3239 5195 es,
3267 5139 3355 5202 qui

1835 5260 2022 5305 contra
2055 5247 2372 5315 respondeas
2403 5245 2507 5297 Deo
2528 5243 2550 5296 ’ἒ
2575 5261 2592 5292 ι
2636 5239 2851 5295 Sanctis
2898 5248 3023 5289 vero
3056 5224 3358 5315 hominibus

1838 5339 2068 5398 adeundi
2110 5309 2162 5393 et
2201 5334 2502 5404 alloquendi
2545 5332 2658 5396 Dei,
2694 5330 2972 5394 eidemque
3009 5309 3358 5384 respondendi

1837 5623 2031 5668 “more.
2065 5611 2166 5657 etc.
2207 5601 2336 5656 Vide
2367 5615 2523 5668 supra
2561 5587 3039 5668 animadversiones
3069 5581 3282 5627 nostras
3304 5571 3364 5626 in

1836 5663 2028 5744 quasi.
2055 5675 2107 5741 5,
2139 5672 2208 5726 De
2242 5663 2470 5734 Christo,
2503 5681 2647 5720 num.
2683 5663 2735 5714 6.
