3894 6424
518 423 620 477 899

1715 409 1776 464 P.
1817 408 2126 463 DANIELIS
2157 408 2391 464 HUETII

3689 416 3790 467 9N!

517 513 720 602 copiam
763 543 971 596 semper
1015 526 1128 579 ﬁeri
1173 526 1302 588 vult,
1338 525 1512 596 qualis
1553 526 1677 580 olim
1708 527 1877 600 Moysi
1912 528 2050 580 facta
2079 533 2122 586 Α
2153 528 2340 579 minari
2372 528 2533 590 dicat,
2566 527 2796 580 minime
2832 511 3032 581 tamen
3069 529 3224 581 satio
3262 527 3364 579 illa
3406 542 3536 594 qum
3586 543 3790 596 patrum

513 633 614 677 est.
648 622 814 684 Quam
847 620 1014 682 ipsam
1046 617 1541 685 interpretatioaem
1575 631 1694 670 cum
1717 617 2050 683 prteeedente

513 714 576 764 de
607 707 786 761 Jacobi
833 707 1031 770 anima,
1065 715 1119 758 et
1152 707 1294 760 vasis
1331 707 1395 760 ad
1445 707 1824 760 contumeliam
1875 707 2049 759 Itono-

513 811 690 849 remve
716 795 995 847 destinatis
1036 794 1392 862 disputatione
1433 811 1645 848 rursum
1697 795 1912 850 adlttbel
1953 796 2047 850 lib.

510 901 583 939 vit
630 887 682 938 in
727 884 897 949 Epist.
940 887 1008 937 ad
1049 885 1224 948 Rom.,
1275 901 1418 938 num.
1475 886 1572 950 ΓΙ,
1613 887 1736 938 dum
1778 888 1878 940 hoc
1911 888 2048 941 idem

507 986 667 1042 caput
708 975 1109 1028 Commentariis
1146 977 1258 1030 suis
1312 977 1586 1044 explanat.
1623 977 1786 1032 Vante
1839 977 2048 1032 scilicet

506 1075 560 1118 et
582 1065 784 1118 frivola:
805 1065 854 1116 itt
884 1081 939 1118 re
961 1074 1142 1133 aperta
1175 1065 1564 1128 cavillationes,
1599 1075 1650 1120 et
1684 1068 1793 1121 acri
1818 1083 2043 1121 censura

505 1171 567 1206 ac
625 1155 976 1222 castigatione
1035 1155 1226 1224 dignae.
1261 1154 1414 1209 ‘lluie
1449 1156 1818 1210 conﬁrmando
1871 1159 2042 1210 errori

505 1243 662 1296 allata
709 1245 953 1310 superius
1007 1245 1248 1312 exempla
1297 1244 1515 1298 Joannis
1549 1247 1599 1298 in
1660 1248 1847 1300 matris
1895 1257 2045 1300 utero

503 1332 843 1396 exsultantis,
881 1343 935 1386 et
974 1331 1222 1385 Jeremize
1247 1335 1621 1401 antequatn‘in
1657 1345 1895 1388 materna
1925 1337 2044 1388 alvo

507 1424 852 1485 formaretur,
883 1439 945 1475 ex
991 1437 1160 1491 eaque
1187 1423 1444 1490 prodiret,
1477 1422 1582 1476 Deo
1611 1426 1748 1486 noti,
1784 1425 1851 1477 al)
1875 1439 2044 1492 eoque

501 1514 816 1580 sanctiﬁcati
856 1515 1050 1582 repetit
1097 1514 1286 1567 iterum
1341 1529 1457 1583 cap.
1495 1516 1527 1568 5
1556 1514 1673 1567 libri
1729 1516 1868 1568 tertii
1905 1515 2045 1583 Περὶ

501 1601 719 1670 ἀρχῶν,
748 1619 891 1655 num.
924 1603 975 1664 5,
1012 1603 1226 1671 aliaque
1269 1604 1509 1672 congerit
1549 1604 1710 1672 petita
1749 1619 1814 1657 ex
1862 1604 1928 1657 iis
1961 1621 2043 1656 ar-

501 1703 770 1759 gumenta,
799 1694 888 1761 qui
921 1708 947 1745 a
980 1693 1304 1747 d:emonibus
1342 1695 1518 1746 statim
1576 1695 1643 1748 ab
1690 1703 1808 1746 ortu
1853 1709 2038 1748 corre-

501 1785 598 1849 pti,
636 1785 712 1838 vel
745 1800 773 1836 a
807 1784 1031 1851 pueritia
1067 1785 1338 1837 divinandi
1369 1784 1622 1837 facultate
1647 1785 1853 1852 prtediti
1886 1796 2034 1850 sunt;

498 1889 724 1941 quorum
770 1889 874 1926 non
927 1874 1085 1926 aliam
1126 1889 1246 1926 esse
1281 1889 1493 1926 causam
1530 1875 1841 1936 'existitnat,
1878 1889 2034 1942 quam

500 1979 586 2018 res
617 1963 741 2016 olim
782 1966 848 2017 ab
876 1965 941 2017 iis
967 1974 1166 2032 gestas,
1199 1975 1482 2032 antequam
1510 1979 1736 2031 corpora
1769 1964 2036 2026 subirent;

497 2055 704 2108 arbitrii
756 2055 951 2122 quippe
1006 2056 1085 2106 sui
1129 2054 1381 2106 libertate
1430 2053 1502 2104 uti
1539 2068 1750 2121 semper
1775 2055 2037 2117 animam,

495 2145 608 2198 sive
640 2155 788 2197 extra
829 2159 1045 2211 corpus,
1088 2143 1200 2196 sive
1244 2143 1454 2210 corpori
1490 2144 1738 2210 adjuncta
1773 2145 1863 2198 sit.
1894 2145 2036 2198 Idem

494 2245 688 2286 sonant
738 2233 849 2286 loca
894 2248 924 2286 a
968 2232 1270 2286 Jttstiniano
1316 2231 1566 2293 collecta,
1597 2241 1650 2285 et
1679 2235 1922 2301 epistolae
1967 2235 2036 2288 ad

497 2320 700 2373 Menam
756 2322 1014 2389 subjecta.
1066 2321 1357 2376 Nonnullas
1408 2337 1533 2373 vero
1583 2323 1793 2376 animas
1843 2336 2036 2392 sponte

494 2409 666 2462 delabi
693 2411 744 2462 in
778 2419 966 2475 terras,
1005 2423 1059 2464 et
1093 2413 1447 2480 exsequendis
1495 2411 1589 2464 Dei
1631 2412 1869 2467 consiliis
1903 2429 2031 2482 epe-

494 2513 604 2550 ram
647 2513 795 2550 suam
837 2514 1030 2551 navare
1063 2501 1196 2552 velle
1227 2503 1452 2552 somniat
1484 2511 1611 2554 tom.
1643 2517 1708 2553 xv
1731 2503 1781 2553 in
1819 2501 2029 2568 Matt/1.,

492 2601 637 2638 num.
665 2587 771 2640 δότ
818 2589 956 2655 Ἐγὼ
996 2589 1052 2640 δὲ
1099 2589 1306 2642 ὑπονοῶ
1345 2592 1433 2643 τὸν
1475 2592 1600 2660 περὶ
1645 2593 1821 2661 ψυχῆς
1859 2594 2029 2663 ἀπόρ-

492 2677 651 2744 ρητον
679 2678 770 2730 καὶ
801 2679 858 2730 ὲν
894 2679 1099 2741 τούτοις
1138 2679 1437 2748 κεκρύφθαι
1492 2680 1668 2748 λόγον,
1702 2683 1790 2734 ὅτε
1829 2683 2028 2754 ἤργουν

488 2765 616 2836 ὅλην
659 2769 754 2840 τὴν
796 2771 1002 2840 ἡμέραν
1043 2771 1204 2841 μέχρι
1243 2772 1341 2840 τῆς
1392 2773 1678 2843 ἑνδεκάτης
1719 2773 1895 2844 ὧρας·
1936 2774 2024 2826 θέ-

489 2858 668 2922 λοντες
704 2862 798 2930 μὲν
823 2861 1174 2932 ἐργάσασθαι,
1214 2864 1274 2914 ού
1297 2862 1834 2934 παραλαμϐανόμενοι
1855 2865 1910 2916 δὲ
1945 2866 2024 2928 είς

487 2949 578 3001 τὸν
610 2950 900 3020 ἀμπελῶνα
935 2954 982 3004 οί
1016 2952 1424 3023 τεθαρρηκότως
1465 2952 1901 3022 ἀπολογούμενοι,
1931 2953 2022 3005 καὶ

489 3039 767 3108 λέγοντεςο
809 3042 992 3104 Οὐδεὶς
1026 3044 1169 3112 ἡμᾶς
1202 3041 1558 3112 ἐμισθώσατο.
1601 3043 1669 3095 At
1714 3043 1854 3096 enim
1900 3042 2019 3095 Ori-

2154 614 2455 669 ministerio
2480 618 2784 683 perﬁcitur,
2829 617 2917 668 vel
2952 630 3309 679 corporeum
3363 630 3564 668 semen
3596 619 3762 672 intelli

2149 695 2374 776 gendum
2411 720 2532 757 esse
2575 706 2822 765 videtur,
2849 707 2953 758 sed
2989 705 3152 756 satio
3185 704 3299 755 alia
3332 705 3609 773 mystica,
3650 716 3700 758 et
3726 723 3799 760 εει-

2149 792 2264 847 titen
2296 793 2667 864 πνευματικὸν
2696 806 2753 848 et
2794 795 3032 863 νοητὸν,
3063 792 3236 859 cuius
3271 803 3482 846 auctor
3517 795 3635 863 ipse
3668 795 3753 848 De.
3777 815 3796 848 ι

2147 885 2228 936 e'st
2256 901 2270 936 :
2296 899 2482 936 serere
2507 885 2654 936 enim
2704 885 2934 937 animas
2977 882 3099 935 dici
3139 891 3360 950 potest,
3401 894 3690 950 quatenus
3716 904 3797 940 ea.

2149 975 2198 1027 in
2227 977 2375 1027 varia
2404 990 2638 1044 corpora
2685 976 2850 1043 juxta
2886 973 3174 1042 Origenis
3229 974 3594 1028 sententiam
3626 977 3772 1032 distri

2147 1056 2258 1130 buit
2291 1083 2304 1118 :
2343 1073 2472 1118 tunc
2516 1075 2702 1117 autem
2737 1073 2937 1118 certas
2991 1063 3202 1116 iisdem
3234 1079 3344 1132 pro
3380 1067 3613 1118 meritis
3637 1069 3800 1135 quali-

2147 1165 2284 1210 tates
2311 1157 2474 1210 inseri
2512 1157 2728 1224 putavit
2764 1155 3192 1216 Adamantius,
3222 1169 3446 1221 easque
3475 1156 3608 1223 quia
3642 1161 3796 1210 smni-

2146 1247 2340 1298 n'antur
2369 1247 2423 1299 in
2463 1247 2688 1306 animis.
2731 1256 2850 1297 tttm
2900 1260 3039 1298 cum
3096 1246 3220 1313 ipsa
3257 1246 3593 1298 animarum
3644 1250 3796 1300 admi-

2143 1333 2407 1387 nistratur
2434 1336 2595 1396 satio,
2641 1335 3033 1403 spermaticas
3066 1335 3262 1386 dixit:
3300 1348 3439 1401 qua:
3490 1335 3539 1387 si
3575 1337 3797 1402 qualita-

2145 1432 2288 1488 tum,
2316 1425 2508 1476 anima:
2539 1423 2871 1489 Abraltami,
2920 1423 3017 1476 vel
3047 1423 3199 1490 justi
3231 1423 3485 1478 alterius
3519 1427 3623 1477 viri
3668 1428 3797 1494 inge-

2143 1515 2378 1567 nitarum
2402 1513 2611 1567 similes
2650 1514 2865 1578 sint,et
2904 1513 3235 1582 diligenter
3271 1514 3650 1578 excolantur,
3679 1516 3800 1567 ﬁlios

2144 1619 2241 1657 nos
2275 1605 2523 1665 Abrahae,
2557 1604 2641 1656 vel
2661 1605 2764 1657 viri
2806 1603 3059 1656 alterius
3085 1602 3232 1668 justi
3269 1602 3557 1667 efﬁcient,
3592 1607 3799 1675 mystico

2144 1694 2376 1760 quodam
2427 1703 2481 1746 et
2527 1693 2764 1758 spiritali
2821 1695 3023 1746 modo.
3082 1692 3461 1747 Germanum
3509 1696 3660 1748 hunc
3697 1711 3798 1749 esse

2140 1783 2398 1850 Origenis
2427 1798 2652 1837 sensum
2690 1799 2759 1837 ex
2789 1785 2976 1836 totius
3035 1784 3150 1838 loci
3191 1793 3428 1837 attenta
3463 1783 3703 1861 lectione
3728 1789 3792 1838 iti-

2145 1871 2424 1939 telligitnr,
2457 1872 2550 1924 sed
2595 1886 2663 1925 ex
2698 1886 2767 1925 eo
2825 1873 3200 1940 praesertim,
3258 1874 3428 1941 quod
3487 1874 3795 1942 qualitatum

2141 1958 2352 2014 illarum
2381 1961 2590 2014 variam
2635 1976 2704 2014 ac
2752 1961 3106 2028 inaequalem
3144 1962 3652 2031 dispensationem
3681 1983 3793 2020 can-

2138 2066 2227 2104 sas
2269 2060 2444 2103 ortum
2487 2052 2871 2116 prmcedentes
2940 2051 3175 2106 habere
3242 2054 3429 2110 dixit.
3489 2055 3626 2108 Inde
3671 2058 3794 2108 enim

2136 2141 2406 2210 colligitur
2441 2143 2756 2193 animarum
2793 2142 3189 2213 προΰπαρξις
3242 2157 3390 2210 qua:
3434 2161 3566 2198 cum
3610 2147 3796 2199 anima-

2136 2247 2252 2284 rum
2303 2232 2696 2299 propagatione
2743 2246 2815 2284 ex
2879 2233 3137 2286 traduce
3211 2244 3384 2288 stare
3446 2250 3564 2288 non
3618 2247 3791 2304 potest.

2135 2322 2248 2375 llue
2278 2321 2414 2374 adde
2460 2322 2789 2388 frequentes
2832 2321 3123 2390 Origonis
3156 2325 3494 2379 adversum
3534 2325 3668 2380 lianc
3691 2344 3791 2381 seu-

2135 2408 2358 2460 tentiam
2392 2422 2682 2472 excursus,
2710 2425 2958 2476 quorum
2994 2413 3046 2465 si
3086 2429 3234 2464 enni
3271 2413 3404 2479 jam
3437 2417 3692 2483 ptettitet,
3726 2420 3790 2469 ni-

2132 2489 2251 2549 ntiae
2301 2497 2489 2563 utique
2539 2497 2978 2562 ineonstantim,
3047 2510 3114 2552 et
3172 2509 3353 2554 tanto
3403 2505 3535 2556 viro
3585 2504 3791 2573 indigum

2129 2599 2252 2637 reus
2297 2585 2480 2637 fuerit.
2525 2585 2930 2655 Suffragantur
2981 2591 3133 2643 ltuic
3175 2593 3550 2658 expositioni
3598 2595 3791 2661 qutele-

2127 2677 2300 2744 gitnus
2333 2685 2461 2727 tom.
2499 2691 2596 2729 xttt
2644 2678 2698 2729 in
2731 2678 2930 2742 Joan.,
2970 2697 3147 2734 num.
3185 2682 3270 2735 45
3309 2683 3438 2736 εΤὸ
3474 2684 3536 2738 δὲ
3565 2685 3668 2738 ἀπὸ
3701 2687 3790 2739 τῶν

2123 2765 2349 2833 ψαλμῶν
2382 2764 2529 2817 δοκεῖ
2553 2783 2644 2834 μοι
2666 2766 2867 2837 δηλοῦν
2892 2769 3039 2840 περὶ
3061 2770 3185 2840 τῆς
3212 2773 3479 2826 καθόλου
3523 2777 3631 2828 τῶν
3658 2778 3791 2845 εὐγε-

2121 2855 2384 2924 νεστέρων
2404 2855 2595 2925 ψυχῶν
2629 2861 3138 2929 παραγενομένων
3177 2865 3277 2927 εἰς
3320 2866 3424 2919 τὸν
3450 2866 3570 2936 βίον
3605 2868 3786 2924 τοῦτον.

2123 2946 2258 3014 μετὰ
2280 2947 2386 2998 τῶν
2412 2949 2702 3018 σωτηρίων
2733 2953 3130 3021 σπερμάτων,
3182 2957 3299 3009 καὶ
3347 2962 3786 3031 παραγενομένων

2117 3051 2200 3100 γε,
2222 3036 2381 3088 οἱονεὶ
2410 3037 2687 3100 ἀκουσίως
2731 3040 2878 3108 μετὰ
2925 3047 3320 3114 στεναγμοῦ,
3352 3049 3785 3122 ὲπανερχομὲνιιιν

488 3146 650 3197 geues
678 3141 804 3184 tom.
841 3149 906 3184 xx
940 3133 988 3185 in
1024 3131 1184 3186 Joau.
1235 3132 1489 3185 nonnulla
1536 3133 1692 3186 habet
1731 3147 1849 3200 qua:
1901 3147 2018 3184 cum

2189 3124 2245 3173 ὲν
2277 3124 2619 3190 ἀγαλλιάσει,
2643 3127 2733 3179 διὰ
2774 3128 2836 3180 τὸ
2870 3129 3077 3193 καλῶς
3132 3121 3585 3209 γεωργηκέναι,
3610 3143 3786 3209 καὶηὺη

487 3223 760 3290 superiore
789 3223 904 3290 ejus
955 3223 1020 3276 de
1060 3223 1234 3275 anima
1279 3223 1530 3289 opinione
1558 3238 1742 3289 parum
1773 3223 2023 3275 videntur

485 3313 809 3374 consentire,
858 3315 1148 3380 qualitates
1198 3328 1386 3379 nempe
1433 3313 1618 3366 nescio
1657 3327 1792 3380 quas
1833 3310 2025 3363 animis

488 3401 708 3467 ingigni,
740 3402 922 3467 quales
953 3403 1272 3469 corporibus
1299 3402 1663 3469 ingignuntur.
1690 3401 1883 3453 Demus
1911 3401 2024 3466 ipsa

485 3490 642 3540 verba
672 3503 736 3540 ex
764 3504 906 3540 num.
933 3490 1003 3542 ἓξ
1041 3491 1191 3541 Ἐπεὶ
1223 3490 1278 3541 δὲ
1323 3489 1428 3540 ἀπὸ
1459 3489 1618 3559 ἡθους
1650 3490 1889 3559 κρίνεται
1929 3489 2023 3540 καὶ

483 3566 657 3644 ἔργων
697 3575 765 3628 τὰ
805 3576 968 3629 τέκνα
1019 3579 1110 3629 τοῦ
1153 3577 1416 3647 Ἀϐραὰμ,
1470 3579 1674 3647 μήποτε
1721 3577 1828 3630 ἀπό
1865 3595 2022 3629 τινων

483 3665 864 3734 σπερματικῶν
903 3666 1074 3733 λόγων
1119 3667 1701 3737 συγκαταϐαλλομένων
1742 3669 1902 3730 τισὶν,
1947 3669 2022 3730 ὡς

481 3749 650 3824 οἶμαι,
670 3755 880 3824 ψυχαῖς,
907 3757 986 3809 δεῖ
1009 3757 1423 3827 χαρακτηρίζειν
1451 3760 1576 3820 τοὺς
1615 3758 1771 3821 ὄντας
1803 3759 2020 3828 σπέρμα

479 3844 572 3906 τοῦ
615 3844 888 3915 Ἀϐραάμ’
926 3847 1018 3900 καὶ
1046 3847 1222 3918 εἴπερ,
1250 3847 1322 3908 ὼς
1355 3847 1491 3899 κατὰ
1527 3849 1590 3899 τὸ
1612 3849 1935 3916 σωματικὸν,
1959 3851 2018 3900 ού

480 3937 676 4004 πάντες
717 3936 984 4006 ἄνθρωποι
1025 3935 1241 4007 σπέρμα
1291 3937 1396 3988 εἰσὶ
1437 3936 1530 3989 τοῦ
1577 3938 1840 4008 Ἀϐραὰμ,
1881 3939 2020 3992 οὕτω

477 4027 616 4088 κατὰ
643 4027 709 4079 τὰ
745 4026 836 4078 νύν
862 4027 1212 4096 ἀποδιδόμενα
1244 4028 1364 4097 περὶ
1380 4026 1491 4090 τού,
1515 4027 1654 4090 τίνες
1675 4029 1777 4079 εἰσὶ
1801 4029 2018 4099 σπέρμα

476 4113 569 4187 τοῦ
617 4114 884 4184 Ἀϐραὰμ,
933 4114 1086 4183 δῆλον
1127 4115 1206 4167 ὅτι
1241 4115 1298 4166 ού
1345 4116 1539 4177 πάντες
1577 4116 1844 4184 ἄνθρωποι
1887 4116 2021 4186 μετὰ

479 4205 650 4274 πάντη
688 4205 1068 4275 σπερματικῶν
1119 4205 1290 4272 λόγων
1333 4207 1439 4257 τῶν
1497 4207 2016 4276 ὲγκατασπαρέντων

477 4293 652 4346 αὐτῶν
683 4297 798 4354 ταῖς
822 4295 1012 4363 ψυχαῖς
1039 4293 1116 4363 τῷ
1161 4293 1258 4364 βίῳ
1299 4295 1403 4346 τῶν
1432 4294 1729 4361 ἀνθρώπων
1765 4297 2016 4368 ἐπιδεδη-

480 4381 703 4450 μὴκασν
740 4394 795 4436 et
843 4387 1033 4438 deinde
1063 4405 1074 4418 -
1105 4385 1176 4436 Ού
1205 4385 1401 4447 πάντες
1443 4380 1534 4437 οὖν
1570 4387 1704 4437 εἰσιν
1743 4387 2014 4456 ἅνθρωποι

2125 3210 2364 3282 ξηκὲναι,
2399 3216 2494 3268 καὶ
2525 3217 2999 3289 πεπληθυγκέναι
3055 3225 3143 3278 τὰ
3202 3231 3557 3300 σπέρματα,
3593 3232 3702 3303 μεθ’
3724 3227 3783 3286 ὧν

2121 3303 2429 3372 ἐληλύθασι.

2197 3391 2262 3444 V.
2304 3395 2616 3449 lusdtutam
2661 3413 2832 3467 porro
2864 3401 2921 3452 in
2961 3403 3191 3459 animo
3231 3411 3579 3478 opinionem
3630 3428 3780 3482 perse-

2125 3497 2294 3552 quens
2325 3482 2615 3548 Origenes,
2665 3489 2734 3541 ad
2761 3491 3077 3558 superiora
3122 3497 3282 3552 illud
3324 3518 3564 3571 quoque
3591 3504 3775 3570 adjecit,

2121 3582 2324 3625 mentes
2365 3573 2418 3625 itt
2458 3575 2615 3641 pejus
2656 3578 2923 3648 delapsas
2985 3585 3240 3643 idcirco
3287 3591 3489 3662 ψυχάς
3526 3595 3686 3649 fuisse
3723 3598 3778 3648 di-

2120 3673 2254 3726 clas,
2278 3665 2420 3730 quod
2451 3667 2696 3734 ipsarum
2732 3674 2970 3738 pietatis
3019 3688 3084 3731 et
3123 3682 3459 3741 eharitatis
3508 3689 3684 3743 fervor
3709 3705 3772 3742 τε-

2121 3752 2349 3850 frixcrit.
2385 3755 2837 3850 llreckltabentur
2872 3765 2980 3819 lib.
3020 3784 3064 3823 ll
3107 3775 3280 3842 Περὶ
3318 3778 3566 3847 ἀρχῶν,
3599 3796 3706 3850 cap.
3732 3779 3772 3835 8.

2120 3858 2264 3939 nunt.
2297 3845 2350 3906 5,
2382 3847 2473 3899 ubi
2519 3848 2692 3903 Deum
2734 3851 2930 3921 ignem
2963 3873 3112 3914 esse
3154 3867 3368 3933 docet,
3410 3845 3613 3939 igneos
3641 3845 3774 3937 augt--

2119 3932 2220 4030 los,
2256 3936 2522 4030 nobisque
2575 3939 2710 4006 ipsis
2763 3945 2982 4009 spiritu
3049 3963 3124 4004 ut
3175 3932 3530 4013 ferveamuus
3562 3932 3771 4030 praecipis

2191 4024 2348 4076 tnodo
2375 4022 2486 4078 Deo
2521 4027 2746 4094 placere
2778 4035 3041 4093 velimus
3078 4059 3096 4096 :
3133 4045 3367 4116 impios
3419 4021 3632 4118 autent,
3662 4021 3775 4121 frigi-

2119 4111 2301 4206 dos
2332 4129 2451 4206 esse
2498 4127 2555 4170 et
2589 4119 2734 4187 dici;
2795 4123 3114 4186 diabolum
3183 4111 3391 4206 ipsum
3450 4111 3682 4198 dracone
3720 4111 3769 4196 ξω

2117 4203 2430 4270 signiﬁcari,
2475 4207 2568 4273 qui
2612 4209 2668 4262 in
2719 4217 2861 4267 mari
2923 4203 3224 4289 regnare
3260 4233 3510 4287 dit-itur.
3546 4235 3676 4290 'l'utu
3717 4235 3768 4288 ita

2119 4290 2384 4395 θδηξ⁵¹¹¹δί⁸
2417 4309 2431 4345 ³
2466 4313 2484 4344 ί
2513 4295 2744 4395 δί-θτὲθ
2775 4319 2841 4358 ea
2876 4321 3021 4376 qua:
3063 4329 3294 4374 saneta
3337 4337 3501 4392 sunt,
3539 4339 3593 4381 et
3630 4326 3767 4395 ignis,

2119 4391 2174 4435 et
2223 4381 2425 4446 lumen,
2477 4395 2530 4437 et
2583 4387 2867 4446 ferventia
2917 4406 3381 4478 nominantur;
3443 4381 3572 4485 quze
3622 4381 3767 4470 autem

474 4471 691 4540 σπέρμα
723 4473 814 4524 τοῦ
858 4473 1122 4544 ’Λϐραὰμ,
1159 4475 1278 4526 οὐδὲ
1322 4474 1428 4543 γὰρ
1461 4473 1641 4544 ἔχουσι
1666 4477 1788 4538 τοὺς
1827 4453 2013 4544 λόγους

2175 4472 2385 4565 intraria
2440 4484 2568 4528 sunt
2590 4478 2839 4573 frigida,
2877 4497 2941 4540 et
2990 4495 3289 4555 Charitas
3330 4453 3574 4573 p’eceaw
3604 4509 3771 4560 dicitur

475 4565 1050 4632 συγκατεσπαρμένους
1072 4565 1243 4618 αὐτῶν
1280 4570 1396 4629 ταῖς
1423 4566 1636 4632 ψυχαῖς,
1657 4569 1749 4619 καὶ
1789 4569 2013 4639 δυναμέ-

471 4665 615 4712 νους,
642 4651 689 4706 ει
713 4652 1087 4719 γεωργηθεῖεν,
1140 4654 1358 4723 ποιῆσαι
1390 4655 1549 4706 τέκνα
1594 4655 1686 4707 τοῦ
1740 4655 2006 4726 Ἀϐραάμ.

473 4740 600 4794 Item
635 4739 687 4791 itt
724 4740 912 4806 psaltu.
951 4757 1037 4805 xv,
1085 4743 1138 4803 7,
1183 4759 1213 4796 e
1258 4744 1470 4797 Catenis
1523 4745 1724 4806 Regiis,
1761 4762 1812 4814 p.
1853 4747 1956 4799 599
1991 4762 2006 4799 :

474 4827 588 4894 Κᾶν
606 4831 672 4896 τῇ
705 4829 845 4897 ψυχῇ
871 4829 1042 4882 τοίνυν
1080 4831 1193 4883 ἐστὶ
1213 4833 1456 4902 νοήματα
1488 4851 1604 4885 τινα
1619 4837 1730 4896 τοῖς
1754 4837 2004 4906 σπέρμα-

473 4935 554 4971 σιν
577 4916 832 4983 ἁνάλογα,
862 4917 980 4968 καθ’
1001 4917 1036 4970 δι
1054 4919 1122 4970 τὰ
1146 4920 1287 4972 ἔνδον
1323 4923 1626 4992 γεννήματα
1676 4927 1732 4977 ὲν
1777 4925 2007 4992 ἀγαθαῖς

471 5008 716 5082 πράξεσι,
754 5007 844 5059 καὶ
899 5006 1146 5074 θεωρίαις
1198 5010 1499 5079 ἀληθιναῖς.
1535 5014 1831 5078 Qualilates
1892 5017 2009 5071 illas

468 5096 843 5170 σπερματικὰς
867 5095 1056 5148 animis
1098 5097 1360 5164 ingenitas
1387 5103 1512 5168 quid
1546 5103 1683 5155 aliud
1705 5119 1823 5156 esse
1861 5107 2007 5158 dica-

468 5205 607 5253 mus,
638 5202 797 5256 quam
823 5185 1104 5254 qualitates
1133 5201 1252 5238 cum
1291 5190 1493 5242 semine
1525 5193 1832 5245 traductas?
1855 5193 2003 5258 Quod

465 5282 510 5340 si
548 5281 599 5333 itt
628 5279 836 5332 animos
873 5276 1183 5329 traducatur
1211 5275 1408 5342 aliquid
1443 5292 1562 5328 cum
1603 5281 1808 5332 semine
1839 5291 1890 5334 et
1924 5282 2005 5332 itt-

465 5370 728 5438 gignatur,
765 5369 872 5420 imo
913 5367 958 5420 si
1013 5381 1131 5418 cum
1169 5351 1359 5416 animis
1407 5365 1537 5433 ipsis
1581 5371 1878 5420 seminatur
1904 5371 2003 5422 ali-

462 5461 611 5525 quid,
639 5455 1290 5526 συγκατασπείρεταιταῖς
1313 5452 1524 5522 ψυχαῖς,
1547 5458 1872 5510 seminantur
1895 5461 2000 5512 uti-

462 5562 564 5612 que
593 5549 718 5613 ipsa:
747 5551 957 5609 anitum.
983 5558 1038 5600 et
1064 5562 1128 5598 ex
1159 5545 1375 5604 traduce
1399 5555 1774 5612 propagantur.
1807 5545 1999 5600 Verum

465 5636 616 5688 aliter
647 5639 950 5706 accipienda
1000 5648 1127 5705 puto
1155 5635 1258 5690 uilla
1285 5632 1564 5702 Origenis;
1609 5635 1809 5686 animas
1858 5637 1998 5688 enim

467 5719 585 5775 licet
621 5726 932 5792 quibusdam
960 5729 1134 5796 λόγοις
1170 5725 1554 5795 σπερματικοῖς
1598 5722 1883 5778 ἰιιτ·1ι“ιι(ἰῑιιε
1917 5742 1997 5780 se-

2112 4557 2420 4626 frigescerc,
2442 4565 2854 4653 requirendum
2885 4587 2980 4630 est
3031 4599 3116 4638 ne
3155 4557 3770 4653 τοι-ιε’έι-ιιοιιιξξωυῑο

2261 4662 2386 4754 ᾳῗω.
2431 4649 2624 4751 .Grmce
2662 4657 2876 4754 dicunt
2924 4667 3132 4744 ψυχή,
3168 4693 3201 4731 3
3260 4649 3684 4754 refriges-eeudo
3719 4690 3768 4735 de

2107 4747 2249 4839 statu
2271 4741 2548 4839 'diviiiiore
2577 4762 2643 4799 ac
2674 4751 2921 4809 meliore
2951 4741 3200 4822 dictum
3234 4775 3341 4839 sit,
3377 4741 3444 4831 et
3469 4741 3766 4833 translatum

2107 4828 2230 4925 inde
2269 4833 2412 4898 quod
2451 4849 2518 4885 ex
2558 4839 2750 4895 calore
2798 4845 2900 4921 illo
2953 4863 3236 4916 naturali
3285 4828 3346 4920 ei
3403 4871 3601 4925 divino
3636 4871 3765 4924 refri-

2109 4918 2252 4972 Ῑίδδθ
2281 4923 2570 5022 νίιδθξηυτῖ
2613 4939 2670 4982 ει
2698 4933 2826 4988 ideo
2863 4937 2924 4992 in
2975 4943 3098 5002 hoc
3151 4971 3276 5022 quo
3308 4975 3471 5015 nunc
3501 4974 3588 5017 est
3623 4973 3766 5018 statu.

2107 5010 2453 5106 σξξγοϐἕιὺυιο
2481 5016 2593 5106 Sila
2631 5022 2728 5075 sit.
2757 5043 2780 5077 ι
2827 5010 3236 5097 εοηεὶιιιίΙέιιι
3295 5049 3439 5106 huic
3490 5053 3666 5106 locum
3702 5054 3756 5103 iti-

2106 5099 2283 5153 didem
2318 5103 2542 5159 adducit
2565 5106 2936 5176 .lttstinianus
2960 5125 3024 5180 in
3067 5134 3244 5189 calce

2101 5460 2537 5574 de‘._"0fmala.s.
2575 5475 2668 5532 διὰ
2731 5485 2798 5538 τὸ
2861 5488 3086 5547 ἄνωθεν
3126 5460 3462 5574 πειῖῗύχθαι.
3518 5506 3572 5560 Id
3616 5460 3752 5558 vertit

2103 5548 2458 5613 doctissimus
2490 5563 2801 5638 interpres,
2843 5595 2862 5629 ι
2897 5585 3052 5648 (μιοά
3082 5548 3338 5643 until“:
3372 5593 3560 5647 “mala
3594 5594 3692 5655 sn;
3729 5609 3744 5638 ,

2105 5655 2224 5749 quae
2267 5661 2400 5702 sane
2437 5657 2576 5712 milii
2609 5666 2837 5730 probari
2892 5688 3004 5727 non
3042 5687 3241 5744 potest
3270 5687 3585 5749 expositio;
3642 5697 3743 5734 "at"

2109 5745 2315 5793 ²¹¹¹¹¹¹ί¹⁵
2353 5748 2584 5811 1l‘lltletn
2634 5757 2881 5830 llUﬂllHll‘
2921 5765 3146 5820 immitti
3202 5745 3520 5828 allfriswivit
3575 5745 3740 5838 Orige-
