3894 6456
65 87 290 193 ν-ίοί

176 553 201 600 λ

180 664 239 699 W3

1086 474 1659 546 ORIGENIANORUM'
1674 478 1831 537 tau:

401 531 597 612 ‘maﬁ
652 581 814 623 Ven.
850 594 932 623 ..λι
986 594 1255 623 ιηηιμμ,
1307 605 1473 623 Anu,
1521 597 1682 623 mm-
1726 612 1852 623 nm

1961 482 2114 541 CAP.
2157 481 2222 546 ιι,
2258 480 2529 553 opmsr.
2567 480 2655 537 vr.
3387 479 3441 571 at

1958 605 2002 623 ι..
2037 594 2292 623 ρη-ἶηηηο
2327 595 2615 623 αιιηηιηιιηο
2667 607 2822 623 tun-nm
2855 600 3037 623 nan-ns
3058 590 3296 623 lCLnnnn
3330 591 3441 623 ιιι...

242 667 265 710 χ
298 587 618 749 βῃῗξὲλ
653 587 814 725 ζὶῗιξ
850 594 937 700 vel
976 594 1258 699 inspirari
1303 605 1478 658 anima
1521 597 1687 654 multo
1725 612 1854 656 ante
1879 608 1929 662 Α
1954 605 2008 648 et
2037 594 2294 693 Cyriacus
2327 595 2640 694 monachus,
2666 607 2822 663 quem
2855 590 3299 660 narrat§Sitneon
3330 591 3490 685 Meta-

242 733 286 749 Λ
463 743 476 749 _
757 690 856 747 gis
886 687 992 741 dlcl
1024 702 1220 749 potest
1236 711 1398 749 (mam
1421 690 1661 749 angelus,
1689 706 1850 749 quem
1953 684 2201 749 phrastes
2228 683 2424 736 dicenti
2452 679 2652 749 Cyrzllo
2687 700 2706 732 ι
2746 682 2994 749 dogmata
3022 681 3088 733 de
3120 682 3490 748 prmersisteu-

200 733 299 780 mh

421 646 618 765 3.2”“
653 677 856 747 magis
886 686 992 741 dici
1024 646 1220 757 Pglest
1236 711 1398 765 quam
1421 690 1661 761 angelus,
1689 706 1850 759 quem

238 743 403 858 ’ἔλα
448 743 700 858 φωνεῖ
721 766 909 831 afﬂari
931 779 1155 848 dixerit,
1178 743 1302 840 cuin
1332 786 1398 840 de
1426 743 1561 839 εαῖιο
1588 781 1642 836 in
1680 743 1856 838 terras

256 851 580 954 Iug“?-
616 851 968 924 Veflendum
1000 883 1160 941 ergo,
1192 892 1214 927 ι
1262 876 1404 945 quod
1442 887 1649 931 sursum
1690 872 1851 928 refri-

289 974 451 1024 xeﬁv
478 966 502 1003 ³

373 1055 460 1108 Vt.
491 1049 573 1106 Ex
607 1044 700 1103 his
723 1044 1028 1107 Adamantii
1058 1052 1204 1109 circa
1232 1055 1421 1110 anima.-
1444 1053 1702 1123 originem
1740 1051 1852 1121 pla-

301 1147 423 1203 citis
445 1151 575 1199 nata
621 1149 709 1196 est
749 1150 940 1197 octava
976 1158 1011 1199 e
1054 1145 1539 1207 criminationibus,
1569 1158 1704 1212 quas
1749 1144 1875 1212 ipsi.

284 1236 457 1306 obiici
515 1233 722 1289 solitas
757 1242 1110 1303 repraesentat
1158 1245 1214 1290 et
1263 1235 1417 1289 diluit
1444 1232 1749 1302 Pamphilus
1797 1235 1854 1287 in

282 1326 579 1394 Apologia.
629 1323 730 1378 illa
778 1333 928 1379 certe
976 1334 1258 1393 postquam
1310 1323 1514 1392 prolixe
1564 1323 1853 1376 confutavit

272 1415 648 1471 Justinianus
687 1415 744 1469 in
783 1414 1006 1484 epistola
1039 1416 1107 1468 ad
1137 1413 1365 1476 Menam,
1409 1421 1518 1466 tum
1563 1410 1852 1480 Scriptura:

267 1513 518 1569 sanctae,
537 1515 664 1559 tum
690 1504 907 1558 Patrum
934 1503 1267 1568 auctoritate,
1286 1503 1353 1556 ab
1372 1500 1500 1569 ipsis
1519 1500 1705 1553 deinde
1724 1504 1855 1552 ana-

269 1594 687 1649 thematismos
715 1607 843 1647 suos
885 1592 1055 1647 eidem
1094 1591 1330 1659 epistola
1366 1588 1633 1643 subnexos
1677 1588 1856 1650 auspi-

255 1693 441 1737 catus
464 1692 602 1748 est;
637 1692 807 1751 atque
829 1681 918 1736 illa
946 1681 1185 1749 quisquis
1209 1680 1369 1734 fuerit
1405 1678 1701 1746 amplexus,
1730 1691 1855 1730 aua-

258 1776 465 1828 tltetna
520 1787 664 1827 esse
711 1772 910 1836 sancit,
940 1770 1242 1837 .eademque
1285 1782 1470 1822 rursus
1532 1766 1753 1833 conligit
1801 1766 1852 1818 in

249 1863 518 1932 epistola
544 1863 621 1917 ad
646 1863 895 1931 quintam
928 1862 1215 1929 synodum,
1244 1872 1362 1926 qua:
1388 1865 1472 1910 est
1496 1860 1632 1924 apud
1653 1853 1851 1908 Cedre-

3387 479 3493 534 90?.

1953 684 2201 760 phrastes
2228 681 2424 755 dicenti
2452 679 2652 749 Cyrillo
2687 700 2706 732 r
2746 682 2994 750 dogmata
3022 681 3088 733 de
3120 675 3493 748 pra'exsisteu-

1956 770 2027 843 tia
2065 778 2120 823 et
2157 768 2488 822 restitutione
2508 768 2560 820 in
2590 768 2830 820 euntdem
2863 776 3060 822 statum
3102 786 3121 818 ι
3154 767 3223 821 ab
3249 766 3494 831 Origcni-

1953 859 2051 913 Stis
2079 857 2229 926 quasi
2266 874 2286 907 r
2314 855 2485 908 media
2519 856 2652 908 etah
2681 857 2827 907 omni
2884 855 3125 923 periculo
3171 854 3341 909 aliena
3382 855 3492 909 ’ha-

1952 947 2088 1012 beri,
2120 965 2144 999 ι
2183 935 2524 1016 respondisse
2559 944 2956 1013 «Nequaquam
3005 961 3123 1000 esse
3176 947 3374 1012 media,
3441 955 3494 1000 et

1952 1027 2143 1092 vacare
2193 1034 2428 1106 periculo
2479 1034 2721 1102 dogmata
2768 1034 2832 1087 de
2876 1035 3345 1102 pmexsistenlia,’
3387 1024 3513 1088 imo'

1953 1144 2075 1184 esse
2102 1129 2305 1183 lubrica
2342 1127 2520 1196 potius
2563 1134 2618 1180 et
2660 1125 2982 1194 periculosa.
3023 1145 3041 1176 ι
3069 1127 3398 1196 hupuguavit
3441 1114 3515 1182 ct.

1954 1220 2235 1288 Antipater
2266 1216 2581 1279 Bostrenus,
2612 1216 2841 1284 scriptor
2874 1216 3047 1268 aztatis
3091 1216 3218 1269 mihi
3251 1218 3485 1269 nondum

1950 1318 2257 1379 compertae,
2292 1308 2345 1362 in
2374 1306 2843 1361 dissertationibus
2883 1306 3139 1379 adversus
3189 1304 3490 1374 Origeuem,

1952 1413 2087 1465 quas
2119 1397 2324 1464 Eclogis
2347 1395 2459 1448 suis
2485 1370 2956 1447 intexuitJoannes
2991 1370 3363 1454 Damasceuus,
3399 1370 3483 1448 tit.
3510 1454 3515 1457 _

1949 1487 2085 1555 Περὶ
2111 1484 2355 1556 ἀμοιϐῆς
2384 1483 2502 1535 τῶν
2531 1478 2603 1535 εὖ
2636 1482 2760 1534 κατ’
2788 1479 3005 1547 ἀρετὴν
3027 1479 3487 1543 βιοτευσάντων.

1952 1582 2244 1649 Damnatur
2273 1592 2335 1630 ea
2370 1591 2578 1646 quoque
2621 1576 2670 1627 iu
2716 1573 2943 1641 Origene
2990 1588 3019 1626 a
3065 1574 3267 1642 synodo
3312 1574 3481 1642 quiui-

1950 1678 2120 1744 sexta,
2141 1682 2261 1722 can.
2279 1666 2330 1731 1,
2363 1674 2459 1719 eta
2486 1662 2786 1731 Sophronio
2816 1661 3361 1731 Hierusolymitanoin
3384 1663 3496 1730 epi-

1950 1758 2085 1813 stola
2111 1758 2176 1811 ad
2208 1756 2450 1824 Sergium
2495 1752 3163 1821 Constantinopolitanum;
3194 1752 3260 1806 ab
3290 1752 3494 1807 Isidoro

1956 1848 2163 1915 Urigin.
2193 1846 2290 1899 lib.
2318 1860 2436 1904 vtu.
2468 1858 2583 1910 cap.
2612 1843 2679 1905 5;
2721 1840 2922 1895 Joanne
2968 1842 3297 1897 Damasceuo
3336 1842 3429 1895 lib.
3456 1857 3493 1894 ιι

252 1922 436 2008 trum.
465 1954 583 2007 Diu
613 1922 781 2023 porro
808 1962 935 2005 tunc
955 1922 1095 2011 erat,
1125 1922 1400 2017 postquam
1426 1922 1558 1999 vana
1595 1947 1705 2000 haec
1729 1944 1853 1999 Ori-
1886 1922 1929 1980 Β
1956 1937 2176 1991 Orthod.
2204 1936 2328 2002 ﬁd.,
2375 1949 2492 1996 cap.
2549 1932 2713 2023 liuet
2751 1930 2843 1983 lib.
2883 1946 2956 1992 IV,
2977 1946 3121 2023 ἐπι).
3153 1931 3222 1994 6;
3264 1932 3490 1999 Georgio

248 2046 437 2114 genis
465 2044 729 2113 cogitata
763 2042 1117 2110 castigaverat
1144 2037 1464 2100 Methodius,
1513 2045 1573 2089 ut
1630 2050 1695 2089 ex
1744 2035 1858 2102 ejus

248 2132 572 2200 excerptis
626 2131 839 2184 discere
888 2137 1006 2192 est,
1047 2142 1164 2196 qua:
1219 2125 1563 2194 Epiphanius
1596 2124 1748 2178 nobis
1775 2178 1781 2185 ,
1807 2130 1860 2176 et

251 2223 516 2278 Photius
542 2229 909 2276 asservarunt
939 2234 957 2272 :
986 2218 1332 2285 castigaverat
1351 2223 1406 2268 et
1429 2214 1690 2268 Cmsarius
1726 2213 1860 2267 Gre-

250 2313 422 2380 gorii
467 2308 824 2365 Naziauaeni
871 2307 1038 2361 frater
1088 2307 1295 2373 dialogo
1327 2320 1410 2365 ιιι,
1442 2304 1629 2359 interr.
1672 2303 1773 2357 M9
1805 2312 1858 2356 et

254 2402 663 2473 sequentibus
704 2400 772 2468 (si
815 2397 973 2453 modo
1016 2396 1351 2465 Dialogorum
1401 2395 1620 2449 istorum
1673 2406 1856 2445 revera

254 2502 481 2548 auctor
512 2499 635 2550 est,
668 2490 747 2542 uti
784 2488 974 2550 fertur,
1014 2487 1116 2540 iste
1150 2485 1471 2555 Cazsarius);
1504 2485 1859 2552 castigaverat

258 2591 327 2634 et
354 2580 692 2647 Gregorius
712 2576 990 2647 Nyssenus
1019 2575 1155 2628 libro
1190 2574 1327 2641 Περὶ
1355 2570 1727 2638 κατασκευῆς
1751 2572 1859 2624 ἀν-

259 2668 560 2738 θρώπου,
588 2682 712 2734 cap.
743 2665 836 2727 58,
859 2674 914 2718 et
942 2662 1273 2729 Epiphanius
1296 2663 1425 2715 liter.
1476 2676 1618 2725 Lxrv,
1649 2674 1768 2726 cap.
1800 2659 1858 2722 4,

258 2773 324 2813 et
357 2761 422 2813 in
452 2760 641 2826 epist.
674 2756 742 2809 ad
767 2754 920 2808 Joan.
951 2751 1271 2821 .lerosolym.
1297 2767 1415 2820 cap.
1455 2751 1513 2813 Ξ,
1546 2750 1739 2817 quibus
1775 2749 1871 2804 lo-'

260 2850 356 2902 cis
395 2857 643 2916 putasse
676 2844 809 2898 dicit
828 2842 1201 2895 Adamantium
1225 2839 1398 2909 ψυχὴν
1428 2840 1644 2900 dictam,
1669 2836 1759 2890 διὰ.
1799 2837 1861 2889 τὸ

257 2938 499 2992 ἄνωθεν
536 2933 843 3003 πεψύχθαι,
873 2943 927 2986 et
957 2932 1143 3000 δέμας,
1167 2930 1255 2983 διὰ
1280 2930 1338 2983 τὸ
1362 2928 1600 2982 δεδέσθαι
1626 2928 1722 2998 τὴν
1758 2927 1860 2995 ψυ-

267 3028 383 3099 χὴν
418 3028 484 3079 ἐν
520 3024 609 3094 τῷ
640 3023 877 3093 σώματι,
906 3030 962 3075 et
996 3019 1154 3089 σῶμα.
1181 3021 1333 3086 quasi
1358 3018 1529 3087 σῆμα,
1557 3035 1576 3068 t
1612 3031 1680 3071 eo
1720 3018 1858 3085 quod

266 3119 352 3173 ita
384 3117 653 3171 animam
692 3115 747 3166 in
774 3126 833 3166 se
861 3111 1096 3165 clausam
1129 3110 1343 3173 habeat,
1384 3108 1646 3176 quoutodo
1686 3108 1861 3181 sepul-

273 3222 372 3260 era
395 3217 458 3260 et
490 3202 697 3258 tumuli
728 3201 988 3255 cadavera
1024 3206 1358 3252 mortuorum
1392 3214 1406 3250 :
1442 3216 1461 3249 ι
1504 3196 1858 3265 castigaverat
1883 3233 1927 3293 ο

270 3305 334 3351 et
365 3290 733 3361 Theophilus
757 3288 1164 3349 Alexandrinus,
1203 3297 1254 3340 et
1297 3285 1652 3354 Hieronymus
1698 3284 1853 3352 epist.

273 3385 373 3452 δῦ,
391 3385 465 3437 ad
495 3382 681 3442 Avit.,
713 3377 877 3446 cap.l
905 3375 1025 3436 eti,
1066 3384 1120 3428 et
1143 3374 1297 3442 epist.
1325 3373 1413 3438 61,
1435 3377 1500 3426 ad
1531 3372 1859 3435 Pamntacb.,

273 3491 406 3545 cap.
432 3476 495 3536 5.
533 3473 596 3538 5,
624 3470 684 3532 6,
715 3479 770 3523 et
804 3470 963 3536 epist.
987 3466 1077 3527 65,
1107 3465 1176 3519 ad
1210 3463 1519 3517 Pammach.
1552 3472 1605 3515 et
1634 3462 1859 3524 Ocean.,

277 3579 406 3634 cap.
433 3564 499 3626 Ξ,
535 3570 598 3615 et
632 3559 730 3612 lib.
758 3572 789 3608 v
820 3555 1108 3609 Commm.
1139 3553 1194 3605 in
1243 3550 1459 3615 larem,
1505 3565 1625 3618 cap.
1663 3549 1753 3615 24,
1794 3558 1863 3634 et

281 3632 553 3722 ittﬁepist.
604 3649 676 3701 ad
720 3643 1110 3698 Demetriadem
1157 3656 1277 3709 cap.
1323 3640 1379 3706 9,
1428 3639 1516 3694 ubi
1562 3632 1859 3694 animarum

279 3736 657 3813 αρσῦπαρξιν
701 3734 755 3787 in
792 3731 1123 3801 Egyptoet
1168 3728 1402 3783 Orientis
1457 3728 1694 3796 partibus
1733 3729 1860 3783 olim

287 3841 644 3902 grassatum,
673 3824 792 3879 suis
828 3820 1153 3890 temporibus
1187 3836 1207 3871 ι
1257 3818 1563 3872 abscondite
1604 3819 1758 3886 quasi
1808 3820 1860 3873 in

283 3922 467 3976 foveis
494 3918 820 3987 viperarum
850 3911 988 3979 apud
1009 3909 1287 3979 plerosque
1315 3907 1514 3960 versari
1546 3923 1567 3956 ι
1597 3906 1857 3975 queritur,

289 4029 309 4062 s
341 4011 695 4070 illarumque
724 3999 956 4069 partium
987 3996 1221 4066 polluere
1256 3994 1558 4062 puritatem.
1613 4002 1667 4046 et
1708 3994 1859 4060 quasi

284 4095 668 4156 haereditario
717 4090 1118 4154 malo.serpere
1155 4087 1208 4139 iu
1247 4085 1450 4153 paucis,
1485 4092 1544 4138 ut
1586 4084 1864 4151 perveniat

280 4191 351 4245 ad
381 4186 705 4260 plurimos;
727 4187 784 4234 et
811 4178 864 4231 in
891 4177 1175 4231 Comment.
1212 4176 1265 4226 in
1288 4172 1474 4242 psalm.
1519 4188 1740 4237 Luxu,
1772 4172 1861 4225 ubi

280 4276 543 4348 dogmati
594 4271 727 4327 huic
751 4269 1023 4322 haereseos
1049 4277 1240 4318 nomen
1290 4262 1475 4327 inurit,
1520 4261 1863 4330 quemadmo-

278 4345 423 4422 dum
444 4372 510 4418 et
536 4361 596 4415 in
628 4356 921 4410 Comment.
946 4353 1002 4403 in
1027 4348 1223 4403 Jerem.
1258 4363 1409 4413 χχιι,
1458 4346 1681 4414 aliisque
1706 4345 1858 4409 locis,

280 4471 434 4527 quos
483 4448 787 4508 brevitatis
818 4442 991 4513 gratia
1046 4439 1397 4508 praetermitto
1441 4454 1455 4491 :
1507 4436 1862 4502 castigaverat

1958 2023 2208 2095 Syncello
2233 2024 2285 2077 in
2333 2022 2573 2088 Excerpl.
2611 2018 2921 2087 Cltronogr.;
2954 2019 3190 2073 Cedreno
3215 2019 3267 2073 in
3298 2018 3482 2086 Camp.

1957 2115 2117 2181 Irish;
2161 2111 2322 2166 Snida
2363 2111 2416 2164 in
2452 2109 2697 2177 Origene;
2734 2107 2915 2162 Nireta
2943 2107 3092 2161 Thes.
3133 2107 3336 2160 orthod.
3390 2108 3484 2174 ﬁd.

1956 2202 2047 2259 lib.
2078 2217 2151 2267 tv,
2198 2200 2326 2254 haer.
2373 2214 2539 2261 xxxt;
2581 2196 2860 2252 Vincentio
2909 2197 3284 2251 Bellovacense
3338 2195 3492 2265 Spcc.

1955 2293 2146 2353 doctu,
2169 2290 2262 2344 lib.
2287 2304 2441 2355 xvm,
2469 2286 2593 2356 cap.
2625 2288 2693 2340 45
2717 2305 2732 2354 ;
2770 2286 3066 2355 Nicepltoro
3093 2285 3184 2340 lib.
3215 2301 3345 2351 xvu,
3369 2300 3491 2356 cap.

1953 2377 2041 2444 27,
2067 2387 2121 2430 et
2154 2376 2398 2430 Guidone
2434 2376 2726 2441 Carutelita
2750 2375 2799 2428 iu
2832 2375 3047 2428 Summa
3076 2374 3139 2426 de
3167 2375 3373 2435 litorea"
3404 2373 3494 2442 qui
3531 2427 3535 2430 ,

1956 2465 2138 2541 multis
2157 2479 2274 2517 eam
2302 2463 2515 2518 refellit.

2030 2553 2134 2606 VII.
2168 2552 2374 2606 Platoni
2422 2566 2580 2619 porro
2607 2552 2693 2604 hic
2724 2565 2935 2620 quoque
2968 2551 3252 2618 regendum
3281 2542 3339 2603 se
3364 2549 3498 2604 Adu-

1957 2646 2188 2698 mantius
2228 2643 2472 2712 prrebuit.
2521 2638 2612 2696 Ille
2661 2653 2849 2706 autem
2887 2643 2936 2694 iu
2970 2641 3254 2706 Phwdone,
3288 2651 3341 2697 et
3370 2640 3496 2709 Epi—

1957 2728 2114 2797 uomi,
2143 2744 2198 2785 et
2225 2731 2315 2785 lib.
2354 2746 2385 2783 ι
2418 2730 2496 2783 De
2527 2729 2702 2798 legib.,
2730 2739 2782 2783 et
2824 2729 2877 2782 in
2912 2729 3126 2797 Tintwo,
3154 2731 3377 2799 aliisque
3405 2729 3490 2782 lo-

1956 2821 2053 2887 cis,
2085 2820 2380 2875 doctrinam
2432 2819 2571 2873 hanc
2619 2818 2991 2872 disertissimis
3025 2818 3255 2887 explicat
3290 2816 3494 2882 verbis,

1956 2925 2114 2978 quam
2149 2924 2337 2979 magna
2380 2907 2606 2962 subinde
2646 2917 2885 2961 veterum
2932 2921 3058 2974 pars
3097 2905 3345 2975 arripuit.
3381 2903 3491 2957 Nec

1957 2986 2113 3067 hujus
2158 3013 2286 3053 sane
2324 2999 2438 3063 fuit
2485 2999 2595 3067 ipse
2642 2980 2921 3052 sententis:
2958 2998 3318 3063 architectus;
3373 3011 3489 3050 eam

1956 3090 2149 3158 quippe
2184 3074 2349 3141 multo
2390 3089 2542 3156 prius
2577 3097 3046 3155 propuguaverant
3077 3082 3406 3158 Pythagoras
3443 3091 3497 3137 et

1959 3179 2323 3245 Etnpedodes.
2355 3176 2421 3230 Ἦ
2457 3174 2830 3243 εὐλογώτερον,
2862 3173 3302 3244 inquitOrigenes
3342 3173 3435 3227 ιιι).
3480 3191 3495 3226 ι

1959 3279 2137 3320 contra
2166 3266 2328 3330 Cels.,
2374 3282 2519 3322 num.
2577 3263 2665 3327 '52,
2698 3264 2929 3332 ἑκάστην
2955 3262 3128 3333 ψυχὴν
3171 3260 3310 3315 κατά
3351 3278 3496 3323 τινας

1957 3357 2292 3427 ἀπορῤήτους
2321 3354 2508 3421 λόγους
2533 3353 2695 3422 (λέγω
2735 3352 2790 3404 δὲ
2821 3350 2990 3404 ταῦτὰ
3029 3349 3122 3404 νῦν
3154 3350 3293 3403 κατὰ
3321 3349 3497 3401 Πυθα-

1957 3446 2143 3516 γόραν,
2165 3447 2259 3498 καὶ
2282 3444 2559 3505 Πλάτωνα,
2587 3443 2679 3494 καὶ
2703 3439 3080 3511 Ἐμπεδοκλέα,
3112 3438 3203 3503 οὓς
3244 3427 3498 3501 πολλάκις

1957 3535 2236 3604 ὠνόμασεν
2290 3534 2318 3585 ὁ
2374 3530 2593 3602 Κέλσος)
2644 3529 3049 3600 εἰσκρινομένην
3097 3529 3323 3596 σώματι,
3378 3528 3497 3579 κατ’

1957 3624 2107 3693 ᾴξίαν
2147 3620 2508 3695 εἰσκρίνεσθαι
2550 3621 2645 3674 καὶ
2676 3614 2818 3673 κατὰ
2870 3617 2940 3671 τὰ
2989 3618 3227 3688 πρότερα
3271 3614 3410 3686 ἧθη;
3446 3622 3500 3668 et

1958 3713 2314 3785 Hieronymus
2337 3712 2493 3782 epist.
2528 3709 2619 3774 82,
2655 3724 2775 3779 qua:
2804 3717 2889 3763 est
2929 3707 2995 3762 ad
3046 3705 3410 3785 Marcellinum
3442 3714 3500 3759 et

1933 3798 2343 3873 ‘Auapsychiam
2366 3819 2379 3855 :
2400 3819 2420 3853 ι
2458 3800 2627 3869 Super
2658 3799 2851 3852 anima:
2884 3807 3028 3851 statu
3060 3797 3274 3852 memini
3306 3805 3496 3851 vestrae

1957 3891 2376 3963 quaestiunculis,
2401 3893 2510 3944 imo
2552 3891 2786 3943 maxime
2841 3888 3221 3944 ecclesiastica:
3249 3885 3500 3955 quaestio-

1958 3983 2047 4039 nis.
2073 4000 2087 4035 :
2120 3990 2299 4033 utrum
2323 3980 2470 4049 lapsa
2499 3980 2567 4031 de
2594 3977 2733 4031 cmlo
2760 3978 2854 4042 sit,
2880 3989 2939 4031 ut
2963 3977 3295 4046 Pythagoras
3324 3972 3497 4043 philo-

1958 4070 2177 4138 sophus,
2214 4082 2506 4136 omnesque
2532 4066 2815 4132 Platonici,
2840 4077 2895 4119 et
2927 4065 3183 4134 Origenes
3220 4072 3430 4131 putant.
3469 4080 3489 4111 ι

1959 4158 2147 4230 Simile
2171 4158 2496 4212 nanciscaris
2518 4158 2569 4210 in
2597 4157 2818 4224 cpistola
2849 4155 3149 4221 Iustiniani
3170 4156 3236 4208 ad
3256 4153 3493 4222 quintam

1958 4249 2242 4317 synodum,
2272 4255 2327 4301 et
2351 4245 2488 4313 apud
2516 4244 2753 4298 Nicetam
2780 4245 2832 4298 in
2856 4242 3116 4297 Thesauro
3141 4241 3343 4295 orthod.
3371 4240 3492 4307 ﬁd.,

1959 4340 2050 4395 lib.
2090 4353 2164 4402 tv,
2188 4338 2320 4392 liter.
2348 4352 2495 4391 xxxi.
2531 4333 2634 4389 Sed
2660 4344 2712 4389 et
2747 4335 2863 4402 ipso
2889 4332 3190 4402 Pythagora
3222 4332 3494 4400 antiquior

1959 4426 2206 4498 Orpheus
2240 4425 2470 4479 animam
2516 4425 2566 4476 iu
2602 4437 2827 4492 corpore
2853 4420 3030 4491 puniri
3053 4419 3218 4478 ,dixit.
3244 4417 3495 4473 Testatur

277 4505 635 4603 ξῖδι-(ξεὶυε
669 4541 725 4591 iu
756 4505 1168 4590 Co'mmouitorio
1196 4529 1260 4582 ad
1282 4526 1658 4597 Augustinum,
1681 4534 1734 4580 et
1753 4527 1861 4579 Au-
1890 4533 1934 4586 ι)
1961 4517 2013 4570 id
2054 4516 2206 4570 Plato
2232 4516 2282 4567 iu
2315 4513 2546 4582 Cratylo,
2583 4513 2671 4566 ubi
2710 4521 2765 4566 et
2802 4512 2947 4564 vocis
2994 4506 3148 4579 σῶμα
3182 4505 3494 4577 originatio-

279 4637 564 4706 gustinus
595 4630 651 4682 in
675 4625 860 4680 libello
890 4629 1074 4674 contra
1119 4617 1551 4671 Priscillianistas
1596 4626 1642 4667 et
1684 4613 1865 4682 Orige-

277 4702 489 4788 ὲίειοσ,
523 4734 651 4786 cap.
680 4717 715 4770 8
737 4722 791 4769 et
822 4712 911 4774 ιι,
941 4721 995 4763 et
1025 4709 1114 4763 lib.
1147 4723 1200 4761 ιι
1231 4706 1306 4759 De
1327 4705 1461 4758 civit.
1489 4703 1604 4766 Dei,
1622 4718 1741 4770 cap.
1770 4702 1862 4768 ss,

276 4819 385 4871 ubi
414 4811 695 4870 conﬁctas
723 4806 845 4859 illas
874 4804 938 4856 de
963 4798 1262 4852 animarum
1292 4793 1666 4863 progressibus
1695 4802 1750 4847 et
1781 4807 1866 4846 re-

279 4904 595 4976 gressibus
642 4893 865 4949 fabellas
907 4889 1114 4943 erudite
1146 4885 1335 4941 refellit
1374 4903 1389 4938 :
1434 4884 1782 4951 castigavemt
1811 4891 1867 4936 et

277 4971 413 5052 Leo
429 5005 581 5063 papa
614 4987 669 5038 in
699 4984 860 5052 epist.
885 4980 974 5041 ll,
1002 4990 1122 5045 quae
1153 4985 1234 5030 est
1266 4974 1331 5027 ad
1382 4971 1649 5026 lulianum
1691 4971 1861 5024 Coen-

279 5058 449 5145 sem,
454 5088 519 5134 et
547 5071 862 5130 Gennadius
885 5067 962 5121 De
983 5068 1233 5133 dogmat.,
1260 5077 1375 5129 cap.
1403 5061 1493 5123 l6,
1529 5071 1581 5114 et
1610 5058 1860 5113 Leontius

281 5176 349 5230 iu
382 5172 489 5226 lib.
528 5169 614 5220 De
640 5163 833 5225 sectis;
859 5157 1093 5237 maxime
1127 5169 1254 5207 vero
1286 5150 1534 5219 Cyrillus,
1570 5149 1658 5216 qui
1688 5147 1860 5204 Theo-

278 5264 439 5336 phili
476 5256 666 5328 patrui
698 5252 804 5313 sui,
836 5262 943 5309 non
970 5247 1023 5300 in
1055 5239 1620 5336 Alesaudrinoﬁsolum
1656 5237 1860 5336 episco-

280 5325 459 5426 patu,
479 5325 590 5403 sed
619 5346 670 5397 iu
704 5340 911 5394 infenso
937 5337 1094 5391 etiam
1144 5332 1401 5385 adversus
1427 5325 1707 5397 Origenem
1737 5327 1862 5382 odio

286 5418 629 5501 successor,
656 5435 793 5486 hanc
819 5429 933 5497 ejus
958 5429 1022 5482 de
1070 5423 1372 5478 animarum
1409 5418 1614 5485 origine
1646 5425 1861 5471 senan

285 5499 469 5593 tiam,
525 5520 753 5579 Joannis
795 5515 1131 5582 Evangelium
1199 5504 1517 5593 explanatis,
1578 5499 1855 5593 multiplici

292 5590 764 5688 arguimemormn
795 5614 1040 5681 apparatu
1070 5592 1355 5688 subvertit.
1395 5590 1502 5688 Nec
1528 5591 1719 5644 minori
1747 5599 1858 5643 stu—

290 5679 409 5768 di;
453 5679 582 5774 post
630 5679 866 5768 quintam
908 5694 1161 5764 synodum
1206 5679 1860 5774 eamdemimpugnarunt

294 5765 947 5858 doctrinam—Facunda
995 5767 1537 5845 llerutianettsislil);
1573 5783 1612 5833 1,
1654 5783 1769 5837 caP-
1802 5765 1856 5831 6ο

1961 4620 2080 4661 nem
2118 4607 2249 4674 petit
2280 4620 2309 4657 a
2346 4605 2513 4674 σῆμα.
2556 4603 2754 4656 Locum
2785 4600 2945 4664 refert
2986 4600 3235 4653 Clemens
3266 4599 3493 4661 Alexan-

1961 4695 2148 4748 drinus
2179 4693 2379 4747 Strom.
2414 4692 2507 4746 lib.
2550 4705 2632 4754 ιιι,
2660 4700 2819 4757 atque
2850 4687 2978 4742 item
3003 4686 3229 4757 alterum
3265 4683 3491 4738 Philolai

1962 4770 2322 4854 Pythagorici,
2347 4782 2472 4850 quid
2503 4780 2553 4833 id
2576 4781 2744 4848 ipsum
2780 4791 2845 4830 ex
2867 4776 3132 4830 veteribus
3159 4776 3489 4854 ethnicorum

1968 4852 2228 4940 theologis
2253 4880 2307 4925 et
2339 4870 2549 4923 vatibus
2572 4866 2787 4920 astruit.
2821 4863 3010 4916 Merito
3060 4863 3237 4930 itaque
3270 4852 3490 4913 Harme-

1965 4962 2192 5031 nopulus
2237 4961 2289 5013 in
2319 4959 2453 5013 libro
2482 4956 2555 5010 De
2581 4956 2758 5027 sectis,
2801 4962 2856 5007 et
2889 4944 3033 5006 Elias
3066 4947 3491 5013 Cretensis,Na-

1964 5050 2203 5104 zianzcni
2230 5051 2510 5115 interpres,
2538 5060 2569 5099 e
2590 5045 2891 5100 Graecorum
2917 5039 3150 5096 fontibus
3176 5037 3487 5115 sententiam

1962 5157 2111 5214 suam
2143 5141 2421 5209 Origenem
2454 5137 2694 5192 hausisse
2726 5137 2929 5189 dicunt.
3240 5192 3245 5197 _
3362 5133 3366 5137 ’
3485 5112 3491 5123 ”

2029 5227 2162 5285 Vill.
2190 5231 2260 5283 At
2285 5243 2399 5299 eam
2432 5236 2603 5279 tamen
2636 5240 2740 5293 quo
2781 5222 3100 5278 Christianis
3149 5218 3484 5287 approbaret,

1961 5302 2064 5395 non
2098 5317 2386 5391 rationibus
2433 5318 2705 5376 duntaxat,
2740 5314 2831 5366 sed
2855 5310 3092 5380 quaesitis
3136 5308 3292 5359 etiam
3341 5301 3487 5354 Scri-

1960 5420 2128 5478 ptura:
2179 5421 2344 5461 sacrae
2378 5404 2694 5459 testimoniis
2752 5401 2943 5455 fulcire
2988 5403 3208 5452 conatus
3237 5397 3338 5451 est,
3368 5401 3486 5453 quae

1962 5483 2114 5557 nobis
2143 5513 2171 5550 a
2205 5496 2449 5549 Patribus
2471 5493 2809 5547 exhibentur.
2843 5492 3011 5555 Atque
3036 5486 3132 5537 hos
3160 5480 3367 5548 quidem
3400 5490 3486 5529 re-
3527 5498 3530 5503 α

1962 5570 2069 5653 fert
2094 5583 2416 5653 Epiphanius
2448 5581 2501 5634 in
2545 5581 2701 5646 epist.
2729 5579 2793 5631 ad
2821 5575 2972 5630 Joan.
2999 5566 3335 5653 Jerosolym.,
3362 5577 3482 5653 cap.

1959 5650 2015 5740 2,
2051 5689 2082 5729 e
2113 5648 2305 5743 psalm.
2335 5684 2522 5731 cxvm,
2557 5668 2623 5721 67
2659 5682 2672 5717 :
2706 5685 2725 5717 r
2757 5664 3064 5727 Priusquam
3103 5648 3358 5743 a_malitia
3387 5648 3489 5701 hu-

1964 5764 2216 5828 miliarer,
2245 5777 2343 5830 ego
2368 5757 2597 5826 deliqui;
2634 5775 2652 5807 ι
2677 5770 2706 5809 e
2738 5750 2922 5828 psalm.
2953 5757 3094 5806 οςιν,
3128 5740 3157 5790 7
3185 5757 3198 5792 :
3233 5756 3251 5788 ι
3292 5734 3491 5793 Rever-
