3894 6424
467 413 571 466 903

1668 388 1725 445 P.
1764 390 2074 445 DANIELIS
2111 386 2355 445 HUETII'
3647 382 3739 431 θυι

471 540 592 580 tere.
619 522 787 577 anima
820 534 951 581 mea,
987 516 1038 570 iu
1073 516 1309 585 requiem
1334 524 1476 569 tuam
1501 533 1515 580 ;
1541 533 1557 565 ι
1587 528 1616 568 c
1642 514 1834 582 psalm.
1861 527 1999 573 cum,

2168 520 2212 563 ἰι
2238 528 2252 564 :
2274 526 2497 578 operum
2533 518 2725 561 autem
2757 504 2940 556 vitam
2972 498 3137 551 hanc
3167 490 3608 585 “recedentium
3640 505 3743 541 Ini--

466 616 538 670 8;
574 630 592 662 ι
640 611 781 663 Lduc
803 608 870 661 de
899 620 1110 659 carcere
1132 605 1362 657 animant
1390 619 1596 667 meam;
1627 621 1644 653 ι
1683 613 1736 654 et
1759 616 1788 654 e
1817 598 2004 670 psalm.

463 716 607 761 σειν,
641 700 673 752 9
698 716 711 752 :
738 717 755 750 ι
775 694 1075 749 Confitebor
1103 694 1324 748 Domino
1357 694 1407 745 in
1444 694 1659 762 regione
1682 693 1943 746 vivorum.
1980 706 1999 740 ι

465 787 694 854 Apponit
725 795 779 837 et
822 785 980 837 istum
1033 782 1389 852 Hieronymus
1436 783 1486 834 in
1520 784 1676 849 epist.
1718 782 1783 833 ad
1823 781 2007 833 Deme-

465 877 645 939 triad.,
670 890 789 944 cap.
835 874 889 939 9,
921 888 951 926 e
996 871 1154 927 Joan.
1186 888 1261 936 ις,
1294 871 1329 924 2
1371 889 1386 924 :
1422 889 1441 922 ι
1489 871 1591 927 iste
1636 870 1896 941 peccavit,
1948 877 2007 921 ut

461 980 633 1017 emcus
686 980 748 1017 ex
787 973 936 1016 utero
965 970 1294 1022 nasceretur,
1329 978 1396 1014 an
1440 970 1686 1028 parentes
1712 961 1865 1027 eius?
1901 979 1918 1011 ι
1953 967 2005 1013 et

463 1053 577 1105 illos
603 1064 856 1119 praeterea
888 1054 979 1107 lib.
1014 1071 1029 1107 ι
1061 1052 1419 1107 Comment.in
1452 1051 1615 1119 Epist.
1649 1052 1716 1103 ad
1745 1051 1930 1117 Ephes.
1964 1066 2001 1112 ι,

457 1143 512 1206 4,
556 1156 585 1194 e
635 1144 822 1210 psalm.
856 1158 1004 1209 cxrx,
1057 1142 1088 1193 5
1140 1159 1153 1195 :
1191 1161 1209 1192 ι
1255 1143 1345 1195 llei
1378 1142 1527 1203 mihi,
1575 1140 1695 1209 quia
1746 1140 2005 1193 incolatus

461 1248 612 1285 meus
645 1233 990 1302 prolongalus
1022 1243 1138 1295 est;
1191 1231 1423 1286 habitavi
1460 1247 1579 1285 cum
1635 1231 2004 1284 habitantibus

459 1322 655 1385 Cedar,
697 1322 918 1377 multmn
959 1323 1293 1392 peregrinata
1351 1331 1431 1376 est
1482 1321 1656 1374 anima
1706 1334 1854 1387 mea;
1911 1338 1930 1370 ι
1974 1334 2004 1373 e

456 1407 616 1465 Rom.
650 1426 738 1473 vn,
768 1410 837 1462 24
864 1425 876 1460 :
912 1428 930 1460 ι
972 1409 1129 1462 Miser
1145 1425 1243 1477 ego
1266 1409 1457 1470 homo!
1495 1409 1613 1475 quis
1643 1424 1727 1461 me
1755 1408 2002 1461 liberabit

460 1500 525 1557 de
554 1514 777 1567 corpore
803 1499 991 1553 mortis
1016 1498 1207 1566 hujus?
1234 1518 1251 1550 ι
1280 1510 1331 1553 et
1352 1516 1381 1553 e
1405 1498 1593 1566 Philip.
1625 1515 1664 1563 ι,
1693 1498 1763 1551 25
1796 1515 1851 1550 :t
1885 1496 2001 1551 Me-

459 1589 560 1642 lius
590 1598 671 1647 est
710 1590 999 1663 reverti.et
1030 1605 1151 1643 esse
1182 1606 1301 1643 cum
1337 1589 1584 1653 Christo;
1624 1608 1642 1640 ι
1669 1600 1722 1643 et
1752 1604 1783 1643 e
1805 1588 1995 1654 psalm.

464 1694 684 1741 Lxxnx,
718 1680 817 1742 1,2
839 1697 851 1731 :
875 1697 892 1729 ι
924 1680 1159 1744 Domine,
1185 1678 1442 1747 refugium
1480 1679 1651 1733 factus
1676 1694 1733 1733 es
1765 1681 1917 1733 nobis
1947 1680 1997 1733 in

460 1768 849 1843 generationem
878 1778 930 1820 et
970 1768 1366 1835 generationem
1402 1783 1417 1818 :
1467 1776 1748 1836 autequatu
1794 1779 1999 1822 montes

2106 601 2203 652 rita
2236 614 2578 668 nequaquam
2604 598 2677 649 ab
2709 590 2992 660 Apostolo
3028 583 3286 649 infringi
3339 597 3407 633 ac
3455 579 3567 631 tolli
3606 581 3740 630 arbi-

2109 700 2298 743 tratur.
2342 708 2362 740 ι
2398 689 2588 757 igitur,
2629 683 2819 751 inquit
2876 694 3041 732 num.
3079 675 3143 735 Ἰ,
3209 674 3365 725 sicut
3408 670 3479 722 de
3526 669 3662 722 Esau
3694 680 3744 723 et

2103 783 2266 837 Jacoh
2309 782 2627 849 diligentius
2673 770 3065 844 perscrutatis
3108 764 3443 831 Scripturis
3486 762 3747 816 invenitur

2105 875 2227 942 quia
2258 888 2363 925 non
2418 880 2504 925 est
2551 867 2838 934 iniustitia
2891 860 3044 929 apud
3091 857 3310 915 Deum,
3359 860 3422 904 ut.
3471 861 3748 918 antequam

2107 973 2478 1023 nascerentur,
2510 958 2596 1012 vel
2629 960 2875 1024 agerent
2912 947 3142 1016 aliquid
3174 945 3236 997 in
3270 944 3397 995 vita
3430 942 3566 1005 hac,
3606 944 3746 1030 dice-

2107 1042 2251 1107 retur
2283 1054 2409 1121 quia
2452 1049 2633 1117 major
2656 1046 2857 1098 serviet
2899 1039 3115 1094 minori
3148 1037 3204 1069 ⁵³
3248 1054 3265 1089 :
3311 1043 3373 1087 et
3396 1042 3461 1085 ut
3497 1032 3754 1085 invenitur

2106 1160 2208 1197 non
2237 1157 2358 1195 esse
2387 1138 2675 1206 iniustitia,
2711 1133 2866 1203 quod
2899 1141 2959 1186 et
2999 1131 3057 1184 in
3105 1136 3327 1182 ventre
3351 1125 3585 1177 fratrem
3612 1138 3753 1177 suum

2104 1231 2464 1301 supplantavit
2490 1228 2691 1290 Jacoh,
2731 1227 2779 1280 si
2816 1240 2886 1279 ex
2916 1218 3329 1290 prmcedentis
3362 1215 3627 1267 videlicet
3648 1214 3755 1267 vita!

2104 1322 2313 1375 meritis
2341 1321 2507 1389 digne
2553 1334 2679 1373 eum
2741 1316 3001 1370 electum
3037 1325 3184 1366 esse
3216 1307 3548 1363 sentiamus
3585 1321 3614 1359 a
3643 1305 3758 1370 Deo,

2104 1412 2175 1465 ita
2210 1419 2270 1464 ut
2318 1409 2471 1463 fratri
2504 1407 2752 1477 praeponi
2815 1414 3202 1461 mereretur;
3248 1399 3331 1450 ita
3383 1398 3586 1457 etiam,
3617 1414 3636 1447 ι
3665 1404 3756 1449 etc.

2104 1502 2234 1556 Rem
2265 1512 2487 1571 putasse
2516 1499 2740 1554 videtur
2774 1494 2988 1551 eodem
3027 1492 3244 1551 modo,
3288 1487 3598 1541 Paulinum
3634 1488 3759 1541 hunc

2101 1592 2276 1646 locum
2309 1591 2681 1656 interpretans
2708 1595 2849 1639 tom.
2881 1601 2920 1637 ιι
2959 1584 3022 1636 in
3052 1580 3275 1639 Ιοηη..
3334 1593 3499 1630 ιιιιιιι.
3530 1577 3624 1629 25,
3666 1576 3759 1631 Nec

2101 1679 2256 1732 aliter
2295 1677 2631 1731 intellexisse
2661 1689 2791 1727 eum
2824 1670 3168 1725 verisimile
3214 1678 3312 1722 est
3346 1668 3592 1721 alterum
3617 1667 3756 1719 istum

2100 1767 2140 1821 ll
2166 1768 2305 1822 Tim.
2340 1783 2380 1831 ι,
2410 1767 2466 1830 8,
2501 1766 2555 1829 9,
2599 1764 2811 1833 placito
2847 1764 2992 1817 licet
3043 1762 3249 1829 ipsius
3284 1774 3363 1813 ex
3414 1759 3651 1811 adverso
3680 1774 3760 1824 np-

462 1831 846 1917 fOrmarcntur,
884 1867 936 1910 et
973 1831 1120 1911 fieret
1175 1866 1339 1918 terra,
1373 1865 1425 1910 et
1467 1831 1621 1911 orbis-
1655 1867 1938 1911 terrarum.
1976 1877 1994 1909 ι
2033 1831 2073 1884 Β
2104 1857 2334 1924 positum
2371 1873 2431 1909 ει
2471 1831 2767 1909 Collabora
2804 1851 3137 1920 Evangelia
3162 1847 3498 1902 secundum
3529 1847 3756 1903 virtutem

459 1946 687 2012 Apponit
709 1955 762 2000 et
790 1946 934 2000 illum
962 1948 1014 2001 in
1046 1947 1236 2015 Ephes.
1266 1964 1303 2007 ι,
1340 1947 1402 2000 f7
1426 1963 1439 2010 ;
1464 1962 1493 2000 e
1533 1947 1725 2015 psalm.
1756 1964 1864 2011 xxi,
1898 1947 1997 2001 28:

464 2042 497 2083 c'
515 2027 944 2107 Rc'miniscentur
971 2046 1024 2091 et
1049 2046 1430 2091 cenvertentur
1457 2039 1521 2091 ad
1558 2039 1839 2091 Dominum
1878 2052 1996 2091 om—

460 2131 555 2177 nes
609 2124 740 2179 lines
779 2138 952 2182 terrm.
989 2144 1008 2176 ι
1059 2127 1131 2179 Ex
1181 2127 1280 2180 hoc
1332 2127 1558 2195 denique
1613 2127 1770 2182 Joan.
1825 2143 1865 2190 ι,
1915 2130 1997 2187 9:

463 2218 493 2265 ι
523 2213 652 2267 Erat
673 2213 758 2267 lux
792 2229 938 2278 vera,
967 2230 1085 2283 qua:
1138 2215 1404 2269 illuminat
1457 2232 1668 2270 omnem
1722 2218 1995 2272 hominem

462 2304 765 2357 venientem
816 2304 868 2357 in
915 2306 1054 2358 hunc
1098 2307 1371 2370 mundum,
1419 2326 1437 2357 ι
1473 2322 1647 2360 causze
1693 2322 1802 2362 suae
1842 2310 2004 2364 robur

454 2391 740 2463 Origeuem
775 2395 855 2451 vel
886 2394 1216 2467 Origenistas
1274 2398 1622 2453 accersivisse
1659 2399 1788 2454 dicit
1828 2400 2003 2471 Cyril-

459 2483 540 2538 tus
579 2485 630 2540 in
660 2485 903 2539 eumdem
939 2485 1162 2543 Joannis
1186 2487 1383 2541 locum.

527 2572 617 2632 IX.
645 2574 748 2629 Sed
785 2576 1066 2631 manifesto
1120 2585 1375 2645 repugnat
1412 2576 1540 2633 illud
1591 2577 1863 2633 Zacharia:
1897 2595 1997 2644 xu,

459 2664 484 2718 ί
516 2680 529 2719 2
567 2682 585 2719 ι
620 2665 757 2719 Dicit
795 2665 1047 2721 Dominus
1095 2668 1388 2722 extendens
1425 2669 1639 2733 etelum,
1666 2679 1719 2723 et
1766 2669 1997 2725 fundans

460 2754 682 2817 terram,
722 2765 778 2809 et
804 2755 1007 2824 fingens
1036 2757 1279 2824 spiritum
1314 2756 1546 2813 hominis
1581 2758 1632 2811 in
1671 2774 1767 2823 eo;
1806 2780 1827 2810 ι
1858 2761 1999 2827 qttod

459 2855 762 2897 commento
795 2844 917 2899 huic
961 2844 1283 2915 Origeniano
1323 2863 1351 2900 ιι
1395 2849 1666 2901 nonnullis
1696 2848 1997 2916 oppositum

459 2942 541 2985 cst
578 2949 596 2985 :
638 2942 896 3004 repugnat
927 2943 981 2988 et
1016 2935 1139 2988 illud
1172 2935 1393 2989 Joannis
1424 2952 1498 3002 ιιι,
1525 2937 1558 2989 5
1586 2951 1600 2989 :
1636 2954 1654 2987 ι
1703 2936 1999 3006 Respondit

455 3020 630 3089 Iesus,
662 3041 832 3096 neque
859 3027 942 3081 hic
970 3029 1227 3096 peccavit,
1262 3043 1431 3097 neque
1460 3037 1709 3096 parentes
1734 3028 1874 3096 eius,
1908 3029 1998 3081 sed

460 3121 517 3163 ut
558 3112 962 3166 manifesteutur
1008 3127 1164 3180 opera
1216 3116 1304 3167 Dei
1342 3116 1393 3169 in
1434 3115 1603 3168 ἱΙΙοε»
1635 3116 1772 3168 umle
1818 3115 1997 3167 mirari
2027 3138 2068 3194 ο

458 3202 600 3257 subit
623 3211 894 3270 stuporem
930 3203 1195 3274 Origenis,
1234 3204 1321 3269 qui
1350 3204 1658 3271 prmcedens
1685 3206 1822 3257 istud
1855 3219 2001 3258 com-

461 3304 543 3341 ma
570 3307 583 3343 :
618 3307 637 3339 ι
668 3289 857 3356 Rabhi,
891 3290 1012 3359 quis
1044 3289 1304 3357 peccavit,
1337 3289 1439 3353 hic,
1471 3298 1561 3340 aut
1583 3298 1832 3358 parentes
1862 3287 1998 3357 ejus,

461 3387 711 3429 utcmcus
737 3379 1085 3432 nasceretur?
1127 3397 1145 3428 ι
1186 3378 1236 3430 in
1276 3378 1355 3431 sui
1404 3378 1574 3432 delirii
1636 3377 1999 3432 defensionem

460 3467 741 3533 usurpavit
769 3483 783 3517 :
815 3467 880 3518 ad
912 3468 1232 3521 voluntatem
1262 3466 1454 3535 quippe
1479 3467 1569 3520 Dei
1599 3481 1811 3520 causam
1847 3466 2001 3519 carci-

458 3556 584 3609 tatis
612 3554 753 3609 illius
782 3557 1019 3611 referens
1041 3558 1308 3621 Christus,
1346 3571 1529 3610 ansam
1566 3572 1778 3610 omnem
1812 3557 1996 3609 abstu-

460 3644 524 3697 lit
548 3643 926 3712 detorquendze
959 3645 1103 3699 illius
1144 3650 1209 3699 ad
1240 3656 1453 3714 peccata
1487 3645 1646 3698 vitam
1692 3647 1995 3714 praeceden-

461 3731 825 3800 tia.Apertius
868 3734 1030 3789 etiam
1082 3744 1339 3802 repugnat
1376 3734 1500 3789 illud
1549 3735 1707 3787 Rom.
1744 3750 1821 3798 tx,
1850 3736 1907 3789 fl
1945 3744 1998 3789 et

458 3837 602 3891 seq.,
632 3823 775 3890 quod
799 3823 865 3876 ad
906 3825 1263 3879 subruendum
1300 3825 1433 3878 hanc
1460 3825 1702 3894 Origenis
1729 3826 2000 3893 opinatio-

462 3929 580 3967 nem
614 3925 833 3983 usurpat
874 3915 1199 3984 Augustinus
1244 3917 1294 3969 iu
1325 3917 1546 3986 cpistola
1584 3918 1646 3969 ad
1679 3916 1932 3984 Optatum
1980 3931 1995 3968 :

466 4021 485 4046 ο
519 3998 647 4059 Cum
675 4006 816 4060 enim
843 4008 1075 4061 nondum
1104 4009 1211 4062 nati
1247 4007 1488 4069 fuissent.
1525 4018 1616 4062 aut
1648 4008 1850 4077 aliquid
1873 4009 1996 4063 honi

461 4094 718 4163 egissent,
762 4105 854 4148 aut
887 4098 1007 4149 lllali
1038 4096 1117 4167 (ut
1146 4097 1433 4151 secundum
1468 4097 1777 4152 electionem
1806 4112 2001 4165 propo-

464 4186 621 4235 situm
645 4183 735 4238 Dei
758 4186 1033 4252 maneret).
1060 4201 1162 4241 non
1187 4202 1249 4240 ex
1281 4187 1550 4254 operibus,
1581 4188 1672 4241 sed
1690 4202 1754 4240 ex
1776 4197 1997 4241 vocante

464 4273 661 4325 dictum
695 4283 778 4327 est
802 4274 848 4328 ei
890 4293 903 4329 :
940 4274 1075 4344 Quia
1125 4274 1296 4343 major
1346 4277 1542 4329 serviet
1597 4277 1821 4339 minori,
1857 4277 1997 4332 sicut

465 4362 718 4429 seriptum
747 4372 858 4417 est:
889 4365 1052 4418 Jacoh
1079 4365 1255 4426 dilexi,
1292 4366 1427 4420 Esau
1455 4376 1628 4419 autem
1660 4367 1781 4420 odio
1803 4367 1987 4422 habui.

627 4465 752 4547 ergo
776 4453 1329 4547 dicetnusinuuqui—u—l
1352 4455 1600 4547 iniquitas
1631 4456 1768 4547 apud
1796 4455 1998 4547 Deum?
2029 4455 2072 4508 D
2102 4466 2379 4547 propterea
2416 4455 2653 4512 Paulum
2696 4464 2970 4531 Ephesiis
3005 4484 3229 4542 Optare
3260 4483 3349 4547 api

465 4537 638 4594 Absit.
669 4538 831 4609 Moysi
866 4541 1008 4595 enim
1041 4543 1173 4596 dicit
1207 4559 1221 4595 :
1264 4543 1554 4596 Miserebor
1589 4544 1738 4611 cujus
1768 4544 1994 4598 misere-

467 4628 594 4691 bor;
643 4634 697 4679 et
728 4628 1147 4682 misericordiam
1196 4632 1455 4698 praestabo
1486 4635 1635 4697 cujus
1683 4632 1992 4689 miserebor.

464 4716 626 4785 igitur
660 4730 763 4771 non
793 4717 1038 4783 volentis,
1070 4734 1241 4787 neque
1265 4722 1548 4783 currentis,
1566 4722 1657 4775 sed
1691 4722 1994 4777 miserentis

460 4812 545 4857 est
567 4803 659 4856 Dei
698 4804 762 4855 “.
810 4821 828 4853 ι
863 4803 989 4870 Qme
1039 4806 1164 4859 licet
1212 4805 1457 4876 Origenis
1502 4808 1707 4863 fabulas
1759 4809 1994 4865 funditus

464 4893 804 4954 labefactent,
843 4894 952 4947 htcc
989 4904 1161 4948 tamen
1206 4895 1317 4965 ipsa
1372 4898 1518 4952 Pauli
1566 4900 1725 4951 verba
1768 4902 1832 4952 ad
1885 4916 1993 4954 suae

463 4999 636 5038 causa:
664 4983 1020 5037 defensionem
1041 4983 1251 5039 adducit
1281 4986 1372 5044 lib.
1409 5003 1444 5039 ιι
1470 4990 1603 5055 Περὶ
1623 4989 1842 5055 ἀρχῶν,
1875 5005 1992 5057 cap.

462 5081 517 5141 9.
546 5078 638 5134 sed
676 5077 831 5130 aliter
859 5073 1076 5141 exponit
1102 5090 1165 5129 ac
1206 5077 1361 5146 vulgo
1392 5081 1582 5146 exponi
1630 5082 1819 5134 solent.
1844 5081 1993 5150 Quod

462 5170 601 5225 enim
658 5169 732 5223 ait
782 5163 1088 5234 Apostolus,
1122 5174 1403 5232 antequam
1435 5169 1557 5221 boni
1581 5171 1868 5238 quidquam
1909 5172 1993 5225 vel

463 5257 583 5313 ntali
623 5258 875 5330 egissent,
906 5269 934 5306 a
995 5251 1100 5305 Deo
1132 5252 1444 5318 destinatos,
1480 5273 1582 5309 non
1629 5274 1695 5311 ex
1744 5260 1996 5327 operibus

463 5348 702 5410 meritos,
733 5346 819 5399 hic
852 5350 908 5396 ut
938 5341 1266 5411 diligeretur,
1297 5339 1383 5393 ille
1427 5350 1484 5393 ut
1513 5344 1635 5397 odio
1672 5345 1992 5411 haberetur;

461 5436 624 5491 refert
654 5438 738 5491 ille
763 5435 827 5489 ad
858 5446 1017 5501 opera
1061 5431 1112 5483 in
1148 5429 1304 5482 terris
1330 5438 1385 5483 et
1432 5433 1541 5484 vita
1586 5432 1687 5486 hac
1730 5434 1993 5504 admissa,

461 5539 578 5591 quae
632 5526 828 5581 nullam
878 5526 983 5581 Deo
1015 5519 1389 5579 destinationis
1424 5535 1530 5575 sua:
1571 5536 1787 5577 causam
1835 5524 1999 5581 dede-

536 5690 578 5724 "
604 5697 753 5756 Rom.
799 5717 871 5763 ιι,
906 5700 1088 5756 ιι-ιε.
1137 5699 1183 5733 ³³
1206 5697 1400 5754 Gcztes.
1432 5716 1552 5765 xxv,
1585 5701 1674 5757 Q5.

1027 6344 1297 6372 9,1,!“
1326 6355 1401 6368 ,ιω
1428 6340 1491 6367 -‘L,
1752 6352 1841 6362 -ιωλ

2107 1944 2218 2008 Dei,
2258 1944 2345 2010 qui
2379 1957 2477 1995 nos
2500 1942 2794 2004 liberavit,
2825 1949 2885 1994 et
2914 1939 3173 1993 vocavit
3202 1936 3519 1991 vocatione
3534 1949 3627 1987 sua
3653 1950 3759 1987 san-

2102 2041 2208 2094 cta,
2260 2037 2364 2085 no'n
2418 2032 2725 2088 secundum
2762 2045 2942 2100 Opera
2993 2038 3247 2093 nostra,
3322 2026 3426 2080 sed
3484 2024 3755 2079 secundum

2099 2123 2430 2191 propositum
2464 2138 2626 2176 suum
2651 2134 2708 2176 et
2740 2123 3023 2192 gratiam,
3051 2134 3203 2187 «tum
3234 2118 3381 2171 data
3418 2128 3509 2172 est
3540 2115 3689 2172 nobis
3714 2118 3756 2168 iu

2101 2214 2315 2267 Christo
2337 2211 2464 2267 Jesu
2495 2221 2631 2266 ante
2661 2221 2925 2280 tempora
2957 2209 3325 2264 srecularia.
3361 2226 3384 2260 ι

2168 2302 2236 2355 Χ.
2279 2301 2674 2356 Verumtamen
2733 2302 3116 2377 perspicuis.
3161 2300 3307 2354 licet
3364 2298 3623 2353 convicta
3668 2298 3759 2352 sint

2102 2392 2392 2460 Scripturte
2425 2392 2768 2445 testimoniis
2827 2393 2958 2446 haec
3014 2392 3316 2455 decreta,
3375 2390 3553 2447 nihilo
3606 2391 3758 2446 secius

2101 2482 2476 2550 astipulatores
2513 2483 2715 2536 habuit
2759 2482 3123 2551 complures
3161 2482 3555 2537 Adamantius
3594 2498 3610 2535 :
3652 2496 3755 2534 nam

2102 2581 2295 2641 praeter
2322 2570 2669 2637 Pamphilum
2694 2569 2992 2639 Apologia:
3023 2579 3395 2635 auctorem,
3423 2571 3520 2641 qui
3567 2570 3616 2623 in
3656 2583 3754 2623 eam

2104 2660 2364 2714 inclinare
2422 2660 2649 2713 videtur
2700 2662 3096 2726 sententiam,
3148 2662 3427 2717 eamdem
3483 2670 3755 2717 asseclam

2100 2750 2349 2804 Clemens
2377 2748 2797 2805 Alexandrinus
2853 2748 3163 2807 Stromal.
3214 2752 3324 2806 lib.
3385 2768 3431 2818 ι,
3492 2764 3549 2807 et
3582 2753 3757 2808 clarius

2100 2840 2259 2892 etiam
2290 2838 2386 2895 lib.
2417 2853 2498 2892 ιιι.
2530 2839 2588 2891 In
2626 2839 2845 2908 chogie
2900 2856 3169 2910 quoque
3226 2845 3489 2899 animam
3529 2846 3676 2898 tradit
3713 2848 3755 2897 in

2100 2938 2311 2981 uterum
2337 2929 2553 2983 immitti
2582 2929 2691 2982 ὑπό
2711 2947 2871 2993 τινος
2906 2930 3032 2985 τῶν
3070 2937 3158 3004 τῇ
3194 2936 3435 3002 γενέσει
3462 2934 3755 3005 ἐφεστώτων

2099 3019 2363 3086 ἀγγέλων.
2420 3019 2666 3074 Pierium
2722 3021 2899 3073 etiam
2953 3022 3493 3089 Alexandrinum,
3519 3027 3608 3094 qui
3643 3027 3755 3080 alter

2100 3107 2363 3177 Origenes
2408 3111 2839 3175 cognominatus
2896 3123 3018 3175 est,
3087 3116 3445 3171 animarum
3497 3119 3755 3188 προΰπαρ-

2103 3198 2182 3263 ξιν
2210 3199 2516 3253 defendisse
2554 3207 2797 3253 testatur
2854 3201 3123 3258 Photius
3191 3208 3333 3261 cod.
3378 3224 3535 3264 ειη.
3582 3209 3748 3263 Neme-

2099 3290 2210 3342 sius
2240 3288 2293 3341 in
2327 3290 2470 3342 libro
2528 3289 2610 3343 De
2650 3300 2850 3344 natura
2912 3293 3223 3362 hominis,
3281 3313 3417 3367 cap.
3465 3300 3525 3365 2,
3573 3300 3753 3354 animas

2097 3377 2371 3430 hominum
2424 3379 2558 3432 olim
2590 3396 2619 3433 a
2656 3379 2769 3434 Deo
2805 3395 3182 3448 procreatas
3219 3390 3280 3441 in
3338 3405 3579 3459 corpora
3618 3390 3678 3444 ab
3701 3406 3753 3443 eo

2102 3468 2241 3519 mitti
2268 3468 2575 3534 existimat,
2605 3484 2730 3523 cum
2764 3472 2834 3523 ad
2862 3486 2971 3525 eas
3021 3478 3471 3547 suscipiendas
3503 3483 3681 3537 idonea
3707 3492 3754 3533 et

2101 3557 2383 3611 informata
2421 3570 2575 3615 sunt.
2607 3560 3034 3619 Ecclesiasticis
3053 3570 3442 3635 quibusdam
3468 3588 3755 3641 persuasum

2101 3648 2261 3702 fuisse
2277 3659 2464 3702 narrat
2484 3651 2853 3722 Hieronymus
2885 3658 3076 3724 epist.
3140 3660 3251 3723 82,
3279 3665 3355 3717 ad
3383 3664 3753 3725 Mareellinam,

2098 3740 2306 3792 animas
2333 3739 2461 3793 olim
2490 3744 2745 3796 conditas
2772 3745 2827 3797 in
2859 3746 3174 3806 thesauro
3203 3755 3309 3807 Dei
3353 3754 3594 3820 haberi;
3622 3768 3755 3823 quam

2099 3829 2407 3896 opinionem
2437 3832 2508 3884 ab
2537 3832 2880 3901 Origeuiana
2920 3844 3236 3897 secernit.
3285 3845 3419 3912 Ipse
3469 3861 3603 3900 vero
3636 3846 3754 3899 lib.t

2099 3917 2388 3971 Comment.
2420 3921 2490 3971 ad
2526 3920 2752 3987 Ephee.,
2789 3924 2847 3976 in
2889 3940 3034 3994 cap.
3073 3945 3119 3994 ι,
3172 3947 3341 3988 vers.
3378 3935 3415 3988 ι
3451 3946 3513 3990 et
3540 3935 3598 3999 5,
3629 3949 3755 3991 cont-

2099 4009 2262 4061 menti
2305 4009 2461 4077 hujus
2491 4013 2674 4073 capita
2701 4022 2756 4066 et
2788 4026 3259 4087 propugnaCula
3332 4037 3604 4082 accurate
3630 4042 3759 4081 scru-

2100 4107 2256 4159 tatur,
2307 4107 2362 4152 et
2409 4099 2461 4151 in
2509 4115 2729 4155 comma
2768 4103 2839 4156 17
2876 4110 3108 4177 capitis
3149 4116 3450 4185 ejusdem,
3485 4120 3760 4188 ἐπίγνωσιν

2100 4188 2238 4241 inter
2257 4197 2310 4241 et
2335 4189 2542 4256 γνῶσιν
2578 4192 2718 4247 illud
2756 4195 2839 4249 ait
2864 4197 3185 4260 interesse
3212 4210 3605 4276 discriminis,
3638 4212 3758 4281 quod

2103 4292 2273 4331 rerum
2326 4293 2462 4345 quas
2512 4296 2802 4351 nunquam
2852 4290 3157 4349 scivituus
3200 4299 3285 4352 sit
3330 4301 3572 4369 γνῶσις,
3604 4318 3760 4356 rerum

2103 4384 2226 4421 vero
2259 4383 2483 4462 quam-ru
2534 4374 2693 4462 prius
2744 4377 2907 4430 obliti
2966 4392 3407 4457 recordamur,
3456 4395 3757 4462 ἐπίγνωσις,

3365 4483 3540 4536 ritum
3579 4484 3761 4537 rescie-

2103 4546 2337 4643 tionisin
2388 4548 2673 4643 agnitione
2716 4554 2840 4613 Dei.
2876 4559 2936 4612 id
2981 4576 3106 4629 est,
3141 4569 3204 4620 ὲν
3250 4546 3602 4640 ὲιτιγνώσει,
3634 4575 3758 4643 quod

2102 4634 2250 4734 prius
2278 4633 2332 4734 in
2381 4634 2603 4692 ccclesti
2646 4643 2757 4695 vita
2796 4645 2981 4702 Deum
3027 4633 3410 4727 noverimus,
3446 4633 3679 4734 ejusque
3705 4666 3761 4717 d8

2101 4723 2253 4778 caelis
2278 4725 2331 4778 in
2365 4734 2547 4783 terras
2575 4733 2874 4803 migrando
2916 4743 3120 4811 obliti,
3164 4723 3404 4807 iterum
3430 4723 3533 4824 per
3572 4723 3760 4811 πέπεικε

2102 4822 2299 4867 tionem
2342 4831 2752 4885 cognoscamus
2799 4842 2815 4878 :
2869 4839 2931 4883 et
2991 4834 3102 4892 lib.
3142 4856 3178 4894 ιι
3214 4822 3569 4901 earumdem
3615 4846 3756 4900 Ceut-

2102 4911 2261 4991 ment.
2282 4903 2336 4955 in
2360 4904 2556 4973 Ephes.
2588 4927 2675 4979 tu,
2698 4914 2751 4978 i,
2772 4915 2878 4987 legi
2912 4922 2998 4977 ait
3034 4931 3236 4985 multis
3268 4936 3327 4986 in
3361 4936 3510 4991 locis
3547 4937 3754 4991 Paulum

2103 4988 2309 5048 idcirco
2338 4998 2588 5058 vinctum
2627 5007 2760 5072 dici,
2792 5013 2942 5078 quod
2977 5019 3179 5075 animo
3208 5024 3367 5091 .ejus
3416 4988 3679 5099 tanquam
3710 4988 3753 5080 in

2100 5096 2351 5150 carcere,
2398 5092 2480 5149 sic
2528 5097 2588 5152 in
2634 5116 2872 5170 corpore
2919 5108 3125 5166 clausa
3180 5125 3464 5173 teneatur
3504 5092 3757 5173 {deinde

2101 5173 2257 5282 addit
2281 5180 2394 5238 alio
2420 5201 2592 5248 sensu
2624 5196 2681 5251 id
2707 5196 2776 5251 ab
2796 5194 2933 5254 aliis
2952 5209 3163 5276 accipi,
3202 5226 3424 5281 nempe
3454 5217 3605 5282 quod
3625 5215 3755 5268 Pan-

2100 5259 2186 5373 lus
2217 5280 2289 5373 ex
2335 5282 2501 5335 utero
2560 5289 2759 5343 metris
2790 5304 2903 5345 sua:
2951 5296 3025 5347 ad
3082 5259 3526 5360 converte—udas
3575 5314 3753 5373 genta

2103 5359 2572 5465 paratdes‘tinatus,
2603 5382 2823 5440 vincula
2872 5393 3231 5453 postmodum
3278 5359 3748 5465 «misnome-

2229 5462 2290 5549 εξ
2306 5459 2373 5556 in
2395 5464 2630 5531 Philem.
2654 5491 2812 5540 mn,
2830 5476 2920 5530 ubi
2935 5476 3248 5549 Epaphrem
3275 5501 3298 5535 ι
3320 5454 3741 5556 concaptivuiln

2108 5549 2277 5601 suum
2339 5553 2562 5629 Paulus
2591 5569 2849 5645 appellat,
2885 5568 2940 5623 in
2968 5574 3137 5627 verbo
3166 5549 3553 5645 captivitatis,
3596 5577 3737 5647 iuxta
