3894 6472
143 401 308 481 ς,ϋὸ

1016 423 1574 479 ORIGENIANORUM
1614 422 1737 476 LIB.
1779 423 1840 486 11,
1881 422 2029 476 CAP.
2071 421 2134 487 ll,
2168 421 2435 488 QUAES'I‘.
2476 427 2564 481 Vl.

3316 427 3416 482 906

167 528 550 591 mnullost,
594 530 941 589 reconditum
988 538 1187 606 aliquid
1236 539 1405 594 latere
1435 539 1564 592 dicit
1597 539 1784 594 lliero-
1814 545 1856 598 Α
1889 537 1970 590 vel
2001 537 2195 602 sancti,
2223 540 2313 607 qui
2337 555 2456 595 cum
2477 541 2694 598 Christo
2727 551 2872 607 sunt,
2909 552 3072 612 agunt
3111 542 3330 612 aliquid,
3363 553 3420 600 et

185 624 444 683 “Imus,
493 635 512 669 ι
575 621 710 685 quod
759 627 908 691 capti
963 630 1162 695 pariter
1188 640 1242 683 et
1277 631 1443 685 vincti
1495 631 1544 684 in
1591 630 1778 684 vallem

206 711 371 762 hanc
394 710 615 764 adducti
663 714 772 766 sint
823 715 1205 788 lacrymarum.
1256 739 1275 771 ι
1311 723 1437 786 Qum
1466 736 1584 775 cum
1617 721 1782 808 inter;

214 795 407 863 posita
463 798 606 852 nulla
666 800 1034 858 coulutatione
1080 808 1161 860 vel
1202 823 1427 862 censura
1457 795 1778 877 scripsisset;

211 883 412 941 Butini
453 889 830 947 vexationibus
867 905 921 948 et
953 897 1187 962 querelis
1239 902 1546 967 patuerunt.
1579 900 1776 955 Verum

206 977 391 1046 huius
412 982 664 1036 criminis
699 986 1045 1041 accusatione
1077 988 1353 1044 absolvere
1400 1005 1516 1044 sese
1556 1000 1781 1046 conatur

198 1070 451 1140 Apolog.
494 1087 512 1127 ι
544 1075 752 1128 advers.
775 1063 974 1142 Ruﬁn.,
1003 1093 1120 1146 cap.
1163 1080 1196 1132 5
1245 1090 1298 1134 et
1347 1080 1402 1145 6,
1437 1081 1686 1152 idemque
1724 1085 1776 1136 in

193 1157 486 1215 Rufinum
532 1165 742 1218 crimen
789 1166 1016 1223 obscure
1068 1171 1260 1237 regerit
1305 1170 1521 1238 Apolog.
1571 1172 1665 1227 lib.
1714 1189 1776 1237 tt,

188 1264 344 1318 cap.
385 1249 421 1302 2
457 1259 514 1304 et
537 1253 594 1315 λι,
627 1263 681 1307 et
707 1254 799 1309 lib.
837 1271 916 1319 Ill,
943 1273 1059 1324 cap.
1086 1259 1118 1312 8
1139 1269 1190 1311 et
1221 1259 1273 1314 9.
1303 1259 1406 1314 Sed
1436 1263 1668 1315 notabile
1698 1275 1780 1316 est

190 1339 272 1393 ill
306 1340 500 1408 primis
531 1344 679 1410 quod
713 1345 790 1398 ait
823 1360 942 1416 cap.
969 1348 1277 1416 6Apolog.t
1309 1369 1322 1404 :
1355 1369 1372 1402 ι
1403 1350 1642 1406 Vinctam
1677 1355 1776 1407 dici

185 1431 460 1484 animam
493 1446 751 1501 corpore,
797 1437 964 1492 donec
993 1441 1056 1491 ad
1101 1440 1370 1494 Christum
1402 1445 1605 1505 redeat,
1635 1453 1689 1498 et
1724 1446 1775 1496 in

185 1521 658 1576 resurrectionis
692 1523 860 1586 gloria
893 1528 1257 1594 corruptivum
1304 1540 1358 1582 et
1403 1531 1624 1583 mortale
1654 1546 1776 1585 cor-

181 1624 334 1678 pus,
372 1609 790 1677 incorruptione
818 1622 872 1666 et
910 1615 1305 1671 immortalitate
1335 1629 1639 1684 commutet,
1674 1634 1776 1673 non

181 1698 466 1753 absurda:
495 1699 976 1769 intelligentizeest.
992 1723 1010 1755 ι
1033 1706 1342 1776 Auonymus
1365 1707 1452 1761 ille
1475 1709 1611 1776 apud
1635 1708 1776 1762 Pho-

181 1789 346 1841 litim
380 1789 512 1843 cod.
544 1805 690 1844 cxvu
719 1793 808 1859 qui
838 1792 1082 1872 Origenis
1117 1794 1486 1850 defensionem
1517 1799 1770 1866 suscepit,

179 1880 520 1949 Scriptura:
580 1896 773 1946 sacrae,
830 1883 1151 1953 Patrumque
1212 1884 1481 1952 suffragiis
1536 1903 1772 1942 errorem
1810 1911 1848 1962 Β

181 1971 352 2024 hunc
383 1971 540 2024 ultro
571 1987 908 2042 propugnare
931 1976 1144 2043 satagit,
1176 1976 1368 2029 nedum
1401 1977 1542 2031 illius
1579 1993 1773 2046 expro-

180 2061 523 2116 brationem
579 2063 648 2116 ab
681 2062 912 2131 Origene
959 2066 1260 2131 prohibeat.
1287 2064 1365 2121 Ab
1407 2082 1470 2121 eo
1513 2082 1638 2120 sane
1670 2083 1790 2121 nou'

182 2153 368 2222 plane
399 2153 653 2206 alienum
690 2155 852 2208 fuisse
887 2155 1223 2210 Philastrium
1256 2157 1604 2221 crediderim;
1631 2169 1774 2228 post-

179 2260 365 2310 quam
405 2245 564 2297 enim
592 2244 709 2298 lucc
731 2245 979 2298 disseruit
1005 2247 1132 2299 hair.
1159 2247 1221 2300 5|
1266 2267 1278 2301 :
1311 2264 1329 2298 ι
1369 2249 1485 2302 Alia
1537 2259 1618 2302 est
1664 2250 1773 2302 ha:-

179 2333 335 2387 resis
369 2348 506 2400 quze
530 2333 664 2387 dicit
692 2333 924 2387 hominis
953 2335 1182 2388 animam
1225 2350 1326 2388 non
1356 2335 1550 2389 factam
1595 2351 1623 2388 a
1666 2337 1772 2391 Deo

178 2421 480 2490 appellari
516 2423 785 2485 animam,
812 2422 903 2474 sed
945 2432 1092 2486 ante,
1129 2422 1321 2490 inquit,
1352 2423 1655 2477 intellectus
1681 2438 1772 2476 vo-

177 2514 463 2572 cabatur,
493 2520 550 2564 et
585 2521 707 2564 erat
764 2510 815 2562 in
855 2510 1034 2564 caelo:
1076 2520 1251 2574 postea
1291 2522 1463 2565 autem
1497 2514 1618 2580 quia
1666 2522 1770 2566 ter-

178 2617 322 2656 rena
360 2601 734 2665 desideravit,
759 2601 1071 2663 discessisse
1100 2617 1214 2655 eam
1243 2605 1307 2657 de
1331 2604 1489 2668 ccelo,
1525 2614 1577 2657 et
1605 2619 1670 2657 ex
1705 2618 1770 2659 eo

176 2709 308 2747 eam
345 2692 605 2745 animant
636 2701 989 2760 nuncupatam
1020 2693 1381 2756 arbitrantur;
1422 2712 1440 2745 ι
1480 2709 1597 2763 quae
1629 2695 1770 2762 peni-

177 2794 274 2837 tus
309 2782 666 2851 Origeniana
709 2791 855 2835 sunt.
891 2781 1117 2836 Mentem
1161 2797 1313 2837 suam
1359 2783 1550 2837 deinde
1594 2785 1768 2852 prodit

176 2874 270 2928 bis
300 2871 510 2927 verbis
539 2889 554 2925 :
587 2889 607 2922 ι
644 2869 958 2940 Ignorantes
985 2871 1123 2937 quod
1175 2872 1228 2924 in
1279 2872 1538 2940 principio
1566 2872 1700 2927 facta
1738 2889 1766 2926 a

177 2961 320 3025 Deo,
353 2971 416 3016 et
455 2971 645 3015 creata
678 2968 800 3030 post
826 2960 1039 3028 angelos
1073 2961 1250 3014 anima
1298 2973 1380 3015 est
1428 2962 1685 3030 appellata
1738 2979 1767 3015 a

179 3051 462 3114 Domino,
494 3051 706 3118 hocque
734 3063 927 3102 nomen
959 3047 1302 3116 proprietatis
1327 3050 1532 3117 accepit
1570 3065 1598 3101 a
1637 3051 1766 3114 Deo,

175 3152 240 3196 ut
285 3142 515 3204 anima,
569 3154 675 3192 non
713 3138 1018 3192 intellectus
1064 3148 1367 3195 vocaretur.
1403 3159 1422 3191 ι
1453 3139 1625 3208 Atque
1652 3141 1765 3194 haec

1881 626 2127 679 laborant
2181 643 2278 696 pro
2330 632 2482 686 nobis
2519 636 2584 686 ad
2624 635 3026 689 similitudinem
3087 634 3415 704 angelorum,

1879 717 1971 783 qui
1999 716 2184 770 salutis
2214 729 2410 774 nostra:
2459 723 2754 778 ministeria
2790 734 3122 793 procurant;
3166 725 3248 780 vel
3294 740 3418 779 rur-

1879 821 1996 858 sum
2043 817 2354 874 peccatores
2425 811 2585 863 etiam
2642 813 2737 881 ipsi
2794 824 2944 869 extra
3002 829 3195 883 corpus
3258 815 3414 885 positi

1880 904 2044 962 agunt
2079 897 2279 964 aliquid
2327 899 2614 952 secundum
2661 905 2988 970 propositum
3039 904 3239 959 mentis
3282 901 3430 967 suae;

1879 985 1944 1035 ad
1979 983 2282 1052 angelorum
2324 986 2671 1042 nihilominus
2713 989 3116 1049 similitudinem
3156 996 3433 1050 sinistro-'

1880 1087 2017 1135 runt,
2049 1087 2169 1126 cum
2217 1075 2410 1141 quibus
2469 1078 2603 1130 etin
2645 1087 2900 1134 talentum
2948 1083 3122 1151 ignem
3171 1087 3414 1140 mittendi

1879 1161 2128 1216 dicuntur
2161 1179 2189 1216 a
2219 1164 2437 1220 Christo
2468 1182 2481 1218 :
2517 1167 2776 1222 habeatur
2801 1179 2854 1224 et
2882 1171 2982 1225 hoc
3024 1189 3234 1242 quoque
3274 1177 3416 1231 inter

1878 1253 2082 1306 occulta
2117 1252 2234 1318 Dei,
2270 1271 2367 1309 nec
2393 1257 2648 1311 chartulae
2673 1260 3056 1316 committenda
3089 1266 3361 1334 mysteria.
3389 1285 3408 1316 ι

1878 1340 2013 1404 Quin
2041 1351 2093 1394 et
2123 1341 2213 1397 lib.
2245 1359 2283 1398 ll
2313 1345 2365 1398 in
2393 1345 2591 1400 Cantic.
2614 1350 2884 1414 canticor.,
2916 1366 3037 1420 pag.
3068 1351 3153 1414 58,
3181 1353 3411 1406 animant

1879 1443 2310 1502 unamquamque
2349 1434 2400 1487 in
2433 1450 2525 1488 sua
2562 1436 2726 1505 ipsius
2763 1439 3066 1507 cognitione
3099 1454 3416 1508 comparau-

1878 1519 1942 1571 da
1973 1519 2107 1574 eniti
2153 1522 2348 1577 debere
2393 1525 2658 1592 sanciens,
2706 1528 2886 1582 varias
2910 1543 3070 1597 super
3093 1544 3154 1582 ea
3196 1545 3259 1583 ac
3288 1545 3416 1582 con-

1882 1611 2072 1666 trarias
2098 1625 2384 1668 enumerat
2411 1617 2712 1682 opiniones,
2744 1634 2877 1686 quas
2898 1621 3169 1674 discutere
3197 1635 3261 1674 ac
3283 1635 3410 1674 ven-

1881 1699 2034 1754 tilare
2058 1702 2290 1755 animam
2317 1704 2490 1772 jubet,
2533 1713 2586 1759 et
2621 1708 2672 1760 in
2708 1707 3172 1762 verisimilioribus
3199 1708 3414 1775 acquie-

1878 1803 2046 1844 scere.
2084 1789 2173 1845 Sic
2199 1803 2373 1846 autem
2405 1808 2497 1848 eas
2527 1797 2720 1850 anima:
2751 1797 3124 1866 expendendas
3155 1799 3320 1862 dedit,
3356 1811 3414 1852 ut

1879 1879 1931 1931 in
1971 1888 2252 1948 utramque
2305 1891 2508 1950 partem
2539 1886 2605 1939 de
2638 1885 2742 1939 illis
2788 1886 3082 1956 disputare,
3119 1896 3173 1941 et
3214 1888 3410 1942 rationi

1877 1971 2043 2037 magis
2083 1982 2471 2028 consentaneas
2512 1975 2709 2044 eligere
2761 1977 2860 2030 hoc
2909 1986 3148 2046 tempore
3197 1979 3424 2033 licuisse

1874 2058 2133 2112 videatur.
2163 2061 2308 2117 ‘Hinc
2355 2062 2490 2117 libro
2533 2080 2570 2118 ιι
2603 2066 2738 2133 Περὶ
2767 2066 2982 2135 ἀρχῶν,
3015 2081 3133 2134 cap.
3175 2067 3228 2130 8,
3261 2077 3410 2137 post-

1873 2160 2030 2212 quam
2063 2149 2242 2203 multis
2270 2152 2520 2208 disseruit
2552 2155 2618 2209 de
2655 2157 2855 2222 anima,
2901 2169 2957 2212 et
2999 2175 3222 2215 excussa
3251 2177 3282 2215 a
3327 2175 3414 2216 no-

1875 2236 1953 2290 bis
1983 2241 2223 2304 superius
2266 2242 2456 2310 placita
2498 2247 2791 2315 proposuit,
2845 2249 3057 2314 subjicit
3123 2251 3250 2306 illud
3293 2261 3404 2306 tan.

1873 2324 2011 2387 dem,
2043 2340 2186 2379 num.
2213 2328 2246 2380 4
2273 2348 2286 2382 :
2330 2347 2349 2380 ι
2388 2331 2761 2387 Verumtamen
2792 2335 2936 2402 quod
2974 2337 3226 2402 diximus,
3259 2353 3410 2393 men-

1875 2423 1977 2465 tem
2007 2412 2058 2466 in
2087 2415 2319 2468 animam
2347 2419 2500 2484 verti,
2536 2419 2620 2472 vel
2655 2421 2698 2474 si
2728 2436 2833 2489 qua
2864 2423 2965 2476 alia
2995 2425 3047 2476 in
3079 2426 3179 2480 hoc
3226 2425 3411 2480 viden-

1874 2512 1958 2554 tur
1989 2503 2248 2571 aspicere,
2276 2506 2527 2560 discutiat
2555 2512 2693 2577 apud
2723 2525 2780 2564 se
2810 2513 2898 2578 q’ui
2931 2512 3058 2581 legit
3085 2514 3408 2584 diligentius.

1869 2601 1923 2643 et
1954 2603 2242 2660 pertractet
2275 2611 2289 2647 :
2339 2610 2368 2647 a
2422 2596 2576 2650 nobis
2617 2608 2790 2653 tamen
2832 2616 2935 2654 non
2985 2613 3234 2668 putentur
3271 2604 3411 2658 velut

1870 2683 2108 2749 dogmata
2142 2697 2259 2737 esse
2299 2685 2527 2750 prolata,
2579 2689 2672 2741 sed
2725 2693 2986 2745 tractandi
3035 2707 3182 2746 more
3227 2708 3289 2748 ac
3323 2709 3410 2749 re-

1869 2771 2113 2838 quirendi
2146 2785 2264 2825 esse
2293 2774 2528 2828 discussa
2555 2791 2570 2840 ;
2608 2795 2627 2828 ι
2667 2789 2721 2830 et
2766 2780 2922 2847 paulo
2973 2790 3115 2847 post,
3147 2797 3294 2836 num.
3323 2783 3359 2837 ὅ
3391 2803 3406 2837 :

1874 2875 1893 2908 ι
1932 2857 2055 2914 Haec
2087 2869 2242 2928 prout
2264 2863 2534 2929 potuimus
2569 2865 2632 2919 de
2679 2868 2982 2922 rationabili
3023 2870 3198 2924 anima
3235 2871 3410 2926 (itacu-

1871 2951 2046 3004 tienda
2078 2951 2244 3020 magis
2279 2968 2308 3006 a
2335 2953 2648 3023 legentibus,
2678 2973 2835 3024 quam
2870 2967 3069 3014 statuta
3099 2974 3161 3014 ac
3191 2961 3404 3018 deﬁnita

1869 3039 2203 3105 protulimus.
2267 3058 2287 3091 I
2337 3041 2512 3110 Atque
2551 3043 2667 3098 huic
2709 3053 2793 3099 est
2835 3060 3040 3099 summa
3082 3045 3408 3104 defensionis

1868 3126 2148 3195 Pamphili.
2186 3129 2354 3194 Quam
2386 3141 2443 3184 ut
2471 3130 2698 3186 validius
2724 3136 3026 3200 conllrtnet,
3057 3135 3177 3190 aliis
3201 3137 3315 3191 fere
3342 3143 3409 3191 de

177 3235 519 3301 Scriptura:
555 3229 891 3298 postmodum
931 3228 1386 3283 testiﬁcatiouibus
1426 3231 1760 3297 comprobat.

1869 3217 2025 3270 rebus
2055 3227 2316 3272 tractasse
2354 3218 2634 3288 Origenetn
2678 3223 2840 3288 dicit;
2919 3239 2966 3278 .e
2989 3226 3188 3288 anima,
3227 3236 3408 3294 utpote

175 3326 452 3393 Denique
509 3321 648 3374 vitio
699 3320 794 3374 dat
836 3317 1167 3373 Tertulliano
1205 3319 1536 3388 Augustinus
1563 3319 1656 3373 lib.
1692 3319 1765 3371 De

173 3419 378 3470 Intres.
432 3412 508 3466 ad
566 3409 1014 3476 Quodvultdeum,
1056 3408 1196 3476 quod
1253 3411 1458 3462 animas
1495 3409 1763 3464 hominum

173 3519 434 3574 nequam
479 3509 608 3570 post
633 3498 836 3552 obitum
862 3498 913 3550 in
947 3497 1213 3550 daemones
1243 3497 1478 3550 converti
1516 3511 1764 3550 asserue-

175 3595 274 3648 rit.
353 3589 740 3658 Quamobrem
798 3585 1131 3640 Domitianus
1188 3585 1394 3651 Galata,
1447 3585 1765 3656 Ancyranus

171 3687 529 3753 episcOpus,
569 3679 622 3731 in
653 3675 879 3746 epistola
913 3677 977 3729 ad
1001 3674 1244 3742 Vigilium
1275 3691 1485 3742 papam,
1511 3677 1765 3729 adversus

168 3771 452 3844 Origenis
491 3770 680 3823 hostes
702 3769 815 3821 bmc
844 3767 1209 3834 conqueritur,
1232 3766 1492 3818 referente
1516 3763 1762 3818 Facundo

170 3865 276 3919 lib.
306 3879 386 3926 tv,
418 3874 555 3928 cap.
591 3859 666 3910 ιτ
699 3875 718 3909 ‹
757 3856 1120 3909 Prosiluerunt
1143 3856 1207 3906 ad
1241 3853 1764 3907 anathematizandos

172 3952 592 4010 sanctissimos
626 3957 682 4002 et
709 3945 1120 4017 gloriosissimos
1169 3945 1437 4008 doctores,
1479 3946 1578 3998 sub
1607 3957 1762 3996 ncca-

166 4052 339 4102 sione
373 4056 581 4098 eorum
611 4054 732 4106 qua:
774 4038 840 4090 de
881 4035 1299 4104 prmexsistcntia
1333 4044 1387 4088 et
1430 4033 1763 4087 restitutione

167 4147 336 4190 mota
359 4141 520 4196 sunt,
548 4132 881 4199 dogmatum,
912 4125 1010 4180 sub
1040 4125 1216 4193 specie
1243 4123 1453 4191 quidem
1489 4120 1760 4187 Origenis,

164 4241 388 4282 omnes
415 4233 608 4277 autem
641 4219 731 4288 qui
767 4229 892 4270 ante
942 4231 1084 4278 eum,
1123 4224 1176 4269 et
1207 4225 1324 4284 post
1353 4228 1473 4268 eum
1527 4213 1761 4274 fuerunt,

164 4326 422 4372 sanctos
456 4309 1010 4365 anathematizantes.
1055 4324 1072 4356 ι

247 4409 360 4466 χι,
390 4406 611 4470 Nempe
633 4403 699 4456 de
733 4400 925 4454 animae
951 4397 1156 4467 origine
1180 4411 1240 4450 ac
1264 4408 1406 4450 sorte
1432 4394 1562 4448 nihil
1591 4396 1763 4448 adhuc

161 4503 374 4554 fuerat
401 4496 475 4549 ab
499 4491 744 4547 Ecclesia
771 4491 1061 4542 decretum.
1099 4512 1115 4537 ι
1156 4487 1229 4540 De
1255 4486 1428 4538 anima
1460 4500 1605 4547 vero,
1687 4485 1763 4537 ait

153 4589 465 4657 Origenes
527 4582 580 4633 in
635 4591 859 4647 promtu.
913 4575 1004 4629 lib.
1052 4577 1186 4642 Περὶ
1235 4573 1453 4640 ἀρχῶν,
1509 4588 1654 4624 ιιιιιιι.
1705 4572 1757 4635 5,

160 4698 186 4731 ‹
225 4689 444 4732 utrum
470 4687 544 4726 ex
575 4667 795 4724 seminis
840 4665 1068 4719 traduce
1097 4666 1338 4726 ducatur,
1386 4663 1456 4715 ita
1513 4670 1570 4714 ut
1623 4663 1761 4714 ratio

155 4768 390 4839 ip~illS.
421 4761 514 4815 vel
543 4755 847 4812 substantia
877 4753 1071 4807 inserta
1103 4753 1230 4820 ipsis
1254 4752 1547 4806 seminibus
1579 4765 1758 4817 corpo-

156 4857 412 4912 ralibus
443 4850 751 4910 habeatur;
812 4859 880 4897 an
919 4857 1044 4897 vero
1078 4843 1217 4896 aliud
1271 4842 1465 4895 habeat
1495 4839 1702 4892 initimn
1741 4859 1752 4892 :

149 4959 220 5004 et
256 4949 385 5001 hoc
416 4943 598 5011 ipsum
629 4936 860 4995 initium.
885 4933 928 4986 si
960 4932 1192 5002 genitum
1220 4921 1322 4993 est,
1361 4942 1453 4983 aut
1475 4945 1579 4983 non
1610 4930 1760 4997 geni-

151 5049 298 5092 tum
330 5051 353 5098 ;
385 5029 473 5083 vel
492 5035 640 5080 certe
661 5025 702 5078 si
726 5023 1047 5077 intrinsecus
1075 5021 1281 5088 corpori
1306 5019 1528 5080 inditur,
1557 5032 1748 5079 necne,

155 5142 298 5183 non
335 5122 483 5175 satis
509 5113 792 5170 manifesta
819 5110 1194 5181 praedicatione
1209 5107 1584 5174 distinguitur;
1618 5122 1637 5154 ι
1668 5105 1757 5172 qui

147 5220 349 5273 locus
385 5208 664 5280 profertur
695 5205 747 5256 in
775 5201 1117 5272 supposititio
1144 5199 1350 5264 dialogo
1372 5196 1472 5249 sub
1509 5194 1762 5263 Hierony-

150 5309 243 5363 mi
291 5314 372 5357 ει
406 5295 699 5364 Augustini
735 5294 969 5355 nomine,
997 5291 1086 5358 qui
1121 5289 1349 5343 habetur
1394 5285 1532 5338 inter
1580 5285 1759 5351 spuria

147 5388 533 5457 Hieronymi
555 5402 572 5450 ;
597 5394 650 5437 et
682 5385 733 5436 in
761 5397 922 5450 opere
964 5380 1038 5432 De
1068 5379 1258 5432 deitate
1304 5385 1350 5426 et
1400 5375 1757 5426 incarnatione

159 5481 372 5539 Verbi
419 5478 486 5530 ad
525 5473 854 5536 Januariutn,
910 5469 1000 5538 qui
1055 5479 1194 5522 tonio
1241 5462 1522 5533 Augustini
1572 5471 1759 5530 quarto

145 5565 561 5630 subnectitur
593 5563 683 5615 lib.
737 5577 774 5624 ι,
814 5576 929 5629 cap.
964 5559 1019 5618 2,
1072 5569 1125 5612 et
1169 5555 1436 5620 profertur
1477 5551 1760 5618 utrobique

149 5663 332 5735 ipsis
371 5655 559 5710 Rufini
587 5652 781 5704 verbis.
813 5651 951 5744 ide-nt
977 5649 1035 5744 in
1060 5647 1228 5714 Epist.
1257 5644 1322 5696 ad
1348 5639 1493 5695 Rom.
1541 5640 1636 5694 lib.

144 5747 458 5812 ουιιι.’4,
496 5757 617 5812 pag.
649 5740 751 5793 479
780 5756 793 5790 :
834 5757 853 5788 ί
886 5737 941 5790 Si
969 5737 1124 5789 etiam
1168 5744 1321 5787 extra
1356 5745 1552 5800 corpus
1595 5737 1753 5800 positi

538 5837 803 5894 PATROL.
849 5829 962 5888 Gtt.
1007 5829 1196 5888 XVII.

1869 3305 2083 3361 incertae
2110 3309 2351 3376 originis,
2391 3321 2445 3364 et
2470 3325 2652 3378 parum
2704 3322 2989 3382 compertae
3021 3325 3242 3381 naturai,
3275 3316 3406 3369 nihil

1867 3396 2168 3463 scripsisse.
2198 3399 2334 3451 Tum
2374 3413 2439 3452 ex
2486 3400 2622 3455 libro
2647 3403 2698 3455 in
2729 3401 3016 3471 Epistolam
3045 3407 3113 3457 ad
3148 3405 3318 3459 Titum
3353 3409 3408 3462 il-

1866 3485 2081 3540 lustrem
2131 3488 2350 3544 adducit
2391 3491 2634 3560 Origenis
2672 3493 2876 3559 locum,
2937 3510 3043 3564 quo
3104 3499 3405 3567 exemplum

1863 3590 2044 3629 eorum
2073 3577 2301 3634 aﬂ‘erens
2325 3595 2444 3649 quae
2470 3585 2773 3649 apostolicis
2808 3586 3179 3641 traditionibus
3210 3603 3408 3657 nequa-

1865 3680 2022 3732 quam
2052 3667 2425 3735 determinata,
2453 3673 2652 3741 absque
2685 3675 2948 3730 haereseos
2988 3687 3110 3732 uota
3161 3687 3406 3747 poterant

1864 3755 1945 3806 vel
1989 3757 2163 3825 respui
2210 3759 2291 3811 vel
2343 3762 2583 3824 admitti,
2635 3767 2982 3831 quaistionem
3016 3768 3285 3836 proponit
3340 3770 3406 3823 de

1867 3845 2041 3898 anima
2075 3864 2089 3900 :
2123 3863 2141 3897 ι
2179 3847 2310 3901 Cum
2341 3850 2404 3903 de
2427 3865 2513 3917 ea,
2545 3852 2736 3919 inquit,
2782 3869 2954 3922 neque
2983 3855 3120 3923 quod
3153 3871 3216 3910 ex
3246 3857 3404 3910 semi-

1866 3935 1948 3988 nis
1992 3938 2210 3992 traduce
2252 3939 2500 4004 ducatur,
2549 3957 2721 4010 neque
2768 3943 2906 4012 quod
2955 3945 3315 3997 honorabilior
3351 3955 3406 3998 et

1865 4025 2133 4090 antiquior
2175 4041 2458 4096 corporum
2491 4045 2747 4099 compage
2787 4033 2878 4094 sit,
2921 4032 3201 4084 tradiderit
3227 4031 3402 4086 eccle-

1864 4115 2081 4167 siastica
2111 4117 2323 4184 regula;
2359 4135 2378 4168 ι
2412 4133 2636 4186 quorttm
2670 4120 2912 4173 alterutri
2937 4121 3026 4187 qui
3061 4119 3284 4174 fuissent
3313 4137 3404 4174 as-

1862 4200 2028 4266 sensi,
2074 4205 2218 4257 velut
2263 4209 2413 4260 novis
2447 4211 2716 4263 studentes
2753 4211 2913 4264 rebus
2951 4214 3003 4265 in
3043 4212 3401 4279 suspicionem

1864 4294 2071 4348 venisse
2120 4295 2278 4361 dicit;
2327 4307 2380 4350 at
2409 4313 2501 4352 eos
2539 4301 2853 4354 temeritatis
2899 4284 3136 4366 damnat,
3179 4303 3266 4386 qui
3301 4303 3402 4356 hac

1862 4401 2179 4454 quemquam
2211 4389 2274 4442 de
2323 4401 2483 4442 causa
2527 4399 2831 4458 suspectum
2871 4381 3149 4446 baberent:
3179 4381 3256 4445 Ad
3286 4393 3400 4446 hinc

1866 4477 2044 4543 adjicit
2091 4477 2396 4548 Pamphilus
2442 4479 2572 4533 alias
2596 4480 2663 4533 de
2692 4481 2868 4534 anima
2911 4482 3188 4550 opiniones
3213 4479 3400 4550 Orige-

1867 4571 2020 4623 niana
2066 4569 2220 4640 longe
2263 4571 2608 4625 absurdiores
2638 4585 2757 4624 esse
2810 4581 2864 4624 et
2905 4572 3232 4639 ineptiores:
3265 4575 3402 4626 inter

1863 4676 1995 4728 quas
2024 4660 2200 4730 priore
2229 4673 2344 4712 eam
2377 4659 2493 4714 loco
2523 4664 2688 4728 ponit,
2709 4677 2824 4728 qua:
2853 4663 3127 4717 catholica:
3151 4664 3400 4718 Ecclesia-

1863 4749 2224 4802 sanctionibus
2251 4748 2408 4802 hodie
2437 4759 2654 4816 recepta
2689 4759 2788 4804 est.
2821 4751 2982 4805 Addit
3012 4752 3202 4806 deinde
3233 4753 3400 4805 haud-

1863 4852 2125 4905 quaquam
2153 4837 2506 4892 damnandum
2543 4854 2660 4894 esse
2687 4839 2992 4909 Origenem,
3024 4856 3145 4895 cum
3191 4856 3250 4894 ea
3284 4857 3397 4895 ser-

1863 4927 2064 4978 vaverit
2089 4942 2207 4991 qua:
2238 4936 2362 4979 tunc
2391 4941 2548 4993 super
2574 4942 2635 4982 ea
2660 4929 2950 4997 quaestione
2975 4931 3232 4985 servanda
3259 4944 3397 4998 prte-

1859 5023 2078 5082 ceperat
2117 5013 2389 5078 Ecclesia,
2451 5017 2656 5071 animas
2699 5018 2948 5073 nimirum
3003 5019 3234 5086 ejusdem
3279 5031 3398 5070 esse

1863 5105 2190 5166 substantiae,
2226 5106 2576 5170 immortales,
2616 5108 2841 5161 rationis
2874 5109 3177 5178 participes,
3228 5105 3398 5156 libero

1863 5195 2108 5261 praeditas
2135 5196 2378 5262 arbitrio,
2418 5213 2447 5250 a
2486 5198 2592 5252 Deo
2633 5201 2890 5252 conditas.
2937 5195 3214 5263 Subiungit
3246 5192 3400 5243 deni-

1862 5298 1966 5351 Que
1997 5301 2011 5336 :
2044 5300 2062 5333 ι
2097 5283 2319 5350 Quando
2359 5296 2536 5342 autem
2587 5287 2739 5342 factae
2765 5290 2893 5352 sint,
2945 5288 3068 5340 olim
3115 5276 3285 5336 simul.
3323 5292 3398 5329 an

1863 5386 2003 5425 nunc
2047 5386 2139 5440 per
2188 5373 2424 5441 singulos
2467 5377 2820 5438 nascentium,
2868 5373 2994 5441 quid
3039 5360 3256 5456 periculi
3282 5373 3406 5456 ,εει

1862 5463 2176 5514 alterutrum
2226 5477 2256 5515 e
2307 5465 2512 5518 duobus
2541 5461 2788 5532 opinari?
2819 5479 2836 5510 ι
2866 5458 3000 5524 Quid
3039 5450 3176 5521 quod
3205 5447 3411 5513 Orige-

1862 5566 1979 5614 nes,
2027 5561 2152 5605 totn.
2199 5568 2234 5606 ιι
2265 5553 2318 5606 in
2380 5553 2562 5620 Joan.,
2607 5566 2757 5606 num.
2803 5547 2894 5612 ει,
2933 5545 3228 5632 animarum

1863 5641 2086 5712 ὓπαρξιν
2132 5643 2417 5697 universali
2445 5644 2691 5711 opinione
2725 5635 3066 5723 approbatam
3098 5619 3272 5723 dicit?
3302 5619 3421 5723 eam

1856 5729 1934 5797 δὲ,
1976 5709 2165 5802 inquit,
2197 5737 2365 5804 κρατῇ
2419 5735 2447 5785 ὁ
2479 5709 2726 5787 -καθόλου
2754 5723 2879 5792 περὶ
2916 5709 3301 5866 ψυχῆέῃλὸγος.
3332 5709 3427 5769 ὡς
