3894 6480
433 400 539 454 9οῗ

1620 395 1678 451 Ρ.
1718 393 2022 452 DANIELIS
2059 391 2286 453 HUETII

433 517 495 569 οὐ
527 507 960 580 συνεσπαρμένης
987 509 1063 578 τῷ
1087 510 1313 579 σώματι,
1355 506 1485 563 ἀλλὰ
1513 511 1615 579 πρὸ
1641 510 1799 563 αὑτοῦ
1828 528 1949 578 τυγ-

2170 521 2322 575 empe
2360 506 2621 575 utrinque
2671 504 3011 572 Scriptura:
3041 499 3408 556 teStimouiis
3433 503 3707 571 pugnaba-

432 602 708 675 χανούσης,
740 601 830 651 καὶ
856 600 941 651 διὰ
967 599 1210 661 ποικίλας
1242 601 1413 662 αἰτίας
1436 599 1747 669 ἐνδυομένης
1793 600 1954 670 σαρκὶ

434 693 523 748 καὶ
550 692 755 760 αἵματι,
788 700 840 742 et
871 702 1083 743 caetera.

497 783 608 837 XII.
642 782 747 835 Nec
784 780 1023 849 Origenis
1056 782 1209 835 modo
1260 781 1598 847 temporibus,
1627 781 1716 835 sed
1761 795 1950 834 recen—

429 874 653 927 tioribus
690 873 846 926 etiam
880 873 1074 924 incerta
1104 871 1197 923 fuit
1228 869 1278 921 in
1319 869 1551 923 Ecclesia
1581 872 1769 923 anima:
1805 870 1954 936 origo

424 972 480 1017 et
522 971 729 1015 natura.
779 960 957 1013 Etate
995 960 1201 1026 quidem
1243 975 1334 1013 sua
1369 961 1576 1012 diversa
1622 960 1854 1013 sensisse
1886 962 1953 1013 de

428 1052 602 1105 anima
651 1049 1037 1105 ecclesiasticos
1084 1062 1265 1101 omnes
1310 1050 1495 1102 scribit
1543 1050 1847 1117 Pamphilus
1893 1052 1946 1103 in

426 1138 693 1208 Apologia.
741 1139 1085 1207 Hieronymus
1124 1136 1283 1202 epist.
1341 1137 1407 1189 8‘2
1453 1140 1795 1205 qutestionetn
1846 1139 1949 1193 sibi

424 1246 583 1300 super
611 1230 797 1281 animm
823 1237 961 1280 statu
988 1242 1017 1279 a
1051 1225 1354 1281 Marcellino
1383 1238 1436 1281 et
1465 1228 1796 1296 Anapsyebia
1827 1243 1947 1295 pro-

422 1318 643 1386 positam
678 1317 882 1379 recitat,
922 1330 985 1367 ex
1014 1330 1116 1382 qua
1163 1316 1425 1381 intelligas
1473 1318 1683 1383 quantis
1718 1316 1948 1368 tenebris

422 1406 581 1459 fuerit
629 1415 751 1458 tunc
801 1405 1053 1469 temporis
1101 1405 1447 1458 circumsessa
1494 1404 1716 1470 quaestio
1742 1404 1807 1457 de
1834 1405 1949 1456 ani-

420 1509 503 1547 ma
535 1512 549 1546 :
582 1512 601 1544 ι
643 1492 812 1561 Super
853 1495 1039 1546 anima:
1079 1502 1238 1553 statu,
1271 1495 1462 1560 inquit,
1493 1494 1705 1548 memini
1762 1504 1950 1548 vestra:

419 1584 827 1651 quaestiunculam
875 1585 981 1636 imo
1029 1586 1255 1637 maxime
1286 1585 1661 1638 ecclesiastica“:
1693 1584 1946 1651 quaestio-

418 1670 501 1722 nis
533 1690 545 1721 :
576 1678 751 1722 utrum
784 1670 924 1737 lapsa
953 1670 1018 1722 de
1045 1671 1177 1723 caelo
1199 1671 1287 1737 sit,
1317 1680 1371 1724 ut
1402 1670 1730 1739 Pythagoras
1771 1670 1946 1738 philo-

416 1758 629 1826 sophus,
674 1774 963 1825 omnesque
1001 1759 1281 1822 Platonici,
1332 1770 1385 1813 et
1428 1759 1685 1826 Origenes
1722 1768 1944 1826 putant,

2054 605 2159 649 tur.
2190 593 2287 659 Qui
2322 594 2613 650 tuebantur
2644 595 2980 646 animarum
3011 587 3430 659 προῦπαρξιν,
3456 590 3717 647 adversus

2050 699 2145 737 eos
2172 684 2260 751 qui
2286 684 2495 738 animas
2530 693 2669 736 tunc
2699 682 2891 735 creari
2925 679 3242 741 volebant,
3275 694 3415 731 cum
3441 693 3713 747 papam.

2054 773 2120 827 tis
2148 773 2464 841 corporibus
2492 782 2655 826 erant
2694 771 3050 833 inserenda,
3088 770 3205 823 hoc
3245 768 3399 823 Gen.
3437 783 3502 832 ιι,
3543 769 3602 834 9,
3643 773 3727 823 tuo

2053 864 2352 924 tentabant,
2406 882 2427 913 ι
2461 862 2530 915 Et
2580 861 2871 931 requievit
2936 859 3153 928 (Deus)
3209 859 3309 911 die
3359 861 3606 925 septimo
3653 863 3723 916 sb

2050 952 2303 1004 universo
2331 966 2496 1019 opere
2542 951 2694 1019 quod
2723 958 3009 1019 patrarat.
3054 968 3083 1000 ι
3126 948 3360 1002 (ὶοιιιη
3407 950 3717 1015 praetende-

2049 1039 2180 1093 bant
2231 1041 2529 1094 adversarii
2591 1041 2729 1093 illud
2790 1040 2964 1095 Joan.
3026 1055 3091 1104 ν,
3163 1039 3268 1101 l7,
3315 1056 3335 1087 ι
3376 1038 3551 1091 Pater
3578 1055 3725 1094 meus

2050 1144 2217 1197 usque
2250 1131 2410 1184 modo
2451 1140 2743 1198 operatur,
2799 1139 2862 1182 et
2918 1144 3029 1197 ego
3083 1143 3352 1196 operor;
3395 1146 3419 1179 s
3457 1132 3606 1196 quod
3650 1131 3715 1186 ad

2048 1217 2476 1281 Providentiam,
2527 1234 2642 1271 non
2674 1220 2744 1273 ad
2799 1220 3178 1274 creationem
3231 1218 3341 1271 alii
3394 1219 3725 1273 referebant.

2048 1304 2324 1361 Videndus
2361 1308 2655 1363 Nemcsius
2685 1308 2788 1361 lib.
2820 1308 2905 1360 De
2933 1319 3157 1360 natura
3190 1306 3475 1371 hominis,
3523 1324 3643 1376 cap.
3671 1308 3730 1375 2,

2047 1405 2098 1447 ct
2128 1397 2461 1463 Augustinus
2510 1399 2562 1449 in
2615 1396 2844 1449 laudata
2877 1398 2953 1447 ad
2991 1395 3447 1464 llierOnymum
3485 1398 3729 1475 epistola.

2045 1483 2184 1537 Nulli
2220 1485 2385 1551 igitur
2414 1486 2617 1539 mirum
2654 1501 2781 1540 esse
2812 1486 2999 1540 debet
3028 1486 3372 1552 scripsisse
3408 1483 3731 1555 Gregorium

2046 1575 2293 1645 Magnum
2345 1574 2646 1643 Epistolar.
2705 1578 2807 1631 lib.
2853 1592 2970 1641 vn,
3035 1574 3265 1631 iudict.
3322 1590 3393 1640 tt,
3453 1577 3619 1642 epist.
3647 1577 3731 1642 55,

2046 1667 2397 1732 quaestionem
2425 1667 2493 1720 de
2517 1668 2706 1720 anima
2746 1666 3039 1721 Patribus
3099 1668 3264 1720 solvi
3305 1683 3426 1722 non
3469 1683 3632 1735 posse
3657 1669 3730 1722 vi-

2045 1767 2155 1805 sam
2185 1768 2328 1816 esse,
2372 1768 2497 1808 cum
2537 1770 2609 1808 ne
2639 1756 2821 1824 ipsius
2853 1757 3117 1823 quidem
3168 1760 3550 1827 temporibus
3573 1775 3735 1827 ecqua

416 1862 482 1899 an
507 1862 537 1898 a
566 1847 775 1914 prapria
804 1846 891 1899 Dei
920 1848 1235 1912 substantia,
1272 1859 1331 1902 ut
1362 1848 1547 1912 Stoici,
1599 1848 1938 1928 Manichacus,
1974 1835 2015 1886 Β
2041 1858 2072 1896 c
2097 1842 2315 1911 reliquis
2346 1846 2707 1912 opinionibus
2740 1862 2850 1923 pro
2906 1859 3092 1902 certa
3142 1849 3517 1915 haberetur,
3557 1850 3736 1906 Eccle-

415 1946 464 1991 et
501 1935 1099 2006 Hispania-Priscilliani
1131 1939 1357 1992 haereses
1391 1939 1762 2005 suspicantur;
1792 1951 1859 1989 an
1887 1937 1939 1988 in

414 2029 662 2081 thesauro
703 2028 999 2081 habeantur
1047 2030 1137 2082 Dei
1184 2030 1308 2082 olim
1358 2028 1605 2087 condita.
1637 2037 1693 2079 ut
1725 2028 1939 2095 quidam

411 2118 755 2172 ecclesiastici
781 2120 938 2171 stulta
993 2120 1336 2186 persuasione
1362 2118 1635 2172 confidunt
1667 2137 1683 2171 :
1709 2133 1777 2171 an
1810 2133 1942 2184 quo-

413 2208 539 2260 tidie
571 2223 599 2260 a
630 2207 734 2261 Deo
761 2207 908 2271 bant,
953 2218 1008 2262 et
1053 2209 1335 2261 mittantur
1381 2208 1430 2260 in
1465 2221 1711 2273 corpora,
1751 2220 1941 2260 secun-

413 2298 533 2349 dum
556 2297 692 2350 illud
725 2299 861 2364 quod
915 2299 966 2350 in
1010 2299 1297 2367 Evangelio
1340 2298 1593 2363 scriptum
1646 2306 1725 2349 est
1772 2312 1787 2347 :
1833 2294 1942 2348 Pa-

410 2397 487 2439 ter
515 2401 653 2439 meus
690 2402 847 2453 usque
886 2387 1035 2438 modo
1063 2394 1316 2451 operatur,
1348 2399 1392 2438 et
1419 2401 1507 2453 ego
1534 2400 1713 2451 operor
1732 2384 1777 2415 “
1816 2402 1829 2436 :
1871 2400 1939 2437 an

412 2483 561 2527 certe
608 2488 673 2526 ex
728 2474 961 2535 traduce,
995 2484 1051 2526 ut
1082 2474 1455 2535 Tertullianus,
1489 2473 1844 2539 Apollinarius
1887 2483 1943 2528 et

413 2562 640 2614 maxima
666 2575 789 2627 pars
816 2561 1231 2616 Occidentalium
1259 2572 1564 2625 autumant;
1592 2573 1647 2614 ut
1676 2565 1939 2629 quomodo

408 2663 605 2718 corpus
618 2664 683 2703 ex
714 2665 958 2718 corpore,
987 2653 1062 2704 sic
1085 2651 1258 2703 anima
1289 2662 1535 2704 nascatur
1563 2666 1627 2703 ex
1654 2652 1848 2711 anima,
1884 2665 1941 2706 et

408 2738 589 2791 simili»
627 2754 747 2792 cum
787 2739 958 2792 brutis
1007 2739 1361 2792 animantibus
1410 2738 1717 2794 conditione
1762 2742 1939 2796 subsi-

408 2837 537 2881 stat.
569 2846 589 2880 ι
618 2829 939 2896 Augustinus
960 2829 1053 2882 lib.
1085 2844 1141 2882 ιιι
1175 2828 1247 2881 De
1274 2830 1437 2881 libero
1462 2830 1697 2896 arbitrio,
1722 2847 1845 2899 cap.
1869 2832 1941 2885 20

410 2933 463 2969 et
490 2918 577 2983 2|,
608 2919 894 2986 quaestione
922 2920 1012 2971 illa
1042 2921 1420 2986 praetermissa,
1457 2932 1632 2975 utrum
1659 2924 1846 2975 anima:
1872 2938 1938 2976 es

412 3008 621 3075 propria
661 3007 750 3061 Dei
775 3009 1066 3061 substantia
1098 3009 1350 3076 profecta:
1378 3012 1506 3075 sint,
1548 3012 1777 3080 reliquas
1806 3026 1938 3079 qua-

410 3106 529 3149 tuor
564 3106 802 3149 rccenset
823 3095 906 3150 his
932 3097 1110 3152 verbis
1138 3114 1149 3147 :
1183 3117 1202 3149 ι
1249 3099 1447 3153 Harum
1492 3109 1668 3153 autem
1712 3112 1935 3166 quatuor

410 3188 477 3239 de
504 3184 679 3237 anima
723 3186 1124 3252 sententiarum,
1171 3195 1346 3240 utrum
1394 3188 1461 3241 de
1512 3187 1796 3256 propagine
1846 3200 1933 3239 ve.

409 3275 588 3335 niant;
626 3288 693 3324 an
719 3275 769 3325 in
815 3274 1036 3343 singulis
1079 3276 1374 3343 quibusque
1422 3276 1764 3330 nascentibus
1789 3288 1937 3327 novae

409 3356 568 3421 fiant;
599 3372 667 3411 an
698 3358 752 3413 in
800 3376 1018 3423 corpora
1046 3364 1373 3415 nascentium
1404 3362 1512 3428 jam
1548 3364 1742 3416 alicubi
1797 3362 1936 3416 exsi-

408 3455 630 3511 stentes,
659 3450 740 3500 vel
762 3451 1037 3503 mittantur
1055 3451 1329 3514 divinitus,
1355 3451 1442 3504 vel
1472 3452 1593 3506 inde
1622 3466 1716 3505 sua
1745 3459 1935 3519 sponte

408 3535 672 3599 labantur,
736 3538 957 3589 nullam«
1001 3549 1199 3591 temere
1266 3536 1530 3591 allirmare
1587 3540 1871 3604 oportebit.
1904 3556 1929 3589 ι

409 3625 581 3692 Atque
607 3624 705 3677 has
723 3624 864 3692 ipsas
884 3627 1328 3690 essesenteutias,
1355 3643 1487 3694 quas
1514 3629 1580 3682 ab
1615 3627 1935 3697 Hieronymo

408 3714 589 3767 relata
618 3722 737 3766 sunt
771 3714 1085 3768 testificatur
1106 3716 1221 3783 ipse
1248 3718 1573 3784 Augustinus
1598 3719 1651 3771 in
1685 3719 1841 3784 epist.
1868 3717 1933 3770 ad

406 3803 806 3873 Hieronymum,
844 3806 911 3858 de
958 3805 1165 3859 ratione
1199 3808 1407 3860 animai.
1454 3806 1586 3861 Toto
1625 3818 1770 3862 certe
1814 3808 1933 3863 vita:

405 3907 515 3947 suae
538 3893 760 3946 decursu
812 3893 1043 3947 incertus
1093 3895 1146 3947 in
1176 3910 1238 3947 eo
1263 3905 1573 3964 argumento
1603 3896 1934 3965 Augustinus

404 3980 693 4038 ﬂuctuavit.
728 3980 952 4035 Exstant
978 3983 1217 4051 insignes
1240 3985 1356 4054 ejus
1383 3987 1449 4039 ad
1477 3987 1848 4057 Hieronymum
1877 3998 1932 4044 et

403 4069 651 4140 Optatum
677 4070 930 4140 epistolae,
962 4074 1099 4125 unde
1124 4073 1506 4128 lucsitationem
1548 4074 1681 4143 ejus,
1708 4087 1932 4132 cuncta-

407 4160 707 4229 tionemque
732 4177 1054 4232 cognoscas;
1079 4179 1239 4231 quam
1289 4173 1340 4216 et
1367 4164 1485 4218 aliis
1513 4177 1767 4234 praeterea
1799 4167 1932 4223 locis

406 4251 648 4315 prodidit,
680 4260 804 4319 puta
831 4253 919 4305 lib.
948 4268 1017 4305 vn
1050 4262 1100 4305 et
1127 4267 1158 4304 ι
1190 4251 1263 4304 De
1292 4252 1476 4306 Genesi
1506 4256 1571 4305 ad
1602 4250 1848 4319 litteram,
1875 4267 1931 4310 et

404 4338 547 4390 alibi.
580 4340 802 4407 Septimi
845 4343 1056 4409 quidem
1084 4343 1237 4409 hujus
1264 4342 1381 4395 libri
1414 4358 1531 4411 cap.
1562 4342 1612 4405 6,
1651 4346 1928 4398 materiam

404 4427 681 4492 quamdam
704 4431 987 4497 spiritalem
1024 4432 1175 4484 initio
1206 4432 1439 4483 molitum
1464 4446 1582 4485 esse
1609 4431 1771 4485 Deum
1796 4449 1925 4487 con-
1958 4454 2003 4509 ι)
2027 4419 2395 4489 Adamantius:
2436 4431 2733 4497 cuiusnam
2780 4456 2885 4496 eas
2930 4446 3157 4509 ﬁuxer

398 4513 585 4580 jectat,
613 4529 643 4567 e
671 4530 771 4582 qua
813 4519 1081 4571 hominum
1110 4519 1299 4571 animat
1331 4520 1569 4571 formata:
1596 4519 1815 4573 subinde
1864 4537 1930 4577 ac

406 4598 540 4649 ιιειω
571 4610 737 4659 sunt:
781 4619 800 4652 ι
838 4603 1087 4658 Fortasse
1128 4606 1317 4672 potuit,
1375 4606 1584 4673 inquit,
1630 4616 1685 4658 et
1728 4609 1926 4677 anima,

402 4695 682 4753 antequam
713 4703 776 4741 ea
802 4689 912 4755 ipsa
951 4701 1136 4744 natura
1169 4692 1338 4756 fieret,
1364 4709 1480 4761 qua!
1505 4694 1680 4747 anima
1712 4697 1926 4765 dicitur,

398 4774 551 4841 cujus
578 4774 659 4828 vel
694 4774 1025 4842 pulchritudo
1054 4780 1243 4843 virtus,
1289 4780 1368 4834 vel
1403 4780 1716 4836 deformitas
1740 4782 1924 4836 vitium

396 4872 500 4927 est,
532 4863 725 4917 habere
749 4862 977 4931 aliquam
1009 4871 1281 4921 materiam
1314 4885 1411 4936 pro
1438 4886 1534 4925 suo
1580 4886 1774 4939 genere
1810 4873 1922 4941 spi-

396 4944 662 5009 ritualem,
692 4961 809 5013 qua:
837 4950 1068 5002 nondum
1097 4962 1238 5005 esset
1266 4955 1477 5017 anima;
1509 4956 1645 5010 sicut
1675 4968 1836 5023 terra,
1860 4960 1924 5012 de

394 5052 497 5104 qua
528 5050 652 5090 caro
692 5036 828 5091 facta
855 5047 955 5101 est,
999 5038 1107 5105 jam
1135 5050 1249 5094 erat
1294 5043 1512 5112 aliquid,
1544 5048 1786 5113 quamvis
1817 5064 1919 5103 non

395 5136 510 5182 crat
535 5140 689 5191 caro;
729 5144 750 5178 ι
779 5135 831 5180 et
854 5140 872 5177 ι
902 5123 1129 5179 Retract.
1163 5146 1181 5183 :
1223 5146 1241 5178 ι
1278 5128 1406 5181 Nam
1452 5133 1591 5201 quod
1640 5133 1828 5189 attinet
1857 5136 1921 5188 ad

395 5214 558 5269 animi
592 5215 871 5284 originem,
898 5214 1099 5285 quasit
1129 5214 1180 5266 in
1228 5230 1465 5284 corpore,
1519 5228 1690 5289 utrum
1736 5222 1801 5273 de
1831 5222 1921 5276 illo

394 5316 498 5356 uno
542 5303 630 5368 sit,
678 5302 768 5371 qui
808 5301 1034 5370 primum
1084 5309 1310 5364 creatus,
1359 5288 1568 5370 quando
1618 5288 1785 5360 factus
1837 5318 1918 5361 est

392 5387 548 5443 homo
579 5391 632 5444 in
657 5392 888 5444 animam
914 5389 1199 5453 viventem,
1250 5404 1316 5441 an
1354 5392 1599 5446 similiter
1644 5396 1770 5448 fiant
1804 5396 1914 5449 sin-

390 5482 525 5548 gulis
552 5484 798 5555 singulaa,
824 5497 921 5538 nec
951 5492 1060 5537 tum
1082 5478 1339 5546 sciebam,
1381 5497 1475 5537 nec
1505 5484 1674 5538 adhuc
1716 5486 1848 5539 scio.
1891 5506 1911 5539 ι

461 5654 507 5687 ³⁸
533 5656 681 5715 Joan.
710 5677 760 5729 v,
792 5663 875 5718 l7.

2043 1930 2120 1982 sia
2148 1932 2598 2000 praescripsisset.
2640 1922 2805 1988 Unde
2861 1936 3104 1990 falsum
3148 1954 3299 1993 esse
3332 1951 3577 2009 apparet
3605 1944 3738 2008 quod

2042 2020 2115 2073 ait
2140 2018 2476 2076 Justinianus
2508 2023 2564 2076 in
2592 2025 2839 2092 epistola
2877 2028 2955 2079 ad
2992 2032 3321 2097 synodum
3353 2032 3738 2089 Constantino-

2042 2109 2351 2176 politanam,
2385 2127 2552 2178 quam
2586 2115 2824 2169 exhibet
2858 2116 3203 2174 Cedrenus
3237 2135 3255 2172 :
3304 2123 3378 2174 Ἦ
3409 2123 3473 2175 δὲ
3517 2125 3735 2195 Ἐκκλη-

2043 2199 2154 2289 cla;
2183 2201 2291 2263 τοῖς
2347 2199 2511 2263 θείοις
2557 2203 2818 2278 ἑπομένη
2867 2208 3090 2277 λόχοις
3154 2212 3393 2279 φάσκει.
3431 2214 3541 2284 τὴν
3572 2216 3739 2289 ψυχὴν

2042 2286 2601 2378 συνδημιουργηθῆναι
2631 2294 2715 2362 τῷ
2751 2298 3001 2365 σώματι
3029 2315 3055 2329 ο
3118 2303 3235 2353 καὶ
3278 2303 3349 2352 οὐ
3383 2303 3453 2354 τὸ
3493 2305 3593 2373 μὲν

2038 2391 2210 2445 τερον,
2236 2377 2295 2427 τὸ
2326 2378 2381 2429 δὲ
2414 2378 2674 2451 ὕστερον,
2700 2386 2858 2437 κατὰ
2888 2387 3005 2456 τὴν
3065 2389 3429 2460 Ὡριγένους
3459 2377 3741 2466 cppeku-

2040 2466 2237 2520 ϐλειαν.
2279 2486 2298 2518 ι
2336 2469 2580 2525 Ecclesia
2612 2484 2807 2529 autem
2843 2478 3094 2534 divinis
3129 2482 3439 2539 obsecuta
3471 2488 3734 2541 sermoni-

2039 2555 2137 2608 bus
2162 2556 2289 2612 dicit
2320 2560 2557 2614 animam
2588 2577 2719 2617 cum
2752 2579 3024 2633 corpore
3068 2576 3449 2640 procreari;
3486 2591 3596 2628 non
3622 2589 3741 2630 vero

2039 2643 2141 2701 hoc
2173 2648 2342 2715 prius,
2375 2649 2507 2703 illud
2556 2666 2690 2706 vero
2738 2658 3071 2722 posterius
3121 2660 3315 2727 juxta
3359 2662 3629 2735 Origeuis
3657 2669 3739 2721 de-

2040 2737 2313 2823 mentiam.
2346 2755 2365 2788 ι
2399 2736 2542 2801 Quid
2578 2741 2625 2793 si
2678 2742 2953 2799 dicamus
3007 2746 3227 2817 igitur
3274 2756 3552 2820 quintam
3594 2772 3742 2823 sylo-

2040 2822 2162 2876 dum
2209 2839 2312 2881 non
2360 2826 2482 2880 ideo
2511 2831 2747 2895 prtecise
2782 2834 3145 2892 damnasse
3197 2839 3487 2909 Origenis
3531 2822 3742 2901 senten-

2040 2911 2190 3006 tiain,
2219 2915 2362 2981 quod
2414 2917 2727 2975 animarum
2768 2924 3047 2980 defende
3064 2940 3165 2983 ret
3212 2936 3620 3006 προΰπαρξιν,
3656 2937 3743 2989 sed

2037 3002 2177 3067 quod
2209 3014 2415 3058 mentes
2453 3019 2721 3074 praeterea
2758 3013 2952 3069 fuisse
3002 3018 3167 3073 illas
3205 3002 3505 3087 traderet,
3542 3036 3599 3082 et
3631 3044 3739 3081 san-

1986 3147 2004 3167 ‘
2038 3099 2152 3144 ctas
2186 3092 2432 3157 virtutes,
2468 3112 2608 3165 quas
2636 3109 2764 3155 cum
2796 3111 3403 3179 contemplationis
3433 3118 3637 3171 divinae
3666 3134 3743 3170 sa-

2041 3180 2142 3233 tias
2189 3184 2443 3271 cepisset,
2494 3189 2549 3240 in
2608 3190 2868 3248 deterius
2918 3210 3084 3253 esse
3154 3218 3530 3271 conversas,
3581 3218 3635 3264 et
3681 3209 3743 3263 ab

2036 3282 2218 3361 amore
2252 3268 2342 3324 Dei
2372 3274 2683 3340 refrixisse,
2714 3280 2981 3351 indeque
3015 3288 3252 3361 ψυχάς
3297 3309 3439 3349 esse
3464 3268 3668 3356 dictas.
3693 3307 3739 3348 ει

2036 3354 2086 3445 in
2121 3371 2348 3445 corpora
2405 3364 2587 3418 tutelae
2616 3382 2796 3425 causa
2842 3354 3175 3435 dimissus
3272 3388 3369 3441 sic
3406 3388 3565 3445 enim
3594 3354 3743 3444 habet

2032 3435 2321 3527 Justiniaui
2351 3450 2861 3513 anathematismus
2913 3435 3295 3527 secundus:

2102 3526 2237 3582 Xlll.
2288 3533 2517 3633 Animas
2566 3544 2792 3608 quando
2856 3555 3178 3613 conditas
3236 3568 3578 3633 putaverit,
3610 3567 3741 3621 vidi-

2032 3630 2189 3670 mus:
2225 3623 2414 3688 quales
2464 3626 2609 3694 ipsas
2642 3638 2977 3702 censuerit.
3041 3623 3476 3719 corporatas,
3530 3623 3599 3711 ab
3643 3674 3745 3711 cor-

2032 3721 2160 3807 pore
2189 3723 2461 3780 carentes,
2512 3718 2829 3776 videamus.
2889 3728 3053 3787 Haec
3114 3718 3467 3807 superflua
3512 3760 3645 3802 sane
3676 3749 3744 3802 vi-

2030 3796 2219 3906 deatur
2242 3816 2365 3855 esse
2390 3808 2643 3906 qnazstio,
2682 3810 2730 3864 si
2778 3827 2919 3882 qua:
2966 3821 3055 3876 de
3096 3796 3356 3897 angelis
3403 3796 3749 3906 scripsimus.

2030 3888 2385 3983 θίίθηάθηίυιί
2416 3909 2430 3947 ε
2463 3896 2681 3959 Prolixa
2707 3902 2872 3956 enim
2932 3888 3741 3983 disputationedeclaravi:

2034 3989 2175 4039 "ius:
2208 3980 2418 4033 multis
2454 3983 2797 4050 quibuslibet
2828 3980 3096 4057 ratione
3145 3980 3501 4060 illslrnclie-

2030 4061 2310 4132 Origenem
2344 4070 2620 4127 tribuisse.
2671 4075 2943 4137 Strictim
3000 4105 3181 4163 ergo

2032 4152 2145 4179 .In...
2182 4154 2267 4179 Ιιζη
2317 4158 2447 4179 ,Ιηθξι
2499 4162 2547 4179 ιο
2912 4175 2924 4179 -
3584 4170 3585 4173 η

2031 4152 2147 4252 dam
2180 4154 2268 4208 hic
2312 4158 2703 4268 delibabimus,
2757 4175 2926 4240 quod
2986 4180 3139 4239 illic
3201 4152 3508 4250 c'onsulto
3538 4152 3753 4268 priter.

2029 4256 2271 4309 missum,
2325 4246 2376 4299 in
2435 4249 2579 4305 hunc
2622 4254 2808 4311 locum
2868 4269 3334 4349 conjecimuS;
3396 4246 3573 4340 “mar
3601 4292 3751 4345 mmi-

2028 4344 2143 4437 ξυξιὶ
2176 4372 2189 4384 ο
2226 4349 2347 4437 Clit“
2396 4352 2632 4437 corpore
2663 4360 2943 4409 constare
3000 4368 3283 4425 animas
3333 4381 3753 4437 existimaverit

3174 4017 3491 4070 nstructis
3525 4035 3745 4089 corpora

3165 4460 3213 4513 ίι
3284 4473 3751 4537 corporationis,

2027 4522 2091 4560 an
2119 4510 2369 4579 angelica:
2398 4516 2619 4584 similis,
2675 4540 2745 4577 an
2782 4510 3211 4611 crassioris,"

2024 5060 2088 5137 ac
2138 5051 2356 5119 angelos
2410 5057 2710 5121 dicendum
2760 5086 2875 5131 est.
2938 5082 3048 5137 Ori

2023 5135 2241 5205 ἀρχῶν,
2276 5158 2395 5213 cap.
2437 5148 2494 5216 2,
2534 5170 2692 5213 num.
2723 5162 2763 5215 2
2796 5183 2811 5219 :
2851 5186 2871 5219 ι
2918 5135 3011 5227 Ut

2025 5240 2165 5290 mus,
2218 5240 2516 5297 materialis
2554 5248 2877 5311 subslamia
2920 5240 3729 5344 ιη,]υε“,ηὗηῑιῖἱιζιίυξὲςιζ

2101 5335 2108 5346 ,
2409 5333 2418 5341 .
2820 5350 2831 5360 ο
3000 5329 3015 5332 ν
3463 5329 3753 5352 .............,

2022 5329 2532 5435 iniiinotnnibns
2563 5342 2631 5393 ad
2679 5359 2875 5404 omnia
2912 5361 3459 5435 transformaiur.
3526 5400 3655 5435 cum
3686 5385 3751 5434 ad

2023 5407 2311 5470 inferiores
2346 5435 2606 5498 quosque
2642 5438 2887 5496 trahitur
2960 5407 3187 5506 iure”.
3213 5407 3420 5470 ":mu'
3445 5418 3459 5437 ’
3526 5407 3655 5435 cum
3686 5407 3750 5485 3.”

2024 5505 2221 5528 cm”...
2272 5510 2373 5528 ,,..
2403 5516 2434 5528 ,,
2892 5483 2910 5512 ν
3093 5470 3467 5524 rasstut'em
3498 5490 3751 5528 COI‘DOI'IS

2023 5505 2222 5556 statum
2271 5492 2600 5579 Solidiorem
3049 5492 3467 5562 “‘“°ftuv'exii
3498 5492 3750 5543 corporis

2607 5542 2717 5597 Que
2763 5533 3053 5594 lormatur
3081 5583 3105 5612 ,
3203 5564 3301 5607 κη
3372 5570 3442 5614 ιη
3499 5564 3750 5617 ἤδη,Ηῦ
