3894 6472
126 421 206 476 ιω

142 540 254 590 istas
314 510 528 603 “'“f'di
588 524 843 596 ενοοίοε,
898 533 1181 602 variasque
1226 533 1511 603 distinguat
1562 549 1576 586 :

142 634 271 681 ,αν
292 599 761 671 νετῐοοιὶοτίδυε
798 620 1073 675 ministrat
1095 599 1156 677 et
1186 599 1537 686 beatioribus,
1566 623 1617 676 in
1648 623 1757 677 fui-7

145 717 292 788 80,,
322 692 644 788 emicatium
681 718 979 775 corporum
1020 712 1179 765 micat
1201 754 1217 777 ,
1259 724 1313 768 et
1343 712 1597 782 spiritalis
1627 729 1747 770 cor-

156 785 323 870 “aa
351 785 706 850 indumentis
736 800 825 853 vel
872 803 1086 870 angelos
1134 804 1249 868 Dei,
1279 805 1361 857 vel
1393 805 1527 859 iilios
1564 821 1743 861 resur-

189 879 442 942 rectionis
475 894 720 941 exornat
753 907 769 944 :
807 906 871 946 ex
904 893 1097 960 quibus
1130 895 1372 948 omnibus
1410 895 1652 950 diversus
1684 911 1746 951 ac

202 975 374 1028 varius
400 973 565 1029 unius
594 980 784 1034 mundi
830 983 1125 1050 completur
1167 976 1370 1049 status;
1412 1003 1431 1036 ο
1467 993 1521 1039 et
1573 987 1746 1054 capite

196 1064 464 1134 sequenti,
497 1081 651 1120 num.
678 1068 716 1122 '5
746 1086 761 1122 :
801 1087 821 1122 α
853 1072 1108 1127 Possibile
1138 1075 1279 1128 enim
1323 1075 1528 1129 videtur
1569 1086 1627 1128 ut
1662 1090 1750 1127 ra-

191 1156 478 1212 tionabiles
527 1167 759 1225 naturae,
805 1176 835 1214 a
878 1164 1065 1231 quibus
1094 1179 1361 1233 nunquam
1409 1165 1649 1219 aufertur
1679 1165 1741 1219 li-

188 1246 296 1302 beri
339 1246 581 1302 facultas
620 1250 861 1315 arbitrii,
896 1253 1097 1318 possint
1125 1254 1311 1306 iterum
1337 1254 1598 1322 aliquibus
1625 1268 1743 1308 mo.

183 1336 331 1388 tibus
359 1334 678 1403 subiacere,
712 1339 1022 1408 indulgente
1067 1342 1165 1395 hoc
1195 1341 1366 1411 ipsum
1398 1342 1642 1406 Domino,
1674 1357 1744 1397 ne

180 1425 323 1480 forte
365 1426 414 1479 si
458 1427 795 1482 immobilem
829 1445 1036 1499 semper
1075 1439 1288 1485 teneant
1338 1439 1554 1494 statum,
1601 1431 1744 1501 igno-

178 1525 299 1569 rent
338 1530 403 1570 se
447 1515 547 1571 Dei
585 1518 760 1585 gratia
792 1527 847 1573 et
896 1534 996 1573 non
1046 1534 1141 1574 sua
1190 1520 1383 1576 virtute
1414 1522 1466 1575 in
1506 1522 1600 1578 illo
1638 1526 1744 1577 tius

177 1604 552 1662 beatitudinis
605 1608 932 1663 constitisse.
985 1608 1128 1674 Quos
1186 1619 1365 1665 motus
1418 1612 1533 1666 sine
1585 1614 1743 1667 dubio

174 1712 403 1751 rursum
433 1697 683 1752 varietas
715 1713 994 1766 corporum
1042 1709 1097 1754 et
1143 1698 1426 1755 diversitas
1458 1716 1743 1770 proseque-

172 1798 283 1849 tur,
348 1800 423 1841 ex
480 1803 589 1857 qua
645 1789 875 1843 mundus
905 1803 1115 1856 semper
1144 1792 1465 1857 adornatur;
1522 1807 1617 1847 nec
1645 1808 1742 1847 un-

1041 407 1589 471 ORIGENIANORUM
1626 411 1753 467 ΗΒ.
1789 414 1854 477 11,
1891 413 2037 469 CAP.
2077 413 2139 480 ll,
2170 415 2441 481 QUIEST.
2480 417 2562 471 Vl.

3270 422 3374 477 9l0

1627 546 1747 587 cum
1776 540 1823 595 Α
1847 548 1994 588 reum
2028 542 2213 602 putent
2254 549 2391 599 esse,
2423 536 2511 605 qui
2544 538 2611 592 ad
2652 536 2934 606 imaginem
2968 546 3023 594 et
3064 537 3371 595 similitudi-

1846 638 1964 679 nem
2016 624 2106 678 Dei
2157 624 2326 679 factus
2370 635 2473 691 est,
2524 628 2686 682 Deum
2722 629 2897 697 ipsum
2945 644 3279 699 corporeum,
3318 644 3374 687 et

1844 717 2085 770 humana;
2110 714 2292 768 forma
2322 715 2567 769 videntur
2598 717 2882 783 inducere;
2909 721 3050 788 quod
3084 722 3284 775 sentire
3308 726 3373 777 de

1844 799 1952 854 Deo
2002 799 2425 853 manifestissime
2462 801 2675 868 impium
2726 814 2841 868 est;
2885 824 2902 856 ι
2948 816 3000 859 et
3024 806 3116 860 lib.
3169 824 3185 861 ι
3232 809 3371 875 Περὶ

1843 887 2056 955 ἀρχῶν,
2105 901 2219 955 cap.
2250 888 2301 951 1,
2332 904 2478 941 num.
2510 889 2579 941 7-.
2615 907 2633 940 ι
2669 889 2722 944 Si
2774 894 2862 961 qui
2909 904 3083 948 autem
3113 905 3235 951 sunt
3281 899 3369 965 qui

1844 988 2071 1031 mentem
2100 977 2265 1045 ipsam
2299 981 2639 1047 animamque
2661 995 2853 1050 corpus
2875 998 2992 1039 esse
3021 987 3367 1051 arbitrentur,

1841 1068 1997 1121 velim
2049 1067 2176 1120 mihi
2220 1068 2620 1136 responderent,
2659 1072 2923 1137 quomodo
2982 1081 3245 1128 tantarum
3283 1093 3367 1132 re-

1844 1172 1981 1220 rum,
2032 1168 2138 1212 tam
2185 1157 2499 1225 diﬂicilium,
2547 1168 2758 1226 tamque
2802 1161 3075 1215 subtilium
3116 1167 3368 1231 rationes,

1842 1249 2267 1316 assertionesque
2289 1249 2543 1316 recipiat?
2568 1250 2716 1304 Unde
2740 1251 2786 1305 ei
2816 1253 2984 1306 virtus
3010 1254 3329 1310 memoriae?
3345 1280 3361 1308 ο

1840 1351 1894 1392 et
1924 1339 1976 1392 iu
2007 1340 2322 1406 Protreptico
2367 1342 2435 1393 ad
2462 1342 2789 1409 martyrium,
2843 1359 2990 1399 num.
3024 1344 3090 1397 47
3123 1361 3136 1396 :
3169 1347 3284 1398 Ἔτι
3313 1347 3370 1399 δὲ

1841 1432 1932 1483 καὶ
1975 1431 2221 1499 φιλοζωεί
2266 1430 2561 1501 ἄνθρωπος,
2602 1435 2801 1502 πεῖσμα
2845 1432 3021 1486 λαϐὼν
3046 1436 3168 1506 περὶ
3188 1438 3371 1497 οὐσίας

1840 1522 2056 1591 λογικῆς
2092 1521 2286 1590 ψυχῆς,
2329 1520 2402 1583 ὡς
2428 1520 2652 1591 ἐχούσης
2678 1539 2728 1573 τι
2758 1524 3007 1591 συγγενὲς
3028 1524 3173 1593 Θεῷο
3214 1525 3372 1594 νοερὰ

1839 1608 1945 1677 γάρ
1964 1607 2193 1680 ὲκάτερα
2215 1608 2308 1661 καὶ
2330 1608 2551 1678 ἀόρατα,
2580 1609 2669 1661 καὶ
2693 1609 2766 1672 ὡς
2788 1612 2815 1661 ὁ
2843 1612 3147 1681 ἐπικρατῶν
3170 1612 3371 1665 ἀποδεί-

1840 1712 1991 1749 κνυσι
2039 1694 2211 1763 λόγος,
2259 1694 2549 1765 ἀσώματα·
2591 1706 2643 1749 et
2682 1696 2774 1751 lib.
2823 1714 2872 1752 vt
2917 1714 3093 1752 contra
3141 1700 3367 1764 Celsum,

1842 1800 1983 1837 num.
2038 1784 2121 1849 71,
2174 1784 2328 1837 Κατά
2371 1784 2427 1835 δὲ
2469 1786 2632 1854 ἡμᾶς,
2687 1787 2776 1838 καὶ
2805 1788 2900 1857 τὴν
2934 1788 3153 1858 λογικὴν
3195 1790 3368 1860 ψυχὴν

165 1891 339 1945 quam
375 1851 589 1943 pcterit
635 1878 869 1931 mundus
902 1878 1001 1932 nisi
1023 1851 1294 1934 ‘varietate
1337 1894 1396 1933 ac
1427 1881 1738 1937 diversitate

1840 1873 2199 1944 πειρωμένους
2227 1851 2596 1926 ἀποδεικνυναι
2632 1851 2904 1943 κρείττονα
2931 1851 3367 1948 atriensem-pest-

166 1975 465 2030 ronstare,
499 1966 649 2034 quod
678 1967 811 2022 effici
846 1967 987 2021 nullo
1012 1983 1204 2035 genere
1240 1979 1412 2038 potest
1444 1980 1596 2026 extra
1627 1986 1739 2026 ma-

166 2056 371 2110 teriam
407 2056 774 2124 corporalem.
806 2073 825 2107 ι

234 2144 391 2199 XIV.
427 2146 758 2200 Excusando
794 2155 972 2199 autem
1016 2146 1246 2215 dogmati
1294 2148 1437 2214 huic,
1489 2164 1595 2219 quo
1623 2152 1738 2205 ani-

164 2238 273 2291 mis
313 2250 561 2301 col-{mra
591 2235 834 2298 ascribit,
864 2245 1049 2290 contra
1077 2251 1233 2304 quam
1266 2236 1317 2290 in
1349 2238 1583 2293 Ecclesia
1639 2241 1733 2294 hoc

162 2328 252 2382 die
274 2327 568 2389 creditur,
601 2325 903 2393 appositum
932 2334 1016 2379 est
1045 2326 1168 2380 illud
1202 2340 1233 2379 e
1274 2330 1535 2395 prooemio
1575 2329 1736 2385 libro—

166 2431 293 2469 rnm
343 2414 501 2483 Περὶ
532 2413 756 2483 ἀρχῶν,
803 2430 947 2468 num.
977 2414 1010 2469 9
1055 2432 1067 2467 :
1102 2433 1120 2466 ι
1169 2415 1307 2470 Deus
1346 2432 1556 2486 quoque
1600 2434 1733 2487 quo-

166 2506 337 2558 modo
372 2504 610 2573 intelligi
647 2504 860 2567 debeat,
894 2505 1263 2571 inquirendum
1293 2515 1396 2567 est,
1423 2521 1733 2575 corporeus,

162 2605 221 2648 et
248 2596 574 2649 secundum
603 2596 833 2662 aliquem
860 2593 1093 2647 habitum
1113 2593 1476 2659 ‘del'ormatus,
1506 2612 1571 2650 an
1603 2598 1735 2651 alte-

166 2684 286 2737 rius
328 2691 559 2735 natura:
606 2696 766 2749 quam
812 2695 1036 2750 corpora
1071 2690 1222 2745 sunt;
1269 2682 1408 2749 quod
1457 2686 1637 2751 utique
1682 2685 1735 2737 in

162 2771 580 2839 pradicatioue
644 2779 827 2824 nostra
880 2768 1162 2823 manifeste
1225 2785 1330 2825 non
1406 2771 1731 2841 designatur.

163 2860 382 2915 Eadem
437 2873 659 2928 quoque
724 2860 884 2913 etiam
936 2860 1001 2914 de
1054 2860 1265 2915 Christo
1318 2870 1371 2914 et
1426 2863 1490 2915 de
1533 2862 1734 2930 Spiritu

163 2958 369 3003 sancto
407 2949 738 3016 requirenda
773 2958 929 3014 sunt;
989 2950 1082 3002 sed
1128 2959 1182 3003 et
1231 2952 1294 3005 de
1339 2955 1483 3007 omni
1534 2954 1732 3014 anima.

163 3048 339 3105 atque
393 3037 553 3090 omui
610 3037 915 3091 rationabili
952 3048 1137 3091 natura
1173 3041 1516 3097 nihilominus
1558 3045 1734 3112 requi-

166 3129 412 3221 rendum
462 3135 585 3221 est.
614 3126 803 3221 nQute
845 3129 1040 3221 requiri
1082 3130 1306 3221 jubebat
1356 3132 1630 3201 Origenes,
1667 3148 1728 3187 ca
1760 3161 1802 3221 ρ

165 3215 426 3283 profecto
459 3214 716 3269 Ecclesia:
751 3215 980 3270 decretis
1006 3218 1218 3271 definita
1252 3234 1354 3274 non
1387 3230 1558 3275 erant.
1584 3223 1733 3277 Unde

166 3319 274 3355 non
328 3302 602 3370 Origeuis
653 3311 811 3355 astate
841 3303 1095 3358 duntaxat
1124 3307 1261 3359 idem
1308 3307 1634 3362 Tertulliano
1666 3312 1733 3363 de

164 3393 351 3444 anima
409 3392 594 3445 visum
629 3398 733 3454 est,
767 3392 861 3444 sed
906 3401 957 3444 et
987 3393 1223 3459 plurimis
1249 3411 1457 3465 quoque
1480 3399 1601 3452 dein
1633 3400 1734 3453 Ec-

164 3484 359 3538 clesia:
385 3482 652 3535 Patribus
680 3499 696 3535 :
730 3492 855 3550 puta
885 3482 1085 3538 Hilario
1111 3488 1164 3538 in
1193 3485 1378 3541 Matth.
1414 3502 1531 3542 can.
1560 3490 1612 3552 5,
1644 3491 1730 3543 ubi

169 3592 190 3624 ι
221 3576 550 3629 animarum
577 3576 804 3643 species,
834 3574 945 3628 sive
974 3574 1325 3631 obtinentium
1344 3592 1590 3647 corpora,
1619 3579 1733 3634 sive

162 3668 512 3737 corporibus
544 3665 925 3731 exsulantium,
963 3680 1271 3733 corpoream
1319 3678 1491 3722 tamen
1530 3680 1732 3723 natura:

162 3774 280 3813 suze
313 3756 691 3813 substantiam
721 3756 902 3809 sortiri
938 3775 955 3806 ι
1011 3757 1263 3822 prtedicat
1297 3772 1311 3807 :
1362 3766 1415 3811 et
1453 3758 1733 3815 Ambrosio

159 3847 264 3903 lib.
289 3864 329 3903 tt
365 3848 447 3901 De
474 3847 770 3907 Abraham,
799 3860 918 3911 cap.
945 3844 997 3908 8,
1031 3845 1139 3908 ubi,
1194 3854 1385 3913 praeter
1415 3846 1474 3903 S.
1502 3846 1732 3902 Trinita-

162 3948 301 4003 tem,
340 3934 680 4003 corporibus
731 3931 932 4000 reliqua
981 3942 1224 3986 constare
1252 3935 1484 3989 asserit:
1515 3945 1570 3990 et
1607 3938 1734 3990 Cas-

158 4029 325 4082 siano
354 4025 566 4081 Collat.
616 4038 713 4086 vn,
770 4037 893 4090 cap.
926 4022 1009 4082 l3,
1065 4023 1153 4075 ubi
1187 4024 1391 4078 animas
1433 4026 1734 4093 spirituales

156 4120 392 4187 quidem
431 4129 563 4170 esse
590 4114 808 4175 fatetur,
840 4113 1177 4179 incorporeas
1221 4123 1373 4181 negat
1399 4128 1414 4166 :
1449 4125 1499 4168 et
1526 4116 1607 4170 his
1634 4131 1732 4169 an-

159 4208 397 4277 tiquiori
432 4205 723 4259 Theodoto
764 4204 818 4255 in
866 4202 1135 4267 Excerptis
1166 4202 1232 4255 ad
1275 4202 1560 4259 Clementis
1609 4207 1735 4260 Ale-

157 4298 433 4354 xandrini
483 4295 697 4349 calcem
749 4292 1011 4358 adjectis,
1072 4296 1159 4347 ubi
1209 4295 1412 4350 animas
1457 4296 1731 4350 hominum

155 4400 478 4457 corporeas
503 4381 927 4465 esseamrmat:
960 4392 1015 4435 et
1061 4382 1325 4438 Methodio
1354 4384 1451 4453 ipsi
1489 4385 1733 4455 ()rigeuis

1838 1965 1936 2034 κῆς
1967 1963 2195 2031 φύσεως,
2223 1964 2314 2017 καὶ
2342 1963 2523 2017 οὐσίαν
2559 1964 2809 2035 ἀόρατον,
2847 1968 2938 2019 καὶ
2964 1967 3245 2037 ἀσώματον
3266 1984 3281 2000 ·
3314 1984 3371 2026 et

1838 2052 1890 2107 in
1932 2052 2061 2107 Luc.
2118 2070 2190 2117 at,
2219 2054 2306 2115 51.
2344 2069 2374 2107 e
2406 2053 2604 2109 Catena
2648 2054 2928 2110 Mazariua:
2982 2057 3315 2113 bibliothecae
3352 2082 3363 2114 :

1848 2144 2159 2212 Ἐπίσκεψαι
2209 2142 2265 2197 δὲ
2294 2144 2343 2196 εἰ
2386 2143 2601 2196 δυνατὸν
2638 2144 3024 2216 τροπολογῆσαι
3070 2146 3369 2214 ἀκολούθως

1832 2233 1909 2302 τῷ
1934 2233 2190 2303 ὀφθαλμῷ
2217 2236 2309 2287 καὶ
2339 2234 2397 2288 τὸ
2419 2236 2590 2305 σῶμα,
2617 2239 2753 2292 ὥστε
2776 2239 2899 2309 ὅλην
2927 2240 3023 2308 ἤδη
3056 2238 3152 2310 τὴν
3173 2241 3364 2311 ψυχὴν,

1834 2323 1932 2376 κᾶν
1964 2324 2037 2393 μὴ
2068 2324 2344 2395 σωματικὴ
2372 2326 2627 2397 τυγχάνῃ,
2665 2327 2887 2395 φάσκειν
2916 2328 3008 2381 νῦν
3034 2329 3279 2396 λέγεσθαι
3310 2331 3369 2385 τὸ

1836 2413 2021 2482 σῶμα*
2064 2422 2117 2467 et
2144 2430 2264 2469 mox
2294 2432 2310 2469 :
2355 2416 2462 2469 Καὶ
2493 2418 2567 2487 μὴ
2594 2417 2874 2490 θαυμάσῃς
2906 2419 2964 2472 δὲ
3007 2421 3151 2474 εὶ⁶ὲν
3201 2420 3274 2491 τῷ
3294 2438 3308 2451 ⁸
3341 2425 3397 2479 ό,

1826 2496 2015 2571 λύχνος
2037 2502 2126 2555 τοῦ
2158 2502 2400 2574 σώματός
2431 2507 2573 2559 ἐστιν
2600 2508 2629 2559 ὁ
2655 2507 2943 2578 ὀφθαλμὸς,
2978 2511 3369 2581 τροπολογικῶς

1833 2592 1892 2643 τὸ
1936 2590 2091 2659 σῶμα
2128 2592 2220 2644 ἐπὶ
2258 2592 2356 2661 τῆς
2407 2593 2579 2663 ψυχῆς
2621 2596 2969 2666 λαμϐάνεται,
3014 2602 3251 2670 καίτοιγε
3292 2604 3370 2673 τῷ

1837 2678 1949 2749 ἰδίῳ
1987 2678 2124 2748 λόγῳ
2151 2678 2311 2749 οὔσης
2347 2682 2573 2750 ἀοράτου
2600 2684 2689 2736 καὶ
2726 2685 3013 2754 ἀσωμάτου
3033 2704 3047 2718 ο
3093 2690 3231 2741 κατὰ
3262 2690 3368 2759 γὰρ

1832 2768 1928 2838 τὴν
1950 2769 2128 2821 εἰκόνα
2154 2770 2341 2837 γέγονε
2364 2770 2458 2823 τοῦ
2482 2771 2709 2841 ἀοράτου
2732 2774 2865 2827 Θεοῦ
2883 2792 2897 2808 ο
2928 2776 3153 2848 ἐπείπερ
3184 2796 3370 2850 τροπο·

1833 2859 2059 2927 λογικῶς
2080 2860 2170 2913 καὶ
2194 2859 2292 2921 τὰς
2309 2860 2559 2931 δυνάμεις
2580 2864 2676 2933 τῆς
2702 2864 2872 2935 ψυχῆς
2896 2868 3213 2937 εὑρίσκομεν
3235 2872 3368 2938 ὁμω-

1832 2947 2011 3016 νύμως
2033 2951 2140 3009 τοῖς
2182 2952 2502 3017 σωματικοῖς
2543 2950 2779 3019 μέρεσιν,
2802 2953 2900 3005 οὐκ
2935 2953 3095 3016 οὔσας
3121 2954 3365 3023 σώματα.

1831 3037 2244 3107 ὀνομαζομένας.
2293 3039 2467 3107 Atque
2510 3040 2621 3096 hzec
2658 3051 2783 3095 sunt
2828 3044 3088 3111 ejusmodi
3139 3054 3197 3098 ut
3244 3061 3366 3101 cum

1835 3125 2201 3190 superioribus
2254 3127 2472 3194 perinde
2516 3130 2792 3185 conciliari
2847 3147 2950 3186 nou
2996 3133 3245 3201 possint,
3303 3148 3369 3188 ac

1837 3230 1954 3282 qua
1984 3214 2051 3269 de
2097 3215 2303 3284 angelis
2349 3217 2659 3285 scripserat,
2699 3234 2892 3287 corpus
2940 3220 3075 3288 ipsis
3120 3237 3361 3277 nonuuu.

1834 3317 1994 3369 quam
2028 3302 2324 3370 imponens,
2364 3317 2740 3373 nonnunquam
2792 3308 3099 3363 detrahens.
3132 3310 3371 3369 Diximus

1834 3391 1977 3444 enim
2011 3404 2108 3457 pro
2154 3400 2428 3458 respectus
2472 3392 2784 3448 diversitate
2835 3396 2985 3451 varie
3032 3397 3266 3455 locutum
3305 3400 3369 3454 de

1833 3478 2143 3547 angelorum
2187 3479 2504 3549 corporibus
2543 3478 2848 3550 Origeuem,
2900 3498 3097 3552 eosque
3126 3495 3375 3553 respectu,

1834 3568 1927 3622 Dei
1960 3577 2270 3638 corporatos
2290 3569 2513 3633 dixisse,
2542 3579 2783 3637 respectu
2821 3573 2999 3627 mundi
3034 3574 3189 3642 hujus
3217 3590 3370 3642 aspe-

1834 3662 2049 3717 ctabilis
2071 3678 2298 3732 corpore
2323 3670 2605 3717 carentes:
2622 3661 2719 3716 llic
2741 3675 2916 3718 autem
2959 3664 3054 3725 Dei
3085 3665 3253 3734 ipsius
3280 3680 3379 3722 re-.

1834 3763 2023 3819 specta
2051 3753 2260 3808 animas
2286 3767 2513 3821 corpore
2541 3767 2729 3808 carere
2758 3754 2913 3818 dicit,
2942 3762 3127 3822 utpote
3142 3771 3266 3823 qua
3302 3757 3369 3809 ad

1832 3841 1949 3906 ejus
1974 3841 2259 3909 imaginem
2304 3842 2534 3896 condita
2579 3843 2706 3896 sint.
2741 3842 2822 3895 Ad
2856 3843 2969 3897 haec
3018 3842 3373 3913 Hieronymus

1831 3929 1990 3997 t'pist.
2037 3929 2127 3992 59,
2169 3929 2235 3980 ad
2278 3927 2445 3992 Avit.,
2487 3943 2606 3996 cap.
2655 3928 2712 3992 2,
2765 3928 2982 3983 adducit
3034 3929 3193 3982 verba
3257 3928 3372 3998 lugu

1834 4017 2080 4087 Origenis
2103 4033 2170 4073 ex
2198 4018 2305 4072 fine
2343 4019 2463 4073 libri
2500 4033 2536 4073 tt
2586 4017 2660 4071 De
2692 4019 2914 4085 princip.
2945 4033 2965 4071 :
2999 4035 3019 4069 ι
3052 4018 3291 4086 Cumque
3314 4020 3367 4073 in

1836 4117 2043 4161 tantum
2074 4108 2479 4177 profecerimus,
2510 4116 2567 4160 ut
2593 4121 2931 4176 nequaquam
2962 4122 3150 4163 carnes
3174 4116 3226 4160 et
3253 4122 3374 4163 cor-

1834 4213 1989 4268 pora,
2042 4197 2268 4252 forsitan
2319 4211 2387 4252 ne
2439 4198 2632 4252 animae
2684 4198 2893 4265 quidem
2946 4197 3221 4259 fuerimus,
3276 4199 3369 4252 sed

1835 4300 1989 4339 meus
2036 4294 2089 4339 et
2139 4299 2329 4340 sensus
2377 4286 2441 4339 ad
2487 4286 2779 4353 perfectum
2829 4287 3070 4347 veniens,
3123 4286 3373 4363 nulloque

1832 4375 2298 4444 perturbationum
2353 4374 2535 4429 nubilo
2570 4375 2826 4443 caligatis,
2882 4375 3173 4428 intuebitur
3206 4377 3370 4431 ratio-

156 4477 500 4534 adversario
535 4464 677 4541 apud
706 4471 955 4524 Photium
987 4472 1104 4525 cod.
1133 4487 1381 4536 ccxxxtv,
1412 4474 1499 4528 ubi
1526 4475 1731 4531 anilitas
1762 4479 1808 4535 ι)
1835 4467 2039 4521 uabiles
2106 4464 2564 4534 iutelligibilesque
2622 4466 2947 4519 substantias
2991 4468 3126 4522 facie
3176 4469 3242 4522 ad
3289 4468 3371 4523 Ia-

151 4580 290 4621 csse
317 4566 402 4619 ait
433 4575 669 4629 corpora
694 4557 877 4629 νοερὰ,
906 4557 959 4611 in
984 4561 1217 4613 membra
1256 4560 1459 4616 ratione
1492 4572 1733 4629 aspecta-

153 4655 296 4709 bilia
357 4652 657 4707 discretas.
712 4648 828 4716 ipse
872 4646 1030 4700 etiam
1087 4648 1445 4716 Augustinus,
1496 4651 1728 4718 Opinioni

155 4746 296 4800 huic
351 4744 491 4797 licet
537 4738 803 4801 infensus,
856 4738 1033 4805 aliquo
1067 4745 1239 4791 tamen
1289 4753 1449 4792 sensu
1496 4740 1728 4793 animam

153 4851 378 4904 corpus
429 4846 557 4887 esse
585 4830 790 4883 fatetur
833 4829 990 4897 epist.
1035 4828 1124 4883 28.
1177 4831 1247 4882 At
1291 4829 1359 4882 ab
1393 4843 1456 4883 eo
1485 4831 1732 4885 discessit

154 4927 417 4980 Faustus
477 4921 763 4984 Deiensis,
825 4918 1125 4986 animisque
1166 4934 1391 4988 corpora
1438 4919 1613 4986 palam
1654 4920 1732 4973 al-

157 5018 358 5078 liuxit,
402 5026 569 5082 quem
618 5012 785 5065 tribus
828 5009 981 5064 libris
1011 5024 1251 5066 errorem
1285 5008 1423 5063 ultus
1454 5019 1534 5063 est
1572 5009 1730 5064 Clau-

154 5109 375 5162 dianus
406 5102 725 5158 Mamertus.

241 5197 425 5266 Magis
466 5193 595 5246 illud
642 5206 769 5245 vero
795 5193 860 5245 ad
903 5191 1261 5246 excusandum
1291 5188 1575 5257 Origenem
1603 5206 1733 5245 con-

157 5286 319 5339 ferre
350 5291 564 5352 posset,
622 5282 760 5347 quod
792 5281 1049 5349 scriptum
1090 5280 1157 5334 ab
1185 5294 1248 5333 eo
1277 5288 1361 5333 est
1390 5279 1577 5332 humil.
1610 5282 1634 5335 1
1678 5282 1733 5335 in

154 5371 393 5433 Cenes.,
420 5385 576 5424 num.
626 5368 714 5428 15.
762 5368 849 5421 ubi
888 5368 1172 5433 hominem,
1203 5367 1291 5437 qui
1324 5366 1388 5418 de
1415 5365 1546 5420 limo
1575 5376 1731 5423 terra:

159 5466 337 5515 tictus
360 5471 474 5521 est,
500 5471 822 5525 corporeum
855 5457 1118 5511 hominem
1164 5471 1278 5510 esse
1306 5454 1462 5518 dicit;
1494 5456 1596 5523 qui
1638 5473 1733 5510 au-

158 5562 285 5602 Ictu
322 5551 391 5602 ad
427 5547 721 5614 imaginem
754 5545 841 5597 Dei
879 5547 1115 5601 conditus
1141 5555 1237 5609 est,
1282 5543 1587 5612 spiritalem
1615 5562 1735 5601 esse

157 5656 304 5695 cum
329 5648 386 5693 et
420 5649 645 5691 cassum
668 5647 915 5705 corpore;
947 5634 1081 5687 illum
1112 5634 1418 5689 exteriorem
1441 5633 1731 5690 hominem

156 5744 325 5797 esse,
381 5730 530 5783 hunc
581 5720 905 5777 interiorem.
936 5740 953 5774 ι
989 5722 1040 5777 Si
1068 5725 1151 5793 qui
1183 5736 1305 5778 vero
1347 5721 1473 5781 hunc
1517 5740 1731 5796 corpo-

1838 4559 2007 4619 ciem;
2052 4572 2072 4606 »
2109 4570 2227 4625 qua:
2275 4569 2423 4609 more
2460 4570 2559 4610 suo
2594 4556 2857 4623 pervertit
2904 4555 3144 4611 Ruﬁnus.
3180 4555 3371 4611 Parent

1838 4660 1996 4713 supra
2058 4646 2367 4700 memoratis
2417 4647 2876 4701 ratiocinationem
2931 4661 2962 4701 e
3014 4646 3147 4700 libro
3189 4662 3251 4700 ιιι
3298 4645 3372 4699 De

1836 4740 2057 4805 princip.
2089 4737 2310 4791 adducit
2336 4735 2695 4807 Hieronymus
2726 4737 2958 4804 ejusdem
2988 4737 3223 4806 epistolis
3250 4751 3370 4806 cap.

1836 4828 1890 4891 5,
1918 4827 2276 4881 necessarium
2304 4828 2512 4882 scilicet
2556 4842 2676 4883 esse
2702 4827 3037 4892 alterutrum,
3084 4836 3143 4881 ut
3172 4828 3250 4881 vel
3290 4827 3371 4879 iu-

1839 4918 2078 4987 corporei
2112 4917 2318 4980 (lamus,
2359 4918 2403 4970 si
2430 4917 2537 4971 Deo
2563 4918 2764 4972 similes
2799 4908 2918 4972 esse
2961 4919 3256 4980 studemus,
3289 4915 3371 4970 vel

1839 5017 1897 5060 ut
1925 5008 2325 5062 similitudinem
2354 5007 2449 5063 Dei
2475 5022 2581 5062 non
2613 5022 2908 5077 speremus,
2947 5009 2989 5063 si
3035 5009 3219 5063 eadem
3246 5021 3366 5060 cor-

1842 5112 1971 5165 pora
2012 5112 2222 5166 semper
2256 5097 2483 5151 habituri
2521 5112 2749 5152 sumus:
2780 5108 2834 5152 et
2880 5098 2933 5152 in
2988 5098 3143 5168 epist.
3188 5096 3275 5156 6t,
3303 5093 3371 5145 ad

1837 5186 2169 5256 Paumnacln,
2203 5204 2321 5257 cap.
2352 5188 2406 5254 5,
2454 5189 2650 5245 dixisse
2698 5188 2773 5241 ait
2817 5186 3095 5254 Origenem
3135 5184 3185 5234 in
3222 5179 3369 5231 libris

1837 5277 1973 5346 Περὶ
1997 5278 2213 5347 ἀρχῶν,
2243 5299 2260 5331 ι
2295 5278 2459 5335 solem
2497 5289 2551 5334 et
2586 5280 2789 5342 lunam,
2837 5286 2892 5330 et
2923 5274 3154 5330 omnium
3189 5280 3370 5322 astro-

1837 5383 1955 5421 rum
1984 5368 2205 5422 cbormn
2253 5384 2372 5425 esse
2419 5369 2631 5425 animas
2668 5365 3062 5423 rationabilium
3102 5359 3372 5425 quondam

1839 5467 1893 5510 et
1920 5456 2329 5526 incorporalium
2376 5468 2765 5514 creaturarum.
2800 5472 2819 5509 ι
2853 5452 3086 5515 Denique
3129 5443 3378 5509 Sophror

1840 5548 1961 5602 nius
1995 5547 2576 5622 Hierosolymitanusin
2611 5545 2832 5617 epistola
2874 5542 2941 5595 ad
2969 5532 3384 5622 Sergium‘Con-

1837 5618 2389 5710 stantiuopolitanum,
2416 5656 2532 5710 qua:
2571 5639 2802 5693 habetur
2834 5631 2893 5684 in
2934 5625 3141 5679 actione
3179 5618 3246 5716 11
3301 5634 3391 5689 sy.-

1839 5728 1963 5786 uodi
1993 5745 2070 5799 Vl,
2116 5732 2219 5791 alia
2269 5730 2485 5801 Origeni
2529 5725 2751 5785 crimina
2799 5716 3087 5785 objicieus,
3118 5720 3179 5759 co
3211 5720 3396 5776 ipsum
