3894 6406
587 392 685 447 9H

1825 379 1881 433 P.
1922 378 2232 434 DANIELIS
2270 378 2505 435 HUETII

3592 393 3673 448 Ol!

551 555 554 558 .
585 506 773 558 liberat
802 516 817 552 :
853 498 985 549 'Aitk'
1015 487 1455 563 οὐχ’ὲπειδήπερ,
1487 490 1679 559 inquit,
1704 493 1758 544 αἱ
1784 492 1890 545 τῶν
1915 492 2099 563 ἀνθρώ

2219 491 2461 563 αἰσθητῷ
2508 489 2682 561 τούτῳ
2726 489 2869 562 μετὰ
2913 491 3012 561 τῆν
3046 488 3282 544 ἐντεῦθεν
3312 492 3532 563 ἐκδημίαν
3567 500 3675 570 ἔχειν

583 609 695 645 πων
724 589 884 656 ψυχαὶ
914 585 1044 637 Θεοῦ
1074 586 1250 653 χάριτι
1281 584 1379 653 τὴν
1427 582 1628 653 φθορὰν
1655 582 1983 645 ἀπεώσαντο,
2022 583 2117 653 τὴν

581 680 722 747 πάσῃ
772 678 956 743 κτιστῇ
1008 673 1163 741 φύσει
1216 673 1658 743 ἐμφωλεύουσαν
1705 673 1792 725 διὰ
1833 675 1986 726 τοῦτο
2026 676 2119 727 καὶ

580 767 682 836 πρὸ
708 763 965 832 σωμάτων
1006 762 1170 824 αὑτὰς
1223 761 1646 830 ὑποπτεύσομεν,
1679 761 1715 832 ἢ
1751 761 1855 830 πρὸ
1882 761 1979 829 τῆς
2025 761 2117 813 τοῦ

575 853 840 924 ὁρωμένου
864 851 1060 919 κόσμου
1085 850 1415 921 παραγωγῆς
1438 850 1528 901 καὶ
1550 848 1869 918 συμπήξεως
1887 849 1943 899 ὲν
1967 848 2117 916 ἀϊδίῳ

573 942 675 994 τινὶ
700 941 808 1010 ζωῇ
853 941 1020 993 τελεῖν
1044 942 1380 1010 ὲννοήσομεν,
1424 940 1515 992 καὶ
1550 941 1660 1009 βίον
1707 939 1847 1007 ἔχειν
1875 939 2117 1008 οὐράνιον

573 1030 1097 1100 φήσομεν,”ἆσαρκόν
1141 1049 1198 1083 τε
1233 1033 1324 1084 καὶ
1353 1030 1633 1100 ἀσώματον
1656 1028 1831 1093 ζώσας
1858 1030 2000 1098 ζωὴν
2020 1028 2117 1099 τὴν

569 1118 730 1171 ἀΐδιον
751 1121 808 1171 ἐν
830 1118 1037 1188 οὐρανῷ
1068 1136 1192 1171 ποτε
1229 1118 1300 1189 μὴ
1327 1119 1640 1188 ὑπάρχοντι,
1673 1117 1747 1180 ὡς
1784 1118 2061 1188 Ὠριγένης
2089 1120 2116 1171 ὁ

572 1210 882 1281 παράφορος
926 1211 1187 1280 βούλεται,
1238 1212 1329 1262 καὶ
1367 1214 1414 1262 οἱ
1459 1211 1643 1263 τούτου
1693 1210 2000 1280 συμμύσται
2027 1212 2116 1264 καὶ

572 1298 870 1370 σύμφρονες
897 1301 1138 1370 Δίδυμος,
1191 1302 1282 1353 καὶ
1314 1301 1596 1369 Εὺάγριος,
1630 1300 1722 1353 καὶ
1755 1304 1783 1353 ὁ
1814 1301 1994 1363 λοιπὸς
2024 1302 2116 1354 αὐ-

562 1391 674 1443 τῶν
712 1392 1108 1462 μυθομέριμνος
1135 1392 1333 1461 ὅμιλος.
1369 1410 1388 1442 ι
1435 1394 1538 1445 Sed
1588 1409 1691 1447 non
1744 1393 1943 1447 idcirco
1973 1392 2113 1461 quod

570 1482 844 1535 hominum
890 1482 1080 1535 anima:
1113 1483 1278 1550 gratia
1327 1482 1416 1535 Dei
1474 1483 1871 1551 corruptionem
1901 1482 2111 1551 repule-

570 1578 714 1635 runt,
743 1585 864 1636 qum
913 1571 1162 1625 omnibus
1202 1573 1466 1625 creaturis
1511 1572 1828 1625 naturaliter
1878 1573 2110 1635 insidet;

570 1661 689 1715 ideo
724 1670 777 1713 et
803 1669 926 1715 ante
970 1677 1192 1730 corpora
1223 1678 1313 1716 eas
1359 1663 1522 1717 fuisse
1580 1663 1995 1730 suspicabimur,
2031 1663 2112 1718 vel

570 1762 693 1807 ante
728 1752 884 1821 hujus
910 1753 1134 1808 visibilis
1159 1756 1339 1807 mundi
1367 1755 1741 1823 prolationem,
1770 1764 1930 1823 atque
1958 1770 2107 1809 corn-

2218 582 2561 652 ἐκτιθέμενος
2583 582 2679 651 τὴν
2713 581 2914 651 ψυχὴν,
2937 577 3220 650 ἀσώματον
3256 580 3349 634 ὑπό
3388 600 3435 635 τι
3468 586 3676 645 Πλατωνι-

2218 670 2327 732 κῶς
2348 669 2709 737 ἀποφαίνεται
2733 670 2926 738 αὐτήν.
2945 668 3073 735 Qua:
3095 669 3171 722 sic
3190 672 3538 738 interpretanda
3558 692 3648 731 sunt
3662 699 3687 734 :-

2222 776 2239 809 ι
2276 759 2356 812 Ad
2391 759 2476 811 illa
2506 760 2591 811 vir
2646 767 2865 811 sanctus
2894 775 2911 806 ι
2946 755 3261 824 (Methodius
3293 759 3531 832 nimirum)
3554 783 3570 815 ι
3597 768 3677 824 hac

2217 849 2311 914 ait,
2346 867 2366 899 ι
2416 858 2763 918 (sequuntur
2811 846 3009 902 deinde
3069 848 3229 901 verba
3270 849 3373 917 ipsa
3414 850 3619 909 Hethotlii
3657 874 3679 911 a

2215 937 2405 994 Photio
2435 936 2715 1003 αὑτολεξεὶ
2766 938 3039 1006 descripta
3060 976 3075 999 ,
3108 953 3207 992 nou
3232 941 3293 992 ab
3327 954 3385 994 eo
3409 942 3679 1015 αὐτοπρωώ-

2218 1046 2333 1091 πως
2360 1030 2620 1097 recitata)
2645 1047 2658 1084 :
2700 1046 2715 1079 ι
2744 1028 3002 1098 Figuram
3033 1030 3190 1081 aliam
3220 1032 3517 1086 consimilem
3541 1038 3676 1091 sensili

2217 1120 2360 1183 huic,
2406 1129 2695 1188 postquam
2723 1120 2852 1174 hinc
2884 1120 3141 1184 excessit,
3177 1119 3365 1175 habere
3393 1123 3576 1178 tradens
3598 1126 3680 1179 ani-

2217 1226 2396 1278 mam,
2462 1213 2845 1279 incorpoream
2882 1225 3007 1265 esse
3051 1210 3228 1278 aliquo
3288 1220 3431 1280 pacto
3476 1211 3682 1270 Platonice

2216 1302 2384 1369 ipsam
2416 1302 2703 1356 aﬂirmat.»
2735 1301 2867 1356 llaec
2891 1302 2968 1355 ait
2996 1300 3289 1355 Methodius
3309 1302 3370 1355 de
3394 1301 3597 1371 Origene,
3611 1322 3681 1360 nou

2214 1393 2439 1446 l’hotius
2485 1393 2551 1446 de
2595 1391 2896 1452 Methodio,
2936 1390 3031 1459 qui
3066 1390 3256 1445 deinde
3298 1392 3488 1459 probat,
3527 1408 3579 1445 ex
3614 1395 3682 1449 hac

2214 1481 2463 1550 Origenis
2488 1482 2807 1551 opinatione
2840 1482 3103 1549 consequi
3144 1496 3359 1550 corpore
3390 1482 3587 1537 animam
3622 1501 3681 1538 ca-

2214 1574 2522 1638 rere;quia
2553 1573 2599 1625 si
2636 1582 2758 1637 post
2804 1586 3095 1626 excessum
3144 1586 3173 1624 e
3220 1573 3323 1625 vita
3372 1587 3565 1641 corpore
3603 1584 3681 1627 tan-

2212 1679 2372 1730 quam
2405 1663 2659 1717 vehiculo
2690 1674 2747 1717 et
2798 1674 2953 1717 veste
3000 1662 3225 1732 indiget,
3256 1672 3427 1732 utpote
3461 1680 3561 1733 qua:
3587 1668 3681 1719 nuda

2214 1754 2594 1820 comprehendi
2628 1768 2737 1807 non
2782 1753 2999 1822 possit,
3046 1754 3227 1821 utique
3255 1769 3486 1822 corporea
3529 1766 3685 1811 nonest

568 1847 810 1914 paginem
845 1846 895 1897 in
949 1847 1271 1914 sempiterna
1321 1847 1548 1913 quadam
1597 1850 1702 1903 vita
1733 1847 1935 1915 positas
1961 1846 2105 1899 arbi-
2140 1823 2181 1876 Β
2213 1844 2455 1913 (valeret
2481 1845 2626 1898 enim
2669 1845 2919 1914 alioquin
2959 1844 3147 1898 eadem
3192 1846 3576 1914 argumentatio,
3612 1861 3684 1913 qua

569 1937 843 1999 trahimur,
885 1935 1116 1989 vitaruve
1172 1937 1425 1991 habuisse
1470 1938 1743 1992 caelestem
1774 1951 2100 1996 asseremus.

568 2026 867 2079 incarneam
899 2037 994 2078 seu
1030 2028 1393 2094 incorpoream
1419 2028 1578 2080 vitam
1619 2029 1863 2081 viventes
1915 2041 2104 2096 perpe-

567 2126 708 2169 tuam
754 2119 804 2170 in
840 2120 979 2173 ctelo
1009 2119 1295 2186 aliquando
1324 2135 1429 2171 non
1476 2119 1776 2182 exsistenti,
1811 2119 1955 2172 sicut
1986 2117 2105 2173 Ori-

565 2222 725 2275 genes
747 2208 963 2263 insanus
993 2209 1289 2269 constituit,
1313 2218 1367 2262 et
1401 2206 1557 2274 hujus
1587 2218 1917 2277 symmystaa,
1942 2217 2104 2275 atque

564 2308 853 2352 sectatores
878 2299 1152 2368 Didymus,
1180 2308 1233 2351 et
1262 2299 1518 2367 Evagrius
1537 2339 1551 2363 ,
1593 2308 1646 2350 et
1681 2299 1887 2367 reliq‘ua
1918 2314 2101 2352 earum

564 2388 860 2444 fabularum
904 2392 1254 2459 excogitatrix
1310 2391 1591 2445 sodalitas.
1633 2409 1653 2442 ›
1685 2392 1761 2444 Ex
1814 2391 1898 2445 his
1939 2391 2104 2459 liquet

564 2491 757 2542 quanta
786 2482 945 2535 fuerit
978 2481 1224 2553 Origeuis
1255 2483 1307 2537 in
1338 2494 1620 2552 utramque
1648 2494 1849 2551 partem
1884 2484 2105 2537 ﬂuctua-

564 2571 636 2623 tio
675 2589 691 2624 :
725 2572 832 2641 (58)
858 2574 948 2627 sed
978 2572 1030 2625 in
1056 2587 1170 2626 eam
1205 2583 1377 2625 tamen
1410 2574 1576 2641 magis
1596 2575 1929 2642 propendere
1957 2573 2099 2626 visus

561 2667 662 2723 est,
698 2674 814 2727 quae
860 2660 1052 2713 anima:
1089 2675 1281 2729 corpus
1325 2662 1567 2717 ascribit.
1613 2661 1772 2716 Certe
1800 2663 2101 2731 Stephanus

560 2748 801 2803 Gobarus
855 2749 1114 2803 Tritheita
1166 2752 1306 2820 apud
1370 2751 1615 2805 Photium
1693 2753 1812 2807 cod.
1862 2767 2096 2815 ecum,

560 2839 804 2906 dogmata
836 2839 1108 2907 pleraque,
1146 2840 1237 2893 sed
1268 2839 1382 2892 fere
1417 2848 1592 2893 tamen
1624 2840 1945 2908 Origeniana
1976 2855 2100 2908 pro-

560 2940 799 2993 pugnans
820 2939 874 2979 ct
906 2928 1243 2996 impugnans,
1297 2929 1566 2983 tricesimo
1595 2928 1711 2985 loco
1744 2930 1870 2983 illud
1900 2944 2099 2997 expen-

559 3016 667 3070 dit:
692 3017 1053 3087 Ὅτισώματά
1084 3021 1191 3071 εἰσι
1213 3020 1372 3089 νοερὰ
1389 3022 1443 3072 αἱ
1465 3019 1569 3072 τῶν
1593 3019 1887 3090 ἀνθρώπων
1910 3019 2094 3088 ψυχαὶ,

558 3106 650 3157 καὶ
679 3105 1132 3177 διατετυπωμέναι
1160 3107 1299 3160 κατὰ
1340 3109 1399 3159 τὸ
1432 3108 1745 3176 φαινόμενον
1783 3107 1975 3170 ἔξωθεν
2000 3106 2093 3158 τοῦ
2122 3146 2165 3206 c

558 3195 800 3265 σώματος
832 3199 1013 3267 σχῆμα
1031 3216 1047 3228 °
1098 3198 1191 3250 καὶ
1239 3199 1302 3248 ἐκ
1328 3197 1420 3248 τοῦ
1455 3197 1823 3266 ἀντικειμένου
1853 3198 1931 3249 ὅτι
1956 3196 2096 3249 ἀσώ-

560 3288 723 3355 ματος
749 3290 892 3340 ἐστιν
920 3291 952 3357 ἡ
997 3289 1159 3358 ψυχὴ,
1193 3289 1283 3340 καὶ
1310 3290 1634 3355 σωματικοῖς
1675 3288 1771 3356 οὐχ
1816 3288 2095 3339 ὑπόκειται

554 3377 761 3436 τύποις.
798 3394 816 3426 ι
853 3379 1058 3430 Animae
1092 3379 1366 3430 hominum
1397 3386 1520 3428 sunt
1547 3390 1771 3443 corpora
1798 3376 2095 3444 iutelligibi-

557 3464 647 3526 lia,
676 3465 934 3517 eteadem
984 3466 1159 3534 ﬁgura
1199 3476 1324 3520 sunt
1353 3482 1455 3533 qua
1490 3466 1659 3517 forma
1709 3466 1944 3518 exterior
1976 3474 2109 3519 θοι-ί

556 3554 735 3620 poris;
775 3562 829 3605 et
874 3568 905 3607 e
945 3558 1246 3621 contrario,
1309 3557 1627 3622 incorporea
1672 3563 1755 3609 est
1797 3557 1992 3618 anima,
2040 3566 2094 3610 et

555 3641 887 3709 incorporeis
922 3658 1026 3696 non
1058 3645 1336 3711 subiicitur
1368 3644 1569 3712 ﬁguris.
1608 3662 1626 3694 ι

622 3730 737 3787 XV.
768 3731 936 3787 Porro
966 3734 1160 3787 animis
1181 3748 1402 3802 corpora
1420 3734 1677 3802 amngens
1709 3735 1965 3804 Origenes
1993 3738 2092 3790 du-

552 3837 669 3878 cem
690 3837 841 3876 suum
864 3836 926 3876 ae
947 3822 1261 3875 dictatorem
1285 3822 1558 3876 Platonem
1579 3823 1835 3886 deseruit,
1858 3824 1949 3893 qui
1975 3840 2092 3877 cor-

551 3926 864 3985 poraturam
925 3918 1139 3972 sustulit
1187 3919 1253 3971 ab
1286 3917 1478 3971 animis
1505 3935 1520 3972 :
1550 3927 1606 3971 at
1630 3918 1762 3972 alios
1818 3928 1993 3973 tamen
2024 3934 2089 3972 ex

553 4006 789 4074 antiquis
812 4008 1169 4076 philosophis,
1202 4022 1335 4076 quos
1364 4017 1697 4076 sequeretur,
1733 4010 1917 4064 habuit
1942 4023 2091 4063 eorn-
2128 4040 2133 4045 ι

551 4097 748 4165 plures.
802 4098 999 4152 llorum
1058 4098 1100 4152 si
1148 4099 1268 4167 quis
1302 4098 1493 4167 placita
1524 4100 1589 4153 de
1613 4101 1786 4153 anima
1813 4100 1946 4154 velit
1993 4116 2090 4155 co-

552 4202 831 4254 gnoscere,
861 4189 999 4258 legat
1033 4188 1348 4243 Tertulliani
1387 4190 1582 4243 librum
1627 4189 1713 4243 De
1743 4192 1939 4255 animo,
1967 4207 2087 4260 cap.

551 4275 605 4338 5,
632 4276 664 4329 6
694 4286 746 4330 et
776 4280 828 4341 7,
856 4290 911 4333 et
962 4280 1259 4335 Ncmesiurn
1312 4279 1447 4335 libro
1478 4279 1555 4333 De
1597 4291 1788 4334 natura
1820 4282 2044 4335 hominis
2071 4323 2086 4349 ,

554 4378 671 4431 cap.
698 4365 753 4429 9.,
789 4377 839 4420 et
866 4368 1173 4423 Ciceronem
1210 4370 1303 4422 lih.
1357 4384 1408 4421 rv
1461 4369 1755 4421 Academia
1804 4370 1874 4422 At
1914 4371 2085 4425 locum

2210 1918 2464 1985 adversus
2500 1933 2849 1986 Vincentium
2880 1932 3177 1998 Victorem,
3205 1935 3420 1987 animam
3447 1949 3685 2003 corpoream

2210 2039 2327 2079 esse
2359 2033 2685 2078 statuentem
2726 2039 2861 2079 usus
2893 2035 2979 2078 est
3010 2025 3337 2093 Augustinus
3370 2024 3451 2077 lib.
3483 2040 3496 2077 ι
3525 2024 3585 2077 De
3608 2024 3685 2075 aui-

2209 2130 2313 2180 ma,
2346 2115 2521 2183 eap.5
2556 2134 2570 2168 :
2618 2134 2638 2165 ι
2666 2116 2828 2181 Quod
2872 2132 3006 2171 vero
3063 2132 3181 2171 eam
3222 2132 3321 2171 non
3354 2119 3580 2185 spiritum,
3621 2118 3684 2171 scil

2209 2218 2403 2271 corpus
2424 2219 2543 2258 esse
2582 2206 2903 2268 contendit,
2933 2205 3060 2273 quid
3080 2205 3218 2259 aliud
3240 2207 3341 2259 vult
3362 2205 3562 2269 ellicere,
3577 2221 3687 2274 quam

2210 2309 2308 2347 nos
2328 2310 2429 2347 non
2466 2309 2533 2349 ex
2564 2296 2752 2349 anima
2808 2304 2867 2350 et
2926 2311 3174 2363 corpore,
3233 2299 3319 2351 sed
3361 2313 3420 2352 ex
3449 2297 3614 2353 duobus
3631 2297 3685 2350 vel

2208 2384 2369 2437 etiam
2403 2385 2578 2439 tribus
2607 2395 2876 2441 constare
2922 2389 3242 2456 corporibus
3264 2390 3289 2441 ἶν’
3319 2390 3441 2443 Cum
3482 2389 3595 2442 enim
3617 2388 3687 2454 spi-

2208 2472 2338 2537 ritu,
2368 2475 2545 2526 anirna
2574 2482 2630 2527 et
2658 2489 2900 2543 corpore
2931 2480 3184 2532 c'oustare
3211 2492 3305 2531 nos
3349 2478 3482 2541 dicit,
3501 2487 3544 2530 et
3564 2476 3687 2530 omnia

2208 2561 2322 2616 lucc
2351 2563 2453 2616 tria
2499 2578 2734 2632 corpora
2796 2578 2921 2620 esse
2954 2568 3172 2632 asserit,
3209 2568 3437 2638 profecto
3478 2583 3535 2621 ex
3570 2567 3691 2619 tribus

2205 2652 2525 2720 corporibus
2574 2670 2683 2710 nos
2721 2665 2885 2725 putat
2928 2671 3055 2712 esse
3090 2669 3406 2728 compactos.
3442 2658 3488 2712 lu
3514 2673 3593 2726 qua
3612 2656 3690 2723 opi-

2206 2742 2364 2795 nione
2399 2752 2604 2810 quanta
2634 2758 2767 2797 eum
2798 2756 3064 2813 sequatur
3105 2750 3424 2810 absurditas,
3472 2748 3531 2800 illi
3567 2749 3693 2816 potius

2204 2846 2365 2899 quam
2396 2833 2492 2885 tibi
2521 2834 3030 2890 demonstrandum
3054 2839 3236 2905 puto.)
3276 2856 3299 2890 ι
3332 2838 3451 2892 Cum
3472 2852 3579 2905 ergo
3614 2838 3692 2889 aui-

2204 2942 2304 2979 rnae
2331 2940 2530 2994 corpus
2559 2927 2933 2982 adventitium
2966 2932 3346 3000 superadderet
3379 2930 3612 2999 Origenes,
3635 2931 3693 2983 in-
3764 2920 3767 2941 ¹

2203 3032 2520 3084 corpoream
2557 3020 2625 3073 ab
2655 3035 2723 3074 eo
2764 3021 2942 3090 ipsam
2980 3026 3290 3078 necessario
3347 3024 3510 3078 haberi
3542 3022 3691 3078 ﬂetboc

2202 3108 2322 3161 dius
2341 3109 2632 3165 conclusit.
2662 3111 2854 3182 Pergit
2875 3115 3074 3169 deinde
3101 3134 3119 3169 :
3142 3114 3198 3170 Si
3249 3117 3531 3185 incorporea
3568 3116 3690 3167 anima

2200 3206 2304 3260 est,
2338 3196 2735 3256 all‘ectionihus
2764 3203 3030 3260 immunis
3057 3217 3162 3270 est,
3202 3222 3300 3261 nec
3328 3206 3471 3261 alieni
3513 3204 3692 3274 corporis

2199 3295 2252 3339 et
2289 3289 2581 3343 mutuatitii
2630 3293 2880 3347 motibus
2930 3296 3194 3351 obnoxia.
3244 3298 3337 3350 Sin
3405 3295 3691 3350 aiectioaibus

2199 3378 2441 3443 corporis
2475 3382 2834 3447 percellitur,
2859 3385 3056 3453 utique
3101 3388 3408 3456 incorporea
3438 3402 3527 3440 non
3546 3394 3624 3439 est.
3645 3384 3691 3434 At

2199 3480 2303 3517 una
2324 3480 2446 3518 cum
2479 3483 2724 3537 corpore
2756 3475 2901 3529 mala
2939 3476 3025 3530 vel
3058 3479 3198 3531 bona
3229 3479 3448 3546 patitur,
3492 3486 3686 3528 meorum

2197 3555 2288 3624 qui
2320 3565 2440 3624 post
2466 3571 2707 3616 mortem
2738 3565 3005 3622 videndos
3046 3584 3107 3622 se
3139 3569 3493 3637 praebuerunt,
3518 3566 3690 3620 testimo-

2198 3650 2287 3701 nia
2313 3653 2652 3709 conﬁrmant
2677 3675 2697 3713 :
2726 3658 2912 3710 anima
2951 3659 3115 3728 igitur
3136 3674 3391 3729 corporea
3406 3669 3497 3715 est.
3527 3659 3599 3711 Sic
3620 3657 3687 3707 ita.

2196 3754 2300 3807 que
2325 3742 2391 3793 ad
2426 3744 2735 3801 absurdum
2762 3758 2820 3802 et
2850 3748 3115 3803 ἀδόκητον
3143 3749 3416 3818 Origenem
3450 3748 3588 3816 adigit
3618 3743 3692 3797 lle-

2199 3831 2432 3896 tbodius,
2465 3838 2716 3891 animam
2742 3854 2812 3892 ex
2856 3841 2977 3906 ejus
3026 3842 3186 3896 dictis
3217 3855 3510 3911 corpoream
3537 3852 3627 3891 esse
3655 3843 3689 3884 et

2197 3920 2575 3989 incorpoream
2606 3928 3027 3986 demonstrans.
3075 3930 3300 3987 Sensum
3347 3931 3550 3997 denique
3582 3938 3689 3979 stium

2196 4010 2310 4080 ipse
2332 4013 2526 4081 aperit,
2559 4016 2786 4072 animas
2820 4035 3063 4088 corpora
3092 4038 3210 4076 esse
3236 4022 3411 4075 dicens
3437 4011 3689 4084 intelligendi

2195 4100 2446 4156 facultate
2476 4106 2744 4175 praedita,
2778 4112 3048 4165 membris
3075 4115 3281 4167 ratione
3309 4112 3468 4166 solum
3509 4115 3688 4177 asperi!"

2194 4192 2389 4246 hilibus
2414 4193 2690 4249 instructa
2725 4238 2740 4259 ,
2780 4215 2891 4253 non
2927 4218 3051 4270 (νινε
3088 4202 3375 4256 adventitio
3402 4214 3592 4267 corpore
3613 4196 3687 4247 sint

2194 4281 2399 4345 induta,
2430 4282 2524 4335 sed
2557 4299 2692 4352 qua
2729 4300 2931 4343 natura
2967 4302 3160 4362 suapte
3197 4308 3413 4361 corpora
3458 4292 3566 4346 sint.
3592 4286 3689 4340 Vm

2195 4374 2307 4428 hate
2328 4380 2410 4424 est
2446 4380 2499 4425 et
2528 4376 2784 4441 genuina
2841 4380 2946 4434 loci
2997 4382 3159 4453 hujus
3188 4383 3459 4451 expositio,
3485 4391 3611 4449 quam
3636 4374 3683 4426 ill

552 4458 833 4521 quemdam
874 4458 1125 4512 Methodii
1178 4461 1308 4513 satis
1355 4460 1659 4513 intricatum
1695 4469 1749 4513 et
1802 4462 2085 4514 obscurum
2118 4476 2161 4530 ι)
2190 4470 2336 4522 εἰτοο
2368 4476 2700 4534 persecutus
2737 4486 2887 4539 sum,
2914 4486 2973 4527 ηι
3010 4493 3077 4531 ,ιο
3099 4479 3165 4531 ab
3190 4469 3687 4539 infensissimoquidcm

553 4545 824 4611 praeterire
843 4562 943 4597 non
978 4550 1147 4615 decet,
1175 4564 1282 4617 quo
1304 4550 1550 4617 Origenis
1570 4550 1848 4603 decretum
1877 4551 1943 4604 de
1971 4552 2085 4603 aui-

556 4634 656 4686 mis
680 4637 953 4702 corporeis
981 4638 1166 4692 nititur
1190 4642 1516 4695 convellere.
1548 4641 1787 4694 llabetnr
1817 4641 1908 4695 ille
1946 4644 2083 4709 apud

553 4723 795 4778 l‘hotium
834 4726 956 4779 cod.
989 4742 1212 4785 ccxxxrv
1235 4732 1371 4801 (59).
1404 4732 1498 4785 llic
1530 4748 1657 4802 ergo
1703 4734 1928 4800 primum
1959 4733 2090 4787 Ori-

550 4816 701 4880 genis
720 4816 907 4869 recitat
932 4818 1119 4895 verba,
1136 4822 1326 4887 quibus
1357 4826 1451 4887 ait,
1470 4825 1513 4876 si
1543 4823 2087 4877 demenstrationibus

551 4921 775 4975 corpore
805 4908 1034 4960 animam
1059 4922 1121 4961 ex
1151 4926 1267 4964 sese
1301 4928 1486 4967 carere
1516 4916 1787 4983 probetur,
1815 4914 2084 4968 latendum

548 5012 666 5050 esse
704 4992 935 5050 alienum
986 5012 1101 5050 eam
1154 5008 1206 5050 et
1254 5002 1539 5055 ascititium
1590 5018 1783 5069 corpus
1844 5005 2085 5063 induere.

550 5088 743 5155 prioris
776 5087 862 5141 cui
900 5087 951 5139 in
1005 5088 1165 5140 terris
1219 5089 1503 5155 conjuncta
1540 5091 1714 5147 {uerat
1768 5094 1959 5147 simile.
1989 5092 2082 5147 His

550 5177 796 5232 Methodii
825 5191 1105 5230 censuram
1133 5175 1397 5230 suhnectit
1422 5179 1638 5232 Pltotius
1675 5198 1690 5232 :
1728 5182 1869 5252 Πρὸς
1888 5183 2077 5245 ταῦτα,

549 5267 737 5333 inquit,
772 5268 801 5319 ὀ
836 5265 987 5335 ἅγιος
1016 5265 1139 5339 τάδε
1165 5265 1312 5330 φησί’
1342 5266 1529 5333 Σχῆμα
1557 5268 1682 5320 ἄλλο
1721 5271 1959 5337 ὁμοειδὲς
2002 5271 2083 5341 τῷ

614 5377 727 5448 (58)
758 5377 859 5432 Sed
880 5379 932 5429 in
967 5393 1079 5429 eam
1106 5377 1460 5448 tnrnennragis
1488 5381 1794 5442 propendere
1817 5384 1951 5433 risus
1980 5392 2074 5447 est,

545 5461 660 5509 qua:
682 5446 867 5499 anian
902 5462 1085 5513 corpus
1141 5446 1373 5499 ascribit.
1414 5446 1619 5509 (Ionius
1642 5450 1853 5513 quidem
1886 5446 2079 5503 animae

549 5516 763 5583 ascribit
782 5516 1053 5583 Origenes,
1085 5525 1263 5583 utpote
1285 5530 1404 5583 qua:
1432 5515 1591 5575 nuda,
1618 5516 1807 5580 inquit,
1837 5534 2080 5583 compre-

550 5578 701 5651 hendi
730 5599 831 5635 nou
868 5578 1054 5650 possit,
1101 5578 1197 5637 nec
1252 5578 1316 5637 in.
1353 5584 1459 5637 ullo
1498 5578 1754 5651 corporeo
1787 5578 2081 5639 consistere

550 5644 684 5709 ioco,
718 5654 843 5716 quin
868 5644 1108 5721 indigeat
1137 5669 1366 5722 corpore
1394 5654 1457 5706 ad
1496 5644 1741 5703 naturain
1785 5652 1881 5722 loci
1941 5654 2082 5707 illius

550 5722 966 5785 accommodato;
994 5723 1085 5777 sed
1104 5724 1173 5777 ita
1199 5721 1437 5791 aScribit,
1462 5730 1516 5776 ut
1532 5723 1605 5776 sit
1631 5721 1866 5777 exterius
1894 5723 2084 5777 animae

2189 4555 2493 4611 Adamantii
2527 4557 2862 4616 adversario
2899 4567 3036 4619 vitio
3081 4570 3259 4621 datum
3297 4567 3448 4619 fuisse
3481 4558 3683 4616 lectoritr

2193 4646 2413 4714 telligat,
2441 4647 2587 4712 quod
2616 4648 2690 4702 ab
2723 4650 2851 4707 aliis
2879 4655 2998 4711 fere
3028 4658 3295 4724 obiectum
3323 4666 3422 4718 est,
3442 4654 3601 4707 anima:
3619 4644 3684 4700 Sci-

2190 4739 2316 4791 licet
2340 4751 2543 4803 corpus
2589 4756 2720 4796 eum
2770 4748 3086 4815 addidisse;
3126 4752 3217 4804 sed
3265 4751 3503 4803 veriorem
3534 4758 3559 4795 e
3594 4755 3684 4791 mn-

2194 4828 2356 4881 πατῖο
2385 4831 2719 4885 sententiam
2758 4838 3164 4905 suggillassein
3207 4841 3383 4895 eodem
3409 4832 3683 4890 Methodium.

2190 4932 2309 4971 cum
2344 4916 2603 4972 deteriori
2642 4922 2763 4989 ipse
2788 4929 3111 4986 adhaeserit.

2258 5006 2396 5061 XVI.
2436 5007 2820 5072 Proferendus
2853 5035 3076 5091 quoque
3108 5024 3196 5079 hic
3221 5036 3303 5079 est
3327 5028 3452 5078 alter
3492 5010 3681 5074 Metlwrlii

2182 5098 2353 5164 locns,
2384 5113 2450 5152 ex
2484 5099 2633 5155 libro
2680 5104 2758 5179 De
2790 5116 3218 5168 resnrreetr'onea
3247 5115 3422 5169 Photio
3445 5113 3679 5172 decerP'"‘v

2184 5188 2321 5242 unde
2354 5190 2605 5257 proxime
2635 5193 2902 5255 laudatus
2927 5202 3114 5257 itidem
3151 5205 3343 5273 petitus
3368 5213 3479 5257 est:
3508 5195 3677 5262 Ἀνθρω

2182 5294 2299 5339 ’ποςν
2334 5280 2487 5347 φησὶ,
2517 5280 2747 5349 λέγεται
2794 5292 2943 5344 κατὰ
3000 5294 3161 5361 φύσιν
3212 5294 3516 5361 ἀληθέστατα
3540 5325 3553 5349 ,
3592 5281 3676 5334 οὗτε

2178 5389 2579 5470 Ξξξάυιηβιιιυιξτι
2605 5411 2712 5470 nec
2741 5403 2948 5456 animm
2966 5416 3214 5459 naturam
3249 5407 3296 5458 iu
3325 5411 3524 5470 corpore
3548 5389 3671 5470 Ρ⁰¹¹ξ¹’

2178 5455 2481 5539 Platonicos
2523 5462 2630 5516 hac
2686 5466 2743 5519 in
2807 5455 3583 5542 resecutus,quemadmodum

2176 5539 2513 5610 εειῖῖελγιιιξξιε
2545 5546 2751 5610 (μηθεὶς
2787 5545 2821 5592 9
2854 5543 2919 5593 de
2946 5545 3168 5610 angelis,
3204 5539 3342 5596 num.
3369 5542 3412 5593 '5.

2210 5595 2357 5679 "('59)
2390 5595 2490 5675 llic
2511 5595 2639 5679 ergo
2663 5608 2899 5679 primum
2936 5595 3176 5679 Ori'geni's
3208 5595 3407 5664 recitata
3428 5603 3567 5679 verba,
3591 5605 3661 5679 83f-

2182 5658 2312 5714 Vide
2336 5658 3185 5743 anirnadversionesiitovstrzs"in
3387 5658 3590 5743 Oi'igeuis
3609 5664 3663 5714 ιο·

2180 5744 2329 5797 cum,
2351 5742 2500 5788 torno
2523 5750 2563 5802 ι,
2602 5739 2702 5795 lib.
2736 5742 2813 5799 De
2837 5760 3281 5822 resurrert.,,.p:_tg.
3308 5748 3396 5803 35.
