3894 6440
118 461 209 514 νει

1008 453 1566 510 ORlGENlANORUM
1605 450 1731 506 LIB.
1767 450 1832 516 ll,
1867 451 2018 506 CAP.
2061 449 2123 515 Il,
2161 447 2427 517 QUEST.
2467 449 2553 504 V-l.

3264 443 3371 498 9η

143 550 314 637 ψυιῆ
336 552 518 624 XN?“
555 573 844 630 σωματος,
869 565 978 620 οὔτ’
1004 563 1069 620 αὖ
1093 569 1250 622 πάλιν
1285 570 1439 638 σῶμα
1467 568 1630 639 χωρὶς
1653 566 1732 636 tim

1818 617 1820 625 _
1849 576 2115 620 resurrect.
2143 564 2474 634 caruis,cap.
2508 563 2576 619 ιο
2601 581 2662 639 :‘t
2693 562 2870 618 Nacta
2894 559 3118 628 denique
3139 557 3370 614 haereses

164 656 257 723 ᾗς
289 657 302 672 ·
335 642 476 696 ἀλλὰ
518 645 586 698 τὸ
629 652 699 704 ὲκ
752 655 1056 719 συστάσεως
1077 658 1252 727 ψυχῆς
1277 660 1369 711 καὶ
1399 658 1640 727 σώματος
1669 659 1747 721 εἰς

186 737 308 810 pm
326 738 427 809 τὴν
451 739 553 792 τοῦ
595 745 770 799 καλοῦ
796 748 1002 818 μορφὴν
1032 751 1276 803 συντεθέν
1295 769 1309 784 ο
1337 755 1365 806 ὁ
1389 753 1433 804 δ’
1473 751 1746 822 Ὠριγένης

183 833 280 903 τὴν
307 829 490 902 ψυχὴν
554 833 731 906 μόνην
781 837 958 906 ἔλεγεν
987 839 1294 910 ἄνθρωπον,
1317 842 1390 903 ὡς
1436 842 1464 892 ὁ
1504 840 1744 899 Πλάτων.

187 941 210 974 r
231 921 427 986 Homo,
459 923 665 992 inquit,
691 941 760 981 ex
783 936 974 982 natura
1005 943 1099 982 sua
1125 930 1400 984 verissime
1433 931 1628 983 dicitur
1649 944 1744 984 ne-

175 1025 284 1079 que
309 1011 499 1064 anima
534 1014 657 1067 sine
685 1021 940 1085 corpore,
973 1032 1141 1083 neque
1169 1033 1378 1072 rursum
1403 1034 1600 1089 corpus
1625 1021 1742 1074 sine

175 1103 402 1167 anima;
447 1103 547 1157 sed
575 1106 724 1172 quod
772 1120 836 1160 ex
865 1106 1147 1160 coalitione
1178 1108 1369 1162 animae
1412 1119 1469 1163 et
1499 1112 1743 1177 corporis

168 1191 222 1245 in
249 1206 423 1245 unam
455 1191 678 1260 pulchri
709 1192 933 1248 formam
973 1195 1250 1251 conﬂatur.
1280 1197 1535 1267 Origenes
1565 1210 1738 1254 autem

169 1281 417 1334 animam
453 1281 655 1349 solam,
681 1284 950 1339 hominem
975 1301 1091 1340 esse
1111 1287 1265 1351 dixit,
1296 1291 1737 1357 quemadmodum

158 1379 214 1423 et
251 1369 439 1424 Plato.
474 1389 494 1422 ι
538 1372 760 1427 Prostat
783 1373 870 1428 hic
903 1389 1114 1444 quoque
1153 1376 1301 1431 locus
1321 1377 1575 1431 Methodii
1603 1377 1739 1446 apud

160 1455 546 1526 Epiphanium
586 1460 780 1515 hmres.
826 1477 971 1525 LXIV,
1001 1478 1117 1530 cap.
1155 1463 1243 1528 l7,
1295 1465 1386 1518 sed
1418 1464 1500 1518 his
1533 1473 1739 1533 postre-

155 1548 266 1601 mis
329 1556 631 1603 truncatus
681 1551 900 1606 verbis:
941 1553 999 1605 '0
1024 1552 1068 1605 δ’
1117 1552 1390 1624 Ὠριγένης
1435 1553 1530 1626 τὴν
1564 1553 1738 1623 ψυχὴν

153 1637 338 1707 μόνην
364 1637 564 1706 ἔλεγεν
590 1639 893 1710 ἄνθρωπον,
918 1641 992 1706 ὡς
1017 1643 1046 1695 ὀ
1072 1643 1311 1698 Πλάτων.
1353 1645 1498 1698 Eaue
1525 1645 1590 1699 de
1642 1659 1737 1698 suo

146 1728 447 1782 addiderit
481 1727 731 1793 Photius,
770 1746 836 1785 an
884 1731 1180 1787 detraxerit
1228 1733 1596 1803 Epiphanius,
1643 1735 1734 1803 qui

149 1825 337 1870 totam
381 1817 654 1872 Methodii
691 1821 1109 1890 disputationem
1140 1823 1192 1876 in
1220 1824 1484 1893 epitomen
1519 1835 1733 1879 contra-

1844 657 1978 710 duos
1999 655 2238 709 homines
2269 655 2336 708 ab
2367 655 2620 721 Apostolo
2643 655 2838 719 editos,
2862 653 3185 712 interiorem,
3218 649 3269 703 id
3291 660 3373 705 est

1844 745 2112 810 animam;
2148 752 2199 798 et
2249 743 2586 806 exteriorem,
2626 743 2680 796 id
2715 751 2797 796 est
2842 755 3092 806 carnem;
3147 736 3369 792 salutem

1842 835 2052 904 quidem
2073 833 2284 900 animae,
2313 833 2364 887 id
2389 843 2470 887 est
2491 833 2727 888 interiori
2745 833 2943 888 homini
2965 847 2980 895 ;
3003 830 3222 884 exitium
3241 842 3368 881 vero

1842 925 2009 991 carni,
2038 925 2089 978 id
2115 932 2197 978 est
2213 922 2467 977 exteriori
2493 921 2945 990 adjudicaverunt,
2969 922 3093 988 quia
3109 918 3366 986 scriptum

1842 1014 2253 1068 sitCorintbiis:
2293 1011 2432 1065 Nam
2472 1010 2568 1064 etsi
2602 1010 2752 1062 homo
2791 1020 2960 1079 uoster
2983 1009 3209 1066 exterior
3247 1023 3365 1060 cor-

1842 1109 2117 1170 rumpitur,
2136 1104 2224 1158 sed
2245 1103 2462 1157 interior
2475 1109 2748 1154 renovatur
2762 1099 2824 1151 de
2844 1099 2926 1151 die
2947 1106 2994 1152 et
3011 1099 3094 1150 die
3107 1098 3175 1151 ⁸⁵.
3199 1094 3368 1150 Porro

1841 1211 1937 1250 nec
1969 1195 2142 1248 anima
2163 1209 2258 1262 per
2280 1191 2614 1259 semetipsam
2637 1189 2815 1252 homo,
2842 1203 2958 1255 quat
2987 1187 3233 1254 ﬁgmento
3251 1187 3362 1256 jam

1841 1285 2040 1339 homini
2069 1283 2328 1353 appellato
2353 1291 2536 1350 postea
2560 1279 2759 1334 inserta
2793 1285 2875 1330 est
2899 1293 2915 1339 ί
2964 1290 3062 1330 nec
3090 1292 3216 1330 caro
3244 1276 3363 1330 sine

1837 1375 2012 1428 anima
2040 1374 2216 1437 homo,
2245 1387 2361 1440 qua:
2387 1377 2505 1439 post
2530 1367 2772 1423 exsilium
2803 1367 2994 1420 animae
3030 1365 3255 1419 cadaver
3282 1367 3366 1418 in-

1831 1463 2108 1518 scribitur.
2147 1481 2167 1515 t
2191 1461 2284 1516 His
2321 1458 2586 1515 haereticis
2605 1471 2852 1510 assensus
2883 1465 2966 1510 est
3005 1452 3286 1523 Origenes,
3307 1462 3363 1508 et

1835 1560 1956 1620 post
1974 1550 2252 1619 Origenem
2273 1547 2537 1604 Arnobius
2565 1546 2655 1600 lib.
2684 1561 2722 1600 tt
2740 1545 2952 1600 Advers.
2971 1555 3105 1612 gent.
3131 1559 3151 1599 :
3177 1561 3195 1594 ι
3226 1542 3365 1608 Quid

1835 1644 1975 1701 enim
2003 1657 2184 1695 sumus
2215 1640 2479 1705 homines,
2514 1638 2704 1706 inquit,
2738 1637 2841 1690 nisi
2887 1636 3078 1690 animat
3121 1635 3362 1702 corpori-

1835 1733 1935 1788 bus
1960 1732 2187 1784 clauste?
2213 1749 2234 1783 ι
2264 1738 2318 1785 et
2349 1728 2512 1782 multo
2550 1735 2672 1796 post
2706 1727 2854 1795 l-lugo
2872 1741 2901 1778 a
2923 1726 3123 1780 Sancto
3149 1725 3372 1779 Victore

1838 1822 1929 1877 lib.
1946 1839 1985 1877 ιι
2019 1822 2095 1875 De
2111 1829 2419 1876 sacrameut.
2442 1819 2586 1888 ﬁdei,
2615 1829 2749 1887 part.
2772 1833 2809 1879 ι,
2835 1832 2956 1886 cap.
2973 1816 3060 1880 ll,
3084 1831 3202 1869 cum
3235 1831 3360 1883 pro-

145 1908 251 1971 xit,
298 1907 458 1961 dictu
501 1908 666 1962 facile
703 1886 808 1962 non
858 1921 962 1965 est.
995 1911 1146 1965 Adde
1175 1886 1272 1980 pro
1316 1928 1404 1976 eo,
1431 1914 1462 1966 ὁ
1503 1913 1549 1966 δ’
1589 1913 1730 1986 Ὤρι-
1761 1886 1802 1942 Β
1831 1911 1960 1966 bare
1985 1910 2142 1965 vellet
2170 1917 2282 1964 toto
2321 1909 2411 1962 illo
2443 1886 2626 1962 triduo
2657 1921 2763 1975 quo
2797 1905 3046 1960 Christus
3091 1905 3257 1974 jacuit
3305 1905 3359 1959 in

137 1997 346 2066 γὲνης,
372 2005 723 2052 contrariam
772 2000 1056 2055 lectionem
1103 2001 1418 2057 Photianum
1449 2005 1724 2073 quemdam

138 2087 405 2142 codicem
432 2087 735 2152 exhibere;
765 2103 880 2142 eam
905 2090 1125 2156 scilicet,
1158 2092 1263 2145 οὐδ’
1304 2093 1593 2164 Ὠριγένης.
1619 2093 1728 2149 Nec

140 2176 360 2230 mirum
391 2175 543 2230 foret
583 2191 613 2229 a
669 2176 893 2232 Platone
939 2180 1222 2248 Origeuem
1266 2183 1533 2249 recedere,
1568 2199 1724 2252 quem

135 2265 212 2316 ab
235 2265 448 2318 eodem
491 2268 790 2321 recessisse
826 2282 948 2321 mox
981 2269 1230 2336 vidimus,
1263 2285 1382 2325 cum
1411 2273 1476 2326 de
1513 2273 1721 2341 animis,

133 2364 518 2420 corporeaene
552 2367 622 2406 an
658 2355 986 2422 incorporeas
1008 2364 1202 2418 essent,
1234 2371 1583 2426 quereretur.

207 2443 286 2496 At
314 2441 615 2496 fatendum
642 2452 819 2496 tamen
843 2453 925 2497 est
946 2444 1390 2514 Origenianorum
1420 2447 1721 2516 dogtuatttm

134 2531 551 2584 cohmrentiam
584 2544 650 2583 eo
679 2546 776 2584 nos
799 2532 1137 2599 compellere,
1167 2541 1224 2585 ut
1249 2533 1420 2587 anima
1446 2536 1556 2588 sola
1591 2552 1722 2590 cun--

135 2631 220 2673 sta
232 2633 296 2674 re
315 2621 609 2676 hominem
628 2625 904 2680 censuisse
920 2627 1296 2683 Adamantium
1315 2631 1569 2685 dicamus.
1591 2632 1720 2687 Nam

133 2712 179 2762 si
206 2710 424 2765 animae
458 2712 740 2766 vinculum
794 2723 849 2769 et
893 2729 1080 2770 carcer
1117 2732 1308 2786 corpus
1330 2728 1431 2784 est,
1462 2722 1551 2789 qui
1599 2736 1721 2789 pars

134 2800 434 2855 heminem
471 2816 806 2872 componens
831 2805 1126 2862 existimari
1145 2809 1378 2878 poterit?
1406 2809 1719 2880 Quanquam

133 2891 241 2942 alia
273 2891 480 2944 omnia
508 2893 662 2960 sequi
689 2893 900 2948 videtur
933 2895 1116 2949 homil.
1142 2897 1280 2951 29in
1307 2897 1435 2953 Luc.
1463 2915 1582 2954 cum
1611 2900 1715 2954 ait:

137 2995 157 3028 ι
195 2978 407 3034 Omnis
438 2981 608 3034 homo
645 2982 809 3035 morti
840 2983 1118 3051 subiacet;
1174 2986 1273 3040 iste
1321 3003 1448 3055 ergo
1479 2990 1568 3054 qui
1623 3003 1720 3043 ne-

130 3083 429 3140 quaquam
461 3071 715 3136 moritur,
731 3072 841 3140 jam
862 3087 963 3124 non
987 3081 1069 3126 est
1093 3073 1272 3140 homo,
1301 3077 1392 3129 sed
1408 3075 1547 3130 Deus
1562 3086 1644 3132 est
1663 3093 1709 3140 ς»

132 3175 302 3228 quem
334 3161 531 3216 locum
555 3161 838 3215 attulimus
863 3177 1047 3232 supra,
1077 3175 1194 3219 cum
1226 3166 1619 3235 disputaremus
1647 3183 1712 3221 an
1741 3200 1782 3257 ο

133 3253 458 3305 crediderit
514 3251 790 3305 Christum
838 3252 1106 3307 hominem
1149 3267 1269 3308 esse
1299 3255 1524 3311 desiisse
1572 3267 1716 3325 post-

130 3356 297 3407 quam
332 3348 597 3395 mortuus
629 3347 728 3394 est.
767 3340 1038 3395 Christum
1082 3343 1152 3397 ibi
1176 3343 1284 3410 jam
1314 3344 1581 3400 hominem
1608 3363 1712 3401 non

129 3437 254 3486 εδδ
283 3431 562 3493 affirmat,
583 3432 708 3499 quia
741 3433 896 3485 morti
923 3433 1032 3500 jam
1059 3435 1284 3509 amplius
1313 3436 1575 3492 obnoxius
1609 3453 1712 3492 non

131 3533 256 3576 est:
295 3521 570 3590 quisquis
600 3537 730 3589 ergo
770 3522 904 3577 mori
935 3537 1038 3576 non
1071 3533 1266 3590 potest,
1309 3526 1470 3582 homo
1505 3543 1607 3582 non
1634 3537 1716 3583 est

130 3629 199 3666 ex
233 3611 508 3681 Origeuis
545 3613 853 3665 sententia:
892 3621 946 3665 at
977 3615 1153 3667 anima
1203 3616 1435 3670 humana
1490 3633 1713 3687 corpore

130 3704 396 3772 sejuncta
436 3703 582 3755 mori
627 3717 731 3754 non
757 3711 967 3769 petest:
997 3705 1173 3757 anima
1215 3705 1375 3774 igitur
1403 3721 1466 3760 ex
1499 3709 1711 3762 decreto

130 3792 399 3863 Origenis
431 3793 600 3845 homo
625 3807 728 3844 non
751 3799 850 3843 est.
874 3791 1023 3856 Quod
1064 3794 1262 3862 absque
1313 3795 1535 3864 ambage
1559 3812 1708 3850 asse-

128 3879 226 3945 rit,
265 3883 392 3936 haec
429 3881 599 3933 verba
627 3880 818 3948 psalmi
847 3895 1033 3942 cxvm,
1063 3895 1201 3933 vers.
1238 3882 1325 3947 50,
1354 3885 1710 3953 interpretans

129 3972 182 4022 in
204 3970 450 4023 Catena
471 3969 831 4030 Corderiana,
861 3985 982 4038 pag.
1009 3969 1149 4025 802:
1181 3969 1307 4024 [lare
1338 3989 1414 4024 me
1444 3975 1710 4030 consolata

121 4065 212 4112 est
241 4062 297 4113 in
332 4059 651 4112 humilitate
679 4075 812 4111 utea.
834 4059 952 4128 Ζωὴ
979 4061 1010 4129 ἡ
1047 4060 1325 4128 μέλλουσα,
1357 4063 1546 4132 inquit,
1565 4064 1710 4118 ἔστιν

121 4149 489 4215 ἀναζώωσις,
527 4147 665 4199 καθὸ
692 4148 791 4218 τὴν
831 4147 1023 4218 ψυχὴν,
1074 4151 1172 4202 οὐκ
1206 4152 1338 4204 ἰδίαν
1369 4153 1544 4223 ζωὴν,
1588 4158 1707 4210 οὐδὲ

120 4241 306 4311 ἁλὴθῆ
339 4237 492 4292 εἶναι
514 4237 877 4308 μανθάνομεν,
897 4237 1050 4310 εἴπερ
1064 4240 1160 4292 οὐκ
1185 4241 1458 4312 ἄνθρωπος
1482 4247 1512 4316 ἡ
1539 4245 1702 4319 ψυχή.

117 4335 172 4385 si
209 4332 326 4402 γὰρ
358 4333 420 4382 ἐν
445 4331 512 4400 τῇ
545 4328 665 4380 καθ’
693 4329 888 4396 ἑαυτὴν
912 4326 1019 4400 ζωῇ
1042 4330 1101 4382 τὸ
1116 4332 1309 4400 ἀληθὲς
1333 4329 1445 4404 εἶχε
1468 4336 1558 4388 τοῦ
1586 4338 1702 4408 ζῇν.

112 4425 228 4477 οὐκ
248 4423 317 4476 ἂν
334 4417 720 4482 ἀναζωὼσεως
753 4421 780 4469 ὁ
807 4418 1079 4487 τεθνηκὼς
1098 4421 1261 4474 ἐδεῖτο
1281 4440 1294 4452 °
1323 4424 1400 4476 διὸ
1423 4428 1515 4479 καὶ
1544 4429 1571 4479 ὁ
1598 4427 1702 4481 Κύ-

1830 1999 2071 2070 sepulcro
2099 2000 2327 2055 Verbum
2361 1997 2626 2054 hominem
2652 1998 2859 2050 tuisse:
2916 1995 3017 2050 hac
3060 1997 3200 2049 enim
3269 2009 3358 2048 ra-

1831 2091 1972 2144 tione
2002 2091 2188 2150 utitur.
2213 2088 2324 2144 sola
2365 2089 2540 2142 anima
2573 2095 2822 2142 constare
2851 2085 3140 2149 hominem,
3168 2084 3359 2138 animas

1827 2190 2002 2234 autem
2033 2179 2232 2235 Christi
2257 2194 2286 2232 a
2309 2193 2533 2246 corpore
2565 2175 2841 2244 disjuactre
2880 2176 3168 2230 adhwsisse
3220 2175 3357 2230 Ver-

1829 2271 1973 2335 bum,
2001 2269 2232 2324 Verbum
2260 2270 2420 2337 igitur
2447 2267 2612 2321 nihilo
2639 2267 2813 2320 minus
2843 2264 3006 2321 fuisse
3047 2266 3315 2320 hominem
3338 2303 3354 2329 ,

1824 2374 1987 2428 quam
2011 2361 2136 2412 dum
2161 2360 2336 2412 anima
2376 2359 2590 2426 corpori
2637 2367 2784 2412 esset
2809 2372 3063 2412 connexa.
3123 2357 3359 2426 Denique

1824 2439 2396 2519 upiniOnemeamdem'
2430 2449 2593 2501 tuitus
2634 2459 2720 2501 est
2775 2463 3091 2516 proavorum
3154 2459 3365 2502 nostro-

1824 2557 1940 2594 rum
1983 2540 2240 2594 memoria
2277 2539 2596 2594 Franciscus
2642 2538 2901 2608 Georgius
2942 2549 3069 2595 tom.
3097 2539 3150 2605 l,
3179 2540 3352 2610 probi.

1820 2631 1908 2696 26,
1937 2631 2026 2684 27.

1891 2717 2052 2771 XVII.
2093 2716 2304 2773 Credita
2359 2717 2447 2771 illa
2487 2727 2542 2770 et
2585 2727 2788 2771 asserta
2837 2718 2906 2771 ob
2957 2719 3185 2786 Origene
3240 2719 3357 2770 ani.

1821 2821 2025 2860 marum
2055 2806 2396 2878 προῦπαρξις
2419 2807 2722 2862 earumdem
2755 2822 2969 2876 quoque
3013 2806 3355 2877 μετενσωμά-

1817 2912 1978 2950 τωσιν
2003 2910 2102 2951 cur
2125 2897 2450 2962 admitteret,
2478 2911 2654 2950 causae
2693 2895 2812 2959 fuit,
2852 2905 2907 2949 ut
2931 2896 3162 2949 diximus
3191 2913 3205 2948 :
3229 2910 3350 2948 nam

1817 3001 1937 3040 cum
1969 2987 2176 3040 animas
2194 3002 2290 3055 pro
2313 2995 2672 3056 peccatorum,
2709 2987 3033 3039 vir-lutumve
3057 2985 3266 3040 ratione
3296 2995 3354 3040 et

1818 3077 1996 3139 modo,
2027 3075 2108 3128 vel
2127 3075 2430 3145 angelorum
2455 3076 3069 3144 consequi-dignitatem,
3098 3076 3178 3128 vel
3205 3089 3354 3129 cras-

1817 3163 2046 3217 sioribus
2063 3163 2364 3225 hominum,
2400 3162 2767 3217 daemonumve
2795 3163 3106 3231 corporibus
3119 3162 3348 3228 adnecti,

1813 3267 1867 3309 et
1898 3262 2151 3324 perpetua
2202 3262 2412 3307 utentes
2457 3255 2662 3307 arbitrii
2714 3253 2990 3319 libertate,
3025 3254 3216 3308 iterum
3251 3255 3350 3309 ite-

1813 3357 2036 3411 rumque
2067 3343 2148 3397 vel
2172 3351 2314 3397 recte
2347 3343 2428 3396 vel
2457 3341 2594 3396 male
2613 3355 2770 3409 agere
2794 3356 2951 3410 posse
2971 3343 3234 3408 crederet,
3258 3357 3352 3398 no-

1811 3435 2042 3488 cessaria
2074 3441 2504 3504 argumentorum
2528 3433 2907 3500 consequentia
2947 3447 3012 3487 eo
3040 3433 3348 3486 adduceba-

1813 3510 1919 3583 tur,
1945 3529 2004 3572 ut
2036 3521 2242 3572 animas
2268 3521 2538 3574 hominum
2569 3520 2759 3572 iterum
2805 3521 3107 3589 iterumque
3165 3523 3346 3574 subire

1811 3623 1965 3680 posse
1997 3610 2259 3664 fateretur
2314 3611 2584 3664 hominum
2640 3623 2862 3680 corpora
2893 3612 2976 3663 vel
3027 3613 3343 3665 darmonum.

1809 3702 1979 3770 Atque
2017 3701 2102 3754 illa
2136 3711 2218 3755 est
2241 3712 2344 3755 tam
2375 3704 2681 3766 decantata,
2719 3704 2875 3757 toties
2907 3704 3122 3771 explosa
3153 3703 3343 3772 Origeu

1808 3790 1890 3843 nis
1917 3791 2414 3862 μετενσωμάτωσις,
2455 3794 2608 3862 quasi
2641 3795 2808 3858 dicas,
2840 3796 3342 3861 transicorporatio;

1807 3897 1924 3950 quae
1944 3895 1995 3936 et
2017 3882 2427 3952 μετεμψύχωσις
2455 3883 2707 3952 appellari
2729 3895 2922 3952 p0test,
2954 3886 3095 3953 quod
3121 3886 3344 3939 reddere
3401 3919 3403 3922 ‹

1806 3985 1991 4038 queas,
2025 3972 2499 4024 trausiuanimutio.
2527 3971 2752 4025 Pulchre
2777 3975 3036 4040 dogmatis
3065 3975 3344 4041 utriusque

1806 4060 2190 4114 connexionem
2221 4061 2354 4113 vidit
2385 4062 2671 4128 Grcgbrius
2713 4062 2982 4132 Nyssenus
3014 4065 3150 4133 apud
3180 4063 3342 4116 Justi-

1806 4148 2020 4201 nianum
2052 4147 2103 4201 in
2131 4150 2356 4218 epistola
2389 4151 2454 4204 ad
2487 4151 2691 4204 Menam
2736 4154 3093 4221 patriarcham
3121 4191 3136 4218 ,
3181 4163 3234 4208 et
3285 4155 3338 4208 in

1802 4237 2030 4305 Origene
2053 4238 2415 4307 reprehendit.
2449 4241 2901 4306 Quemadmodum
2951 4250 3123 4296 autem
3164 4242 3340 4312 dupli-

1801 4326 1937 4378 citer
1965 4340 2066 4378 vox
2101 4326 2223 4390 ista,
2259 4326 2687 4397 μετεμψύχωσις,
2719 4328 2874 4395 vulgo
2905 4336 3216 4394 usurpatur,
3252 4328 3336 4380 vel

1801 4429 1897 4482 pro
1929 4415 2155 4468 transitu
2181 4417 2370 4470 anima:
2389 4431 2452 4468 ex
2473 4416 2705 4469 humano
2729 4431 2952 4486 corpore
2977 4417 3033 4471 in
3051 4419 3338 4471 humanum

114 4531 243 4583 ριος
271 4515 410 4575 τοὺς
439 4511 744 4571 τεθνεῶτας
771 4508 888 4576 Θεῷ
922 4508 1016 4580 ζῇν
1033 4507 1201 4572 εἶπεν,
1242 4514 1315 4577 ὡς
1348 4514 1495 4569 οὔπω
1525 4519 1584 4570 τὸ
1607 4516 1700 4590 ζῇν

1818 4519 2021 4573 :orpus;
2054 4505 2141 4559 vel
2167 4521 2262 4573 pro
2287 4508 2601 4576 migratione
2630 4508 2821 4562 animae
2847 4523 2911 4562 ex
2959 4511 3191 4564 humano
3220 4508 3340 4565 cor-

110 4605 381 4673 ἔχοντας,
421 4601 565 4670 πλὴν
581 4601 702 4652 ὅσον
742 4601 798 4652 ἐν
815 4598 1037 4669 δυνάμει
1066 4599 1195 4654 Θεοῦ
1217 4603 1308 4655 τοῦ
1338 4605 1695 4676 ζωοποιήσαν-

106 4713 236 4759 τος,
266 4696 374 4750 καὶ
414 4691 752 4745 ἀπολωλέναι
783 4689 943 4760 φησὶν
978 4691 1190 4756 αὐτοὺς,
1223 4695 1270 4745 ei
1301 4693 1372 4765 μὴ
1417 4695 1516 4765 τῆς
1563 4698 1694 4752 ἀνα-

110 4785 388 4846 στάσεως
444 4781 679 4850 τύχοιεν.
727 4780 1064 4834 Concurrunt
1101 4781 1213 4836 haec
1266 4785 1489 4838 adversa
1524 4784 1696 4842 fronte

107 4894 251 4933 cum
297 4873 708 4944 superioribus,
749 4880 804 4924 et
825 4870 1083 4924 alterutra
1122 4871 1276 4925 cadat
1305 4873 1573 4928 accusatio
1597 4891 1691 4930 ne-

107 4981 282 5021 εθεειι
293 4982 348 5019 m
395 4970 500 5017 εει.

191 5059 409 5113 Anima
455 5055 570 5108 sola
612 5063 858 5108 constare
894 5053 1162 5106 hominem
1192 5057 1512 5109 asseveravit
1543 5056 1692 5111 Plato

108 5149 172 5201 in
226 5143 520 5201 Alcibiade
560 5158 617 5205 ι,
681 5158 834 5208 quem
885 5153 1100 5196 secutus
1147 5152 1229 5197 est
1275 5143 1512 5198 Plotinus
1550 5144 1686 5200 Enu.

105 5232 272 5289 lib.t.
292 5232 456 5284 lianc
485 5227 830 5290 sententiam,
849 5239 1060 5282 veteres
1087 5241 1296 5284 secutus
1322 5233 1687 5298 Academicos,

104 5317 418 5371 damnavit
456 5315 651 5378 Varro,
709 5322 764 5364 ut
801 5321 879 5367 est
911 5313 1051 5379 apud
1093 5313 1440 5382 Augustinum
1473 5316 1561 5369 lib.
1597 5333 1688 5372 xIx

105 5409 196 5462 De
237 5409 391 5461 civit.
430 5404 555 5467 Dei,
580 5417 699 5468 cap.
726 5403 776 5455 '5.
801 5402 1028 5457 lnstituti
1065 5417 1191 5456 vero
1215 5419 1243 5457 a
1272 5404 1488 5459 Platone
1520 5407 1687 5461 luere-

105 5500 216 5553 tici
247 5497 508 5568 quidam,
555 5491 978 5560 sententiamque
1011 5490 1125 5558 ejus
1173 5496 1442 5560 assectati,
1481 5494 1691 5550 Tertul-

104 5589 248 5642 liani
285 5581 718 5650 castigationem
751 5587 1048 5636 senserunt.
1075 5581 1164 5637 Sic
1189 5584 1328 5639 enim
1362 5584 1447 5640 ille
1499 5584 1591 5642 lib.
1624 5587 1694 5642 De

144 5760 235 5797 ’³⁵
261 5759 305 5813 ll
352 5756 483 5812 Cor.
524 5765 601 5813 ιν,
635 5748 718 5802 l6.

1803 4609 1926 4663 pore
1958 4595 2007 4648 in
2039 4596 2232 4664 plantae
2259 4609 2453 4666 corpus
2474 4597 2556 4651 vel
2587 4600 2829 4667 pecudis,
2855 4615 3011 4668 quam
3035 4615 3340 4670 propugna-

1800 4685 1875 4737 vit
1899 4684 2246 4754 Pythagoras,
2279 4701 2545 4756 quantque
2579 4689 2833 4756 peculiari
2889 4690 3067 4745 libello
3121 4692 3337 4745 lambli-

1800 4776 1931 4828 chus
1959 4778 2251 4830 confutavit
2278 4791 2295 4830 :
2331 4778 2400 4832 ita
2427 4779 2582 4847 juxta
2634 4777 3008 4849 Origenianam
3034 4783 3334 4836 doctrinam

1800 4865 2170 4933 distinguenda
2202 4876 2284 4920 est
2327 4867 2574 4936 migratio
2626 4871 2818 4925 anima:
2851 4874 3057 4928 ratione
3100 4873 3336 4940 praedita:

1797 4970 1827 5009 e
1853 4954 2078 5018 coelesti,
2101 4957 2183 5008 vel
2207 4956 2456 5020 humano,
2483 4959 2566 5012 vel
2590 4959 2880 5015 daemonion
2906 4977 3128 5029 corpore
3151 4963 3204 5015 in
3241 4970 3356 5031 pe-I

1797 5045 1946 5098 cudis
1971 5059 2185 5114 corpus,
2209 5057 2262 5100 et
2289 5047 2524 5102 vicissim
2553 5067 2566 5114 ;
2616 5066 2646 5104 a
2688 5051 3004 5121 migratione
3029 5054 3221 5105 animae
3244 5068 3335 5104 ra-

1797 5134 2010 5190 tionalis
2063 5151 2183 5206 qua:
2227 5153 2449 5207 corpora
2489 5141 2628 5195 inter
2659 5142 2902 5198 caelestia
2930 5181 2945 5205 ,
2991 5143 3221 5195 humana
3277 5148 3334 5194 et

1795 5229 2138 5294 daemoniaca,
2159 5229 2290 5282 citra
2318 5231 2566 5295 belluina,
2585 5229 2753 5286 aliave
2780 5229 3332 5302 quzelihetperficitur.

1793 5319 1966 5384 Atque
1993 5316 2131 5371 hanc
2159 5319 2506 5388 posteriorem
2543 5325 2732 5374 tttitttm
2755 5336 2873 5376 esse
2898 5321 3206 5386 Origenem,
3243 5325 3338 5368 ut-
3362 5345 3368 5353 -

1795 5418 1919 5476 pote
1941 5422 2006 5461 ex
2039 5409 2154 5479 ejus
2177 5421 2350 5480 aptam
2407 5413 2698 5480 principiis,
2748 5411 2927 5478 negari
2987 5421 3086 5458 non
3125 5413 3338 5470 potest.

1799 5499 1948 5556 Unde
1975 5516 2266 5574 anonymus
2321 5504 2490 5558 Pltotii
2531 5507 2650 5559 cod.
2687 5520 2847 5562 cxvu,
2884 5497 3146 5562 culpam“
3206 5508 3345 5546 eum

1801 5591 1982 5659 refert,
2004 5597 2143 5663 quod
2173 5596 2366 5652 dixerit
2395 5614 2408 5650 :
2437 5597 2518 5651 ὅτι
2546 5597 2578 5667 ἡ
2604 5594 2694 5647 τοῦ
2719 5590 2964 5658 Σωτῆρος
2991 5578 3152 5651 ψυχὴ»
3187 5579 3358 5650 ’³1τοῦ
