3894 6444
409 464 506 521 M5

1661 431 1719 485 P.
1759 421 2064 482 DANIELIS
2096 416 2321 474 IIUETII

3694 400 3793 454 9M

421 493 506 521 ιιισ

421 570 583 637 Ἀδὰμ
603 564 689 636 ἦν.
725 580 744 614 ι
780 556 1077 616 Servatoris
1114 553 1366 616 animam,
1394 549 1560 619 ipsam
1588 544 1772 598 Adami
1803 542 1920 596 ani-
1948 545 1964 600 Α

2216 527 2405 596 αὐτῆς,
2468 522 2569 575 καὶ
2608 516 2750 590 περὶ
2794 512 2927 567 τῶν
2957 500 3180 575 ἀρχῶν
3240 493 3540 576 εὐκτῆς,
3574 508 3672 558 οὐκ
3718 510 3782 560 aa

2218 617 2424 637 orm.--
2476 612 2576 637 -x..
2620 608 2917 637 ,ιρι-...ρον
2981 596 3078 637 εἰς
3139 583 3435 637 θνητύμν
3493 596 3782 637 ὲονόιιιυω.

412 622 732 713 luisse
764 667 777 702 :
821 668 839 701 ι
863 649 1011 716 quod-
1034 647 1103 699 ita
1135 640 1360 711 accipio,
1385 652 1505 707 quae
1537 634 1708 688 fuerat
1732 630 1918 685 Adami
2020 622 2159 716 olim

2025 670 2198 778 eiii-tia,
2243 704 2303 756 οὐ
2347 670 2495 754 sint}:
2538 695 2860 751 Πλάτωνος
2918 670 3600 778 μετξνσωμΞὟωο-ιν,
3651 680 3785 732 ἀλλά

2201 794 2318 863 λλην
2339 788 2463 843 τινὰ
2489 780 2857 853 ὑψηλοτέραν
2885 767 3183 839 Θεωρίαν.
3269 759 3323 813 5
3358 770 3393 821 ἶ
3423 777 3628 821 mente
3648 782 3794 819 eom-

409 748 580 798 anima
600 782 615 805 ,
650 754 766 793 eam
804 739 856 791 in
882 748 1079 802 corpus
1107 730 1404 786 Servatoris
1435 724 1614 779 multis
1668 730 1786 790 post
1828 733 1925 773 sat-

412 832 542 885 culis
572 827 870 882 transiisse.
904 823 1048 878 Unde
1088 831 1141 874 et
1177 815 1501 886 Theophilus
1536 812 1816 877 Origenem
1848 807 1928 859 di-

410 922 551 974 xisse
581 919 656 972 ait
683 916 946 969 hominem
975 911 1214 965 crebrius
1242 907 1411 970 mori;
1446 902 1586 972 quod
1642 915 1745 954 non
1777 897 1930 950 aliter
2024 886 2185 956 prehe

2214 583 2427 685 Btécupe
2475 612 2576 663 τὸν
2615 583 2917 663 ἀθάνατον
2981 596 3078 656 εἰς
3139 583 3435 685 0w:va
3493 596 3791 685 prdgizvov

2189 853 2393 937 udi-sset
2438 870 2693 947 (Celsus)
2729 881 2866 937 quae
2918 864 3133 915 futura
3176 853 3259 907 sit
3350 857 3593 909 anima
3634 854 3784 906 ίηε.

412 945 551 974 11556
581 945 656 972 all.
683 945 946 969 IIUIutucIu
975 945 1214 965 ιιιυιιιω
1244 945 1376 962 un".
1398 947 1411 970 ,
1447 945 1586 972 ιιι-ν..
1642 945 1745 954 ..νη
1778 945 1920 950 ..-ην-
2027 945 2042 956 ,
2451 945 2457 947 _
3083 947 3098 959 .
3656 945 3671 956 ι
3749 945 3761 955 .

409 1006 663 1075 intelligo,
703 1017 858 1072 quam
893 1001 1093 1053 animas
1133 1006 1493 1063 saepenumero
1546 1004 1578 1044 e
1622 985 1932 1055 corporibus
2028 986 2181 1074 terna
2205 972 2309 1025 vita
2346 963 2627 1068 conditio,
2650 971 2711 1016 et
2736 956 2881 1027 quid
2926 953 3524 1075 dti'ijtﬁdil‘t:lt::
3548 959 3793 1075 ἰ

411 1097 464 1153 lu
494 1107 716 1162 corpora
747 1088 996 1152 transire,
1021 1096 1072 1140 et
1099 1078 1657 1154 μετενσωματοῦσθαι.

483 1183 659 1237 XVIII.
711 1180 904 1234 Verum
949 1176 1176 1243 priorem
1212 1184 1424 1240 quoque
1481 1164 1928 1238 μετεμψύχωσιν,

414 1288 529 1341 qua:
553 1268 899 1341 Pythagorica
919 1274 1021 1327 est,
1073 1262 1304 1316 tenuisse
1352 1258 1499 1311 illum
1530 1264 1742 1309 veteres
1783 1252 1935 1307 multi

415 1362 793 1417 vociferantur.
818 1355 1041 1410 Crimini
1082 1353 1133 1405 id
1160 1350 1258 1419 ipsi
1290 1349 1469 1402 datum
1518 1344 1681 1398 fuisse
1719 1349 1939 1395 narrant

416 1449 718 1518 Pamphilus
746 1448 797 1499 in
825 1444 1093 1513 Apologia,
1125 1448 1179 1493 et
1206 1452 1343 1507 saepe
1369 1436 1615 1491 laudatus
1646 1442 1940 1500 anonymus

417 1538 618 1594 Photii.
649 1520 1191 1604 Hieronymus,~cujus
1222 1529 1380 1583 verba
1410 1539 1569 1595 supra
1602 1521 1941 1577 recitavimus

417 1641 481 1681 ex
505 1625 659 1694 epist.
691 1622 775 1687 59,
808 1623 869 1674 ad
902 1620 1062 1679 Avit.,
1098 1632 1216 1685 cap.
1250 1616 1301 1680 l,
1326 1614 1362 1667 2
1385 1622 1439 1667 et
1458 1611 1511 1676 4,
1534 1620 1588 1665 et
1615 1609 1708 1662 lib.
1741 1621 1779 1661 ιι
1803 1606 1941 1672 Apo-

420 1716 523 1783 log.
553 1708 753 1765 advers.
777 1708 974 1776 Ruﬁn.,
1013 1720 1130 1773 cap.
1161 1705 1218 1767 4,
1261 1703 1545 1771 Origenem
1595 1696 1813 1751 incessit
1858 1709 1945 1746 er-

419 1802 557 1856 i‘o'ris
580 1800 810 1868 ejusdem
864 1796 1113 1862 nomine,
1143 1808 1299 1862 quem
1341 1791 1474 1844 libro
1508 1805 1525 1841 ι
1566 1786 1701 1852 Περὶ
1746 1783 1943 1852 ἀρχῶν

404 1889 602 1944 haberi
638 1888 784 1941 dicit.
817 1886 954 1939 Loca
981 1886 1091 1949 ipsa
1109 1882 1354 1951 Origenis
1382 1876 1660 1944 descripsit
1681 1872 1943 1927 Justinia-

421 1993 521 2031 nus
541 1977 603 2030 ad
636 1975 832 2030 calcem
863 1973 1096 2043 epistolae
1124 1972 1188 2025 ad
1220 1970 1446 2029 Menam,
1484 1980 1603 2034 quae
1636 1978 1757 2018 cum
1784 1963 1835 2015 in
1866 1961 1949 2015 his

422 2065 571 2120 libris
603 2065 758 2119 hodie
785 2077 887 2117 non
928 2067 1293 2128 compareant,
1347 2053 1630 2110 verisimile
1662 2060 1742 2107 est
1778 2066 1809 2103 a
1835 2049 1948 2102 llu-

427 2159 534 2209 liuo
591 2153 752 2208 luisse
805 2164 1107 2219 suppressa.
1148 2147 1393 2215 Pepercit
1450 2142 1649 2197 nomini
1704 2139 1950 2208 Origenis

422 2244 759 2308 Philastrius,
783 2257 892 2296 rem
910 2243 1073 2309 ipsam
1107 2239 1300 2305 tetigit,
1327 2247 1485 2304 atque
1510 2235 1611 2287 hoc
1636 2242 1950 2299 argumento

403 2335 739 2394 confutavit,
779 2334 919 2400 quod
962 2330 1133 2383 anima
1182 2338 1459 2395 postquam
1505 2337 1729 2392 corpore
1782 2321 1949 2376 soluta

426 2434 526 2487 est,
558 2424 610 2477 in
634 2423 809 2477 locum
833 2428 1089 2475 statutum
1124 2410 1416 2472 deducatur
1440 2415 1507 2470 ab
1534 2413 1742 2481 angelo,
1775 2422 1835 2466 ut
1858 2426 1953 2482 pro

428 2514 633 2567 meritis
668 2514 775 2566 suis
798 2518 1103 2566 exornetur.

498 2603 639 2657 XIX.
665 2604 828 2657 Recte
850 2602 1057 2669 quidem
1084 2597 1405 2653 accusationi
1443 2609 1550 2649 suae
1574 2592 1840 2648 consuluit
1863 2591 1954 2645 Ju-

410 2692 713 2755 stinianus,
732 2706 848 2745 cum
871 2688 1114 2757 Origenis
1135 2686 1294 2740 verba
1312 2686 1423 2753 ipsa
1442 2682 1742 2750 descripsit,
1766 2683 1957 2749 quibus

430 2780 720 2832 absurdum
754 2778 879 2831 illud
909 2787 963 2831 et
985 2776 1203 2843 impium
1237 2774 1423 2841 dogma
1452 2772 1788 2832 continetur;
1847 2780 1951 2822 tatu

431 2868 800 2936 frequentibus
822 2866 1013 2932 quippe
1038 2872 1094 2917 et
1126 2864 1325 2931 apertis
1359 2859 1677 2914 testimoniis
1707 2857 1832 2912 alibi
1870 2871 1952 2911 re-

430 2957 669 3026 pudiavit
701 2955 844 3010 illum
877 2953 1242 3014 Adamantius,
1283 2960 1337 3005 et
1381 2948 1665 3013 damnavit,
1702 2948 1788 3001 vix
1825 2954 1881 3000 ιιι
1906 2947 1957 3000 in

434 3049 666 3101 animum
699 3046 949 3099 inducere
975 3044 1192 3112 possim.
1227 3041 1515 3101 hominem,
1553 3054 1654 3092 non
1702 3038 1808 3105 jam
1843 3036 1960 3091 dico

434 3152 643 3191 summa
700 3136 972 3189 ﬂorentem
995 3134 1290 3187 eruditione
1339 3140 1396 3184 et
1442 3130 1673 3197 ingenio,
1714 3128 1805 3182 sed
1856 3143 1958 3181 non
1987 3172 2029 3227 C

433 3232 728 3285 vaecordem
758 3227 975 3283 omnino
993 3234 1046 3278 et
1064 3224 1332 3285 insanum,
1357 3230 1464 3275 tam
1496 3221 1840 3288 repugnantia
1862 3219 1959 3274 sibi

435 3331 490 3374 et
518 3319 789 3373 contraria
833 3330 938 3370 uno
984 3317 1275 3380 eodemque
1323 3327 1417 3367 ore
1467 3313 1859 3380 pronuntiasse.
1907 3310 1961 3363 In

435 3410 540 3462 hoc
561 3408 676 3475 ipso
696 3406 913 3473 quippe,
940 3403 1079 3472 quod
1107 3401 1286 3455 laudat
1313 3399 1664 3463 Justinianus,
1703 3414 1862 3468 opere
1895 3399 1965 3452 De

439 3494 725 3560 principiis,
762 3491 854 3546 lib.
883 3507 922 3554 ι,
945 3505 1060 3557 cap.
1093 3488 1296 3551 ultimo,
1339 3501 1484 3539 num.
1512 3485 1568 3548 4,
1599 3485 1673 3538 ita
1700 3483 1913 3538 disserit
1949 3500 1963 3537 :

447 3598 469 3631 ι
502 3581 590 3633 llla
622 3594 751 3633 sane
783 3594 879 3633 nos
936 3589 1269 3647 nequaquam
1301 3572 1601 3640 recipienda
1637 3586 1919 3626 censemus
1951 3611 1967 3635 ,

444 3681 561 3733 qua:
590 3676 641 3719 et
665 3682 693 3719 a
716 3667 1026 3733 quibusdam
1060 3659 1325 3730 superﬂuo
1366 3659 1448 3713 vel
1478 3659 1675 3727 requiri
1696 3659 1777 3712 vel
1801 3659 1967 3712 astrui

445 3756 641 3819 solent,
668 3756 718 3808 id
747 3765 847 3818 est,
876 3754 1014 3822 quod
1040 3752 1229 3804 animai
1258 3749 1309 3801 in
1350 3754 1550 3800 tantum
1582 3746 1661 3801 sui
1692 3746 1968 3801 decessum

443 3846 683 3909 veniant,
715 3854 770 3898 ut
799 3852 999 3896 naturae
1055 3838 1330 3894 rationalis
1376 3851 1436 3891 ac
1481 3835 1753 3901 dignitatis
1798 3834 1972 3890 oblitae

444 3937 689 3991 etiamin
737 3933 973 3989 ordinem
1010 3928 1451 3986 irrationabiliutn
1488 3924 1791 3979 animalium
1817 3965 1832 3988 ,
1884 3925 1969 3978 vel

444 4025 754 4087 bestiarum,
772 4023 850 4076 vel
872 4021 1127 4089 pecudum
1151 4016 1512 4072 devolvantur.
1527 4033 1546 4065 ι
1565 4012 1781 4081 Reliqua
1799 4014 1974 4068 studio

446 4114 726 4168 brevitatis
755 4112 1128 4181 praetermitto,
1168 4124 1285 4178 quae
1311 4120 1487 4163 tamen
1516 4106 1581 4159 ad
1608 4118 1717 4159 rem
1747 4103 1972 4158 faciunt.

451 4208 515 4260 Et
541 4209 633 4261 lib.
679 4222 721 4260 ιι
772 4205 845 4259 De
887 4204 1275 4265 resurrectione,
1330 4214 1489 4270 quem
1550 4198 1722 4253 locum
1761 4197 1977 4251 exhibet

448 4297 760 4365 Pamphilus
785 4313 799 4350 :
840 4312 859 4345 ι
889 4294 994 4349 Sed
1028 4294 1189 4356 sicut,
1222 4290 1414 4359 inquit,
1444 4304 1546 4344 non
1576 4297 1659 4343 est
1688 4286 1976 4355 putandum

454 4387 592 4452 quod
625 4385 932 4439 animalium
964 4397 1155 4452 corpus
1175 4388 1486 4447 accepturus
1511 4378 1580 4431 sit
1602 4384 1979 4446 peccator,aut

436 4472 752 4534 volucrum,
790 4471 1166 4539 autpiscium;
1200 4470 1277 4522 sic
1299 4479 1469 4534 neque
1506 4464 1654 4528 solis,
1696 4473 1792 4517 aut
1819 4463 1974 4527 lunar,

457 4568 552 4613 aut
573 4560 843 4612 stellarum
874 4560 1098 4613 formam
1141 4556 1462 4627 sperandum
1497 4561 1582 4607 est
1606 4553 1849 4620 accipere
1887 4566 1980 4605 eos

459 4648 550 4714 qui
578 4657 856 4712 resurgent
880 4648 932 4700 in
963 4647 1174 4715 gloria:
1223 4646 1315 4701 sed
1362 4643 1589 4711 exempli
1628 4657 1786 4697 causa
1840 4641 1981 4695 dicta

459 4748 578 4787 esse
601 4733 709 4786 hare
742 4734 808 4786 ab
839 4732 1086 4799 Apostolo
1108 4732 1440 4787 sentiendum
1469 4739 1572 4796 est,
1590 4739 1647 4785 ut
1681 4729 1985 4799 designetur

462 4838 555 4891 per
580 4824 709 4886 haec,
736 4823 874 4889 quod
906 4821 995 4873 alii
1024 4835 1121 4888 pro
1167 4821 1370 4874 meritis
1405 4820 1516 4874 suis
1558 4818 1986 4874 honorabiliores

460 4922 515 4966 et
542 4910 792 4965 clariores
821 4918 998 4972 erunt,
1042 4912 1275 4964 beatiora
1298 4924 1509 4978 quoque
1542 4907 1839 4963 habitacula
1864 4922 1982 4961 sor-

459 5002 648 5058 tituri:
702 4998 925 5051 aliorum
981 5011 1105 5051 vero
1156 4998 1551 5067 indignissimus
1593 5005 1646 5051 el
1683 4996 1985 5065 abiectissi-

463 5108 582 5148 mus
620 5104 717 5160 pro
761 5097 1025 5156 gestorum
1059 5087 1259 5141 scelere
1298 5088 1400 5141 erit
1444 5095 1635 5149 status,
1676 5087 1766 5156 qui
1822 5086 1985 5141 etiam

462 5185 629 5239 mutis
681 5175 1002 5232 animalibus
1052 5176 1240 5242 dignus
1269 5176 1338 5229 sit
1364 5175 1689 5244 comparari.
1721 5193 1743 5226 ι
1773 5174 1900 5238 Qui:
1944 5175 1987 5228 si

463 5275 583 5344 quis
610 5288 639 5325 a
665 5269 855 5324 Ruﬁno
877 5265 958 5319 vel
984 5278 1228 5331 perversa
1253 5264 1337 5318 vel
1357 5264 1555 5318 inserta
1576 5274 1841 5329 causetur,
1864 5262 1990 5331 quid

467 5368 721 5419 adversus
750 5359 880 5415 illud
921 5356 1151 5424 excipiet
1178 5370 1208 5408 e
1241 5355 1333 5409 lib.
1359 5371 1407 5407 tv
1444 5366 1621 5408 contra
1660 5355 1818 5416 Calan,
1842 5370 1992 5408 num.

466 5457 531 5507 17
557 5473 569 5509 :
599 5446 659 5506 Ei
685 5452 741 5504 δὲ
779 5446 845 5520 ἦν
888 5447 1137 5517 ἐννοήσας
1166 5444 1413 5512 (Κέλσος)
1462 5444 1512 5496 τι
1543 5443 1816 5498 ἀκολουθεῖ
1851 5442 1994 5512 ψυχῇ

469 5546 526 5593 ὲν
548 5541 748 5608 αἰωνίῳ
781 5535 1010 5605 ἑπομένῃ
1041 5533 1171 5602 ζωῇ,
1190 5531 1279 5584 καὶ
1307 5530 1355 5581 τί
1384 5528 1486 5599 χρὴ
1516 5530 1725 5600 φρονεῖν
1750 5527 1875 5595 περὶ
1902 5527 1998 5597 τῆς

540 5716 582 5744 ⁸⁵
615 5717 762 5769 llum.
790 5731 882 5779 vn,
906 5714 961 5769 9.

2028 1062 2237 1132 piisque
2261 1057 2472 1113 sentire
2504 1056 2799 1121 Oporteat,
2832 1056 2957 1096 non
2990 1038 3079 1092 ita
3125 1030 3509 1132 ridiculum
3548 1029 3663 1098 ipsi
3713 1029 3788 1080 vi-

2032 1118 2368 1205 sum-fuisset
2424 1118 2817 1196 immortalem
2868 1130 2932 1183 in
2973 1119 3245 1180 mortale
3316 1132 3590 1189 corpus
3620 1118 3799 1170 adve-

2037 1239 2295 1300 nientem,
2326 1246 2436 1286 non
2462 1244 2495 1284 e
2529 1237 2776 1295 corpore
2837 1220 2898 1273 in
2955 1224 3195 1281 corpus
3227 1206 3792 1277 transmigrando,

2037 1336 2094 1380 ut
2126 1295 2289 1380 Plator
2315 1320 2641 1388 explicaret,
2670 1311 2770 1368 sed
2796 1308 2913 1362 alia
2938 1315 3154 1370 eaque
3191 1298 3408 1388 longe
3447 1295 3797 1388 ευδιιφωή

2028 1414 2271 1468 ratione.
2302 1428 2321 1461 ι
2359 1382 2695 1475 scriptionis
2719 1397 2990 1467 ejusdem
3025 1398 3244 1444 contra
3268 1384 3553 1441 Celsum
3581 1382 3689 1475 lib.
3730 1396 3783 1442 ν,

2241 1499 2350 1561 te,
2416 1468 2782 1551 Christianos
2835 1487 3101 1556 rejicere
3145 1477 3329 1534 tradit
3404 1468 3783 1561 mago”

2043 1593 2133 1645 τὸν
2159 1589 2288 1658 περὶ
2319 1559 2498 1656 ψυχῆς
2519 1592 2975 1653 μετενσωματου
2987 1572 3181 1644 μένης
3210 1565 3446 1658 μῦθονῗ
3463 1559 3604 1616 Sed
3628 1574 3790 1658 asse-

2042 1647 2597 1736 verantiuslibi'viu,
2626 1647 2795 1725 num.
2821 1668 2901 1721 50
2938 1683 2954 1719 :
3001 1657 3301 1729 Οὐδαμῶς
3346 1653 3670 1726 μέντοιγε
3702 1647 3794 1699 λέ-

2043 1785 2215 1838 γομεν
2251 1762 2755 1837 μετενσωμάτωσιν
2789 1753 2948 1809 εἶναι
2984 1751 3218 1823 ψυχῆς,
3279 1745 3412 1801 καὶ
3459 1741 3801 1838 aea-cernua:

1972 1848 2016 1907 Β
2172 1827 2339 1925 aliti-ii;
2377 1827 2543 1924 μέχρι.
2587 1850 2703 1903 τῶν
2754 1845 2998 1912 ἀλόγων
3044 1840 3258 1904 ζώωψ
3309 1833 3638 1925 δηλονοτι
3692 1827 3805 1880 οὐδ’

2043 1949 2240 2018 ὁμοίως
2272 1922 2610 2012 Πυθαγόρᾳ,
2654 1938 2765 1992 κᾶν
2816 1929 3213 2004 ἀπεχώμεθά
3255 1944 3435 1979 ποτε
3478 1922 3673 1988 ζώων
3705 1960 3724 1985 ,
3750 1923 3816 1975 οὐ

2201 2034 2363 2106 Spatia
2400 2031 2587 2086 αὐτῶν
2614 2031 2742 2091 ταῖς
2780 2024 2989 2096 σαρξί.
3040 2041 3062 2074 ι
3102 2021 3325 2090 Neque
3395 2032 3575 2072 vero
3609 2029 3818 2070 cense-

2046 2140 2163 2180 mus
2189 2124 2429 2177 animam
2460 2135 2492 2173 e
2524 2132 2767 2187 corpore
2796 2117 2856 2170 in
2892 2126 3133 2181 corpus
3170 2110 3476 2179 migrare
3510 2147 3533 2173 ,
3574 2117 3643 2160 et
3694 2120 3823 2158 eam

2046 2214 2111 2267 ad
2151 2213 2428 2266 brutarum
2453 2223 2631 2276 usque
2655 2203 3073 2259 animantium
3106 2199 3582 2254 conditionem
3625 2194 3825 2262 dejici.

2048 2301 2161 2354 Non
2194 2301 2376 2366 igitur,
2418 2296 2639 2353 etiamsi
2708 2292 3022 2347 interdum
3093 2286 3573 2343 animantibus
3636 2284 3828 2336 absti-

2050 2403 2238 2445 nemus
2266 2428 2282 2452 ,
2322 2401 2513 2443 earum
2557 2398 2763 2439 carnes
2828 2394 3215 2435 aversamur
3265 2377 3533 2433 eadem
3597 2375 3833 2429 ratiOne

2051 2495 2156 2550 qua
2189 2479 2544 2547 Pythagoras.
2576 2494 2596 2528 ι
2635 2475 2703 2528 Et
2735 2474 2844 2527 lib.
2878 2488 2912 2525 v
2945 2472 3013 2524 in
3043 2469 3250 2538 Epist.
3284 2472 3379 2521 ad
3412 2466 3641 2531 Rom.,
3667 2483 3829 2519 num.

2053 2571 2104 2634 ί,
2136 2584 2257 2639 pag.
2290 2566 2393 2621 διε)
2434 2588 2446 2619 ;
2488 2582 2506 2615 ι
2541 2564 2651 2618 Sed
2681 2564 2807 2617 haec
2840 2562 3169 2616 Basilides
3192 2574 3319 2614 non
3370 2560 3735 2611 advertens
3768 2557 3837 2606 de

2054 2660 2169 2728 lege
2200 2656 2437 2712 naturali
2470 2654 2675 2709 debere
2702 2652 2987 2722 intelligi,
3031 2651 3118 2706 ad
3154 2650 3431 2719 ineptas
3485 2658 3561 2705 et
3620 2647 3833 2715 impias

2062 2750 2269 2805 fabulas
2301 2759 2611 2801 sermonem
2663 2743 3083 2811 apostolicum
3146 2742 3354 2795 traxit
3404 2739 3477 2794 in
3531 2753 3838 2809 μετενσω-

2060 2841 2351 2909 ματώσεως
2383 2838 2604 2905 dogma,
2637 2834 2829 2898 idest,
2874 2835 3055 2902 quod
3095 2833 3339 2886 animae
3380 2832 3453 2886 in
3494 2831 3626 2885 alia
3661 2839 3831 2897 atque

2056 2931 2160 2983 alia
2191 2941 2419 2996 corpora
2452 2925 2969 2987 trauslundantur,
3009 2939 3095 2979 ex
3137 2925 3272 2980 hoc
3310 2922 3635 2992 Apostoli
3684 2921 3832 2975 dicto

2059 3028 2285 3074 conatur
2314 3026 2587 3069 astruere.
2629 3014 2786 3068 Dixit
2821 3015 3033 3078 enim,
3101 3015 3354 3082 inquit,
3387 3009 3740 3081 Apostolus
3764 3008 3826 3071 “,

2061 3110 2184 3177 quia
2212 3122 2312 3177 ego
2341 3106 2593 3160 vivebam
2621 3106 2745 3159 sine
2778 3104 2913 3172 lege
2955 3105 3329 3173 aliquando
3356 3121 3382 3169 ;
3425 3120 3451 3154 ι
3495 3113 3563 3157 et
3595 3112 3831 3161 cetera,

2060 3212 2181 3266 quae
2217 3196 2407 3250 lectori
2455 3195 2706 3263 diligenti
2739 3193 3148 3249 consulenda
3221 3193 3565 3261 relinquo.
3618 3189 3831 3246 Paulini

2068 3285 2223 3352 hujus
2253 3284 2354 3339 loci
2382 3298 2605 3351 pravam
2634 3284 3298 3351 interpretationem,
3317 3295 3391 3341 et
3413 3281 3835 3355 Pythagorica:

2204 3372 2625 3443 νσωματώσεως
2670 3373 3274 3429 conﬁrmationem
3315 3374 3838 3431 accommodatam

2063 3465 2499 3519 damnatiterum
2519 3463 2615 3517 lib.
2639 3478 2692 3515 γι
2716 3464 2775 3515 in
2797 3461 3001 3531 Epist.
3024 3466 3124 3515 ad
3154 3464 3384 3533 Ralm,
3417 3483 3604 3522 nutat.
3630 3466 3691 3530 8,
3718 3482 3831 3533 pag.

2065 3555 2189 3609 585.
2214 3554 2358 3606 Idem
2386 3553 2528 3607 libro
2557 3553 2631 3605 De
2663 3551 3002 3606 Proverbiis
3055 3554 3483 3623 Salomonis,
3516 3574 3660 3627 pag.
3700 3558 3747 3622 ι,
3783 3566 3829 3608 et

2070 3654 2198 3698 tum.
2222 3658 2295 3696 vn
2322 3644 2376 3696 in
2401 3642 2626 3705 Mattlt.,
2664 3658 2795 3710 pag.
2828 3643 2942 3695 441
2985 3644 3192 3713 (qua:
3231 3650 3620 3704 testimonia
3652 3648 3825 3715 jaceat

2070 3735 2122 3787 in
2160 3733 2416 3800 Apologia
2446 3732 2776 3802 Pamphili),
2812 3741 2873 3786 et
2908 3743 3176 3790 tom..x
3240 3738 3307 3791 in
3375 3739 3649 3804 Matth,
3684 3754 3823 3792 num.

2201 3837 2310 3890 pag.
2340 3820 2469 3886 468,
2492 3830 2549 3873 et
2583 3830 2719 3875 tom.
2767 3836 2851 3886 ιι,
2892 3838 3094 3878 num.
3144 3826 3269 3892 19,
3306 3844 3465 3901 pag.
3507 3829 3655 3894 506,
3691 3828 3823 3882 Scri-

2070 3913 2245 3981 pturis
2267 3912 2476 3965 sanctis
2507 3917 2565 3964 et
2584 3911 3029 3968 ecclesiastica:
3073 3918 3252 3976 ﬁdei
3294 3923 3817 3977 contrariamesse

2072 4003 2267 4057 asserit
2298 4003 2827 4072 μετενσωμάτωσιν.
2867 4003 3047 4060 Fuse
3092 4026 3386 4085 quoque
3427 4016 3495 4069 id
3531 4027 3819 4084 επευωεη.

2075 4103 2183 4148 tum
2207 4094 2556 4161 prosequitur
2588 4103 2729 4149 tom.
2783 4112 2841 4149 Vl
2877 4098 2937 4149 in
2975 4098 3259 4173 Joan.,
3296 4123 3483 4165 num.
3523 4108 3593 4173 Ἰ,
3626 4105 3821 4173 disqui-

2079 4201 2201 4240 rens
2239 4200 2305 4237 au
2342 4184 2395 4237 in
2421 4182 2659 4240 Joannis
2688 4201 2907 4257 corpus
2944 4190 3133 4249 Elia:
3176 4202 3413 4255 anima
3456 4200 3817 4272 migraverit;

2074 4288 2244 4341 eoque
2275 4273 2437 4325 etiam
2470 4274 2761 4342 copiosius
2798 4286 2949 4333 tom.
2988 4297 3139 4339 xm
3184 4290 3267 4343 in
3300 4288 3565 4356 Matth,
3603 4305 3755 4343 num.
3778 4288 3821 4346 l.

2077 4379 2197 4432 pag.
2228 4361 2353 4426 567,
2380 4361 2487 4416 568
2553 4373 2612 4417 et
2660 4370 3111 4439 sequentibus,
3183 4382 3499 4437 eamdem
3563 4380 3816 4437 venula":

2201 4452 2447 4553 stionem,
2478 4452 2582 4507 hac
2606 4456 2832 4512 ratione
2852 4471 3493 4539 μετξνςωμάτωσιν
3528 4480 3816 4544 oppugnat,

2080 4539 2335 4594 tnundum
2380 4556 2658 4611 nusquam
2706 4546 3168 4622 interiturum,
3224 4562 3283 4614 si
3347 4539 3589 4621 anima;
3613 4539 3817 4635 propter

2077 4638 2293 4698 peccata
2320 4644 2553 4697 corpora
2588 4634 2835 4690 subeant
2865 4655 2879 4690 :
2929 4639 2987 4693 id
3039 4648 3247 4703 enim
3292 4654 3352 4708 si
3382 4656 3490 4718 sit,
3528 4634 3662 4711 cum
3695 4669 3817 4708 selu-

2080 4732 2175 4788 per
2197 4732 2293 4785 pro
2318 4720 2534 4773 arbitrii
2559 4725 2645 4776 sui
2676 4723 2959 4784 libertate
2988 4746 3309 4800 peccare
3340 4746 3587 4814 possint
3617 4746 3810 4805 animt.

2083 4822 2294 4874 semper
2327 4824 2555 4905 corpora
2591 4815 2933 4884 subituras;
2982 4838 3287 4898 semper
3334 4837 3531 4905 igitur
3573 4838 3811 4890 adfutura

2086 4911 2359 4998 corpora;
2394 4902 2661 4998 mundum
2686 4919 2826 4974 ergo
2866 4924 3230 4982 nunquam
3269 4902 3664 4992 periturum:
3692 4924 3813 4996 quod

2092 4989 2136 5040 si
2161 4989 2558 5088 prodeuntibus
2597 4996 2820 5052 saeculis
2848 5000 3095 5059 anima:
3148 4989 3448 5071 suliinde
3483 5019 3692 5088 aliqua
3707 4989 3803 5085 peo-

2093 5088 2214 5133 cato
2245 5080 2545 5177 immunes.
2566 5089 2859 5158 corporeis
2882 5091 3179 5156 vinculis
3204 5109 3499 5177 amplius
3520 5080 3805 5177 nones—eali

2092 5177 2215 5235 post
2266 5171 2589 5229 diuturnum
2636 5191 2918 5232 annorqu
2991 5171 3517 5257 curricufum,
3559 5171 3835 5246 \mni‘xmto

2102 5268 2282 5330 magis
2320 5268 2605 5339 magisque
2656 5271 2978 5325 animarum
3018 5291 3428 5349 numeros
3474 5280 3558 5334 λδ
3582 5288 3855 5347 Perilaue“

2095 5360 2314 5407 animas
2344 5359 2626 5414 redactum
2655 5359 2723 5414 iri
2751 5360 3032 5417 mundum
3063 5383 3085 5431 ;
3121 5379 3265 5439 qui
3276 5382 3433 5437 bus
3451 5370 3836 5444 per/bellone!!!

2100 5450 2450 5517 consecutis,
2485 5452 2785 5508 desiturum
2822 5452 3101 5522 tandem,
3143 5476 3304 5530 pra,
3350 5467 3678 5526 δηίηηηηη
3700 5477 3808 5538 φη

2108 5543 2353 5604 corpora
2382 5545 2613 5603 subeant
2637 5542 2857 5616 inopia;
2895 5546 3057 5613 quod
3100 5554 3485 5633 lefnigatur
3519 5564 3803 5632 Scriptum
