3894 6448
148 392 340 484 sv"
1085 415 1640 476 OﬁlGENIANORUM
1673 418 1801 474 un.

1942 417 2088 474 CAP.
2125 416 2191 482 ll,
2229 413 2499 482 QUEST.
2541 407 2624 469 Vl.
3343 414 3457 470 918

194 515 466 592 “chnti
486 516 778 586 plurimos
803 529 866 586 in
915 535 1112 589 mundo
1157 537 1363 591 futuros
1387 543 1654 598 mortales,
1699 549 1818 588 cum
1846 539 1894 598 Α
1921 549 2043 588 mox
2069 555 2082 589 :
2116 551 2136 589 ι
2163 531 2477 586 lamblichus
2509 543 2634 583 vero
2678 527 2763 584 his
2809 521 3134 582 contrariam
3163 525 3452 584 decurrens

208 607 425 678 galina
455 607 705 671 hominis
736 622 1016 678 adveniet.
1047 624 1167 679 Pari
1210 628 1377 680 utitur
1416 624 1821 679 ratiocinatione
1921 623 2082 684 viam,
2115 635 2214 689 pro
2244 618 2550 672 animalium
2581 619 2779 686 specie,
2824 617 3017 671 animze
3054 615 3283 696 speciem
3327 630 3446 672 esse

240 709 421 760 an.“
453 699 508 753 in
538 699 762 761 Cantie.
807 714 1088 778 canticor.,
1121 728 1240 782 pag.
1298 715 1386 768 58.
1446 713 1596 766 Nunc
1636 727 1820 780 aequus
1918 709 2082 771 dicit,
2135 706 2337 774 species
2395 705 2642 757 nimirum
2695 704 3018 761 diti‘erentes.
3073 703 3155 758 Ab
3208 719 3272 759 eo
3320 720 3448 774 erga

261 796 436 848 lector
453 786 762 860 existimet,
793 806 874 850 tot
902 809 1111 868 tamque
1131 803 1289 855 claris
1315 801 1626 856 testimoniis
1645 817 1823 871 μετεν-
1918 799 2150 864 scriptus
2183 803 2266 848 est
2291 793 2423 846 liber
2452 792 2731 862 singularis
2773 795 2846 847 ita
2871 795 3162 862 inscriptus
3189 813 3204 849 :
3245 794 3443 865 Migra-

17 1523 34 1532 ι-

7 1610 26 1643 ᾖ

6 1700 28 1714 P‘

5 1793 34 1802 σ-

4 1807 32 1822 ι..-

259 881 598 952 cupas-omni
627 882 1005 942 obterentibns
1031 890 1199 956 major
1224 905 1290 944 ne
1315 889 1611 944 adhibenda
1645 891 1717 944 sit
1750 891 1816 944 ll-

257 974 390 1036 des,
433 988 500 1026 an
540 973 608 1027 iis
631 989 753 1042 quae
781 975 1016 1045 allegant
1038 978 1389 1050 Hieronymus
1408 989 1466 1034 et
1488 979 1820 1037 Justinianus

252 1065 519 1118 earndem
556 1069 949 1125 astruentibus.

335 1153 734 1216 Verumtamen
786 1161 909 1216 aliis
956 1177 1170 1232 quoque
1215 1165 1474 1234 praesidiis
1516 1166 1818 1220 Adamantii

247 1261 492 1300 causam
530 1247 724 1304 fulcire
771 1267 1075 1320 possumus,
1104 1254 1246 1308 velut
1273 1269 1333 1310 ea
1361 1265 1482 1312 sunt
1517 1271 1633 1324 quae
1665 1258 1819 1312 nobis

246 1331 592 1403 Pamphilus
635 1340 1048 1408 subministrat,
1080 1346 1240 1398 verba
1279 1346 1392 1400 haec
1429 1346 1642 1416 Origeni
1682 1347 1818 1401 falso

239 1425 505 1492 ascripta
539 1424 710 1480 fuisse
741 1428 949 1494 dicens,
990 1447 1108 1499 qua:
1147 1447 1250 1486 non
1283 1449 1352 1488 ex
1388 1449 1482 1489 sua
1511 1437 1603 1490 sed
1637 1438 1818 1490 exad-

238 1514 499 1567 versarii
541 1530 774 1584 persona
799 1522 1116 1587 protulerat,
1155 1530 1208 1576 et
1235 1521 1658 1580 dissertationem
1687 1539 1818 1592 prte-

240 1611 408 1656 terea
440 1619 600 1657 suam
632 1606 716 1658 bis
737 1608 918 1662 verbis
948 1609 1268 1663 conclusisse
1294 1626 1309 1665 :
1336 1628 1359 1662 ι
1383 1611 1486 1666 Sed
1510 1612 1622 1668 haec
1650 1629 1817 1681 quan-

227 1693 364 1742 tum
393 1691 467 1744 ad
499 1707 602 1747 nos
629 1697 885 1763 pertinet,
911 1711 1013 1752 non
1040 1699 1148 1752 sint
1176 1699 1444 1767 dogmata,
1479 1703 1571 1758 sed
1610 1703 1815 1758 discus-

234 1781 431 1836 sionis
455 1785 636 1852 gratia
667 1788 809 1841 dicta
836 1790 981 1854 sint,
1017 1798 1072 1844 et
1099 1792 1432 1860 abjiciantur.
1479 1793 1582 1848 Pro
1620 1810 1684 1849 eo
1714 1810 1812 1850 au-

231 1878 359 1923 tem
394 1872 522 1925 solo
550 1873 695 1927 dicta
725 1885 870 1939 sunt,
905 1893 971 1930 ne
1005 1879 1242 1933 videatur
1269 1880 1492 1948 quaestio
1520 1893 1680 1944 mota,
1711 1901 1814 1940 non

231 1973 370 2015 esse
415 1962 694 2018 discussa.
727 1982 748 2016 ›
784 1965 910 2029 Quas
953 1972 1144 2034 repetit
1181 1969 1340 2023 etiam
1372 1969 1720 2042 Hieronymus
1761 1985 1816 2028 et

231 2050 506 2115 agnoscit
540 2051 703 2117 epist.
739 2051 835 2114 59,
868 2053 933 2106 ad
987 2055 1128 2107 Avit.
1152 2097 1166 2120 ,
1193 2070 1312 2124 cap.
1343 2057 1391 2110 Ι.
1441 2056 1662 2113 Prodest
1688 2059 1813 2114 illud

233 2139 485 2206 insuper
526 2142 598 2194 ad
642 2141 1005 2196 defensionem
1046 2143 1328 2212 Origenis,
1376 2148 1516 2214 quod
1560 2147 1812 2216 scriptum

229 2228 312 2281 ab
359 2244 433 2280 eo
478 2237 567 2282 est
609 2239 735 2284 tom.
765 2247 817 2285 χι
858 2233 913 2284 in
940 2231 1132 2286 Matth.
1157 2273 1172 2297 ,
1219 2251 1365 2289 num.
1394 2237 1490 2302 l7,
1541 2252 1661 2307 pag.
1689 2237 1810 2305 506,

228 2319 656 2373 admittendam
683 2323 1186 2392 μετενσωμὰτωσιν,
1213 2325 1256 2378 si
1282 2340 1376 2393 per
1396 2341 1513 2380 eam
1540 2328 1715 2380 anima
1739 2329 1813 2381 ita

230 2407 602 2477 intelligatur
639 2411 833 2464 mutari
880 2421 936 2466 et
982 2416 1255 2480 converti,
1302 2424 1362 2468 ut
1391 2416 1474 2470 vel
1518 2417 1814 2485 depravatis

232 2501 536 2566 moribus,
588 2511 644 2554 et
684 2502 992 2569 voluntate,
1027 2518 1130 2557 non
1171 2515 1362 2559 natura
1394 2508 1580 2574 pecudi
1627 2509 1813 2564 similis

226 2591 485 2653 evadat,
542 2589 628 2642 vel
663 2591 949 2645 virtutibus
987 2607 1050 2646 ac
1093 2594 1288 2660 pietate
1332 2609 1539 2648 rursum
1591 2596 1813 2652 rationis

226 2698 482 2752 compos
519 2683 636 2737 ﬁeri
669 2686 934 2739 videatur.
973 2687 1168 2741 Eadem
1220 2688 1356 2742 inest
1387 2690 1648 2743 sententia
1697 2688 1812 2744 loco

227 2773 475 2855 alterioe
507 2773 646 2825 libro
696 2772 769 2826 De
803 2773 1093 2827 Proverbiis
1117 2775 1436 2839 Salomonis,
1474 2792 1631 2845 quem
1656 2778 1813 2832 Pam-

226 2862 432 2931 philus
488 2861 759 2930 Apologia:
812 2878 922 2916 sua:
974 2864 1220 2918 intexuit.
1268 2865 1321 2918 Id
1359 2877 1574 2934 puncto
1605 2883 1703 2921 suo
1759 2876 1812 2920 et

1918 889 2079 940 tiones
2116 886 2406 938 animarum
2445 899 2542 935 non
2589 883 2702 949 ﬁeri
2749 899 2812 936 ea:
2855 883 3146 938 hominibus
3177 885 3231 937 in
3275 885 3443 950 bruta,

1919 991 2075 1044 neque
2105 990 2135 1026 a
2162 973 2320 1025 brutis
2350 970 2661 1024 animalibus
2694 971 2747 1022 in
2774 971 3032 1036 homines;
3058 973 3146 1026 sed
3168 972 3231 1026 ab
3253 974 3448 1026 anima-

1918 1065 2051 1118 libus
2093 1065 2148 1117 in
2197 1061 2445 1115 animalia
2469 1100 2484 1126 ,
2516 1071 2563 1113 et
2597 1059 2660 1111 ab
2702 1060 2991 1114 hominibus
3016 1061 3070 1114 in
3091 1062 3338 1115 homines.
3368 1062 3452 1117 Ae

1917 1153 2046 1208 mihi
2077 1153 2283 1206 videtur
2308 1151 2392 1204 ille
2420 1164 2529 1218 prae
2557 1148 2775 1216 reliquis
2806 1149 3005 1215 optime
3035 1160 3309 1205 assecutus
3337 1166 3444 1204 non

1916 1245 2152 1300 Platonis
2176 1243 2490 1298 sententiam
2520 1240 2694 1303 modo,
2722 1239 2812 1292 sed
2842 1248 2894 1292 et
2914 1239 3078 1307 ipsam
3109 1241 3442 1294 veritatem.»

1985 1333 2099 1388 XX.
2129 1333 2438 1386 Animarum
2474 1332 2652 1398 itaque
2674 1326 3010 1398 προϋπαρξιν
3039 1343 3158 1382 cum
3185 1328 3447 1383 aPlatone

1918 1425 2214 1492 accepisset
2247 1422 2534 1492 Origenes,
2588 1421 2822 1488 ipsarum
2856 1431 3067 1487 quoque
3111 1418 3448 1489 μετενσωμά-

1915 1531 2076 1568 τωσιν
2108 1515 2173 1568 ab
2206 1515 2390 1568 eodem
2414 1513 2638 1579 accepit.
2667 1509 2747 1564 Ah
2783 1510 3028 1563 humanis
3054 1517 3228 1562 autem
3256 1523 3445 1578 corpo-

1916 1607 2064 1660 ribus
2087 1605 2138 1659 in
2164 1605 2392 1658 humana
2417 1616 2641 1671 corpora
2673 1600 2902 1654 transire
2925 1599 3131 1653 animas
3165 1597 3446 1654 allirmavit

1914 1696 2098 1760 Plato;
2146 1711 2175 1749 a
2231 1694 2535 1750 caelestibus
2585 1705 2711 1747 vero
2755 1690 2808 1743 in
2849 1690 3114 1753 humana,
3159 1691 3223 1742 ab
3262 1690 3345 1744 his
3391 1689 3446 1743 in

1917 1787 2210 1852 daemonica
2257 1785 2484 1854 migrare
2529 1781 2733 1835 animas
2787 1779 2920 1833 dixit
2960 1778 3258 1848 Origenes:
3293 1788 3346 1832 et
3390 1787 3448 1832 ut

1844 1859 1886 1913 Β
1915 1877 2186 1932 hominum
2214 1875 2421 1928 animas
2444 1881 2663 1927 eatenus
2687 1872 2892 1924 animas
2924 1871 3186 1937 pecudum
3222 1869 3336 1924 fieri
3366 1870 3452 1924 di-

1913 1967 1988 2022 xit
2019 1964 2185 2029 Plato,
2227 1973 2484 2034 quatenus
2522 1959 2771 2028 nequitia:
2815 1959 3039 2012 addicta:
3077 1959 3334 2028 pecudum
3366 1960 3446 2014 si-

1913 2039 2064 2112 tniles
2103 2056 2273 2118 ﬁunt,
2323 2056 2393 2108 ila
2446 2053 2496 2106 id
2545 2053 2716 2120 ipsum
2758 2048 3016 2118 Origenes
3062 2051 3443 2119 pronuntiavit.

1912 2146 2204 2200 Przeiverat
2236 2144 2440 2198 Platoni
2489 2142 2838 2212 Pythagoras,
2871 2142 2963 2196 sed
3009 2156 3112 2194 non
3146 2141 3446 2202 animorum

1909 2239 2082 2294 solum
2124 2253 2189 2291 ex
2237 2236 2481 2292 humanis
2525 2235 2839 2302 corporibus
2877 2233 2927 2286 in
2976 2233 3226 2296 humana,
3262 2248 3446 2286 verum

1911 2327 2072 2382 etiam
2100 2340 2163 2379 ex
2199 2317 2280 2378 his
2319 2324 2370 2376 in
2413 2322 2578 2377 ferina
2629 2337 2786 2375 veras
2827 2323 3237 2376 commeationes
3284 2321 3449 2374 admi-

1911 2425 2075 2470 serat.
2104 2414 2258 2468 Aliud
2288 2427 2498 2482 quoque
2526 2413 2934 2481 Pythagoricum
2969 2411 3107 2465 inter
3135 2419 3188 2466 et
3215 2409 3448 2464 Platoni-

1911 2519 2028 2558 cam
2089 2503 2386 2557 doctrinam
2448 2502 2816 2555 intercessisse
2875 2502 3160 2555 discrimen
3222 2499 3449 2554 aﬂirmat

1910 2593 2126 2650 Servius
2161 2594 2212 2646 in
2243 2592 2372 2646 illud
2402 2591 2585 2661 Virgil.
2627 2591 2755 2645 zEn.
2789 2608 2869 2656 Ill,
2909 2607 3048 2646 vers.
3081 2591 3170 2657 67,
3197 2587 3265 2645 68
3292 2610 3307 2644 :

2087 2721 2101 2736 .
2146 2722 2161 2737 .
2205 2720 2220 2735 .
2258 2721 2272 2735 .
2311 2721 2326 2735 .
2365 2722 2381 2739 .
2413 2683 2736 2749 animamque
2767 2681 2998 2748 sepulcro

2078 2770 2379 2826 Condimtts.

1915 2881 1932 2914 ι
1963 2861 2132 2928 Plato,
2165 2859 2354 2928 inquit,
2387 2866 2693 2927 perpetuam
2733 2858 2862 2910 dicit
2906 2857 3158 2922 animam,
3193 2867 3249 2910 et
3270 2843 3452 2912 adddi-

227 2964 482 3005 nssensu
540 2950 859 3017 comprobat
914 2949 1232 3006 Philastrius
1275 2953 1466 3009 heres.
1505 2953 1626 3007 120.
1661 2956 1810 3020 Quod
1912 2966 2064 3006 versa
2093 2963 2315 3017 corpora
2350 2947 2630 3012 transitum
2681 2947 2857 3010 facere
2887 2948 3070 3000 statim
3121 2961 3215 3015 pro
3241 2946 3447 3016 meritis

223 3037 425 3106 ipsum
486 3041 758 3108 prolixius
807 3051 862 3094 et
908 3040 1201 3110 elegantius
1245 3042 1496 3095 edisserit
1523 3041 1809 3110 Gregorius
1907 3040 2030 3094 vine
2070 3038 2282 3107 prioris.
2324 3035 2650 3105 Pythagoras
2687 3050 2812 3090 vero
2855 3050 2957 3089 non
3007 3035 3442 3108 μετεμψύχωσιν,

229 3129 536 3199 Nysscnus
585 3129 638 3182 in
683 3139 1096 3183 commemorata
1135 3130 1380 3198 superius
1429 3131 1804 3198 disputatione,
1835 3162 1878 3218 ο
1910 3129 2002 3182 sed
2033 3126 2439 3194 παλιγγενεσίαν
2476 3139 2594 3179 esse
2629 3125 2794 3194 dicit,
2837 3126 2936 3180 hoc
2976 3135 3060 3179 est
3103 3127 3269 3179 redire
3293 3165 3308 3191 ,
3349 3128 3443 3180 sed

226 3234 407 3284 quam
443 3217 696 3284 epistolae
724 3233 833 3270 sum
869 3219 934 3270 ad
965 3216 1169 3270 Menam
1199 3216 1526 3272 Justinianus
1566 3220 1804 3274 inseruit.

187 3307 349 3362 'Nec
392 3308 566 3360 aliter
608 3307 678 3360 de
720 3308 822 3360 hac
862 3305 1314 3369 metensomatosi,
1361 3322 1465 3374 qua
1513 3311 1704 3361 anima:
1752 3309 1806 3362 in

172 3417 174 3420 ν
228 3400 563 3453 belluarum
605 3411 834 3464 corpora
861 3397 1088 3450 transire
1119 3397 1388 3462 dicuntur,
1428 3399 1658 3453 sensisse
1683 3397 1806 3454 Ori-

225 3499 438 3559 genetn
468 3502 538 3541 eo
581 3487 717 3540 mihi
765 3487 821 3539 lit
849 3486 1212 3552 verisimilius,
1245 3491 1385 3557 quod
1416 3489 1528 3542 haec
1565 3491 1678 3558 ipsa
1707 3489 1806 3544 fuit

226 3579 656 3632 Platonicorum
685 3576 1059 3629 nonnullorum
1085 3580 1580 3648 metempsychosis.
1611 3581 1807 3652 Aucte.

229 3687 350 3724 rem
400 3671 606 3721 damus
635 3666 941 3720 Nemesium
962 3705 976 3728 ,
1017 3682 1132 3733 cap.
1158 3667 1193 3718 2
1223 3667 1514 3732 ιΕἱπόντος
1537 3671 1674 3741 γὰρ,
1718 3673 1806 3726 in-

196 3763 378 3829 ηυῃ,
427 3757 724 3818 Πλάτωνος
752 3755 850 3818 τὰς
885 3755 982 3825 μὲν
1010 3755 1261 3825 Θυμικὰς,
1299 3757 1392 3809 καὶ
1421 3759 1686 3828 ὀργίλους,
1713 3763 1806 3815 καὶ

225 3845 601 3919 ἁρπακτικάς
620 3843 816 3913 ψυχὰς,
858 3843 1032 3895 λύκων
1061 3845 1152 3896 καὶ
1179 3845 1399 3897 λεόντων
1431 3846 1653 3915 σώματα
1679 3865 1805 3917 μετ-

225 3932 656 4006 αμφιέννυσθαι
676 3951 690 3964 ο
717 3933 817 3994 τὰς
838 3932 892 3984 δὲ
920 3934 1044 4002 περὶ
1087 3934 1181 4003 τὴν
1211 3935 1498 3988 ἀκολασίαν
1515 3937 1808 4008 ἡσχολημέ-

225 4043 332 4090 νας
355 4067 369 4089 ,
403 4026 552 4078 ενων
590 4024 686 4075 καὶ⁵
716 4021 822 4074 τῶν
860 4023 1108 4075 τοιούτων
1141 4024 1532 4094 ἀναλαμϐάνειν
1563 4027 1803 4097 σώματα,

225 4121 280 4172 ol
321 4119 428 4188 μὲν
455 4115 664 4184 κυρίως
689 4114 923 4182 ἥκουσαν
943 4115 1067 4177 τοὺς
1092 4114 1304 4177 λέοντας
1336 4118 1427 4168 καὶ
1448 4119 1574 4180 τοὺς
1593 4118 1802 4183 λύκους,

227 4210 330 4262 καὶ
361 4208 498 4267 τοὺς
525 4205 682 4265 ὅνους
703 4217 716 4231 '
742 4203 792 4254 oi
829 4203 884 4254 δὲ
917 4204 1186 4272 τροπικῶς
1219 4205 1376 4258 αὐτὸν
1409 4208 1680 4277 εἰρηκέναι
1704 4208 1806 4261 διέ-

227 4312 486 4366 γνωσαν,
526 4294 600 4344 τὰ
633 4291 738 4361 ἢθη
784 4292 870 4343 διὰ
909 4291 1016 4344 τῶν
1053 4292 1202 4356 ζώων
1242 4298 1700 4366 παρεμφαίνοντα.
1745 4301 1806 4352 Et

227 4399 364 4438 mox
403 4402 420 4437 :
472 4382 777 4451 ’ῐάμϐλιχος
813 4382 868 4432 δὲ
908 4381 1006 4449 τὴν
1053 4384 1295 4436 ἐναντίαν
1319 4385 1524 4449 τούτοις
1563 4387 1800 4458 δραμὼν,

1908 3228 2030 3288 post
2061 3231 2287 3286 tempus.
2323 3234 2342 3267 ι
2378 3213 2435 3269 1n
2476 3229 2586 3286 quo.
2625 3212 2898 3290 Platonem
2949 3229 3178 3284 quoque,
3201 3215 3446 3286 dimisso

1906 3309 2228 3379 Pythagora,
2251 3305 2597 3368 Adamantius
2621 3304 2881 3372 sequitur.
2903 3302 2971 3356 At
2993 3303 3446 3374 PaganinusGau—

1905 3399 2120 3452 dentius
2151 3413 2269 3466 cap.
2300 3397 2361 3452 51
2403 3397 2453 3450 in
2502 3394 2676 3448 libello
2716 3393 3205 3463 Depromparatione
3230 3394 3446 3468 dogma-

1906 3496 2016 3541 tum
2039 3485 2277 3555 Origenis
2301 3501 2416 3538 cum
2443 3483 2772 3554 philosoiiltia
2805 3482 3040 3537 Platonis
3065 3524 3081 3548 ,
3111 3485 3176 3542 de
3201 3481 3447 3556 Orisenis

1905 3579 2348 3650 metentpsychosi
2391 3578 2688 3640 disserens,
2729 3577 2783 3630 in
2815 3589 2878 3630 eo
2923 3575 3138 3630 dill'erre
3194 3576 3268 3628 ait
3323 3578 3448 3644 opi-

1903 3672 2118 3728 nionem
2165 3671 2330 3740 ipsius
2367 3685 2397 3723 a
2445 3668 2819 3738 Pythagorica,
2869 3667 3007 3735 quod
3045 3666 3131 3722 ille
3176 3682 3360 3735 pinnas
3391 3668 3444 3721 in

1905 3763 2272 3816 subterraneis
2310 3758 2442 3814 locis
2492 3758 2714 3814 luendas
2767 3756 2836 3812 ob
2883 3755 3088 3812 scelera
3146 3765 3446 3825 agnoscat;

1903 3852 2233 3922 Pythagoras
2266 3865 2391 3904 vero
2426 3849 2646 3912 inferos,
2674 3849 3072 3916 inferorumque
3105 3861 3290 3914 pinnas
3318 3861 3440 3901 sus-

1908 3941 2110 4001 tulerit,
2142 3939 2280 4007 quod
2338 3938 2528 3992 falsum
2564 3947 2690 3991 est:
2740 3937 2897 3990 Ἀλλὰ
2938 3936 3032 3988 καὶ
3071 3935 3229 3996 αὐτὸς
3269 3936 3328 3986 ὲν
3375 3935 3442 4003 τῇ

1903 4031 2084 4098 γραφῇ
2112 4045 2241 4098 φησι
2268 4028 2332 4079 δι’
2368 4027 2505 4079 ἑπτὰ
2533 4027 2625 4079 καὶ
2663 4025 2945 4078 διακοσίων
2987 4023 3148 4076 ὲτέων
3185 4021 3246 4085 ἐξ
3284 4021 3445 4074 ἀΐδεω

1906 4117 2374 4189 παραγεγενῆσθαι
2399 4118 2469 4179 ἐς
2506 4115 2838 4186 ἀνθρώπους.
2875 4134 2894 4164 ί
2919 4114 2987 4166 At
3021 4114 3136 4180 ipse
3180 4112 3367 4172 etiam.
3389 4111 3444 4164 in

1898 4209 2120 4276 scriptis
2165 4209 2240 4261 ait
2279 4215 2398 4275 post
2435 4215 2637 4273 septem
2682 4215 2736 4258 et
2776 4205 3035 4258 ducentos
3077 4215 3246 4254 annos
3277 4215 3337 4256 se
3375 4214 3444 4256 ex

1904 4295 2091 4350 inferis
2120 4296 2454 4350 adhomines
2488 4293 2688 4357 venire,
2721 4311 2740 4343 ι
2777 4292 2948 4361 inquit
2969 4289 3214 4345 Laertius
3245 4289 3296 4342 in
3329 4287 3443 4357 Py-

1905 4390 2142 4459 thagora.
2177 4388 2258 4442 Ab
2287 4387 2556 4457 Egyptiis
2596 4397 2776 4440 autem
2811 4383 3085 4453 magistris
3114 4398 3310 4438 vesana
3342 4382 3444 4436 hac

225 4474 357 4526 κατ’
387 4466 538 4531 εἶδος
564 4467 718 4530 ζώων
756 4466 931 4536 ψυχῆς
961 4463 1098 4529 εἶδος
1137 4464 1270 4522 εἶναι
1307 4470 1470 4539 λέγει,
1504 4473 1666 4542 ἤγουν
1691 4477 1800 4545 εἴδη

1908 4481 2427 4549 metempsycltoscos
2447 4479 2691 4532 doctrina
2723 4475 2907 4531 imbuti
2940 4475 3155 4530 fuerant
3176 4473 3444 4544 Pythago-

223 4561 508 4631 διάφοραο
552 4560 860 4627 γέγραπται
893 4556 1022 4623 γοῦν
1064 4559 1210 4628 αὐτῷ
1241 4561 1546 4629 μονόϐιὸλον
1574 4566 1799 4635 ἐπίγρα-

227 4671 358 4722 φον,
401 4653 537 4702 Ὀτι
566 4651 677 4700 οὐκ
705 4645 802 4698 ἀπ’
837 4645 1154 4713 ἀνθρώπων
1182 4652 1266 4714 εὶς
1289 4650 1491 4719 ἄλογα,
1520 4654 1658 4706 οὐδὲ
1684 4654 1800 4708 ἀπὸ

227 4743 397 4803 ζώων
431 4741 674 4806 ἀλόγων
696 4738 782 4800 εἰς
811 4735 1152 4802 ἀνθρώπους
1179 4743 1803 4809 αι’μετενσωματώσεις

225 4835 534 4903 γίνονται,
585 4827 744 4880 ἀλλὰ
795 4825 912 4878 ἀπὸ
945 4825 1094 4884 ζώων
1121 4831 1205 4893 εἰς
1240 4827 1367 4892 ζὶὖα,
1403 4833 1497 4883 καὶ
1549 4834 1660 4885 ἀπὸ
1695 4836 1800 4887 ἀν-

223 4923 496 4992 θρώπων
533 4922 619 4982 εις
662 4914 1023 4982 ἀνθρώπους.
1060 4918 1166 4969 Καί
1199 4935 1286 4988 μοι
1315 4919 1459 4971 δοκεί
1491 4923 1685 4990 μᾶλλον
1713 4917 1802 4975 οὖ-

221 5031 325 5076 τος
352 5012 528 5064 ἕνεκα
549 5009 739 5062 τούτου
770 5011 948 5073 καλῶς
973 5008 1392 5079 κατεστοχᾶοθαι
1429 5011 1500 5082 μὴ
1533 5013 1687 5081 μόνον
1709 5016 1806 5085 τῆς

221 5107 536 5166 Πλάτωνος
581 5102 834 5173 γνώμης,
885 5101 1017 5154 ἀλλὰ
1063 5102 1158 5153 καὶ
1198 5102 1294 5170 τῆς
1324 5102 1576 5172 ἀληθείας
1619 5106 1802 5175 αὐτῆς.

231 5215 252 5248 r
282 5197 434 5249 Cum
470 5183 840 5246 cnim'dixerit
879 5190 1029 5244 Plato
1081 5191 1400 5255 iracundas,
1448 5203 1502 5245 et
1551 5192 1803 5259 furiosus,

228 5297 286 5338 et
320 5295 560 5350 rapaces
593 5281 821 5344 animas,
867 5280 1109 5348 luporum
1139 5291 1192 5336 et
1222 5281 1430 5336 leonum
1463 5292 1690 5350 corpora
1723 5282 1806 5336 in-

231 5376 438 5432 duere,
487 5383 606 5436 qua:
639 5383 767 5424 vero
820 5370 1236 5437 intemperanter
1286 5370 1564 5434 vixissent,
1621 5371 1802 5425 asino-

232 5479 388 5526 rum,
452 5467 549 5512 aut
612 5460 838 5513 aliorum
892 5459 1150 5526 ejusmodi
1205 5473 1426 5527 corpora
1491 5473 1799 5523 assumere;

235 5549 498 5607 nonnulli
530 5550 742 5620 proprie
776 5549 1149 5604 intellexerunt
1194 5549 1392 5610 leones,
1443 5557 1498 5601 et
1528 5549 1704 5617 lupos,
1749 5559 1804 5604 et

235 5645 484 5696 asinos:
535 5638 623 5691 alii
668 5653 800 5696 vero
845 5640 1063 5709 ﬁgurate
1098 5640 1209 5694 haec
1256 5638 1423 5706 ipsum
1463 5637 1673 5694 dixisse
1714 5641 1803 5709 ju-

241 5732 530 5795 dicarunt,
589 5742 760 5785 mores
815 5729 1206 5806 peruanimalia
1269 5726 1622 5803 indicantem.
1661 5749 1679 5782 ι
1733 5729 1803 5788 Et

1905 4586 1996 4624 ras
2023 4579 2076 4622 et
2103 4568 2288 4631 Plato;
2319 4567 2442 4622 hinc
2471 4567 2610 4620 enim
2654 4579 2898 4620 manasse
2931 4565 3074 4618 illam
3120 4576 3446 4624 commemo-

1907 4671 1991 4713 rat
2016 4660 2206 4712 ibidem
2230 4657 2475 4720 Servius,
2504 4665 2559 4710 et
2583 4655 2827 4711 Clemens
2849 4655 3241 4710 Alexandrinus
3268 4655 3362 4710 lib.
3387 4668 3443 4710 Vt

1907 4751 2158 4802 Stromat.
2218 4745 2368 4800 Hanc
2423 4746 2684 4812 hodieque
2737 4744 3162 4813 pertinacissime
3215 4744 3445 4798 retinent

1904 4834 2206 4888 Americani
2263 4833 2520 4896 nonnulli,
2587 4835 2818 4887 retinent
2870 4833 3127 4887 Sinenses
3181 4831 3441 4900 plerique,

1903 4932 1960 4976 et
1983 4937 2050 4976 ex
2075 4920 2218 4976 Indis
2242 4931 2500 4990 quotquot
2523 4922 2894 4978 Muhammedo
2921 4936 3112 4977 nomen
3137 4935 3244 4975 non
3277 4921 3442 4975 dede-

1901 5023 2058 5076 runt;
2094 5012 2278 5078 itaque
2313 5011 2380 5064 ab
2418 5012 2779 5066 animatorum
2820 5027 2917 5066 esu
2955 5021 3111 5066 caute
3152 5011 3442 5064 abstinent.

1900 5103 1980 5155 An
2019 5102 2084 5154 ab
2123 5101 2264 5156 Indis
2284 5117 2411 5156 vero
2438 5103 2503 5155 ad
2523 5101 2801 5172 Egyptios
2840 5102 3134 5164 transierit,
3166 5115 3233 5152 an
3261 5100 3331 5154 ab
3357 5097 3443 5150 his

1902 5194 1970 5245 ad
1995 5192 2146 5257 illos,
2180 5207 2266 5247 res
2297 5201 2379 5246 est
2408 5208 2511 5248 non
2557 5208 2732 5262 parva}
2763 5191 3166 5262 disquisitionis.
3199 5189 3297 5241 llis
3320 5195 3442 5241 sata

1906 5285 2212 5339 auctoribus
2247 5286 2701 5350 Simonianorum,
2745 5285 3203 5343 Basilidianorum,
3240 5277 3441 5332 Valen-

1907 5370 2253 5437 tinianorum,
2283 5373 2740 5436 Marcionitarum,
2765 5371 3146 5429 Gnosticorum.
3165 5372 3222 5416 et
3274 5363 3450 5419 Mani-

1906 5459 2172 5515 chaeorum
2222 5473 2425 5518 mentes
2466 5462 2672 5528 infecit,
2723 5465 2775 5517 in
2823 5463 2992 5522 iisque
3037 5463 3144 5505 tum
3183 5451 3256 5504 ab
3299 5455 3450 5520 aliis,

1907 5557 2017 5603 tum
2048 5552 2115 5605 ab
2137 5551 2363 5622 Origene
2397 5567 2537 5620 saepe
2571 5552 2815 5607 confossa
2841 5555 2944 5602 est.
2975 5538 3180 5594 Placuit
3208 5552 3284 5591 ea
3318 5557 3459 5609 quo-

1905 5653 2009 5706 Que
2044 5643 2315 5699 veteribus
2340 5643 2510 5698 Gallis
2550 5652 2612 5695 ut
2643 5659 2670 5696 a
2702 5641 2914 5695 Caesare
2953 5627 3220 5699 proditum
3258 5639 3356 5682 est
3387 5631 3465 5687 De

1908 5732 2037 5789 bello
2081 5731 2279 5790 Gallico
2321 5733 2412 5791 lib.
2461 5747 2536 5790 v1.
2584 5731 2661 5793 Ne
2705 5721 2990 5800 postremis
3030 5715 3254 5785 quidem
3303 5717 3471 5777 hisco
