3894 6454
145 451 238 507 ιιι.
1075 443 1637 502 οιιιιιΕΝιΑΝυιιυιι
1677 441 1795 496 LIB.

1897 479 1906 503 .
1945 440 2092 498 CAP.
2133 442 2197 505 ιι,
2236 441 2505 508 QUASST.
2544 443 2654 499 Vll.
3359 439 3466 496 932

160 563 292 617 ιιιὶέ
314 526 660 633 ξξί-ἢηῖιξια
695 547 758 593 et
791 553 1031 618 aeterna,
1047 561 1190 626 quod
1221 561 1271 614 in
1305 559 1484 614 multis
1505 568 1558 612 et
1577 558 1694 611 sine
1719 556 1824 610 tiae
1849 560 1896 616 Α
1929 555 2116 624 pedem
2148 556 2378 620 coul'ert,
2414 573 2586 627 neque
2611 559 2680 614 ab
2717 558 2782 612 iis
2810 572 2930 612 sese
2959 558 3024 612 de
3072 555 3231 612 liberi
3251 557 3459 612 arbitrii

166 667 258 720 ειη
276 627 415 720 6‘9:
441 628 544 682 ρετ
575 627 870 690 ῖιιιιιιειιεςι
903 655 961 696 et
993 647 1204 702 diversa
1241 649 1429 704 saecula
1465 648 1712 716 possibile
1737 655 1822 700 est
1919 656 2110 698 natura
2165 644 2456 701 dissentire
2498 647 2666 713 dicit;
2724 663 2898 716 neque
2948 647 3162 718 prolata
3222 648 3456 716 ipsorum

177 703 230 793 ξι
325 703 418 809 τε)
450 723 479 761 ³
515 725 766 809 ἐξωμιὶο
819 728 968 786 bono
1005 735 1070 788 ad
1119 738 1296 791 inlima
1342 739 1477 792 mala
1518 739 1820 803 descendat,
1919 735 2103 800 verba,
2134 737 2327 803 quibus
2365 737 2415 790 in
2445 738 2567 790 boni
2591 739 2780 792 malive
2809 740 3036 809 eligendi
3070 749 3331 807 potestate
3361 753 3457 806 po-

193 828 281 876 “\
365 799 435 855 ab
476 801 699 896 ultimis
734 818 908 874 malis
939 827 1003 876 ad
1049 839 1254 879 summa
1297 829 1431 882 bona
1477 799 1815 896 repareturp'
1917 799 2248 877 situmillud
2284 839 2402 878 esse
2445 825 2836 888 demonstrant,
2871 799 3006 879 lianc
3031 799 3201 893 carpit
3226 825 3294 876 ob
3323 839 3454 877 cau-

235 917 291 957 sa
347 907 469 961 Cap.
506 892 544 948 5
575 896 701 954 libri
747 905 1019 977 ejusdem,
1056 930 1202 968 num.
1227 917 1260 970 5
1289 932 1304 968 :
1345 935 1364 967 ι
1388 892 1563 973 Liberi
1594 933 1820 986 namque

252 986 464 1045 arbitrii
504 1001 726 1059 semper
775 1006 862 1052 est
894 1003 1102 1065 anima,
1145 1005 1306 1058 etiam
1341 1021 1460 1061 cum
1500 1008 1552 1060 in
1594 1022 1820 1076 corpore

254 1081 376 1144 hoc,
425 1079 593 1134 etiam
626 1098 753 1138 cuin
785 1097 943 1144 extra
979 1107 1171 1161 corpus
1220 1105 1339 1160 est;
1387 1105 1442 1149 et
1482 1095 1697 1152 libertas
1734 1113 1820 1150 ars

249 1170 402 1224 bitrii
449 1170 536 1225 vel
583 1173 649 1226 ad
697 1174 838 1230 bona
877 1193 1109 1247 semper,
1146 1181 1227 1235 vel
1267 1185 1331 1236 ad
1377 1184 1513 1236 mala
1545 1197 1814 1251 movetur;

245 1277 350 1315 nec
399 1278 646 1331 unquam
695 1268 1036 1324 rationabilis
1083 1286 1291 1335 sensus,
1335 1273 1387 1327 id
1433 1283 1531 1340 est,
1563 1290 1711 1329 mens
1737 1278 1817 1330 vel

239 1352 458 1418 snirna,
507 1355 632 1409 sine
676 1367 824 1410 motu
873 1360 1051 1428 aliquo
1097 1363 1178 1416 vel
1222 1365 1358 1418 bono
1396 1363 1476 1418 vel
1521 1365 1659 1420 male
1695 1381 1816 1422 esse

236 1451 447 1510 potest.
481 1461 503 1495 ι
554 1444 789 1501 llomilia
843 1462 1096 1517 praeterea
1127 1453 1194 1506 15
1238 1454 1290 1506 in
1334 1452 1530 1517 Num.,
1589 1471 1734 1510 num.
1784 1457 1814 1510 7

233 1534 602 1590 dctnonibus
631 1539 955 1605 permissum
988 1541 1144 1596 liberi
1165 1544 1379 1598 arbitrii
1407 1547 1486 1600 sui
1517 1561 1671 1601 usum
1701 1562 1814 1600 ver-

230 1623 323 1678 bis
347 1629 650 1696 conceptis
681 1631 867 1696 tradit,
900 1647 1006 1699 quo
1039 1633 1083 1686 si
1131 1633 1420 1688 diminutus
1455 1646 1596 1690 esset
1621 1653 1650 1689 a
1687 1638 1810 1703 Beo,

185 1777 190 1782 ν
228 1715 341 1768 hoc
362 1717 493 1784 ipso
528 1731 664 1772 vero
687 1718 804 1788 jam
832 1722 1140 1775 damnatum
1166 1723 1312 1777 illum
1344 1726 1489 1792 fore;
1523 1738 1578 1780 at
1606 1728 1656 1781 id
1683 1743 1812 1782 uou-

225 1805 365 1858 dum
405 1808 716 1876 contigisse
743 1811 1110 1877 existimabat,
1143 1823 1200 1868 ut
1226 1817 1472 1871 vidimus.
1501 1817 1671 1886 Atque
1698 1820 1808 1872 haec

1917 927 2051 975 sani,
2079 912 2204 966 licet
2245 913 2316 967 ob
2343 915 2477 966 alias
2502 914 2845 968 vehementer
2871 915 3105 984 exagitet
3135 925 3189 968 et
3222 912 3450 968 refellat.

1917 1000 2125 1056 Passim
2154 1016 2366 1071 quoque
2400 1003 2707 1056 necessitati
2743 1004 3038 1057 libertatem
3067 1005 3324 1073 opponit:
3360 1005 3453 1057 sed

1916 1093 2118 1160 absque
2149 1092 2253 1146 ulla
2282 1094 2625 1157 circuitione,
2655 1095 2778 1162 quia
2811 1095 2944 1147 bene
2973 1096 3054 1146 vel
3099 1096 3235 1148 male
3273 1096 3456 1149 vivere

1915 1192 2091 1250 petest
2137 1183 2320 1246 homo,
2373 1183 2573 1238 idcirco
2621 1184 2704 1238 sui
2746 1184 2881 1251 juris
2910 1199 3049 1246 esse,
3096 1199 3158 1237 ac
3209 1183 3453 1238 libertate

1915 1270 2116 1338 pollere
2142 1272 2328 1326 statuit
2355 1272 2448 1326 lib.
2483 1289 2520 1327 ll
2549 1282 2727 1326 contra
2757 1269 3012 1323 Faustum
3049 1270 3300 1333 ὒΙαηὶεΙι..
3321 1287 3442 1339 cap.

1913 1357 1948 1410 5
1975 1374 1987 1408 :
2029 1376 2048 1408 ι
2081 1356 2148 1411 Et
2178 1373 2274 1412 nos
2309 1358 2524 1428 quidem
2558 1360 2658 1413 sub
2695 1358 2807 1411 fato
2835 1358 3107 1411 stellarum
3134 1357 3325 1411 nullius
3355 1360 3451 1412 lio-

1914 1449 2074 1504 minis
2101 1451 2334 1520 genesim
2367 1452 2634 1519 ponimus,
2667 1460 2725 1504 ut
2771 1450 2998 1504 liberum
3031 1449 3310 1504 arbitrium
3357 1465 3453 1504 vo-

1910 1541 2154 1603 luntatis,
2185 1554 2291 1608 quo
2321 1540 2409 1592 vel
2438 1541 2571 1594 bene
2596 1540 2682 1594 vel
2708 1538 2842 1592 male
2878 1539 3098 1602 vivitur,
3129 1547 3342 1607 propter
3363 1537 3449 1604 ju-

1910 1642 2049 1684 stum
2093 1631 2350 1700 judicium
2403 1630 2496 1683 Dei
2539 1631 2606 1683 ab
2658 1631 2802 1684 omni
2855 1630 3191 1684 necessitatis
3238 1628 3449 1702 vinculo

1909 1721 2265 1774 vindicemus.
2302 1739 2320 1772 ι
2352 1719 2459 1775 Nec
2504 1722 2684 1775 minus
2715 1723 2782 1776 ad
2827 1721 2878 1774 id
2928 1722 3056 1775 facit
3101 1721 3238 1788 quod
3289 1719 3449 1774 habet

1907 1825 2024 1880 cap.
2056 1808 2092 1862 Ξ
2122 1810 2242 1864 libri
2275 1810 2351 1864 De
2371 1811 2542 1879 gratia
2579 1822 2626 1865 et
2655 1811 2814 1865 libero
2852 1812 3066 1865 arbitrio
3099 1812 3164 1864 ad
3213 1809 3446 1866 Valenti-

224 1894 594 1964 Origeniana:
631 1904 697 1952 de
736 1901 984 1956 libertate
1008 1903 1266 1960 doctrinae
1292 1907 1549 1978 principia
1583 1910 1696 1964 suis
1727 1910 1795 1963 Ia-t

1909 1915 2068 1962 num,
2103 1901 2193 1954 ubi
2246 1910 2525 1970 postquam
2565 1902 2866 1955 astruenda:
2921 1901 3152 1954 hominis
3191 1899 3445 1962 libertati,

223 1986 442 2040 borant
491 1989 667 2052 vitiis,
705 2005 822 2057 qua:
859 2006 956 2045 nos
983 1994 1367 2050 collocabimus
1398 1998 1450 2051 in
1495 2000 1802 2066 propatulo;

222 2077 326 2129 sed
383 2085 448 2130 et.
501 2077 769 2144 impactus
811 2079 880 2133 ab
927 2081 1048 2136 aliis
1097 2099 1448 2152 proponemus
1481 2090 1806 2142 criminatio-

221 2178 349 2225 nes,
381 2171 466 2226 et,
503 2163 552 2217 si
601 2166 673 2217 ita
702 2181 789 2219 res
828 2166 981 2233 feret,
1026 2170 1310 2236 diluemus,
1340 2183 1398 2226 ut
1428 2190 1579 2242 aequo
1604 2177 1724 2242 jure
1751 2179 1802 2230 in

219 2254 497 2307 omnibus
541 2269 668 2309 cum
708 2255 1024 2312 Adamanlio
1067 2273 1285 2328 agamus
1328 2273 1530 2326 nostro,
1575 2279 1642 2318 ne
1689 2266 1803 2334 plus

221 2344 314 2398 vel
368 2343 586 2407 favori,
667 2345 753 2399 vel
802 2347 1204 2413 malevolentiae,
1253 2366 1410 2418 quam
1460 2355 1663 2408 veritati
1698 2357 1801 2409 tri-

220 2434 401 2488 buere
441 2435 753 2488 videamur.
805 2437 909 2490 Sed
941 2437 1193 2492 lectorem
1223 2447 1530 2497 incusamus
1567 2445 1798 2509 interim,

217 2525 677 2592 quotiescunque
711 2527 778 2578 de
804 2524 1125 2595 Origeniana
1184 2527 1427 2584 libertate
1480 2536 1802 2588 memorabis

219 2629 376 2677 Inus,
421 2629 538 2668 non
574 2629 698 2668 eam
739 2616 1000 2668 duntaxat
1038 2617 1231 2672 debere
1267 2619 1507 2689 intelligi,
1535 2637 1636 2691 qua
1668 2641 1798 2691 gau-
1836 2659 1844 2664 -

216 2703 358 2758 dent
391 2705 684 2768 homines;
736 2705 830 2758 sed
872 2704 1016 2758 illaut
1058 2707 1220 2760 etiam
1250 2721 1355 2777 qua
1396 2711 1567 2780 angeli
1609 2723 1664 2766 'et
1694 2714 1798 2767 die-

219 2809 425 2849 mones
469 2795 777 2848 fruuntur:
811 2811 932 2848 nam
979 2810 1077 2863 par
1115 2811 1233 2852 esse
1277 2801 1416 2866 apud
1465 2816 1650 2857 omnes
1683 2804 1798 2857 illus

218 2883 385 2937 liberi
419 2884 519 2949 jus
547 2893 606 2938 et
640 2898 794 2936 usum
830 2882 1038 2938 arbitrii
1075 2890 1382 2944 sexcenties
1409 2895 1757 2947 asseveravit.

292 2973 390 3030 Ill.
427 2971 728 3030 Cornelius
756 2973 1062 3044 Jansenius,
1104 2980 1156 3032 in
1191 2980 1328 3034 libro
1370 2981 1453 3034 cui
1483 2982 1667 3036 titulus
1691 2986 1797 3036 Au-

217 3067 506 3133 gusrr’nus,
543 3076 832 3134 postquam
881 3069 1016 3123 libro
1054 3071 1287 3124 secundo
1329 3073 1455 3124 tomi
1507 3074 1702 3140 prioris
1731 3091 1794 3129 ex

218 3154 433 3224 Pelagii
468 3154 1000 3224 Pelagianorumque
1021 3159 1200 3212 verbis
1223 3161 1300 3212 sic
1328 3161 1468 3228 ipsos
1495 3163 1794 3217 decreviSse

219 3246 417 3300 multis
449 3247 734 3313 probavit,
783 3247 992 3300 arbitrii
1037 3247 1254 3301 humani
1299 3248 1597 3304 libertatem
1639 3253 1794 3306 indif-

216 3334 426 3388 ferenti
466 3334 708 3401 quadam
761 3343 1023 3402 potestate
1052 3345 1297 3391 constare
1319 3380 1334 3402 ,
1374 3339 1695 3394 asciscendze
1727 3351 1795 3395 'et

215 3427 498 3495 eligenda:
550 3427 633 3478 rei
681 3425 842 3478 unius
873 3426 938 3479 de
991 3427 1252 3495 pluribus,
1293 3445 1452 3498 quant
1485 3447 1590 3484 uno
1634 3433 1794 3486 verbo

216 3518 642 3585 possibilitatem
679 3516 1046 3584 appellarunt,
1096 3519 1231 3573 libro
1272 3521 1463 3576 deinde
1513 3531 1663 3576 sexto
1710 3538 1794 3576 se-

216 3607 436 3675 quenti,
475 3621 608 3674 cap.
646 3606 714 3658 15
745 3614 796 3659 et
824 3605 908 3668 15,
936 3605 1276 3675 Pelagianam
1307 3611 1546 3664 literesini
1581 3613 1646 3665 ab
1679 3610 1794 3665 Orie

217 3713 362 3766 gene
408 3696 824 3763 przelormatain
866 3694 1027 3750 fuisse
1079 3711 1140 3750 ac
1191 3697 1510 3752 delineatam
1562 3701 1787 3766 scribit;

218 3787 480 3853 hancque
509 3784 652 3836 adeo
697 3783 964 3838 libertatis
994 3784 1351 3838 deﬁnitionem
1381 3802 1444 3839 ex
1489 3785 1600 3853 ejus
1627 3789 1787 3841 fonti.

215 3875 322 3927 bus
355 3875 411 3926 in
450 3871 663 3937 Pelagii
707 3870 926 3924 lacunas
963 3871 1294 3938 proﬂuxisse,
1342 3882 1500 3939 atque
1544 3873 1663 3926 inde
1713 3883 1790 3926 to-

219 3974 334 4017 tam
368 3963 590 4033 Pelagii
625 3962 873 4015 haeresim
915 3963 1164 4028 pendere.
1203 3961 1320 4015 Veri
1352 3964 1566 4032 quidem
1619 3966 1790 4017 simile

214 4053 350 4107 illud
383 4062 564 4116 esset,
602 4051 647 4104 si
682 4060 808 4104 ante
855 4048 1124 4116 Pelagium
1157 4065 1292 4103 unus
1322 4051 1474 4116 hujus
1521 4052 1790 4119 opinionis

212 4143 569 4196 architectus
615 4139 809 4191 fuisset
858 4147 913 4191 et
961 4146 1316 4206 propugnator
1358 4136 1654 4207 Origenes;
1701 4155 1789 4193 ve-

211 4248 342 4286 rum
377 4240 438 4283 ut
467 4229 681 4283 claram
715 4234 920 4280 natura:
967 4241 1151 4280 vocem
1200 4229 1620 4295 praetermittam,
1669 4243 1788 4296 qua:

210 4331 336 4374 tum
371 4334 473 4373 nos
509 4319 716 4371 liberos
743 4329 864 4370 esse
895 4316 1102 4378 suadet,
1127 4330 1246 4370 cum
1277 4317 1359 4370 vel
1387 4333 1546 4386 agere
1569 4317 1650 4372 vel
1682 4334 1784 4373 nou

209 4427 412 4482 agere,
441 4421 500 4465 et
524 4423 647 4478 quae
675 4408 874 4474 optima
913 4406 978 4459 de
1013 4406 1190 4460 multis
1221 4408 1398 4460 animo
1432 4408 1783 4472 decrevimus,

207 4500 498 4570 amplecti.
536 4511 866 4567 possumus;
921 4503 976 4547 ut
1017 4495 1310 4563 priscorum
1354 4495 1783 4564 philosophormn
1819 4521 1861 4573 ι)

210 4591 616 4644 auctoritatem
660 4585 945 4652 negligain,
978 4585 1066 4652 qui
1100 4585 1386 4652 diligenter
1422 4587 1688 4654 exquisita
1718 4587 1783 4640 li-

209 4681 453 4736 bertatis
487 4687 706 4742 natura,
763 4678 900 4728 hanc
945 4675 998 4727 i-n
1040 4689 1104 4728 eo
1155 4675 1292 4744 ipso,
1344 4677 1482 4744 quod
1532 4679 1816 4744 diximus,

208 4771 458 4837 positam
495 4765 876 4826 declararunt;
912 4761 1242 4832 Origeniana:
1271 4766 1545 4818 sententia!
1575 4777 1784 4834 poterat

210 4873 340 4910 esse
371 4857 653 4926 priesidio,
689 4871 790 4906 non
820 4852 1063 4921 Gregorii
1105 4855 1274 4907 solum
1305 4855 1620 4909 Nizianzeui
1652 4871 1782 4910 con-

209 4961 442 5006 sensus,
480 4961 588 4997 non
619 4944 886 4997 Ambrosii
939 4952 989 4995 et
1047 4942 1250 5008 Hilarii,
1305 4943 1634 5011 aliorumque
1685 4947 1781 4999 Pa-

214 5047 362 5092 trum
391 5051 638 5106 quorum
665 5036 967 5088 testimonia
996 5035 1321 5100 collegerunt
1342 5035 1464 5097 alii;
1491 5036 1780 5090 nouArau-

213 5130 391 5182 sicani
446 5125 690 5188 concilii,
764 5139 867 5177 non
926 5121 1221 5175 Tridentini
1290 5139 1553 5188 canones;
1602 5131 1692 5180 sed
1735 5128 1779 5182 is

212 5222 411 5283 etiam,
444 5231 610 5284 quem
641 5228 800 5267 unum
831 5228 952 5268 esse
973 5213 1083 5264 vult
1113 5211 1398 5266 Jansenius
1424 5216 1780 5268 concertatio-

216 5312 304 5364 nis
346 5308 514 5375 hujus
570 5304 853 5369 arbitrum,
907 5304 1266 5373 Augustinus,
1315 5317 1580 5371 quemque
1633 5306 1773 5360 nulla

215 5399 502 5468 opinionis
537 5393 702 5462 hujus
736 5395 958 5463 vestigia
1006 5395 1286 5463 reliquisse
1334 5393 1547 5446 disertis
1599 5396 1776 5450 verbis

216 5489 423 5542 asserit
456 5498 591 5538 tum.
641 5481 726 5543 Ill,
761 5483 850 5536 lib.
883 5498 952 5543 vi.
990 5499 1106 5552 cap.
1143 5485 1176 5537 8
1206 5495 1258 5537 et
1299 5483 1350 5537 9.
1381 5481 1511 5535 Nam
1542 5485 1780 5548 quoties-

222 5589 445 5644 cunque
497 5572 585 5625 vel
625 5568 898 5632 Pelagium
946 5581 1229 5642 oppugnat,
1269 5571 1348 5626 vel
1395 5584 1513 5624 cum
1565 5568 1777 5630 Juliano

296 5755 341 5785 ⁸⁷
369 5753 506 5819 Cap.
557 5759 648 5806 xv,
692 5743 752 5795 Η
796 5758 906 5811 scq.

1908 1986 2173 2054 insignem
2205 1986 2346 2040 hunc
2380 1987 2558 2040 attulit
2580 1988 2941 2042 Ecclesiastici
2969 1987 3139 2042 locum
3163 1987 3245 2041 "z
3281 2003 3300 2038 ι
3330 1986 3446 2054 Ipse

1903 2079 1970 2130 ab
2001 2077 2152 2131 initio
2177 2076 2306 2131 fecit
2336 2077 2506 2142 illum,
2542 2087 2593 2132 et
2632 2079 2846 2146 reliquit
2878 2077 3021 2131 illum
3052 2078 3104 2132 in
3132 2092 3287 2130 manu
3317 2092 3445 2130 con-

1904 2166 2008 2220 silii
2045 2166 2150 2219 sui.
2187 2166 2243 2220 Si
2287 2166 2540 2230 volueris,
2581 2167 2922 2222 conservabis
2967 2168 3236 2230 mandata,
3278 2175 3333 2220 et
3380 2167 3444 2219 li-

1903 2257 2019 2312 dem
2059 2257 2253 2310 bonam
2277 2257 2477 2326 placiti.
2512 2257 2756 2325 Apponet
2789 2259 2880 2312 tibi
2917 2257 3088 2326 ignem
3118 2266 3175 2312 et
3203 2271 3438 2324 aquam:

1899 2347 1965 2398 ad
1998 2347 2350 2414 quodcunque
2391 2349 2625 2403 volueris
2661 2349 2886 2403 extende
2931 2365 3144 2402 manum
3177 2359 3340 2405 tuam.
3381 2346 3439 2402 In

1901 2446 2185 2502 conspectu
2235 2437 2470 2494 hominis
2508 2439 2613 2493 vita
2667 2451 2720 2493 et
2770 2455 2946 2506 mors;
2987 2450 3044 2494 et
3089 2440 3442 2508 quodcunque

1900 2523 2176 2591 placuerit,
2232 2525 2445 2578 dabitur
2493 2526 2573 2590 ei,
2609 2545 2630 2578 ι
2681 2529 2933 2582 continuo
2981 2529 3092 2583 haec
3133 2530 3437 2584 subnectit:

1903 2629 1922 2662 ι
1956 2612 2092 2667 Ecce
2124 2614 2458 2682 apertissime
2484 2615 2724 2670 videmus
2749 2631 3059 2684 expressum
3091 2617 3315 2672 liberum
3343 2617 3443 2670 hu-

1896 2714 2066 2754 mana:
2106 2701 2394 2756 voluntatis
2437 2704 2750 2758 arbitrium.
2787 2723 2806 2756 ι
2862 2703 3096 2772 Longam
3135 2705 3328 2760 deinde
3372 2706 3440 2758 ad

1899 2789 2036 2843 idem
2079 2791 2533 2856 comprobandum
2581 2792 2845 2859 depromit
2887 2809 2918 2846 e
2962 2791 3111 2846 Novo
3155 2807 3218 2846 ac
3263 2792 3438 2846 Veteri

1898 2879 2242 2933 Testamento
2291 2881 2716 2935 testimoniorum
2763 2881 2978 2944 seriem,
3025 2882 3077 2934 in
3123 2881 3314 2949 quibus
3345 2882 3440 2934 ho-

1898 2971 2024 3024 mini
2054 2970 2219 3024 edieit
2251 2971 2412 3034 Deus,
2442 2981 2499 3024 ut
2533 2972 2666 3026 nolit
2701 2972 2766 3046 ad
2807 2973 2933 3025 vitia
2966 2974 3238 3036 converti;
3277 2982 3439 3041 atque

1893 3076 1955 3113 ea
1987 3065 2196 3114 demum
2244 3062 2329 3115 his
2371 3062 2546 3116 verbis
2589 3061 2814 3117 claudit:
2857 3081 2877 3114 ι
2927 3062 3128 3132 Nempe
3166 3063 3254 3117 tibi
3301 3064 3437 3116 dici-

1898 3158 2014 3212 tur,
2059 3149 2184 3202 Noli
2211 3151 2328 3214 hoc,
2375 3159 2428 3204 et
2456 3151 2560 3204 noli
2587 3151 2744 3216 illud,
2783 3160 2839 3205 et
2877 3152 2966 3205 ubi
2997 3153 3064 3205 ad
3109 3152 3307 3220 aliquid
3354 3151 3436 3205 fa-

1897 3238 2168 3302 ciendum,
2195 3247 2250 3292 et
2271 3254 2386 3292 'uon
2418 3239 2717 3293 faciendum
2753 3241 2803 3294 in
2838 3241 3033 3294 divinis
3063 3242 3277 3296 monitis
3303 3256 3442 3310 Opus

1898 3329 2191 3382 voluntatis
2217 3328 2466 3398 exigitur,
2499 3333 2630 3384 satis
2657 3329 2880 3384 liberum
2916 3331 3319 3386 demonstratur
3347 3345 3440 3384 ar-

1896 3419 2130 3472 bitrium.
2170 3437 2190 3470 ι

1964 3507 2140 3560 Mirari
2172 3522 2334 3573 porro
2361 3507 2507 3562 subit
2533 3508 2822 3577 quomodo,
2853 3509 3050 3563 oblitus
3072 3509 3432 3577 superiorum,

1894 3593 2177 3651 Jansenins
2225 3597 2463 3665 ejusdem
2517 3596 2760 3666 Origenis
2823 3599 3146 3652 auctoritate.
3205 3599 3442 3666 probare

1891 3685 2221 3740 contenderit
2253 3697 2382 3741 tom.
2417 3685 2500 3750 Ill,
2534 3687 2624 3740 lib.
2657 3703 2730 3752 vi,
2761 3703 2880 3756 cap.
2925 3687 3010 3751 l3,
3047 3688 3427 3742 necessitatem

1890 3775 2122 3828 libertati
2149 3792 2252 3830 non
2284 3792 2600 3846 repugnare,
2629 3779 2721 3830 sed
2751 3778 2915 3830 solani
2953 3779 3290 3831 coactionem
3313 3815 3328 3831 .
3352 3777 3446 3836 Eo:

1893 3881 2080 3933 nempe
2103 3868 2270 3920 utitur
2291 3868 2404 3922 loco
2428 3884 2457 3920 e
2482 3869 2740 3936 prommio
2767 3868 3022 3921 librorum
3047 3868 3186 3935 Περὶ
3209 3867 3436 3935 ἀρχῶν..

1890 3957 2130 4009 num.5:
2169 3974 2190 4007 ι
2238 3957 2330 4010 Est
2369 3966 2423 4010 et
2463 3957 2589 4010 illud
2639 3958 2912 4012 deﬁnitum
2973 3959 3024 4011 in
3065 3957 3432 4012 ecclesiastica

1888 4047 2288 4113 praedicatione,
2332 4063 2542 4100 omnem
2605 4047 2835 4099 animam
2890 4047 3259 4100 rationabilem
3308 4061 3438 4100 esse-

1886 4135 2037 4190 liberi
2078 4137 2281 4190 arbitrii
2319 4148 2374 4190 et
2421 4137 2743 4191 voluntatis:
2775 4152 2891 4190 esse
2930 4152 3138 4206 quoque
3173 4139 3220 4190 ei
3254 4147 3439 4190 certas

1846 4236 1861 4252 ‘
1889 4239 2006 4278 tuen
2047 4229 2304 4279 adversus
2353 4228 2665 4294 diabolum,
2694 4239 2744 4282 et
2781 4228 2998 4297 angelus
3042 4227 3176 4296 ejus,
3209 4237 3437 4282 contra-

1888 4314 2101 4383 riasqne
2140 4315 2388 4381 virtutes,
2421 4332 2486 4369 ex
2518 4331 2582 4370 eo
2609 4321 2748 4386 quod
2782 4317 2853 4370 illi
2892 4317 3126 4385 peccatis
3152 4332 3269 4372 eam
3299 4331 3439 4370 onem

1887 4417 2009 4457 rare
2057 4407 2421 4460 contendant:
2477 4422 2575 4462 nos
2624 4421 2750 4462 vero
2797 4408 2842 4462 si
2891 4419 3031 4462 recte
3078 4408 3442 4476 consulteth

1887 4491 2143 4556 vivamus,
2175 4494 2240 4546 ab
2261 4491 2559 4558 hujus-modi
2589 4509 2752 4548 onere
2791 4511 2885 4549 nos
2920 4509 3113 4550 exuere
3149 4509 3436 4550 conentur.

1895 4576 2042 4633 Unde
2069 4589 2124 4632 et
2144 4595 2483 4648 consequens
2506 4593 2587 4636 est
2629 4583 2942 4653 intelligere,
2977 4599 3077 4639 nou
3109 4599 3205 4638 nos
3240 4600 3440 4638 ηεροδ--

1889 4668 2034 4721 sitati
2060 4683 2179 4725 esse
2225 4671 2512 4740 subjectos,
2557 4681 2614 4725 ut
2651 4675 2794 4727 omni
2833 4676 3012 4738 modo,
3049 4674 3255 4728 etiamsi
3289 4673 3440 4727 noli-.

1889 4776 2027 4825 inus,
2071 4761 2154 4815 vel
2188 4763 2321 4815 mala
2355 4765 2434 4815 vel
2484 4767 2618 4818 b0na
2671 4781 2826 4834 agere
2868 4781 3140 4835 cogamur.
3177 4765 3233 4819 Si
3282 4766 3436 4821 enim.

1888 4852 2055 4905 nostri
2086 4853 2290 4906 arbitrii
2332 4868 2540 4920 smnus,
2585 4856 2894 4925 impugnare
2921 4873 3016 4912 nos
3046 4856 3274 4912 fortasse
3304 4872 3442 4926 post

1885 4952 2009 4996 sunt
2051 4943 2242 5012 aliqua:
2271 4945 2490 4999 virtutes
2536 4946 2601 5000 ad
2648 4959 2944 5015 peccatum,
2983 4959 3037 5002 et
3083 4950 3202 5000 alia:
3234 4948 3439 5014 juvare~

1885 5034 1950 5086 ad
2001 5035 2268 5088 salutem.
2327 5051 2429 5089 non
2464 5047 2636 5090 tamen
2693 5041 3007 5094 necessitate
3047 5039 3288 5108 cogimur
3338 5038 3430 5094 vel

1883 5139 2041 5191 agere
2069 5136 2230 5186 recte,
2282 5126 2364 5179 vel
2415 5127 2588 5182 male:
2635 5130 2776 5196 quod
2805 5129 2919 5183 lieri
2949 5131 3299 5188 arbitrantur,
3330 5126 3429 5194 qui

1882 5213 2154 5268 stellarum
2193 5229 2409 5270 cursum
2441 5229 2496 5272 et
2528 5229 2724 5285 motus,
2771 5236 2986 5276 causam
3019 5221 3205 5274 dicunt
3233 5218 3428 5268 huma-

1883 5318 2072 5356 llOﬂll‘ll
2120 5321 2238 5360 esse
2287 5318 2556 5373 gestorum
2604 5325 2708 5363 11011
2749 5312 2918 5365 solum
2966 5322 3148 5364 eorum
3177 5316 3300 5370 qua?
3325 5318 3430 5356 ex-

1881 5402 1961 5446 tra
1997 5397 2202 5450 arbitrii
2254 5400 2502 5453 accidunt
2548 5401 2848 5456 libertatem
2877 5441 2892 5466 ,
2937 5397 3030 5452 sed
3074 5406 3260 5445 eorum
3307 5406 3436 5456 ⁸1ηθῦ

1883 5487 1934 5538 in
1975 5495 2151 5539 nostra
2191 5499 2318 5542 sunt
2360 5491 2531 5556 posita
2567 5501 2847 5560 potestate.
2883 5509 2902 5540 ι
2936 5487 3050 5541 llac
3082 5476 3439 5533 necessitatis

1885 5578 2123 5647 cngeutis
2155 5595 2280 5637 voce
2310 5582 2597 5650 signiﬁcari
2630 5592 2778 5651 putat
2805 5574 3090 5636 Janscnius
3116 5567 3226 5618 vim
3258 5565 3446 5635 ibam;
