3894 6432
481 408 591 463 9‘25

1747 391 1809 448 P.
1853 391 2158 448 DANIELIS
2193 390 2419 448 HUETll

3666 372 3767 428 σει

491 530 609 588 qua:
632 516 739 570 sola
771 513 1066 567 libertatem
1104 509 1376 580 infringat,
1411 524 1530 564 cum
1567 523 1684 564 eam
1729 519 1905 563 tamen
1936 508 2017 561 in-
2044 514 2089 569 Α
2116 522 2271 563 cuum
2306 509 2400 563 fit:
2431 506 2581 562 addit
2615 513 2676 561 et
2706 502 2866 558 aliud
2893 514 2930 557 e
2956 498 3159 588 libi—Vl
3196 495 3261 549 in
3288 490 3475 588 Epist.
3506 490 3588 588 ed
3622 488 3768 588 Rata.

490 604 742 660 tellexerit
794 601 1063 667 Origenes
1122 598 1529 662 necessitatem,
1585 612 1745 666 quam
1802 607 2015 652 tuentur

491 713 511 745 ο
544 693 630 761 qui
657 689 924 744 stellarum
973 703 1206 750 cursum,
1249 699 1303 742 et
1339 697 1531 753 motus,
1565 703 1779 743 causam
1828 690 2015 743 dicunt

487 786 835 837 lmmanorum
870 793 987 833 esse
1008 788 1315 847 gestorum:
1358 797 1376 831 ι
1410 793 1511 832 non
1538 789 1811 848 cogentem
1837 789 2011 833 autem

481 872 869 932 necessitatem,
901 870 992 923 sed
1017 870 1309 937 simplicem
1341 878 1394 922 et
1426 869 1773 924 voluntariam
1802 871 2012 925 actibus

481 958 726 1011 humanis
787 956 1085 1010 inferebant
1119 956 1406 1024 astrologi;
1467 959 1837 1011 necessitatem
1884 972 2012 1026 ergo

479 1048 773 1116 simplicem
807 1058 859 1100 et
892 1047 1248 1100 voluntariam
1282 1048 1381 1098 hoc
1416 1046 1532 1100 loco
1559 1045 1815 1114 Origenes
1848 1047 2012 1100 liber-

481 1138 579 1189 tati
612 1137 877 1205 opposuit.
915 1137 1031 1189 Pari
1067 1137 1410 1203 responsione
1447 1152 1631 1205 parem
1667 1135 1909 1202 Origenis
1939 1137 2014 1188 lo-

485 1240 606 1279 cum
641 1240 760 1279 cum
786 1223 1101 1293 przeccdeuti
1122 1224 1385 1293 ohjectum
1418 1225 1720 1279 sustinebis.
1750 1224 1826 1277 En
1863 1224 2010 1277 illum

478 1330 509 1368 e
548 1316 682 1367 libro
718 1329 768 1365 vt
800 1315 852 1366 in
887 1313 1050 1379 Epist.
1095 1313 1162 1364 ad
1233 1312 1407 1379 Rom,
1446 1329 1588 1366 num.
1625 1312 1695 1366 ὃς
1735 1332 1754 1364 ε
1792 1312 2012 1366 Constat

478 1419 605 1473 ergo
634 1418 696 1455 ex
734 1403 816 1456 his
846 1402 1039 1464 verbis,
1072 1403 1263 1468 quibus
1304 1402 1497 1455 Paulus
1533 1403 1659 1456 dicit
1696 1420 1711 1455 :
1748 1402 1883 1466 Quia
1924 1402 2010 1454 cui

478 1489 725 1542 exhibett's
772 1505 857 1541 vos
888 1505 1058 1541 servos
1103 1489 1167 1539 ad
1206 1489 1563 1553 obedientium,
1598 1492 1727 1543 servi
1760 1493 1884 1543 estis
1926 1490 2011 1542 cui

480 1579 745 1641 obedistis,
780 1579 882 1632 sive
910 1582 1125 1646 peccati,
1167 1580 1269 1632 sive
1303 1579 1522 1647 justitiaz
1555 1581 1621 1646 ⁸⁸,
1667 1582 1789 1648 quia
1824 1590 2011 1649 sponte

478 1680 661 1722 nostra
704 1669 802 1736 ipsi
868 1684 965 1722 nus
1006 1669 1357 1733 exhibemus,
1419 1672 1561 1723 nullo
1618 1681 1878 1740 cogente,
1908 1672 2009 1726 vel

478 1768 701 1826 peccato
746 1759 966 1823 servire,
1019 1759 1097 1813 vel
1126 1758 1346 1826 iustitiae
1394 1776 1489 1829 per
1524 1763 1881 1815 obedientiam
1909 1777 2007 1817 no-

474 1854 647 1899 stram
674 1862 688 1898 :
729 1855 782 1899 et
814 1846 932 1900 ideo
957 1861 1165 1915 semper
1192 1849 1381 1902 borum
1406 1852 1713 1905 meminisse
1735 1851 2007 1917 debemus,

480 1948 548 1986 ne
578 1935 760 1987 inanes
792 1935 1032 2002 querelas
1063 1936 1113 1989 in
1156 1939 1357 2005 peccati
1396 1941 1741 1992 excusatione
1767 1940 2007 2006 profera-

478 2037 633 2087 mus,
678 2025 817 2093 quod
868 2026 1108 2079 diabolus
1157 2026 1347 2080 fecerit
1390 2038 1447 2081 ut
1496 2044 1866 2094 pecearemus,
1918 2042 2011 2085 aut

479 2123 681 2167 natura:
709 2115 1018 2181 necessitas,
1060 2101 1151 2169 aut
1193 2118 1368 2172 fatalis
1407 2120 1660 2183 conditio,
1696 2130 1786 2173 aut
1818 2136 2009 2177 cursus

472 2214 741 2256 astrorum
776 2204 993 2258 elliciat.
1032 2223 1051 2256 s
1097 2205 1314 2259 Coactio
1348 2208 1530 2261 itidem
1563 2224 1624 2262 ea
1674 2210 2007 2278 intelligenda

472 2293 567 2346 hic
610 2304 711 2355 est,
738 2309 895 2361 quam
929 2295 1102 2347 fatalis
1148 2295 1407 2359 conditio,
1442 2307 1774 2353 astrorumve
1821 2315 2009 2354 cursus

478 2380 677 2443 elllcit;
715 2396 831 2449 quae
859 2383 988 2436 nihil
1020 2398 1147 2437 sane
1184 2385 1325 2437 aliud
1368 2395 1470 2449 est,
1515 2401 1671 2454 quam
1721 2390 2009 2443 necessitas

478 2470 728 2536 simplex,
763 2480 816 2524 et
846 2473 1117 2527 voluntate
1158 2476 1463 2541 conjuncta.
1510 2476 1656 2530 Hanc
1706 2479 2009 2546 responsio-

479 2573 597 2610 nem
632 2573 661 2610 a
700 2559 953 2628 Dionysio
979 2562 1196 2615 Petavio
1226 2564 1323 2617 lib.
1356 2580 1415 2617 ιιι
1444 2565 1520 2618 De
1551 2567 1721 2634 opiﬁc.
1750 2583 1839 2620 sea:
1873 2569 2004 2622 dier.

479 2648 737 2701 adversus
762 2648 996 2705 .Iansenii
1026 2655 1314 2720 petitiones
1340 2656 1631 2722 oppositam
1669 2670 1734 2709 eo
1762 2656 2009 2711 libentius

478 2750 818 2802 usurpamus,
855 2742 995 2808 quod
1040 2757 1368 2810 quacunque
1413 2743 1523 2797 fere
1563 2745 1629 2797 de
1671 2744 1837 2799 libero
1862 2745 2008 2798 arbi-

482 2826 588 2879 trio
635 2829 858 2894 sparsim
914 2832 1131 2884 tradidit
1171 2832 1459 2901 Origenes,
1502 2848 1563 2886 ea
1608 2833 1715 2887 fere
1759 2835 2009 2888 adversus

480 2915 909 2984 Valentinianos,
963 2920 1336 2989 Marcionitas,
1405 2922 1640 2990 aliosque
1700 2923 2006 2990 ba-reticos,

476 3006 667 3069 fatum,
704 3020 987 3078 aptamque
1018 3025 1083 3063 ex
1116 3012 1381 3065 sideribus
1417 3013 1789 3067 necessitatem
1816 3029 2009 3082 propu-

2116 597 2317 663 Quibus
2340 607 2652 651 attesemus
2676 603 2740 647 et
2790 590 2933 645 illud
2980 603 3014 643 e
3071 582 3187 637 lih.
3247 596 3313 637 nt
3370 579 3523 647 Περὶ
3555 580 3768 647 ἀρχῶν,

2116 703 2233 755 cap.
2271 689 2325 751 5,
2365 703 2513 740 num.
2546 685 2623 739 ιε
2662 699 2687 735 s
2733 680 2878 735 Boni
2921 691 3071 731 vero
3106 673 3371 743 spiritus
3420 670 3635 738 recepit
3660 671 3773 738 quis

2128 776 2419 844 energiam,
2443 774 2496 828 id
2549 780 2638 826 est
2676 768 3185 838 in0perationem,
3242 776 3383 816 cum
3448 769 3702 813 movetur
3726 771 3774 812 et

2110 875 2428 934 provocatur
2455 866 2519 918 ad
2556 865 2728 926 bona,
2780 870 2838 916 et
2888 857 3228 924 inspiratur
3292 852 3370 905 ad
3412 849 3668 905 ctnlestia
3700 852 3775 905 vel

2111 957 2282 1009 divina
2313 974 2327 1010 :
2360 957 2503 1009 sicut
2533 955 2712 1008 sancti
2752 950 2943 1019 angeli
2979 958 3040 1003 et
3083 949 3221 1015 ipse
3264 943 3426 998 Deus
3473 943 3777 1011 iuoperatus

2109 1054 2190 1099 est
2236 1045 2289 1099 in
2334 1044 2635 1113 prophetis,
2682 1038 3169 1111 snggestionibus
3201 1034 3437 1089 sanctis
3473 1032 3545 1084 ad
3569 1033 3774 1087 meliora

2110 1149 2409 1202 provocans
2435 1144 2491 1188 et
2519 1135 2868 1194 cohortatus;
2908 1129 2991 1183 ita
3025 1140 3186 1182 sane
3219 1135 3289 1178 ut
3326 1134 3598 1177 maneret
3626 1125 3675 1176 in
3702 1141 3779 1177 aro

2110 1225 2271 1278 bitrio
2311 1224 2552 1277 hominis
2595 1237 2664 1276 ac
2685 1222 2935 1288 judicio,
2992 1219 3042 1273 si
3093 1216 3284 1286 sequi
3338 1214 3487 1268 velit
3524 1223 3623 1267 aut
3660 1215 3780 1269 nolit

2108 1315 2174 1366 ad
2207 1314 2451 1367 cwlestia
2482 1321 2538 1366 et
2568 1310 2760 1365 divina
2798 1316 3283 1380 provocantem.
3328 1323 3351 1357 ι
3393 1303 3513 1359 Sed
3551 1306 3678 1374 quid
3709 1307 3781 1362 his

2110 1403 2430 1469 colligendis
2471 1404 2868 1466 immorantur,
2906 1414 3049 1453 cum
3093 1398 3281 1467 plura
3337 1396 3521 1450 etiam
3565 1410 3780 1465 conges-

2107 1494 2240 1547 serit
2274 1492 2564 1549 Jansenius
2602 1503 2740 1545 tom.
2776 1490 2834 1556 1;
2867 1490 2973 1544 lib.
3019 1504 3119 1553 vt,
3164 1502 3315 1558 cap.
3362 1487 3461 1549 15,
3510 1495 3574 1540 ιιι
3615 1497 3783 1542 οςιεηο

2107 1583 2258 1638 deret
2282 1582 2348 1634 .in
2395 1580 2770 1636 indifferentia
2804 1580 2875 1634 ad
2932 1580 3180 1634 bonum
3235 1586 3301 1632 et
3367 1577 3613 1641 malum,
3663 1579 3779 1633 citra

2108 1673 2271 1727 ullam
2298 1671 2718 1733 necessitatem,
2756 1669 2927 1724 liberi
2965 1668 3226 1722 arbitrii
3262 1676 3546 1723 naturam
3582 1668 3652 1723 ab
3675 1668 3781 1725 Ori-

2106 1776 2244 1830 gene
2272 1761 2438 1815 fuisse
2458 1759 2799 1815 collocatam
2821 1760 2848 1812 ?
2880 1777 2900 1809 ‹
2930 1758 3367 1824 Gravissime,
3398 1759 3609 1828 inquit,
3637 1759 3783 1813 fuisse

2110 1853 2469 1919 reprehensos
2507 1851 2579 1904 ab
2611 1849 2941 1918 Augustino
3001 1848 3393 1919 Pelagianos
3454 1858 3685 1919 propter
3726 1851 3781 1904 il-

2106 1940 2210 1994 lam
2266 1941 2683 1995 inamissibiletn
2745 1950 2804 1994 et
2854 1941 3031 2009 quasi
3098 1939 3504 1994 essentialem
3558 1940 3613 1994 in
3653 1941 3783 1995 omni

2108 2040 2248 2085 statu
2298 2031 2453 2086 liberi
2514 2032 2739 2084 arbitrii
2803 2032 3310 2086 indiﬂ‘erentiam
3368 2031 3443 2086 ad
3498 2031 3696 2087 bonum
3737 2041 3785 2086 et

2110 2122 2326 2185 malum,
2377 2121 2782 2191 exclusamque
2822 2122 3090 2176 alterius
3140 2123 3350 2191 partis
3388 2122 3782 2183 necessitatem,

2106 2225 2170 2265 ex
2205 2212 2269 2265 iis
2296 2226 2416 2278 quae
2451 2211 2597 2266 libro
2636 2211 2896 2266 secundo
2942 2211 3243 2266 dicimus
3282 2211 3538 2281 intelligi
3585 2218 3782 2281 potest:

2108 2302 2217 2355 lucc
2272 2310 2357 2355 est
2405 2301 2554 2356 enim
2602 2301 2780 2354 totius
2835 2301 3217 2368 Pelagiana:
3289 2312 3612 2356 structura:
3660 2303 3787 2356 basis

2107 2404 2242 2459 pene
2284 2391 2578 2459 praecipua.
2620 2391 2732 2444 Sed
2784 2391 2945 2444 illam
3003 2391 3337 2462 Origenes
3391 2391 3656 2447 omnibus
3701 2407 3785 2445 nu-

2108 2480 2271 2532 meris
2297 2479 2600 2533 absolutam
2635 2480 2898 2535 tradidit.
2933 2480 3172 2549 Usque
3210 2482 3371 2536 adeo
3398 2498 3646 2551 namque
3681 2483 3785 2550 phi-

2110 2568 2396 2639 losophica:
2443 2570 2605 2624 istius
2636 2570 2929 2625 libertatis
2974 2573 3359 2627 admirator
3390 2583 3453 2626 et
3494 2573 3787 2627 indiﬂ'erea-

2110 2658 2198 2712 tite
2241 2658 2309 2712 ad
2352 2659 2559 2713 bonum
2607 2668 2666 2713 et
2727 2659 2948 2713 malum
3007 2671 3345 2728 patronus
3409 2664 3560 2729 fuit,
3614 2674 3671 2716 ut
3712 2664 3783 2717 illa

2107 2745 2322 2801 sublata
2371 2746 2549 2799 brutis
2593 2755 2693 2799 aut
2738 2744 3049 2815 lapidibus
3114 2750 3447 2806 hominem
3503 2765 3785 2806 accenseo-

2107 2835 2231 2888 dum
2278 2848 2399 2889 esse
2442 2835 2796 2891 decerneret.
2844 2853 2864 2888 ι
2902 2837 3074 2891 Idem
3116 2856 3384 2911 quoque
3434 2842 3661 2912 Origeni
3708 2858 3788 2895 su-

2110 2923 2289 2989 perius
2331 2923 2772 2991 exprobraverat
2807 2933 2956 2979 tom.
3006 2927 3063 2991 I,
3109 2927 3233 2983 lib.
3273 2945 3351 2992 ll,
3406 2946 3539 3000 cap.
3585 2931 3619 2984 4
3649 2940 3697 2983 et
3740 2930 3783 2983 5.

2110 3010 2262 3075 Quod
2308 3011 2355 3064 si
2400 3010 2569 3080 igitur
2598 3012 2668 3066 ab
2711 3027 2781 3067 eo
2829 3014 3126 3083 profecta
3170 3026 3274 3073 est
3326 3019 3458 3075 haec
3513 3019 3695 3089 opinio
3733 3020 3787 3072 de

481 3105 709 3162 gnantes
750 3099 1104 3165 proposuerit.
1161 3100 1218 3153 In
1262 3114 1414 3153 suam
1452 3115 1663 3168 quoque
1696 3102 2005 3155 sententiam
2033 3118 2075 3175 α
2111 3109 2301 3154 natura
2334 3099 2609 3155 libertatis
2636 3102 2819 3169 posita
2874 3103 2934 3157 in
3003 3103 3452 3163 indifferentia
3485 3110 3558 3163 ad
3609 3110 3784 3163 bonum

480 3185 694 3237 trahere
730 3195 931 3251 poterat
971 3187 1252 3241 Jansenius
1295 3189 1420 3240 ulud
1452 3187 1694 3258 Origenis
1725 3204 1755 3244 e
1794 3189 1885 3243 lib.
1915 3203 1931 3242 t
1956 3189 2009 3241 in

464 3272 650 3339 Epist.
690 3275 756 3326 ad
792 3273 939 3328 Rom.
986 3292 1130 3329 num.
1178 3275 1279 3341 48,
1311 3276 1396 3329 ubi
1441 3278 1609 3343 posita
1653 3279 1828 3331 anima
1859 3279 2007 3347 quasi

422 3386 427 3393 ι
477 3360 530 3412 in
579 3361 718 3414 bivio
757 3378 970 3417 carnem
1026 3364 1165 3419 inter
1210 3374 1261 3418 et
1299 3363 1585 3430 spiritum,
1637 3376 1687 3419 et
1738 3367 2010 3433 utriusque

477 3448 576 3499 νίω
614 3448 848 3502 fautores
875 3451 1110 3517 angelos,
1142 3452 1257 3505 ait:
1310 3470 1329 3501 ‹
1372 3450 1486 3504 Non
1515 3453 1656 3505 enim
1692 3455 1742 3506 vi
1786 3468 1872 3509 res
1898 3454 2010 3519 agi-

458 3543 595 3598 tur,
639 3549 809 3601 neque
854 3539 1170 3592 necessitate
1218 3539 1270 3590 in
1308 3537 1530 3591 alteram
1574 3549 1776 3606 partem
1831 3541 2007 3594 anima

478 3622 806 3675 declinatur:
849 3644 869 3676 ι
902 3628 995 3679 sed
1026 3628 1247 3694 pulchre
1281 3626 1607 3695 intelligehat
1638 3627 1918 3685 Jansenius
1940 3646 2008 3684 ex

452 3712 827 3777 sequentibus
861 3714 1266 3780 explicationem
1301 3728 1452 3767 suam
1496 3714 1867 3770 labefactatum
1918 3718 2003 3771 iri.

478 3799 625 3853 Talia
661 3801 773 3856 haec
812 3812 969 3855 sunt:
1008 3819 1028 3852 ι
1065 3802 1314 3870 Alioquin
1343 3817 1440 3856 nec
1477 3803 1627 3861 culoa
1671 3804 1741 3867 ei,
1771 3821 1869 3859 nec
1899 3807 2005 3861 vir-

477 3894 561 3941 tus
587 3898 767 3954 posset
791 3889 987 3943 ascribi
1013 3905 1027 3953 ;
1073 3905 1170 3944 nec
1208 3892 1331 3945 boni
1359 3892 1553 3946 electio
1583 3895 1877 3961 praemium,
1909 3909 2008 3950 nec

476 3973 762 4028 declinatio
792 3977 915 4028 mali
950 3978 1264 4045 supplicium
1306 3990 1643 4037 mereretur:
1689 3983 1779 4036 sed
1824 3996 2006 4037 serva-

477 4073 567 4119 tur
600 4065 645 4118 ei
677 4065 727 4117 in
763 4067 1010 4119 omnilms
1037 4068 1256 4123 libertas
1284 4070 1364 4124 sui
1396 4072 1626 4135 arbitrii,
1657 4081 1713 4125 ut
1757 4072 1808 4125 in
1841 4072 2008 4140 quod-

474 4169 686 4223 cunque
714 4156 938 4210 voluerit
970 4157 1079 4224 ipsa
1102 4159 1351 4222 declinet,
1379 4160 1789 4229 sicutscriptutn
1820 4162 1963 4216 est"
1989 4178 2002 4215 :

475 4241 612 4295 Ecce
638 4245 788 4311 posui
820 4253 942 4297 ante
977 4245 1167 4299 faciem
1216 4256 1357 4300 tuam
1386 4249 1548 4302 vitam
1586 4259 1639 4303 et
1670 4260 1925 4317 mortem,
1954 4260 2007 4304 et

476 4330 649 4396 ignem
705 4343 759 4386 et
810 4349 1045 4402 aquam:
1098 4354 1116 4387 ι
1166 4352 1286 4389 nam
1341 4338 1384 4391 si
1451 4338 1757 4393 alterutram
1810 4342 2006 4409 eligere

474 4426 648 4484 potest
682 4431 882 4484 partem
913 4424 1123 4487 anima,
1163 4426 1331 4477 neutri
1363 4436 1510 4480 certe
1547 4427 1650 4480 ulla
1690 4431 2004 4485 necessitate
2035 4437 2077 4492 ι)
2105 4433 2323 4486 finxisse
2350 4433 2631 4490 hominem
2685 4438 2860 4498 hodie
2898 4462 3050 4505 nasc

474 4506 754 4560 addicitur.
803 4508 1178 4578 Responsionis
1220 4528 1326 4566 sua:
1365 4516 1755 4581 confirmandae,
1787 4528 1843 4572 et
1885 4520 2003 4574 Ori-

475 4594 715 4662 genianze
743 4600 1018 4652 sententia:
1058 4604 1295 4669 apertius
1319 4604 1479 4657 etiam
1514 4604 1839 4661 declarandae
1876 4623 2000 4676 gra-

473 4685 566 4745 tia,
601 4682 801 4749 aliquot
827 4686 967 4738 addit
1001 4686 1248 4744 Petavius
1276 4691 1390 4757 ejus
1428 4694 1725 4746 testimonia
1759 4710 1825 4748 ex
1851 4695 1996 4750 hotn.

469 4773 538 4828 9.0
571 4775 623 4825 in
650 4772 831 4836 Nunt”
865 4776 1054 4841 quibus
1081 4789 1301 4857 vocante
1333 4781 1454 4835 licet
1494 4791 1548 4837 et
1584 4783 1883 4852 pelliciente
1914 4786 1998 4840 itt-

474 4866 668 4917 teriore
696 4864 865 4931 gratia
916 4866 1109 4920 nullam
1145 4868 1296 4923 nobis
1343 4872 1540 4939 imponi
1591 4876 1996 4941 necessitatem,

470 4956 562 5008 sed
614 4955 662 5007 in
719 4958 991 5008 Contraria
1038 4958 1167 5008 ferri
1218 4959 1547 5015 voluntatem
1601 4978 1762 5032 posse
1801 4965 2002 5033 perspi-

532 5070 579 5103 ⁸⁸
614 5069 763 5123 Rom.
803 5068 983 5133 v1.16.
1055 5069 1100 5100 ”
1132 5070 1401 5138 Eccli..sv,
1432 5074 1514 5137 l7,
1540 5076 1624 5131 18.

540 5186 647 5260 (40)
700 5185 935 5260 Attamen
984 5182 1027 5234 si
1079 5184 1359 5260 perfricare
1412 5188 1621 5260 petimus
1664 5190 1905 5260 frontem,
1956 5201 2005 5246 et

473 5252 743 5323 Origenem
786 5254 961 5320 quovis
987 5254 1219 5323 periculo
1249 5255 1517 5323 defendere
1540 5294 1555 5319 ,
1586 5252 1727 5310 hanc
1763 5252 2005 5313 adhibere

471 5321 769 5394 poterimus
805 5321 1143 5394 eruptionem
1163 5360 1197 5394 ,_
1218 5331 1320 5372 etc.
1373 5322 1486 5394 Non
1512 5341 1853 5394 r_magnopere
1903 5329 2004 5381 sibi

474 5391 807 5461 perfricanda
848 5388 1096 5461 frousesl
1126 5405 1139 5440 :
1186 5388 1295 5461 ipse
1324 5388 1761 5461 cllltllAOrigéne‘s
1790 5411 2008 5461 expres-

473 5458 547 5526 sjs
591 5460 767 5512 verbis
811 5458 1170 5526 exceptionem
1228 5457 1364 5509 hanc
1406 5457 1624 5511 adhibet
1676 5460 1767 5515 lih.
1818 5457 1908 5526 ni,
1954 5464 2007 5516 in

478 5524 641 5587 Epist.
675 5530 742 5579 ad
782 5524 952 5587 Hann,
981 5540 1099 5592 cap.
1134 5525 1188 5589 3,
1214 5526 1277 5577 ad
1315 5526 1424 5577 haec
1456 5530 1653 5581 verba:
1704 5524 2009 5582 θωπείαι-

476 5592 824 5665 simaverunt,
862 5596 1016 5647 simul
1054 5593 1258 5665 inutiles
1300 5593 1423 5659 facti
1471 5605 1587 5665 sunt
1657 5596 1841 5665 (Paul.
1888 5613 2002 5661 xnt,

474 5655 551 5722 δ).
607 5680 624 5711 ι
672 5655 1068 5733 Διειιίίνῑάειυτ,
1115 5655 1314 5729 inquit,
1365 5663 1501 5727 quod
1542 5655 1884 5719 non'dicitut‘
1915 5655 2006 5720 de;

2108 3187 2189 3241 vel
2216 3189 2439 3253 malum,
2466 3189 2693 3244 exclusa
2727 3192 2972 3246 alterius
3006 3198 3232 3264 partis
3265 3201 3642 3265 necessitate,
3673 3215 3787 3266 ψιοσ

2107 3279 2264 3332 modo
2289 3279 2432 3333 idem
2485 3280 2577 3333 ille
2610 3281 2885 3350 Origenes
2937 3291 3403 3345 necessitatem
3439 3290 3783 3347 voluntariam

2105 3372 2155 3419 et
2189 3366 2487 3433 simplicem
2520 3384 2647 3424 cum
2677 3371 2941 3427 libertate
2984 3378 3393 3451 conjungere
3427 3383 3653 3452 potuit?

2175 3452 2264 3507 ιγ.
2296 3453 2498 3511 Verum
2534 3469 2590 3512 ut
2642 3460 2695 3513 in
2740 3462 3092 3519 deﬁnienda
3156 3472 3417 3527 arbitrii
3476 3473 3698 3529 humani
3732 3472 3785 3525 li.

2109 3541 2319 3596 bertate
2354 3554 2566 3598 rectum
2604 3547 2711 3600 iter
2748 3550 2937 3603 tenuit
2974 3540 3334 3625 Origenes,
3371 3574 3492 3613 non
3528 3536 3709 3615 itidem
3739 3562 3783 3614 in

2108 3631 2487 3696 distinguenda
2524 3647 2738 3692 natura:
2774 3639 3058 3707 integrae,
3097 3660 3184 3701 ac
3242 3658 3485 3705 naturae
3535 3652 3695 3720 lapsa:
3733 3650 3786 3701 li-

2108 3722 2316 3778 bertate
2358 3727 2496 3781 satis
2525 3730 2777 3785 adhibuit
2812 3735 3137 3790 examinis
3189 3749 3257 3793 et
3310 3742 3615 3797 cautionis
3642 3759 3657 3807 ;
3689 3740 3785 3795 nul-

2108 3809 2198 3863 libi
2230 3812 2429 3881 quippe
2461 3817 2763 3874 discrimen
2800 3821 2987 3875 ullum
3042 3825 3229 3883 inter
3281 3841 3605 3902 utramque
3648 3833 3784 3886 liber-

2107 3908 2265 3993 tatem
2308 3902 2377 3955 ab
2411 3918 2477 3958 eo
2512 3907 2832 3964 adhibitum
2894 3916 3221 3984 reperias,
3275 3932 3337 3974 et
3397 3938 3556 3993 saepe
3602 3932 3785 3977 natura

2104 3988 2343 4053 cuilibet,
2372 4006 2495 4081 quae
2547 3996 2784 4052 rationis
2816 4014 3077 4069 compos
3105 4007 3224 4073 sit,
3268 3988 3679 4081 quemcunque
3704 4013 3784 4065 de-

2105 4088 2250 4127 munt
2290 4076 2539 4131 ordinem
2587 4083 2793 4153 adepta
2845 4087 2965 4151 sit,
3015 4076 3346 4162 aequalem
3407 4076 3612 4154 tribuit
3652 4099 3785 4155 liberi

2106 4164 2323 4254 arbitrii
2345 4164 2683 4235 facultatem,
2729 4183 2786 4227 ct
2819 4192 3022 4245 usum,
3087 4193 3159 4235 ut
3198 4200 3395 4254 supra
3447 4191 3659 4245 dictum
3694 4200 3782 4243 est.

2104 4254 2278 4347 Atque
2312 4253 2361 4308 is
2398 4270 2537 4347 unus
2570 4258 2678 4313 fuit
2725 4276 2757 4315 e
2813 4272 3157 4338 praecipuis
3211 4253 3673 4347 Pelagianorum
3715 4294 3786 4334 er-

2105 4343 2613 4434 roribus,iparibus
2660 4349 2829 4407 liberi
2885 4359 3142 4418 arbitrii
3198 4343 3452 4425 viribus
3510 4372 3785 4434 pollentem

3054 4465 3312 4525 entem,
3354 4464 3610 4534 parique
3643 4459 3788 4533 justi-

2105 4522 2206 4624 υθέ
2235 4522 2521 4624 εθρίθηξξξιν
2554 4526 2799 4624 aliisque
2840 4534 3229 4603 instructum
3291 4522 3580 4619 centius,
3630 4522 3789 4624 qualis

2100 4609 2275 4707 abeo
2298 4612 2547 4707 conditus
2585 4616 2689 4707 fuit
2725 4619 3021 4689 Adamus.
3085 4636 3221 4707 (40)

2101 4696 2294 4751 fricare
2352 4700 2579 4756 velimus
2624 4704 2913 4776 frontem,
2991 4730 3059 4773 et
3095 4696 3789 4804 ‘Or'igenem'wpericulo

2099 4788 2288 4888 quo-vis
2318 4788 2633 4857 defendere,
2689 4797 2847 4888 hanc
2911 4788 3272 4870 adhibere-
3300 4788 3637 4888 poterimhs
3693 4788 3785 4877 ves-

2102 4876 2432 4983 ῗθςιίοξιξδηις
2478 4885 2735 4946 (ιυίιιηνῑε
2778 4886 3077 4949 ιπιιιῐιαῐιειξ⁷
3114 4876 3319 4959 γίνεθ’
3349 4876 3655 4966 libertatis
3704 4926 3789 4983 per

2104 4965 2291 5018 Adami
2321 4965 2529 5033 lapsum
2583 4970 2847 5032 infractae
2902 4995 2979 5037 ac
3028 4987 3394 5052 debilitata;
3441 5002 3589 5067 sint,
3636 4965 3786 5056 sui...

3271 4641 3561 4699 Attamen
3604 4646 3649 4700 si
3684 4660 3788 4713 per-

2297 5277 2580 5354 _a‘pp.aret‘
2609 5260 2872 5354 prirnum.
2914 5260 3090 5337 illtidv

2108 5336 2909 5433 ξτξξνὶιένέοιῑ.Ξ..¹Ρξδε,τεξςξξξςῐι
2939 5363 3064 5414 εει.
3106 5357 3302 5417 fuisse
3349 5336 3612 5433 τεοιυηῖ.
3649 5378 3703 5420 οι
3733 5369 3776 5416 ει·

2110 5402 2692 5490 “recta-creatoris
2727 5415 2905 5482 ipsius
2939 5434 3209 5484 munere
3239 5407 3636 5490 collocatum.
3680 5434 3775 5488 Sed

2109 5468 2463 5558 91513.3?!“
2501 5479 2573 5558 as‘
2618 5468 2810 5535 ιωνείιιι
2847 5468 3776 5558 ρεέὸὶὲὶῖ”εἰέτ”‹ἴὲὶ“ἕ›“ἓέἶὶ”ἔιὲεὲἷὲ

2111 5547 2250 5586 ηυηο
2283 5537 2489 5596 dicitur
2523 5537 2873 5607 declinasse:
3115 5537 3558 5623 ξξέηξωιωῃη¹
3592 5537 3770 5613 "tu":

2112 5599 2268 5638 Im...“
2310 5606 2482 5638 an"...
2549 5623 2637 5638 hs.
2692 5626 2702 5638 .
2928 5627 2958 5638 ..
3002 5631 3016 5638 -
3097 5636 3108 5638 _
3299 5587 3405 5638 P0
3450 5586 3540 5625 est
3577 5589 3761 5638 prttnu.

2112 5599 2268 5654 llOlllO
2534 5599 2838 5634 vvj'nmv-v
2861 5599 2873 5607 ’
2912 5599 3073 5643 ’³Ῑ“’Ῐ”“
3096 5599 3405 5645 ,τελωνινιυ
3450 5599 3540 5625 cas
3577 5599 3770 5638 wlulus

2111 5666 2295 5721 mm...
2334 5626 2642 5721 ..‘.!‘.1:..‘.‘-.‘.‘.‘
2673 5626 2743 5721 1“:
2769 5627 3016 5721 93:39:?
3196 5651 3357 5692 rem
3401 5645 3557 5697 male

2491 5670 2504 5676 -
2565 5670 2642 5684 ,_-
2678 5670 2739 5676 ν-
2770 5670 3016 5691 ,πη-μιν.
3059 5670 3148 5689 πα
3196 5670 3357 5692 ιῡιιιι
3401 5670 3557 5697 ιιιδιε
3589 5670 3766 5696 atlas":

2134 5670 2295 5725 Γδυάυ
2334 5690 2629 5748 serpentis
2677 5694 2746 5749 ad
2796 5708 2999 5764 pravas
3052 5713 3117 5759 et
3174 5718 3490 5767 tortuosas
3526 5711 3766 5767 mortalis
