3894 6454
427 427 531 482 ὒῖἵ

1685 414 1745 469 Ρ.
1781 412 2088 470 DANIELIS
2117 410 2347 469 lillETil

3644 388 3750 445 99.8

425 540 691 598 mentibus
743 535 917 596 insita,
960 547 1075 599 qua:
1114 533 1355 599 proxime
1403 532 1577 586 allatis
1624 533 1819 586 astruit
1873 542 1953 584 te-
1985 539 2025 592 Α
2058 544 2138 585 tor
2167 528 2554 597 cogitationum
2600 534 2656 581 et
2694 521 3129 577 intentionum
3159 510 3395 567 cordis.
3440 526 3463 559 ι
3514 505 3579 560 1η
3627 508 3751 574 qui-

420 627 685 686 stimouiis
725 624 1014 689 Origenes.
1063 623 1216 691 plane
1269 624 1438 690 reiicit
1494 621 1776 677 Jansenius
1822 622 1953 676 locis

422 732 574 786 supra
623 714 902 777 indicatis,
953 713 1046 766 sed
1102 714 1368 782 praecipue
1437 722 1567 768 tom.
1621 713 1677 778 l,
1731 712 1826 767 lib.
1877 726 1951 776 tv,

421 823 536 873 eap.
570 804 619 856 7.

487 893 699 945 Certum
743 900 827 943 est
870 892 980 945 lucc
1026 892 1176 947 Pauli
1226 894 1385 946 verba
1419 892 1535 947 Gal.
1562 907 1617 955 v,
1647 893 1731 954 17,
1766 910 1785 943 ι
1813 891 1953 945 Caro

418 981 555 1033 enim
579 980 910 1047 concupiscit
938 982 1194 1036 adversus
1218 982 1463 1051 spiritum
1489 997 1501 1045 ;
1532 982 1752 1049 spiritus
1772 989 1950 1033 autem

421 1070 673 1121 adversus
708 1084 943 1130 carnem,
968 1088 987 1120 ι
1019 1070 1082 1122 ad
1113 1070 1368 1138 Spiritum
1412 1080 1654 1124 sanctum
1700 1085 1730 1122 a
1774 1067 1952 1122 Patri-

416 1157 516 1208 bus
542 1154 811 1222 plerisque
841 1155 1062 1218 referri;
1093 1166 1147 1207 at
1176 1166 1378 1209 certum
1405 1171 1621 1225 quoque
1661 1167 1742 1210 est
1774 1155 1952 1225 plures

415 1243 577 1295 etiam
607 1243 940 1309 superiorem
972 1243 1113 1296 illam
1156 1244 1347 1297 animae
1380 1254 1605 1310 partem,
1646 1259 1803 1312 quam
1833 1245 1952 1313 ἠγε-

416 1331 631 1402 μονικόν
657 1330 936 1399 appellant,
968 1333 1187 1397 spiritus
1226 1322 1579 1400 appellatione
1616 1333 1702 1386 hic
1747 1333 1951 1401 signiti-

413 1430 584 1474 catam
619 1421 868 1475 voluisse.
910 1421 1100 1475 Multos
1140 1421 1467 1487 proferrem,
1496 1421 1538 1474 si
1588 1435 1808 1474 numero
1853 1435 1952 1489 pu-

410 1511 677 1577 gnandum
712 1519 885 1575 esset,
915 1510 1006 1564 sed
1040 1526 1175 1564 unus
1217 1510 1362 1563 onini
1410 1511 1727 1577 exceptione
1778 1513 1950 1578 major

411 1598 707 1652 adducetur
738 1602 1083 1669 Augustinus.
1142 1600 1189 1654 ls
1226 1599 1319 1654 lib.
1353 1616 1389 1653 ιι
1425 1600 1500 1653 De
1544 1597 1728 1654 Genesi
1769 1610 1950 1653 contra

411 1686 747 1752 Manichwos,
782 1705 902 1757 cap.
935 1691 1019 1752 ll,
1049 1688 1347 1757 coniugium
1379 1691 1563 1744 Adami
1586 1700 1638 1743 et
1668 1691 1788 1744 Eva:
1818 1691 1950 1744 ima-

410 1780 586 1845 ginem
618 1794 736 1831 esse
762 1780 895 1832 dicit
927 1781 1221 1847 spiritualis
1250 1781 1391 1833 illius
1411 1780 1663 1849 coniugii,
1693 1781 1833 1846 quod
1865 1794 1949 1832 ra-

414 1865 661 1918 tionalem
689 1866 918 1920 hominis
947 1878 1150 1935 partem
1177 1868 1390 1921 animali
1422 1868 1667 1935 colligat;
1703 1876 1810 1919 tum
1836 1868 1942 1919 ait:

418 1972 437 2004 ι
471 1954 666 2007 Deinde
692 1965 746 2008 ut
775 1957 998 2023 quisque
1025 1957 1144 2010 huic
1177 1972 1286 2011 sua;
1325 1956 1461 2025 parti
1514 1966 1662 2009 recte
1710 1957 1948 2009 domine-

414 2049 530 2103 tur,
572 2050 627 2093 et
662 2040 753 2094 fiat
778 2044 929 2110 quasi
957 2043 1248 2111 coniugalis
1283 2044 1333 2095 in
1365 2043 1561 2108 seipso,
1596 2052 1652 2095 ut
1683 2058 1809 2096 caro
1843 2058 1947 2097 non

412 2130 760 2196 concupiscat
792 2131 1047 2187 adversus
1069 2134 1350 2201 spiritum,
1381 2136 1470 2189 sed
1503 2134 1715 2201 spiritui
1763 2134 1943 2201 subiu-

411 2225 587 2284 getur,
621 2216 671 2269 id
699 2226 801 2281 est,
836 2219 1263 2287 concupiscentia
1292 2222 1530 2275 carnalis
1551 2235 1655 2273 non
1694 2222 1946 2274 adverse-

416 2312 500 2354 tur
526 2302 739 2365 rationi,
772 2304 862 2356 sed
897 2308 1069 2370 potius
1114 2307 1532 2374 obteniperando
1577 2307 1783 2360 desinat
1826 2322 1947 2361 esse

412 2391 665 2455 carnalis,
718 2406 850 2459 opus
896 2393 1056 2447 habet
1106 2393 1337 2460 perfecta
1372 2395 1653 2463 sapientia.
1696 2414 1715 2446 ι
1763 2395 1949 2449 Trahit

414 2482 523 2532 haec
560 2480 609 2533 in
645 2483 887 2535 eumdem
914 2498 1125 2536 sensum
1156 2483 1245 2547 lib.
1278 2500 1294 2538 ι
1341 2483 1414 2537 De
1460 2485 1699 2537 doctrina
1733 2484 1944 2549 Christi,

413 2583 533 2639 cap.
566 2570 655 2630 9.4,
687 2581 740 2625 et
779 2572 872 2625 lib.
903 2588 935 2626 x
988 2572 1063 2626 De
1101 2572 1283 2626 Genesi
1336 2575 1405 2625 ad
1454 2573 1637 2637 litter.,
1690 2588 1810 2641 cap.
1856 2575 1942 2629 l2.

413 2655 585 2710 Verba
640 2668 856 2726 propter
906 2661 1264 2728 prolixitatem
1316 2677 1421 2714 non
1471 2670 1674 2729 repeto.
1719 2661 1947 2717 Prorsus

412 2762 535 2800 vero
576 2747 936 2819 Ὠριγενικῶς,
964 2752 1013 2804 ῖιι
1037 2767 1242 2807 Lxxxtu
1267 2751 1615 2818 qua’stionib.,
1637 2760 1823 2819 quaest.
1848 2751 1941 2803 70:

416 2851 436 2886 ι
469 2834 605 2887 Caro
654 2839 983 2905 concupiscit
1022 2842 1280 2893 adversus
1322 2841 1596 2907 spiritum,
1631 2851 1685 2894 et
1730 2841 1945 2905 spiritus

411 2922 670 2974 adversus
695 2937 933 2977 carnem.
968 2924 1091 2980 "8:0
1128 2928 1268 2980 enim
1300 2928 1522 2980 invicem
1553 2928 1652 2981 sibi
1693 2928 1946 2982 resistunt

411 3023 465 3065 ct
499 3014 870 3077 adversantur,
904 3024 961 3066 ut
995 3030 1098 3069 non
1131 3031 1459 3084 qumcnnque
1503 3016 1700 3079 vultis,
1749 3016 1831 3069 illa
1865 3016 1943 3072 fa-

2053 621 2147 674 bus
2220 636 2321 674 non
2380 619 2536 672 aliter
2570 617 2720 670 sumi
2776 612 3056 682 spiritus
3120 611 3324 674 potest
3344 645 3377 698 ..
3415 615 3597 698 quam
3655 614 3757 667 pro

2051 710 2249 773 anima,
2284 710 2366 763 vel
2392 708 2589 761 animae
2622 707 3009 776 ἡγεμονικῳ,
3060 712 3182 765 quo
3229 690 3423 748 modo
3482 688 3760 757 Origenes

2054 796 2335 852 intellexit.

2129 887 2339 941 Vl|.Ex
2375 887 2460 940 his
2506 884 2745 939 eliicitur
2784 878 3152 936 inferiorem
3217 872 3459 926 animm
3514 878 3759 935 partem,

2052 992 2172 1044 qua:
2235 979 2413 1030 anima
2470 974 2814 1044 simpliciter
2876 967 3241 1039 appellatur
3309 962 3408 1032 (ut
3473 960 3759 1027 superior,

2051 1067 2313 1135 spiritus),
2351 1066 2582 1117 mediam
2610 1078 2738 1118 esse
2759 1056 3230 1130 quodammodo
3288 1050 3587 1120 spiritum
3621 1049 3763 1100 inter

2050 1166 2102 1209 et
2131 1171 2351 1209 carnem
2377 1171 2393 1218 ;
2425 1155 2526 1207 hoc
2561 1163 2639 1205 est
2666 1151 2915 1218 spiritus
2954 1149 3120 1199 inter
3150 1143 3524 1197 suasiones,
3560 1146 3617 1191 et
3644 1152 3762 1190 car-

2051 1243 2135 1297 nis
2187 1242 2477 1296 incentiva.
2539 1259 2558 1290 ι
2594 1241 2735 1292 Cum
2788 1238 3071 1301 dicitur,
3144 1252 3166 1284 ι
3233 1232 3451 1300 inquit
3489 1230 3765 1298 Origenes

2049 1329 2143 1385 lib.
2179 1349 2195 1386 ι
2227 1332 2282 1384 in
2308 1328 2482 1397 Epist.
2514 1330 2584 1381 ad
2622 1328 2816 1391 Rom.,
2855 1340 3035 1379 num.
3067 1324 3171 1384 18,
3223 1342 3248 1374 ι
3293 1322 3447 1391 quia
3485 1336 3625 1373 coro
3644 1336 3764 1374 con-

2049 1420 2266 1487 cupiscit
2296 1419 2550 1471 adversm
2580 1417 2840 1483 spiritum
2862 1454 2880 1478 ,
2918 1414 3179 1482 spiritus
3235 1421 3456 1463 aettem
3505 1411 3764 1463 adversus

2048 1527 2257 1564 carnem
2289 1510 2355 1572 “,
2391 1510 2566 1563 media
2596 1507 2793 1578 procul
2830 1506 3023 1561 dubio
3058 1505 3339 1573 ponitur
3372 1501 3585 1556 anima
3606 1544 3620 1567 ,
3650 1519 3765 1572 qum.

2047 1598 2130 1653 vel
2177 1599 2462 1653 desideriis
2511 1598 2749 1665 spiritus
2797 1595 3216 1664 acquieseat,
3278 1592 3389 1646 vel
3452 1592 3529 1645 ad
3584 1594 3767 1646 carnis

2047 1684 2511 1751 cnncupisccntias
2549 1684 2879 1757 inclinetur.
2929 1701 2952 1736 ι
2991 1682 3249 1749 Quibus
3283 1680 3467 1733 addit
3504 1721 3522 1746 ,
3564 1693 3635 1735 ac
3676 1697 3766 1734 va-

2049 1776 2142 1828 riis
2192 1774 2488 1843 Scriptura:
2536 1775 2672 1830 locis
2716 1777 2969 1845 prohat,
3027 1774 3387 1843 utriusque
3446 1775 3600 1837 viae,
3657 1784 3763 1828 tum

2046 1865 2157 1931 eius
2183 1880 2301 1933 qua;
2330 1866 2510 1920 carnis
2543 1876 2652 1931 est,
2684 1876 2803 1920 tum
2839 1866 2975 1931 eius
3031 1881 3182 1935 quae
3237 1864 3513 1933 spiritus
3534 1905 3551 1928 ,
3611 1881 3764 1920 mon-

2046 1964 2304 2008 stratores
2349 1966 2403 2009 et
2438 1955 2692 2009 fautores
2743 1956 2994 2023 angelos
3032 1955 3361 2010 assistere
3408 1956 3763 2022 hominibus,

2047 2042 2429 2110 Christumque
2461 2044 2640 2109 ipsum
2673 2045 2824 2097 viam
2857 2045 3123 2112 spiritus
3182 2045 3564 2100 hominibus
3609 2049 3760 2115 quasi

2045 2142 2285 2184 sternere
2323 2145 2337 2182 :
2386 2149 2404 2181 ι
2442 2131 2607 2184 Favet
2635 2142 2691 2185 et
2720 2132 2845 2198 ipse
2890 2133 3209 2188 Dominus
3236 2175 3255 2198 ,
3298 2137 3536 2203 inquit,
3568 2139 3763 2204 quippe

2046 2221 2318 2288 quietiam
2349 2221 2588 2275 animam
2624 2238 2788 2275 suam
2823 2225 3000 2290 ponit
3030 2240 3155 2293 pro
3205 2226 3447 2281 ovibus
3481 2227 3629 2280 suis.
3662 2227 3763 2280 Sed

2042 2322 2106 2359 ex
2138 2318 2361 2376 utraque
2407 2317 2564 2375 parte
2605 2309 2824 2363 favoris
2862 2311 3211 2381 disciplina
3274 2323 3599 2368 servatur.
3650 2316 3759 2369 Non

2044 2397 2184 2450 enim
2234 2397 2282 2450 vi
2326 2412 2413 2452 res
2448 2399 2658 2467 agitur,
2718 2415 2915 2468 neque
2969 2404 3384 2459 necessitate
3439 2405 3501 2458 in
3535 2405 3759 2473 alteram

2043 2494 2249 2553 partem
2300 2486 2478 2538 anima
2514 2486 2841 2541 declinatur
2878 2506 2894 2542 :
2937 2490 3238 2560 alioquin
3294 2508 3417 2548 nec
3472 2495 3645 2565 culpa
3688 2498 3757 2559 ei,

2054 2590 2150 2627 nec
2196 2574 2366 2627 virtus
2398 2586 2586 2644 posset
2632 2580 2890 2642 ascribi;
2950 2594 3071 2635 nec
3103 2584 3274 2637 boni
3343 2585 3573 2639 electio
3618 2602 3758 2654 pra:-

2047 2664 2209 2718 mium
2236 2702 2252 2727 ,
2288 2679 2388 2719 nec
2441 2666 2740 2721 declinatio
2765 2669 2902 2723 mali
2936 2673 3343 2742 supplicium
3392 2689 3755 2744 mereretur;

2044 2752 2133 2805 sed
2171 2764 2419 2807 servatur
2457 2756 2505 2808 ei
2538 2757 2591 2809 in
2622 2758 2893 2815 omnibus
2931 2760 3217 2819 libertas
3251 2767 3552 2832 arbitrii,
3604 2778 3665 2821 ut
3708 2770 3757 2823 in

2046 2848 2187 2907 quod
2217 2844 2446 2898 voluerit
2475 2847 2592 2914 ipsa
2626 2849 2905 2915 declinet,
2938 2853 3113 2908 sicut
3167 2860 3499 2929 scriptum
3551 2874 3639 2918 est
3668 2863 3712 2895 ⁸³
3743 2882 3757 2917 :

2044 2931 2184 2985 Ecce
2209 2934 2361 3001 posui
2401 2944 2529 2989 ante
2556 2937 2759 2991 facient
2794 2950 2959 2995 tuam
3011 2947 3229 3001 vitam
3286 2960 3346 3005 et
3386 2961 3678 3019 mortem,
3709 2966 3761 3009 et

2044 3023 2219 3089 ignem
2252 3034 2309 3078 et
2336 3041 2561 3093 aquam.
2609 3046 2629 3078 ι
2669 3028 2784 3083 Nec
2816 3032 3025 3087 minus
3063 3037 3253 3094 clare
3294 3042 3465 3098 idem
3500 3048 3759 3116 exprimit

409 3102 584 3154 ciatis.
639 3100 725 3155 Fit
771 3118 896 3173 ergo
948 3119 1042 3175 per
1094 3104 1572 3171 sanctificationem
1630 3104 1941 3172 perfectam,

1701 3104 1941 3205 rfectam,
1968 3152 2009 3205 ϐ
2051 3112 2142 3205 lib.
2172 3128 2230 3165 ill
2257 3115 2395 3205 i7te
2424 3117 2654 3185 ἀρχῶν,
2688 3135 2818 3189 cap.
2850 3123 2917 3188 4,
2948 3140 3132 3182 nunt.
3165 3130 3236 3185 2.

411 3199 463 3241 ιιι
494 3191 670 3243 omnis
695 3192 924 3247 carnalis
956 3194 1217 3261 appetitus
1255 3193 1459 3262 spiritui
1518 3204 1700 3246 nostro
1747 3193 1940 3246 illumi-

410 3289 537 3332 nato
591 3290 642 3332 et
677 3281 959 3348 vivificato,
1000 3284 1051 3337 id
1088 3292 1192 3345 est,
1220 3283 1369 3339 bona:
1402 3283 1658 3336 voluntati
1690 3282 1939 3351 subjicia-

411 3377 516 3421 tur.
559 3387 578 3420 ι
896 3428 897 3435 κ
1032 3432 1033 3437 η

478 3460 582 3511 Sed
616 3460 741 3528 quid
772 3460 1049 3531 Augustini
1087 3466 1458 3519 auctoritatem
1490 3464 1857 3531 praeteximus,
1882 3476 1939 3519 ut

409 3545 654 3609 spiritum
688 3545 832 3597 illum
858 3549 1038 3602 carnis
1066 3552 1427 3604 adversarium
1467 3568 1604 3621 saepe
1632 3572 1727 3623 pro
1753 3554 1940 3608 anitna:

407 3632 731 3701 ἡγεμονικῷ,
765 3634 841 3685 vel
872 3636 985 3702 ipsa
1023 3649 1165 3692 certe
1219 3640 1395 3692 anima
1443 3645 1581 3696 sumi
1634 3648 1936 3711 probemus,

408 3736 525 3771 cum
560 3720 608 3773 id
643 3732 717 3774 tot
755 3722 1049 3795 Scriptura:
1076 3726 1204 3779 locis
1225 3729 1412 3783 confici
1444 3734 1646 3799 possit?
1681 3735 1825 3788 velut
1849 3735 1939 3789 illo

408 3809 595 3863 Matth.
629 3827 772 3877 xxvi,
802 3813 865 3865 M
895 3829 911 3868 :
951 3833 968 3865 ι
1003 3816 1233 3884 Spiritus
1261 3820 1477 3884 quidem
1526 3834 1803 3892 promptus
1834 3836 1939 3888 est,

405 3914 530 3951 caro
571 3910 747 3953 autem
790 3903 1033 3966 infirma;
1068 3922 1087 3956 ι
1132 3914 1184 3956 et
1219 3907 1310 3959 illo
1353 3907 1369 3960 Ι
1399 3908 1522 3966 Cor.
1557 3926 1612 3974 ν,
1638 3913 1670 3964 5
1702 3927 1717 3964 :
1776 3931 1795 3964 ι
1834 3915 1941 3982 Ego

404 3987 638 4056 iudicavi
693 3992 906 4044 tradere
952 3993 1255 4059 huiusmodi
1311 3997 1522 4052 Satanas
1565 4003 1614 4054 in
1671 4005 1940 4058 interitmn

406 4064 606 4139 carnis,
641 4087 698 4129 ut
730 4079 951 4151 spiritus
978 4080 1157 4135 salvus
1200 4084 1268 4135 sit
1314 4086 1367 4137 in
1401 4088 1482 4140 die
1514 4089 1722 4143 Domlni
1771 4092 1940 4146 nostri

406 4161 528 4217 Jesu
551 4167 784 4232 Christi;
824 4188 842 4219 ι
888 4181 940 4222 et
973 4171 1059 4223 illo
1087 4172 1123 4226 ll
1165 4172 1288 4227 Cor.
1334 4192 1426 4240 vn,
1472 4179 1538 4233 1:
1581 4197 1599 4230 ι
1631 4181 1944 4236 Mundemus

409 4267 505 4304 nos
534 4255 599 4305 ab
630 4258 775 4309 omni
819 4258 1219 4326 inquinamento
1246 4266 1423 4319 carnis
1462 4276 1516 4319 et
1542 4267 1793 4334 spiritus;
1830 4288 1849 4321 ι
1890 4280 1945 4323 et

409 4341 498 4394 illo
521 4344 714 4410 Ephes.
738 4362 808 4411 tv,
838 4348 1006 4401 20-25
1033 4367 1045 4401 :
1081 4368 1097 4399 ι
1130 4348 1235 4404 Vos
1258 4364 1557 4407 autemnon
1585 4356 1656 4407 ita
1680 4356 1944 4414 didicistis

2109 3200 2301 3269 Arguit
2352 3203 2466 3256 haec
2515 3221 2736 3274 quoque
2785 3213 3019 3267 erroris
3080 3214 3454 3277 Jansenins
3526 3233 3664 3282 tom.
3715 3227 3753 3291 l.

2044 3289 2135 3342 lib.
2160 3306 2373 3385 ξιξ-σευ.
2405 3294 2440 3348 5
2472 3312 2487 3349 :
2522 3316 2541 3347 ι
2581 3296 2772 3366 Neque
2812 3316 2991 3365 vero,
3044 3306 3296 3376 inquit,
3343 3315 3582 3385 Pelagii
3641 3289 3757 3372 tan;-

2040 3388 2170 3442 tnm,
2204 3380 2451 3437 Cassiani
2503 3397 2670 3456 atque
2695 3389 2975 3461 Origenis
3015 3398 3145 3453 fuit
3178 3401 3318 3456 ista
3353 3406 3433 3460 de
3465 3380 3757 3464 ail'ectibus

2038 3469 2374 3524 naturalibus
2400 3472 2561 3530 bonis
2598 3493 2664 3533 ac
2703 3483 2870 3537 malis
2910 3500 2988 3539 ex
3043 3489 3196 3560 lege
3262 3501 3547 3554 naturali
3598 3511 3757 3569 atque

2039 3572 2198 3660 carne
2223 3562 2755 3660 prodeuntibus,ae
2816 3574 2888 3629 de
2950 3580 3176 3636 anima
3246 3586 3431 3642 inter
3486 3562 3755 3660 utrosque

2037 3649 2208 3702 media
2234 3650 2387 3707 istius
2425 3660 2716 3723 apostolici
2768 3664 2880 3718 loci
2919 3676 3257 3737 expositio
3292 3720 3313 3743 ,
3356 3684 3470 3736 sed
3507 3649 3753 3738 omnium

2037 3739 2254 3838 omnino
2287 3741 2706 3813 Pelagianorum
2730 3792 2747 3817 ,
2782 3770 3046 3821 quorum
3092 3739 3348 3835 scripta
3402 3772 3615 3828 videre
3660 3791 3753 3846 po«

2041 3827 2135 3928 tui.
2179 3847 2197 3878 ι
2239 3830 2329 3928 Sic
2364 3842 2543 3888 tamen
2594 3838 2981 3912 Hieronymus
3027 3851 3092 3904 in
3131 3827 3349 3920 Epist.
3406 3864 3491 3914 nd
3539 3827 3684 3919 6έηῖ
3702 3827 3754 3928 ὲ,

2042 3916 2166 4018 17.;.
2202 3935 2220 3968 ι
2256 3919 2396 3974 Caro
2439 3930 2818 3990 prmsentihus
2880 3916 3249 3998 delectatur
3322 3959 3391 4003 et
3451 3916 3750 4021 brevibus;

2041 4006 2260 4111 spiritus
2290 4015 2653 4111 perpetu-isAet
2680 4018 2917 4077 futuris.
2954 4025 3131 4084 Inter
3167 4035 3299 4091 hoc
3332 4006 3753 4111 iurgiis—mine:

2044 4094 2127 4200 dia
2162 4097 2337 4149 anima
2368 4103 2641 4165 consistit,
2673 4108 2897 4167 habens
2925 4119 3187 4185 quidem
3221 4126 3288 4181 in
3325 4094 3753 4200 suaopotesiaie

2043 4184 2250 4296 bellum,
2265 4198 2320 4241 et
2346 4191 2580 4259 malum;
2620 4198 2763 4254 Velie
2796 4212 2854 4256 et
2900 4208 3112 4277 nolle;
3160 4232 3183 4265 ι
3239 4227 3309 4272 et
3343 4184 3545 4290 paulo

2049 4274 2250 4373 c-Quod
2280 4285 2337 4330 ut
2366 4283 2711 4342 manifestius
2742 4291 2863 4358 fiat,
2900 4274 3161 4368 aliquod
3199 4274 3539 4370 sumamus
3566 4274 3753 4373 erx'e'tu;

2044 4365 2185 4433 plum
2222 4383 2236 4418 :
2266 4383 2425 4478 cali-0,
2456 4380 2642 4442 terra;
2671 4382 2889 4449 anima,
2926 4403 3199 4462 aurum;
3244 4404 3526 4471 spiritus
3552 4449 3569 4471 ,
3615 4411 3753 4478 ignis

406 4426 700 4529 Christum,
735 4436 776 4486 si
810 4446 981 4489 tamen
1012 4438 1155 4490 illum
1180 4441 1420 4507 audistis,
1463 4452 1518 4495 et
1542 4443 1592 4496 in
1622 4444 1737 4513 ipso
1767 4447 1940 4502 edocti
1973 4468 2015 4522 ι)
2044 4426 2278 4512 vocetur.
2312 4426 2561 4523 Quandiu

407 4516 563 4584 estis,
598 4522 735 4573 sicut
759 4534 840 4575 est
864 4527 1061 4580 veritas
1092 4526 1143 4580 in
1190 4528 1336 4583 .Iesu.
1386 4530 1661 4600 Deponere
1710 4549 1802 4588 vos
1852 4552 1939 4590 se-

409 4606 637 4658 cundum
663 4609 940 4674 pristinam
978 4619 1437 4673 conversationem
1480 4632 1715 4677 veterem
1762 4626 1937 4679 hontis

410 4710 553 4757 nem,
578 4696 665 4760 qui
695 4702 1056 4767 corrumpitur
1089 4708 1377 4762 secundum
1409 4709 1671 4765 desideria
1713 4717 1934 4771 erroris.

413 4780 756 4834 Renovamini
781 4798 953 4839 autem
981 4793 1167 4857 spiritu
1198 4798 1389 4851 utentis
1412 4809 1620 4863 vestrae,
1654 4816 1707 4856 et
1736 4804 1939 4862 induite

411 4888 605 4927 novum
642 4873 940 4940 hominem;
980 4896 997 4928 ι
1033 4889 1085 4932 et
1117 4882 1204 4933 illo
1247 4883 1264 4935 |
1294 4885 1599 4951 Thessal.v,
1628 4890 1725 4944 25:
1752 4910 1770 4943 ι
1824 4893 1940 4962 Ipse

408 4970 587 5016 autem
614 4962 752 5015 Deus
780 4965 923 5030 pacis
949 4970 1248 5024 sanctiﬁcet
1274 4989 1365 5028 vos
1391 4991 1487 5043 per
1513 4981 1691 5033 omnia
1726 5003 1737 5035 :
1772 4993 1828 5035 ut
1858 4984 1940 5036 in-

406 5063 558 5122 teger
589 5053 811 5122 Spiritus
845 5064 1039 5118 vester,
1066 5068 1117 5109 et
1146 5062 1342 5127 anima,
1374 5074 1427 5117 et
1452 5081 1644 5135 corpus
1672 5072 1789 5124 sine
1817 5088 1943 5140 que-

410 5142 518 5197 rela
554 5142 604 5195 iu
635 5143 864 5194 adventu
894 5143 1099 5196 Domini
1124 5150 1291 5201 nostri
1337 5150 1459 5206 Jesu
1510 5156 1706 5212 Christi
1757 5176 1937 5216 serve-

413 5241 527 5292 tur;
552 5251 571 5284 ι
611 5243 662 5286 et
689 5233 778 5286 illo
811 5232 971 5285 llebr.
1007 5247 1079 5293 tv,
1112 5235 1176 5287 12
1206 5253 1219 5288 :
1259 5254 1277 5287 ι
1303 5239 1464 5295 Vivus
1497 5256 1581 5299 est
1601 5250 1741 5301 enim
1766 5264 1944 5304 sermo

414 5321 508 5374 Dei
535 5331 588 5375 et
609 5321 812 5384 eﬂicax,
836 5330 891 5375 et
911 5323 1292 5389 penetrabilior
1311 5330 1452 5381 omni
1481 5333 1656 5398 gladio
1677 5338 1896 5403 ancipiti
1922 5354 1937 5389 ;

412 5421 467 5464 et
495 5416 802 5485 pertingens
831 5428 997 5483 usque
1022 5413 1089 5467 ad
1119 5413 1434 5472 divisionem
1470 5423 1658 5479 animae
1685 5435 1740 5479 et
1781 5428 1942 5495 spiri-

413 5509 522 5567 tus,
556 5520 866 5575 compagum
891 5518 1104 5576 quoque
1125 5519 1186 5559 ac
1220 5507 1567 5565 medullarum
1586 5551 1603 5579 ,
1652 5525 1706 5571 et
1734 5517 1940 5572 discive.

519 5676 758 5739 “Colat.
792 5702 842 5751 ν,
874 5687 956 5740 l7.
1031 5686 1072 5719 ⁶²
1094 5685 1254 5743 Eccli.
1284 5700 1370 5754 xv,
1400 5686 1483 5743 i7.

2042 4546 2286 4662 capulum
2316 4563 2495 4614 suum,
2530 4565 2587 4607 et
2622 4570 2654 4609 ιι
2692 4567 2848 4617 terra
2883 4570 2982 4622 cui
3029 4546 3625 4654 commisturrn‘es-t‘,

2042 4648 2105 4662 nn
2149 4644 2264 4662 ..ιιι-ι
2331 4636 2463 4662 Ρη...
2516 4655 2640 4662 ..---

2040 4633 2282 4733 pellatur.
2331 4636 2465 4689 Cum
2516 4655 2652 4699 vero
2706 4663 3053 4718 separatum
3121 4668 3203 4721 ab
3261 4672 3465 4728 humo
3485 4633 3750 4741 :Uau’ri-‘et

2039 4722 2268 4831 speciem
2289 4733 2352 4831 let
2377 4741 2571 4782 nomen
2605 4741 2922 4809 acceperit,
2961 4760 3187 4806 aurum
3218 4722 3747 4831 quidem'dicitur.

2040 4812 2133 4866 sed
2172 4815 2395 4919 necdum
2425 4822 2762 4917 .prohatum.
2809 4830 2873 4885 Si
2935 4850 3151 4896 autem

2039 4908 2251 4954 coctum
2296 4902 2541 4963 fueritet
2568 4914 2869 4979 probatum
2893 4962 2911 4987 ,
2945 4934 3095 4983 tunc
3142 4902 3279 4990 au'ri
3303 4902 3743 5009 splendorem.

2039 5000 2093 5091 et
2121 5002 2348 5091 ornatus
2388 5000 2474 5052 sui
2509 5004 2713 5072 accipit
2752 5009 3137 5079 dignitatem.
3184 5025 3274 5081 Ita
3312 5000 3387 5084 et
3421 5000 3743 5091 animaist;

2042 5086 2124 5196 te:-
2153 5080 2452 5140 humanum
2491 5102 2548 5146 et
2582 5092 2791 5164 ignem,
2826 5100 2939 5157 hoc
2969 5119 3065 5163 est
3103 5112 3264 5169 inter
3324 5080 3745 5196 carnem—spi-

2042 5174 2315 5280 ritumque
2364 5181 2710 5249 consistens,
2753 5195 2996 5257 quando
3045 5214 3114 5254 se
3168 5174 3739 5280 tradideritﬂearrrii,

2042 5270 2172 5371 ﬂare
2190 5261 2446 5371 dicitur;
2479 5276 2701 5344 quando
2729 5281 2988 5371 spiritui,
3026 5294 3277 5358 spiritus
3306 5305 3679 5371 appellatur.
3713 5326 3734 5359 ι

2186 5359 2272 5460 cito
2323 5343 2670 5433 Augustinus
2729 5343 2828 5425 lib.
2879 5391 2919 5429 ι
2974 5343 3081 5434 'De'

2042 5439 2297 5550 iiIi-lim,
2333 5458 2586 5519 animam
2616 5472 2873 5533 tanquam
2914 5471 2973 5524 in
3020 5477 3211 5532 medio
3238 5439 3507 5550 posita—ru

2043 5536 2330 5596 “unquam
2370 5560 2402 5598 a
2438 5566 2610 5614 carne
2645 5556 2710 5611 ad
2740 5558 2876 5615 vitia
2912 5563 3201 5637 deprimi,
3238 5536 3729 5646 itonnunqiiam-a
