3894 6450
170 411 282 468 ΜΟ

1028 407 1585 470 ORIGENIANORUM
1627 410 1753 465 LIB.
1798 409 1863 473 ll,
1900 407 2054 464 CAP.
2096 405 2157 469 ll,
2198 406 2466 473 QIFAZST.
2508 408 2618 463 VII.

3296 404 3403 461 950

202 512 400 595 spiritu
447 513 514 568 ad
554 519 820 581 virtutem
870 531 1005 599 erigi
1054 534 1254 589 scribit.
1304 531 1450 586 Sicut
1488 539 1660 584 autem
1697 528 1761 581 ad
1792 534 1833 588 Λ
1862 528 2003 583 disse
2032 526 2230 581 homini
2264 543 2449 584 omnes
2481 530 2726 594 allectus,
2751 540 3046 596 omnesque
3079 533 3255 579 motus
3278 527 3402 593 qui-

214 618 495 675 niram‘l‘le
522 619 734 674 Partem
760 655 776 678 ,
811 621 1065 672 virtutem
1092 630 1146 673 et
1175 622 1391 683 vitium,
1426 620 1639 673 allicere
1669 634 1764 672 nos

219 703 386 758 bonos
443 715 508 754 ac
557 704 733 760 malos
792 710 1012 777 angelos
1061 712 1192 764 dixit
1236 712 1492 780 Origenes
1543 711 1635 765 lib.
1668 728 1682 764 I
1711 712 1765 764 in

221 791 390 858 Epist.
430 796 498 845 ad
544 792 724 861 Ποιη..
759 813 906 852 ιιιιιιι.
941 801 1027 865 18,
1060 802 1199 855 hunc
1228 803 1579 871 interpretans
1617 802 1763 856 Pauli

215 876 389 933 locum
416 879 509 946 qui
548 882 781 937 habetur
807 886 927 940 Gal.
962 902 1016 951 v,
1048 889 1134 950 I7,
1174 891 1247 944 ita
1278 902 1550 959 postquam
1598 891 1647 943 in
1677 906 1767 943 ea-

206 971 332 1025 dem
354 970 505 1024 Pauli
536 974 700 1027 verba
727 976 1053 1045 Augustinus
1081 995 1143 1032 ea
1168 981 1416 1034 disseruit
1447 996 1565 1048 qum
1603 995 1762 1047 supra

204 1060 488 1116 attulimus
514 1078 548 1117 e
575 1081 779 1120 Lxxxnt
818 1067 1231 1132 ριιωιιιὶοηεὺιισ,
1263 1080 1451 1137 quaest.
1481 1070 1571 1134 70,
1616 1070 1765 1125 addit

205 1151 401 1205 deinde
436 1169 452 1204 :
504 1170 525 1204 ι
562 1153 717 1210 Nunc
748 1160 980 1224 quandiu
1014 1170 1095 1213 est
1126 1160 1175 1213 in
1198 1161 1350 1214 nobis
1369 1163 1510 1229 quod
1550 1164 1765 1215 resistat

204 1241 355 1294 bona:
384 1241 657 1296 voluntati
686 1284 702 1308 ,
731 1248 929 1300 auxilio
962 1248 1053 1301 Dei
1100 1264 1193 1316 per
1236 1251 1401 1304 bonos
1434 1251 1673 1304 homines
1713 1259 1767 1304 et

200 1332 369 1386 bonos
402 1335 636 1403 angelos
665 1336 988 1403 indigemus,
1023 1348 1078 1389 ut
1105 1341 1271 1392 donec
1316 1350 1532 1393 sanetur
1575 1340 1766 1393 vulnus

198 1434 475 1486 nostrum,
516 1440 626 1478 non
660 1427 729 1478 ita
750 1428 1010 1493 molestet,
1044 1438 1103 1481 ιιι
1128 1430 1352 1497 perimat
1377 1430 1539 1483 etiam
1565 1429 1761 1483 bonam

198 1508 567 1568 voluntatem.
609 1534 628 1567 ι
665 1516 841 1584 Atque
863 1519 977 1571 haec
1009 1528 1113 1571 tam
1160 1519 1360 1573 diserte
1397 1521 1534 1587 apud
1586 1521 1766 1587 Augu-

193 1607 399 1658 stinmn
445 1621 709 1673 expressa
734 1624 832 1660 cur
866 1609 915 1661 in
954 1607 1182 1676 Origene
1224 1607 1594 1677 Pelagianismi
1631 1609 1763 1661 insi-

194 1695 494 1749 mulaverit
519 1696 830 1758 Jansenins,
859 1706 934 1750 tot
956 1712 1124 1751 annos
1151 1698 1204 1750 in
1229 1697 1511 1766 Augustini
1537 1697 1763 1751 lectione

194 1794 495 1847 tractatus,
534 1786 729 1837 mirum
761 1800 890 1838 sane
919 1794 1023 1839 est.

268 1870 403 1927 VIII.
446 1874 607 1928 Nunc
640 1890 766 1928 vero
800 1886 1013 1942 prepter
1053 1883 1285 1929 assertos
1332 1875 1553 1929 allectus
1597 1876 1761 1930 bonos

188 1973 246 2017 et
277 1965 458 2016 malos
485 1979 555 2017 ex
604 1979 768 2018 carne
818 1964 1130 2031 naturaliter
1176 1966 1531 2032 prodeuntes,
1572 1966 1759 2033 jnrene

189 2058 411 2109 venerit
471 2056 527 2108 in
595 2057 798 2109 crimen
834 2053 1114 2124 Origenes,
1162 2058 1524 2125 anquiramus.
1574 2058 1649 2111 Ac
1695 2058 1760 2111 de

190 2144 349 2197 malis
404 2144 635 2211 quidem
688 2146 1051 2198 controversia
1104 2145 1247 2197 nulla
1306 2155 1419 2207 est;
1486 2145 1551 2199 de
1606 2146 1759 2200 bonis

188 2241 407 2285 tantum
434 2233 804 2286 contenditur.
846 2232 994 2298 Quod
1025 2242 1307 2300 antequam
1354 2235 1625 2303 disputare
1671 2251 1760 2287 or-

188 2318 433 2381 diatnur,
484 2317 776 2371 dicendum
810 2329 891 2372 est
938 2317 1269 2385 Jansenium,
1316 2336 1418 2373 non
1460 2323 1557 2374 hoc
1588 2322 1756 2375 solum

189 2405 311 2461 loco
341 2421 518 2475 quem
561 2406 836 2467 diximus,
887 2408 979 2461 sed
1026 2410 1323 2479 signantins
1365 2412 1524 2463 etiam
1555 2419 1685 2466 tom.
1714 2411 1755 2477 I,

191 2496 284 2549 lib.
314 2511 395 2559 vt,
426 2510 553 2564 cap.
589 2495 675 2557 M,
704 2498 809 2550 vim
858 2497 1022 2555 illaut.
1072 2498 1185 2551 sive
1236 2508 1293 2551 ut
1345 2500 1455 2566 ipse
1503 2500 1755 2570 loquitur,

187 2583 586 2638 suﬂlcientiam
630 2584 766 2652 legis
805 2586 1064 2639 naturalis
1108 2587 1457 2654 impugnare;
1494 2603 1652 2655 quam
1701 2599 1758 2641 ut

187 2676 258 2728 ab
280 2674 534 2744 Origene
563 2675 822 2728 creditam
851 2686 904 2727 et
932 2676 1203 2728 defensam
1234 2676 1396 2730 fuisse
1420 2678 1614 2731 clarius
1638 2694 1758 2747 pro-

187 2764 296 2827 bet,
315 2766 442 2818 haec
460 2764 583 2831 ejus
602 2766 764 2817 verba
798 2765 985 2819 recitat
1003 2780 1034 2819 e
1052 2766 1143 2817 lib.
1176 2781 1209 2818 ιι
1233 2767 1284 2818 in
1306 2766 1474 2833 Epist.
1492 2770 1559 2820 ad
1582 2768 1754 2832 Βοιιι..

188 2871 337 2908 unm.
372 2857 447 2918 7,
488 2870 616 2924 pag.
658 2856 764 2909 484
806 2872 818 2908 :
866 2873 883 2905 ι
925 2854 1105 2909 Potest
1135 2857 1283 2921 Iieri,
1334 2867 1391 2911 nt
1438 2860 1520 2911 vel
1557 2875 1619 2912 ex
1673 2860 1755 2914 his

186 2943 278 3009 ιιιιί
318 2941 371 2993 in
412 2940 540 3008 lege
563 2951 712 3003 sunt,
752 2941 796 2993 si
822 2942 941 3007 quis
977 2942 1317 3007 persuasione
1355 2946 1566 3011 quidem
1607 2961 1755 2998 com-

190 3033 338 3085 muni
372 3032 607 3086 Christo
639 3046 745 3083 non
777 3031 968 3093 credit,
998 3042 1247 3097 operetur
1277 3043 1450 3088 tamen
1484 3038 1619 3102 quod
1664 3036 1755 3088 bo-

189 3135 314 3172 ntun
344 3129 465 3181 est,
499 3118 768 3186 justitiam
805 3127 1016 3181 teneat,
1078 3120 1495 3174 misericordiam
1547 3122 1746 3190 diligat,

190 3210 513 3261 castitatem
548 3216 604 3261 et
632 3207 1021 3259 continentiam
1046 3218 1240 3270 servet,
1275 3210 1585 3263 modestiam
1616 3188 1743 3265 letti-
1780 3188 1821 3244 θ

188 3304 478 3365 tatemque
515 3296 807 3355 custodiat,
837 3305 997 3362 atque
1021 3310 1178 3348 omne
1223 3312 1357 3363 opus
1399 3296 1592 3351 bonum
1626 3314 1755 3366 0pc-

187 3397 373 3449 retur;
448 3385 580 3446 hic,
644 3383 854 3435 etiamsi
907 3384 1063 3434 vitam
1112 3399 1216 3437 non
1262 3385 1422 3437 habet
1463 3395 1753 3450 aeternam,

187 3480 312 3544 quia
342 3475 587 3529 credens
618 3472 718 3525 soli
749 3487 871 3525 vero
906 3472 1008 3525 Deo
1031 3512 1044 3535 ,
1095 3490 1197 3525 non
1252 3473 1475 3527 credidit
1521 3484 1576 3528 et
1622 3475 1757 3528 Filio

184 3566 301 3631 eius
328 3564 468 3619 Iesu
512 3562 751 3624 Christo,
793 3576 947 3629 quem
980 3562 1154 3625 misit;
1196 3571 1371 3616 tamen
1413 3565 1580 3633 gloria
1629 3579 1755 3632 ope-

187 3673 303 3709 rum
349 3657 502 3725 ejus,
557 3664 614 3707 et
663 3668 764 3721 pax
807 3663 860 3705 et
901 3653 1069 3706 honor
1116 3653 1310 3720 poterit
1351 3670 1451 3707 non
1494 3657 1688 3720 perire.
1725 3673 1743 3707 ι

186 3747 364 3816 Atque
393 3761 463 3799 ea
496 3759 632 3798 sane
671 3744 910 3810 uu5piatn
934 3744 998 3793 ad
1026 3757 1119 3795 eos
1152 3744 1471 3805 referuntur,
1507 3745 1595 3813 qui
1631 3754 1756 3799 sunt

188 3842 287 3891 sub
338 3840 465 3906 lege
524 3847 761 3896 natm-:12,
816 3832 907 3885 sed
956 3832 1019 3883 ad
1043 3831 1251 3885 Jndzeos
1290 3834 1377 3901 qui
1428 3836 1756 3902 regebantur

187 3930 452 3982 Mosalcis
479 3926 726 3993 legibus,
757 3938 784 3975 ιι
816 3924 1009 3990 quibus
1053 3926 1483 3976 absterrebantnr
1529 3939 1557 3975 a
1590 3925 1750 3989 vitiis,

186 4020 252 4070 ad
274 4020 546 4070 virtutem
568 4012 1005 4065 incendebantur.
1023 4008 1309 4078 Sequentia
1342 4025 1470 4063 vero
1496 4013 1561 4063 ad
1581 4014 1753 4065 etimi-

185 4123 283 4163 cos
309 4118 533 4160 natura.-
562 4103 733 4156 solttm
766 4102 930 4169 legem
962 4110 1233 4152 servantes
1261 4100 1559 4167 pertinent:
1594 4118 1613 4150 ι
1646 4101 1752 4153 Sed

187 4206 241 4251 et
261 4195 523 4253 Grzeeus,
547 4192 596 4244 id
623 4199 705 4242 est
754 4188 982 4254 gentilis,
1006 4188 1048 4241 si
1078 4203 1195 4240 cum
1219 4187 1384 4255 legem
1416 4202 1516 4240 non
1542 4190 1753 4253 habeat,

187 4289 305 4356 ipse
334 4286 444 4338 sibi
475 4290 562 4336 est
608 4280 712 4343 lex,
753 4278 1039 4331 ostendens
1072 4293 1201 4345 opus
1234 4278 1363 4345 legis
1391 4278 1440 4330 itt
1466 4280 1622 4331 corde
1655 4294 1755 4333 suo

186 4388 236 4430 et
262 4373 510 4428 naturali
555 4371 764 4423 ratione
792 4370 1063 4431 immotus,
1096 4369 1229 4421 sicut
1256 4368 1494 4421 videmus
1533 4370 1756 4421 nonnul—

184 4470 267 4521 Ios
293 4483 345 4520 tu
376 4463 671 4533 gentibus,
710 4458 790 4512 vel
818 4458 1078 4524 justitiam
1108 4466 1307 4520 teneat,
1347 4456 1425 4509 vel
1452 4456 1752 4509 castitatem

184 4570 409 4619 servet,
450 4554 535 4604 vel
567 4549 922 4620 prudentiam,
960 4548 1384 4614 temperantiam,
1415 4547 1752 4599 modestiam-

183 4663 292 4715 qne
342 4643 662 4703 custodiat;
719 4640 819 4691 iste
869 4638 992 4688 licet
1047 4636 1252 4688 alienus
1286 4650 1313 4686 a
1360 4637 1464 4687 vita
1514 4635 1754 4688 videatur

185 4746 425 4795 aeterna,
458 4731 587 4799 quia
615 4743 719 4781 non
747 4726 917 4779 credit
940 4722 1175 4787 Christo,
1202 4734 1255 4776 et
1278 4724 1478 4774 intrare
1503 4736 1603 4773 non
1630 4736 1753 4788 pos-

183 4828 259 4879 sit
308 4825 363 4876 in
423 4834 653 4885 regnum
700 4816 958 4870 ctelurnm
994 4813 1113 4879 quia
1168 4822 1379 4865 renatus
1416 4826 1518 4861 non
1564 4822 1643 4862 est
1685 4825 1751 4864 ex

185 4929 333 4982 aqua
363 4920 426 4965 et
461 4910 676 4976 spiritu,
715 4906 923 4956 videtur
960 4913 1131 4957 tamen
1180 4902 1317 4969 quod
1353 4914 1444 4966 per
1485 4900 1595 4952 haec
1633 4915 1751 4968 qua:

182 5008 456 5059 dicuntur
487 5001 557 5051 ab
588 4994 874 5065 Apostolo,
922 4994 1178 5046 bonorum
1228 5004 1451 5059 operum
1505 4988 1752 5054 gloriam,

183 5109 239 5149 et
273 5097 574 5150 honorem,
605 5098 655 5141 et
687 5100 867 5154 pacem
897 5086 1117 5152 perdere
1142 5082 1352 5150 penitus
1373 5092 1475 5129 non
1502 5081 1688 5144 possit.
1720 5097 1742 5130 ι

185 5183 457 5236 Pluribus
492 5178 686 5230 deinde
713 5182 1079 5242 argumentum
1106 5171 1241 5222 idem
1271 5166 1541 5233 expendit.
1578 5166 1754 5220 Refel-

186 5276 252 5326 Iit
308 5282 533 5340 quoque
581 5264 861 5319 .Ianseuins
925 5277 1044 5316 cum
1105 5254 1465 5328 superioribus
1524 5255 1750 5310 alterum

186 5364 381 5416 locum
444 5355 786 5413 Adamautii,
842 5354 931 5423 qui
999 5367 1101 5406 non
1156 5350 1273 5401 sine
1338 5345 1583 5398 cautione
1624 5361 1754 5400 sane

188 5450 528 5508 tractamlus
559 5454 658 5500 est.
697 5464 715 5496 ι
744 5446 1036 5500 Invenietur
1066 5440 1278 5511 quidem
1306 5435 1440 5488 Deus
1460 5475 1474 5499 ,
1511 5453 1531 5485 ι
1576 5437 1755 5506 Inquit

189 5544 472 5611 Origenes
510 5537 600 5589 lib.
627 5551 683 5587 ιιι
716 5536 767 5587 in
808 5535 969 5625 Fpist.
998 5534 1067 5589 ad
1100 5530 1244 5582 Rom.
1273 5565 1289 5591 ,
1322 5540 1465 5578 num.
1501 5524 1555 5591 6,
1597 5544 1615 5577 ι
1656 5530 1752 5583 de-

264 5720 318 5753 ⁸⁸
352 5718 513 5772 nam.
539 5726 601 5775 tt,
627 5710 708 5765 l5.

1866 618 1962 669 bus
1988 616 2054 667 ad
2090 615 2336 668 virtutem
2396 619 2490 671 niti
2541 618 2707 684 possit
2753 626 2807 671 et
2855 616 3101 685 progredi
3135 630 3149 668 :
3182 616 3403 684 insuper

1862 705 2020 757 etiam
2058 704 2161 756 vim
2190 704 2409 757 rationis
2433 706 2766 771 inseruisse,
2790 722 2893 774 qua
2927 713 3245 774 agnosceret
3273 706 3397 773 quid

1863 794 2078 848 deberet
2132 807 2308 863 agere,
2360 796 2484 862 quid
2529 811 2740 851 cavere.
2798 797 2919 850 Ilrec
2968 812 3098 867 ergo
3128 798 3401 851 invenitur

1863 882 2004 936 Deus
2031 884 2385 937 communiter
2422 884 2670 936 omnibus
2718 884 3023 939 heminibus
3063 885 3399 954 przestitisse.

1865 973 1966 1027 Sed
1996 974 2040 1025 si
2073 973 2154 1027 his
2193 974 2426 1039 acceptis
2476 972 2633 1025 homo
2686 976 2982 1038 neglexerit
3031 975 3131 1029 iter
3185 975 3400 1028 virtutis

1864 1064 2137 1125 incedere.
2189 1065 2275 1117 cui
2320 1078 2384 1117 ex
2420 1063 2524 1115 Deo
2581 1064 2710 1115 nihil
2746 1065 2942 1125 deluit,
2988 1065 3255 1118 invenitur
3285 1067 3399 1132 ipse

1863 1154 2093 1208 defuisse
2128 1154 2194 1207 iis
2223 1169 2339 1223 quae
2369 1170 2396 1207 a
2432 1154 2538 1206 Deo
2562 1153 2680 1205 data
2714 1162 2837 1206 sunt
2858 1154 2980 1207 sibi.
3013 1172 3031 1204 ι
3068 1153 3187 1209 "th
3212 1170 3401 1225 quatu-

1865 1246 1942 1298 vis
1981 1244 2425 1313 Pelagianismum
2461 1245 2691 1313 sapiant,
2722 1245 3003 1313 genuinam
3031 1255 3204 1299 tamen
3230 1260 3396 1313 expo-

1864 1335 2145 1398 sitionem,
2197 1349 2418 1401 eamque
2464 1334 2810 1387 orthodoxam
2870 1333 3106 1400 recipere
3155 1343 3395 1402 possunt,

1864 1424 1943 1476 vel
1973 1423 2321 1491 intelligendo
2353 1423 2576 1491 gratiam
2606 1423 2804 1475 homini
2834 1424 3011 1475 datam
3038 1439 3066 1475 ιι
3100 1423 3239 1486 Deo,
3279 1439 3393 1491 qua:

1863 1513 2029 1579 gratia
2059 1513 2124 1565 ad
2154 1513 2374 1565 salutem
2406 1513 2799 1580 adipiscendam
2830 1511 3086 1577 suiliciat;
3122 1514 3203 1565 vel
3234 1513 3393 1565 intel-

1862 1602 2072 1669 ligendo
2117 1602 2283 1670 legem
2314 1611 2538 1663 natura»,
2580 1601 2731 1667 cujus
2772 1616 2871 1668 ope
2898 1602 3056 1655 etiam
3102 1602 3297 1655 ethnici
3328 1602 3394 1655 ad

1861 1695 2081 1747 virtutes
2119 1693 2348 1747 morales
2398 1693 2489 1745 niti
2561 1702 2819 1760 possunt;
2870 1708 2973 1747 non
3014 1694 3080 1744 ad
3131 1706 3222 1746 eas
3276 1708 3396 1760 qute

1861 1784 2145 1852 quidquam
2178 1784 2459 1837 conferant
2484 1784 2546 1835 ad
2589 1784 2812 1836 salutem
2848 1796 2863 1835 :
2903 1783 2988 1837 hic
3031 1784 3172 1837 enim
3219 1785 3397 1851 gravis

1794 1864 1831 1918 Β
1860 1883 1997 1927 esset
2024 1890 2193 1937 error,
2222 1876 2306 1927 cui
2346 1875 2481 1927 sine
2520 1874 2749 1929 crimine
2798 1875 3121 1945 patrocinari
3169 1889 3274 1927 non
3327 1874 3393 1928 Ii-

1857 1975 2024 2019 ceret.

1927 2054 2015 2107 IX.
2051 2054 2205 2107 Certe
2239 2054 2446 2121 aliquod
2474 2054 2594 2106 boni
2626 2069 2790 2123 genus
2820 2068 2886 2107 ex
2933 2055 2983 2107 vi
3018 2064 3221 2108 natura:
3263 2055 3394 2110 oriri

1856 2157 2010 2210 posse
2035 2152 2336 2196 sanctorum
2372 2142 2587 2195 Patrum
2631 2158 2816 2210 magna
2863 2159 2987 2210 pars
3033 2146 3244 2212 opinata
3288 2158 3392 2210 est;

1856 2232 1947 2283 sed
1976 2232 2297 2297 Augustinus
2321 2232 2639 2298 praesertim,
2664 2231 2815 2297 cujus
2842 2233 2892 2284 in
2918 2233 3217 2299 lmjusmodi
3248 2249 3392 2301 qna:-

1855 2319 2116 2372 stionibns
2151 2321 2415 2387 pra-cipua
2455 2320 2749 2373 auctoritas
2778 2333 2878 2374 est.
2910 2320 2999 2374 Sic
3040 2323 3126 2374 ille
3151 2321 3287 2373 libro
3319 2322 3395 2375 Ωιι

1855 2409 2036 2475 spiritu
2071 2419 2116 2461 et
2145 2410 2316 2462 littera
2337 2446 2352 2471 ,
2384 2424 2504 2477 cap.
2530 2410 2598 2463 27
2631 2428 2644 2463 :
2683 2428 2700 2461 ι
2745 2410 2797 2464 Si
2825 2422 2998 2465 autem
3042 2413 3091 2467 hi
3123 2413 3209 2481 qui
3238 2424 3392 2464 natu-

1857 2497 2040 2551 raliter
2060 2512 2178 2566 quae
2198 2498 2331 2565 legis
2358 2510 2479 2550 sunt
2506 2498 2731 2561 faciunt,
2758 2503 2991 2554 nondum
3017 2511 3143 2554 sunt
3165 2501 3392 2554 habendi

1856 2589 1909 2641 in
1941 2600 2164 2642 numero
2194 2604 2376 2641 eorum
2409 2603 2542 2656 quos
2567 2590 2765 2642 Christi
2792 2589 3048 2658 justilicat
3075 2592 3264 2660 gratia,
3300 2593 3393 2645 sed

1857 2679 1907 2730 in
1938 2692 2121 2732 eormn
2154 2678 2358 2745 potius,
2426 2691 2650 2745 quorum
2712 2679 2872 2731 etiam
2921 2678 3244 2745 impiormn,
3296 2695 3397 2732 nec

1859 2768 2021 2822 Deum
2064 2781 2245 2821 verum
2267 2768 2532 2821 veraciter
2549 2768 2797 2835 justeque
2819 2768 3123 2828 colentium,
3147 2769 3388 2835 quaedam

1858 2868 2030 2911 tamen
2063 2857 2200 2911 facta
2230 2858 2310 2911 vel
2340 2858 2580 2926 legimus,
2606 2859 2687 2909 vel
2722 2859 2985 2921 novimus,
3011 2864 3090 2910 vel
3127 2859 3398 2921 audimus,

1854 2962 1971 3015 qua?
2011 2947 2300 3001 secundum
2337 2944 2557 3011 justitize
2602 2946 2837 3012 regulam
2890 2961 2992 2997 non
3044 2945 3212 2998 solum
3251 2946 3395 2998 vitu-

1854 3054 2042 3107 perare
2086 3052 2189 3090 non
2219 3051 2519 3103 possumus,
2552 3050 2734 3088 verum
2784 3035 2945 3088 etiam
2981 3036 3177 3089 merito
3229 3046 3399 3090 recte-

1855 3142 1957 3194 que
1997 3128 2271 3179 landamus
2305 3143 2319 3178 3
2354 3139 2656 3193 quanquam
2700 3123 2741 3178 si
2794 3126 3103 3178 discutiatur
3142 3141 3248 3194 quo
3292 3126 3401 3180 tiae

1858 3218 2006 3278 tiam,
2047 3217 2132 3267 vix
2159 3216 2522 3277 inveniuntur,
2551 3229 2667 3282 quae
2691 3214 2912 3281 iustitia:
2936 3213 3163 3267 debitam
3187 3214 3398 3268 laudem

1853 3305 2281 3358 tlel'ensionetnve
2315 3313 2640 3361 mereantur.
2673 3321 2692 3355 ι
2729 3304 2912 3371 Capite
2935 3304 3124 3357 deinde
3152 3304 3395 3373 srquenti

1853 3394 2038 3447 scribit
2063 3410 2165 3447 non
2202 3410 2370 3462 usque
2394 3397 2526 3447 adeo
2551 3404 2878 3447 terrenormu
2908 3393 3190 3447 allectuum
3226 3394 3396 3447 labem

1852 3482 2043 3534 anima!
2068 3482 2312 3534 humana:
2344 3482 2665 3541 incubuisse,
2695 3490 2752 3533 ut
2784 3496 2889 3533 non
2917 3482 3175 3549 impressa
3203 3493 3392 3547 supcr-

1852 3571 1957 3622 sint
1993 3570 2240 3636 imaginis
2279 3569 2366 3622 Dei
2402 3569 2621 3636 vestigia
2646 3610 2660 3633 ,
2712 3571 2851 3620 unde
2898 3577 3158 3637 przecepta
3218 3569 3396 3636 aliqua

1852 3658 1981 3726 legis
2009 3658 2058 3710 in
2081 3657 2191 3726 ipsa
2222 3658 2378 3709 etiam
2404 3656 2668 3719 impietate
2690 3658 2915 3722 exsequi
2949 3662 3031 3707 vet
3062 3670 3249 3723 sapere
3278 3658 3389 3707 me-

1853 3746 1953 3797 ritu
1987 3745 2087 3797 dici
2116 3744 2299 3812 possit.
2329 3743 2489 3795 Addit
2512 3750 2697 3812 postea
2728 3742 2895 3811 legem
2930 3742 3026 3795 Dei
3058 3758 3161 3794 ιιυιι
3187 3742 3401 3810 penitus

1851 3849 1947 3903 per
1969 3843 2239 3903 peccatum
2279 3849 2308 3885 e
2334 3833 2584 3886 cordibus
2619 3833 2817 3885 nostris
2850 3846 3094 3894 erasam;
3132 3832 3381 3883 renovari

1852 3939 1945 3992 per
1974 3923 2218 3991 gratiam.
2258 3922 2322 3975 Et
2358 3923 2695 3989 postmodum
2721 3938 2734 3973 :
2766 3936 2784 3970 ι
2814 3919 2945 3972 Nam
2970 3929 3022 3973 et
3052 3919 3151 3986 ipsi
3185 3916 3396 3987 (.Iudazi)

1853 4014 2095 4067 homines
2146 4021 2328 4075 erant,
2359 4021 2414 4065 et
2460 4011 2539 4075 vis
2576 4011 2661 4063 illa
2708 4020 2908 4062 natura
2951 4012 3125 4062 inerat
3151 4009 3264 4071 eis,
3291 4024 3395 4077 qua

1853 4102 2144 4170 legitimum
2172 4101 2372 4168 aliquid
2407 4099 2582 4151 anima
2618 4099 2894 4152 rationalis
2935 4107 2989 4150 et
3031 4096 3195 4150 sentit
3224 4105 3277 4149 et
3318 4095 3399 4148 I'a-

1852 4194 1943 4247 cit.
1978 4212 1997 4245 ι
2033 4192 2165 4245 Tum
2208 4190 2362 4258 paulo
2384 4199 2534 4258 post,
2588 4190 2661 4241 ait
2719 4203 2903 4256 parum
2956 4187 3293 4255 profuturum
3344 4186 3397 4238 in

1854 4285 1937 4337 die
1957 4283 2138 4352 judicii
2169 4282 2250 4334 bis
2287 4288 2488 4333 natura:
2538 4278 2739 4346 legibus
2788 4278 3059 4344 paruisse,
3112 4275 3213 4328 nisi
3263 4274 3398 4326 forte

1855 4374 1918 4425 ad
1951 4371 2239 4441 mitiganda
2271 4369 2525 4439 supplicia
2560 4383 2617 4419 τι
2645 4366 2951 4419 Sicutenim
2978 4380 3080 4417 non
3103 4364 3396 4432 impediunt

1854 4476 1882 4511 a
1937 4461 2044 4512 vita
2095 4470 2293 4512 aeterna
2333 4459 2530 4525 justum
2582 4458 2822 4523 qumtlanl
2876 4463 3093 4522 peccata
3138 4452 3393 4521 yenialia,

1856 4551 1969 4604 sine
2000 4550 2189 4616 quibus
2220 4550 2329 4600 luec
2364 4548 2465 4599 vita
2517 4559 2618 4597 non
2658 4544 2871 4597 ducitur
2906 4558 2921 4597 :
2958 4542 3035 4596 sic
3064 4542 3130 4595 ad
3170 4541 3393 4596 salutem

1855 4651 2104 4693 aeternam
2139 4639 2263 4691 nilril
2317 4644 2538 4703 prosunt
2587 4635 2747 4701 impio
2779 4632 2959 4700 aliqua
3011 4632 3151 4685 bona
3207 4646 3393 4700 Opera,

1856 4731 1971 4783 sine
1996 4728 2187 4798 quibus
2212 4727 2521 4779 difﬁcillime
2560 4725 2664 4777 vita
2699 4724 2981 4791 cujuslibet
3028 4722 3245 4785 pessimi
3290 4708 3393 4775 Ἰιοε

1858 4819 2014 4871 minis
2069 4817 2353 4870 invenitur.
2395 4834 2413 4866 ι
2478 4815 2539 4867 Ει
2604 4817 2797 4868 iterum
2832 4830 2846 4867 :
2877 4833 2893 4863 ι
2934 4812 3072 4877 Quid
3113 4827 3238 4881 ergo
3273 4809 3394 4864 hinc

1856 4908 2140 4975 Apostolus
2177 4904 2384 4959 cllicere
2413 4905 2597 4970 voluit,
2634 4910 2772 4974 quod
2806 4904 3110 4974 iactantiam
3140 4902 3395 4955 cohibens

1852 4993 2174 5057 Iudaeorum,
2217 5008 2335 5046 cum
2369 4994 2591 5047 dixisset
2620 5009 2635 5045 :
2669 4992 2790 5055 Non
2822 4994 3088 5045 antlitores
3116 4989 3241 5057 legis
3259 4988 3391 5053 justi

1853 5089 1968 5131 sunt
1992 5079 2129 5141 apud
2149 5078 2331 5143 Deum,
2365 5080 2452 5132 sed
2478 5080 2705 5148 [actores
2740 5081 2862 5148 legis
2881 5078 3306 5147 jttstiﬁcabuutur
3328 5072 3392 5127 ⁸³.

1855 5168 2109 5220 continuo
2138 5167 2362 5231 subjecit
2403 5168 2584 5222 dehis
2630 5169 2719 5237 qui
2772 5169 2938 5234 legem
2988 5181 3088 5218 non
3141 5161 3397 5211 habentes

1856 5254 2166 5308 naturaliter
2193 5271 2311 5323 qua:
2342 5256 2471 5323 legis
2504 5265 2628 5309 sunt
2658 5256 2861 5309 faciunt
2881 5295 2895 5315 ,
2947 5253 2990 5305 si
3024 5263 3123 5303 non
3150 5244 3222 5297 illi
3270 5252 3399 5295 sum

1856 5346 2178 5415 intelligendi
2224 5347 2313 5415 qui
2346 5348 2611 5414 pertinent
2664 5348 2730 5399 ad
2784 5344 3005 5416 gratiam
3057 5330 3400 5391 mediatoris,

1856 5438 1949 5491 sed
1979 5437 2049 5489 illi
2084 5437 2276 5503 potius,
2302 5438 2391 5506 qui
2423 5452 2543 5491 cum
2589 5436 2751 5491 Deum
2808 5445 2985 5486 verum
3028 5435 3171 5514 vera.
3194 5415 3409 5514 pietate

1855 5543 1959 5581 non
1987 5527 2160 5581 colant
2187 5566 2201 5593 ,
2252 5528 2447 5581 habent
2484 5539 2656 5582 tamen
2689 5523 2925 5594 quantam
2970 5520 3130 5579 0i"?ra
3160 5504 3311 5556 δοίη
3349 5504 3413 5557 in
