3894 6446
141 422 243 474 935

997 412 1553 473 οιιιοεΝιΑΝοιιυιι
1591 414 1716 469 LIB.
1757 415 1822 481 ll,
1862 416 2011 471 CAP.
2053 414 2115 478 li,
2157 414 2423 481 QUAEST.
2462 419 2570 476 Vll.

3249 418 3353 473 955

227 516 327 582 ιι.
359 511 665 587 Postquam
700 524 771 581 de
806 526 924 597 lege
944 540 1152 585 natum
1188 530 1323 583 male
1346 527 1574 582 sensisse
1602 527 1726 582 οτι-
1755 539 1800 590 Α
1828 528 2107 582 videantur
2127 542 2245 582 esse
2275 532 2432 595 bona,
2466 543 2642 586 tamen
2684 540 3017 601 operatorem
3075 546 3228 587 suum
3268 535 3353 603 ju-

178 621 358 685 geuetn
396 606 796 669 demonstravit
825 617 1104 672 Jansenius
1148 629 1271 674 tom.
1304 618 1345 682 Ι,
1377 619 1463 671 lib.
1502 634 1574 679 vt,
1601 634 1717 687 cap.

190 706 273 767 ιι,
299 715 401 754 nott
440 699 661 755 saniora
687 705 966 773 opinatum
1020 708 1183 762 fuisse
1221 709 1282 761 de
1307 709 1419 776 lege
1440 706 1603 760 Musis
1629 723 1721 762 co-

189 806 344 849 natur
383 794 703 855 ostendere;
758 796 845 850 cui
897 798 1289 863 comprobando
1341 798 1491 851 alfert
1542 798 1665 851 illud
1696 814 1729 853 e

191 884 281 938 lib.
311 897 364 935 tv
386 883 443 935 in
466 879 641 948 Epist.
667 886 738 937 ad
770 885 945 951 Rom,
993 902 1137 941 num.
1165 888 1217 950 l,
1255 903 1371 955 pag.
1408 888 1547 940 525:
1577 905 1597 939 ι
1628 889 1731 941 lni-

187 976 314 1027 tium
344 987 585 1040 namque
607 973 892 1042 justiﬁcari
932 995 959 1028 a
993 977 1119 1040 Deo,
1150 977 1279 1029 ﬁdes
1300 987 1381 1030 est
1418 993 1536 1045 quae
1562 980 1731 1033 credit

183 1066 237 1119 in
257 1064 669 1134 justiﬁcantem.
704 1066 769 1119 Et
808 1068 918 1122 haec
944 1069 1071 1122 ﬁdes
1098 1083 1213 1121 cum
1242 1069 1527 1134 justiﬁcata
1550 1069 1726 1135 fuerit,

181 1161 432 1219 tanquam
464 1153 625 1205 radix
656 1154 826 1206 imbre
846 1163 1093 1221 suscepto
1121 1155 1284 1208 lueret
1310 1154 1361 1206 in
1386 1154 1579 1207 animae
1594 1154 1728 1217 solo,

175 1252 233 1295 ut
258 1256 380 1294 cum
419 1257 521 1309 per
547 1242 717 1310 legem
754 1243 844 1297 Dei
871 1244 1039 1297 excoli
1067 1247 1308 1311 coeperit,
1339 1254 1559 1311 surgant
1578 1244 1643 1296 vin
1668 1259 1729 1296 ea

177 1333 331 1393 rami,
352 1333 450 1399 qui
496 1333 709 1386 fructus
734 1348 951 1402 Operum
991 1334 1180 1388 ferant.
1229 1354 1248 1386 ι
1298 1332 1732 1401 Subiungitlan-

171 1422 351 1475 senius
380 1439 395 1475 :
426 1440 453 1472 s
486 1423 630 1477 Ecce
651 1425 843 1493 dogma
866 1423 1059 1493 Pelagii
1081 1425 1144 1477 de
1163 1430 1427 1492 operando
1452 1443 1549 1495 per
1564 1429 1729 1497 legem

164 1512 397 1580 justitia,
438 1514 738 1568 dummodo
788 1515 1028 1569 remissio
1077 1527 1412 1583 peccatorum
1444 1512 1541 1586 pe'r
1575 1519 1729 1572 ﬁdem

168 1604 290 1654 est:
317 1602 689 1669 pmesserit.
724 1621 741 1653 ι
775 1603 843 1655 At
869 1618 969 1655 non
1020 1604 1132 1658 lizec
1154 1605 1217 1656 ad
1257 1605 1420 1674 legem
1452 1606 1612 1660 Musis
1642 1621 1732 1674 pe-

162 1688 457 1743 culiariter
488 1691 783 1757 pertinent,
821 1691 911 1743 sed
941 1692 1007 1744 ad
1035 1706 1191 1759 opera
1229 1700 1435 1745 tantum
1456 1692 1591 1745 bona
1619 1694 1731 1746 sive

164 1776 508 1838 Iudaeorum,
564 1778 682 1831 sive
718 1779 1070 1842 ethnicorum,
1122 1794 1238 1846 qua:
1267 1779 1383 1851 sine
1412 1779 1514 1833 ﬁde
1557 1780 1727 1833 inania

166 1876 310 1920 sunt.
334 1867 435 1920 Ait
466 1881 604 1935 ergo
633 1867 839 1920 initium
864 1867 1252 1933 justiﬁcationis
1282 1869 1437 1921 Iidem
1463 1882 1579 1922 esse
1614 1884 1733 1936 qum

157 1957 338 2010 credit
374 1958 461 2012 ini.
490 1956 705 2021 Deum;
751 1972 867 2024 quae
905 1957 1052 2017 fides,
1112 1958 1261 2025 quasi
1331 1957 1612 2020 dispositio
1666 1958 1731 2009 ad

158 2046 625 2114 justiﬁcationeni
679 2048 1081 2115 acquirendam,
1120 2063 1237 2100 cum
1265 2047 1521 2114 justitiam
1550 2062 1733 2115 appre-

167 2136 451 2197 henderit,
482 2145 543 2188 ttt
572 2135 881 2203 loquuntur,
925 2145 1082 2201 atque
1118 2135 1185 2186 ita
1207 2134 1491 2199 justillcata
1525 2134 1729 2187 fuerita

168 2225 315 2287 Deo;
353 2240 602 2294 cumque
623 2226 843 2291 justitia:
869 2225 1058 2286 imbre,
1082 2224 1157 2277 sic
1190 2234 1435 2292 tanquam
1462 2223 1609 2275 radix
1636 2223 1733 2275 ali-

167 2328 291 2381 qua,
325 2314 587 2382 perpluta
612 2314 792 2378 fuerit,
820 2325 943 2368 tunc
970 2315 1079 2379 ipsa
1112 2316 1243 2366 lides
1261 2322 1417 2381 atque
1438 2313 1548 2379 ipsa
1577 2312 1735 2381 justi-

171 2403 245 2457 tia
270 2406 480 2457 animae
498 2402 615 2457 solo
652 2403 948 2465 inhaerent;
1002 2403 1078 2455 sic
1110 2412 1279 2454 tamen
1308 2411 1364 2453 nt
1393 2402 1583 2455 divinae
1606 2402 1732 2470 lcgis

169 2493 566 2545 observatione
602 2491 772 2544 foveri
823 2491 967 2543 illam
1013 2500 1064 2543 et
1110 2491 1275 2544 excoli
1323 2505 1537 2544 necesse
1566 2490 1635 2543 sit
1668 2492 1733 2543 ad

170 2581 433 2636 ferendos
482 2594 708 2648 Operum
766 2577 993 2641 fructus,
1043 2578 1129 2644 qui
1187 2578 1327 2630 velut
1364 2578 1554 2630 radicis
1582 2577 1735 2645 hujus

170 2672 371 2726 surculi
428 2670 794 2729 elllorescaut.
838 2666 965 2731 Quae
1010 2667 1128 2721 lidei
1183 2666 1456 2720 cathdicze
1507 2667 1733 2720 decretis

171 2772 575 2830 usquequaque
628 2764 941 2819 conscitaut,
992 2756 1038 2808 si
1077 2757 1231 2808 modo
1266 2757 1516 2824 prmi/ium
1552 2756 1735 2824 gratiae

172 2851 475 2905 excitantis
502 2858 559 2901 et
591 2845 829 2915 juvantis
855 2845 1143 2898 subsidium
1172 2855 1509 2912 agnoscatur.
1544 2844 1734 2897 Verum

172 2958 273 2996 non
302 2941 357 2994 id
412 2939 667 3005 queritur
710 2937 991 2990 Jausenius
1024 2951 1038 2988 :
1072 2945 1125 2988 at
1154 2936 1316 2987 latere
1363 2935 1450 2989 hic
1480 2944 1736 2988 causatur

174 3033 371 3100 dogma
407 3028 617 3095 Pelagii
644 3027 713 3080 de
745 3027 1007 3093 Operanda
1033 3040 1126 3093 per
1152 3024 1316 3093 legem
1338 3023 1564 3091 justitia,
1588 3025 1739 3079 dum-

176 3124 332 3176 modo
371 3120 634 3172 remissio
662 3126 1002 3184 peccatorum
1030 3130 1123 3184 per
1154 3117 1311 3168 Iidem
1340 3115 1462 3167 data
1509 3116 1736 3182 praeces-
1760 3156 1801 3214 Ο

177 3218 325 3266 serit.
362 3212 581 3264 Debere
615 3208 826 3275 quidem
865 3220 894 3258 a
931 3204 1032 3257 lide
1074 3203 1501 3273 justiﬁcationem
1540 3204 1734 3257 ducere

175 3303 495 3363 exordium;
540 3296 893 3363 eamdemque
924 3303 1135 3362 peccata
1188 3292 1381 3358 delere,
1447 3302 1499 3347 et
1539 3293 1624 3346 hic
1656 3294 1735 3346 di-

175 3393 317 3445 xisse
346 3392 592 3443 fatemur
617 3386 921 3452 Origenem,
970 3394 1027 3436 et
1064 3391 1207 3436 recte
1237 3383 1436 3437 dixisse
1468 3383 1735 3451 pertendi-

180 3494 332 3533 mns:
371 3492 481 3531 nec
519 3477 572 3528 in
614 3490 679 3529 eo
722 3474 909 3540 opinor
946 3472 1281 3539 Pelagianum
1314 3471 1440 3524 illttd
1486 3472 1732 3539 placitum

176 3564 472 3621 Jansenius
529 3562 762 3630 positum
790 3574 905 3612 esse
938 3558 1121 3619 voluit,
1175 3558 1265 3610 sed
1322 3559 1372 3610 iti
1407 3559 1651 3625 dogmate
1672 3559 1736 3612 de

177 3658 454 3726 speranda
495 3668 596 3723 per
624 3652 788 3717 legem
813 3650 1038 3719 justitia,
1080 3648 1217 3714 quod
1250 3647 1582 3716 Pelagianutn
1618 3661 1736 3703 esse

179 3746 561 3816 agnoscimus,
593 3742 686 3795 sed
720 3741 786 3793 ab
825 3741 923 3792 hoc
954 3737 1194 3805 Origenis
1229 3737 1343 3791 loco
1373 3738 1523 3804 longe
1558 3737 1735 3804 procul

176 3838 365 3889 abesse
399 3844 730 3901 pugnamus.
751 3827 1027 3893 Quomodo
1054 3826 1193 3879 enim
1213 3825 1533 3893 cperandam
1570 3827 1738 3880 sensit

179 3942 273 3994 per
305 3926 490 3995 legem
522 3920 809 3990 justitiam,
839 3918 925 3985 qui
945 3916 1375 3983 justiﬁcationem
1398 3916 1527 3983 legis
1553 3918 1739 3970 obser-

179 4019 379 4072 vationi
422 4018 756 4084 prmvertere
799 4009 993 4062 debere
1042 4006 1213 4059 dixit?
1270 4004 1369 4059 Per
1415 4006 1582 4074 legem
1622 4004 1733 4067 Dei,

182 4106 282 4160 hoc
326 4113 420 4157 est
451 4102 597 4155 bona
627 4111 810 4165 opera,
847 4093 1107 4160 justitiam
1144 4092 1355 4161 quidem
1397 4091 1734 4146 excolendam

178 4198 385 4260 sanxit,
414 4191 738 4257 neutiquam
774 4197 902 4236 vero
957 4197 1048 4249 per
1084 4182 1250 4251 legem
1305 4181 1562 4247 justitiam
1594 4195 1739 4234 com-

180 4287 365 4353 parari
417 4280 676 4337 credidit.
721 4275 845 4329 Ha-c
896 4274 1021 4325 licet
1072 4272 1364 4339 perspicua,
1410 4270 1527 4323 aliis
1566 4279 1735 4323 tamen

177 4375 442 4445 Origenis
470 4369 717 4439 ejusdem
759 4364 1073 4419 testimoniis
1112 4362 1307 4414 ﬁrmari
1337 4369 1569 4428 possunt.
1614 4377 1631 4409 t
1663 4360 1736 4412 Ex

1834 618 2065 671 stiﬁcare
2095 633 2196 670 non
2235 631 2476 685 possunt,
2501 622 2641 689 quod
2675 622 2753 675 eis
2786 623 2930 675 deest
2954 622 3102 684 ﬁdes,
3128 638 3245 690 qua:
3271 632 3355 676 est

1833 707 2159 773 signaculum
2192 721 2373 760 eorum
2428 710 2520 775 qui
2567 709 2922 773 justiﬁcautur
2970 726 2999 763 a
3056 712 3190 776 Deo;
3241 730 3261 763 ι
3300 722 3354 766 et

1827 799 1963 865 quod
1988 800 2122 852 libro
2142 807 2416 865 sequente,
2440 814 2586 851 nunt.
2616 801 2668 862 l,
2699 816 2815 868 pag.
2838 802 2931 855 521
2967 820 2983 857 :
3014 819 3034 853 ι
3072 805 3352 871 Propterea

1826 905 1952 959 ergo
1981 898 2034 943 et
2064 890 2116 942 in
2160 889 2265 942 alio
2303 888 2590 956 Scriptura:
2639 891 2752 944 loco
2784 892 2827 923 '°
2854 892 3049 944 dicitur
3096 894 3161 945 de
3188 893 3353 945 Abra-

1827 978 1970 1041 ham,
2007 977 2142 1045 quod
2175 992 2238 1031 ex
2280 977 2525 1045 operibus
2566 976 2684 1028 ﬁdei
2727 976 3046 1042 justiﬁcatus
3087 978 3196 1043 sit;
3227 978 3351 1045 quia

1827 1078 2027 1121 certum
2050 1078 2133 1122 est
2155 1083 2271 1120 eum
2296 1068 2382 1135 qui
2412 1082 2532 1121 vere
2555 1067 2742 1130 credit,
2755 1081 2885 1131 opus
2908 1068 3024 1119 ﬁdei
3046 1068 3350 1131 etjustitlte,

1826 1167 1880 1211 et
1930 1158 2091 1210 totius
2141 1157 2393 1210 bonitatis
2435 1155 2665 1223 operari.
2704 1174 2719 1204 ο
2783 1154 2949 1208 Caute
2989 1171 3112 1208 vero
3142 1157 3239 1208 ista
3273 1156 3352 1210 leo

1827 1249 1992 1313 genda
2026 1256 2170 1308 sunt,
2200 1260 2317 1313 qua:
2346 1245 2557 1298 disserit
2592 1246 2642 1298 in
2673 1246 2763 1297 lib.
2790 1260 2871 1310 nt,
2916 1261 3059 1299 num.
3100 1249 3183 1308 l0,
3230 1262 3351 1317 pag.

1828 1334 1956 1388 519:
1999 1351 2017 1383 α
2051 1334 2197 1399 Quod
2230 1335 2273 1387 si
2303 1333 2542 1402 requirat
2575 1334 2768 1400 aliquis
2792 1334 3070 1397 curiosius,
3109 1336 3142 1388 ii
3172 1338 3259 1404 qui
3287 1351 3351 1390 ex

1828 1425 1929 1479 ﬁde
1950 1425 2330 1491 justiﬁcautur,
2355 1440 2450 1492 per
2480 1440 2634 1493 quem
2662 1424 3114 1490 justiﬁcentur;et
3144 1440 3351 1479 rursum

1828 1515 1863 1567 ii
1886 1514 1975 1583 qui
2007 1529 2103 1582 per
2144 1515 2299 1567 ﬁdem
2328 1514 2705 1579 justilicantur,
2733 1528 2797 1565 ex
2828 1528 2932 1580 quo
2956 1513 3313 1581 justiﬁcentur
3334 1529 3353 1567 :

1828 1604 1951 1657 licet
1980 1603 2225 1657 fortassis
2255 1603 2418 1656 multa
2470 1604 2521 1655 in
2550 1604 2647 1657 hoc
2681 1605 2964 1657 curiositas
2986 1604 3248 1667 videatur,
3275 1613 3357 1656 ta-

1827 1705 1945 1745 men
1966 1691 2339 1745 convenienter
2362 1691 2539 1746 dicere
2562 1706 2857 1760 possumus,
2884 1692 3020 1759 quod
3049 1693 3135 1759 qni
3166 1708 3226 1746 ex
3257 1692 3358 1746 ﬁdo

1823 1781 2201 1846 justiﬁcantur,
2248 1782 2404 1836 initio
2434 1797 2501 1835 ex
2534 1783 2632 1836 ﬁde
2685 1794 2915 1850 sumpto,
2981 1797 3073 1850 per
3099 1782 3357 1848 adimple-

1832 1872 2025 1923 tionem
2078 1871 2336 1925 bonorum
2394 1885 2610 1938 operum
2662 1882 3131 1933 consummantur;
3185 1881 3237 1923 et
3267 1870 3356 1937 qni

1829 1973 1921 2025 per
1952 1958 2104 2011 ﬁdem
2130 1957 2514 2024 justiﬁcantur,
2539 1973 2567 2010 a
2594 1959 2744 2012 bonis
2768 1959 3015 2024 operibus
3042 1959 3237 2021 exorsi,
3266 1972 3359 2025 per

1831 2047 1985 2100 ﬁdem
2019 2062 2277 2099 summam
2332 2047 2676 2114 perfectionis
2725 2048 3010 2114 accipiunt.
3060 2065 3079 2097 ι
3117 2045 3244 2110 Quae
3277 2054 3360 2098 tao

1830 2152 1947 2190 men
1986 2135 2117 2189 ferri
2156 2144 2420 2204 poterunt,
2479 2136 2523 2189 si
2558 2136 2627 2188 ita
2660 2137 3046 2199 intelligantur,
3092 2135 3357 2201 justiﬁca-

1831 2228 1955 2280 tioni
1981 2226 2168 2293 praeire
2188 2226 2398 2294 quidem
2429 2241 2584 2294 posse
2608 2242 2768 2293 opera
2795 2228 2952 2287 bona,
2974 2227 3063 2279 sed
3092 2241 3194 2277 non
3217 2222 3361 2292 ejus-

1832 2317 1990 2379 modi,
2032 2331 2165 2383 ‘quai
2212 2316 2275 2367 ad
2330 2317 2468 2369 hanc
2523 2316 3013 2383 apprcliendendam
3085 2314 3361 2367 conferant

1831 2403 2147 2469 quidquam;
2175 2402 2348 2464 qualia
2387 2413 2511 2455 sunt
2542 2419 2704 2471 opera
2733 2403 2817 2456 illa
2847 2417 2963 2470 qua:
2986 2403 3099 2471 lege
3133 2401 3358 2456 naturali

1832 2492 2087 2543 suadente
2118 2490 2484 2556 perﬁciuntur.

1898 2579 2077 2647 Pergit
2105 2580 2388 2631 ostendere
2406 2578 2686 2653 lansenius
2703 2587 2830 2632 tom.
2847 2579 2885 2639 l,
2912 2580 3005 2632 lib.
3029 2595 3103 2640 vt,
3127 2595 3243 2646 cap.
3271 2581 3360 2643 lli,

1833 2683 2016 2737 parum
2047 2683 2176 2721 sana
2209 2667 2371 2721 fuisse
2396 2667 2641 2736 Origenis
2671 2671 2736 2722 de
2780 2667 2894 2735 lege
2931 2668 3121 2737 Moysis
3151 2669 3359 2735 placita,

1833 2759 1998 2825 utqui
2037 2771 2131 2824 per
2156 2772 2272 2810 eam
2322 2765 2591 2825 peccatum
2623 2758 2786 2812 fuisse
2826 2759 3160 2811 imminutum
3188 2773 3250 2810 ac
3283 2772 3364 2810 re-

1832 2846 2076 2899 strictum
2122 2844 2429 2907 crediderit,
2479 2854 2663 2898 contra
2716 2846 2813 2898 hoc
2846 2846 3080 2912 Apostoli
3134 2861 3365 2911 pronun-

1833 2934 2014 2987 tiatqu
2046 2948 2059 2983 :
2103 2951 2120 2983 ι
2149 2931 2257 2984 Lex
2300 2939 2473 2984 autem
2501 2931 2838 2993 subintravit,
2859 2940 2915 2983 ut
2946 2932 3236 2985 abundaret
3267 2933 3363 2985 de-

1833 3020 2013 3073 lictum
2040 3022 2115 3085 τίς
2160 3039 2179 3072 ι
2206 3030 2365 3086 atque
2392 3019 2505 3073 haec
2532 3019 2722 3088 placita
2746 3020 2938 3087 Pelagii
2967 3030 3021 3073 et
3044 3020 3234 3073 Juliani
3269 3023 3367 3073 du¢

1834 3111 2015 3164 ctrina:
2045 3109 2227 3163 scribit
2247 3123 2367 3164 esse
2398 3118 2777 3173 consentanea,
2819 3111 2868 3162 in
2896 3110 3066 3176 iisque
3094 3110 3257 3163 fuisse
3299 3112 3365 3163 ab

1832 3198 2125 3266 Augustino
2175 3198 2452 3267 proﬂigata
2497 3207 2551 3250 et
2599 3198 2864 3251 confossa.
2923 3197 3037 3252 Non
3084 3212 3185 3265 ego
3235 3213 3367 3251 sane

1833 3301 1999 3353 usque
2024 3285 2155 3339 adeo
2175 3285 2421 3353 Origenis
2450 3298 2624 3339 causae
2649 3286 2819 3347 faveo,
2851 3297 2905 3338 ut
2946 3286 3209 3339 naturalis
3238 3286 3366 3353 legis

1832 3373 1972 3426 vires
1993 3382 2408 3442 praeterinquum
2434 3374 2749 3440 pradieatas
2774 3375 2840 3426 ab
2868 3387 2932 3427 eo
2956 3373 3123 3427 fuisse
3154 3388 3363 3441 negem;

1832 3479 1896 3518 ac
1926 3464 2040 3517 illas
2083 3464 2263 3517 itidem
2294 3462 2537 3516 Mosaicae
2586 3463 2740 3531 legis,
2800 3477 2932 3530 quas
2965 3464 3036 3515 ita
3063 3461 3267 3524 extulit,
3301 3474 3366 3514 ac

1834 3553 1877 3607 si
1911 3568 2013 3606 non
2044 3561 2318 3620 peccatum
2362 3552 2616 3605 duntaxat
2651 3551 2983 3619 prohibuerit
3011 3565 3074 3604 ea
3112 3551 3221 3615 lex,
3270 3551 3363 3603 sed

1833 3645 2058 3711 gratiam
2074 3643 2234 3695 etiam
2272 3642 2577 3708 hominibus
2599 3644 2664 3694 ad
2692 3644 3003 3696 vincendum
3040 3641 3162 3694 illud
3184 3651 3371 3695 conta-

1833 3734 1983 3798 lerit,
2027 3749 2089 3788 ac
2116 3735 2159 3789 si
2195 3751 2289 3804 per
2330 3735 2471 3788 illam
2506 3749 2609 3787 non
2647 3733 2877 3801 cognitio
2925 3732 3111 3786 solum
3138 3730 3365 3799 peccati,

1834 3823 1924 3877 sed
1948 3825 2105 3876 etiam
2138 3824 2349 3878 sanatio
2390 3822 2704 3890 contigerit;
2754 3836 2817 3874 ac
2864 3820 2906 3873 si
2954 3834 3057 3872 non
3091 3821 3155 3872 ad
3186 3820 3364 3886 priora

1834 3919 2168 3978 peccatorum
2206 3924 2423 3979 genera,
2452 3924 2570 3978 qua:
2600 3916 2980 3975 prarcesseraut
3018 3907 3200 3974 legem,
3232 3921 3366 3972 pra»

1834 4000 2091 4053 varicatio
2122 4008 2375 4067 praeterea
2400 3998 2710 4059 accesserit,
2728 4011 2844 4064 quae
2867 3996 3237 4062 praevaricatio
3260 3994 3362 4047 nisi

1836 4086 1951 4156 lege
1996 4087 2100 4140 lata
2130 4101 2251 4141 esse
2290 4101 2393 4141 non
2420 4094 2628 4153 potest;
2671 4099 2736 4138 ac
2763 4086 2805 4138 si
2858 4099 2959 4135 non
2996 4082 3280 4135 nitentibus
3309 4083 3364 4135 in

1834 4178 2054 4230 vetitum
2086 4175 2406 4237 hominibus,
2430 4175 2853 4241 concupiscentia
2879 4173 2991 4240 lege
3020 4173 3218 4224 frenata
3249 4185 3367 4224 crc-

1836 4267 1999 4320 verit:
2032 4280 2093 4319 ac
2125 4265 2169 4319 si
2202 4281 2303 4319 non
2331 4279 2586 4333 apparere
2615 4274 2819 4317 tantum
2858 4264 3098 4330 coeperit,
3128 4272 3180 4315 et
3204 4263 3367 4330 depu-

1839 4356 1937 4409 tari
1966 4364 2258 4424 peccatum,
2289 4355 2381 4409 sed
2411 4355 2567 4408 etiam
2595 4353 2824 4407 ablatum
2853 4352 3028 4405 luerit.
3047 4352 3152 4406 Dici
3190 4361 3363 4403 tanien

177 4440 380 4535 quibus
409 4460 688 4519 omnibus,
732 4472 750 4505 ι
791 4453 959 4520 inquit
991 4451 1078 4505 lib.
1104 4467 1156 4504 nt
1183 4451 1235 4501 in
1269 4448 1437 4515 Epist.
1463 4448 1528 4499 ad
1561 4446 1735 4511 Rom.,
1768 4460 1813 4517 ι)
1838 4455 2009 4514 potest
2040 4446 2091 4499 in
2124 4445 2346 4510 gratiam
2378 4443 2642 4513 Origenis,
2704 4457 2805 4535 non
2834 4451 3049 4535 peccata
3080 4455 3172 4511 per
3199 4440 3364 4507 legem

179 4534 332 4605 nutu.
367 4550 429 4608 9,
465 4560 590 4615 pag.
622 4542 745 4603 517,
804 4556 822 4588 t
866 4539 1030 4591 claret
1083 4538 1224 4606 quod
1274 4546 1418 4589 recte
1454 4534 1742 4587 arbitratur

176 4640 485 4710 Apostolus
531 4636 574 4666 ⁶⁹
618 4630 897 4700 justiﬁcari
948 4628 1211 4681 hominem
1264 4640 1358 4693 per
1414 4623 1568 4675 ﬁdem
1628 4625 1741 4677 sine

177 4733 449 4800 operibus
486 4725 643 4792 legis.
712 4720 815 4773 Sed
844 4718 1081 4771 fortassis
1130 4716 1241 4770 haec
1287 4715 1478 4782 aliquis
1520 4715 1741 4768 audiens

178 4823 523 4881 resolvatur,
559 4824 616 4868 et
649 4817 786 4867 bene
833 4808 1017 4875 agendi
1049 4806 1414 4874 negligentiam
1448 4804 1641 4870 capiat,
1671 4804 1743 4856 si-

182 4913 416 4980 quidem
477 4907 544 4959 ad
597 4898 991 4972 justiﬁcandum
1042 4896 1168 4949 ﬁdes
1210 4894 1320 4948 sola
1366 4891 1603 4945 sufﬁciat.
1662 4893 1741 4944 Ad

180 5017 350 5071 quem
393 4999 642 5051 dicemus
672 4994 793 5062 quia
830 4999 948 5057 post
993 4985 1418 5058 justiﬁcationetn
1461 4983 1504 5035 si
1551 4983 1744 5047 injuste

181 5095 318 5161 quis
358 5098 514 5158 agat,
560 5086 678 5138 sine
722 5082 882 5135 dubio
911 5075 1303 5149 justiﬁcationis
1347 5072 1566 5140 gratiam
1594 5086 1743 5161 spre-

180 5160 289 5235 vit.
324 5199 344 5231 ι
370 5178 491 5231 Non
516 5188 675 5243 opera
712 5172 808 5239 ipsi
847 5171 1083 5239 justitize,
1115 5166 1203 5221 sed
1229 5161 1480 5232 justitiam
1500 5160 1747 5225 operibus

184 5267 515 5341 praeposuit.
550 5263 756 5316 Clarius
782 5262 936 5314 etiam
980 5258 1116 5329 quod
1139 5257 1277 5325 jacet
1308 5250 1738 5341 pauloiinferius:

193 5340 212 5413 Α
258 5361 366 5417 Ubi
409 5373 544 5411 vero
586 5356 715 5407 ﬁdes
746 5370 848 5407 non
874 5363 953 5406 est
979 5366 1096 5420 quae
1132 5348 1433 5401 credentem
1459 5340 1738 5405 justillcet,

185 5454 362 5507 etiam
395 5449 442 5501 si
473 5460 634 5511 opera
669 5444 787 5512 quis
816 5444 999 5497 habeat
1027 5456 1089 5492 ex
1117 5437 1246 5503 lege,
1280 5441 1449 5482 tamen
1478 5430 1605 5495 quia
1634 5443 1738 5481 non

189 5548 331 5598 sunt
372 5534 643 5591 tediﬁcata
688 5547 841 5599 supra
881 5531 1270 5586 fundamentum
1318 5516 1455 5579 ﬁdei,
1489 5516 1740 5583 quamvis

1844 4536 2079 4589 absolute
2104 4536 2317 4588 dimissa
2344 4535 2510 4602 ipsum
2539 4534 2927 4602 pronuntiasse,
2956 4530 3047 4585 sed
3082 4549 3099 4580 ι
3132 4546 3194 4583 ex
3221 4541 3369 4597 parto

1844 4626 2061 4693 aliqua;
2100 4642 2118 4675 ι
2163 4625 2287 4691 quia
2320 4622 2521 4692 Moyses
2563 4639 2581 4672 t
2632 4637 2696 4675 ex
2748 4628 3007 4689 praecepto
3043 4619 3177 4687 regis
3211 4617 3366 4683 primi

1844 4714 2099 4768 sacriﬁcia
2146 4712 2390 4774 instituit,
2417 4711 2607 4778 quibus
2628 4706 2771 4763 certa
2813 4707 3145 4791 solemnitate
3176 4705 3367 4760 oblatis

1845 4802 1978 4855 sicut
2001 4802 2230 4862 deceret,
2286 4800 2647 4853 remitteretur
2674 4798 2752 4851 eis
2795 4808 3091 4865 peccatum.
3128 4813 3147 4846 ι
3200 4795 3364 4847 Verba

1844 4900 1965 4944 sunt
1996 4890 2240 4958 Origenis
2272 4890 2365 4943 lib.
2396 4902 2428 4941 ν
2471 4889 2524 4941 in
2587 4887 2750 4952 Epist.
2796 4888 2864 4939 ad
2906 4887 3080 4947 Rom.,
3135 4899 3279 4937 num.
3310 4882 3362 4944 l,

1843 4995 1960 5049 pag.
1993 4980 2117 5041 550,
2148 4996 2211 5033 ex
2235 4995 2297 5034 eo
2326 4979 2437 5048 ipso
2476 4979 2588 5032 loco
2616 4994 2769 5045 quem
2827 4978 3030 5046 profert
3065 4973 3363 5029 Jansenins.

1848 5068 1967 5123 Haec
2005 5078 2180 5123 autem
2229 5068 2469 5122 remissio
2506 5077 2842 5135 peccatorum
2890 5068 3136 5137 quoniam
3173 5064 3368 5127 imper-

1847 5160 1980 5212 fecta
2004 5168 2136 5220 erat,
2180 5167 2234 5211 et
2286 5156 2424 5210 illius
2469 5156 2651 5210 umbra
2699 5171 2816 5224 quae
2870 5156 3057 5209 merito
3097 5144 3368 5212 sanguinis

1847 5248 2041 5302 Christi
2085 5247 2414 5314 impetratur.
2443 5245 2639 5299 idcirco
2679 5263 2779 5298 non
2828 5246 2981 5313 plene
3008 5250 3059 5291 ct
3111 5234 3368 5300 reﬂecte.

1846 5338 1936 5390 sed
1964 5352 2024 5390 ex
2062 5346 2211 5404 parte
2236 5335 2407 5403 aliqua
2436 5335 2697 5404 tyrannidi
2735 5333 2920 5385 mortis
2959 5341 3019 5379 ac
3040 5318 3244 5404 peccati
3275 5329 3375 5381 per

1846 5426 2012 5495 legem
2052 5403 2238 5479 obsisti
2289 5403 2468 5477 dixit.
2508 5424 2559 5477 id
2602 5426 2710 5490 ipse
2755 5419 3026 5488 perspicue
3082 5403 3379 5500 signiﬁcat,

1844 5532 1963 5573 cum
1993 5515 2138 5571 addit
2171 5516 2465 5572 obsistente
2488 5511 2873 5584 quantumlibet
2899 5507 3010 5571 lege
3031 5503 3388 5565 prxei'atuisse

268 5719 318 5752 θ’
352 5714 491 5768 Rom
542 5721 620 5769 ιιι,
650 5704 734 5757 28.
806 5703 1028 5762 "Jacob,
1069 5712 1124 5761 ιι,
1145 5694 1233 5755 21,
1264 5690 1353 5743 22.
1423 5691 1462 5723 τί
1497 5690 1651 5745 Rom.
1678 5706 1729 5757 ν,
1758 5692 1853 5750 20.
