3894 6418
613 403 723 455 ’95Ξί

1826 386 1882 441 Ρ.
1926 384 2158 439 DANIEI.

2274 381 2517 437 llUETll
3648 382 3727 431 ιιδιι

614 517 910 582 peccatum,
963 518 1059 555 nec
1101 500 1202 567 legi
1250 499 1678 553 succenturiatos
1728 500 2014 568 prophetas
2052 497 2158 547 vim
2189 497 2235 555 Α
2263 494 2425 547 etiam
2476 487 2941 560 Ρτωντιτῖοπίῖοπθ
3010 499 3253 554 Ροεεθτε·
3302 502 3320 536 ³
3377 484 3437 553 .s-
3468 484 3655 546 τιιοιιιπε
3690 498 3731 551 in

618 596 817 667 peccati
878 590 1128 645 cohibere
1187 589 1449 656 potuisse,
1492 590 1584 643 sed
1645 589 1881 643 adfuisse
1945 590 2156 642 tandem

611 686 910 742 Christum,
965 695 1026 731 ac
1083 679 1149 731 de
1198 689 1369 731 morte
1406 687 1461 731 et
1520 689 1736 747 peccato
1782 680 2156 747 triumphasse.

614 774 875 827 Praeterea
927 767 1043 833 lege
1087 765 1196 817 lata
1241 765 1425 832 aliquo
1452 780 1610 819 sensu
1642 781 1947 834 compressa
2000 767 2163 821 fuisse

611 862 715 914 dici
761 866 934 926 potest
975 855 1180 924 peccati
1220 856 1332 918 vis;
1369 873 1471 909 non
1502 858 1643 925 quod
1690 859 1827 912 hanc
1864 859 2039 925 reipsa
2077 859 2162 911 lex

614 950 1015 1020 compresserit,
1046 949 1137 1002 sed
1161 949 1299 1016 quod
1328 948 1392 999 ad
1431 963 1546 1001 eam
1575 950 2026 1015 comprimendam
2057 949 2163 1003 lata

613 1046 715 1104 sit;
756 1048 992 1109 spectato
1021 1039 1271 1101 consilio,
1298 1054 1402 1090 non
1431 1047 1660 1101 eventu;
1689 1053 1832 1100 nam,
1869 1041 2162 1091 secumlum

613 1130 973 1192 Ambrosium,
1032 1147 1052 1178 ι
1104 1128 1386 1196 Apostolus
1425 1126 1659 1180 ostendit
1693 1126 1821 1196 quid
1853 1127 2165 1193 provenerit

614 1222 739 1275 data
785 1221 919 1288 lege,
960 1234 1061 1272 non
1086 1219 1211 1287 quid
1244 1219 1323 1270 lex
1354 1216 1594 1271 fecerit.»
1633 1241 1706 1257 —-
1732 1235 1752 1267 ι
1792 1216 1906 1270 Non
1949 1218 2112 1279 enim,
2138 1234 2158 1267 ι

614 1321 675 1363 ιιι
716 1311 878 1364 habet
910 1310 967 1361 S.
1000 1308 1231 1362 Thomas
1264 1309 1316 1360 in
1351 1306 1499 1358 Rom.
1529 1321 1580 1369 v,
1618 1306 1707 1371 ‘20,
1749 1325 1767 1357 ι
1800 1308 1864 1359 ad
1920 1307 2021 1361 hoc
2067 1306 2167 1358 fuit

617 1402 740 1452 data
773 1400 874 1457 lex.
915 1407 972 1450 ut
1008 1407 1291 1465 peccatum
1337 1397 1665 1461 abundaret;
1705 1398 1831 1464 quin
1862 1398 2037 1465 potius
2060 1396 2164 1457 lex,

614 1498 870 1556 quantum
914 1489 1046 1539 inse
1076 1486 1196 1549 fuit,
1233 1496 1512 1551 peccatum
1546 1485 1837 1554 prohibuit,
1873 1488 2162 1539 secundum

618 1580 741 1631 illud
777 1578 908 1646 psal.
936 1593 1120 1641 cxvm,
1155 1578 1238 1640 ill,
1262 1576 1327 1629 In
1358 1577 1511 1628 corde
1539 1591 1648 1628 meo
1674 1575 1923 1628 abscondi
1954 1576 2157 1644 eloquia

614 1680 724 1731 tua,
757 1680 809 1719 ut
843 1683 941 1719 nou
976 1683 1173 1733 peccent
1204 1668 1318 1720 tibi.
1354 1685 1372 1717 ι
1431 1666 1533 1719 Sed
1566 1680 1661 1718 nec
1688 1666 1845 1719 aliter
1867 1679 1964 1733 per
1999 1666 2164 1734 legem

617 1758 1003 1810 incrementum
1062 1758 1335 1824 accepisse
1381 1765 1658 1823 peccatum
1715 1758 1929 1809 tradunt
1976 1753 2166 1808 Patres

616 1847 877 1910 nonnulli,
910 1862 1067 1914 quam
1098 1847 1223 1914 quia
1256 1861 1349 1914 per
1388 1846 1519 1913 legis
1552 1845 2037 1914 promulgationem
2072 1860 2163 1897 cu-

613 1939 820 2006 gnitum
872 1947 955 1992 est
1005 1938 1059 1990 ld
1111 1953 1232 1990 esse
1277 1947 1579 2005 peccatum,
1645 1938 1783 2003 quod
1815 1944 1967 1989 antea
2006 1936 2163 2004 vulgo

618 2028 1007 2097 ignorabatur;
1060 2028 1199 2079 unde
1257 2024 1625 2092 praevaricatio
1680 2032 1738 2076 et
1788 2025 2162 2090 transgressio,

610 2117 761 2185 juxta
799 2116 923 2169 illud
953 2116 1108 2169 Rom.
1138 2130 1219 2173 ιιι,
1244 2114 1344 2165 2οε
1380 2131 1398 2162 ι
1435 2112 1533 2165 Per
1561 2113 1728 2180 legem
1755 2114 1894 2165 enim
1934 2113 2165 2179 cognitio

616 2206 840 2271 peccati.
864 2222 881 2254 ι
911 2204 1318 2270 Cbrysostonnts
1342 2201 1525 2253 homil.
1548 2200 1680 2253 10in
1696 2199 1866 2267 Epist.
1894 2204 1962 2254 ad
1989 2202 2163 2255 Rom:

626 2290 837 2359 Ἐπειδὴ
872 2290 976 2360 γὰρ
1012 2290 1263 2359 βάναυσοί
1291 2306 1430 2351 τινες
1461 2286 1597 2358 ἦσαν
1631 2291 1862 2343 Ἰουδαῖοι
1891 2292 1984 2344 καὶ
2010 2292 2161 2344 ἐκλε-

612 2381 851 2449 λυμένοι,
910 2382 1168 2451 καὶπρὸς
1217 2382 1385 2445 αὑτὰς
1441 2383 1539 2444 τὰς
1586 2382 1791 2451 δωρεὰς
1846 2384 2165 2436 ἀναπεπτω-

612 2470 767 2531 κότες
808 2486 821 2499 ·
866 2469 1051 2522 τούτου
1106 2472 1262 2541 χάριν
1311 2473 1339 2523 ὁ
1384 2472 1544 2540 νόμος
1602 2471 1775 2540 ἐδόθη,
1845 2473 1927 2524 ἵνα
1971 2474 2164 2537 αὐτοὺς

611 2558 804 2633 ἐλέγξῃ
840 2561 1112 2630 μειζόνως,
1153 2563 1245 2614 καὶ
1275 2562 1457 2633 διδάξῃ
1490 2563 1674 2631 σαφῶς
1711 2566 1768 2615 ὲν
1809 2559 1889 2626 οἷς
1921 2566 2044 2629 εἰσι,
2072 2568 2164 2619 καὶ

610 2653 709 2721 τὴν
739 2652 1069 2722 κατηγορίαν
1103 2652 1359 2723 αὐξήσας,
1386 2652 1675 2723 ὲπισφίγξῃ
1704 2654 1899 2722 μᾶλλον
1927 2655 2119 2718 αὐτούς
2146 2696 2159 2708 .

618 2757 641 2792 ι
673 2740 935 2806 Quoniam
953 2741 1095 2794 enim
1123 2741 1411 2795 illiberales
1437 2742 1793 2807 erantJudtei,
1815 2754 1869 2796 et
1895 2745 2160 2808 diSSolttli,

610 2839 669 2884 et
695 2830 760 2882 ad
791 2831 903 2896 ipsa
935 2830 1071 2883 dona
1102 2832 1301 2898 supini,
1341 2831 1658 2886 idcirco‘lex
1686 2832 1806 2886 data
1835 2844 1936 2898 est,
1960 2843 2018 2887 ut
2044 2835 2162 2889 illos

614 2917 864 2971 \idclicet
899 2919 1268 2973 vehementius
1299 2930 1638 2991 eoargueret,
1687 2933 1973 2992 aperteque
2004 2925 2156 2977 doceo

613 3018 697 3062 ret
721 3023 828 3076 quo
858 3010 909 3062 in
940 3018 1081 3062 statu
1111 3019 1314 3073 essent,
1355 3022 1517 3079 atque
1546 3012 1938 3066 accusationem
1963 3029 2160 3081 angens

613 3096 760 3164 ipsos
788 3098 955 3166 magis
981 3098 1391 3164 constringeret.
1430 3115 1451 3148 ι
1513 3098 1870 3171 Hieronymus
1900 3102 1953 3154 in
1992 3102 2155 3167 Epist.

611 3188 682 3237 ad
716 3185 892 3240 Galat.
925 3201 1005 3248 ιιι,
1040 3188 1132 3250 '21,
1161 3188 1230 3238 εἰ
1251 3204 1263 3238 :
1284 3204 1302 3236 ι
1336 3186 1443 3240 Nec
1475 3203 1600 3241 vero
1624 3192 1986 3243 :estimaudum
2016 3190 2158 3245 Scri-

612 3286 825 3343 pturam
862 3287 1131 3329 auctorem
1159 3292 1278 3329 esse
1315 3278 1538 3342 peccati,
1564 3280 1687 3345 quia
1713 3283 1893 3333 omnia
1912 3282 2008 3333 sub
2036 3296 2158 3349 pce-

609 3372 737 3414 cato
767 3364 1096 3416 conclusisse
1137 3363 1345 3416 dicatur
1383 3374 1397 3413 :
1426 3375 1548 3415 cum
1583 3368 1887 3419 mandatum
1921 3369 2059 3436 quod
2091 3383 2157 3422 ex

606 3448 728 3515 jure
768 3452 1096 3518 prtecipitur,
1125 3453 1376 3506 ostendat
1423 3456 1618 3520 potius,
1646 3466 1941 3525 arguatque
1973 3473 2158 3526 prcca-

616 3545 743 3595 tntn,
801 3551 959 3604 quam
992 3540 1061 3591 sit
1099 3554 1259 3591 causa
1311 3542 1534 3607 peccati.
1577 3558 1596 3592 ι
1629 3541 1954 3611 Augustinus
1997 3545 2088 3601 lib.
2118 3561 2155 3599 ιι

613 3633 793 3676 contra
843 3625 1136 3691 lulianum,
1171 3642 1289 3692 cap.
1345 3628 1450 3692 22,
1502 3646 1521 3678 ι
1558 3628 1831 3697 Originale
1884 3646 2155 3699 peccatum

613 3726 718 3764 non
753 3713 963 3780 quidem
985 3722 1103 3782 post
1132 3713 1300 3783 legem
1335 3714 1523 3779 crevit,
1555 3719 1647 3770 sed
1688 3726 1863 3773 tamen
1890 3721 1973 3774 lex
1999 3724 2156 3776 etiam

612 3802 825 3869 ipsum,
886 3804 1039 3871 cujus
1093 3803 1437 3857 abolitionem
1497 3806 1902 3863 circumcisione
1944 3811 2159 3867 infantis

612 3894 965 3961 significaret,
1001 3894 1233 3959 invenit;
1285 3898 1423 3950 sicut
1486 3898 1692 3950 invenit
1735 3901 1897 3953 etiam
1942 3915 2158 3970 peccata

614 3982 950 4049 ignoranlire,
1004 3999 1121 4051 qua:
1177 3999 1277 4039 nec
1332 3986 1446 4054 ipsa
1492 3987 1613 4039 data
1667 3989 1780 4057 lege
1831 4003 2156 4045 creverunt:

612 4074 1043 4141 quandoquidem
1087 4078 1268 4145 potius
1298 4077 1410 4145 ipsa
1443 4078 1743 4147 ignorantia
1772 4082 2027 4137 diminuta
2057 4094 2157 4147 est,

613 4164 738 4230 quia
762 4165 982 4219 scientia
1016 4165 1148 4235 legis
1178 4169 1404 4221 accessit
1439 4184 1453 4221 :
1487 4170 1578 4223 sed
1610 4180 1884 4247 peccatum
1914 4172 2028 4226 sine
2055 4190 2160 4243 quo

616 4266 774 4303 nemo
806 4255 1069 4320 nascitur,
1102 4258 1275 4310 crevit
1319 4258 1608 4312 voluntatis
1632 4275 1882 4327 accessu,
1909 4264 2159 4330 originali

614 4344 1049 4409 concupiscentia
1085 4348 1332 4402 trahente
1385 4361 1667 4418 peccantes
1696 4366 1939 4407 assensu.
1974 4354 2158 4407 Abun-

2260 582 2408 636 Rom.
2434 598 2489 644 ν,
2513 582 2587 634 20
2617 598 2631 633 :
2670 597 2689 629 ι
2714 578 2975 632 Secundo
3002 586 3178 630 autem
3214 585 3375 643 po'est
3401 582 3670 644 responderi.
3694 600 3733 639 ιιι

2260 674 2476 726 dicatur
2509 670 2657 738 quod
2708 669 2784 738 ly,
2815 677 2875 719 ut
2927 676 3176 719 teneatur
3197 666 3482 728 causaliter,
3524 668 3581 719 ita
3609 679 3733 724 tamen

2258 763 2407 830 quod
2453 762 2712 827 loquatur
2742 755 3039 825 Apostolus
3066 755 3133 809 de
3158 755 3461 807 abundantia
3497 756 3657 820 delicti,
3680 775 3736 813 se-

2262 852 2496 903 cundum
2526 849 2671 917 quod
2700 857 2788 901 est
2835 849 2892 899 in
2929 854 3117 899 nostra
3142 843 3456 911 cognitione;
3501 854 3551 897 ut
3580 846 3635 899 sit
3656 862 3736 900 sen-

2264 955 2376 1005 sus,
2410 941 2493 992 lex
2530 936 2893 997 subiutravit,
2931 945 2992 988 ut
3023 934 3313 987 abundaret
3353 933 3590 998 delictum,
3614 936 3734 1001 idest,

2265 1038 2325 1082 ut
2358 1026 2735 1082 abundantius
2779 1020 3044 1078 delictum
3074 1029 3489 1089 cognosceretur,
3526 1024 3736 1078 secundum

2268 1119 2489 1173 modum
2540 1116 2806 1185 loquendi
2847 1129 2958 1181 quo
2983 1113 3184 1167 dicitur
3209 1111 3401 1179 aliquid
3427 1110 3545 1177 fieri,
3572 1128 3661 1165 cum
3684 1115 3734 1168 in-

2266 1209 2517 1263 nolescil.
2577 1207 2732 1261 Unde
2770 1221 2939 1274 supra
2976 1205 3180 1255 dictum
3210 1212 3311 1265 est,
3365 1204 3492 1269 quod
3531 1204 3738 1271 perlegat

2260 1310 2346 1354 est
2374 1299 2621 1368 cognitio
2649 1296 2887 1364 peccati.
2928 1312 2946 1344 ι
2978 1292 3140 1346 Juvat
3162 1307 3363 1361 quoque
3394 1293 3631 1361 Origenem
3647 1298 3738 1363 quod

2264 1393 2432 1446 habet
2460 1389 2663 1444 ibidem
2690 1386 2749 1441 S.
2769 1385 3037 1447 Thomas,
3071 1395 3189 1451 post
3213 1384 3342 1453 legis
3362 1384 3736 1450 promulgationem

2268 1481 2553 1536 ruentibus
2602 1477 2891 1533 nonnullis
2928 1476 2981 1527 in
3032 1476 3254 1527 vetitum
3302 1473 3458 1538 nefas,
3486 1475 3681 1541 quosdam
3699 1477 3739 1528 ad

2268 1572 2547 1625 meliorem
2607 1568 2827 1636 frugem
2875 1566 3147 1628 evasisse,
3216 1565 3265 1617 in
3319 1565 3477 1632 iisque
3522 1580 3736 1632 repressum

2270 1663 2440 1715 fuisse
2478 1668 2793 1726 peccaturo.
2834 1676 2854 1706 ι
2901 1656 3197 1710 Sciendum
3231 1664 3420 1717 tamen,
3457 1655 3620 1725 inquit,
3636 1660 3738 1725 quod,

2269 1752 2406 1803 sicut
2437 1748 2805 1815 Philosophus
2843 1745 2979 1798 dicit
3012 1746 3064 1798 in
3091 1762 3122 1798 ιι
3156 1745 3347 1812 Ethic.,
3377 1746 3628 1813 prohibitio
3645 1748 3737 1813 legis.

2272 1843 2395 1894 licet
2435 1840 2554 1893 illos
2584 1840 2679 1907 qui
2714 1846 2847 1891 sunt
2877 1838 3021 1890 male
3045 1837 3285 1904 diapositi
3333 1837 3554 1891 cohibeat
3578 1839 3630 1891 ab
3645 1852 3739 1892 este

2270 1930 2503 1984 rioribns
2536 1930 2783 1998 peccatis
2809 1928 2932 1983 solo
2956 1942 3130 1995 paena:
3157 1928 3361 1993 timore,
3384 1932 3603 1997 quosdam
3629 1938 3740 1982 tamen

2270 2019 2406 2072 bene
2444 2017 2746 2086 dispositos
2803 2017 3022 2070 inducit
3072 2030 3168 2084 per
3203 2033 3430 2071 amorem
3464 2018 3657 2083 virtutis;
3686 2019 3740 2071 sed

2275 2111 2375 2163 ista
2420 2110 2558 2162 bona
2586 2109 2895 2177 dispositio
2934 2120 3196 2178 quantum
3226 2111 3289 2163 ad
3318 2111 3499 2178 aliquid
3525 2120 3743 2179 potestesse

2269 2214 2298 2251 a
2340 2209 2554 2259 natura,
2605 2200 2704 2252 sed
2738 2198 2865 2265 ejus
2916 2199 3184 2267 perfectio
3219 2216 3318 2254 non
3349 2211 3427 2254 est
3472 2202 3559 2254 nisi
3581 2216 3651 2268 per
3667 2218 3742 2270 gra-

2272 2286 2421 2347 tiam,
2450 2302 2517 2340 ex
2552 2302 2658 2354 qua
2686 2289 2975 2358 contingit
3008 2292 3152 2358 quod
3181 2290 3334 2344 etiam
3361 2291 3466 2358 lege
3487 2292 3621 2344 veteri
3649 2294 3740 2352 data,

2271 2392 2374 2430 non
2403 2378 2455 2431 in
2482 2378 2751 2433 omnibus
2784 2392 3077 2448 peccatum
3106 2381 3358 2445 abundat,
3377 2382 3460 2434 sed
3488 2382 3531 2435 in
3561 2382 3742 2450 pluribus.

2268 2465 2498 2528 Quidam
2537 2481 2667 2520 vero
2698 2466 2830 2536 lege
2862 2470 3209 2535 prohibente,
3239 2481 3293 2523 et
3317 2471 3473 2539 gratia
3497 2470 3667 2524 ulterius
3688 2473 3744 2521 ad-

2259 2553 2502 2620 juvante,
2556 2558 2622 2609 ad
2671 2558 3081 2626 perfectionem
3126 2564 3378 2615 virtutum
3407 2563 3587 2615 tandem
3624 2577 3746 2629 perre-

2269 2654 2484 2706 nerunt,
2521 2647 2831 2701 sectandum
2880 2649 3013 2704 illud
3049 2651 3255 2708 Eccles.
3290 2669 3425 2715 thv,
3459 2654 3515 2705 l:
3544 2651 3746 2704 Laudemus

2266 2749 2402 2786 utros
2442 2735 2729 2801 gloriosos,
2772 2746 2910 2802 etc.,
2961 2751 3018 2793 et
3073 2740 3232 2805 infra,
3282 2743 3333 2806 3,
3372 2742 3573 2794 homines
3608 2755 3748 2808 magno:

2266 2829 2472 2882 virtute.
2514 2846 2533 2878 ι
2575 2828 2934 2900 Sull’ragatnr
2972 2845 3028 2885 et
3058 2833 3186 2887 illud
3218 2832 3446 2892 Tbomze.
3488 2843 3633 2888 nostro
3658 2832 3747 2884 Διι-

2266 2918 2491 2981 mantio,
2518 2934 2583 2971 ex
2628 2918 2758 2983 1-2,
2793 2935 2990 2988 quaest.
3029 2923 3120 2988 98,
3172 2938 3224 2987 a,
3263 2923 3286 2975 1
3334 2940 3348 2977 :
3392 2942 3410 2975 ι
3450 2922 3543 2977 Lex
3570 2931 3682 2976 vetus
3702 2935 3748 2973 n-

2268 3007 2395 3061 tioni
2428 3010 2799 3075 consonabat,
2834 3013 2967 3081 quia
2996 3014 3476 3083 concupiscentiam
3503 3012 3747 3081 reprimebat.

2264 3109 2383 3161 quae
2406 3096 2598 3150 rationi
2629 3101 2987 3166 adversatur,
3043 3112 3103 3155 ut
3164 3114 3308 3172 patet
3344 3104 3391 3156 in
3447 3102 3523 3157 illo
3545 3101 3747 3155 mandato:

2262 3182 2383 3235 Non
2428 3189 2779 3254 concupisces
2842 3206 2952 3244 rem
3004 3194 3231 3259 proximi
3289 3194 3395 3260 tui,
3457 3193 3575 3262 quod
3614 3193 3749 3260 lenitur

2259 3271 2428 3325 Exod.
2454 3290 2544 3337 xx,
2585 3278 2676 3332 l7.
2715 3278 2842 3348 Ipsa
2877 3284 3046 3337 etiam
3081 3285 3261 3337 omnia
3286 3294 3484 3351 peccata
3510 3282 3745 3355 prohibebat.

2258 3376 2377 3427 Qua:
2417 3374 2550 3417 sunt
2576 3378 2779 3424 contra
2824 3374 3118 3427 rationem.
3163 3392 3182 3425 ι
3235 3373 3297 3427 Ει
3345 3372 3549 3428 articulo
3582 3380 3749 3439 sequente

2258 3453 2413 3504 docet
2486 3454 2664 3523 legem
2733 3472 2984 3517 veterem
3037 3468 3083 3526 ;ι
3140 3464 3380 3517 homines
3447 3463 3670 3517 ordinasse
3712 3458 3749 3507 ad

2257 3541 2537 3596 Christum
2590 3562 2691 3614 per
2734 3556 2969 3609 modum
3002 3552 3281 3622 cujusdam
3324 3552 3748 3623 dispositionis.dum

2258 3634 2542 3690 retrahens
2587 3637 2847 3698 homines
2879 3661 2910 3698 a
2958 3647 3108 3701 cultu
3148 3647 3470 3711 idololatrize,
3506 3640 3749 3699 concludebat

2256 3733 2350 3774 eos
2379 3728 2478 3777 sub
2501 3727 2653 3783 cultu
2690 3734 2861 3788 unius
2894 3735 3017 3803 Dei,
3060 3753 3089 3790 a
3123 3753 3231 3807 quo
3274 3736 3559 3793 salvaudum
3586 3748 3672 3789 erat
3694 3731 3748 3783 ltu-

2262 3827 2480 3868 manum
2508 3832 2686 3885 genus
2730 3836 2833 3891 per
2874 3826 3184 3883 Christum.
3218 3847 3236 3881 ι

2330 3903 2442 3958 XII.
2532 3910 2714 3977 Atque
2787 3916 3009 3971 utinam
3074 3921 3370 3975 commodis
3430 3932 3561 3989 irque
3618 3910 3748 3982 exPOSi'

2261 3995 2497 4052 tionibus
2547 3996 2902 4070 Origeniana
2985 4010 3053 4063 de
3138 4015 3322 4081 gratiae
3396 4013 3568 4066 divinze
3616 4002 3749 4059 auxiliis

2260 4086 2508 4154 dogmata
2546 4088 2721 4146 lenire
2771 4110 3069 4164 possemus
3102 4101 3217 4173 (η)
3250 4119 3263 4155 :
3299 4117 3472 4157 verum
3523 4112 3607 4155 tam
3636 4101 3747 4163 3W“

2262 4174 2519 4231 adversus
2554 4193 2677 4233 eam
2736 4197 3035 4253 grassatus
3085 4202 3191 4257 est,
3228 4194 3421 4247 frustra
3452 4204 3502 4246 ut
3545 4187 3677 4243 omnis
3696 4198 3747 4236 co-

2260 4266 2340 4320 lor
2369 4268 2613 4323 adhiberi
2658 4268 2835 4339 posse
2889 4279 3169 4336 videatur.
3238 4282 3508 4339 Manifesta
3548 4274 3746 4350 ίιυὶριιεεῑν

2263 4358 2493 4411 humana
2529 4360 2844 4429 voluntate,
2884 4368 3121 4440 ejuSque
3161 4374 3385 4429 arbitrio
3426 4372 3571 4427 divini
3612 4366 3747 4422 modum

616 4432 762 4485 davit
786 4445 961 4488 autem
993 4449 1291 4503 peccatum,
1327 4439 1377 4492 id
1408 4450 1510 4502 est,
1541 4441 1702 4494 nimis
1725 4444 1913 4505 crevit,
1950 4454 2161 4512 postea-
2190 4471 2235 4526 υ
2263 4459 2680 4517 mensuramque
2705 4432 2930 4511 auxilii
2947 4432 3189 4528 pendere
3219 4464 3395 4527 voluit,
3433 4464 3541 4517 licet
3573 4463 3623 4514 ad
3640 4455 3749 4525 operis

611 4532 771 4587 quam
801 4537 893 4588 per
914 4524 1082 4591 legem
1121 4526 1262 4580 facta
1294 4538 1379 4582 est
1403 4530 1635 4596 cognitio
1665 4533 1888 4598 peccati,
1915 4543 1963 4586 et
1990 4537 2153 4603 coepit

683 4691 795 4774 (4‘2)
840 4690 1024 4774 Verum
1076 4706 1179 4749 tam
1232 4711 1404 4774 aperte
1437 4703 1700 4774 adversus
1740 4721 1853 4757 eum
1893 4719 2159 4774 grassatus

611 4772 710 4837 est,
734 4772 843 4837 etc;
873 4767 1001 4837 Qum
1029 4771 1320 4837 accusandi
1358 4771 1601 4837 Origenis
1635 4776 1859 4829 materia
1893 4767 1963 4826 ἰιι
1995 4794 2057 4830 ex
2097 4779 2161 4830 Ii-

615 4832 727 4882 bris
754 4846 781 4881 a
808 4829 998 4910 Βλιιιιιο
1029 4832 1411 4910 interpretatis,
1446 4829 1554 4907 (iui,
1581 4850 1637 4892 ut
1668 4842 1779 4910 ipse
1806 4843 1880 4895 ait
1910 4829 2156 4908 lluetius,

612 4915 799 4969 parum
831 4897 1042 4969 Origeni
1073 4897 1414 4969 prin—judicare
1445 4897 1657 4967 debent.
1685 4897 1744 4963 ct
1772 4927 1833 4963 ex
1867 4897 2159 4969 Calliniicis

613 4970 677 5019 de
701 4968 870 5045 libero
912 4968 1132 5019 arbitrio
1182 4975 1765 5045 sententiisdesumpta
1825 4981 1913 5042 sit,
1975 4968 2155 5036 mirari

612 5038 743 5089 satis
785 5051 885 5089 non
923 5049 1138 5103 possum
1167 5051 1252 5088 ent
1298 5042 1488 5095 eruditi
1516 5045 1616 5097 viri
1657 5038 1706 5097 in
1733 5048 1815 5100 bis
1857 5038 2030 5103 Rufini
2075 5053 2157 5104 in-

614 5104 1084 5186 terpretationibus
1156 5105 1483 5186 iub-asserint,
1545 5123 1850 5169 contextum
1908 5120 2157 5186 Origenis

611 5174 794 5248 prince
820 5182 1126 5248 Aesstantem
1159 5175 1506 5243 neglexerint,
1552 5191 1601 5233 et
1632 5198 1747 5248 qua:
1778 5187 1843 5237 ad
1882 5174 2033 5240 liberi
2071 5205 2157 5240 ar.

613 5243 756 5296 blll'li
801 5243 1160 5298 defensionem
1197 5254 1376 5296 contra
1424 5243 1755 5307 detestau'das
1790 5256 2019 5309 haereses
2059 5274 2155 5308 cu.

612 5314 803 5391 tholice
831 5314 1085 5391 disputat,
1117 5324 1177 5391 ea
1237 5314 1301 5365 ad
1353 5316 1595 5391 haeresim
1646 5319 2007 5391 Pelagianam,
2061 5334 2155 5377 aut

611 5382 798 5458 saltem
820 5380 1305 5458 _Semipelagiana_m
1335 5385 1683 5458 detorserint;
1715 5380 1834 5458 quva:
1872 5380 2005 5447 vero
2026 5408 2151 5445 sex-

609 5453 779 5527 oculis
818 5453 1047 5528 locisde
1082 5454 1322 5528 gratuita:
1360 5464 1416 5507 et
1459 5451 1689 5528 emeacis
1733 5451 1924 5528 gratiae
1969 5476 2153 5514 neces-

610 5518 766 5594 sitate
796 5518 1380 5594 niaguiliee'pra-dicat,
1429 5535 1501 5594 [te
1562 5518 1768 5588 legisse.
1798 5529 2010 5594 quidem
2061 5539 2154 5582 aut

611 5587 1377 5663 animadvertissevideantur.
1421 5587 1712 5663 Falendl'm
1743 5587 1872 5647 δίιῖιθ
1900 5605 1982 5648 εει
2013 5599 2151 5663 «ιιιοά

606 5653 864 5749 argenta?
900 5674 963 5711 ex
985 5660 1277 5749 animarum
1304 5653 2149 5749 ijfmexsistelitia._opinatps:est,

611 5722 663 5772 id
691 5723 733 5776 si
770 5727 1132 5787 vehementius
1190 5722 1470 5817 mitam,
1508 5722 1914 5788 consecutio'nes
1954 5722 2148 5789 habere

2259 4533 2643 4603 perfectionem
2687 4546 2912 4602 caelesti
2967 4553 3244 4608 hominem
3304 4569 3481 4609 carere
3524 4569 3609 4606 non
3650 4559 3747 4616 ινοεξε

2269 4712 2694 4800 rn_nt__(:ath_olico
2728 4723 2995 4800 dogmate
3021 4742 3338 4800 pugnantes.
3369 4731 3464 4783 Sed
3490 4743 3619 4782 nemo
3643 4719 3748 4800 afﬁci!

2260 4793 2494 4868 optunos
2519 4797 2670 4838 Viros
2700 4803 2856 4859 saepe
2892 4797 2947 4849 in
2982 4793 3169 4855 errato
3208 4802 3381 4868 aliquo
3424 4801 3488 4851 ita
3518 4794 3691 4868 versari.
3718 4796 3747 4868 υξ

2261 4866 2380 4930 qua:
2406 4867 2469 4902 ει
2499 4870 2563 4903 υθ
2592 4858 3048 4934 consequuntur,
3104 4858 3320 4924 minime
3359 4869 3626 4922 defendant.
3652 4858 3744 4925 QumJ

2262 4924 2303 4973 si
2337 4934 2563 5003 usquam
2608 4924 2748 5003 alias
2776 4924 2977 4988 verum
3027 4924 3151 5003 fuit,
3185 4949 3329 4993 certe
3362 4939 3410 4990 in
3442 4924 3743 5003 Origenecon-

2262 4987 2518 5074 ΗΓΟῙΨΨῩ
2543 4993 2634 5057 qui
2668 5009 2830 5051 Suam
2872 4987 3744 5074 illamde'aniniarumvpréexsisten‘

2263 5066 2333 5143 ιΙιιι
2365 5066 2723 5143 ’optnionem,‘
2746 5078 2805 5120 ut
2863 5076 3209 5137 probabilem
3250 5066 3597 5143 conjecuirain,
3617 5087 3659 5122 re
3682 5078 3741 5116 που

2261 5127 2783 5210 ιΙιιιείξξιηριυυυιιὶις
2809 5127 2876 5210 ιιι
2898 5127 3482 5199 ηυιιείιὶεῖιῖίιιὶἓέῖίίόιιε
3504 5127 3629 5206 hujus
3649 5146 3741 5206 com:

2262 5198 2447 5284 illeilli.
2473 5197 2675 5284 (Elgrtsti
2708 5208 2976 5284 gratiam,
3028 5197 3430 5284 magnititnillutl
3460 5214 3537 5284 Dei
3561 5197 3742 5284 illam“?

2257 5272 2315 5351 et
2343 5265 2604 5351 “crucifixi
2650 5265 2856 5351 tnunus
2878 5265 2984 5351 ‘sic
3014 5265 3282 5351 exponit,"
3409 5265 3626 5338 defendit,
3648 5268 3741 5351 ιιίίθίξ

2256 5345 2320 5417 eo
2343 5334 2454 5417 lieri
2489 5350 2586 5417 par
2603 5348 2722 5391 erat
2751 5344 2932 5417 quiin
2980 5334 3486 5406 boc'lbca'rnationia
3505 5334 3697 5417 mysterio
3710 5344 3742 5415 ιι

2258 5401 2589 5487 meditando,
2620 5417 2676 5487 et
2698 5401 3080 5487 praedicando,
3113 5401 3739 5487 ἷόίιῖτῦὶιᾶωο⁴οηειιιηισ

2261 5483 2377 5557 eos,
2394 5484 2451 5557 et
2476 5473 2761 5557 lueretieos
2782 5473 3139 5557 defendendo
3155 5473 3330 5543 vitam
3355 5473 3647 5557 consumpsi"

2331 5540 2381 5626 θ’
2400 5540 2799 5626 ,μῆθκβίυτίιῑίι
2844 5564 2969 5626 erat
3004 5540 3490 5626 Origeniwliuniana
3505 5625 3516 5626 ί
3538 5540 3735 5626 iammi-

2263 5615 2367 5691 tas,
2399 5619 2455 5660 ut
2482 5611 2575 5664 lib.
2619 5629 2900 5691 vucoutru
2927 5611 3169 5691 Celsum,
3215 5611 3360 5682 num.
3390 5628 3470 5690 42,
3499 5625 3577 5676 Dei
3608 5616 3735 5688 603""

2259 5682 3020 5766 .1113}??legessequi-‘ltontiues
3066 5682 3180 5766 pou
3236 5713 3387 5766 posse
3426 5682 3629 5749 decernat
3658 5682 3733 5752 ἐξιιε

2255 5746 2438 5799 divino
2465 5746 2688 5808 auxilio.
2724 5752 2861 5812 Hinc
2911 5746 3016 5817 nec
3064 5746 3391 5833 ιιιὶίὶοιῖίζῖῐι
3430 5746 3560 5834 idem
3594 5746 3729 5825 [κοίν’
