3894 6420
377 358 477 414 9έῖ

377 576 486 626 quo
511 558 716 612 scilicet
743 559 941 610 bonum
986 560 1039 612 in
1065 561 1144 614 eis
1179 565 1449 632 proprium
1490 566 1662 629 ﬁeret,
1690 584 1808 621 cum
1855 571 1905 623 id

378 649 642 700 voluntate
695 647 904 714 propria
944 659 1283 716 servaretur;
1335 670 1352 702 ι
1411 661 1464 707 et
1513 657 1688 723 capite
1734 658 1906 726 priore

375 741 463 794 lib.
501 756 558 793 ιιι
602 739 879 794 Paulinum
943 742 1068 795 illud
1121 758 1391 812 exponens
1445 765 1458 799 :
1511 766 1530 798 t
1575 749 1710 817 Ergo
1759 751 1906 819 cujus

376 830 485 880 vult
506 830 809 895 miseretur,
842 841 897 884 et
928 847 1084 900 quem
1121 834 1228 886 vult
1279 836 1482 889 indurat
1507 839 1574 901 τ’,
1615 857 1634 889 ι
1688 840 1906 894 minime

371 918 424 970 id
451 918 664 985 quidem
711 920 816 974 Deo
850 924 1177 988 propositum
1228 939 1344 978 esse
1393 928 1570 984 docet.
1629 938 1686 980 ut
1722 944 1905 996 quem-

369 1022 527 1072 quam
561 1008 793 1074 induret,
821 1012 914 1065 sed
942 1027 1040 1079 per
1068 1012 1262 1066 bonttm
1298 1018 1623 1082 propositum
1656 1017 1904 1072 indurare

367 1109 487 1149 eum
517 1096 619 1150 dici
661 1099 752 1165 qui
785 1098 1086 1160 induratur,
1113 1102 1235 1169 quia
1267 1117 1332 1155 ex
1367 1104 1466 1157 hoc
1497 1107 1662 1172 ipsius
1713 1124 1903 1176 propo-

367 1185 471 1239 sito
497 1188 756 1253 sequitur,
783 1199 837 1239 ut
861 1204 953 1255 per
979 1189 1318 1244 inhaerentem
1372 1195 1469 1247 sibi
1509 1196 1762 1248 malitiam
1815 1198 1904 1252 ille

368 1274 648 1328 induretur
681 1293 694 1329 :
731 1292 849 1343 quae
894 1277 970 1328 sic
1025 1292 1120 1344 pro
1165 1295 1260 1333 sua
1304 1284 1684 1335 consuetudine
1717 1285 1903 1338 dilata-

364 1363 445 1416 vit
468 1362 688 1418 Rufinus
715 1379 858 1417 num.
889 1365 992 1418 t0:
1032 1385 1050 1417 t
1084 1366 1198 1438 Uno
1229 1370 1526 1439 eodemque
1552 1387 1713 1440 opere
1765 1375 1904 1428 Deus

367 1451 589 1507 alterius
624 1454 837 1521 quidem
870 1456 1174 1520 miseretur,
1198 1467 1255 1513 et
1296 1461 1460 1515 alium
1510 1465 1743 1527 indurat,
1795 1479 1900 1518 non

365 1555 533 1609 agens
567 1557 738 1610 neque
767 1544 952 1599 volens
984 1553 1042 1598 ut
1091 1545 1371 1602 iuduretur
1403 1549 1488 1603 ille
1545 1552 1634 1618 qui
1684 1552 1904 1606 indura-

368 1641 500 1683 tur:
541 1633 630 1686 sed
652 1633 777 1688 dum
814 1635 900 1688 ille
929 1633 1252 1703 benignitate
1289 1654 1382 1692 sua
1424 1649 1478 1694 et
1507 1641 1759 1707 patientia
1797 1642 1903 1695 uti-

367 1730 470 1786 tur,
497 1721 580 1775 itis
602 1723 813 1790 quidem
850 1725 939 1790 qui
968 1725 1084 1791 ejus
1109 1727 1488 1795 benignitatem
1516 1737 1570 1782 et
1591 1731 1896 1798 patientiam

1618 363 1670 419 P.
1711 364 2015 422 DANIELIS
2048 366 2274 422 llUETll

377 481 555 526 motus
579 487 606 522 a
637 485 692 522 sc
717 470 944 522 conditis
972 473 1239 526 mentibus
1263 474 1570 530 Creatorem
1604 471 1900 540 indulsisse.
1935 489 1979 542 Α
2009 481 2058 534 in
2099 483 2555 536 consummatione
2620 492 2930 535 servatam
2976 497 2990 531 :

3587 363 3689 420 ΜΒ

3057 495 3081 528 ι
3133 475 3411 539 Scilicet,
3459 493 3482 526 ι
3520 475 3696 545 inquit.

2009 588 2156 624 ninn.
2203 573 2252 636 t,
2288 587 2407 640 pag.
2439 572 2567 631 152.
2625 593 2646 622 ι
2696 582 2763 624 ut
2818 573 2958 639 ipse
2989 567 3111 624 sibi
3143 581 3286 620 eam
3340 567 3696 633 proprizein-

2005 662 2222 714 dostriae
2255 663 2445 716 studiis
2473 677 2541 716 ex
2580 663 2683 714 Dei
2711 660 3062 714 imitatione
3093 655 3541 718 conscisceret,
3573 670 3696 709 cum

2004 751 2353 816 possibilitate
2393 751 2496 804 sibi
2557 748 2958 817 perfectionis
3031 747 3097 799 in
3176 743 3378 798 initiis
3418 743 3558 798 data
3609 761 3702 812 per

2005 841 2249 910 imaginis
2273 842 2618 910 dignitatem,
2665 840 2722 892 in
2783 839 2909 893 line
2970 838 3226 892 demum
3265 843 3416 905 Fper
3470 850 3701 902 operum

2004 925 2365 992 expictiouem
2399 925 2710 994 perfectam
2742 925 2863 977 sibi
2898 925 3029 992 ipse
3055 922 3540 978 similitudinem
3575 937 3706 977 con-

2004 1026 2318 1069 summaret.
2359 1034 2377 1065 ι
2441 1016 2611 1069 Addit
2651 1015 2917 1079 deinde,
2997 1033 3018 1063 ι
3073 1013 3550 1067 similitudinem
3611 1012 3704 1066 Dei

2003 1102 2346 1168 sperandam,
2384 1117 2504 1168 qua:
2552 1116 2662 1170 pro
2722 1101 3086 1154 meritorum
3125 1099 3520 1170 perfectione
3572 1116 3706 1170 pra-

2003 1192 2251 1244 stahitnr.
2291 1209 2309 1240 i
2342 1189 2452 1243 Nec
2495 1192 2598 1244 ista
2629 1191 3058 1253 tolerabiliora,
3095 1204 3244 1258 qua:
3303 1191 3562 1257 legimus
3616 1193 3707 1245 ho-

2003 1281 2112 1331 tnil.
2148 1281 2204 1333 11
2245 1281 2302 1332 in
2340 1279 2510 1334 Nam.
2556 1297 2717 1335 itum.
2751 1283 2812 1344 4,
2848 1297 2987 1349 pag.
3029 1281 3157 1334 308
3202 1297 3220 1333 :
3267 1299 3292 1332 ς
3331 1280 3707 1337 Omniaenim

2003 1370 2140 1436 apud
2159 1371 2326 1423 Deum
2358 1372 2573 1426 ratione
2605 1372 2907 1440 etjudicio
2934 1374 3136 1437 tittnt;
3179 1386 3298 1426 nec
3333 1373 3414 1426 ad
3444 1373 3706 1441 gratiam,

2002 1459 2094 1511 sed
2125 1474 2220 1525 pro
2256 1462 2474 1526 merito,
2502 1481 2519 1513 ι
2555 1473 2692 1527 etc.,
2721 1463 2968 1530 penitus
3007 1476 3245 1530 nempe
3294 1462 3513 1533 gratia:
3549 1462 3710 1518 bene-

2002 1546 2181 1600 iicium
2237 1549 2352 1603 haec
2409 1552 2727 1617 perimunt;
2793 1553 3334 1618 quemadmodum
3411 1562 3478 1608 et
3537 1553 3630 1606 illa
3680 1572 3709 1606 e

2003 1645 2134 1689 tom.
2166 1653 2196 1690 χ
2235 1639 2536 1700 ίιιΜαιιΙιη
2573 1657 2732 1694 num.
2764 1642 2862 1704 11,
2909 1658 3052 1711 pag.
3085 1642 3218 1695 454
3269 1660 3285 1696 :
3335 1641 3631 1698 Ἐνταῦθα
3656 1644 3709 1698 δὲ

2002 1727 2161 1795 ἡμεῖς
2193 1730 2358 1798 ἐσμεν
2388 1733 2439 1782 οἱ
2493 1733 2663 1784 αἴτιοι
2702 1731 2805 1784 τοῦ
2862 1730 3022 1785 εἶναι
3055 1732 3232 1787 καλὰ
3280 1735 3391 1786 καί
3442 1735 3580 1798 ἄξια
3607 1736 3708 1788 τῶν

365 1812 430 1863 ad
459 1819 818 1878 contemptum
846 1824 1002 1881 atque
1042 1815 1378 1869 insolentiam
1414 1819 1634 1881 ducunt,
1682 1820 1889 1872 indura-

1997 1815 2300 1885 λεγομένων
2334 1819 2506 1886 ἁγίων
2534 1821 2696 1891 γένη,
2742 1822 2776 1891 ἢ
2836 1820 3055 1891 σαπρὰ
3123 1824 3242 1875 καὶ
3291 1823 3440 1889 ἄξια
3475 1824 3578 1876 τοῦ
3611 1826 3709 1892 ἔξω

365 1909 452 1950 tur
477 1914 586 1960 cor,
620 1901 743 1952 dum
772 1902 1052 1956 criminum
1077 1918 1232 1970 pinna
1259 1906 1503 1959 dill‘ertur
1535 1926 1548 1960 :
1579 1909 1628 1960 bi
1659 1923 1787 1961 vero
1809 1912 1898 1977 qui

362 1988 743 2054 benignitatem
801 2001 855 2044 et
907 1995 1212 2059 patientiam
1263 1997 1376 2061 ejus
1429 2000 1493 2049 ad
1564 2001 1898 2054 occasionem

365 2080 694 2147 paenitentia:
711 2099 818 2134 sua:
845 2093 893 2135 et
926 2085 1317 2138 emendationis
1365 2088 1655 2155 accipiunt,
1693 2092 1900 2146 miseri-

362 2169 597 2222 cordiam
620 2183 1039 2240 consequuntur.
1072 2192 1090 2222 ι
1139 2173 1362 2229 Gemino
1403 2176 1590 2231 deinde
1650 2181 1898 2249 exemplo

363 2257 683 2312 luculentius
706 2262 754 2312 id
793 2261 1155 2327 demonstrat;
1198 2265 1375 2331 priore
1405 2268 1616 2334 quidem
1643 2271 1807 2336 petito
1833 2286 1894 2323 ex

362 2347 522 2400 llebr.
562 2364 638 2410 vr,
668 2349 718 2412 7,
748 2348 800 2412 8,
835 2350 910 2402 ait
943 2353 1085 2405 enim
1117 2354 1349 2406 divinam
1404 2356 1629 2423 gratiam
1669 2359 1894 2414 similem

359 2451 476 2490 esse
516 2438 671 2490 imbri
714 2449 883 2496 terras
945 2441 1208 2510 irriganti,
1257 2460 1481 2512 quarum
1548 2448 1665 2503 alia:
1717 2451 1899 2518 spinas

359 2525 487 2580 dant
528 2536 583 2578 et
615 2528 877 2592 tribulos;
909 2539 1139 2598 segetem
1181 2532 1284 2586 illa:
1323 2543 1377 2585 et
1435 2535 1641 2589 fructus
1690 2537 1883 2602 ferunt;

360 2627 455 2680 pro
507 2615 654 2668 varia
697 2618 900 2671 scilicet
949 2620 1178 2684 cultura,
1215 2627 1458 2688 quamvis
1509 2625 1744 2691 ejusdem
1789 2631 1898 2680 sint

361 2709 583 2754 naturae.
615 2702 806 2758 Terras
843 2707 1042 2775 itaque,
1081 2710 1182 2762 hoc
1207 2721 1288 2764 est
1317 2715 1547 2777 animas,
1589 2717 1656 2770 ad
1705 2718 1895 2772 volun-

361 2791 484 2845 tatis
509 2793 787 2848 arbitrium
817 2797 986 2850 excoli
1021 2809 1074 2852 et
1101 2803 1274 2866 parari
1310 2811 1491 2870 putat;
1518 2807 1738 2860 imbrem
1763 2823 1893 2863 vero

357 2884 692 2947 postmodum
729 2901 757 2937 a
809 2887 916 2941 Deo
964 2889 1187 2944 infundi.
1247 2892 1387 2946 idem
1441 2898 1892 2968 probatexemplo

356 2969 504 3033 solis,
531 2973 620 3040 qui
659 2989 760 3028 una
785 2978 1078 3046 eademque
1122 2981 1237 3034 luce
1263 2990 1316 3034 et
1347 2983 1523 3048 calore
1575 2986 1754 3040 limum
1810 2989 1892 3040 iu-

356 3063 529 3124 durat,
556 3072 614 3115 et
634 3079 812 3118 ceram
843 3066 1152 3136 liquefacit:
1189 3089 1208 3120 σ
1233 3088 1336 3126 non
1359 3075 1500 3141 quod
1534 3077 1698 3130 virtus
1721 3077 1884 3143 ejus,»

356 3150 500 3201 addit
554 3152 776 3208 Ruﬁnus
817 3172 965 3210 num.
1016 3160 1103 3221 11,
1146 3179 1165 3210 t
1201 3162 1354 3214 aliter
1393 3165 1625 3228 iulimo,
1657 3177 1710 3220 et
1734 3167 1888 3221 aliter

354 3254 608 3308 operetur
637 3247 688 3298 in
719 3261 874 3311 cera;
901 3250 992 3303 sed
1046 3252 1185 3318 quod
1244 3252 1354 3305 limi
1388 3254 1518 3318 alia,
1548 3256 1648 3310 alia
1680 3272 1889 3325 quoque

353 3347 490 3384 cera:
531 3334 602 3386 sit
647 3337 898 3400 qualitas,
927 3355 1046 3391 cum
1097 3341 1280 3409 utique
1321 3345 1612 3397 secundum
1642 3355 1885 3400 naturam

353 3437 515 3474 uumn
561 3425 653 3487 sit,
691 3427 813 3491 quia
874 3439 1157 3496 utrumque
1185 3431 1252 3484 de
1302 3443 1442 3484 terra
1468 3443 1568 3488 est.
1606 3454 1627 3486 ι
1659 3437 1886 3504 Exponit

351 3509 542 3562 deinde
566 3515 832 3577 quomodo
857 3516 1063 3570 auferat
1087 3534 1116 3570 a
1143 3519 1294 3572 nobis
1324 3519 1462 3574 Deus
1488 3537 1579 3574 cor
1600 3524 1882 3591 lapideum,

350 3608 404 3648 et
432 3597 685 3653 immittat
713 3617 965 3656 carneum
995 3625 1008 3658 :
1041 3621 1228 3674 nempe
1253 3609 1561 3662 subversum
1595 3613 1657 3664 iri
1705 3625 1886 3667 censet

349 3685 647 3742 libertatem
688 3691 914 3755 arbitrii,
947 3694 990 3746 si
1045 3699 1292 3762 potestati
1332 3699 1527 3754 divinae
1574 3703 1751 3756 cordis
1773 3720 1896 3756 mu-.

349 3777 608 3831 tationem
629 3779 959 3834 tribuamus:
1001 3794 1107 3836 tum
1137 3789 1416 3841 sententiae
1449 3804 1558 3844 sua:
1593 3792 1886 3859 explanan-

354 3866 436 3918 da:
465 3882 648 3928 causa,
675 3867 948 3924 indoclum
983 3873 1214 3940 aliquem
1269 3877 1431 3929 sumit
1477 3879 1529 3931 in
1559 3881 1882 3950 exemplum,

345 3956 436 4022 qui
471 3958 550 4008 vel
599 3957 823 4010 aliorum
853 3961 1333 4027 adhortationibus,
1355 3967 1434 4018 vel
1471 3967 1684 4022 aliunde
1717 3971 1881 4037 impe-

348 4046 524 4098 ritiam
549 4065 698 4101 suam
738 4051 1056 4120 intelligens,
1085 4057 1362 4110 erudiendi
1398 4073 1555 4113 causa
1585 4063 1788 4115 accedit
1819 4066 1898 4116 ad,

350 4137 661 4203 doctorem;
709 4141 893 4195 doctor
914 4159 1063 4208 vero,
1119 4147 1394 4199 voluntate
1439 4148 1550 4215 ejus
1582 4163 1883 4219 perspecta,

346 4222 602 4278 doctrinae
655 4241 762 4280 suae
789 4241 1054 4297 praecepta
1083 4234 1400 4288 traditurum
1437 4251 1494 4289 se
1521 4237 1834 4304 polliceatur
1866 4261 1879 4295 :

346 4310 550 4375 Οὕτως,
586 4316 758 4382 inquit
786 4335 932 4374 nttm.
978 4321 1065 4386 15,
1097 4337 1216 4392 pag.
1275 4325 1399 4390 121,
1461 4329 1489 4378 ὁ
1543 4327 1681 4390 θεῖος
1732 4330 1883 4398 λόγος

344 4403 727 4468 ἐπαγγέλλεται
765 4409 870 4462 τῶν
903 4414 1230 4482 προσιόντων
1269 4416 1364 4486 τὴν
1409 4419 1602 4472 κακίαν
1631 4419 1883 4490 ἐξαιρεῖν,
1921 4430 1960 4479 lt

343 4491 411 4559 ἣν
435 4491 676 4560 ὠνόμασε
703 4499 918 4566 καρδίαν
946 4502 1171 4573 λιθίνην,
1200 4507 1317 4575 οὐχὶ
1348 4509 1565 4561 ἐκείνων
1595 4512 1668 4581 μὴ
1704 4512 1882 4580 βουλο-

346 4579 539 4650 μένων,
574 4581 683 4633 ἀλλ’
716 4586 933 4652 ἑαυτοὺς
960 4593 1038 4661 τῷ
1067 4595 1232 4662 ἰατρῷ
1265 4597 1370 4650 τῶν
1395 4600 1703 4666 καμνόντων
1737 4619 1876 4673 τιαρ-

340 4669 666 4738 εσχηκότων.
695 4672 851 4736 Quasi
888 4692 989 4730 nou
1035 4697 1063 4733 a
1094 4682 1202 4738 Deo
1231 4688 1524 4743 habeamus
1547 4690 1648 4744 hoc
1678 4693 1873 4760 ipsum,

342 4768 403 4810 ut
431 4761 704 4821 accedere,
736 4770 790 4812 ut
839 4769 1017 4818 sanari
1061 4770 1303 4826 velimus.
1363 4776 1564 4830 Similia
1595 4791 1720 4833 sunt
1757 4799 1874 4849 qua:

339 4860 636 4917 sequuntur
668 4870 678 4904 :
731 4853 837 4909 Καὶ
861 4854 993 4918 ἔστι,
1022 4861 1139 4926 φέρ’
1169 4864 1358 4925 εἰπεῖν,
1387 4867 1448 4918 τὸ
1474 4870 1598 4930 τοὺς
1646 4871 1876 4940 τυφλοὺς

338 4938 652 5007 ἀναϐλέψαι,
691 4939 866 5008 ἔργον,
893 4945 1030 4997 κατὰ
1059 4947 1155 5013 μὲν
1193 4951 1252 5002 τὸ
1287 4952 1590 5020 ἠξιωκέναι,
1631 4938 1734 5010 τῶν
1781 4978 1865 5012 πι-

339 5029 628 5084 στευόντων
655 5029 907 5084 δύνασθαι
932 5033 1345 5104 θεραπεύεσθαι·
1378 5045 1515 5097 κατὰ
1535 5047 1589 5099 δὲ
1624 5049 1718 5118 τὴν
1745 5051 1877 5102 ἀπο-

339 5125 664 5178 κατάστασιν
697 5124 794 5194 τῆς
838 5125 1106 5195 ὁράσεως,
1141 5130 1232 5183 τοῦ
1274 5134 1519 5205 Σωτῆρος
1569 5140 1740 5209 ήμῶν,
1774 5142 1875 5194 κθ-

338 5211 479 5278 liqua
513 5215 625 5281 pari
655 5214 782 5268 vitio
805 5215 1068 5268 laborant.
1099 5217 1272 5273 Nihilo
1311 5225 1523 5278 saniora
1576 5241 1699 5281 sunt
1755 5247 1872 5298 quia

340 5303 583 5370 leguntur
606 5305 723 5359 libri
750 5306 982 5372 ejusdem
1012 5307 1183 5375 capite
1208 5308 1258 5373 6,
1303 5311 1353 5363 itt
1389 5316 1577 5381 quibus
1606 5321 1869 5376 hominem

340 5389 526 5446 divinae
579 5395 820 5465 imaginis
876 5396 1208 5466 dignitatem,
1254 5413 1374 5454 cum
1430 5409 1798 5468 procrearctur
1845 5430 1870 5461 a

343 5477 467 5542 Deo,
497 5487 761 5554 accepisse
782 5489 883 5554 ait;
916 5487 1276 5542 similitudinis
1324 5506 1448 5546 vero
1485 5494 1860 5560 perfectionem

413 5651 455 5681 "
485 5653 632 5713 Rom.
665 5679 736 5729 ix,
773 5667 855 5723 l8.
931 5670 974 5701 ⁷⁸
1006 5669 1135 5725 Rom
1188 5684 1280 5734 xit,
1310 5670 1358 5724 6.

1999 1905 2293 1972 βληθῆναι·
2330 1907 2390 1958 οὑ
2450 1908 2564 1978 γὰρ
2603 1909 2774 1976 φύσις
2826 1914 3079 1982 ὲνὴμῖν
3124 1912 3308 1965 αἰτία.
3362 1914 3480 1983 τῆς
3541 1933 3705 1985 πονη-

2002 1993 2137 2060 ρίας,
2167 1993 2302 2046 ἀλλὰ
2330 1997 2677 2066 προαίρεσις,
2713 1999 2994 2064 ἑκούσιος
3025 1998 3193 2055 οὖσα
3253 2009 3702 2079 κακοποιητική.

1997 2081 2178 2144 Οὕτως
2221 2083 2274 2135 δὲ
2306 2086 2424 2138 οὐδὲ
2468 2086 2638 2154 φύσις
2685 2091 2847 2142 αἰτία
2899 2091 3361 2164 δικαιοσύνης,
3398 2095 3486 2159 ὡς
3515 2099 3704 2150 ἀνεπίο

1994 2173 2174 2236 δεκτός
2205 2175 2436 2239 ἀδικίας,
2465 2179 2605 2231 ἀλλὰ
2635 2179 2803 2248 λόγος
2834 2182 2904 2234 ὃν
2965 2185 3491 2256 παρεδεξάμεθα,
3533 2191 3564 2242 ὀ
3613 2207 3706 2244 κα-

1994 2267 2333 2330 τασκευάζων
2359 2269 2604 2333 δικαίους
2630 2288 2644 2300 ’
2685 2282 2743 2324 ct
2780 2274 2888 2325 ista
2922 2285 2987 2328 et
3017 2285 3202 2331 tomo
3237 2294 3353 2340 nt,
3399 2295 3562 2334 num.
3597 2282 3691 2345 40,

1995 2373 2114 2423 pag.
2147 2356 2268 2414 561.
2318 2359 2408 2426 Μὴ
2442 2359 2702 2422 συνόντος
2765 2361 2852 2431 τῷ
2920 2364 3316 2436 ἀρνουμένῳ
3377 2369 3710 2437 Πνεύματος,

1993 2444 2185 2515 ἐχθροῦ
2233 2445 2310 2515 τῷ
2342 2446 2609 2517 διδομένῳ
2661 2451 2972 2521 Πνεύματι
3014 2457 3140 2508 καὶ
3192 2458 3389 2528 σοφίᾳ
3416 2465 3542 2523 τοῖς
3572 2461 3700 2531 πρὸς

1990 2535 2050 2586 τὸ
2077 2537 2352 2604 ὁμολογεῖν
2385 2540 2529 2591 κατά
2553 2557 2682 2592 τινα
2712 2541 2883 2606 ἀξίαν
2919 2546 3146 2600 αὐτῶν
3205 2550 3335 2602 ὑπὸ
3366 2551 3520 2604 Θεοῦ
3583 2553 3702 2622 βοη-

1993 2626 2301 2696 θουμένοιςο
2340 2639 2392 2681 et
2445 2630 2562 2682 iure
2598 2646 2832 2700 quoque
2881 2649 2918 2688 e
2993 2647 3163 2692 tom.
3217 2656 3363 2706 xu,
3427 2659 3589 2696 nutu.
3645 2645 3695 2708 5,

1994 2735 2110 2786 pag.
2142 2719 2266 2778 717,
2298 2721 2353 2769 Ὀ
2381 2719 2437 2773 δὲ
2460 2721 2656 2791 Σωτὴρ
2693 2723 3022 2796 διελέγχων
3053 2731 3179 2782 καὶ
3197 2731 3318 2802 τὴν
3348 2733 3707 2803 Initium.”-

1996 2809 2366 2876 μεγαλόφωνον
2396 2813 2610 2882 μητέρα
2642 2815 2740 2868 τοῦ
2795 2817 3105 2872 Ἰακώϐου
3156 2822 3270 2874 καὶ
3322 2823 3697 2888 Ίωάννου,ὡ;

1991 2899 2282 2966 ἁγνοοῦσαν
2316 2901 2460 2960 τίνες
2485 2905 2534 2958 οἱ
2565 2906 2979 2976 ὑπερέχοντες,
3013 2915 3138 2965 καὶ
3176 2915 3277 2968 ὅτι
3312 2918 3350 2986 ἡ
3387 2918 3714 2986 τηλικαύτην

1990 2991 2163 3059 δωρεὰ
2186 2991 2345 3061 χάρις
2361 2995 2481 3046 ἐστὶ
2502 2996 2600 3047 τοῦ
2630 2998 2729 3048 ἐπὶ
2762 3000 2912 3052 πᾶσι
2953 3002 3132 3055 Θεοῦ
3155 3007 3578 3075 συμπνέοντος
3607 3011 3698 3064 καὶ

1994 3081 2375 3148 συνεργοῦντος
2402 3124 2417 3146 ,
2453 3087 2548 3137 καὶ
2584 3086 2869 3156 ἱδρύοντος
2897 3092 2964 3142 ἐν
3022 3097 3112 3165 τῇ
3156 3099 3424 3172 τοιαύτῃ
3447 3101 3690 3171 ὑπεροχῇ

1988 3167 2079 3230 οὓς
2109 3165 2248 3223 οἶδεν
2305 3175 2671 3244 ἐπιτηδείους,
2708 3190 2849 3236 etr..
2891 3198 3150 3239 necnon
3181 3199 3247 3242 et.
3310 3190 3409 3243 illa
3466 3207 3501 3246 e
3555 3204 3694 3246 tonio

1990 3273 2079 3310 xm
2114 3259 2165 3310 in
2191 3259 2380 3326 Joan.,
2413 3282 2565 3319 uttm.
2603 3270 2653 3328 1,
2693 3270 2855 3338 Τάχα
2886 3275 3016 3344 γὰρ
3051 3276 3280 3349 δόγμα
3313 3283 3375 3334 τί
3405 3286 3553 3345 ἐστι,
3593 3303 3692 3353 μη-

1987 3347 2110 3400 δένα
2141 3349 2438 3418 λαμϐάνειν
2463 3355 2706 3427 δωρεὰν,
2766 3361 2888 3413 τῶν
2930 3365 3021 3434 μὴ
3089 3347 3450 3426 αἰτούντων
3504 3375 3690 3447 αὐτήν.

1990 3436 2265 3494 Μωιὶΐεδιθ
2321 3459 2541 3513 quoque
2604 3450 2751 3504 hunc
2797 3454 3086 3520 Apostoli
3155 3461 3372 3518 locum
3437 3466 3496 3520 iit
3545 3436 3694 3520 suam

1991 3528 2204 3583 trahens
2267 3537 2599 3590 sententiam
2668 3545 2953 3607 pervertit
3013 3547 3142 3603 lib.
3189 3568 3253 3605 ix
3293 3556 3357 3608 in
3400 3556 3587 3624 Epist.
3629 3560 3696 3612 ad

1989 3615 2162 3682 Roiit.,
2201 3635 2352 3674 nunt.
2391 3625 2447 3688 5,
2485 3642 2609 3695 pag.
2637 3630 2745 3684 648
2784 3648 2799 3682 :
2834 3651 2853 3683 ι
2897 3634 3246 3698 Habentes
3283 3615 3493 3700 autem
3535 3650 3698 3701 dona-

1991 3707 2160 3761 tiones
2185 3716 2490 3767 secundum
2525 3720 2761 3786 gratiam
2796 3738 2930 3790 quae
2964 3727 3124 3782 data
3162 3744 3268 3789 est
3333 3737 3511 3794 nobis
3544 3739 3696 3795 diﬂ'e-

1989 3807 2183 3861 rentes,
2201 3801 2315 3856 sive
2337 3808 2682 3873 prophetiam
2709 3817 3040 3872 secundum
3077 3826 3411 3883 rationem
3445 3831 3691 3898 ﬁdei",-

1987 3896 2114 3949 etc.;
2148 3889 2271 3942 hinc
2301 3894 2502 3962 quippe
2536 3898 2751 3964 colligit
2775 3905 3004 3962 donari
3042 3918 3336 3981 gratiam
3365 3936 3400 3975 a
3449 3922 3570 3978 Deo

1987 3977 2212 4030 cundum
2255 3983 2526 4038 rationem
2561 3989 2688 4042 lidei
2733 4008 2746 4043 :
2789 4003 2912 4049 tum
2963 3977 3330 4064 ex'codem
3371 4013 3511 4068 loco
3541 4025 3600 4069 et
3629 4032 3689 4070 cx

1987 4065 2093 4117 alio
2122 4067 2374 4134 Epistula:
2420 4077 2625 4141 prioris
2669 4083 2740 4133 ad
2781 4084 3153 4148 Corinthios
3191 4101 3290 4154 sic
3349 4106 3691 4161 concludit:

1991 4156 2362 4264 i‘Uitdentilti
2430 4165 2653 4222 videtur
2712 4183 2824 4226 tam
2887 4180 2961 4230 ad
3039 4156 3692 4264 Romanos

1987 4245 2295 4300 Corinthios
2336 4254 2626 4322 scribens,
2683 4270 2797 4316 tres
2833 4271 3166 4337 capiendae
3232 4245 3463 4347 gratia;
3502 4289 3692 4344 modos

1987 4338 2196 4400 docere,
2231 4349 2285 4390 ut
2313 4356 2380 4393 ex
2407 4346 2569 4401 nobis
2599 4350 2654 4402 in
2679 4367 2747 4407 eo
2773 4358 2864 4425 agi
2908 4361 3155 4429 aliquid
3206 4381 3531 4442 Ostendat,
3578 4382 3690 4450 pl..-

1992 4429 2177 4478 riumm
2231 4438 2408 4483 tamen
2463 4435 2518 4487 in
2554 4438 2646 4493 Dei
2696 4444 3007 4516 largitione
3073 4465 3468 4524 consistere.
3514 4429 3690 4527 'i’onit

1987 4534 2114 4618 ergo
2139 4528 2190 4572 et
2213 4536 2530 4620 mensuram
2566 4531 2692 4587 lidci
2724 4551 2878 4602 esse,
2912 4557 3026 4610 per
3085 4566 3290 4618 quam
3358 4563 3500 4628 quis
3560 4579 3687 4634 gm.

1987 4609 2112 4659 tiam
2141 4610 2290 4715 ,ιεςιρίι
2323 4626 2336 4660 :
2375 4619 2535 4679 ponit
2560 4632 2616 4674 ct
2648 4627 2716 4678 ad
2749 4628 2799 4679 id
2834 4609 2990 4699 quod
3039 4609 3305 4710 ert-petiit
3328 4667 3345 4715 ;

1988 4709 2093 4749 Iuttt
2123 4699 2364 4753 dividere
2395 4721 2566 4772 prout
2595 4717 2734 4771 vult.
2769 4718 2841 4773 Ut
2890 4739 3042 4794 ergo
3081 4699 3264 4790 tanta
3297 4699 3367 4794 iit

1984 4789 2076 4906 :les
2105 4789 2440 4906 invenimur,
2473 4818 2686 4871 quanta
2723 4816 2900 4880 possit
2953 4825 3400 4887 sublimiorem
3432 4840 3679 4906 gratiam

1985 4877 2086 4943 (sic
2107 4879 2248 4931 enim
2287 4881 2617 4970 legendum)
2665 4910 2996 4973 promereri,
3039 4923 3246 4974 nostri
3283 4877 3496 4994 operis
3533 4932 3682 4984 vide-

1985 4974 2069 4994 1....
2098 4976 2145 4994 nl
2178 4974 2343 4994 -n...|!!

1984 4974 2069 5088 ll.ll'
2177 4974 2346 5072 studii
2393 4997 2408 5031 :
2459 4996 2523 5040 ut
2559 5001 2740 5046 autem
2769 4995 2836 5047 ad
2883 4997 2937 5050 id
2983 5001 3172 5059 detur
3210 4974 3678 5088 quoilwe;petiil,

1979 5065 2032 5155 et
2059 5058 2186 5168 utile
2209 5061 2302 5168 sit"
2329 5076 2666 5151 accipienti,
2699 5085 2789 5139 Dei
2815 5080 3096 5154 judicium
3132 5058 3281 5168 esti;
3316 5108 3411 5160 vel
3443 5058 3683 5167 oriiiiim:

2013 5145 2024 5155 .
2159 5149 2171 5160 .
2292 5155 2302 5166 ,
2655 5145 2663 5151 .
2815 5145 2832 5154 -
3086 5145 3094 5146 κ
3139 5145 3234 5153 -υ-
3264 5146 3281 5168 ,
3325 5145 3411 5160 ω.
3443 5145 3682 5167 vum..."

1981 5145 2171 5266 ξ’θίξθη
2200 5152 2362 5266 rei".
2413 5165 2473 5222 in
2531 5174 2654 5243 ipso
2684 5187 2785 5232 est.
2823 5194 2843 5228 ι
2897 5175 3027 5232 Pari
3062 5183 3311 5246 insania
3350 5203 3682 5266 corrumpit

1979 5235 2174 5344 ibidem
2201 5241 2312 5344 hoc
2355 5256 2662 5327 alterume
2687 5271 2704 5325 l
2728 5270 2792 5324 ad
2821 5268 2944 5324 Cor.
2969 5285 3076 5334 xu,
3109 5276 3184 5330 18
3226 5298 3246 5334 :
3313 5301 3336 5334 ι
3377 5285 3550 5344 Nunc
3581 5235 3678 5342 alu-

1983 5332 2086 5436 it."
2126 5335 2321 5436 Ροδυίξ
2343 5342 2511 5412 Deus
2539 5364 2781 5420 membra
2804 5404 2818 5428 ,
2859 5367 3318 5436 unumquodque
3349 5389 3560 5430 eorum
3622 5380 3670 5430 ί..

1977 5427 2232 5531 Σῗῖςῗξθ’
2271 5431 2445 5498 Sim“
2510 5457 2710 5515 voluit.
2748 5427 2916 5510 Voluit
2969 5464 3183 5518 autem,
3247 5460 3479 5531 inquit,
3524 5469 3669 5522 Dens

1981 5509 2288 5573 “cumuli!
2321 5537 2631 5607 rationem
2671 5551 2753 5607 vel
2784 5560 3084 5604 mensuram
3132 5546 3274 5605 fidei
3316 5509 3454 5623 qua:
3482 5569 3571 5615 est
3608 5561 3661 5612 in
