3894 6434
243 391 350 446 049

1017 395 1570 453 ORIGENIANORUM
1608 398 1734 453 LIB.
1775 399 1843 468 ll,
1882 399 2032 457 CAP.
2073 399 2138 464 Il,
2175 401 2442 467 QUASST.
2480 401 2588 459 Vll.

3309 401 3408 455 930

244 506 418 570 nobis,
448 507 533 561 vel
577 509 744 564 voluit
768 511 832 566 ad
882 511 931 566 id
981 515 1118 581 quod
1156 515 1387 583 expedit.
1424 515 1532 569 Nisi
1560 514 1692 570 l’orte
1713 515 1786 568 ita
1819 523 1860 576 Α
1889 524 1972 568 cet
2000 526 2328 572 commentus
2373 527 2490 598 est,
2514 529 2572 572 ut
2604 519 2996 588 aggressionem
3037 515 3156 568 boni
3177 515 3350 582 operis
3381 531 3411 568 a

241 594 440 664 aiiquis
468 606 524 652 et
551 599 654 654 hoc
683 601 812 654 velit
844 602 1140 671 intelligere
1171 623 1184 657 :
1211 605 1348 659 Deus
1385 605 1560 673 posuit
1594 606 1642 657 in
1670 621 1786 659 ror-

239 697 371 752 pore
393 689 817 756 unumquodque
848 690 1144 743 membrmn
1169 702 1324 760 prout
1352 693 1539 758 voluit,
1581 704 1632 744 ιιι
1651 733 1665 757 ,
1698 708 1786 745 vo-

238 775 362 840 luit,
398 777 469 829 ad
502 778 801 830 membrum
835 780 1001 848 magis
1029 781 1311 843 referatur,
1365 784 1466 837 hoc
1494 791 1596 845 est,
1631 793 1788 850 prout

239 866 437 929 voluit,
461 876 626 936 prout
650 868 832 938 elegit,
857 880 1012 938 prout
1052 886 1267 938 Operam
1291 872 1452 933 dedit,
1501 886 1566 924 ne
1599 873 1787 925 videa—

239 967 326 1010 tur
349 957 418 1010 de
470 957 694 1012 homine
740 961 947 1014 arbitrii
981 971 1217 1028 potestas
1257 963 1474 1016 auferri.
1507 981 1525 1012 ι
1553 964 1786 1032 Denique

237 1043 288 1097 in
325 1047 544 1099 catenis
594 1049 644 1098 in
704 1045 944 1101 Psalmos
995 1050 1113 1102 talia
1168 1051 1395 1104 refertur
1424 1051 1679 1106 eil‘utiisse
1720 1053 1785 1105 ad

234 1133 428 1202 psalm.
455 1150 588 1198 cxx,
620 1137 674 1201 5,
704 1151 820 1206 pag.
847 1137 949 1192 820
978 1155 989 1188 :
1045 1139 1133 1210 Μὴ
1175 1138 1313 1210 δῴης
1359 1143 1436 1204 εἰς
1492 1140 1646 1194 σάλον
1697 1143 1785 1194 τὸν

232 1223 368 1276 πόδα
420 1242 555 1277 σου·
590 1226 664 1296 μὴ
715 1230 1071 1299 περιτραπῇς,
1133 1231 1292 1299 φησὶ,
1329 1231 1458 1300 μηδὲ
1509 1233 1785 1286 σκανδαλι-

232 1313 392 1382 σθῇςο
430 1315 532 1366 καὶ
562 1316 682 1367 τότε
707 1315 847 1380 ἕξεις
875 1317 1002 1369 Θεὸν
1024 1320 1175 1386 χεῖρα
1199 1319 1476 1389 ὀρέγονταο
1507 1320 1642 1372 ὥστε
1661 1321 1785 1391 παρ’

229 1399 389 1468 ἡμῶν
442 1400 525 1453 δεῖ
583 1398 718 1456 εἶναι
752 1403 848 1466 τὰς
889 1403 1078 1472 ἀρχὰς,
1103 1405 1194 1457 καὶ
1237 1408 1263 1458 ὁ
1302 1405 1432 1468 Θεὸς
1465 1406 1555 1459 τοῦ
1609 1405 1785 1477 ὀρέξαι

229 1493 422 1560 χεῖρας
458 1491 702 1561 ἕτοιμος.

298 1577 372 1633 Ut
422 1582 602 1649 magis
649 1585 811 1636 etiam
859 1592 1073 1652 pateant
1119 1585 1370 1638 doctrinae
1416 1587 1570 1654 hujus
1608 1587 1784 1656 adyta,

227 1668 638 1723 observandum
692 1681 777 1726 est
827 1673 1086 1742 duplicem
1139 1675 1190 1728 in
1245 1677 1399 1730 nobis
1449 1680 1515 1730 ab
1561 1678 1786 1746 Origene

229 1759 496 1811 constitui
530 1760 885 1825 ﬁdem,aliam
920 1764 1226 1826 humanam,
1247 1780 1404 1834 quam
1436 1767 1634 1820 viribus
1663 1783 1785 1836 pro-

226 1847 362 1915 priis
430 1847 582 1902 nullo
631 1851 876 1918 praesidio
909 1845 1128 1906 firmatis
1159 1855 1352 1906 habere
1389 1855 1674 1922 possimus,
1704 1855 1782 1906 di-

226 1939 413 1989 vinam
454 1936 644 2002 aliam,
677 1954 794 2005 quae
826 1940 976 1994 nobis
1011 1941 1098 1992 Dei
1131 1943 1296 2010 gratia
1334 1942 1782 1996 infnndatnr.Nec

225 2029 502 2098 duplicem
550 2029 725 2081 solum
771 2029 947 2092 ﬁdem,
983 2032 1073 2083 sed
1109 2033 1331 2084 virtutes
1369 2033 1525 2084 etiam
1551 2031 1780 2098 reliquas

225 2118 278 2172 in
327 2120 500 2173 nobis
536 2120 773 2186 duplices
815 2135 933 2173 esse
976 2130 1152 2187 putat,
1195 2137 1412 2188 quarum
1465 2121 1580 2174 alite
1619 2123 1721 2174 sint
1751 2136 1780 2174 a

225 2210 408 2273 nobis,
446 2208 568 2262 alize
599 2225 627 2262 a
665 2211 770 2262 Deo
804 2227 816 2262 :
851 2209 965 2265 illas
1009 2221 1181 2264 autem
1232 2212 1296 2264 ad
1340 2211 1558 2264 salutem
1597 2226 1782 2266 conse-

223 2298 503 2365 quendam
559 2297 691 2350 nihil
723 2297 994 2365 prodesse,
1026 2299 1125 2350 nisi
1172 2299 1355 2350 harum
1397 2301 1666 2353 consortio
1692 2317 1779 2353 ro-

221 2387 516 2442 borentur.
557 2387 865 2442 Panduntur
914 2389 1024 2442 haec
1069 2390 1278 2442 oracula
1332 2400 1480 2443 tract.
1518 2406 1680 2444 χχχιιι
1727 2393 1779 2443 in

224 2475 452 2540 lauit”
482 2493 633 2530 num.
671 2495 690 2527 ι
741 2476 849 2530 69:
901 2495 918 2527 ι
953 2477 1018 2530 Ut
1048 2487 1192 2546 puta,
1231 2479 1418 2545 inquit,
1481 2479 1630 2532 ﬁdem
1685 2480 1779 2533 ha-

222 2569 368 2624 benti
396 2584 528 2638 qna:
554 2580 634 2623 est
657 2585 720 2622 ex
752 2569 924 2634 nobis,
947 2571 1156 2624 dabitur
1183 2573 1347 2638 gratia
1394 2571 1532 2632 ﬁdei,
1560 2587 1674 2639 quae
1701 2583 1782 2625 est

219 2675 314 2728 per
363 2659 627 2726 spiritum
682 2658 822 2722 ﬁdei,
853 2671 907 2712 et
945 2660 1232 2713 abundabit
1262 2678 1277 2726 ;
1307 2670 1358 2713 et
1383 2661 1636 2728 quidquid
1682 2662 1778 2716 ha-

220 2751 406 2804 interit
435 2749 564 2816 quis
599 2765 661 2803 ex
715 2748 942 2802 naturali
997 2749 1288 2814 creatione,
1332 2765 1451 2802 cum
1485 2753 1780 2804 exercuerit

218 2855 367 2901 eum,
399 2841 606 2906 accipit
637 2840 688 2892 id
729 2843 894 2904 ipsum
927 2854 976 2890 et
1009 2854 1072 2891 ex
1102 2841 1268 2906 gratia
1307 2839 1422 2900 Dei,
1455 2851 1504 2891 ιιι
1551 2843 1781 2894 abundet

219 2940 271 2982 et
305 2931 534 2982 ﬁrmior
560 2929 631 2980 sit
661 2929 712 2980 in
737 2943 802 2980 eo
827 2928 940 2994 ipso
959 2928 1096 2994 quod
1127 2929 1301 2992 habet,
1331 2931 1512 2999 {quod
1543 2931 1606 2983 de
1637 2931 1777 2983 omni

219 3017 412 3072 itidem
446 3019 652 3071 virtute
689 3017 1084 3084 intelligendum
1137 3032 1256 3072 esse
1309 3020 1510 3075 scribit.
1563 3023 1777 3075 Demum

221 3107 510 3161 concludit
545 3121 560 3157 :
597 3126 614 3156 ι
677 3107 962 3176 Propterea
994 3109 1036 3161 si
1073 3107 1312 3161 volumus
1341 3120 1397 3162 ut
1433 3111 1584 3163 detur
1629 3111 1778 3165 nobis

218 3198 402 3250 virtus
440 3195 765 3264 perfectior,
795 3205 848 3248 et
896 3194 1125 3250 abundet
1159 3197 1209 3249 in
1254 3197 1401 3250 nobis
1444 3199 1580 3266 quod
1608 3201 1779 3266 perfe-

219 3293 366 3336 ctum
395 3292 484 3336 est
523 3283 664 3334 inter
689 3283 948 3344 homines,
981 3297 1073 3350 per
1102 3283 1425 3352 diligentiam
1454 3285 1594 3338 omni
1627 3287 1780 3339 modo

217 3373 600 3442 acquiramus,
625 3384 678 3424 et
696 3381 972 3440 postquam
1001 3372 1428 3439 acquisierimus,
1454 3375 1602 3441 quasi
1629 3374 1781 3428 intel-

217 3461 460 3532 ligentes
495 3462 752 3530 quoniam
805 3463 858 3516 in
894 3462 1114 3516 nihilum
1173 3464 1281 3516 haec
1320 3473 1628 3530 reputantur
1668 3464 1782 3517 sine

217 3553 397 3617 gratia
431 3552 553 3615 Dei,
587 3551 925 3605 humiliemus
953 3553 1310 3620 nosmetipsos
1337 3554 1435 3605 sub
1466 3569 1621 3605 tnann
1648 3553 1781 3606 vali-

218 3639 284 3693 da
316 3639 418 3694 Dei
453 3639 523 3701 ⁷⁸,
550 3649 603 3692 et
637 3654 850 3694 oremus
877 3641 989 3695 sine
1017 3642 1092 3694 ira
1130 3643 1507 3710 disceptatione
1551 3642 1781 3696 levantes

215 3747 386 3798 puras
427 3745 626 3784 manus
656 3730 724 3793 ⁷⁷,
753 3740 809 3784 ιιι
853 3729 1087 3784 omnium
1140 3711 1393 3785 bonorum
1425 3748 1541 3801 quae
1581 3741 1701 3786 sunt
1730 3734 1778 3786 in

216 3821 378 3875 nobis
410 3820 676 3889 perfectio
707 3820 864 3873 detur
891 3835 953 3873 ex
978 3820 1103 3885 Deo,
1133 3831 1181 3875 e:
1208 3821 1366 3875 faciat
1396 3838 1490 3875 nos
1520 3823 1780 3890 perfectos

214 3923 270 3965 et
298 3911 678 3978 acceptabiles
713 3909 846 3974 Deo,
875 3911 1025 3978 quasi
1058 3911 1196 3965 ﬁlios
1221 3911 1333 3965 Dei.
1367 3932 1384 3963 ι
1422 3911 1670 3964 Eatntlcm
1701 3927 1780 3965 re-

213 4002 409 4072 coqnit
444 3999 706 4055 crambcn
739 3998 829 4052 lib.
862 4014 912 4053 tv
951 3999 1005 4052 in
1043 3998 1214 4067 Epist.
1255 4001 1321 4053 ad
1352 3999 1519 4062 Rom,
1545 4016 1685 4052 ntttn.
1724 3999 1777 4061 Β,

213 4101 385 4158 atque
438 4091 515 4144 ita
567 4088 736 4156 accipi
770 4087 884 4142 vult
924 4103 1106 4143 vocem
1155 4089 1292 4144 hanc
1322 4089 1676 4158 apostolorum
1715 4091 1779 4142 ad

212 4178 503 4235 Christum
549 4195 566 4233 :
604 4197 622 4229 ι
667 4179 815 4248 Auge
857 4179 1007 4233 nobis
1039 4181 1192 4234 ﬁdem
1231 4180 1277 4211 ⁷⁸
1311 4195 1326 4233 :
1363 4179 1530 4245 Quia,
1591 4179 1776 4247 inquit,

211 4273 387 4327 etiam
420 4271 558 4324 ﬁdes
583 4269 719 4337 ipsa,
751 4283 854 4336 qua
884 4269 1102 4323 credere
1124 4270 1368 4324 videmur
1400 4273 1528 4332 Deo,
1562 4271 1698 4323 dono
1727 4271 1776 4324 in

213 4362 380 4414 nobis
432 4359 625 4429 gratia:
664 4357 1029 4412 conﬁrmatur.
1071 4377 1090 4409 ι
1145 4360 1318 4426 Atque
1374 4360 1512 4413 idem
1556 4361 1778 4414 subinde

212 4449 452 4516 replicat
479 4449 575 4502 lib.
607 4462 682 4512 ut,
729 4460 878 4499 num.
906 4445 961 4504 '5.
1011 4461 1127 4516 pag.
1167 4445 1288 4512 649,
1331 4447 1488 4513 idque
1538 4462 1778 4515 compro-
1806 4469 1854 4527 ι)

213 4539 352 4592 hare
384 4537 593 4606 satagit
640 4535 931 4604 apostolico
965 4536 1101 4591 isto:
1154 4537 1317 4590 Alteri
1355 4538 1482 4604 ﬁdes
1511 4539 1562 4591 in
1602 4540 1777 4590 eodem

210 4630 411 4697 spiritu
435 4629 484 4659 ’θ
520 4645 534 4680 :
564 4646 582 4677 ι
613 4624 763 4691 Quod
793 4624 942 4690 ﬁdes,
990 4625 1180 4694 inquit,
1226 4642 1343 4696 quae
1382 4635 1557 4694 speret
1591 4638 1643 4681 et
1664 4642 1778 4680 cre-

213 4718 336 4781 dat,
364 4729 420 4772 ct
456 4719 662 4785 absque
720 4717 820 4768 ulla
881 4715 1208 4768 dubitatione
1259 4715 1505 4778 conﬁdat,
1539 4716 1590 4768 in
1629 4717 1778 4770 nobis

210 4819 304 4863 est
329 4825 346 4874 ;
383 4809 526 4862 ratio
558 4823 686 4862 vero
715 4806 838 4861 ﬁdei
867 4806 1052 4876 ipsius,
1081 4817 1136 4861 et
1161 4807 1401 4871 scientia,
1427 4815 1482 4860 et
1511 4806 1774 4873 perfectus

213 4915 413 4956 eorum
436 4913 559 4968 qua:
588 4897 857 4951 credimus
879 4896 1175 4952 intellectus
1199 4897 1425 4949 donatur
1445 4910 1472 4947 a
1499 4894 1624 4948 Deo.
1651 4914 1668 4947 ι
1697 4897 1770 4949 Ac

214 4990 446 5042 tandem
485 5000 502 5038 :
537 5004 556 5036 ι
597 4985 747 5038 Sicut
773 4991 856 5037 est
895 4983 1024 5038 ﬁdes
1066 4999 1222 5051 quam
1256 4983 1526 5035 docuimus
1570 4997 1687 5036 esse
1720 4984 1769 5035 in

215 5077 406 5140 nobis,
428 5082 483 5129 et
507 5089 691 5129 rursus
717 5082 798 5127 est
824 5072 951 5126 fides
972 5086 1089 5140 quae
1109 5085 1200 5139 per
1225 5071 1442 5140 gratiam
1471 5072 1642 5133 datur,
1669 5073 1771 5124 sic-

215 5175 282 5220 ut
323 5181 490 5234 supra
519 5164 752 5217 diximus
774 5162 1027 5231 scriptum
1050 5176 1168 5216 esse
1199 5179 1213 5215 :
1238 5161 1342 5214 Alii
1368 5161 1494 5227 [idea
1516 5163 1567 5213 in
1597 5161 1769 5213 eodem

215 5255 464 5323 spiritu;
513 5253 586 5305 ita
638 5252 796 5305 etiam
855 5251 906 5304 in
947 5263 1261 5321 unoquoque
1298 5250 1483 5303 borum
1516 5262 1632 5314 qua;
1676 5267 1769 5303 διι-

220 5358 326 5411 pra
355 5341 791 5397 enumeravimus
835 5356 864 5393 a
900 5341 1006 5394 Deo
1041 5354 1133 5406 per
1175 5339 1399 5406 gratiam
1451 5337 1585 5400 dari,
1613 5349 1692 5392 est
1717 5349 1768 5391 ct

219 5433 283 5485 in
323 5432 482 5486 nobis
523 5429 741 5496 aliquid,
767 5431 830 5483 ad
867 5429 1017 5496 cujus
1062 5429 1420 5495 unusquisque
1467 5441 1765 5480 mensuram

219 5517 315 5572 vel
349 5517 618 5571 rationem
666 5516 882 5584 gratiam
914 5523 1261 5582 promeretur.
1302 5534 1319 5566 ι
1362 5513 1482 5566 Ιιςιιο
1514 5529 1578 5567 eo
1622 5515 1768 5568 scili—

299 5689 390 5744 ⁷⁸1
432 5687 577 5740 Petr.
607 5699 657 5747 ν,
692 5687 739 5738 ti.
813 5691 853 5721 ⁷⁷
895 5687 909 5740 l
941 5687 1071 5741 Tim.
1106 5705 1161 5754 ιι,
1192 5690 1241 5743 8.
1318 5691 1360 5721 ⁷⁸
1394 5689 1516 5742 Lnr.
1573 5707 1696 5754 xvn,
1728 5693 1778 5749 5.

1885 605 2155 659 voluntate
2191 618 2372 660 nostra
2427 611 2804 676 suspentlcret;
2852 619 3154 661 successum
3191 619 3316 658 vero
3360 612 3416 658 et

1885 693 2262 762 perfectionem
2297 710 2325 745 a
2369 695 2491 749 Deo.

1951 780 2069 835 Jam
2128 798 2254 835 vero
2314 785 2596 850 germinum
2655 784 2901 854 Origenis
2943 799 3154 840 sensum
3201 783 3413 837 odorari

1885 885 2184 943 promptum
2221 883 2301 927 est
2352 875 2401 926 in
2447 874 2654 938 nmltis,
2689 876 2878 942 quibus
2907 876 3193 944 legitimam
3234 872 3412 941 gratia:

1887 972 1986 1017 vim
2021 965 2186 1017 vismn
2213 974 2293 1017 est
2319 966 2627 1033 ptmdicasse
2658 983 2670 1018 :
2696 979 2752 1019 ut
2795 981 2912 1019 cum
2949 965 3040 1020 lib.
3067 981 3122 1017 ιιι
3154 949 3292 1030 Περὶ
3321 963 3415 1030 ἀρ-

1885 1053 2026 1123 χῶν,
2043 1069 2160 1123 cap.
2180 1056 2229 1118 l,
2263 1070 2407 1110 num.
2434 1055 2518 1119 l8,
2545 1055 2743 1123 Optime
2769 1055 2870 1108 dici
2901 1055 3106 1114 asserit.
3137 1055 3412 1108 aediﬁcium

1886 1160 1986 1196 non
2013 1139 2344 1207 :ediﬁcantis,
2377 1145 2468 1196 sed
2502 1144 2592 1197 Dei
2615 1157 2746 1210 opus
2793 1157 2947 1210 esse;
2985 1154 3039 1196 et
3083 1143 3230 1197 urbis
3278 1151 3415 1195 tute-

1885 1232 2010 1300 lam,
2037 1249 2140 1286 non
2176 1233 2484 1288 custodibus
2509 1245 2560 1288 et
2582 1233 2776 1302 vigiliis
2803 1233 3048 1291 militum,
3079 1233 3167 1286 sed
3199 1233 3304 1285 Deo
3332 1246 3417 1287 re-

1886 1333 1968 1377 ete
1995 1323 2186 1377 ascribi
2221 1340 2235 1376 :
2279 1325 2356 1377 sic
2388 1323 2526 1376 enim
2562 1338 2671 1375 rem
2713 1321 3105 1390 intelligendam
3124 1335 3241 1374 esse
3276 1321 3413 1382 vult,

1884 1413 2060 1482 Operis
2081 1422 2439 1481 susceptorem
2469 1412 2631 1465 fuisse
2650 1412 2934 1474 hominem,
2963 1412 3126 1464 Deum
3153 1408 3414 1477 perfecto-

1886 1517 1994 1556 rem
2027 1519 2041 1567 ;
2073 1518 2166 1557 nec
2190 1500 2428 1556 sufﬁcere
2451 1502 2773 1556 voluntatem
2818 1501 3098 1555 humanam
3133 1498 3198 1551 ad
3230 1511 3415 1552 conse-

1885 1591 2144 1658 quendum
2184 1592 2361 1655 ﬁnem,
2410 1591 2509 1645 nisi
2557 1591 2693 1644 Deus
2727 1589 2792 1642 ad
2826 1589 2879 1643 id
2920 1587 3244 1656 opituletur;
3276 1586 3414 1652 quod

1883 1695 1948 1735 eo
1973 1679 2188 1750 probari
2217 1691 2365 1750 putat
2395 1698 2411 1734 :
2445 1700 2462 1732 ι
2497 1679 2610 1733 Non
2643 1679 2888 1744 volentis,
2925 1692 3095 1745 neque
3129 1677 3411 1734 currentis.

1886 1772 1974 1824 sed
2009 1771 2306 1825 miserentis
2344 1779 2422 1824 est
2451 1769 2539 1822 Dei
2569 1769 2635 1820 ⁸ο.
2678 1789 2695 1820 ι
2726 1769 2779 1820 ln
2808 1783 2962 1835 quem
3015 1767 3187 1820 locum
3224 1764 3418 1833 repetit

1882 1860 2064 1912 cadem
2098 1870 2148 1913 et
2172 1861 2402 1914 extendit
2443 1859 2532 1915 lib.
2569 1875 2638 1913 vtt
2687 1861 2738 1912 in
2779 1859 2944 1926 Epist.
2973 1859 3038 1910 ad
3069 1857 3237 1922 Rom,
3265 1871 3410 1911 num.

1881 1949 1967 2014 16,
1999 1966 2049 2018 p.
2090 1950 2209 2012 6H,
2227 1966 2285 2004 ex
2320 1966 2489 2017 eoque
2528 1949 2874 2002 demonstrari
2912 1949 3004 2011 ait,
3035 1968 3052 1999 ι
3091 1949 3228 2015 quod
3257 1948 3416 2002 homo

1879 2042 2086 2109 quidem
2127 2041 2358 2093 laborem
2401 2040 2666 2107 impendat
2713 2047 2765 2092 et
2809 2039 3245 2098 sollicitmlinetn;
3277 2036 3414 2090 Deus

1879 2139 2052 2180 autem
2077 2143 2373 2180 successum
2406 2127 2549 2194 operi
2585 2126 2782 2180 tribuat
2810 2139 2860 2179 et
2889 2125 3172 2185 cll‘ectunt;
3217 2145 3234 2176 ι
3268 2125 3413 2176 ideo-

1879 2229 1980 2282 que
2004 2215 2182 2281 opcris
2205 2229 2463 2267 summam
2503 2215 2607 2267 Deo
2647 2214 2820 2280 potius
2846 2228 3001 2281 quam
3049 2212 3248 2264 homini
3294 2225 3413 2266 esse

1880 2305 2250 2370 deputandum.
2310 2304 2597 2356 Confirmat
2659 2303 2786 2356 illttd
2831 2301 2976 2357 Pauli
3018 2303 3212 2363 verbis,
3255 2303 3279 2355 ι’
3315 2302 3413 2356 Co-

1881 2391 2042 2444 rinth.
2074 2407 2158 2453 ιιι.
2211 2391 2283 2444 6:
2328 2410 2345 2440 ι
2383 2391 2488 2461 Εᾳο
2546 2390 2792 2458 plantavi,
2849 2392 3027 2460 Apollo
3073 2392 3238 2460 rigavi
3279 2433 3294 2455 ,
3325 2391 3415 2444 sed

1881 2480 2016 2532 Deus
2042 2480 2424 2533 incrementum
2467 2480 2644 2545 dedit;
2685 2500 2702 2529 ι
2745 2491 2851 2533 tum
2882 2483 2996 2535 ait:
3039 2499 3057 2531 ι
3089 2481 3306 2534 Certum
3331 2491 3413 2535 est

1882 2569 2038 2621 Deum
2073 2583 2173 2622 non
2204 2569 2370 2622 solum
2404 2570 2539 2623 scire
2568 2569 2977 2638 uniuscujusque
3003 2574 3326 2640 propositum
3351 2586 3413 2624 ac

1881 2657 2224 2724 voluntatem,
2246 2659 2338 2712 sed
2366 2669 2418 2712 et
2465 2660 2732 2726 prtescire.
2777 2661 2962 2712 Sciens
2992 2671 3166 2711 autem
3198 2671 3250 2711 et
3276 2676 3412 2726 prae--

1879 2760 2119 2810 noscens,
2143 2757 2388 2815 tanquam
2416 2753 2580 2802 bonus
2603 2748 2930 2815 dispensator
2953 2759 3002 2802 et
3020 2749 3212 2816 justus,
3232 2749 3410 2802 unius-

1879 2835 2129 2902 rajusqne
2158 2837 2382 2889 motibus
2406 2846 2456 2889 et
2481 2837 2743 2904 proposito
2761 2839 2924 2890 utitur
2947 2839 3010 2890 ad
3033 2852 3094 2891 ea
3121 2852 3278 2905 opera
3297 2836 3407 2890 cili-

1879 2923 2086 2987 cienda,
2117 2939 2232 2992 quae
2267 2925 2677 2992 uniuscujusque
2711 2926 2920 2978 animus
2951 2941 3013 2979 ac
3044 2925 3284 2979 voluntas
3316 2926 3408 2978 cli~

1879 3016 1983 3082 git;
2025 3033 2042 3064 ι
2072 3024 2122 3068 et
2148 3026 2436 3082 postremo,
2469 3032 2588 3084 pag.
2617 3015 2716 3068 615
2750 3032 2763 3067 :
2817 3033 2834 3065 ι
2865 3015 2929 3070 Ut
2961 3017 3083 3069 boni
3116 3017 3287 3078 enim,
3333 3017 3413 3068 in-

1879 3105 2012 3172 quit,
2046 3124 2063 3155 ι
2113 3114 2200 3158 aut
2230 3105 2350 3158 mali
2383 3107 2548 3162 simus
2573 3117 2765 3162 nostra:
2787 3109 3074 3161 voluntatis
3098 3115 3214 3168 est;
3249 3105 3414 3157 malus

1880 3203 2051 3246 autem
2077 3199 2140 3245 ad
2174 3193 2462 3260 cujusmodi
2494 3197 2807 3260 verbera,et
2835 3197 3002 3251 bonus
3029 3197 3092 3248 ad
3121 3194 3413 3260 cuiusmodi

1880 3281 2098 3349 gloriam
2130 3283 2439 3344 destinetur,
2469 3283 2760 3338 voluntatis
2806 3294 2885 3338 est
2917 3285 3027 3337 Dei.
3076 3303 3093 3334 ι
3129 3284 3240 3336 Νοιι
3275 3283 3416 3336 aliud

1880 3381 2069 3423 sonant
2107 3371 2260 3424 verba
2317 3375 2426 3425 haec
2454 3387 2483 3425 e
2512 3373 2601 3425 lib.
2647 3389 2702 3427 ιιι
2762 3373 2899 3440 Περι
2951 3373 3171 3441 ἀρχῶν,
3211 3388 3326 3440 cap.
3356 3373 3413 3432 '2,

1881 3475 2025 3511 nttm.
2053 3459 2087 3511 2
2129 3477 2143 3512 :
2188 3480 2202 3508 ι
2250 3460 2473 3514 Evidens
2526 3461 2688 3529 igitur
2739 3463 2874 3515 ratio
2907 3472 3009 3526 est,
3042 3464 3160 3530 quia
3195 3463 3331 3516 sicut
3365 3465 3414 3516 in

1879 3547 2030 3600 bonis
2077 3551 2233 3602 rebus
2283 3550 2568 3604 humanum
2621 3552 2948 3619 propositum
2995 3553 3162 3607 solum
3206 3567 3300 3620 per
3329 3567 3448 3608 se»

1882 3637 2050 3703 ipsum
2088 3637 2449 3706 imperfectum
2495 3648 2578 3694 est
2616 3641 2683 3694 ad
2710 3643 3218 3695 consummationem
3243 3641 3362 3694 boni
3397 3658 3414 3701 ;

1880 3723 2138 3789 adjutorio
2170 3741 2396 3795 namque
2423 3727 2599 3782 divino
2631 3729 2695 3780 ad
2721 3728 2951 3798 perfecta
2975 3745 3196 3798 quaeque
3226 3731 3418 3795 perdu-

1877 3813 2041 3878 citur,
2079 3833 2095 3863 ι
2136 3824 2238 3869 ctc.
2275 3816 2324 3868 In
2353 3817 2433 3871 his
2464 3817 2718 3886 Origenes
2760 3819 3032 3885 splendide
3062 3820 3416 3888 ήμιπελαγια-

1878 3904 2032 3968 νὶζει,
2062 3907 2436 3973 inceptionem,
2469 3908 2565 3962 hoc
2593 3919 2694 3971 est,
2727 3910 2872 3974 relle,
2900 3911 3097 3962 homini
3141 3911 3410 3973 tribuens;

1882 3996 1988 4047 Deo
2022 4008 2148 4048 vero
2173 3996 2444 4057 duntaxat,
2468 3997 2724 4062 perficere.
2743 3997 2965 4052 Ruﬁnus
2995 4012 3117 4050 vero
3149 3999 3297 4064 quasi
3325 4013 3415 4062 pa-

1880 4099 1994 4136 rum
2013 4084 2095 4138 his
2122 4086 2320 4138 erroris
2351 4086 2561 4144 inesset.
2597 4087 2746 4139 novis
2769 4102 2828 4140 ea
2865 4087 3168 4139 deliriorum
3197 4102 3413 4138 suorum

1879 4173 2270 4227 accessionibus
2289 4173 2590 4229 infnscavit.
2619 4175 2721 4229 Sed
2745 4174 2989 4244 Origenis
3013 4177 3244 4230 insanias
3265 4189 3412 4228 reve-

1879 4263 1989 4316 lare
2015 4264 2446 4332 pergamns.lsin
2478 4265 2576 4317 ﬁne
2601 4267 2793 4333 prioris
2821 4266 3008 4333 capitis
3044 4265 3160 4318 libri
3196 4281 3255 4319 ιιι
3277 4266 3420 4333 Περὶ

1880 4350 2096 4421 ἀρχῶν,
2131 4351 2390 4415 num.22,
2437 4365 2714 4421 postquam
2756 4353 2972 4420 pulchre
3019 4352 3162 4405 visus
3192 4363 3273 4406 est
3324 4355 3414 4408 Dei

1879 4440 2155 4494 scientiam
2190 4457 2309 4495 cum
2355 4443 2596 4498 libertate
2625 4444 2956 4508 conciliasse,
2981 4443 3157 4496 omnia
3192 4444 3413 4498 conclu-

1879 4532 2028 4585 sione
2051 4533 2278 4600 pessima
2300 4533 2570 4600 depravat,
2599 4549 2716 4588 cum
2749 4535 2820 4587 ait
2847 4533 3044 4587 nullum
3072 4537 3136 4588 ad
3161 4537 3412 4590 honorem

1881 4620 1961 4674 vel
1992 4621 2333 4690 ignominiam
2363 4636 2391 4673 τι
2421 4622 2526 4676 Deo
2555 4623 2750 4690 parari,
2776 4624 2868 4676 ἐὰν
2905 4625 2976 4695 μὴ
3006 4624 3133 4694 ὓλην
3162 4626 3282 4678 τινὰ
3302 4625 3415 4679 δια-

1880 4712 2048 4780 φορᾶς
2094 4714 2192 4782 σχῇ
2237 4712 2334 4781 τὴν
2372 4713 2635 4781 ἡμετέραν
2660 4714 2988 4785 προαίρεσιν,
3011 4715 3289 4768 κλίνουσαν
3325 4717 3414 4768 ἐπὶ

1875 4801 1941 4853 τὰ
1967 4802 2198 4874 χείρονα,
2231 4803 2263 4870 ἢ
2296 4803 2385 4854 ἐπὶ
2421 4803 2487 4854 τὰ
2521 4804 2822 4874 κρείττονα,
2854 4807 2992 4874 quod
3031 4808 3186 4858 iterat
3230 4807 3317 4857 lib.
3353 4822 3411 4865 ιι,

1869 4905 1985 4956 cap.
2009 4889 2062 4950 9,
2095 4904 2238 4942 ntttn.
2260 4890 2316 4952 9.,
2343 4890 2376 4942 6
2403 4900 2456 4942 et
2486 4905 2596 4958 seq.
2617 4892 2772 4944 Libro
2807 4907 3015 4960 quoque
3059 4893 3235 4961 operis
3274 4890 3412 4955 ejus-

1869 4977 1988 5030 dem
2026 4977 2220 5045 priore.
2255 4994 2369 5044 cap.
2400 4979 2454 5042 5,
2483 4997 2625 5035 ιιιιιιι.
2650 4981 2701 5044 5,
2725 4982 2849 5034 dicit
2879 5001 2900 5032 ι
2933 4983 2984 5034 in
3024 4981 3123 5035 illis
3145 4979 3270 5033 solis
3295 4990 3415 5031 esse

1869 5081 1998 5133 opus
2036 5065 2266 5132 Spiritus
2321 5067 2512 5132 sancti,
2539 5068 2626 5134 qui
2677 5071 2786 5136 jam
2832 5085 2890 5123 se
2926 5069 2992 5121 ad
3025 5068 3238 5122 meliora
3284 5077 3409 5115 con-

1870 5164 2100 5217 vertunt,
2135 5166 2184 5210 et
2223 5171 2316 5224 per
2361 5157 2472 5211 vias
2521 5159 2713 5212 Christi
2750 5158 2872 5213 Jesu
2910 5159 3189 5216 incedunt,
3227 5153 3278 5204 id
3326 5161 3410 5206 est

1873 5244 1960 5311 qui
1990 5254 2110 5297 sunt
2145 5246 2196 5298 in
2251 5247 2401 5300 bonis
2430 5249 2659 5312 actibus,
2687 5258 2739 5302 et
2763 5249 2812 5301 in
2864 5250 2969 5302 Deo
3013 5247 3342 5312 permanent,
3379 5257 3401 5290 ι

1874 5334 2024 5397 quasi
2078 5333 2270 5402 aliquis
2323 5337 2386 5388 ad
2435 5337 2655 5390 meliora
2693 5337 2924 5390 converti
2983 5339 3156 5399 queat,
3203 5325 3404 5392 absque

1872 5438 2032 5490 opere
2057 5434 2108 5476 et
2137 5427 2306 5492 gratia
2355 5425 2586 5494 Spiritus
2629 5426 2818 5478 sancti.
2853 5422 2959 5475 Nec
2999 5414 3405 5487 patrocinantur

1872 5515 1917 5566 ei
1954 5517 2244 5584 sequentia,
2281 5532 2398 5569 cum
2423 5519 2493 5569 ait
2522 5531 2666 5568 num.
2696 5515 2726 5564 7
2760 5533 2772 5566 :
2809 5531 2826 5562 ι
2866 5509 3115 5578 Spiritum
3156 5508 3411 5556 Sancum}

1854 5695 1894 5727 7“
1926 5695 1940 5748 l
1989 5695 2107 5751 Cur.
2152 5712 2242 5760 xu,
2279 5697 2310 5750 9
2406 5697 2446 5726 δ⁰
2479 5693 2633 5751 Ιὶοιιιο
2665 5708 2731 5753 εκ,
2763 5689 2842 5742 ‘16-
