3894 6440
395 411 490 464 951

1626 398 1684 459 Ρ.
1726 397 2030 456 ιιιικιειιδ
2066 398 2156 454 illi
2166 395 2292 452 E'l‘ll

3635 377 3745 432 939.

392 526 661 584 exstinctis
691 523 1055 590 peccatoribus
1107 533 1159 575 et
1192 521 1436 592 indignis,
1476 521 1645 590 ipsum
1680 523 1778 576 sint
1825 538 1922 576 no-
1951 525 1993 582 Α
2023 499 2378 574 ostendimus.
2423 515 2514 569 Illo
2549 521 2700 568 vero
2735 519 3075 581 praecipue
3117 498 3288 554 Pauli
3345 497 3583 550 videtur
3605 499 3746 592 abu-

394 632 512 670 vum
570 612 812 681 populum
872 623 1075 677 creare,
1109 619 1162 665 et
1210 625 1464 665 renovare
1504 609 1693 664 faciem
1743 620 1920 676 terrae,

390 720 511 759 cum
543 693 634 772 per
659 701 886 769 gratiam
937 700 1168 768 Spiritus
1212 700 1536 768 deponentes
1561 709 1793 754 veterem
1830 701 1924 754 ho-

390 795 581 847 minem
616 806 736 843 cum
772 791 977 843 actibus
1017 790 1149 851 suis,
1177 789 1228 841 in
1255 788 1488 842 novitate
1519 789 1639 842 vitat
1664 788 1926 856 coeperint

387 880 701 944 ambulare;
741 899 760 931 ι
794 896 899 948 quo
920 894 1074 933 sensu
1117 878 1309 947 quippe
1343 879 1453 931 hate
1481 879 1925 945 pronuntiaveril,

388 971 498 1035 ipse
545 970 702 1036 paulo
734 977 851 1036 post
902 967 1186 1036 patefecit,
1223 966 1417 1018 docens
1457 965 1624 1019 Deum
1662 986 1679 1017 ε
1721 967 1925 1035 Spiritu

383 1059 493 1112 oris
539 1059 620 1112 sui
651 1073 768 1126 quae
803 1058 958 1118 digna
989 1067 1112 1110 sunt
1166 1057 1592 1110 sanctiﬁcatione
1628 1056 1927 1110 sanctiﬁca-

384 1164 482 1214 re;
518 1168 536 1199 ι
571 1149 760 1204 deinde
796 1148 1058 1202 subnectit
1093 1165 1106 1200 :
1135 1167 1153 1197 ι
1197 1147 1286 1201 Est
1315 1156 1368 1200 et
1402 1146 1502 1200 alia
1529 1162 1737 1215 quoque
1764 1148 1922 1200 etiam

385 1239 615 1306 Spiritus
656 1239 826 1292 sancti
869 1238 1036 1305 gratia
1069 1252 1184 1305 quin
1219 1238 1390 1306 dignis
1424 1247 1726 1306 przestatur,
1769 1239 1926 1291 mini-

384 1338 553 1381 strata
571 1328 778 1396 quidem
819 1341 913 1394 per
939 1325 1234 1388 Christum,
1266 1326 1537 1393 inoperata
1565 1335 1739 1380 autem
1773 1342 1801 1378 a
1825 1327 1928 1380 Pa-

386 1429 488 1482 tre,
521 1416 809 1470 secundum
870 1416 1117 1468 meritum
1171 1431 1381 1479 eorum,
1419 1417 1505 1484 qui
1541 1431 1763 1485 capaces
1810 1415 1926 1482 ejus

383 1507 704 1562 eﬂieiuntur.
741 1525 760 1558 ι
788 1505 893 1558 Nec
927 1521 1243 1574 quemquam
1273 1507 1455 1560 fallant
1481 1506 1569 1559 illa
1599 1521 1662 1560 ex
1695 1505 1921 1563 homilJ

382 1602 438 1652 in
466 1595 672 1661 Cenes.,
706 1612 831 1648 num
860 1595 908 1658 7,
950 1595 1036 1648 tibi
1070 1593 1266 1648 Christi
1295 1597 1518 1662 gratiam
1552 1595 1813 1648 solaribus
1841 1610 1928 1649 ra-

382 1689 486 1741 diis
517 1698 812 1756 comparat,
839 1691 1004 1754 eaque
1037 1695 1240 1739 mentes
1269 1695 1477 1739 nostras
1503 1685 1751 1738 illustrari
1783 1700 1928 1740 asse-

384 1778 598 1841 rit,nisi
645 1778 854 1830 cwcitas
903 1776 1113 1830 illarum
1156 1775 1442 1842 impediat;
1485 1777 1926 1842 quemadmodum

2024 624 2134 675 sus,
2161 609 2250 676 qui
2273 616 2362 661 est
2399 605 2439 658 ll
2468 605 2614 658 'l‘im.
2645 619 2751 665 xx,
2772 601 2843 653 21
2877 617 2894 652 :
2925 615 2946 648 ε
2978 595 3041 647 In
3074 605 3298 660 magna
3337 585 3754 676 autem

2026 673 2127 753 non
2179 673 2362 751 solum
2412 705 2539 748 sunt
2589 706 2739 746 vasa
2781 701 2971 743 aurea
3004 695 3067 737 et
3093 689 3424 747 argentea,
3474 675 3582 730 sed
3605 681 3664 728 et
3685 673 3753 728 li-

2024 803 2156 858 guea
2178 797 2230 841 et
2259 787 2475 848 ﬁctilia,
2497 793 2551 839 et
2573 781 2850 851 quaedam
2881 776 3128 846 quidem
3150 772 3214 824 in
3253 769 3587 830 honorem,
3609 779 3757 858 qlia:-

2026 855 2152 928 dam
2186 884 2370 927 autem
2406 873 2464 925 in
2501 867 2962 925 contumeliam.
3001 860 3067 915 Si
3096 860 3245 928 quis
3289 869 3450 924 ergo
3481 855 3754 908 emenda-

2023 965 2160 1017 verit
2188 976 2247 1016 se
2274 961 2343 1015 ab
2374 959 2519 1020 istis,
2551 958 2664 1012 erit
2691 968 2799 1009 vas
2843 953 2905 1006 in
2943 949 3251 1003 honorem
3286 941 3758 1009 sanctiﬁcatum,

2023 1066 2080 1108 et
2106 1051 2234 1107 utile
2261 1051 2496 1105 Domino
2521 1051 2589 1102 ad
2613 1059 2790 1100 omne
2820 1057 2976 1112 opus
3037 1041 3279 1094 bonum
3312 1044 3625 1104 paratum.
3668 1050 3689 1085 ι
3710 1033 3762 1087 Id

2026 1143 2098 1196 ita
2136 1140 2354 1208 accipit
2387 1152 2541 1192 num.
2576 1136 2694 1202 20;
2729 1134 2904 1204 quasi
2940 1132 3094 1186 solis
3141 1125 3507 1182 voluntatis
3567 1136 3766 1180 nostra:

2027 1233 2254 1293 viribus,
2278 1229 2431 1284 omni
2477 1227 2770 1282 destitutis
2801 1223 3060 1284 auxilio,
3101 1228 3535 1290 peccatorum
3579 1219 3767 1270 sordes

2027 1321 2348 1391 ptenitentia
2379 1319 2570 1374 eluere
2606 1319 2925 1386 possimus.
2953 1312 3132 1382 Quod
3161 1305 3591 1375 Pelagianam
3618 1322 3767 1376 pror-

2025 1421 2116 1461 SUS
2145 1417 2248 1461 εει.

2102 1517 2244 1571 XVI.
2284 1517 2572 1573 Adversus
2606 1531 2673 1572 ea
2704 1512 3168 1570 excandescunt
3220 1507 3770 1578 Magdeburgenses

2025 1613 2168 1658 cent.
2226 1620 2308 1669 ιιι,
2343 1620 2465 1674 cap.
2501 1604 2574 1658 10
2605 1621 2620 1670 ;
2654 1601 3048 1658 excandescit
3091 1608 3157 1653 et
3216 1598 3514 1666 [prensis
3553 1599 3767 1666 praesul,

2027 1692 2080 1746 in
2119 1707 2293 1762 eaque
2331 1693 2521 1748 itidem
2563 1703 2626 1747 ut
2663 1694 2720 1746 in
2755 1691 3118 1762 superiora,
3158 1689 3418 1760 Stylum
3481 1704 3654 1743 suum
3695 1690 3767 1743 di-

2027 1783 2248 1837 strinxit
2299 1793 2434 1839 tom.
2463 1783 2508 1851 Ι,
2542 1783 2639 1837 lib.
2696 1797 2751 1835 vt
2783 1823 2800 1847 ,
2840 1796 2982 1851 cap.
3035 1775 3118 1835 l5
3143 1819 3162 1845 ,
3203 1781 3770 1848 demonstravitque

380 1869 550 1922 oculis
592 1868 788 1921 nostris
845 1866 971 1920 solis
1009 1867 1184 1919 lumen
1231 1867 1578 1929 admittimus,
1611 1867 1713 1920 nisi
1744 1877 1924 1922 nostra
1955 1884 1999 1940 Β
2027 1872 2336 1941 Opinionem
2381 1874 2547 1928 istam
2596 1873 2891 1941 Origenis,
2931 1875 3142 1941 ipsum
3201 1871 3392 1926 hunc
3427 1884 3573 1926 esse
3619 1885 3768 1925 erro-

380 1959 619 2012 czceitate
644 1957 1037 2025 prohibeamur.
1062 1953 1224 2009 Recte
1267 1955 1318 2006 id
1350 1955 1586 2022 quidem,
1622 1972 1741 2008 nam
1775 1965 1828 2009 et
1851 1955 1917 2009 ad

378 2055 721 2123 explicandos
758 2059 941 2124 gratim
972 2054 1193 2108 elfectus
1237 2054 1474 2105 eamdem
1522 2053 1741 2114 usurpat
1774 2059 1920 2097 com-

379 2145 709 2213 parationem
748 2145 1092 2213 Augustinus.
1130 2144 1324 2196 Verum
1355 2141 1405 2194 in
1447 2137 1791 2206 sequentibus
1835 2148 1920 2187 se-

381 2233 827 2301 mipelagianizat,
859 2249 981 2288 cum
1012 2234 1318 2300 signiﬁcans
1347 2246 1411 2284 eo
1453 2243 1550 2282 nos
1587 2224 1770 2292 majori
1802 2225 1920 2278 luce

376 2325 743 2376 eollustratum
777 2325 864 2387 iri,
889 2339 994 2392 quo
1037 2323 1252 2392 propius
1269 2321 1335 2374 ad
1370 2336 1487 2374 eum
1519 2315 1914 2378 accesserimus,

385 2433 402 2464 ι
451 2413 562 2468 Νοιι
609 2414 852 2468 similiter
893 2428 1088 2476 tamen,
1149 2412 1338 2479 inquit,
1387 2409 1628 2463 venimus
1684 2404 1749 2457 ad
1797 2417 1917 2454 eum

375 2519 582 2568 omnes,
605 2507 695 2559 sed
736 2505 1099 2570 unusquisque
1141 2501 1424 2555 secundum
1454 2495 1718 2566 propriam
1764 2505 1916 2546 suam

378 2593 658 2657 virtutem;
697 2613 714 2642 ι
744 2603 932 2658 nempe
961 2590 1214 2643 accedere
1240 2587 1305 2638 ad
1328 2583 1623 2644 Christum,
1659 2578 1741 2632 vel
1763 2579 1829 2630 ab
1855 2592 1918 2630 eo

379 2681 646 2742 recedere,
675 2682 725 2733 in
785 2691 965 2734 nostra
1019 2679 1168 2749 ponit
1210 2683 1490 2745 potestate.
1530 2669 1728 2724 Scribit
1780 2667 1916 2720 idem

378 2784 506 2825 tum.
531 2788 582 2824 si
615 2775 668 2824 in
693 2771 905 2834 Matth.,
947 2785 1093 2824 num.
1120 2767 1153 2821 5
1174 2775 1228 2821 et
1251 2761 1589 2830 6,discipulis
1618 2757 1915 2812 naviculam

374 2862 847 2916 conscendentibus
869 2899 884 2923 ,
912 2872 967 2914 et
988 2860 1176 2913 deinde
1221 2857 1353 2910 mari
1387 2869 1449 2909 ac
1493 2859 1650 2906 vento
1682 2848 1916 2918 jactatis,

375 2952 616 3006 homines
647 2952 889 3005 adversis
929 2947 1310 3004 tentationibus
1339 2951 1670 3014 Oppugnatos
1696 2938 1914 3008 signari,

372 3045 462 3108 qui
491 3058 583 3096 eas
619 3043 831 3110 quidem
861 3042 1148 3102 sustinere,
1184 3048 1239 3092 et
1261 3039 1314 3090 in
1351 3035 1580 3090 medium
1615 3046 1762 3084 mare
1791 3044 1917 3098 pro-

375 3134 489 3199 pria
515 3134 708 3186 virtute
728 3133 1004 3202 pervenire
1038 3138 1266 3198 queant;
1295 3127 1600 3196 superiores
1628 3137 1755 3175 vero
1792 3135 1916 3174 eva-

2025 1977 2137 2016 rem
2167 1963 2590 2019 Massiliensium
2612 2006 2628 2030 ,
2658 1967 2868 2034 gratia:
2914 1964 3160 2018 Christi
3208 1962 3593 2031 capitalem.
3623 1961 3770 2028 Quod

2020 2061 2080 2104 ut
2104 2066 2289 2105 verum
2315 2068 2437 2107 esse
2462 2055 2854 2117 concedimus,
2888 2062 2951 2107 et
2977 2053 3129 2122 jure
3165 2052 3642 2121 reprehensum
3676 2053 3770 2106 hoc

2019 2142 2236 2196 nomine
2267 2141 2503 2196 fatemur
2528 2144 2866 2212 Origenem,
2899 2143 2984 2196 ita
3026 2151 3286 2213 praeter
3321 2159 3576 2212 mquam
3610 2142 3769 2196 fuisse

2018 2231 2290 2300 culpatum
2321 2235 2720 2302 pertendimus,
2749 2233 2910 2303 quod
2957 2233 3038 2288 de
3075 2235 3311 2304 gratia
3361 2235 3572 2288 divina
3604 2234 3768 2288 disse-

2021 2337 2175 2387 rens,
2206 2341 2224 2373 ι
2260 2323 2307 2376 ei
2351 2325 2783 2391 prevocationes
2817 2325 3136 2379 libertatis
3168 2339 3264 2380 ac
3318 2325 3649 2379 suasiones
3676 2325 3766 2378 tri-

2020 2407 2150 2462 bnat
2179 2426 2194 2471 ;
2236 2428 2255 2461 ι
2290 2421 2417 2477 puta
2464 2411 2562 2465 lib.
2612 2429 2650 2466 ιι
2687 2414 2840 2481 Περὶ
2871 2412 3119 2483 ἀρχῶν
3148 2453 3171 2479 ,
3205 2429 3366 2484 cap.
3398 2407 3466 2481 9,
3501 2431 3663 2467 num.
3687 2413 3719 2466 ’1
3748 2430 3762 2467 :

2024 2513 2043 2546 ι
2091 2495 2192 2550 Per
2223 2498 2453 2564 gratiam
2485 2514 2619 2553 vero
2645 2500 3090 2558 misericordia:
3129 2519 3285 2559 sua:
3322 2505 3620 2559 omnibus
3650 2519 3765 2572 pro-

2021 2584 2166 2639 videt
2200 2584 2385 2656 (Deus)
2415 2596 2584 2656 atque
2621 2603 2825 2644 omnes
2860 2595 3396 2664 quibuscunque
3419 2597 3621 2649 curari
3654 2611 3764 2666 pos-

2019 2683 2143 2726 sunt
2183 2675 2439 2729 remediis
2470 2678 2753 2742 hortatur,
2807 2691 2868 2734 et
2915 2693 3258 2749 provocat
3303 2687 3387 2740 ad
3435 2687 3704 2751 salutem,
3740 2705 3760 2737 ι

2017 2771 2068 2813 et
2093 2761 2185 2816 lib.
2214 2777 2300 2827 ιιι,
2327 2779 2447 2832 cap.
2464 2764 2521 2828 2,
2550 2782 2708 2821 num.
2738 2769 2774 2821 ι
2797 2783 2814 2822 :
2837 2789 2860 2820 ‹
2887 2769 3060 2825 Nihil
3101 2775 3299 2830 aliud
3332 2775 3668 2846 putandum
3685 2782 3764 2830 est

2019 2854 2267 2910 accidere
2326 2856 2485 2911 nobis
2523 2873 2590 2912 ex
2633 2860 2795 2928 ipsis,
2831 2877 2970 2929 qua:
3019 2867 3220 2920 cordi
3291 2879 3517 2924 nostro
3569 2885 3761 2939 sugge-

2020 2951 2234 3008 runtur,
2271 2945 2432 3000 bonis
2469 2947 2556 3000 vel
2590 2949 2783 3013 malis,
2820 2952 2937 3004 nisi
2993 2957 3535 3014 commotionem
3592 2959 3758 3014 solam

2015 3043 2071 3086 et
2099 3035 2534 3102 incitamentum,
2567 3053 2895 3108 provocans
2923 3059 3042 3098 nos
3085 3048 3197 3101 vel
3244 3049 3330 3103 ad
3381 3050 3544 3105 bona
3578 3052 3664 3104 vel
3697 3053 3759 3105 ad

2017 3121 2176 3175 mala.
2214 3140 2235 3174 ι
2274 3123 2370 3178 His
2402 3126 2608 3183 addere
2650 3138 2878 3197 poterat
2937 3143 3005 3185 et
3051 3135 3256 3190 illum
3295 3155 3334 3193 e
3380 3141 3492 3193 lib.
3533 3143 3757 3210 toperis

374 3226 520 3285 dere,
551 3231 605 3274 et
648 3221 945 3289 oppositam
989 3220 1158 3288 ripam
1203 3217 1468 3297 attingere
1518 3228 1620 3267 non
1656 3211 1909 3272 valeant,
1939 3207 1983 3267 C
2012 3211 2273 3278 ejusdem,
2307 3231 2428 3285 cap.
2466 3218 2524 3282 8,
2579 3234 2737 3274 num.
2767 3221 2805 3275 5
2838 3237 2854 3273 :
2897 3239 2918 3273 ι
2975 3223 3385 3297 Βενὶειιίιεε
3429 3233 3592 3286 enim
3621 3207 3755 3297 inci,

378 3309 481 3362 nisi
530 3309 723 3364 Christi
754 3324 854 3377 ope
900 3308 1293 3364 subleventur:
1336 3292 1389 3359 id
1435 3313 1513 3358 est
1556 3300 1677 3355 boni
1701 3299 1912 3368 quidem

377 3399 580 3451 initium
608 3415 636 3451 a
664 3399 814 3454 nobis
855 3413 973 3453 esse
993 3437 1009 3464 ,
1040 3400 1194 3452 ﬁnem
1240 3411 1302 3448 ac
1350 3389 1857 3448 consummationem
1885 3402 1915 3439 a

378 3485 506 3543 Deo.
557 3489 794 3556 Denique
844 3490 937 3543 lib.
971 3505 1000 3540 v
1029 3491 1081 3540 in
1133 3485 1302 3554 Epist.
1335 3483 1402 3536 ad
1431 3481 1609 3543 Rom.,
1641 3493 1785 3530 num.
1825 3476 1910 3539 10,

379 3593 494 3648 pag.
543 3581 645 3634 569
678 3599 691 3632 ;
726 3599 746 3630 ι
780 3580 1031 3645 Quamvis
1067 3578 1208 3630 enim
1258 3575 1509 3642 (libertas
1558 3568 1800 3636 arbitrii)
1845 3565 1917 3618 sit

373 3667 533 3721 etiam
567 3670 667 3722 ista
696 3671 860 3722 virtus
902 3681 956 3721 et
997 3677 1209 3720 maneat
1239 3666 1291 3718 in
1325 3672 1530 3722 natura,
1555 3669 1731 3712 tamen
1765 3665 1909 3708 tanta

374 3758 648 3812 cbaritatis
681 3760 759 3812 vis
781 3769 884 3822 est,
913 3767 970 3811 ut
1003 3757 1068 3811 ad
1098 3771 1155 3810 se
1182 3755 1358 3810 omnia
1395 3751 1587 3813 trahat,
1622 3760 1911 3813 omnesque

372 3845 470 3899 sibi
500 3849 686 3908 societ,
721 3847 1052 3915 vindicetque
1076 3847 1300 3899 virtutes
1327 3860 1342 3908 ;
1377 3840 1608 3894 maxime
1634 3850 1754 3890 eum
1779 3833 1906 3886 cha-

376 3935 544 3991 ritatis
573 3953 764 3992 causas
808 3937 953 4005 prior
1001 3935 1158 3990 nobis
1191 3931 1396 3987 dederit
1429 3931 1588 3992 Deus,
1625 3924 1714 3992 qui
1757 3922 1913 3975 unico

372 4023 506 4080 Filio
531 4042 627 4080 suo
657 4044 760 4081 non
792 4027 1050 4096 pepercit,
1095 4025 1187 4080 sed
1221 4039 1316 4093 pro
1356 4021 1506 4075 nobis
1537 4017 1780 4073 omnibus
1809 4020 1912 4063 tra-

372 4112 504 4166 didit
531 4114 675 4167 illmn
699 4115 763 4177 ⁸¹,
797 4126 853 4170 et
905 4130 1026 4168 cum
1061 4114 1150 4167 illo
1193 4111 1368 4167 omnia
1419 4109 1572 4162 nobis
1609 4101 1842 4160 donavit.
1886 4118 1905 4149 ι

373 4203 499 4266 Qua?
530 4205 600 4258 ita
633 4207 844 4273 quidem
869 4214 1080 4270 sonant,
1113 4204 1264 4273 quasi
1300 4203 1464 4256 Deum
1501 4213 1594 4266 per
1629 4194 1748 4249 Filii
1776 4205 1911 4244 mor-

373 4304 475 4346 lem
507 4297 784 4351 charitatis
819 4298 1044 4365 gratiam
1093 4297 1246 4349 nobis
1295 4293 1545 4361 largitum
1588 4289 1750 4339 fuisse
1781 4282 1911 4336 velit

369 4394 490 4438 ante
517 4401 728 4440 onmem
754 4387 1040 4440 voluntatis
1062 4394 1284 4438 motum.
1307 4386 1378 4436 At
1408 4381 1508 4433 alia
1537 4382 1690 4443 longe
1716 4375 1804 4426 hic
1833 4371 1911 4422 la-

371 4484 444 4528 tet
474 4475 1027 4538 seutentia,nimirum
1061 4475 1223 4527 Deum
1257 4488 1348 4542 per
1377 4483 1596 4524 mortem
1628 4466 1744 4522 Filii
1775 4477 1908 4517 eau-

367 4579 452 4618 sas
479 4565 632 4620 nobis
685 4565 914 4632 priorem
942 4565 1190 4631 dedisse,
1221 4578 1388 4633 quare
1436 4561 1604 4630 ipsum
1645 4557 1905 4612 charitate

365 4661 419 4709 et
462 4670 644 4707 amore
673 4668 1150 4721 prosequeremur;
1181 4654 1321 4709 lianc
1368 4663 1542 4706 autent
1588 4649 1902 4703 charitatem

364 4755 416 4797 et
449 4758 683 4794 amorem
721 4759 750 4794 a
781 4743 931 4794 nobis
957 4746 1209 4811 pendere.

438 4832 549 4886 χν.
585 4831 734 4885 Unde
760 4847 914 4898 porro
943 4834 991 4884 in
1033 4833 1129 4887 bas
1155 4835 1486 4902 opinationes
1526 4832 1782 4886 abductus
1811 4829 1899 4891 sit,

365 4924 670 4990 neutiquam
694 4920 810 4988 ipse
831 4920 1147 4985 dissimulat,
1171 4925 1261 4977 sed
1303 4940 1421 4992 cap.
1451 4925 1474 4977 1
1530 4923 1650 4975 libri
1680 4937 1735 4974 ιιι
1765 4918 1903 4987 Περὶ

363 5013 563 5084 ἀρχῶν
580 5011 760 5066 varios
791 5011 1294 5077 recitat'Scripturte
1323 5015 1490 5078 locos,
1519 5011 1902 5082 aliosqnemul-

359 5119 444 5160 tos
481 5104 558 5158 ait
584 5100 797 5157 silentio
829 5113 945 5153 sese
985 5102 1290 5166 przetenire,
1328 5103 1465 5156 unde
1502 5119 1716 5157 causam
1750 5117 1900 5156 suam

360 5193 666 5250 conﬁrmari
693 5199 865 5262 putat.
889 5189 1212 5244 Persuadent
1254 5193 1327 5247 illi
1373 5196 1587 5261 quidem
1632 5196 1900 5248 hominem

359 5287 545 5340 vitium
601 5285 743 5338 inter
780 5291 834 5336 et
864 5283 1111 5337 virtutem
1139 5323 1153 5346 ,
1182 5290 1431 5346 tanquam
1486 5285 1538 5338 in
1585 5286 1726 5339 bivio
1765 5284 1902 5352 posi-

363 5383 492 5439 tum,
535 5375 600 5429 ad
657 5373 964 5427 utrumlibet
1006 5372 1134 5427 ferri
1171 5386 1359 5438 posse,
1387 5375 1480 5428 sed
1523 5377 1595 5428 ita
1633 5385 1806 5430 tamen
1841 5384 1900 5428 ut

363 5472 563 5527 grauaa,
617 5478 720 5516 non
767 5463 1003 5532 juvantis
1053 5461 1258 5524 solum,
1296 5463 1386 5515 sed
1427 5465 1712 5520 excitantis
1739 5467 1899 5518 etiam

363 5550 650 5606 subsidium
694 5567 799 5607 non
831 5553 1144 5620 excludant;
1179 5553 1318 5620 quod
1348 5552 1412 5606 ab
1440 5554 1663 5624 Origene
1703 5554 1898 5610 factum

429 5724 466 5756 ἰ
495 5723 645 5782 llom.
672 5743 787 5792 vm.
818 5730 901 5786 52.

2018 3304 2311 3358 secundum
2339 3309 2484 3374 quod
2516 3322 2580 3362 se
2604 3309 2839 3378 dignum
2884 3323 3007 3376 est,
3058 3332 3410 3386 provocat
3448 3326 3671 3390 omnia,
3704 3336 3755 3379 et

2015 3394 2236 3445 attrahit
2263 3394 2330 3447 ad
2366 3396 2586 3450 beatum
2632 3401 2803 3453 linem
2845 3402 3051 3471 illum,
3110 3410 3235 3465 ubi
3278 3413 3524 3472 decidit
3569 3430 3629 3474 et
3667 3435 3756 3474 au-

2018 3483 2150 3551 fugit
2171 3487 2348 3538 omnis
2371 3486 2550 3552 dolor,
2585 3499 2642 3543 et
2668 3492 2931 3559 tristitia,
2978 3501 3048 3551 et.
3105 3506 3435 3569 gemitus.
3490 3530 3512 3562 ι
3560 3510 3752 3565 Verum

2015 3587 2323 3639 ecquaenam
2375 3590 2570 3628 vocum
2633 3578 2866 3635 illarum
2941 3589 3319 3658 suasionis,
3373 3595 3752 3665 incitamenti,

2019 3665 2458 3729 provocationis,
2499 3667 2868 3738 hortationis,
2927 3676 3187 3734 invidia
3253 3696 3382 3751 est,
3428 3705 3583 3757 quas
3625 3692 3754 3745 iisve

2018 3754 2282 3809 assimiles
2334 3756 2678 3826 Augustinus
2736 3769 3062 3833 usurpavit
3115 3770 3148 3825 ?
3195 3773 3405 3834 Verbi
3450 3754 3662 3852 igratia
3704 3785 3752 3839 in

2014 3843 2151 3898 libro
2173 3845 2471 3944 Pe-spirim
2501 3863 2550 3944 et
2578 3852 2782 3921 littera,
2806 3872 2944 3927 cap.
2977 3860 3064 3914 54
3100 3882 3120 3916 :
3161 3883 3188 3916 ι
3251 3867 3370 3925 His
3395 3843 3551 3944 ergo
3585 3876 3755 3928 modis

2013 3936 2228 4003 quando
2257 3935 2400 3992 Deus
2430 3940 2544 4008 agit
2573 3959 2704 3995 cum
2739 3946 2940 4001 anima
2980 3955 3332 4026 rationali,
3361 3975 3433 4018 ut
3456 3935 3514 4020 ei
3541 3965 3752 4031 credat,

2014 4028 2366 4122 nequeenim
2394 4031 2621 4122 cred-ere
2648 4045 2840 4102 potest
2887 4044 3193 4108 quolibet
3236 4049 3452 4111 libero
3493 4028 3752 4122 arbitrio,

2012 4117 2054 4169 si
2094 4115 2240 4218 nulla
2281 4119 2590 4220 sit.suasio,
2629 4125 2716 4176 vel
2751 4132 2994 4186 vocatio
3045 4139 3156 4191 cui
3196 4146 3475 4214 credat;
3504 4115 3752 4220 profecto

2011 4217 2065 4306 et
2093 4208 2264 4306 ipsum
2295 4207 2435 4262 velle
2472 4215 2707 4270 credere
2733 4219 2886 4276 Deus
2914 4241 3242 4295 operatur
3283 4237 3348 4290 in
3400 4207 3672 4306 homine,
3699 4250 3749 4296 et

2014 4297 2064 4350 in
2096 4298 2345 4352 omnibus
2376 4301 2761 4361 misericordia
2792 4310 2925 4378 ejus
2954 4326 3286 4384 prmvenil
3323 4346 3444 4386 nos
3470 4347 3487 4384 ε
3511 4297 3745 4390 coni".

2013 4390 2114 4490 ίιί-νίξ
2145 4394 2634 4490 δυίθ¹¹¹ην⁰⁶³¹ίοηί
2677 4396 2804 4464 δεῖν
2836 4406 2931 4458 νει
2956 4410 3039 4463 ab
3083 4428 3163 4466 ea
3205 4418 3586 4490 dissentire,
3613 4427 3747 4480 sicut

2010 4479 2140 4542 dixi,
2169 4479 2399 4570 propriae
2443 4483 2755 4544 voluntatis
2795 4507 2915 4548 est.
2965 4517 2986 4551 ι
3034 4502 3164 4560 Ubi
3232 4515 3522 4570 notanda
3571 4479 3747 4570 διωρι-

2009 4578 2239 4636 potestas
2261 4569 2348 4622 illa
2375 4570 2677 4629 voluntatis
2718 4581 2788 4634 ad
2818 4594 3362 4654 consentiendum
3399 4604 3498 4659 vel
3532 4569 3747 4660 dissen-

2005 4660 2260 4764 tiendum,
2278 4678 2438 4729 quam
2465 4681 2630 4736 supra
2661 4673 2999 4736 tuebamur.
3047 4684 3207 4743 Item
3252 4695 3474 4764 capite
3495 4698 3695 4753 eodem
3728 4717 3739 4753 ε

2010 4769 2028 4802 ι
2055 4750 2170 4805 Jam
2186 4753 2229 4806 si
2249 4753 2313 4806 ad
2335 4755 2481 4810 illam
2504 4763 2963 4828 profunditatem
2984 4750 3413 4839 scrutanda'rn

2006 4856 2102 4894 nos
2157 4855 2422 4947 coaretet,
2471 4865 2572 4904 cur
2614 4853 2691 4908 illi
2733 4857 2810 4911 ita
2847 4860 3222 4936 suadeatur,
3268 4883 3342 4928 ut
3375 4853 3737 4947 persuadea-

2008 4943 2122 4998 “1";
2157 4933 2228 4986 mi
2259 4945 2440 4990 atllum
2467 4957 2575 4997 non
2602 4946 2677 4998 ita
2713 4947 2826 5003 duo
2858 4951 2990 5007 sola
3029 4933 3395 5023 occurrunt
3427 4933 3731 5026 interim.)

2005 5023 2467 5120 etc‘iguarpttuea
2511 5036 2580 5089 de
2627 5038 2821 5094 multis
2859 5045 3134 5119 seligere

2005 5200 2016 5212 .
2074 5109 2230 5212 {iV-ll.
2262 5112 2484 5212 blodum
2514 5127 2733 5181 tandem
2772 5109 3078 5198 poneni'us
3105 5109 3706 5208 huic

2005 5200 2056 5300 in
2081 5201 2331 5273 Origeuis
2366 5209 2618 5272 favorem
2648 5197 2786 5275 illud
2815 5225 3120 5290 iterantes
3153 5197 3727 5314 ηυ-οᾶςῖιῖἐζζὶἔς

2003 5306 2587 5405 ξιιιιιιῗέλιιυωευιιιιιιει
2625 5309 2692 5364 ad
2727 5311 3351 5405 declarandamejus
3387 5306 3723 5405 opinionem

2008 5381 2345 5495 adduximus.
2377 5407 2410 5446 e
2454 5395 2616 5456 libris
2659 5417 2690 5456 a
2733 5401 2947 5462 Rufino
2996 5381 3718 5495 interpretatis:-parum

2143 5476 2534 5546 Ρτίιέίυάὶείιτο.
2569 5493 2913 5564 lnterpolare
2960 5505 3128 5561 enim
3162 5476 3714 5582 omnia—findimus,

2006 5572 2356 5641 quascunque
2427 5588 2679 5660 suscepit
2730 5586 3170 5662 interpretanda
3235 5618 3449 5674 caque
3507 5572 3710 5679 preter
