3894 6426
348 422 450 478 955
1587 408 1646 463 Ρ.
1689 405 1996 461 DANIELIS
2033 399 2257 455 nus'ru
3692 397 3787 451 θα

347 528 561 598 ἀρκῶν,
593 541 713 593 cap.
737 526 790 590 I,
820 539 967 579 nunt.
1000 524 1063 577 I7
1092 540 1107 577 :
1145 542 1163 575 ι
1188 522 1299 576 Non
1328 522 1675 576 dissimulatio
1697 522 1884 573 divina.-

2251 513 2322 563 ita
2360 507 2580 562 scribit
2620 524 2635 559 :
2671 523 2691 555 ι
2727 503 2865 557 Hoc
2909 496 2971 551 ei
3020 506 3152 547 suo
3204 496 3556 598 stiti-38in
3592 505 3777 558 tribue.

348 615 725 676 Providentiae,
762 616 855 667 sed
895 615 1139 667 humanm
1180 613 1369 667 mentis
1418 613 1692 665 arbitrium
1723 626 1877 663 causa

348 705 445 759 sibi
488 703 795 770 perditionis
832 702 1042 756 exsistit
1072 720 1085 755 :
1120 701 1340 756 contulit
1366 703 1523 755 etiam
1557 700 1783 767 indignis
1829 708 1881 751 et

349 792 631 848 incretbtlis
682 793 905 860 gratiam
952 791 1346 846 benefactorum
1385 806 1626 854 suorum,
1672 798 1729 841 ιιι
1760 803 1882 841 vere

349 898 505 937 omne
532 896 592 935 os
612 882 949 941 obstruatur;
980 890 1251 949 totumque
1300 896 1327 933 a
1362 896 1420 935 se
1460 890 1514 933 et
1554 880 1680 932 nihil
1711 895 1738 932 a
1778 880 1883 933 Deo

348 975 533 1029 deesse
573 976 670 1028 sibi
714 991 863 1030 mens
895 977 1121 1030 lnunana
1162 984 1483 1043 cognoscat;
1516 992 1534 1023 ι
1579 974 1628 1025 id
1664 972 1881 1024 Rufinus

348 1064 416 1118 de
444 1079 541 1118 suo
571 1065 805 1131 intrusit,
849 1066 1040 1133 quippe
1068 1066 1205 1132 quod
1233 1064 1370 1116 absit
1409 1080 1436 1115 a
1466 1063 1718 1117 vicesimo
1758 1059 1884 1111 Phi-

349 1153 552 1208 localia:
585 1157 777 1222 capite,
831 1170 935 1222 quo
980 1155 1328 1222 fragmentum
1366 1153 1490 1206 illud
1544 1152 1718 1219 operis
1744 1150 1881 1217 Περὶ

348 1242 566 1311 ἀρχῶν,
598 1244 667 1297 ita
698 1254 754 1298 ut
781 1245 850 1299 ab
880 1244 1108 1313 Origene
1145 1244 1397 1313 scriptum
1421 1252 1520 1308 est,
1542 1243 1723 1296 Graece
1752 1256 1884 1296 con-

353 1334 570 1386 tinetur.

420 1421 598 1476 XVIII.
630 1423 865 1477 Diximus
893 1423 1171 1491 Origenem
1217 1423 1477 1492 aliquibus
1510 1424 1768 1474 duntaxat
1801 1423 1882 1472 ius

352 1514 544 1563 fectum
582 1512 739 1565 fuisse
761 1514 1049 1576 erroribus,
1077 1530 1139 1567 ex
1182 1516 1245 1568 iis
1278 1514 1366 1581 qui
1406 1530 1432 1564 τι
1458 1511 1671 1579 Pelagio
1708 1511 1886 1563 multis

352 1611 470 1668 post
499 1603 653 1655 annis
694 1607 1002 1671 propngnatl
1039 1613 1180 1655 sunt.
1210 1605 1327 1668 Quo
1366 1605 1428 1655 de
1460 1616 1649 1671 genere
1697 1602 1883 1668 dogma

353 1688 480 1741 illud
527 1698 625 1751 est,
680 1691 820 1756 quod
857 1689 1120 1756 perfectos
1164 1692 1401 1745 homines
1444 1693 1547 1743 vim
1602 1691 1884 1758 quamdam

351 1776 568 1843 adipisci
608 1777 809 1838 definit,
852 1793 952 1846 qua
987 1779 1215 1831 roborati
1247 1786 1579 1846 peccatorum
1628 1778 1886 1831 illecebris

1985 580 2076 659 bat
2104 602 2391 667 Evagrius,
2425 599 2531 667 qui
2576 605 2707 649 erat
2737 594 2837 645 vir
2874 580 3307 643 discernatur!
3348 594 3375 645 ῑ
3401 594 3456 643 vi
3484 597 3743 661 prmum,
3767 617 3788 649 ,

1986 696 2198 763 (nempe
2226 689 2504 743 Ponticus
2528 686 2629 739 ille
2660 674 3119 752 lIyperboriIa)
3162 690 3190 722 ι
3383 682 3599 734 "una",
3625 683 3781 735 hami,

1987 798 2106 836 nem
2138 781 2361 842 vidisse,
2400 778 2503 847 qui
2533 784 2697 830 esset
2735 771 2942 839 magis
2987 762 3307 833 impatib
3330 772 3459 835 ilis,
3502 780 3563 824 et
3594 773 3820 825 alienns‘

1986 876 2052 927 ab
2080 872 2333 927 omnibus
2363 868 2546 921 animi
2577 858 3211 933 perturbationibus.
3248 870 3273 902 ι
3344 860 3505 912 "inc
3526 859 3782 929 Hieron];

1991 976 2107 1014 Inus
2140 974 2375 1028 promtu.
2428 958 2485 1009 in
2528 954 2818 1023 Dialogos
2838 952 3146 1003 adversus
3192 941 3631 1017 Pelagianos,
3656 949 3792 1000 hm-

1990 1050 2135 1112 θείας
2165 1058 2478 1102 assertores
2507 1045 2834 1113 exagitans
2874 1061 2889 1094 :
2932 1058 2955 1091 ι
2996 1034 3394 1106 Palladius,
3437 1040 3785 1108 inqui¢,5¢r.

1988 1139 2109 1193 vilis
2142 1138 2401 1206 nequitia:
2433 1135 2707 1190 eamdem
2753 1130 3052 1185 hazresitn
3094 1130 3507 1185 instaurare
3557 1140 3792 1183 conatus

1990 1239 2091 1284 est.
2126 1247 2144 1280 ι
2185 1227 2521 1281 Instauravit
2560 1236 2620 1279 et
2666 1233 2816 1277 ante
2851 1235 3063 1275 annos
3108 1220 3601 1287 propemodum
3648 1231 3779 1282 qua-

1989 1319 2308 1383 dringentos
2336 1317 2668 1387 Bogonatus
2710 1312 3087 1377 btereticns,
3120 1308 3578 1378 Βάδει-ἀστείω
3597 1303 3781 1360 etBa-

1991 1407 2277 1475 ghinarum
2308 1421 2535 1474 parens.

2062 1493 2118 1547 In
2153 1495 2219 1548 iis
2240 1504 2393 1548 certe
2421 1510 2550 1562 qua:
2577 1499 2914 1562 supersunt
2940 1489 3525 1559 Origenianorum
3552 1501 3799 1556 operum

1995 1583 2242 1648 reliquiis
2283 1599 2391 1634 non
2426 1582 2773 1649 frequentes
2823 1588 3188 1633 occurrunt
3235 1577 3463 1643 hujus
3501 1580 3805 1647 opinionis

1993 1683 2132 1727 nota!
2175 1692 2189 1727 :
2240 1690 2365 1725 nam
2423 1674 2574 1740 quod
2623 1680 2825 1725 exstat
2887 1672 2955 1724 in
3028 1673 3052 1723 Ι
3128 1670 3374 1724 homil.
3442 1670 3518 1721 in
3566 1668 3810 1735 λέγω..

1994 1779 2138 1815 num.
2178 1762 2261 1821 16,
2294 1773 2453 1830 prout
2504 1762 2577 1813 ab
2609 1759 2994 1829 Hieronymo
3041 1775 3382 1813 conversa
3431 1766 3547 1813 est
3586 1776 3604 1811 :
3647 1779 3669 1812 α
3711 1761 3818 1813 ιω-

352 1882 417 1918 ac
437 1866 712 1920 lenociniis
734 1867 898 1919 obniti
931 1884 1020 1934 per
1045 1883 1161 1922 sese
1187 1869 1407 1936 possint,
1431 1870 1740 1932 tandemque
1756 1868 1818 1918 ad
1844 1869 1892 1918 id
1926 1855 1966 1911 Β
1996 1854 2247 1920 possibile
2275 1861 2360 1905 est
2394 1852 2544 1903 enim
2577 1853 2732 1918 quod
2777 1852 2977 1904 semel
3041 1851 3428 1903 vivificavit
3474 1850 3677 1912 Deus.
3729 1861 3823 1905 aut

352 1956 638 2009 ascendant
688 1958 1027 2025 perfectionis
1070 1961 1295 2020 culmen,
1342 1969 1396 2010 ut
1436 1972 1499 2009 ne
1541 1958 1639 2009 levi
1674 1957 1885 2023 quidem

354 2049 703 2100 tentatiouum
739 2063 864 2100 aura
900 2048 1275 2117 percellautur,
1327 2047 1582 2113 planeque
1612 2046 1717 2097 sint
1744 2047 1886 2098 ἀπα-

352 2135 481 2199 θεῖς.
513 2138 722 2205 Optime
738 2153 863 2189 \'ero
884 2139 1218 2206 coniunctum
1245 2137 1370 2189 illud
1401 2146 1479 2190 est
1509 2154 1624 2188 cum
1655 2137 1892 2203 superio-

354 2241 413 2279 re
446 2227 561 2294 ejus
588 2227 863 2279 doctrina:
892 2242 1013 2279 nam
1034 2227 1120 2293 qui
1158 2242 1221 2279 ex
1254 2242 1368 2279 sese
1401 2236 1571 2293 potest
1601 2227 1732 2278 bene
1765 2241 1889 2292 age-

354 2330 436 2378 rc,
470 2329 599 2368 sane
632 2331 694 2368 ex
728 2330 844 2368 sese
875 2314 1010 2368 male
1038 2330 1138 2367 non
1170 2330 1326 2381 agere
1350 2324 1536 2383 potest.
1564 2316 1724 2377 Hauc,
1755 2332 1889 2382 pra:-

355 2412 439 2457 ter
466 2405 620 2467 alias,
660 2404 969 2472 suggillandi
996 2403 1237 2472 Origenis
1265 2420 1474 2457 causam
1508 2406 1663 2458 habet
1706 2405 1892 2458 Hiero-

356 2506 542 2561 nymus
587 2507 601 2543 :
651 2507 773 2544 nam
810 2493 859 2544 in
896 2492 1113 2560 epistola
1160 2495 1223 2545 ad
1248 2494 1658 2561 Ctesiphontem,
1686 2510 1802 2560 cap.
1833 2496 1890 2557 9.,

352 2583 680 2635 consimilem
709 2582 929 2650 Pelagii,
956 2584 1045 2636 sed
1071 2584 1373 2651 nequiorem
1398 2583 1554 2635 etiam
1578 2586 1890 2636 sententiam

358 2669 625 2731 refellens,
683 2672 760 2724 sic
816 2672 982 2739 ipsum
1025 2670 1358 2738 alloquitur:
1408 2689 1427 2720 ‹
1480 2672 1568 2725 Vis
1616 2672 1787 2725 adlmc
1840 2683 1895 2727 et

357 2759 515 2811 alium
569 2775 722 2813 nosse
778 2761 848 2813 tui
904 2761 1103 2813 erroris
1155 2761 1484 2828 principem?
1521 2760 1757 2813 doctrina
1805 2773 1893 2816 tua

354 2847 603 2917 Origenis
637 2849 972 2903 ramusculus
1008 2861 1109 2915 cst.
1157 2848 1212 2902 ln
1266 2865 1330 2901 eo
1372 2851 1509 2903 enim
1551 2850 1773 2918 psalmo,
1808 2854 1893 2906 ubi

356 2938 612 3005 scriptum
661 2949 781 3001 est,
823 2948 880 2990 ιιι
929 2941 993 2993 de
1035 2939 1242 2993 caeteris
1297 2950 1496 2993 taceam
1540 2956 1551 2990 :
1604 2940 1820 3009 Insuper
1850 2952 1896 2994 et

356 3043 517 3096 usque
543 3032 610 3081 ml
645 3040 839 3083 noctem
870 3031 1171 3082 erudierunt
1196 3046 1273 3082 me
1297 3047 1440 3083 renes
1468 3034 1566 3083 mei
1588 3033 1632 3063 ⁸³
1656 3050 1671 3095 ;
1710 3033 1899 3085 asserit

357 3118 529 3170 virum
576 3129 835 3184 sanctum,
877 3120 941 3172 de
969 3134 1188 3187 quorum
1228 3120 1471 3173 videlicet
1506 3130 1559 3173 et
1588 3131 1639 3172 tu
1679 3136 1896 3174 munero

1989 1944 2055 1996 ab
2080 1958 2142 1995 eo
2180 1942 2317 2007 ipso,
2338 1948 2436 1994 aut
2465 1941 2538 1994 ab
2572 1941 2691 1993 alio
2717 1940 2969 2004 occidi;
3026 1958 3049 1989 ι
3100 1941 3178 1991 ad
3232 1941 3473 1993 vitam
3504 1951 3828 2003 astantem,

1989 2038 2310 2096 sanctosque
2352 2044 2415 2084 ea
2449 2029 2710 2082 fruentes
2757 2028 3180 2083 referendum
3218 2045 3396 2083 esse
3432 2034 3831 2087 ostendian

1990 2120 2041 2171 in
2068 2118 2585 2179 observationibus;
2628 2130 2689 2173 ct
2725 2121 2805 2174 ab
2866 2120 3297 2188 Hieronymo
3362 2132 3702 2190 praeterea
3754 2127 3835 2175 in-

1993 2218 2193 2261 trusum
2232 2219 2337 2262 est.
2372 2210 2553 2263 Tomo
2594 2211 2833 2277 quidem
2868 2227 2993 2263 XIII
3068 2213 3135 2263 in
3168 2212 3471 2275 Matth"
3515 2228 3703 2267 num.
3744 2215 3837 2277 29,

1992 2299 2239 2368 parvulos
2271 2300 2414 2363 illos,
2456 2317 2700 2369 quorum
2739 2302 2997 2357 similes
3056 2304 3203 2357 vult
3265 2319 3414 2357 nos
3461 2304 3642 2359 efﬁci
3677 2308 3844 2361 Chi-io

1991 2400 2125 2454 stus,
2167 2400 2222 2442 et
2264 2391 2464 2454 quibus
2508 2393 2856 2445 scandalum
2919 2409 2957 2446 a
3013 2394 3212 2449 nobis
3289 2396 3614 2462 praeberi
3663 2408 3841 2462 vetat,

1991 2495 2234 2548 quosque
2272 2480 2493 2535 Patrem
2525 2484 2828 2535 cmlestem
2866 2485 3099 2551 perire
3144 2485 3335 2539 velle
3380 2494 3627 2556 negat,
3658 2488 3843 2543 homi-

1993 2587 2087 2626 nes
2111 2574 2505 2639 perfectionem
2537 2584 2904 2629 eonsecutos
2951 2577 3375 2647 significare
3409 2581 3695 2646 coniicit
3715 2582 3846 2635 Ori-

1994 2677 2189 2729 genes;
2250 2663 2452 2718 deinde
2486 2664 2784 2732 subiungit
2834 2666 3183 2732 ejusmodi
3253 2671 3616 2738 parvulos
3658 2688 3845 2740 neque

1994 2752 2171 2818 perire
2222 2766 2401 2820 neque
2432 2753 2810 2806 oll'ensionem
2874 2757 3018 2822 pati
3067 2773 3312 2826 posse,
3366 2761 3540 2828 quin
3596 2784 3612 2815 :
3665 2781 3687 2811 ι
3730 2761 3841 2813 Pax

1996 2841 2160 2893 multa
2186 2842 2538 2909 diligentibus
2574 2860 2787 2899 nomen
2831 2845 2983 2909 Dei,
3025 2859 3098 2903 et
3158 2866 3307 2903 non
3345 2862 3468 2905 est
3518 2852 3652 2907 illis
3680 2868 3843 2908 sane

1995 2929 2173 2982 dalum
2189 2931 2278 2991 ⁸³⁸.
2318 2950 2335 2981 ι
2373 2933 2687 3000 meritoque
2716 2948 2827 2986 eos
2873 2937 3118 2993 dicere
3154 2957 3376 3008 posse
3414 2962 3433 2997 ;
3479 2962 3504 2994 ι
3557 2944 3720 3010 Quis
3750 2958 3842 2995 nos

1995 3022 2318 3085 separabita
2355 3022 2735 3075 eharitate”?
2782 3043 2805 3077 ι
2842 3023 2991 3080 Sed
3036 3029 3455 3089 Ezechielis
3495 3042 3721 3088 tamen
3749 3049 3845 3088 ει)-

1996 3109 2247 3163 ctoritate
2276 3111 2469 3178 probat
2497 3112 2634 3179 justi
2673 3115 2965 3171 animam
3014 3135 3176 3176 esse
3228 3128 3628 3180 nautationi
3668 3129 3841 3181 olun-

354 3221 433 3267 es,
464 3222 584 3261 cum
617 3210 679 3262 ad
705 3212 958 3263 virtutum
993 3211 1195 3263 venerit
1227 3212 1602 3277 summitatem,
1627 3227 1690 3265 ne
1716 3215 1765 3263 in
1801 3228 1895 3264 no—
1921 3195 1967 3254 Ο
1996 3202 2160 3263 Χῖπη,
2191 3210 2245 3254 (ει
2271 3216 2301 3252 a
2334 3200 2426 3255 Dei
2459 3205 2740 3257 mandatis
2774 3221 2980 3272 posse
3009 3212 3429 3279 discedere.
3466 3219 3562 3271 ila
3600 3228 3668 3271 υι
3698 3220 3843 3287 Plio.

357 3306 443 3348 cte
470 3298 682 3363 quidem
724 3313 785 3351 ea
821 3299 948 3366 pati,
981 3313 1097 3365 quae
1132 3298 1399 3351 hominum
1444 3310 1584 3363 sunt,
1624 3315 1718 3353 nee
1749 3301 1893 3368 engi—

360 3384 558 3436 tatiOue
588 3387 833 3438 vitiorum
864 3387 1038 3455 aliqua
1095 3386 1333 3448 titillari;
1378 3405 1395 3436 ι
1432 3397 1483 3440 et
1538 3389 1589 3440 in
1638 3391 1897 3455 prommio

356 3467 696 3536 Dialogorum
721 3473 961 3525 adversus
992 3472 1335 3540 Pelagianos:
1374 3491 1392 3522 ι
1421 3474 1547 3527 ΙΙΙυιΙ
1573 3486 1746 3527 autem
1776 3477 1897 3530 Ori-

358 3557 505 3623 gcuis
548 3561 817 3626 proprium
856 3572 957 3627 est,
1014 3563 1336 3630 impossibile
1386 3578 1505 3617 esse
1548 3566 1829 3617 buumuam
1866 3583 1895 3620 a

358 3646 617 3714 principio
642 3666 806 3717 usque
835 3652 898 3702 ad
919 3664 1138 3704 mortem
1170 3668 1271 3704 non
1297 3669 1514 3721 peccare
1540 3665 1816 3718 naturam;
1846 3666 1900 3711 et

360 3754 569 3794 rursum
630 3757 747 3795 esse
809 3744 1059 3811 possibile
1116 3759 1235 3797 eum
1300 3758 1357 3798 se
1406 3745 1594 3813 aliquis
1654 3748 1717 3799 ad
1785 3762 1897 3801 Ine-

359 3829 488 3883 Iiora
549 3835 875 3886 converterit
934 3836 999 3886 ad
1069 3845 1270 3889 tantam
1345 3816 1700 3888 fortitudinem
1769 3851 1894 3903 per-

356 3919 561 3980 venire,
594 3930 650 3973 ut
680 3924 815 3975 ultra
847 3938 1067 3990 peL‘CM'e
1107 3940 1208 3976 non
1250 3925 1450 3992 possit;
1492 3943 1509 3974 ι
1546 3934 1598 3975 et
1640 3925 1687 3976 in
1723 3941 1899 3991 prote-

357 4013 465 4065 Iuio
534 4013 650 4066 libri
708 4030 756 4066 tv
814 4015 1098 4068 Comment.
1162 4016 1213 4067 in
1270 4016 1460 4069 Jcrem.
1521 4028 1540 4066 :
1597 4032 1614 4065 ‹
1670 4016 1898 4071 lla-rosis

359 4101 671 4174 Pythagorae
730 4114 783 4157 et
838 4104 1066 4159 Zenonis
1127 4104 1389 4167 ἀπαθείας
1447 4105 1538 4156 καὶ
1591 4105 1901 4176 ἀναμαρτη-

356 4194 496 4256 σίας,
556 4195 605 4247 id
644 4204 728 4248 est
781 4196 1221 4265 impassibilitatis
1269 4204 1323 4247 et
1367 4195 1748 4262 itnpeccantize,
1783 4211 1902 4264 quae

356 4282 482 4335 olim
514 4285 564 4335 iu
591 4284 835 4351 Origene,
859 4295 907 4338 et
930 4286 1125 4338 dudum
1158 4287 1209 4338 in
1232 4284 1502 4350 discipulis
1524 4285 1639 4352 ejus
1660 4284 1902 4339 Grunnio

359 4369 628 4436 (ltutiuum
653 4375 908 4443 intellige)
932 4374 1263 4443 Evagrioque
1282 4373 1522 4435 Pontico,
1548 4384 1601 4427 et
1622 4372 1901 4431 Joviniano

352 4456 590 4526 jugulata
623 4472 723 4526 est,
755 4466 916 4532 erepit
939 4466 1270 4518 reviviscere.
1308 4483 1325 4515 ι
1359 4462 1552 4515 Multos
1579 4465 1777 4517 erroris
1800 4467 1899 4518 hu-

357 4545 446 4611 jus
473 4548 653 4603 allines
687 4551 847 4607 fuisse
877 4565 1026 4608 notat
1057 4556 1107 4609 in
1137 4555 1271 4608 libro
1307 4563 1585 4621 sequente,
1625 4554 1677 4607 in
1700 4554 1893 4610 Jerem.

1570 4593 1585 4615 ,
1625 4554 1677 4607 ξη
1700 4554 1893 4610 “rem.
1928 4538 1972 4592 D
2004 4545 2339 4609 resuscitati,
2393 4564 2523 4604 cum
2572 4554 2696 4621 ipso
2770 4561 2981 4617 etiam
3037 4571 3104 4623 in

362 4650 495 4688 xxtt.
533 4636 793 4694 Palladius
834 4657 1065 4710 quoque,
1097 4643 1562 4712 llelenopolitanus
1593 4646 1895 4712 episeopus,

361 4740 521 4795 quem
543 4727 788 4795 Origenis
813 4732 1091 4800 disciplina
1126 4735 1380 4788 imbutum
1409 4733 1569 4788 fuisse
1593 4744 1821 4799 constat,
1846 4737 1897 4790 in

365 4818 467 4871 hac
498 4815 760 4879 ἀπαθείας
799 4820 982 4875 haeresi
1034 4833 1274 4878 versatus
1298 4833 1409 4888 est;
1467 4838 1587 4876 nam
1629 4834 1759 4878 seet.
1805 4841 1899 4878 vnt

367 4903 638 4958 Lausique
665 4903 933 4967 "nterim,
959 4910 1230 4964 Atnmonis
1259 4911 1526 4980 ipsiusque
1559 4913 1740 4964 uxoris
1766 4915 1901 4966 scri-

363 4997 493 5050 bens
522 4994 705 5055 vitam,
740 4995 816 5047 sic
848 4996 923 5047 ait
949 5014 961 5048 :
991 5015 1008 5047 ι
1044 4999 1172 5051 Cum
1211 5002 1323 5054 haec
1353 5002 1429 5055 sic
1458 5002 1668 5061 tierent.
1699 5013 1750 5055 et
1785 5019 1903 5069 per-

362 5086 598 5141 venisset
643 5095 862 5150 uterque
910 5088 974 5137 ad
1010 5085 1473 5157 itnpatibililatetu,
1510 5096 1612 5146 vim
1641 5104 1696 5147 et
1726 5093 1902 5146 eIIICa-

360 5180 499 5233 ciam
556 5177 789 5233 habuere
837 5191 1022 5242 preces
1064 5182 1365 5243 Ammonis;
1408 5202 1426 5232 ι
1460 5195 1514 5237 et
1551 5194 1683 5237 sect.
1718 5184 1803 5246 12.
1837 5185 1902 5237 de

360 5273 620 5327 Ammone
660 5282 845 5340 agens,
904 5267 1121 5336 ejusque
1178 5274 1446 5328 sororibus
1500 5291 1561 5329 ac
1623 5276 1902 5338 fratribus,

363 5380 496 5432 quos
539 5365 756 5420 eosdem
789 5376 909 5416 esse
955 5377 1164 5424 censeo.
1219 5366 1305 5432 qui
1345 5366 1536 5422 fratres
1566 5368 1726 5435 Longi
1775 5368 1901 5419 ιΙί‹·ιί

365 5462 507 5520 sunt,
561 5464 616 5509 et
653 5470 681 5508 a
711 5451 1004 5521 Tbeophilo
1041 5452 1227 5516 Nitria,
1260 5464 1314 5507 et
1338 5454 1565 5525 Egypto
1599 5457 1803 5525 expulsi
1836 5458 1902 5510 ad

364 5538 620 5600 Joannem
648 5546 1082 5615 Chrysostomum
1104 5545 1453 5614 confugerqu
1484 5546 1582 5599 :de
1622 5547 1902 5611 Aunnoue,

378 5760 400 5772 .
443 5719 488 5755 ⁸⁸
516 5722 653 5779 l'sal.
679 5741 765 5793 xv,
788 5727 838 5783 7.
915 5731 956 5761 ⁸³
1009 5730 1143 5784 l‘sat.
1175 5738 1360 5787 cum,
1392 5724 1504 5775 ίοΰο

1651 5725 1802 5777 rlom.
1828 5734 2054 5797 vm,55.

1997 3290 2072 3342 ris
2104 3294 2221 3357 ejus
2248 3291 2471 3356 iustitia:
2514 3293 2665 3345 nulla
2708 3295 3045 3352 habeatur
3084 3307 3269 3360 ratio
3296 3324 3319 3371 ;
3374 3319 3599 3377 atque
3628 3311 3844 3362 idcirco

1995 3380 2283 3445 quominus
2299 3378 2529 3433 oll'ensio
2553 3381 2637 3434 eis
2665 3396 2698 3433 a
2728 3386 2924 3439 nobis
2948 3392 3402 3461 praebeatur,
3438 3398 3844 3453 Set-valerem

1997 3468 2253 3519 mandato
2281 3482 2379 3519 suo
2413 3468 2739 3534 prohibere.
2779 3470 2995 3527 Libro
3036 3494 3339 3551 quoque
3390 3488 3470 3540 in
3512 3488 3840 3555 Epistulam

1997 3557 2065 3606 ad
2106 3555 2374 3608 Romanos
2413 3559 2631 3625 quinto.
2685 3576 2863 3617 num.
2917 3567 2986 3631 1,
3059 3585 3224 3640 pag.
3296 3576 3486 3642 546,
3538 3582 3622 3634 de
3664 3590 3841 3632 unone

1998 3646 2205 3738 peccati
2236 3645 2465 3712 loquens
2505 3665 2517 3700 :
2563 3666 2584 3698 ι
2624 3647 2729 3703 llic
2756 3666 2921 3723 ergo
2966 3659 3209 3726 homo,
3262 3666 3542 3736 inquit,
3587 3674 3695 3737 qui
3730 3670 3839 3738 jam

2004 3734 2329 3788 reformatur
2380 3744 2438 3788 et
2477 3748 2788 3805 reparatur
2832 3747 2920 3797 ad
2975 3734 3398 3821 imaginent—
3444 3734 3626 3824 Dei;
3670 3734 3841 3828 neque

2001 3835 2268 3891 terrenus,
2301 3842 2475 3894 neque
2506 3831 2561 3881 in
2592 3829 2701 3885 hoc
2731 3837 2983 3890 mundo
3031 3853 3168 3907 est,
3219 3850 3361 3901 sed
3410 3850 3484 3903 in
3515 3854 3703 3907 caelis
3722 3865 3841 3905 esse

2000 3916 2195 3967 dicitur
2252 3918 2605 3971 conversatio
2652 3920 2783 3988 ejus
2820 3942 2837 3976 :
2882 3938 2956 3982 et
3027 3932 3188 3989 ideo
3244 3944 3662 3997 secundum
3723 3957 3840 3995 eum

1999 4005 2090 4072 qui
2131 4006 2308 4101 dicit:
2351 4005 2454 4060 Vos
2503 4019 2689 4063 autem
2756 4030 2885 4069 non
2946 4024 3107 4077 estis
3168 4034 3260 4082 de
3325 4033 3468 4087 hoc
3526 4033 3839 4101 munda“,

2001 4110 2146 4148 mors
2175 4095 2227 4147 in
2257 4112 2377 4149 eum
2427 4114 2537 4152 non
2568 4110 2760 4169 potest
2806 4117 3249 4172 pertransire
3278 4138 3303 4187 ;
3370 4140 3397 4173 ι
3444 4132 3522 4177 et.
3573 4095 3838 4179 «leindei

2006 4201 2025 4231 ι
2048 4184 2198 4248 Quod
2230 4186 2272 4237 si
2300 4196 2588 4252 peccatum
2618 4202 2675 4243 et
2713 4208 2889 4251 mors
2922 4201 2990 4255 in
3036 4205 3225 4262 hunc
3270 4184 3627 4270 manu"...
3671 4219 3841 4271 intro.

2001 4276 2113 4333 ivit,
2150 4287 2202 4328 et
2241 4277 2292 4327 in
2336 4278 2439 4331 hoc
2483 4285 2696 4336 mundo
2723 4286 3004 4360 habitat,
3048 4313 3335 4358 certum
3382 4322 3501 4362 est
3540 4311 3780 4364 alienos
3812 4325 3837 4359 ι

2002 4377 2281 4469 mortes-et.
2308 4384 2334 4419 a
2372 4383 2604 4436 peccato
2636 4391 2768 4430 esse
2800 4396 2950 4448 eos,
2986 4392 3101 4456 qui
3150 4408 3286 4460 per
3335 4399 3723 4469 Christum,
3761 4401 3835 4454 νει

2002 4471 2122 4509 cum
2153 4456 2376 4511 Christo
2413 4465 2617 4516 mortui
2651 4478 2794 4521 sunt.
2829 4472 2991 4530 huic
3035 4456 3338 4551 mniulo,
3401 4504 3475 4544 ct
3529 4456 3680 4548 cum
3708 4456 3837 4559 ’ἱρέα

3152 4579 3411 4633 C(Blcsl
3428 4583 3585 4638 ibus
3642 4585 3832 4638 sedere

2002 4645 2332 4734 meruerunt,
2366 4649 2882 4704 conversationem
2930 4673 3069 4713 non
3100 4665 3237 4732 jam
3283 4672 3359 4725 in
3417 4676 3555 4729 hoc
3601 4676 3831 4734 mundo,

1998 4725 2091 4830 sed
2116 4726 2166 4830 in:
2196 4727 2353 4781 etnlis
2380 4730 2676 4790 habentes.
2714 4756 2734 4788 ι
2766 4739 2935 4797 Item
2975 4725 3133 4809 libri
3172 4725 3502 4827 ejusdeni
3525 4725 3817 4830 itu-mild,

1998 4815 2100 4913 sub
2138 4816 2321 4880 tinent,
2356 4834 2488 4889 pag.
2532 4824 2664 4887 568.
2709 4828 2844 4885 haec
2884 4815 3235 4903 habentur
3290 4870 3312 4908 :

2282 4834 2321 4880 ι,
2356 4834 2488 4889 pag.
2532 4824 2664 4887 568.
2709 4828 2844 4885 haec
2884 4815 3235 4903 habentur
3290 4870 3312 4908 :
3365 4815 3816 4913 ἐ”ἐιξξξῑᾮιῖέ

2001 4910 2055 4964 id
2083 4912 2264 4963 anima
2299 4915 2671 4980 perfectionis
2717 4935 3146 5007 ascenderit,
3199 4955 3266 5000 ut
3308 4964 3399 5003 ex
3470 4910 3807 5009 totooordc

2016 5360 2204 5467 ιῃριιὶδ
2242 5380 2344 5467 nos
2386 5374 2677 5438 separabit
2727 5394 2758 5432 a
2804 5385 3176 5459 charitate
3249 5396 3407 5461 Dei,
3462 5416 3603 5467 quae
3658 5410 3737 5452 est
3768 5398 3816 5447 in

2009 5453 2230 5559 Christo
2278 5458 2514 5523 Iesu”?
2549 5490 2569 5522 ι
2628 5482 2747 5527 ιιιιιι
2796 5453 3287 5559 subnectitur;
3356 5453 3457 5540 ³-⁸
3490 5453 3547 5541 Ἐ

2286 5458 2514 5559 ιεδμεδῖ
2549 5490 2569 5522 ι
2628 5482 2747 5527 tum
2796 5453 3287 5559 sulmectiuu;
3356 5506 3375 5539 ζ
3431 5508 3457 5540 ι
3490 5453 3590 5542 ‘Ex
3651 5490 3824 5554 quibus

2008 5549 2270 5606 omnibus
2307 5557 2605 5615 evidenter
2650 5571 3037 5641 ostenditur,
3401 5576 3456 5627 si
3494 5577 3621 5630 haec
3640 5572 3824 5635 omnia,
