3894 6458
98 404 203 460 957

883 407 1441 468 οιιιιιΕΝιΑΝοιιυιι
1477 407 1605 465 LIB.
1645 407 1707 474 ll,
1747 408 1896 465 CAP.
1934 409 2000 476 ll,
2038 410 2306 476 QUEST.
2349 416 2455 472 VII.

3166 419 3274 492 95's

94 540 218 595 qua:
268 525 612 579 enumeravit
654 527 951 595 Apostolus,
995 545 1239 599 separare
1278 544 1374 585 nos
1401 546 1502 583 non
1533 545 1647 599 pos-

1748 529 1864 583 θεία
1910 532 2170 602 ὲπισκοπὴ
2222 535 2311 586 ἐπὶ
2345 536 2414 588 τά
2461 537 2680 591 τοιαῦτα
2727 538 2885 592 αὑτὸν
2923 538 3098 606 ἀγεινο
3133 537 3275 607 λέγω

93 624 220 669 sunt
251 630 281 666 a
325 615 599 669 charitate
634 617 748 683 Dei,
772 634 891 672 cum
924 620 975 671 in
1004 619 1127 671 illud
1151 618 1267 688 quis
1291 618 1498 672 culmen
1531 632 1650 684 per-

93 705 351 766 lectionis
403 707 734 770 ascenderit,
787 707 950 760 multo
990 708 1156 776 magis
1185 709 1402 760 libertas
1441 705 1647 760 arbitrii

92 810 188 847 nos
231 795 306 847 ab
337 795 459 863 ejus
495 793 767 850 charitate
801 812 1048 864 separare
1091 813 1194 850 non
1238 797 1453 864 poterit.
1489 815 1508 847 ι
1549 795 1648 850 Ve-

94 900 207 936 rum
254 885 376 938 hac
421 885 490 938 ab
528 887 823 952 interprete
856 885 1063 947 Ruﬁno,
1106 901 1262 954 quem
1300 903 1327 939 a
1368 885 1649 954 Pelagiana

92 971 374 1023 fermento
405 973 509 1025 sibi
547 975 680 1026 satis
714 988 816 1025 non
840 974 1044 1026 eavisse
1083 989 1235 1026 nemo
1259 977 1446 1038 nescit,
1475 974 1649 1043 inqui-

91 1069 210 1111 nata
241 1058 428 1114 fuisse
454 1075 746 1128 possumus
773 1062 1051 1130 suspicari.
1085 1062 1533 1126 Quemadmodum
1557 1078 1647 1114 an-

91 1160 195 1205 tem
229 1150 562 1218 reprehensi
589 1151 655 1202 ab
679 1151 998 1221 Hieronymo
1019 1152 1217 1206 erroris
1247 1150 1522 1218 Origenem
1547 1151 1645 1204 loci

86 1241 137 1293 hi
183 1256 295 1294 non
352 1243 492 1294 satis
548 1242 748 1309 liquido
795 1251 1104 1310 coarguunt,
1161 1243 1234 1294 ita
1288 1257 1454 1308 neque
1515 1241 1647 1294 satis

86 1341 280 1398 purgat
317 1330 412 1384 ille
435 1331 526 1398 qui
558 1341 734 1384 exstat
758 1341 883 1386 tom.
917 1347 1008 1384 xm
1059 1331 1111 1383 in
1135 1331 1342 1392 Matth”
1372 1347 1513 1383 ιιιιιιι.
1543 1330 1642 1382 25:

97 1420 452 1472 ’Δνὲνδεκτον
504 1421 612 1489 γάρ
662 1421 806 1472 ἐστιν
853 1420 1128 1490 ἄνθρωπον
1162 1419 1437 1490 εὑρεθῆναι
1475 1419 1646 1488 πάντη

84 1510 507 1579 ἀναμάρτητον,
560 1511 653 1563 καὶ
683 1511 847 1581 χωρὶς
884 1511 1148 1580 ἁμαρτίας
1190 1509 1506 1579 ἀνειληφότα
1551 1509 1647 1578 τὴν

84 1601 318 1668 ἀρετήν·
361 1615 543 1669 neque
575 1603 900 1653 sanctiortnn
939 1602 1023 1652 illa
1060 1600 1478 1668 patriarcharum
1517 1613 1648 1651 enu-

87 1687 349 1742 meratio.
383 1702 510 1754 qua:
548 1697 632 1740 est
669 1687 761 1740 lib.
793 1703 822 1738 v
851 1688 900 1739 in
932 1685 1096 1754 Epist.
1118 1687 1183 1738 ad
1221 1685 1389 1751 Rom.,
1418 1701 1561 1738 num.
1593 1684 1643 1748 l,

85 1792 201 1845 pag.
221 1775 360 1835 547,
382 1791 618 1843 quorum
647 1778 911 1830 neminem
935 1785 1148 1843 peccato
1169 1776 1450 1828 immunem
1479 1773 1642 1826 vixis-

84 1881 136 1917 se
176 1865 417 1932 prohat;
450 1865 560 1932 (cui
592 1864 973 1918 enutncrationi
1015 1864 1331 1916 contrariam
1368 1877 1394 1914 a
1434 1861 1643 1929 Pelagio

86 1955 432 2014 institutam,
465 1969 656 2005 eorutn
683 1953 902 2015 scilicet,
939 1969 959 2001 ι
991 1953 1076 2018 qui
1104 1968 1204 2003 non
1228 1949 1380 2003 modo
1404 1965 1504 2002 non
1529 1964 1644 2017 pec-

82 2058 256 2102 casse,
295 2043 401 2094 sed
432 2042 598 2094 etiam
623 2041 765 2108 jusle
789 2042 984 2093 vixisse
1017 2040 1330 2102 referuntur,
1377 2057 1396 2090 ι
1429 2037 1643 2091 exhibet

82 2133 432 2199 Augustinus
475 2131 528 2184 iu
562 2131 655 2182 lib.
689 2129 763 2182 De
789 2143 970 2181 natura
1005 2140 1048 2182 et
1083 2131 1270 2197 gratia,
1317 2144 1433 2196 cap.
1462 2128 1551 2191 '55,
1580 2129 1644 2181 de

82 2237 178 2288 qna
219 2218 450 2272 consuli
499 2219 658 2270 velim
703 2218 894 2284 Pelagii
930 2217 1092 2284 ipsius
1119 2217 1388 2284 epistolam
1438 2216 1500 2268 ad
1546 2217 1643 2270 De-

82 2309 438 2369 metriadem,
464 2317 520 2358 et
556 2306 856 2374 Hieronymi
897 2305 1084 2357 librum
1114 2321 1126 2358 I
1155 2308 1270 2358 adv.
1305 2305 1636 2374 Pelagium);

84 2399 239 2449 vitam
274 2397 436 2450 enim
473 2395 543 2448 ab
575 2396 875 2448 hominibus
902 2396 1150 2461 perfectis
1177 2405 1344 2448 actam
1380 2395 1641 2462 intelligit,

83 2493 376 2552 antequam
417 2485 489 2534 ad
520 2498 781 2535 summam
808 2483 1180 2550 perfectionem
1212 2485 1551 2550 erepsissent.
1586 2483 1639 2536 ld

82 2573 377 2624 confirmat
427 2571 567 2623 alter
623 2571 711 2622 ille
768 2571 913 2622 locus
956 2586 986 2624 e
1035 2582 1159 2624 tom.
1196 2587 1338 2624 xxxu
1369 2574 1420 2623 in
1458 2571 1640 2637 Joaa.,

84 2677 224 2713 num.
256 2661 352 2720 1‘2,
385 2675 515 2728 pag.
548 2659 652 2712 456
683 2677 696 2712 :
746 2660 1072 2730 Ἐμέμνηντο
1093 2661 1216 2730 γὰρ,
1242 2657 1410 2730 οἶμαι,
1439 2661 1641 2731 ἀνθρω-

83 2771 163 2804 ποι
195 2753 361 2814 ὄντες
391 2753 480 2803 ὅτι
511 2752 716 2828 τρεπτῄ
741 2754 882 2802 ἐστιν
909 2755 941 2820 ἡ
968 2753 1274 2822 προαίρεσις
1295 2753 1400 2804 τῶν
1422 2753 1498 2804 ἔτι
1523 2771 1645 2823 προ-

80 2844 424 2904 κοπτόντων,
478 2842 572 2892 καὶ
617 2840 964 2911 ὲπιδεχομένη
1011 2843 1076 2893 τά
1113 2842 1320 2894 ἐναντία
1365 2843 1531 2895 θέλειν
1565 2841 1644 2907 οἷς

81 2933 348 3002 πρότερον
387 2929 672 3002 προέθετο.
735 2930 1028 2982 Mutabilent
1058 2946 1174 2985 esse
1226 2933 1299 2985 ait
1341 2949 1520 2986 eorum
1552 2949 1642 2987 vo-

81 3025 354 3075 luntatem
388 3022 486 3086 qui
520 3020 818 3086 proﬁciunt,
852 3036 952 3072 non
986 3021 1070 3086 qui
1107 3022 1315 3086 perfecti
1343 3032 1484 3077 sunt.

143 3114 213 3165 At
249 3113 348 3163 vix
393 3110 562 3162 ullam
608 3110 837 3160 admittit
867 3110 1284 3170 excusationem,
1315 3112 1455 3177 quod
1484 3111 1549 3162 ah
1576 3125 1638 3164 co

80 3205 345 3269 scriptum
391 3209 480 3253 est
518 3209 647 3251 tom.
685 3215 756 3251 xu
809 3199 862 3252 ia
901 3197 1086 3252 Multa.
1118 3215 1262 3251 num.
1292 3199 1380 3262 25,
1421 3201 1503 3253 tthi
1541 3201 1638 3255 hoc

78 3294 276 3346 Christi
328 3294 400 3342 ad
442 3289 658 3341 Petrum
694 3303 965 3355 exponens
1011 3304 1025 3340 :
1085 3305 1103 3337 ι
1152 3286 1462 3341 Scaudalutn
1511 3291 1636 3343 mihi

77 3382 214 3443 es",
256 3399 278 3430 ι
321 3376 532 3446 qumrit
561 3376 826 3442 quomodo
857 3384 997 3427 stare
1024 3374 1146 3426 illud
1182 3377 1347 3443 possit
1381 3391 1501 3428 cum
1537 3376 1638 3428 isto

79 3473 372 3540 Propheta:
408 3487 423 3522 :
460 3487 478 3517 ι
513 3467 617 3518 Pax
664 3465 822 3516 multa
855 3466 1186 3534 diligentibus
1219 3481 1406 3519 nomen
1439 3466 1548 3531 Dei,
1583 3475 1637 3519 et

77 3575 178 3611 non
204 3569 298 3612 est
331 3558 444 3608 illis
473 3555 784 3608 scandalum
809 3553 882 3610 87;
921 3572 937 3602 ι
964 3563 1014 3603 et
1036 3553 1136 3606 isto
1155 3552 1386 3621 Apostoli
1413 3571 1426 3606 :
1456 3573 1474 3604 ι
1503 3555 1640 3608 Cha-

78 3650 206 3701 ritas
240 3660 535 3713 nunquam
569 3642 826 3696 excidit"
858 3658 872 3693 :
912 3659 929 3691 ι
962 3645 1343 3708 respondetque
1381 3660 1481 3696 non
1513 3644 1635 3696 Ser-

74 3750 326 3788 vatnrem
374 3735 564 3795 modo,
599 3733 689 3784 sed
729 3739 781 3783 et
820 3745 938 3782 eum
991 3729 1078 3795 qui
1126 3728 1176 3780 iu
1223 3731 1479 3783 charitate
1516 3746 1635 3798 per-

77 3828 378 3879 fectionem
415 3822 646 3894 pdeptus
679 3826 778 3881 est,
819 3816 1066 3869 seandalo
1097 3816 1375 3868 obnoxium
1422 3831 1520 3870 non
1549 3832 1630 3869 es-

75 3935 166 3982 se;
214 3917 318 3970 sed
351 3928 483 3966 cum
521 3920 697 3962 tamen
729 3907 816 3975 qui
850 3915 1050 3974 peccat,
1081 3915 1331 3973 quantum
1364 3906 1412 3956 iu
1443 3921 1500 3958 se
1532 3917 1633 3970 est,

73 4005 404 4058 scandalum
459 4001 586 4053 huic
622 3998 872 4066 praebere.
913 3995 1224 4045 Dauumsutn
1271 4009 1392 4046 vero
1433 3995 1636 4061 penitus

71 4095 215 4146 istud
243 4091 402 4160 quod
431 4090 662 4142 habetur
689 4087 870 4137 eodem
904 4095 1063 4144 lomn,
1091 4099 1233 4134 num.
1258 4083 1309 4143 4,
1341 4099 1458 4149 pag.
1495 4083 1594 4135 516
1619 4099 1632 4134 :

78 4185 136 4237 ὐ
170 4179 272 4236 οὖν
304 4179 719 4248 ἀναμάρτητος,
754 4175 844 4226 καὶ
871 4173 1060 4241 μηκέτι
1086 4172 1328 4240 δεόμενος
1356 4171 1459 4223 τῶν
1492 4189 1637 4240 νομι-

66 4275 181 4326 κῶν
233 4271 455 4324 θυσιῶν
497 4265 836 4334 ὑπερϐέϐηκε
880 4261 1172 4323 τελειωθεὶς
1227 4261 1362 4329 τάχα
1414 4260 1503 4312 καὶ
1546 4261 1635 4311 τὸν

65 4381 204 4414 πνευ
215 4359 463 4430 partbe
483 4356 664 4424 νόμον,
690 4353 782 4404 καὶ
801 4350 1013 4416 γέγονεν
1042 4353 1102 4400 ὲκ
1122 4348 1197 4416 τῷ
1219 4348 1354 4415 ὑπὲρ
1378 4349 1532 4401 αὐτὸν
1563 4348 1638 4400 νό-

1746 617 1802 670 δὲ
1837 619 1934 690 τὴν
1980 621 2259 691 ἐπαινετὴν
2303 625 2580 692 ἀπάθειαν,
2631 627 2720 680 καὶ
2768 629 2943 680 πᾶσαν
2994 627 3090 697 τὴν
3142 627 3272 698 ἀρε-

1745 713 1859 781 τήν.

1816 798 1951 852 XlX.
1980 799 2083 854 Sed
2117 815 2212 854 nec
2243 801 2374 868 fugit
2413 801 2731 870 diligentiam
2777 804 3004 874 lprensis
3037 804 3270 874 episcopi

1748 886 1915 941 isthoc
1957 888 2198 958 Onigenis
2231 889 2629 944 deliramentum
2664 893 2770 960 jam
2814 904 2936 947 ante
2967 904 3200 947 notatum
3238 909 3268 946 a

1748 976 2459 1048 Magdeburgensibns,cent.
2497 997 2580 1043 nt,
2612 996 2726 1050 cap.
2757 983 2840 1045 ιο,
2867 984 3002 1050 quod
3037 984 3271 1036 luculen-

1747 1077 1828 1119 ter
1857 1071 2086 1138 exagitat
2121 1079 2244 1123 tom.
2267 1069 2306 1134 l,
2338 1071 2426 1124 lib.
2455 1087 2526 1138 vt,
2557 1086 2672 1140 cap.
2706 1073 2770 1124 ιε
2794 1083 2845 1126 et
2876 1074 2959 1138 15,
2994 1085 3048 1126 et
3084 1075 3270 1141 praeci-

1745 1170 1844 1221 pue
1887 1156 1978 1208 lib.
2013 1171 2062 1208 ιν
2103 1158 2227 1210 ιοιιιί
2271 1156 2526 1222 ejusdem,
2569 1172 2685 1226 cap.
2719 1159 2802 1220 l9,
2855 1159 2939 1210 ubi
2971 1161 3104 1213 hanc
3131 1161 3270 1214 ἀπά-

1747 1243 1896 1296 θειαν
1939 1259 1968 1297 e
2001 1245 2469 1314 Pythagoreorum,
2501 1247 2823 1309 Stoicorum,
2850 1247 3111 1314 Diogenis,
3141 1248 3269 1318 Pyr-

1747 1334 1928 1386 rhonis
1967 1335 2293 1401 aliorumque
2332 1335 2759 1404 philosophorum
2796 1335 2991 1388 scholis
3029 1351 3271 1390 manasse

1745 1424 2087 1475 demonstrat.
2138 1423 2188 1474 In
2235 1438 2339 1490 quo
2369 1424 2532 1486 miror
2558 1424 2657 1476 hoc
2685 1423 2946 1478 excidisse
2977 1438 2992 1476 :
3026 1441 3045 1474 ι
3091 1427 3270 1490 Quan-

1744 1524 1900 1579 quam
1925 1526 2018 1564 nec
2042 1511 2294 1579 Origenes
2322 1512 2476 1580 hujus
2499 1512 2930 1581 impassibilitatis
2954 1513 3151 1580 primus
3176 1527 3274 1566 au-

1743 1608 1856 1652 ctor
1885 1600 1998 1654 fuit.
2046 1599 2175 1652 Nam
2229 1611 2285 1654 ιιι
2325 1602 2452 1655 nihil
2483 1603 2547 1655 de
2582 1601 2867 1656 Manichaee
2893 1602 3269 1655 dicam.........

1737 1687 1847 1756 jam
1877 1677 2001 1741 olim
2035 1690 2198 1742 Stoici
2225 1698 2474 1757 putantur
2506 1691 2668 1744 fuisse
2715 1690 2853 1744 illius
2877 1688 3137 1752 ἀπαθείας
3169 1704 3267 1742 au-

1742 1789 1936 1829 ctores.
1974 1796 1992 1828 ι
2025 1777 2182 1842 Quasi
2203 1778 2481 1846 Origenem
2513 1778 2828 1832 Maniebaaus
2862 1787 3094 1846 tempore
3129 1793 3270 1846 prae-

1741 1865 1994 1928 cesserit,
2049 1881 2204 1932 quem
2261 1877 2459 1918 certum
2508 1875 2590 1920 est
2639 1867 2790 1919 annis
2850 1875 2970 1934 post
3027 1865 3270 1935 Origeuis

1739 1954 1937 2004 obitum
1969 1954 2184 2007 circiter
2213 1955 2396 2024 viginti
2441 1964 2494 2009 et
2542 1970 2645 2008 uno
2692 1955 2929 2008 Ita-resina
2959 1969 3106 2008 suam
3149 1969 3268 2023 pro-

1742 2044 2020 2110 mulgasse.
2055 2043 2186 2096 Tum
2231 2045 2331 2098 hoc
2360 2045 2494 2108 loco,
2547 2053 2601 2097 et
2641 2043 2730 2096 lib.
2773 2059 2846 2109 vt,
2894 2059 3010 2112 cap.
3045 2043 3110 2096 12
3137 2045 3265 2097 tonti

1738 2137 1998 2202 ejusdem,
2061 2134 2471 2199 Priscillianum,
2536 2133 2902 2197 Mauicluemn,
2963 2134 3265 2198 Gnosticos,

1741 2226 2015 2294 Evagrium
2076 2225 2501 2295 Hyperboritam,
2556 2224 2910 2288 Joviniauum,
2973 2223 3265 2292 Pelagium,

1742 2315 2004 2382 tctiusqne
2055 2328 2190 2378 pene
2242 2312 2410 2382 Syria:
2463 2313 2744 2366 luereticos
2787 2313 3080 2365 doctrinam
3131 2314 3269 2366 hanc

1739 2403 1805 2456 ab
1849 2403 2074 2471 Origene
2119 2403 2405 2469 sumpsisse
2456 2412 2672 2456 auctore
2723 2404 2876 2455 docet
2913 2402 3267 2472 Hieronymo;

1740 2492 1981 2560 interque
2015 2507 2108 2545 eos
2137 2492 2416 2560 Evagrium
2449 2491 2640 2543 librum
2677 2492 2906 2546 edidisse
2950 2492 3088 2567 ῌερῑ
3117 2492 3266 2545 daa-

1738 2581 1915 2645 θείας.
1959 2582 2046 2648 ιιιιί
2091 2597 2119 2633 a
2149 2580 2338 2634 llulino
2367 2580 2552 2632 Latine
2579 2596 2863 2634 conversus
2895 2593 2996 2635 est.
3034 2581 3270 2635 Solertcr

1738 2670 1927 2722 deinde
1973 2669 2218 2722 observat
2255 2685 2357 2721 non
2409 2669 2538 2722 satis
2591 2680 2742 2722 caute
2791 2669 3161 2738 Hieronymum
3213 2669 3268 2720 in

1738 2757 1891 2821 epist.
1946 2756 2009 2807 ad
2054 2755 2294 2822 Ctesiph.
2343 2765 2526 2808 contra
2572 2755 2748 2822 Pelag.
2809 2771 2922 2823 cap.
2983 2755 3047 2819 2,
3098 2764 3152 2808 et
3211 2756 3265 2806 in

1739 2860 1961 2912 pronam.
2009 2845 2072 2896 ad
2117 2841 2322 2912 Dialog.
2373 2855 2550 2895 contra
2593 2842 2769 2911 Pelag.
2823 2854 2876 2896 et
2928 2844 2981 2895 in
3035 2856 3260 2910 promtu.

1739 2931 2018 2985 Comment.
2050 2931 2103 2982 in
2136 2929 2352 2994 Jerem.,
2389 2931 2479 2981 lib.
2504 2946 2577 2994 tv,
2610 2931 2916 2983 distinxisse
2941 2931 3026 2983 illa
3048 2932 3170 2993 duo,
3191 2930 3266 2983 l'a-

1737 3021 1987 3073 cultatem
2018 3020 2213 3072 habere
2242 3036 2341 3070 non
2373 3020 2644 3088 peccandi,
2679 3029 2730 3072 et
2752 3035 2854 3072 non
2879 3021 3076 3073 habere
3099 3020 3265 3074 facul-

1742 3118 1897 3161 tatem
1925 3107 2209 3176 peccandi;
2249 3109 2347 3160 hoc
2372 3117 2470 3168 est,
2501 3124 2646 3172 posse
2674 3124 2772 3160 non
2809 3125 3035 3174 peccare,
3074 3121 3123 3161 et
3164 3125 3265 3162 non

1738 3212 1882 3264 posse
1911 3211 2133 3262 peccare.
2161 3195 2391 3259 Quorum
2412 3194 2634 3247 alterum
2659 3210 2688 3246 e
2717 3195 2885 3249 libero
2907 3197 3096 3263 pendet
3118 3196 3266 3249 arbi-

1741 3287 1858 3346 Irio,
1894 3301 1998 3353 quo
2025 3284 2082 3336 lit
2117 3293 2168 3335 ut
2199 3298 2478 3352 possumus
2505 3299 2744 3352 peccare,
2779 3285 2856 3336 vel
2891 3301 2990 3338 non
3021 3301 3263 3354 peccare,

1735 3375 1918 3442 gratiae
1947 3373 2101 3425 modo
2147 3373 2212 3424 ad
2253 3373 2301 3423 id
2341 3382 2661 3438 postreunnn
2695 3383 2935 3441 suppetat
2979 3374 3266 3441 auxilium;

1735 3463 1956 3514 alterum
1986 3475 2111 3512 vero
2143 3460 2343 3512 arbitrii
2381 3459 2594 3512 humani
2631 3461 2923 3513 libertatem
2960 3461 3113 3526 tollit,
3145 3471 3202 3514 et
3233 3479 3264 3513 a

1740 3548 2118 3600 Valentiuianis
2149 3548 2596 3614 propugnabatur,
2635 3549 2721 3615 qui
2751 3549 2991 3602 homines
3026 3566 3266 3618 πνευμα-

1730 3639 1910 3700 τικοὺς
1953 3636 2064 3704 ejus
2095 3651 2210 3704 esse
2257 3638 2503 3689 volebant
2556 3648 2779 3700 naturae,
2829 3653 2945 3704 quae
2995 3648 3267 3704 peccatqu

1732 3729 1874 3782 nullo
1895 3703 2048 3780 modo
2071 3703 2329 3794 reciperet
2350 3745 2364 3780 :
2389 3727 2526 3791 quod
2551 3728 2767 3797 dogma,
2787 3703 3154 3796 dogmatisqne
3171 3744 3266 3778 au-

1731 3827 1904 3869 ctores
1947 3817 2212 3884 perpetuis
2247 3816 2643 3869 velitationibus
2694 3816 2948 3881 Origenes
3007 3819 3260 3883 urgebat;

1733 3920 1998 3972 utinquam
2036 3921 2136 3957 non
2171 3906 2270 3957 hoc
2301 3905 2594 3968 inculcans,
2626 3890 2825 3957 nullam
2873 3920 2990 3958 esse
3023 3914 3261 3956 naturam

1732 4009 1847 4061 qua:
1886 4009 1984 4045 non
2023 3993 2092 4044 sit
2133 3994 2252 4045 boni
2307 4003 2360 4046 et
2399 3993 2520 4044 mali
2554 4008 2746 4060 capax,
2784 3993 2916 4046 adeo
2959 4002 3014 4044 ιιι
3063 4006 3128 4044 ne
3161 3992 3264 4058 ipsi

1733 4083 1942 4151 quidem
1970 4083 2140 4150 angeli
2184 4097 2212 4134 a
2256 4091 2492 4148 peccatu,
2541 4082 2850 4150 peccatique
2887 4081 3059 4150 pinnis
3082 4090 3264 4134 essent

1734 4173 2012 4225 immunes.
2054 4170 2336 4238 Perperam
2381 4185 2506 4232 ergo
2543 4171 2888 4237 Ilieronymus
2918 4170 2967 4221 in
3004 4171 3158 4237 epist.
3193 4169 3258 4221 ad

1731 4261 1985 4328 Ctesiph.,
2009 4275 2124 4326 cap.
2157 4261 2206 4323 ι,
2233 4258 2622 4328 ἀναμάρτητον,
2655 4259 2790 4312 idem
2809 4274 2925 4311 esse
2941 4268 3102 4321 retur,
3122 4258 3261 4327 quod

1731 4352 1774 4403 si
1783 4367 1840 4402 ne
1857 4360 2058 4417 peccato
2076 4367 2093 4414 ;
2113 4365 2228 4402 nam
2255 4351 2642 4420 ἀναμάρτητον,
2660 4357 2760 4413 est,
2791 4349 3009 4416 incapaa:
3031 4349 3221 4414 peccati
3243 4363 3263 4402 :

67 4471 182 4522 μῳ,
224 4452 514 4504 l‘ra-terea
566 4455 694 4494 tom.
727 4453 796 4492 xv
843 4441 893 4489 in
942 4439 1076 4491 idem
1102 4439 1456 4504 Evangelium,
1491 4453 1631 4488 ιιιιιιι.
1672 4459 1714 4512 υ
1743 4441 2000 4509 perfectos
2029 4451 2202 4492 autem
2235 4455 2334 4492 non
2365 4441 2641 4507 incapaCes
2674 4439 2874 4506 peccati
2906 4439 3115 4490 volebat
3143 4436 3261 4491 Ori-

61 4545 118 4602 (ἰ,
155 4556 293 4608 pag.
343 4537 476 4597 659,
519 4533 682 4586 tradit
715 4544 906 4596 pueros
942 4531 1133 4594 quibus
1168 4544 1352 4582 manus
1394 4527 1638 4594 imposuit

59 4631 261 4692 lusus,
293 4629 415 4696 jam
444 4624 673 4691 amplius
700 4623 994 4674 dannouum
1022 4619 1304 4672 assultibus
1330 4618 1408 4669 vel
1437 4618 1636 4683 peccati

57 4721 361 4774 illecebris
395 4716 614 4784 percelli
647 4730 748 4766 non
771 4717 952 4780 posse;
984 4719 1035 4763 et
1062 4727 1204 4762 num.
1239 4711 1322 4770 l7,
1352 4725 1468 4776 pag.
1493 4709 1592 4760 676
1624 4729 1635 4762 :

57 4809 247 4876 Οὗτος
289 4811 360 4879 δὴ
387 4812 419 4860 ὁ
445 4802 1010 4870 ἀνθυπαλλασσόμενος
1043 4801 1160 4852 ἀντὶ
1189 4800 1407 4851 πλούτου
1433 4800 1636 4862 πενίαν,

63 4904 219 4971 ὑπὲρ
275 4899 378 4952 τοῦ
422 4897 619 4956 τέλειος
655 4891 920 4960 γενέσθαι,
965 4890 1198 4950 πεισθεὶς
1219 4892 1324 4949 τοῖς
1359 4889 1524 4956 Ἰησοῦ
1552 4889 1638 4939 λὸ-

61 5010 216 5060 γοις,
251 4989 480 5059 ἁθρόως
505 4984 570 5036 ἂν
591 4982 895 5052 βοηθηθείη,
927 4982 1002 5042 ὡς
1045 4980 1135 5032 καὶ
1165 4981 1212 5031 οἱ
1239 4978 1514 5030 ἀπόστολοι
1549 4978 1642 5029 τοῦ

58 5077 348 5150 Χριστοῦ,
387 5075 528 5146 πρὸς
587 5072 646 5123 τὸ
685 5070 931 5138 γενέσθαι
974 5069 1130 5134 σοφὸς
1178 5071 1234 5120 ὲν
1283 5067 1516 5135 Χριστῷ,
1553 5067 1644 5118 καὶ

55 5170 354 5237 ἀνδρεῖος,
400 5163 500 5215 καὶ
537 5161 755 5221 δίκαιος,
779 5159 871 5210 καὶ
894 5157 1138 5224 σώφρων,
1165 5156 1254 5207 καὶ
1277 5155 1427 5215 ἐκτὸς
1450 5156 1643 5216 παντὸς

58 5259 308 5317 πάθους·
375 5252 545 5320 φήσει
563 5249 618 5300 δὲ
644 5251 670 5300 ὁ
714 5248 881 5309 οὕτως
935 5245 1372 5313 ἀπολογούμενος,
1422 5244 1501 5294 ὅτι
1549 5245 1644 5296 οὐκ

56 5346 296 5412 ἀνάγκη
320 5340 492 5393 τοῦτο
539 5337 788 5405 νοηθῆναι
817 5335 978 5402 αὐτῆς
1003 5333 1205 5401 ἡμέρας
1235 5332 1529 5400 ἀπαντῆσαι
1545 5331 1640 5402 ιτῷ

57 5429 476 5500 ἁποδεδομένῳ
525 5425 592 5477 τά
642 5425 963 5492 ὑπάρχοντα,
1025 5423 1116 5473 καὶ
1160 5421 1343 5472 διδόντι
1377 5424 1634 5489 πτωχοῖςο

59 5522 183 5571 ἀλλ’
251 5520 392 5578 ἴσως
445 5514 543 5565 ἀπ’
572 5511 776 5578 ἐκείνης
825 5511 918 5578 μὲν
971 5510 1068 5577 τῆς
1108 5509 1308 5578 ἡμέρας
1355 5508 1571 5571 ἄρξεται
1605 5512 1636 5574 ἡ

135 5702 183 5728 ⁸³
239 5691 449 5746 Matth.
489 5701 596 5746 ιιι,
622 5685 706 5738 25.
770 5685 808 5710 ⁸⁷
843 5680 980 5732 Ιόιιι,
1029 5698 1208 5741 cxuu,
1235 5681 1342 5733 165.

1423 5682 1464 5712 ⁸³
1506 5681 1523 5733 l
1551 5684 1675 5736 Cor.

1743 4545 1920 4598 genes,
1972 4545 2140 4596 neque
2180 4530 2438 4596 l’elagius.
2478 4529 2568 4580 sed
2607 4538 2822 4594 peccato
2858 4543 3040 4581 carere
3071 4541 3259 4595 posse;

1744 4619 1851 4671 imo
1876 4633 2000 4672 vero
2031 4621 2347 4687 praedicabat
2377 4619 2618 4687 Pelagius
2644 4634 2746 4672 non
2772 4619 2820 4670 id
2843 4618 2949 4686 agi,
2971 4628 3144 4671 utrum
3166 4618 3262 4672 ali-

1742 4707 1860 4773 quis
1901 4713 2097 4773 peccatl
2153 4703 2245 4774 per
2295 4717 2456 4760 totam
2507 4707 2663 4758 vitam
2714 4706 2894 4760 fuisset
2930 4721 3135 4772 exsors,
3169 4707 3262 4761 sed

1745 4807 1917 4847 utrum
1952 4797 2188 4848 homines
2217 4797 2415 4862 peccati
2455 4806 2694 4848 exsortes
2734 4811 2850 4848 esse
2880 4804 3094 4862 queant,
3124 4795 3260 4862 quod

1742 4899 1836 4951 per
1880 4883 2084 4935 arbitrii
2124 4884 2274 4937 liberi
2307 4886 2446 4938 vires
2490 4885 2600 4937 lleri
2646 4899 2802 4952 posse
2837 4884 3158 4944 allirmabat;
3209 4891 3264 4934 et

1741 4975 2086 5026 Adamantius
2111 4989 2319 5042 quoque
2358 4974 2617 5028 neminem
2653 4976 2766 5027 sine
2804 4983 3020 5042 peccato
3063 4973 3262 5025 vixisse

1743 5063 1980 5129 putabat,
2011 5072 2067 5113 nt
2096 5076 2251 5130 supra
2289 5063 2420 5116 dlxi.
2449 5064 2604 5131 Atqui
2637 5064 2748 5116 lic-ri
2780 5078 2931 5129 posse
2959 5078 3062 5115 non
3101 5077 3261 5126 nega-

1743 5151 1832 5203 bat
1859 5151 2186 5217 Augustinus
2213 5163 2267 5203 ιιι
2291 5141 2610 5219 οεδόροεεοι
2633 5157 2789 5207 homo
2825 5155 2876 5207 in
2909 5156 3006 5206 hac
3029 5153 3133 5203 vita
3151 5152 3264 5202 sine

1744 5251 1982 5307 peccato,
2012 5240 2061 5291 id
2093 5240 2244 5292 modo
2266 5242 2447 5308 gratia:
2471 5243 2687 5306 auxilio,
2710 5258 2814 5295 non
2847 5252 3044 5294 natura:
3067 5236 3266 5289 viribus

1742 5330 2028 5382 referretur
2055 5339 2319 5396 acceptum
2348 5347 2360 5382 :
2389 5347 2408 5378 ι
2432 5329 2562 5382 Nam
2585 5333 2672 5398 qui
2695 5332 2901 5390 dicunt,
2931 5346 2948 5377 ι
2971 5324 3142 5389 inquit
3169 5323 3261 5373 lib.

1747 5419 1820 5472 De
1857 5427 2048 5486 peccat.
2076 5435 2222 5479 mer.,
2257 5419 2347 5474 lib.
2376 5435 2436 5480 ιι,
2473 5436 2588 5489 cap.
2615 5420 2668 5481 6,
2705 5437 2723 5468 ι
2760 5433 2878 5470 esse
2904 5425 3057 5480 posse
3083 5410 3139 5458 ἱιι
3169 5409 3276 5459 hac

1741 5511 1844 5562 vita
1866 5509 2130 5562 hominem
2161 5510 2270 5564 sine
2298 5525 2532 5580 peccato,
2562 5527 2663 5564 non
2699 5517 2781 5561 est
2813 5506 2889 5556 eis
2911 5497 3175 5554 conlinth
3203 5496 3286 5547 ὶιιο

1717 5700 1832 5747 λιιι,
1864 5684 1913 5736 8.
