3894 6434
510 460 613 521 959

513 658 903 727 negaverimus,
953 664 1005 708 et
1051 648 1282 707 hominis
1327 649 1493 701 libero
1539 644 1779 705 arbitrio,
1820 643 1911 709 qui
1950 641 2052 695 hoc

512 748 736 804 volendo
775 745 997 812 appetit,
1022 752 1075 796 et
1100 741 1189 794 Dei
1215 738 1396 791 virtuti
1426 736 1507 788 vel
1539 732 1928 794 misericordiae,
1961 729 2051 798 qui

514 836 616 890 hoc
643 832 946 902 adiuvando
973 829 1154 890 elIicit,
1178 825 1568 895 derogabimus.
1599 842 1617 875 ι
1655 822 1759 875 Nec
1783 821 1911 874 satis
1932 834 2054 887 pro-

516 922 630 991 prie
659 924 798 976 idem
832 919 1183 988 Hieronymus
1216 916 1266 968 in
1297 921 1522 982 procem.
1563 913 1656 966 lib.
1699 915 1746 963 t'v
1770 909 2051 962 Comment.

516 1030 570 1066 tn
597 1010 813 1072 Jerem.,
840 1004 1242 1077 ἀναμαρτησίαν
1290 1001 1577 1055 reddidisse
1607 999 1834 1060 videtur,
1866 997 2057 1063 impac-

518 1099 765 1160 cuntiam,
802 1097 850 1149 id
877 1105 979 1158 est,
1007 1110 1106 1145 non
1132 1106 1370 1160 peccare;
1398 1086 1543 1155 quod
1572 1087 1888 1139 reddendum
1920 1092 2054 1144 erat,

517 1186 1011 1258 impeccabilitatem,
1046 1180 1096 1236 id
1136 1191 1238 1243 est,
1279 1197 1377 1232 non
1414 1192 1561 1245 posse
1596 1190 1823 1245 peccare.
1866 1172 2058 1239 Perpe-

520 1294 632 1337 ratu
667 1286 874 1349 quoque
897 1276 1148 1342 scriptum
1176 1261 1241 1327 ab
1264 1288 1327 1325 eo
1358 1282 1439 1323 est
1466 1281 1687 1337 promat.
1718 1266 1926 1332 Dia/ag.
1958 1261 2056 1314 ad-

518 1390 647 1427 vers.
678 1368 856 1437 Pelag.
896 1384 913 1422 :
947 1387 964 1419 ι
1000 1365 1127 1419 lllud
1163 1366 1337 1417 autem
1381 1359 1621 1430 Origenis
1660 1356 1925 1424 proprium
1953 1362 2055 1415 est,

518 1474 638 1513 esse
660 1457 931 1527 possibile,
964 1470 1082 1508 cum
1126 1467 1184 1506 se
1221 1450 1412 1519 aliquis
1439 1448 1500 1499 ad
1535 1445 1748 1499 meliora
1781 1450 2058 1496 converte-

521 1548 615 1611 rit,
644 1547 709 1600 ad
740 1555 937 1599 tantam
966 1541 1321 1597 fortitudinem
1354 1540 1657 1607 pervenire,
1691 1546 1747 1589 ut
1768 1536 1903 1587 ultra
1934 1546 2059 1600 pec-

521 1651 645 1690 care
688 1651 791 1689 non
836 1630 1023 1703 possit,
1057 1649 1075 1682 ι
1110 1644 1207 1697 pro
1231 1643 1293 1682 eo
1324 1627 1462 1695 quod
1495 1625 1731 1679 scribere
1764 1622 1966 1684 debuit,
2005 1627 2059 1672 ut

522 1714 659 1778 ultra
693 1742 791 1777 non
818 1737 1024 1789 peccare
1051 1720 1233 1788 possit.
1256 1717 1497 1771 Geuuina
1526 1728 1650 1784 ergo
1675 1727 1734 1766 ea
1754 1710 1854 1764 fuit
1875 1709 2061 1777 Orige-

524 1806 608 1869 nis
639 1814 922 1878 sententia,
955 1810 1196 1865 homines
1244 1822 1427 1861 omnes
1472 1802 1702 1873 peccatis
1751 1816 1868 1855 esse
1900 1802 2061 1854 obno-

527 1904 669 1967 xios;
696 1902 785 1971 qui
810 1915 936 1954 vero
960 1896 1298 1966 acquirendae
1325 1894 1532 1956 virtuti,
1558 1902 1612 1945 et
1641 1888 1846 1944 delictis
1873 1904 2061 1955 expur-

522 1992 710 2061 gaudis
736 1989 939 2043 dederit
967 2001 1204 2056 operam,
1228 1993 1282 2040 et
1317 1985 1382 2037 ad
1404 1981 1777 2051 perfectionem
1808 1993 2061 2032 conscen-

526 2080 686 2142 derit,
712 2076 961 2131 vitiorum
985 2076 1325 2129 incitamenta
1353 2071 1583 2141 propriis
1609 2062 1807 2121 viribus
1829 2080 2065 2134 pessum-

528 2170 656 2225 dare
694 2183 854 2239 posse
880 2169 925 2222 si
955 2167 1097 2230 velit,
1128 2166 1193 2217 ab
1231 2166 1398 2232 iisque
1430 2162 1732 2229 neutiquam
1762 2158 1974 2212 tentari.
2002 2159 2062 2213 In

528 2277 636 2331 quo
678 2252 923 2331 geminus
961 2266 1043 2311 est
1072 2272 1245 2316 error,
1299 2253 1438 2322 quod
1466 2253 1637 2307 virum
1664 2250 1957 2320 perfectum
1997 2248 2066 2303 ad

529 2352 815 2406 calcandas
848 2348 1051 2418 peccati
1101 2346 1385 2400 blanditias
1431 2342 1613 2410 gratiae
1667 2341 1916 2411 pr‘wsidio
1960 2354 2066 2395 non

528 2452 689 2509 egere
720 2439 868 2503 velit,
898 2447 951 2491 et
981 2436 1119 2506 quod
1150 2432 1529 2488 tentationibus
1556 2446 1676 2486 eum
1710 2431 1928 2484 minime
1950 2445 2070 2498 per-

529 2529 647 2583 celli
681 2537 925 2590 censeat;
954 2542 1073 2581 cum
1112 2534 1315 2579 certum
1342 2525 1412 2576 sit
1444 2522 1605 2575 vitam
1634 2520 1864 2576 hominis
1897 2530 2070 2574 certa-

532 2634 650 2672 men
687 2633 807 2672 esse
856 2627 1194 2687 perpetuum,
1235 2623 1286 2667 et
1337 2612 1501 2668 Paulo
1541 2613 1641 2682 ipsi
1680 2610 1858 2666 datum
1904 2610 2071 2667 fuisse

531 2706 807 2763 Stimulum‘
842 2707 1039 2787 carnis.

603 2786 716 2854 XX.
758 2794 1211 2862 Quemadmodum
1240 2801 1452 2848 evectos
1473 2791 1537 2845 ad
1566 2806 1833 2844 summum
1859 2792 2074 2846 virtutis

533 2888 739 2955 apicem
767 2884 1007 2938 homines
1038 2882 1268 2949 peccatis
1301 2881 1565 2935 obnoxios
1598 2896 1699 2933 non
1732 2895 1851 2932 esse
1883 2880 2072 2933 defini-

533 2976 609 3030 vit
640 2974 1017 3037 Adamantius;
1053 2973 1122 3024 ita
1159 2972 1449 3025 asseruisse
1483 2972 1626 3023 visus
1653 2977 1736 3023 est
1780 2983 1882 3022 non
1918 2983 2075 3037 posse

532 3079 625 3119 eos
674 3074 948 3131 emergere
974 3075 1004 3112 a
1042 3058 1208 3124 vitiis,
1243 3066 1297 3112 et
1345 3059 1410 3111 ad
1444 3058 1696 3111 virtutem
1745 3058 1981 3127 regredi.
2011 3071 2073 3111 ac

1748 430 1808 491 P.
1847 420 2154 487 DANIELIS
2189 416 2415 481 llUETll

508 560 664 630 cauta
693 565 992 622 temeritate
1029 558 1413 617 obsistendum.
1446 542 1534 610 Sic
1551 554 1689 608 enim
1725 567 1841 607 esse
1886 563 2042 619 posse
2070 548 2115 607 Α
2144 540 2384 597 renovari
2413 539 2493 617 ad
2536 533 2721 605 pcenit

3783 390 3888 445 960

2726 530 2957 585 entiam
2988 565 3006 591 ,
3050 532 3301 576 rursum
3361 507 3793 581 cruciﬁgentes
3822 506 3894 561 δὶ-

2155 628 2455 697 bilnetipsis
2486 604 2699 679 Filium
2739 621 2874 684 Dei,
2914 626 2981 670 et
3011 608 3295 666 ostentui
3334 604 3693 697 habentes?
3717 618 3736 649 ι
3768 612 3891 651 nec-

2157 736 2262 773 non
2295 687 2358 771 et-
2395 719 2497 769 ista
2533 730 2565 767 e
2614 727 2743 778 cap.
2782 707 2883 772 10,
2941 718 3112 759 vers.
3174 697 3288 760 26,
3324 692 3411 748 27
3442 711 3459 745 :
3510 710 3531 741 ι
3571 687 3894 743 Voluntarie

2152 808 2303 863 enim
2365 798 2740 874 peccantibus
2785 797 2967 851 nobis
3038 800 3185 861 post
3250 792 3593 852 acceptam
3653 779 3894 832 notitiam

2154 869 2562 961 veritati—s,jam
2603 906 2719 943 non
2751 883 3132 951 relinquitur
3186 892 3304 947 pro
3361 869 3650 942 peccatis
3698 869 3890 931 hostia;

2157 984 2422 1041 terribilis
2449 958 2673 1034 vautem
2727 977 3010 1045 quaedam
3056 967 3467 1039 exspectatio
3513 961 3748 1028 iudicii.
3777 979 3794 1011 ι
3828 958 3894 1013 lu-

2155 1080 2222 1131 de
2246 1086 2300 1131 et
2322 1076 2574 1129 Novatus
2598 1073 2653 1125 in
2691 1068 2970 1124 haeresim
3010 1064 3315 1117 inductus
3349 1066 3480 1111 est.
3507 1055 3705 1120 Quam
3732 1063 3894 1106 autem

2160 1169 2245 1222 his
2278 1165 2431 1220 Pauli
2490 1164 2632 1217 locis
2674 1157 3134 1230 expositionem
3198 1147 3509 1204 adhibuit
3551 1145 3894 1207 Philastrius,

2159 1246 2407 1310 eamdem
2439 1229 2793 1320 Origeniano
2819 1244 2904 1299 illi
2942 1252 3296 1311 possumus
3330 1234 3671 1289 adhibere.
3704 1229 3795 1285 Sic
3824 1231 3894 1283 illa

2158 1361 2218 1398 se
2252 1345 2414 1397 habet
2435 1359 2560 1410 cap.
2609 1339 2726 1394 88:
2766 1355 2786 1389 ι
2834 1331 3321 1389 Paenitudinem
3349 1325 3556 1380 etiam
3601 1338 3717 1377 non
3742 1324 3894 1376 exclu-

2159 1434 2238 1486 dit
2263 1431 2531 1493 docendo,
2566 1428 2666 1481 sed
2702 1427 3010 1479 diversum
3041 1418 3326 1490 gradum
3371 1412 3706 1483 dignitatis
3739 1421 3894 1464 osteu<

2160 1518 2240 1574 dit
2278 1522 2422 1574 inter
2450 1520 2600 1571 hunc
2635 1516 2730 1584 qtti
2771 1516 3085 1581 integrum
3120 1503 3517 1566 custodiVit,
3549 1511 3616 1556 et
3646 1499 3793 1554 illum
3827 1503 3894 1568 qui

2160 1613 2427 1681 peccavit.
2467 1605 2774 1675 Dignitatis
2803 1610 2897 1659 est
2923 1600 3127 1671 igitur
3154 1594 3635 1650 detrimentum
3670 1593 3725 1643 in
3751 1605 3811 1643 eo
3830 1591 3894 1657 qni

2163 1680 2430 1771 peccavit,
2454 1712 2563 1750 non
2603 1696 2882 1749 damnum
2916 1689 3181 1746 salutis.
3224 1684 3402 1740 Nam
3445 1683 3501 1737 si
3554 1680 3776 1735 fortiter
3804 1683 3894 1749 quis

2166 1770 2495 1859 pugnaverit
2526 1800 2629 1854 per
2672 1775 3375 1851 martyrium,recipiet
3406 1772 3729 1842 pristinam
3754 1770 3894 1839 digni.

2090 1857 2135 1915 Β
2165 1889 2327 1934 tatem
2360 1897 2377 1946 ;
2410 1887 2506 1932 aut
2530 1879 2578 1932 si
2603 1875 2891 1944 c0ndigne
2923 1873 2985 1926 in
3024 1873 3161 1927 hoc
3200 1869 3459 1924 saeculo
3495 1866 3735 1930 vixerit,
3765 1867 3894 1935 impe.

2163 1982 2267 2028 trat
2299 1973 2443 2042 quod
2475 1956 2770 2026 desiderat
2808 1968 3103 2038 adipisci.
3151 1964 3331 2020 Nam
3391 1966 3457 2020 in
3520 1966 3651 2033 ipsa
3709 1966 3894 2033 epistola

2164 2062 2598 2131 rebaptizatores
2633 2060 2918 2123 excludit,
2959 2072 3096 2111 non
3144 2058 3567 2126 baptismum
3602 2060 3894 2129 paenitentia

2165 2153 2415 2221 abnegat.
2476 2171 2495 2202 ι
2534 2152 2818 2206 Craterum
2869 2148 3131 2203 consuli
3187 2149 3400 2202 velim
3461 2148 3703 2201 Sixtum
3734 2149 3894 2202 Senen-

2164 2259 2275 2299 setu
2303 2243 2398 2298 lib.
2424 2257 2479 2296 vI
2512 2241 2783 2295 Biblioth.
2813 2240 3031 2294 adnot.
3063 2239 3235 2306 H9,
3271 2250 3345 2293 et
3378 2240 3495 2293 lib.
3529 2255 3638 2304 vn,
3668 2240 3894 2305 lueres.81

2166 2335 2256 2405 qui
2305 2335 2422 2389 haec
2451 2333 2700 2402 aliaque,
2731 2350 2865 2388 cum
2914 2332 3361 2402 explicanda:
3424 2332 3580 2385 huic
3620 2331 3772 2384 Pauli
3809 2349 3894 2385 seu

2170 2428 2368 2491 tentias,
2404 2436 2519 2478 tum
2578 2425 2865 2481 adversus
2905 2426 3298 2480 adductum
3341 2424 3646 2495 Origenis
3699 2427 3894 2481 testimo

2172 2517 2317 2570 Itium
2356 2516 2604 2584 collegit.

2248 2603 2384 2657 XXI.
2424 2605 2624 2658 Mirum
2666 2622 2843 2676 porro
2882 2605 3308 2661 sentientem
3376 2604 3711 2677 Origenem
3760 2606 3894 2676 perfe

2172 2708 2287 2750 ctos
2312 2697 2564 2751 homines
2589 2713 2750 2766 posse
2787 2712 2904 2750 non
2942 2711 3279 2764 peccare,
3300 2698 3559 2753 dixisse
3597 2708 3779 2752 tamen
3800 2714 3894 2766 pne

2172 2788 2340 2854 ιευριὶε
2363 2787 2566 2840 divinis
2593 2802 2811 2841 morem
2842 2787 2972 2854 geri
3010 2802 3153 2840 non
3189 2792 3431 2857 poSse.
3454 2789 3570 2842 Cui
3610 2788 3894 2843 contrarian

2174 2874 2417 2943 Pelagius
2445 2875 2692 2927 decrevit
2735 2875 2791 2927 in
2836 2874 2969 2927 suis
3011 2872 3397 2930 Sententiis
3422 2918 3442 2942 ,
3496 2886 3650 2933 teste
3676 2876 3894 2945 Hierony‘

2175 2980 2285 3030 mo,
2311 2964 2402 3032 qui
2438 2966 2534 3018 lib.
2568 2975 2803 3017 tcontra
2829 2962 3057 3034 Pelag.
3096 2965 3263 3021 haec
3302 2970 3543 3023 scribit
3574 2988 3591 3021 :
3640 2987 3661 3020 ι
3703 2969 3894 3024 Οθηιεεὲι

2176 3068 2295 3108 mus
2347 3052 2539 3107 titulus
2581 3062 2709 3118 est,
2744 3068 2919 3120 posse
2948 3054 3329 3110 hominem
3361 3058 3507 3112 sine
3540 3070 3773 3129 peccato
3798 3075 3894 3113 esse

537 3149 778 3207 renovari
807 3166 896 3218 per
919 3148 1288 3218 pmnitentiam
1315 3160 1428 3209 eos,
1471 3147 1561 3215 qui
1590 3154 1709 3214 post
1737 3155 2011 3214 acceptum
2043 3161 2072 3199 a
2099 3164 2141 3224 α
2174 3153 2228 3197 et
2262 3143 2352 3197 Dei
2388 3132 2648 3195 mandata
2687 3144 2855 3197 facile
2896 3146 3269 3201 custodire
3298 3190 3315 3209 .
3358 3149 3415 3203 si
3465 3150 3636 3204 velit.
3676 3170 3696 3202 ι
3732 3150 3815 3203 Sic
3838 3168 3894 3201 au-

538 3244 646 3296 Deo
670 3242 855 3310 gratiae
892 3239 1086 3292 divina:
1118 3236 1292 3289 lumen
1342 3235 1531 3289 iterum
1571 3250 1689 3288 sese
1717 3232 1951 3304 peccatis
1978 3237 2073 3290 ob-

534 3334 850 3388 urinxerint
886 3352 900 3388 :
934 3333 1151 3385 Petrum
1184 3332 1395 3399 quidem
1419 3347 1537 3384 eum
1569 3330 1838 3385 Christum
1861 3334 2073 3400 ejuran-

538 3426 605 3475 do
638 3421 897 3489 peccavit,
931 3421 1164 3473 nondum
1191 3420 1457 3487 accepisse
1490 3420 1745 3487 Spiritum
1784 3431 2027 3475 sanctum
2054 3439 2072 3480 ς

539 3508 692 3562 nobis
713 3522 838 3561 vero
861 3509 904 3561 si
929 3522 994 3561 eo
1020 3518 1241 3574 accepto
1262 3506 1676 3575 peccaverimus,
1705 3522 1872 3574 neque
1898 3510 1950 3560 in
1976 3510 2079 3564 hoc

541 3597 754 3662 sazculo,
773 3598 1011 3665 neqnein
1035 3597 1213 3656 futuro
1242 3595 1447 3647 veniam
1472 3595 1539 3648 iri
1560 3610 1892 3651 concessum.
1917 3615 1937 3649 ι
1971 3600 2080 3655 lloc

540 3688 777 3751 attende,
811 3704 829 3737 ι
862 3687 1034 3755 inquit
1069 3697 1224 3740 tract.
1256 3700 1395 3737 xxxv
1434 3686 1486 3737 in
1529 3684 1745 3749 Matt/L,
1786 3704 1930 3741 nmn.
1958 3692 2079 3757 114,

543 3794 664 3847 pag.
696 3778 820 3841 915,
848 3796 866 3827 ι
899 3778 1148 3845 quoniam
1178 3776 1448 3844 antegalli
1475 3788 1711 3838 cantum,
1742 3788 1795 3831 et
1821 3791 1941 3835 ante
1962 3781 2078 3850 Spi-

545 3872 703 3924 ritum
733 3879 998 3932 sanctum,
1017 3870 1067 3921 in
1098 3879 1332 3935 tempore
1360 3868 1532 3921 noctis
1568 3868 1862 3935 profundae,
1890 3873 2083 3926 etiam-

543 3962 588 4014 si
620 3960 925 4026 frequenter
965 3958 1301 4025 denegaverit
1333 3958 1471 4024 quis.
1508 3957 1681 4010 vivere
1710 3969 1882 4025 potest
1910 3964 2084 4029 :quod

546 4050 883 4104 titanifesttttn
913 4060 995 4104 est
1021 4064 1087 4101 ex
1118 4063 1205 4112 eo,
1248 4051 1387 4115 quod
1428 4058 1508 4101 ter
1548 4048 1827 4117 denegavit
1869 4050 2083 4107 Petrus.

547 4140 603 4193 Si
637 4151 812 4194 autem
845 4149 964 4207 post
1010 4138 1138 4208 galli
1182 4149 1417 4202 cautum,
1446 4137 1527 4191 vel
1574 4138 1733 4191 semel
1764 4138 1814 4191 in
1850 4154 2086 4208 quocun—

545 4242 648 4294 que
676 4226 911 4296 periequ
936 4226 1254 4279 constitutus
1291 4224 1633 4292 denegaverit
1664 4226 1816 4291 quis,
1846 4227 2088 4295 impossi-

549 4318 654 4371 bile
680 4329 762 4371 est
804 4332 924 4372 eum
978 4315 1221 4370 renovari
1276 4314 1328 4367 in
1373 4316 1765 4381 pmniteutiaut.
1794 4327 1851 4368 ut
1895 4317 2085 4371 iterum

549 4406 828 4475 crueiﬁgat
871 4405 970 4459 sibi
1008 4404 1201 4458 Filium
1232 4400 1346 4455 Dei.
1379 4419 1397 4451 ι
1428 4399 1672 4454 Clemens
1707 4402 1918 4468 quidetn
1960 4404 2087 4457 Ale-

2178 3244 2285 3286 tem
2322 3231 2589 3299 Origenes
2622 3232 2720 3286 lib.
2779 3250 2859 3297 tt,
2901 3237 2965 3287 in
3007 3234 3261 3304 ,Epr’st.
3312 3241 3404 3294 ad
3462 3241 3665 3306 Raram,
3694 3244 3878 3297 num.9

2185 3344 2202 3376 ι
2239 3324 2345 3378 Nos
2375 3339 2506 3378 vero
2533 3325 2626 3391 qui
2683 3326 2803 3379 ιιωο
2834 3327 3057 3379 omnia
3120 3331 3543 3399 Spiritalitet'
3597 3335 3894 3404 intelligead:

2180 3416 2465 3475 sentimus,
2493 3414 2705 3468 idcirco
2752 3424 2814 3469 et
2843 3431 2965 3470 non
3010 3419 3415 3489 auditores,
3459 3426 3572 3480 sed
3612 3426 3833 3481 factores
3858 3430 3894 3477 le

2188 3506 2268 3573 gis
2294 3504 2682 3573 justilicandos
2711 3507 3058 3573 credimus,
3107 3526 3255 3565 non
3314 3514 3488 3583 legis
3525 3516 3825 3571 secundum
3854 3517 3894 3565 Iit

2183 3605 2377 3656 teram,
2407 3610 2530 3663 qua:
2556 3595 2751 3663 utique
2782 3611 2890 3662 pro
2926 3600 3029 3652 sui
3064 3601 3625 3672 impossibilitate
3647 3626 3751 3663 non
3775 3621 3894 3677 potes

2186 3684 2385 3739 habere
2410 3684 2701 3748 factorem,
2726 3686 2829 3741 sed
2868 3693 3264 3749 secundum
3304 3701 3639 3768 spiritum,
3674 3717 3894 3770 perqucu

2186 3774 2357 3829 solum
2392 3773 2477 3827 lex
2507 3744 2727 3844 impleri
2779 3779 3051 3845 poterit;

2192 3864 2392 3949 rLicet
2436 3879 2542 3918 non
2583 3836 2947 3921 crediderint
3001 3836 3894 3949 (ίυίιιᾷίιξῖιῑίίιεέεξέυᾘῖάξξο

2188 3944 2443 4045 fidelitate
2495 3964 2679 4045 tamen
2710 3970 2921 4011 eorum
2980 3961 3383 4025 dicendum
3445 3984 3571 4035 est.
3615 3944 3761 4045 quod
3808 3974 3894 4028 Dem

2188 4043 2405 4113 quidem
2434 4042 2585 4099 solus
2625 4044 2700 4098 sit
2732 4061 2944 4114 verax,
2970 4058 3171 4110 omni
3221 4076 3463 4120 aurem
3494 4042 3677 4121 hom—0
3702 4071 3771 4122 εει
3797 4082 3894 4119 ,ναις

2190 4132 2293 4187 dax
2327 4148 2342 4185 :
2372 4134 2499 4223 quia
2524 4134 2693 4223 etiam
2722 4133 2773 4189 si
2810 4137 2954 4206 quis
3009 4142 3254 4212 justus
3294 4165 3448 4223 est,
3486 4173 3731 4214 necesse
3768 4167 3894 4212 esu:

2190 4236 2310 4317 men
2337 4231 2394 4275 ut
2424 4222 2477 4276 in
2500 4222 2689 4317 aliquo
2716 4239 2748 4279 a
2780 4228 3060 4287 veritate
3107 4222 3439 4314 decidat,
3466 4266 3655 4317 quam
3697 4253 3749 4304 in
3776 4265 3894 4302 omm-

2190 4309 2290 4413 ξυε
2337 4326 2562 4410 ferum
2596 4314 2865 4413 humana:
2896 4337 3168 4386 natura:
3196 4352 3381 4404 pene
3412 4309 3785 4413 impossibile
3808 4351 3881 4395 est

2190 4398 2448 4502 Draviora
2476 4413 2607 4502 sunt
2634 4406 2808 4502 etiam
2852 4422 2916 4465 et
2955 4425 3179 4490 magis
3196 4398 3555 4498 express;
3593 4450 3719 4502 qua:
3742 4444 3894 4486 exsul:

552 4494 866 4546 xandrinum
895 4493 1142 4594 Stromat.
1167 4493 1259 4593 lib.
1289 4507 1348 4554 tt.
1374 4490 1612 4594 iteratam
1640 4490 1774 4542 hanc
1805 4491 2096 4594 ρωῖιίξιξιιί-
2127 4497 2169 4552 D
2196 4498 2534 4594 trace-xxxv
2568 4494 2627 4546 in
2670 4496 2909 4569 Matth.,
2944 4522 3143 4567 num.
3200 4490 3343 4585 88,-
3365 4538 3520 4594 pag.
3556 4490 3695 4588 960,
3725 4523 3894 4585 90mm

553 4596 671 4635 nem
705 4598 808 4650 qua
857 4592 973 4650 post
998 4584 1393 4638 conversionem
1436 4579 1593 4633 hnttto
1640 4580 1868 4648 peccatis
1887 4582 2092 4636 deditus

556 4674 807 4741 tangitur,
835 4689 953 4729 esse
982 4674 1208 4728 allirmat
1231 4673 1381 4742 quasi
1414 4673 1692 4740 quamdam
1722 4670 1841 4725 novi
1892 4673 2092 4740 peccati

555 4763 976 4826 meditationem;
1018 4764 1232 4817 minime
1276 4776 1400 4815 vero
1440 4762 1514 4814 ita
1544 4762 1760 4823 insanit,
1793 4772 1849 4814 ut
1888 4762 2091 4816 homini

555 4863 672 4923 post
695 4854 836 4906 illaut
864 4854 1225 4918 ptettitcntiam
1261 4853 1498 4922 peccanti
1529 4851 1727 4906 nullum
1754 4852 1820 4906 ad
1844 4852 2090 4907 virtutem

556 4957 858 5013 regressum
892 4949 1074 5009 patere
1109 4951 1277 5008 putet,
1307 4957 1402 4995 nec
1444 4942 1607 4994 ullum
1641 4942 1792 4994 alteri
1829 4942 2092 5009 paeniten-

555 5035 642 5090 tia:
678 5032 847 5084 locum
903 5042 1180 5095 superesse
1226 5030 1371 5082 velit.
1418 5028 1616 5097 Nempe
1662 5045 1727 5084 eo
1772 5028 2094 5098 impulerunt

554 5131 836 5187 utrumque
877 5130 1151 5186 perperam
1196 5128 1409 5186 accepta
1456 5120 1635 5173 istlnec
1672 5133 1737 5171 ex
1764 5116 1991 5185 Epistola
2026 5117 2094 5171 ad

553 5213 806 5269 Hebraeos
828 5222 944 5274 cap.
975 5220 1045 5267 νι,
1080 5219 1220 5259 vers.
1248 5205 1376 5259 4-6:
1406 5223 1423 5256 ι
1455 5207 1779 5275 lmpossibile
1828 5207 1970 5259 enim
2009 5214 2096 5260 est

554 5321 647 5360 eos
667 5300 758 5372 qui
791 5296 950 5353 semel
981 5305 1105 5350 sunt
1125 5295 1422 5356 illuminati,
1447 5305 1792 5364 gustaverunt
1816 5297 1974 5349 etiam
1997 5296 2094 5349 do-

555 5408 679 5446 num
698 5387 938 5449 cteleste,
979 5393 1034 5439 et
1062 5382 1354 5451 participes
1395 5382 1516 5435 facti
1555 5393 1679 5439 sunt
1721 5384 1953 5452 Spiritus
1981 5400 2100 5437 san-

560 5481 655 5537 cti.
682 5479 1038 5534 Gustaverunt
1068 5470 1405 5526 nihilominus
1428 5470 1618 5525 bonum
1638 5473 1732 5528 Dei
1762 5474 1975 5526 verbum
1994 5473 2100 5526 vir-

557 5576 801 5635 tutesque
839 5563 1014 5618 seculi
1064 5558 1289 5624 venturi,
1333 5566 1387 5613 et
1426 5557 1654 5628 prolapsi
1703 5560 1861 5630 suuq,
1886 5575 2094 5616 rursum

628 5738 671 5772 "
700 5736 886 5793 ﬂattb.
907 5731 1145 5802 xxvr,31.

2195 4577 2385 4682 quierit
2412 4590 2600 4638 utrum
2646 4590 2836 4655 posito
2868 4593 3125 4656 Christi
3196 4577 3528 4671 vat'icini'o
3729 4577 3894 4671 and:

2194 4948 2449 5043 era-bore
2474 4951 2779 5043 verissimo
2800 4960 3219 5035 praedicente,
3250 4979 3407 5043 quia
3431 4948 3667 5037 ’σψκλ
3693 4948 3777 5035 ,0,
3799 4997 3894 5032 πω,

2200 5029 2583 5129 dalizabimini
2602 5043 2676 5111 ⁸⁸,
2701 5018 2816 5100 ﬁeri
2837 5052 2995 5115 quod

2356 5138 2410 5229 ξ,
2449 5143 2472 5177 ι
2531 5138 2803 5229 quoniam
2849 5141 2952 5208 Qui
3016 5162 3347 5215 exoratus
3384 5177 3423 5215 a
3467 5112 3894 5229 Ninivitisquni

2206 5307 2371 5416 Ϊῗῖῗῖ,
2392 5302 2812 5416 Νίῗίνῖιθτιιιιιν
2847 5321 2931 5377 δῖα
2985 5333 3301 5394 possibile
3338 5302 3621 5411 ίῖιὲιξτιῖῖ
3665 5302 3894 5416 {eius

2204 5398 2375 5500 ﬁt???
2411 5412 2445 5453 ³
2483 5402 2673 5471 νειτο
3042 5386 3489 5493 «sane?

2206 5489 2805 5593 T-ﬁfifr.res[30ﬂ5i0,
2835 5504 2989 5574 prior
3033 5489 3187 5566 falsa
3232 5534 3249 5570 :
3289 5525 3503 5588 posito
3556 5489 3713 5577 εηξῶ
3742 5489 3894 5577 Chr'ig

2212 5585 2527 5659 vaneiuio,
2572 5613 2743 5659 certo
2772 5597 2993 5658 cli'cctus
3037 5585 3419 5670 consecutus
3453 5627 3576 5681 est,
3604 5630 3719 5670 non
3750 5622 3894 5666 ηοοεδ
