3894 6420
104 390 192 445 ⁸361
902 391 1456 450 ORIGENIANORUM
1492 393 1619 448 LIB.
1660 391 1722 459 ll,
1757 391 1906 447 CAP.
1949 391 2010 460 ll,
2048 392 2325 462 QUAEST.
2366 397 2474 455 VII.
3218 402 3324 459 962

128 511 278 564 sario.
313 504 570 578 Disputat
601 524 820 578 postea,
851 531 916 568 an
943 527 1218 585 postquam
1255 516 1494 585 pradixit
1520 516 1674 570 Chri-
1703 519 1749 574 Α
1777 523 1900 568 test.
1925 513 1998 567 Ex
2028 530 2093 568 eo
2128 526 2301 569 autem
2332 518 2469 585 quod
2490 517 2722 571 nondum
2750 516 2905 572 datus
2929 525 3046 572 erat
3067 515 3320 586 Spiritus,

127 610 236 655 stus
265 598 506 652 futurum
546 612 607 655 ut
637 615 767 658 ante
795 605 1114 672 gallicinium
1160 617 1240 662 ter
1277 625 1305 662 a
1338 608 1491 662 Petro
1514 622 1675 677 nege-
1776 605 1908 658 falso
1949 604 2214 657 concludit
2257 621 2522 660 neunnem
2565 609 2799 676 potuisse
2837 609 3015 663 dicere
3043 608 3319 663 Dominum

127 700 227 750 tur,
281 688 541 756 precibus
572 690 864 760 impetrare
892 695 1119 762 poluerit
1155 695 1364 756 Petrus.
1393 696 1675 765 Quominus
1772 693 1951 747 Jesum
1984 693 2035 746 in
2063 692 2261 761 Spiritu
2292 704 2472 748 sancto
2498 698 2774 765 ;quamvis
2793 699 2933 762 enim
2962 697 3194 752 nondum
3223 698 3321 751 da-

118 778 434 834 vaticinium
459 778 592 832 illud
631 782 976 860 impleretur;
1012 785 1398 854 respondetque
1432 787 1674 858 precibus
1777 791 1860 837 tus
1889 782 2069 836 fuisset
2119 783 2353 852 Spiritus
2399 794 2614 838 sanctus
2643 784 2786 856 larga
2841 788 2929 840 illa
2979 795 3032 841 et
3085 787 3318 844 mirabili

117 867 396 938 prohiberi
428 869 674 936 potuisse
700 873 928 928 vaticinii
974 874 1130 943 hujus
1173 873 1438 938 eﬂectum.
1463 876 1506 930 si
1546 875 1672 930 illud
1776 873 2047 938 missione,
2083 888 2184 941 qua
2221 871 2474 941 apostolis
2512 873 2718 929 infusus
2757 885 2840 929 est
2893 877 2944 929 iu
2981 875 3318 936 Pentecoste.

109 961 366 1022 Christus
415 962 730 1030 iuramento
780 981 880 1018 non
922 967 1226 1032 ﬁrmasset;
1255 969 1346 1022 sed
1381 969 1500 1037 quia
1530 967 1676 1035 jure-
1773 962 1928 1015 datus
1957 974 2127 1026 tamen
2157 962 2330 1014 fuerat
2357 962 2462 1014 alio
2496 963 2653 1017 modo
2677 963 2807 1032 viris
2825 962 2982 1038 jnstis
3005 975 3127 1018 ante
3165 953 3334 1019 Chrii

105 1054 345 1124 iurando
414 1057 692 1108 firmatum
750 1055 922 1111 fuerat
962 1072 991 1110 a
1046 1058 1288 1122 Christo,
1327 1075 1446 1114 cum
1494 1061 1626 1114 dixit

1780 1051 1840 1106 sti
1867 1061 2063 1118 ortum,
2099 1061 2153 1104 et
2205 1052 2328 1105 dum
2364 1051 2506 1106 inter
2554 1053 2796 1108 homines
2842 1064 3056 1124 ageret,
3087 1067 3141 1109 et
3173 1065 3318 1124 post-

111 1143 326 1196 iAmen
351 1143 482 1196 dico
508 1143 600 1198 tibi
619 1145 690 1209 ”,
722 1163 740 1196 ι
774 1145 886 1200 fieri
910 1161 1010 1200 non
1041 1148 1270 1214 potuisse
1290 1157 1348 1201 ut
1377 1164 1476 1202 ηοη
1507 1149 1672 1204 deae-
1771 1156 1927 1210 quam
1955 1143 2006 1207 in
2051 1143 2243 1197 cmlunt
2279 1157 2338 1196 sc
2380 1143 2598 1212 recepit.
2643 1142 2902 1207 Praeclara
2930 1155 3012 1199 est
3036 1145 3316 1218 Augustini

105 1242 278 1303 garet.
305 1232 541 1288 Falsum
583 1234 634 1290 id
667 1250 897 1305 quoque,
924 1251 1044 1290 nam
1085 1237 1291 1291 etiamsi
1335 1250 1480 1304 certo
1513 1255 1672 1308 nega-
1773 1231 1840 1284 de
1865 1245 1926 1284 ea
1981 1247 2040 1286 re
2083 1231 2388 1306 dissertatio
2445 1219 2658 1284 tractat.
2727 1248 2872 1296 XXXII
2917 1234 2970 1285 ἱη
3019 1232 3201 1305 Ιοαηο,
3229 1234 3315 1300 ubi

105 1333 258 1380 turus
293 1324 493 1387 fuerit,
525 1326 694 1393 potuit
733 1337 904 1380 tamen
941 1342 1043 1380 ηοη
1093 1339 1303 1393 negare,
1335 1327 1528 1380 [bidem
1562 1327 1663 1381 pe-
1771 1318 2000 1372 ostendit
2019 1318 2143 1386 quid
2187 1329 2510 1387 postremam
2548 1319 2686 1380 hanc,
2727 1318 2866 1376 inter
2893 1317 3122 1388 Spiritus
3147 1320 3317 1374 sancti

101 1425 244 1472 trum
306 1431 330 1464 α
373 1415 695 1468 derelictum
735 1435 754 1466 ι
804 1415 965 1470 fuisse
1007 1407 1204 1471 sciscit,
1254 1436 1270 1468 ι
1302 1417 1365 1471 Et
1401 1417 1672 1488 quoniam,
1775 1406 2082 1460 missionem
2133 1407 2370 1475 aliasque
2390 1409 2726 1475 superiorum
2765 1419 3059 1481 temporum
3085 1408 3314 1462 intersit.

98 1501 302 1570 inquit,
374 1518 488 1556 non
527 1503 697 1556 solum
733 1504 1149 1566 inconsiderate,
1206 1505 1296 1559 sed
1340 1519 1472 1574 pene
1510 1492 1668 1560 etiam
1771 1494 1936 1563 Igitur
1979 1511 2097 1550 cum
2128 1497 2398 1551 Christum
2449 1497 2663 1564 negavit
2706 1497 2915 1558 Petrus,
2953 1497 3052 1551 etsi
3087 1499 3319 1550 nondum

99 1591 262 1658 impie
296 1591 483 1645 dixit:
511 1591 624 1644 Etsi
647 1609 820 1646 omnes
849 1593 1393 1658 scandalizatt'fucrim
1413 1597 1464 1647 in
1488 1605 1555 1660 ιε,
1575 1611 1665 1663 ego
1769 1587 1927 1640 datus
1957 1586 2140 1642 fuisset
2181 1587 2420 1657 Spiritus
2445 1600 2661 1643 sanctus
2695 1589 2917 1644 solemni
2959 1590 3046 1643 illa
3078 1600 3131 1643 et
3162 1605 3317 1657 aspe-

97 1701 198 1736 ιιοπ
217 1683 728 1750 scandalizabor",
749 1698 845 1738 nec
871 1683 1112 1752 cogitans
1133 1684 1391 1740 lubricam
1426 1694 1666 1739 naturam
1771 1676 1947 1728 ctabili
1978 1677 2228 1731 missione
2258 1693 2374 1746 quae
2398 1678 2448 1730 in
2480 1677 2794 1731 Pentecoste
2813 1679 3055 1747 contigit,
3069 1687 3316 1746 suppete-

98 1773 432 1844 humanam,
469 1786 723 1840 magnum
772 1771 989 1840 protulit
1025 1773 1241 1826 verbum
1274 1789 1288 1826 :
1328 1773 1444 1825 ideo
1476 1787 1575 1826 nec
1606 1772 1669 1826 ad
1771 1763 1861 1818 bat
1884 1765 1981 1833 ipsi
2011 1774 2186 1820 tamen
2217 1768 2387 1835 gratia
2425 1768 2624 1830 divina,
2654 1783 2749 1837 per
2789 1769 3045 1836 Spiritum
3071 1780 3315 1822 sanctum

95 1861 387 1914 modicum
438 1869 526 1913 est
555 1860 862 1923 derelictus,
909 1870 966 1914 ut
999 1861 1199 1916 scilicet
1242 1861 1549 1932 denegaret,
1583 1862 1664 1916 vel
1701 1869 1741 1923 Β
1767 1864 2001 1924 erogata,
2033 1872 2135 1925 qua
2165 1855 2435 1911 Christum
2459 1859 2698 1928 neglecto
2739 1861 2924 1913 mortis
2955 1861 3190 1927 periculo
3221 1875 3316 1925 po-

93 1949 265 2004 semel
293 1949 610 2018 denegaret
637 1964 652 2011 ;
677 1950 768 2003 sed
793 1949 1139 2004 abundantius
1170 1951 1573 2019 derelinquitur,
1608 1960 1663 2002 ut
1771 1953 1904 1998 terat
1937 1944 2191 2013 profiteri.
2219 1945 2370 2000 Ferri
2395 1962 2522 2017 ergo
2557 1963 2661 2014 non
2714 1959 2886 2016 pOtt‘st
2914 1950 3056 2018 quod
3092 1950 3315 2019 subiicit

94 2052 178 2094 ter
220 2041 562 2113 denegaret.
607 2060 628 2092 ι
672 2040 1304 2111 Subjungitpostmodum
1349 2043 1540 2096 melius
1561 2041 1661 2095 sibi
1766 2035 2021 2108 Origenes
2062 2058 2074 2093 :
2115 2059 2132 2103 ς
2171 2040 2458 2110 PrOpterea
2517 2058 2620 2095 non
2665 2052 2782 2096 erat
2833 2044 3114 2112 possibile,
3144 2060 3330 2114 neque

89 2133 492 2188 consulturum
556 2131 719 2186 fuisse
768 2131 1016 2193 Petrum,
1061 2132 1102 2185 si
1149 2142 1424 2202 perspecta
1467 2141 1667 2186 naturae
1767 2129 1913 2181 illum
1937 2131 2092 2183 talem
2118 2129 2328 2194 Petrum
2354 2141 2479 2186 tunc
2504 2130 2686 2196 Jesuni
2718 2133 2986 2198 confiteri,
3015 2149 3112 2188 nec
3133 2143 3308 2189 tamen

93 2225 360 2279 humanas,
390 2223 800 2290 imbecillitate,
829 2237 944 2291 qua:
992 2232 1178 2291 suapte
1221 2223 1267 2275 vi
1308 2233 1360 2276 et
1408 2223 1665 2278 industria
1766 2219 2234 2286 reprehendendus
2257 2230 2372 2274 erat
2407 2236 2510 2273 non
2558 2223 2818 2277 contiteus
2842 2222 3038 2292 Jcsum.
3079 2241 3098 2275 ι
3143 2222 3253 2278 Nec
3281 2241 3312 2280 ει

89 2313 300 2368 Christi
361 2328 566 2366 nomen
618 2312 854 2383 profiteri
913 2327 1244 2384 nequaquam
1297 2323 1490 2381 potest,
1545 2328 1663 2368 eum
1763 2307 1920 2363 Petro
1949 2310 2116 2368 solum
2148 2319 2270 2362 tunc
2303 2311 2533 2366 abfuisse
2565 2321 2714 2381 putat
2742 2312 2997 2382 Spiritum
3031 2324 3312 2390 sanctum,

89 2412 336 2469 orasset,
374 2413 437 2456 ut
466 2403 828 2456 necessariam
860 2403 926 2464 ad
963 2405 1012 2455 id
1055 2404 1279 2472 gratiam
1324 2404 1423 2456 sibi
1454 2403 1664 2458 coufcr-
1764 2399 1857 2460 8¢d
1875 2398 2107 2464 adfuisse
2127 2400 2289 2452 etiam
2317 2401 2564 2468 spiritum
2588 2399 2818 2470 Spiritus
2843 2401 3311 2473 hujusiuitnicum,

93 2504 193 2547 ret.
219 2492 458 2562 Optime
489 2493 542 2546 id
561 2492 902 2560 quidem,sed
926 2494 1110 2545 vitiosa
1127 2503 1249 2546 sunt
1279 2507 1395 2560 quae
1434 2508 1665 2561 seqttun-
1762 2499 1918 2552 quem
1949 2485 2016 2538 iis
2045 2485 2347 2554 impertitur
2380 2487 2536 2551 Deus,
2572 2503 2710 2556 quos
2749 2505 2851 2558 oue
2894 2506 2987 2545 sua
3035 2491 3314 2554 sublevare

93 2594 231 2638 tur:
269 2602 290 2635 ι
335 2583 456 2637 Nec
525 2582 692 2644 enim,
739 2583 927 2650 inquit,
994 2591 1199 2650 poterat
1257 2581 1370 2636 fieri
1433 2595 1487 2635 ut
1528 2583 1664 2638 facta
1763 2573 1892 2638 νυιιν
1930 2573 2083 2627 docet
2140 2574 2278 2642 ῖάειιι
2337 2585 2463 2640 lout.
2519 2593 2590 2636 xu
2652 2577 2706 2630 in
2761 2579 2975 2644 Mattio,
3025 2597 3170 2646 uttm-
3217 2581 3311 2647 4ον

93 2673 542 2740 interrogatione
567 2671 828 2741 potuisset
859 2670 1034 2724 dicere
1078 2670 1350 2726 Dominum
1392 2670 1574 2724 Jesum
1607 2673 1660 2725 in
1763 2677 1881 2732 Pag-
1915 2664 2040 2723 5ίῖοτ
2071 2664 2198 2718 561.
3325 2725 3330 2734 ,

91 2763 301 2830 Spiritu
335 2759 976 2824 sancto,autconfessus
1023 2760 1234 2824 fuisset,
1276 2776 1394 2814 ctnu
1438 2761 1663 2832 Spiritus
1831 2751 1989 2818 XX“.
2019 2751 2391 2808 Verumtamen
2447 2753 2570 2808 licet
2617 2755 2906 2834 aliquando
2957 2758 3149 2813 divinis
3206 2775 3310 2816 non

87 2863 317 2905 sanctus
349 2852 596 2905 nondum
630 2849 819 2904 fuisset
872 2851 1044 2903 datus.
1081 2869 1100 2900 ι
1131 2851 1306 2919 Atque
1356 2854 1464 2905 hanc
1503 2852 1664 2904 αὑτο-
1763 2856 1917 2908 P0356
1949 2843 2209 2898 Ιιιεδιιάειιῖε
2243 2842 2598 2912 obtemperari
2645 2846 2865 2900 deﬁnire
2895 2848 3039 2906 Visus
3068 2849 3158 2914 sit,
3178 2863 3312 2904 000-.

87 2939 233 3004 λεξεὶ
260 2939 474 3008 repetit
505 2937 730 2992 inferius
762 2953 908 3004 num.
933 2937 1049 3000 1M,
1085 2955 1203 3007 pag.
1239 2939 1361 3003 9l2,
1389 2949 1441 2992 et
1473 2955 1625 2992 novut

1765 2923 1987 2986 trarium
2033 2941 2207 2986 tamen
2262 2935 2456 2987 oceinit
2489 2937 2630 3000 hom.
2655 2936 2688 2990 9
2729 2937 2781 2989 in
2818 2934 3002 3000 Iosue.
3046 2953 3195 2998 num.
3219 2930 3257 2992 9
3287 2956 3303 2995 :

90 3035 320 3097 insuper
357 3029 560 3096 dogma
603 3026 882 3095 congerit:
927 3045 945 3079 ς
998 3028 1362 3082 Abundantius
1417 3029 1663 3084 conside-
1768 3039 1787 3071 ι
1819 3021 2028 3086 Annon,
2075 3022 2259 3100 inquit,
2297 3024 2390 3082 tibi
2433 3025 2641 3078 videtur
2668 3026 2804 3079 inter
2838 3027 3083 3084 mulieres
3127 3028 3312 3082 existi-

88 3132 281 3188 rantes
334 3119 491 3190 Petri
543 3119 912 3187 negationem,
952 3117 1175 3172 dicimus
1225 3121 1471 3186 quoniam
1511 3136 1658 3187 nemo
1691 3174 1733 3190 Α
1763 3113 1988 3174 ntandus
2019 3111 2106 3166 ille
2135 3113 2237 3176 vir,
2266 3115 2353 3181 qui
2390 3113 2522 3172 dicit
2559 3112 2716 3168 :Non
2763 3130 2976 3182 possunt
3019 3117 3328 3173 observare.

82 3183 256 3278 potest
281 3187 475 3272 dicere
508 3205 786 3258 Dominum
809 3204 1118 3267 Jesum,nisi
1156 3207 1208 3259 in
1234 3206 1428 3272 Spiritu
1458 3183 1655 3272 sancto,
1687 3174 1734 3234 Ο
1762 3219 1880 3270 quae
1908 3204 2108 3272 scripta
2140 3213 2284 3267 sunt,
2316 3207 2542 3258 vendere
2568 3219 2688 3273 quae
2715 3207 2906 3272 habeo,
2937 3218 2991 3274 et
3014 3210 3146 3262 dare
3176 3223 3309 3276 pau-

81 3303 227 3354 sicut
251 3297 462 3354 Paulus
490 3311 588 3350 nos
620 3295 867 3350 docet”:
895 3306 940 3349 et
965 3297 1189 3350 nondum
1217 3307 1325 3349 erat
1350 3309 1472 3350 tunc
1493 3298 1542 3350 iu
1568 3298 1663 3364 ho-
1759 3294 1971 3361 peribus
1998 3309 2098 3349 non
2129 3309 2431 3362 possmn....
2456 3307 2647 3349 etctera
2683 3297 2877 3352 similia
2906 3314 3024 3367 qua:
3051 3297 3310 3362 mandan-

84 3391 335 3444 miuibus
356 3389 595 3456 Spiritus
613 3387 1098 3455 sanctus,quoniam
1125 3385 1276 3440 Iesus
1297 3388 1518 3448 nomium
1550 3388 1663 3455 fue-
1762 3390 1866 3448 lur,
1893 3384 1980 3450 qui
2012 3383 2140 3442 diCit
2169 3384 2387 3452 implere
2410 3399 2512 3437 non
2551 3399 2783 3452 possunt.
2814 3387 2939 3454 quid
2972 3387 3066 3440 tibi
3097 3387 3310 3442 videtur

80 3490 166 3533 rat
218 3477 641 3545 honoriﬁcalm,
681 3479 818 3529 sicut
861 3475 988 3528 dicit
1028 3475 1258 3529 Joannes
1282 3477 1346 3530 ”.
1377 3477 1659 3545 Propterea
1759 3469 1924 3534 aliud,
1953 3487 2110 3538 quam
2140 3473 2277 3527 inter
2301 3474 2568 3538 mulieres,
2587 3489 2704 3542 quae
2731 3475 2858 3528 nihil
2887 3476 3038 3531 virile
3065 3483 3310 3544 possunt,

80 3586 195 3624 non
238 3581 371 3624 erat
405 3565 682 3636 possibile,
715 3579 883 3633 neque
915 3565 1060 3618 illum
1091 3565 1244 3619 talem
1281 3565 1490 3620 Petrum
1534 3578 1661 3624 tunc
1758 3575 1878 3614 esse
1925 3563 2282 3616 numerandus
2322 3562 2345 3614 7
2377 3581 2395 3614 ι
2455 3572 2508 3616 et
2539 3573 2667 3617 Iom-
2699 3580 2786 3617 xw
2823 3566 2880 3617 in
2914 3564 3130 3630 Μαιιιιο.
3159 3581 3309 3620 num-

71 3657 276 3711 .lesum
311 3653 712 3718 cu_ttfitcri,nec
732 3643 905 3705 tamen
928 3654 1386 3720 reprehendendus
1412 3671 1514 3709 non
1534 3671 1663 3711 cou-
1757 3646 1848 3711 25.
1879 3660 1933 3703 ει
1967 3660 2097 3703 tum.
2141 3665 2228 3712 ιν.
2273 3666 2418 3706 num-
2459 3651 2514 3716 5.
2549 3667 2978 3722 unumquemque
3025 3654 3155 3716 diCil
3205 3658 3310 3710 lm-

79 3750 250 3801 litetts
283 3746 505 3805 Jesutn.
539 3744 798 3808 Quoniam
828 3743 894 3797 ad
926 3743 1236 3798 confitentes
1279 3746 1469 3798 dicitur
1499 3765 1512 3799 :
1541 3744 1661 3799 Non
1759 3749 1971 3805 ιιθιτειτθ
1998 3751 2155 3805 ["353e
2182 3753 2210 3802 8.
2234 3739 2340 3792 υθο
2369 3742 2562 3794 donum
2595 3743 2876 3808 CﬁSlilaliS.
2918 3744 3165 3811 quamvis
3192 3743 3310 3798 unit-

68 3843 211 3893 estis
237 3855 330 3892 vos
356 3838 453 3907 qui
479 3836 775 3902 loquimini,
811 3834 900 3894 sed
935 3833 1158 3910 Spiritus
1183 3832 1360 3887 Patris
1391 3838 1540 3888 vestri
1573 3837 1687 3906 qui,
1759 3829 1950 3898 cuique
1977 3845 2288 3890 concessum
2321 3848 2423 3886 non
2475 3835 2566 3886 sit.
2615 3833 2890 3904 Repuguat
2929 3845 3184 3913 praterea
3223 3852 3309 3904 stt-

68 3931 331 4000 ιαμιίιω·
372 3930 431 3986 in
460 3927 603 3982 vobis
622 3926 686 3977 ’³.
707 3924 814 3976 Non
853 3932 1053 3986 autem,
1076 3936 1193 3976 cum
1223 3925 1291 3976 sit
1315 3934 1502 3991 potens
1537 3922 1662 3992 Spi-
1759 3934 1854 3987 pra
1884 3935 1915 3972 a
1957 3919 2106 3973 nobis
2135 3935 2422 3988 expensum
2473 3924 2686 3990 dogma,
2725 3939 2832 3990 quo
2866 3924 3042 3989 justos
3079 3923 3307 3991 ἀπαθεῖς

67 4024 226 4075 ritus
280 4020 376 4073 ille
430 4017 610 4072 Pan-is
663 4015 829 4082 nostri
864 4014 1004 4083 loqui
1051 4014 1104 4068 in
1139 4017 1318 4080 nobis,
1367 4027 1420 4070 et
1459 4032 1576 4069 cum
1608 4017 1660 4070 in
1759 4023 1878 4066 esse
1916 4009 2116 4072 tradit;
2148 4023 2268 4062 nam
2303 4024 2422 4062 cum
2464 4025 2528 4062 ex
2569 4012 2731 4064 variis
2761 4013 3098 4076 testimoniis.
3123 4014 3312 4082 ipsius:

64 4121 276 4166 nostra
345 4111 424 4162 sit
473 4115 741 4176 potestate
788 4105 973 4159 locum.
1006 4104 1134 4158 dare
1165 4106 1214 4173 in
1257 4106 1411 4160 nobis
1437 4106 1659 4175 Spiritui
1759 4112 1862 4164 que
1903 4097 2060 4149 θῑίεπυ
2109 4095 2412 4172 Πίθτουῖιιιί
2446 4101 2769 4166 auctoritate
2819 4102 3302 4170 PWhaVefillluSi."

57 4211 307 4261 sancto,
347 4210 405 4252 et
431 4213 538 4250 non
584 4194 821 4257 diabolo,
854 4193 898 4248 si
939 4192 1397 4261 denegaverimus,
1435 4209 1658 4248 excusa-
1769 4187 1871 4254 hoc
1927 4189 2141 4252 errore}
2163 4197 2427 4241 versatum
2479 4187 2761 4257 Origenrm
2787 4228 2806 4256 ι
2832 4191 3094 4258 quomodo
3151 4191 3304 4254 alteri

60 4295 296 4346 tionem
365 4289 535 4341 ullam
574 4283 906 4338 habebimus.
953 4301 971 4333 ι
1006 4283 1083 4336 Ac
1133 4283 1377 4350 primum,
1409 4281 1545 4351 quod
1588 4283 1662 4336 ait
1761 4276 1903 4341 huic,
1935 4292 2091 4344 quem
2119 4277 2517 4352 investigatuus,
2541 4278 2815 4336 adhaerere
2842 4281 3030 4348 potuit,
3052 4280 3302 4346 mandata

52 4355 424 4433 derelictum
482 4372 648 4427 fuisse
691 4370 924 4429 Petrum.
957 4385 1063 4423 non
1110 4384 1215 4423 uno
1252 4369 1405 4424 modo
1439 4370 1657 4439 intelligi
1761 4365 1852 4419 Dei
1902 4367 2080 4421 omnia
2125 4383 2192 4421 ne
2242 4369 2327 4420 vix
2367 4367 2580 4436 quidem
2619 4371 2822 4426 servari
2870 4373 3071 4440 posse?
3103 4387 3223 4426 nam
3255 4374 3302 4426 si

50 4477 307 4537 potest;
337 4479 468 4519 nam
501 4463 581 4516 vel
609 4460 752 4515 omni
783 4460 968 4529 gratia:
1017 4459 1300 4526 cujuslibet
1332 4460 1528 4513 auxilio
1565 4464 1654 4513 de-
1691 4484 1736 4537 Β
1759 4458 1960 4510 servari
1993 4457 2242 4524 mandata
2273 4473 2375 4513 non
2408 4469 2822 4526 possunt,uemo.
2843 4470 3015 4528 potest
3037 4461 3320 4523 mandatis:

39 4560 344 4630 ptitutum
375 4554 549 4609 fuisse
573 4551 707 4611 vult,
733 4549 886 4618 cujus
904 4548 1085 4618 gratia:
1113 4563 1230 4616 ope,
1257 4559 1434 4616 spreto
1467 4549 1654 4604 mortis
1763 4560 1865 4598 non
1891 4545 2172 4616 refragari,
2207 4562 2266 4612 ac
2292 4562 2446 4604 nemo
2470 4549 2688 4616 proinde
2713 4558 2882 4616 potest
2913 4565 3015 4610 non
3053 4566 3298 4619 peccare.

48 4660 305 4703 terrore
333 4643 615 4706 Christum
659 4649 842 4709 aperte
887 4639 1120 4691 confiteri
1168 4638 1465 4704 potuisset:
1495 4647 1654 4706 atque
1759 4635 1887 4701 Qum
1922 4651 2040 4689 cum
2067 4651 2132 4689 ex
2183 4639 2405 4690 adverso
2445 4640 2680 4706 opposita
2731 4654 2850 4694 esse
2883 4641 3186 4705 videantur,
3221 4643 3318 4704 sic.

48 4739 211 4793 huic
231 4734 532 4796 sententia:
558 4745 679 4785 cum
710 4727 932 4782 solemni
960 4742 1127 4781 sacra:
1155 4725 1420 4792 facultatis
1457 4725 1654 4780 lheolo-
1760 4726 2041 4786 conciliata
2077 4727 2144 4784 ab
2184 4727 2275 4779 illo
2313 4726 2474 4780 fuisse
2521 4730 2791 4796 suspicor,
2834 4731 3060 4795 ἀπαθεῖς
3087 4734 3299 4802 quid,"

45 4831 218 4898 gicm
258 4821 599 4881 Parisiensis
649 4819 863 4873 decreto
908 4817 1252 4879 temeritatis,
1283 4815 1571 4882 impietatis
1604 4824 1658 4870 et
1760 4826 1876 4866 esse
1921 4815 2092 4880 iustos
2141 4815 2382 4868 homines
2422 4832 2483 4869 ac
2526 4818 2830 4886 perfectos,
2871 4835 3024 4888 posse
3067 4836 3164 4876 eos
3195 4839 3302 4876 ηοιι

46 4920 367 4982 haereseos
419 4919 544 4964 uota
580 4909 754 4961 inusta
795 4908 884 4972 sit,
941 4921 1079 4960 anno
1111 4905 1271 4967 1656,
1313 4903 1656 4958 temerarium
1763 4918 2006 4970 peccare,
2041 4905 2234 4957 divinis
2265 4905 2464 4974 legibus
2498 4921 2684 4976 parere
2714 4925 2868 4978 posse
2897 4928 2912 4977 ;
2945 4911 3183 4980 reliquos
3209 4927 3304 4966 vc—

45 5021 310 5075 quoque
335 5010 488 5055 esset
514 5009 568 5052 et
598 4997 814 5066 impium
837 4995 940 5049 ulla
969 5009 1083 5049 eam
1113 4993 1448 5048 cavillatione
1477 5000 1530 5046 et
1565 5009 1654 5046 ar-
1765 5008 1825 5046 ro
1848 4993 2086 5046 homines
2115 5004 2376 5060 prmcepta
2408 4997 2585 5048 omnia
2607 5012 2822 5052 servare
2847 5015 2949 5060 non
2981 5015 3302 5069 posseznaut

45 5101 352 5162 gumento
381 5087 527 5140 tueri
559 5103 574 5137 :
603 5085 681 5137 vel
706 5085 755 5138 ei
779 5083 1007 5137 defuisse
1035 5090 1215 5136 censet
1239 5096 1340 5133 non
1370 5080 1655 5132 vehemeu-
1766 5101 1783 5133 ι
1812 5082 2199 5150 illudOrigenis
2221 5085 2488 5152 proprium
2512 5104 2530 5136 ο
2552 5086 2939 5144 fuissetradidit
2956 5089 3301 5160 Hieronymus

45 5196 182 5236 tem
226 5179 419 5232 solum
446 5174 590 5226 illam
622 5173 711 5226 Dei
759 5172 1156 5242 aspirationem,
1190 5180 1242 5223 et
1265 5168 1494 5221 divinam
1523 5167 1649 5237 029-
1760 5185 1982 5239 procem.
2009 5170 2213 5242 Dialog.
2233 5174 2432 5227 advers.
2468 5173 2706 5252 Pelag.,t
2743 5178 3067 5249 impossibile
3101 5187 3182 5231 est
3201 5179 3298 5230 btt-

45 5273 323 5340 μότητα,
353 5281 468 5334 qua
507 5262 757 5330 impulsus
779 5263 830 5328 in
866 5261 1066 5314 medios
1096 5275 1210 5312 sese
1251 5259 1438 5318 [luctus
1467 5260 1654 5325 pracci-
1761 5276 1970 5314 manum
2004 5278 2031 5312 a
2067 5263 2329 5332 principio
2361 5280 2527 5334 usque
2559 5267 2625 5330 ad
2675 5277 2900 5333 mortem
2926 5281 3030 5322 non
3077 5277 3302 5331 peccare

52 5343 398 5416 aitaverat.
425 5363 482 5406 et
525 5351 802 5404 satellitum
856 5360 1080 5402 turmam
1132 5350 1321 5400 stricto
1342 5347 1517 5412 gladio
1559 5363 1654 5414 pro
1689 5341 1692 5344 ’
1759 5359 2003 5422 naturam
2037 5368 2051 5404 :
2080 5361 2134 5406 et
2165 5368 2378 5413 rursum
2415 5369 2535 5413 esse
2567 5358 2838 5424 possibile,
2867 5370 2984 5410 cum
3014 5367 3072 5413 sc
3106 5351 3302 5416 aliquis

51 5449 309 5504 Zhristo
338 5448 652 5496 certaturus
681 5440 974 5502 invaserat,
1010 5438 1099 5490 sed
1139 5437 1320 5505 gratiae
1353 5437 1515 5488 etiam
1543 5438 1655 5499 elii-
1759 5445 1824 5494 ad
1862 5440 2078 5506 meliora
2102 5444 2450 5507 converterit,
2471 5446 2535 5498 ad
2559 5455 2759 5498 tantum
2788 5438 3150 5502 fortitudinem
3179 5451 3300 5502 per-

51 5539 222 5594 :acis
255 5530 580 5588 auxilium;
614 5537 766 5594 atque
791 5527 837 5578 id
863 5536 1008 5578 recte
1041 5535 1093 5579 et
1118 5523 1377 5578 catliolice
1408 5523 1515 5576 dici
1557 5540 1654 5592 po-
1757 5529 1961 5594 venire,
1985 5541 2041 5584 ut
2070 5531 2204 5584 ultra
2241 5547 2462 5600 peccare
2492 5548 2594 5587 non
2623 5535 2808 5603 possit.
2835 5548 2854 5580 ι
2877 5531 3088 5582 Petrum
3112 5532 3301 5577 autem

116 5717 180 5749 ’°
218 5706 441 5765 Matth.
479 5701 703 5764 sum,“
769 5703 807 5733 ”
839 5705 984 5766 ibid.,
1009 5704 1093 5758 55.
1171 5708 1211 5737 θ’
1257 5702 1275 5755 Ι
1307 5703 1420 5757 Cor.
1459 5721 1544 5759 xu
1569 5744 1583 5771 ,
1621 5709 1654 5764 '3

1257 5702 1275 5755 l
1307 5703 1420 5757 Cor.
1459 5721 1544 5759 xu
1569 5744 1583 5771 ,
1621 5709 1673 5764 '5.
1750 5708 1970 5780 "Joan.
2004 5725 2111 5778 Vit,
2155 5711 2239 5765 59.
2314 5714 2360 5744 "
2397 5712 2580 5766 Matth.
2608 5727 2662 5775 ι,
2693 5710 2776 5763 ‘20.
