3894 6450
60 518 124 568 Vis

1024 458 1573 521 ORIGENIANORUM
1616 460 1748 517 LlB.
1787 464 1847 530 II,
1889 467 2038 520 CAP.
2080 463 2142 528 ll,
2183 465 2452 530 QUAEST.
2501 466 2606 522 VII.

213 515 655 660 ζῃὶῗίῖῗθιυδ
695 579 822 634 De?
850 591 1133 644 peccatum
1167 581 1377 642 Adami,
1398 588 1636 632 terrenos
1658 592 1776 631 esse
1806 590 1848 642 Α
1879 581 2006 631 tioni
2040 585 2230 646 quarta
2252 594 2489 633 connexa
2519 588 2634 642 est,
2669 581 2842 634 visum
2879 579 3048 633 fuisse
3100 575 3222 647 ipsi,
3265 593 3408 632 mor-

99 630 180 665 ιω,
192 643 255 702 /

107 641 284 734 \\h\\\’

107 699 200 743 Χιωιὲ

293 626 539 738 3:331
575 659 858 718 “‘“I‘Iem
917 685 1036 738 qua:
1083 671 1135 722 in
1195 685 1379 725 omnes
1426 669 1771 737 pertransiit,

156 723 837 826 ggottnesse-auimte,
869 770 974 809 non
999 760 1266 826 corporis;
1297 761 1351 813 3.
1379 767 1600 811 mortem
1632 758 1774 811 illam

145 786 274 821 νων
325 823 446 835 Λ-ι-
563 823 576 835 .
626 786 837 814 “"uw,
869 786 974 809 IIUII
999 786 1266 826 υυιμυῐιθ,

159 823 688 914 ΧΧωςγίὶιίνπιηιεὶδιεδ
721 836 783 892 in
817 859 1030 912 omnes,
1054 850 1144 902 sed
1165 851 1214 902 in
1243 849 1455 913 multos,
1472 850 1560 918 qui
1587 867 1775 921 nempe

197 945 302 983 acut
346 923 777 1009 Ὼεςεξὶνεῐιιιιη
823 934 884 987 4.
917 953 1016 990 nou
1047 938 1096 990 in
1143 953 1326 992 omnes
1357 955 1608 1009 regnasse
1640 957 1774 994 mor-

215 1019 339 1081 tem,
365 1005 460 1062 sed
488 1005 544 1061 in
577 1026 674 1068 eos
699 1017 1068 1092 duntaxatqui
1091 1005 1774 1092 peccaveruntinsimilitu-

211 1101 380 1155 dinem
416 1105 898 1168 prmvaricationis
930 1115 1090 1181 Adae;
1133 1115 1185 1168 5.
1237 1132 1340 1170 non
1372 1133 1556 1170 onmes
1587 1118 1760 1173 homi-

199 1207 320 1257 nes,
349 1194 452 1246 sed
497 1195 701 1250 multos
732 1201 894 1256 unius
920 1202 1115 1258 delicto
1146 1216 1456 1275 peccatores
1505 1208 1667 1261 fuisse
1693 1209 1773 1262 ei-

198 1280 415 1342 l’ectos;
483 1282 539 1337 6.
573 1283 856 1343 Christum
923 1291 1100 1360 plures
1149 1295 1212 1347 ad
1262 1296 1422 1349 vitam
1458 1297 1768 1360 reduxisse.

192 1387 354 1439 quam
380 1373 672 1429 Adatnutn
709 1380 778 1431 ad
810 1392 1072 1449 mortem;
1117 1384 1170 1437 7.
1203 1386 1461 1438 Adamutn
1499 1402 1616 1440 esse
1663 1390 1771 1441 for-

181 1474 334 1512 tnatn
358 1460 582 1527 futuri,
607 1469 732 1534 quia
753 1471 954 1535 peccati
987 1472 1150 1538 ipsius
1165 1475 1443 1542 exentplar
1473 1476 1768 1540 imitantes.

175 1562 534 1620 peccatores
561 1555 740 1610 edocti
795 1571 939 1614 sttnt.
995 1560 1344 1616 Observatum
1383 1577 1559 1618 autem
1609 1567 1768 1620 velim

163 1651 310 1694 ante
335 1644 573 1707 omnia,
609 1648 677 1698 ah
697 1648 923 1717 Origene
947 1651 1058 1705 haec
1080 1652 1444 1725 ἀλληγορικῶς
1461 1654 1620 1708 fuisse
1647 1671 1769 1723 pro-

162 1733 388 1800 posita,
442 1752 564 1788 non
617 1738 960 1808 δογματικῶς
997 1743 1248 1803 delinita;
1290 1754 1573 1812 antequam
1624 1746 1765 1800 enim

153 1824 234 1877 ad
267 1838 339 1878 ea
369 1826 651 1889 accedat,
689 1830 952 1897 explicato
982 1831 1173 1885 littera:
1208 1848 1389 1887 sensu.
1435 1852 1453 1884 ι
1485 1835 1764 1887 Videamus

151 1929 348 1977 nime,
394 1933 419 1964 ι
468 1915 659 1982 inquit
694 1934 840 1970 num.
873 1919 924 1982 1,
964 1934 1084 1988 pag.
1113 1921 1238 1983 545,
1276 1941 1294 1972 t
1331 1923 1457 1990 quid
1494 1924 1653 1976 etiam
1685 1924 1768 1977 in-

148 2005 353 2053 terior
388 2002 612 2055 habeat
644 2004 971 2058 intellectus.
1003 2025 1020 2058 ι
1048 2008 1196 2072 Quod
1222 2026 1284 2062 ex
1314 2011 1478 2076 ipsius
1503 2011 1766 2078 opinatio-

160 2107 320 2144 num
355 2094 756 2147 inconstantia
812 2106 861 2148 et
904 2097 1206 2153 diversitate
1241 2099 1430 2154 clarius
1455 2103 1610 2158 etiam
1649 2121 1766 2160 sese

141 2184 400 2251 prodet.
446 2183 596 2236 Nam
628 2186 856 2253 primum
879 2187 1017 2254 quod
1049 2190 1258 2252 attinet,
1282 2201 1558 2261 postquam
1593 2204 1763 2250 terre-

142 2285 265 2324 nos
297 2272 592 2325 homines
618 2282 673 2325 et
708 2273 866 2326 rebus
922 2276 1146 2328 terrenis
1184 2279 1391 2334 deditos
1417 2320 1432 2345 ,
1482 2282 1766 2349 allegorice

142 2363 459 2440 mundum
504 2378 637 2416 esse
669 2363 824 2426 dixit,
883 2365 934 2416 in
985 2380 1140 2433 quem
1194 2379 1468 2434 peccatum
1524 2373 1762 2437 intravit,

143 2453 457 2507 mundum
485 2454 689 2507 deinde
714 2455 872 2508 aliter
896 2457 1131 2522 exponit,
1157 2471 1329 2526 eoque
1360 2462 1646 2529 signiﬁcari
1676 2465 1766 2516 do-

142 2555 247 2595 cet
271 2558 453 2596 ιιιιιιι.
492 2543 549 2604 1,
596 2558 717 2611 pag.
755 2545 876 2608 547,
922 2563 940 2595 ι
972 2555 1241 2600 terrenum
1275 2551 1413 2604 hunc
1461 2552 1658 2616 locum,
1709 2554 1760 2606 itt

143 2645 274 2699 quo
307 2633 599 2686 homines
641 2634 881 2686 habitant
908 2651 923 2694 ;
953 2635 1035 2690 vel
1063 2647 1326 2690 terrenam
1362 2651 1412 2692 et
1432 2643 1760 2705 corporalem

145 2721 367 2786 vitam,
411 2724 481 2774 iu
505 2738 618 2790 qua
655 2737 800 2776 mors
833 2724 996 2778 habet
1037 2727 1240 2792 locum;
1285 2729 1368 2781 cui
1402 2731 1617 2791 mundo.
1663 2733 1762 2786 hoc

148 2824 272 2872 est,
305 2824 573 2864 terrena:
595 2813 1044 2876 vitae,cruciﬁxos
1067 2817 1319 2870 sedieunt
1350 2821 1518 2873 sancti
1540 2830 1595 2874 et
1625 2837 1764 2874 mor-

150 2912 316 2956 tuos.
357 2922 383 2954 ι
436 2903 572 2956 Non
627 2903 794 2956 multo
845 2915 1020 2958 autem
1079 2906 1298 2960 inferius
1331 2923 1451 2977 pag.
1490 2909 1613 2974 549,
1659 2912 1760 2964 al*a

153 2991 372 3046 habet:
417 3010 442 3042 ι
489 2991 721 3043 Videtur
753 2993 903 3058 mihi,
938 2993 1130 3060 inquit,
1165 2996 1305 3063 quod
1341 2998 1426 3049 ltic
1472 3001 1758 3067 Apostolus

151 3081 320 3134 illaut
353 3089 636 3141 mtatem,
667 3097 782 3148 qua:
815 3085 1046 3134 ιιοιιιΙιιιιι
1073 3083 1136 3134 ad
1169 3087 1514 3152 rapacitatem
1543 3088 1758 3142 rationis

3309 465 3412 524 966

1882 676 1983 720 tem
2013 666 2152 720 illam
2177 672 2241 720 de
2269 683 2370 734 qua
2398 667 2594 722 Paulus
2625 670 2778 723 llout.
2808 686 2858 736 v,
2885 669 2970 733 14,
3002 683 3104 722 non
3137 668 3192 722 in
3222 683 3411 723 omnes

1875 771 2148 826 regnasse,
2180 758 2273 810 sed
2320 758 2370 810 in
2401 772 2491 811 eos
2539 761 2820 822 duntaxat,
2849 758 2939 827 qui
2970 768 3326 826 peccaverunt
3355 759 3408 812 in

1871 847 2272 900 similitudinem
2299 847 2753 916 praevaricationis
2773 850 2922 904 Adae.
2946 847 3241 918 Utrohique
3268 865 3407 902 mor-

1871 947 1974 990 tem
2015 936 2217 1002 peccati
2247 936 2487 1004 intelligit
2517 954 2531 990 :
2567 953 2626 990 ac
2663 940 2884 1006 proinde
2909 941 3104 1007 pendet
3125 940 3247 992 hinc
3275 955 3410 1008 quo-

1870 1043 1973 1094 que
2007 1029 2190 1096 quinta
2220 1028 2511 1087 accusatio,
2547 1025 2836 1082 allirmasse
2862 1027 3058 1096 ipsum,
3091 1044 3194 1081 non
3217 1044 3406 1084 omnes

1871 1115 2135 1177 homines,
2159 1114 2249 1166 sed
2276 1114 2469 1166 multos
2499 1112 2658 1164 unitts
2686 1112 2882 1165 delicto
2923 1123 3227 1180 peccatores
3285 1127 3407 1166 esse

1869 1203 2110 1258 eﬂectos.
2142 1203 2425 1271 Distingnit
2457 1211 2630 1256 autem
2654 1201 2912 1270 Origenes
2944 1203 3226 1255 transitum
3259 1219 3404 1256 mor-

1869 1294 1936 1368 tis
1955 1310 1981 1344 a
2001 1308 2159 1360 regno
2176 1294 2360 1346 mortis
2386 1310 2400 1345 :
2431 1312 2448 1342 ι
2475 1291 2754 1346 Peccatqu
2773 1292 2934 1352 enim,
2961 1310 2979 1342 ι
3004 1282 3166 1358 inquit
3193 1293 3400 1354 nutu.‘l,

1868 1400 1986 1453 pag.
2042 1383 2144 1437 550
2175 1422 2189 1445 ,
2229 1402 2246 1433 ι
2289 1383 2596 1452 pertransiit
2644 1384 2805 1436 etiam
2863 1383 2916 1436 in
2965 1381 3161 1450 iustos,
3204 1394 3257 1438 et
3301 1382 3403 1438 levi

1869 1476 2095 1543 quadam
2125 1489 2218 1526 eos
2247 1474 2566 1541 contagione
2597 1474 2909 1540 perstrinxit
2938 1491 2953 1526 :
2989 1472 3042 1526 itt
3074 1473 3399 1540 praavarica-

1871 1565 2073 1618 tot-ibus
2105 1579 2250 1628 vero,
2275 1563 2324 1615 id
2358 1573 2442 1617 est
2468 1602 2483 1626 ,
2545 1562 2627 1616 his
2657 1563 2747 1630 qui
2782 1577 2839 1616 se
2869 1563 2915 1616 ei
2960 1572 3068 1616 tota
3121 1572 3304 1618 mente
3339 1577 3403 1618 ac

1867 1655 2142 1708 devotione
2191 1653 2503 1722 snbjiciunt,
2532 1668 2754 1722 regnum
2803 1661 2964 1715 tenet,
3001 1661 3055 1706 et
3080 1653 3222 1705 omni
3254 1661 3404 1720 pote-

1866 1753 2003 1797 state
2039 1744 2362 1796 dominatur.
2392 1762 2411 1794 ι
2447 1742 2512 1794 At
2549 1753 2771 1794 mortem
2799 1741 2940 1793 illam
2972 1756 3134 1810 super
3159 1757 3251 1795 eos
3277 1750 3401 1794 tan-

1869 1844 1977 1887 tntn
2011 1849 2225 1901 regnum
2263 1834 2498 1886 tenuisse
2521 1833 2654 1894 vult,
2673 1833 2760 1900 qtti
2793 1832 2951 1888 simili
2977 1845 3113 1894 sese,
3145 1842 3202 1884 ιιι
3230 1833 3395 1885 Adam

1865 1923 2091 1976 crimine
2122 1923 2556 1990 inquinaverunt.
2596 1921 2904 1990 Quanquam
2959 1920 3080 1972 alibi
3115 1931 3393 1986 peccatum

1864 2013 2090 2078 originis
2120 2025 2282 2079 super
2312 2027 2500 2065 omnes
2537 2025 2788 2075 regnasse
2828 2012 2900 2061 ait
2932 2027 2946 2063 :
2983 2028 3001 2059 ι
3040 2008 3149 2062 Non
3180 2024 3328 2076 ergo,
3371 2027 3390 2060 ι

1864 2101 2036 2168 inquit
2061 2114 2204 2151 nunt.
2231 2098 2284 2158 2,
2314 2114 2435 2166 pag.
2468 2098 2593 2162 551,
2631 2116 2649 2148 ι
2682 2098 2812 2151 nihil
2848 2098 3194 2163 peccantibus
3225 2096 3398 2163 nobis,

1865 2204 2010 2242 mors
2041 2189 2282 2258 regnavit
2310 2188 2360 2240 in
2393 2190 2585 2242 nobis:
2627 2206 2646 2240 ι
2681 2197 2735 2241 et
2760 2203 2880 2240 mox
2914 2208 2926 2242 :
2963 2205 2982 2237 ι
3019 2185 3121 2241 Sed
3156 2185 3399 2253 regnavit

1865 2293 2008 2330 mors
2038 2279 2105 2331 ab
2135 2277 2301 2330 Adam
2339 2292 2507 2345 usque
2537 2278 2598 2329 ad
2629 2277 2842 2346 Moysen
2880 2278 2930 2330 in
2967 2292 3059 2331 eos
3081 2279 3169 2347 qtti
3199 2294 3392 2346 pecca-

1864 2376 2056 2420 verunt
2107 2368 2157 2419 itt
2192 2367 2592 2419 similitudinem
2637 2368 3093 2435 praevaricationis
3133 2369 3275 2421 Adze.
3311 2367 3398 2423 Vi-

1863 2457 2026 2509 desne
2055 2465 2112 2506 ttt
2141 2471 2170 2508 a
2196 2465 2415 2522 peccato
2447 2456 2647 2510 nullum
2694 2457 2890 2510 Paulus
2917 2459 3178 2511 excuset?
3213 2477 3232 2510 ι
3274 2457 3398 2511 l’er—

1860 2545 2140 2599 transiisse
2196 2556 2370 2598 autem
2425 2554 2650 2599 mortem
2687 2547 2738 2599 in
2785 2562 2972 2601 omnes
3003 2549 3208 2602 iteratis
3261 2549 3394 2604 locis

1861 2638 2054 2690 diserte
2089 2635 2304 2700 asserit,
2330 2644 2390 2688 ut
2417 2650 2535 2686 cum
2563 2651 2710 2687 ntnn.
2747 2635 2796 2694 l,
2830 2651 2950 2704 pag.
2982 2637 3106 2700 547,
3149 2637 3394 2704 corporis

1862 2735 2081 2779 mortem
2124 2725 2364 2778 umbram
2401 2738 2520 2777 esse
2549 2723 2676 2776 ιίἰιοίι
2703 2726 2886 2778 mortis
2914 2727 3113 2792 pectati
3139 2743 3152 2789 ;
3186 2741 3246 2778 ac
3273 2741 3396 2794 pro-

1859 2815 1981 2867 inde
2022 2813 2222 2866 nullum
2266 2824 2436 2864 morte
2490 2812 2696 2878 peccati
2744 2826 2866 2865 esse
2919 2815 3228 2871 immunem,
3272 2813 3394 2879 quia

1859 2919 2169 2974 corpoream
2198 2912 2419 2955 mortem
2451 2917 2607 2954 nemo
2649 2901 2816 2954 vitare
2847 2911 3043 2970 potest.
3103 2901 3154 2954 ld
3207 2903 3396 2969 probat

1858 2997 2046 3050 deinde
2062 2992 2494 3048 commemoratis
2526 2993 2765 3059 priorum
2791 2999 3088 3058 temporum
3122 2991 3251 3042 viris
3272 3006 3396 3044 san-

1857 3084 2043 3138 ctitate
2060 3081 2342 3145 nobilibus,
2365 3096 2499 3147 quos
2515 3096 2702 3135 omnes
2718 3092 2937 3148 peccato
2957 3081 3215 3132 obnoxios
3231 3078 3395 3131 fuisse

152 3172 440 3234 accessit,
475 3185 588 3221 non
613 3176 720 3220 tam
747 3169 1005 3233 homines,
1035 3186 1194 3239 quant
1226 3172 1477 3224 mundum
1515 3174 1743 3240 appella-
1783 3199 1824 3255 α
1859 3177 2208 3230 demonstrat.
2246 3171 2390 3225 ldetn
2419 3187 2522 3224 non
2559 3173 2722 3225 multo
2765 3181 2885 3239 post
2919 3170 3224 3230 continuat,
3259 3181 3394 3236 apo-

151 3259 326 3312 verit.
358 3279 384 3311 ι
425 3259 632 3311 Altera
673 3257 886 3324 querela
923 3257 1034 3310 haec
1082 3265 1185 3318 est,
1223 3258 1422 3310 dixisse
1472 3258 1753 3327 Origenetn

154 3361 418 3406 mortem
475 3365 604 3416 qua:
640 3349 694 3400 in
736 3364 923 3401 onmes
956 3348 1195 3401 homines
1257 3350 1578 3414 pertransiit,
1618 3365 1758 3402 mor-

156 3452 279 3495 tem
304 3457 451 3496 esse
481 3441 708 3500 animm,
744 3454 847 3490 non
901 3440 1158 3505 corporis.
1201 3439 1390 3494 Fateor
1439 3450 1661 3493 mortem
1691 3440 1753 3492 il-

156 3532 278 3586 Iatn
307 3530 548 3598 passim
580 3528 750 3594 accipi
779 3528 848 3581 ab
874 3542 938 3581 eo
965 3543 1059 3595 pro
1087 3539 1254 3582 morte
1275 3532 1500 3596 peccati,
1532 3531 1646 3594 sed,
1683 3540 1740 3584 ut

154 3623 418 3692 reiiqua,
497 3619 804 3685 allegorica
849 3633 1058 3672 sensu:
1105 3618 1258 3686 cujus
1313 3621 1499 3673 mortis
1530 3630 1754 3675 mortem

155 3727 520 3785 corpoream
550 3711 798 3764 umbraut
831 3706 1060 3776 appellat
1088 3723 1238 3760 num.
1266 3709 1317 3773 1,
1342 3724 1460 3778 pag.
1492 3709 1753 3778 547,quia

160 3825 184 3858 ι
227 3816 600 3874 quocunque
641 3799 730 3852 illa
763 3797 1060 3862 incesserit,
1093 3796 1232 3852 hanc
1269 3811 1492 3852 necesse
1525 3806 1607 3852 est
1626 3797 1754 3851 sub-

151 3898 348 3966 sequi,
385 3893 558 3947 velut
587 3890 834 3943 umbram
870 3902 1097 3954 corpus;
1130 3907 1148 3939 ι
1181 3897 1338 3954 atque
1367 3887 1564 3941 idcirco
1611 3901 1754 3940 mor-

153 3998 322 4042 tuum
390 3985 586 4039 fuisse
637 3979 937 4042 Christum,
966 3978 1090 4046 quia
1132 3993 1228 4046 pro
1273 3977 1428 4031 nobis
1461 3976 1633 4031 factus
1673 3987 1755 4030 est

149 4087 409 4147 peccatu
420 4090 504 4127 ιιι.
525 4073 598 4124 At
623 4077 849 4124 mortem
875 4069 1039 4131 illam,
1056 4083 1214 4135 quam
1243 4081 1488 4137 regnasse
1507 4066 1573 4120 ab
1587 4065 1750 4120 Adam

149 4184 342 4239 usque
383 4166 469 4220 ad
506 4162 733 4231 Moysen
763 4161 836 4213 ait
859 4159 1151 4228 Apostolus
1204 4158 1361 4212 Rom.
1395 4173 1448 4222 ν,
1480 4157 1568 4220 ll,
1609 4171 1752 4210 mor-

149 4272 280 4317 tem
307 4255 614 4324 corporis,
644 4262 699 4305 et
721 4252 1041 4304 descensum
1067 4249 1132 4302 ad
1177 4248 1378 4300 inferos
1432 4261 1539 4301 non
1584 4244 1749 4299 semel

145 4355 590 4421 interpretatur
626 4343 886 4410 Origenes
920 4339 1013 4392 lib.
1062 4354 1092 4390 v
1145 4339 1200 4391 in
1243 4336 1408 4404 Epist.
1453 4341 1519 4388 ad
1553 4335 1700 4388 Rom.
1732 4376 1746 4399 ,

141 4457 303 4514 puta
348 4453 496 4495 cum
529 4438 610 4489 ait
656 4447 808 4486 num.
837 4430 909 4484 ιε
948 4447 966 4480 ι
1007 4429 1284 4494 Quomodo
1323 4441 1476 4489 sane,
1508 4425 1588 4479 vel
1630 4441 1748 4492 qua:

1855 3268 2098 3320 stolicum
2131 3265 2259 3319 illud
2294 3267 2587 3334 explanatis
2615 3263 2772 3315 Rom.
2804 3277 2856 3326 v,
2889 3261 2988 3314 l8:
3013 3278 3030 3310 t
3061 3259 3224 3328 Igitur
3256 3260 3395 3312 sicut

1855 3375 1950 3428 per
1973 3358 2129 3412 unius
2154 3357 2402 3411 delictum
2434 3357 2691 3410 inonmes
2721 3353 2961 3406 homines
2988 3353 3040 3404 itt
3067 3351 3391 3404 condemna-

1857 3449 2071 3512 tionem,
2113 3465 2132 3498 ι
2163 3457 2270 3502 etc.
2294 3464 2312 3496 t
2334 3446 2396 3500 Et
2431 3444 2692 3508 snﬂieere,
2734 3462 2751 3493 ι
2781 3444 2952 3510 inquit
2975 3437 3126 3494 num.
3153 3441 3206 3502 ι,
3236 3463 3253 3490 ι
3282 3442 3390 3496 lor-

1854 3538 1993 3592 sitan
2025 3547 2197 3605 potest
2225 3537 2518 3602 secundum
2551 3533 2849 3604 simplicem
2885 3532 3297 3600 expositionem,
3326 3539 3386 3585 ut

1850 3625 2092 3680 dicamus
2126 3625 2626 3679 condemnationem
2658 3636 2779 3676 esse
2837 3621 3018 3677 delicti
3049 3636 3385 3675 communem

1852 3717 1987 3770 hanc
2019 3729 2263 3778 mortem,
2282 3730 2398 3783 quae
2414 3714 2662 3768 omnibus
2685 3713 2852 3776 venit,
2871 3721 2925 3765 et
2950 3713 3152 3775 veniet,
3173 3711 3385 3766 etiamsi

1845 3803 1974 3871 justi
2004 3805 2316 3868 videantur;
2349 3823 2367 3855 ι
2401 3813 2562 3870 atque
2595 3804 2733 3854 hanc
2762 3815 2881 3854 esse
2907 3800 3036 3852 dicit
3062 3800 3384 3867 simplicem.

1851 3907 1954 3948 non
2009 3892 2349 3958 allegoricatn
2397 3891 2810 3956 expositionem.
2869 3888 2976 3942 Nec
3021 3888 3386 3954 superioribus

1852 3991 2125 4049 repugnet,
2156 3982 2294 4048 quod
2315 3980 2392 4033 ait
2425 3996 2572 4036 nunt.
2603 3981 2659 4044 2,
2686 3994 2804 4046 pag.
2841 3978 2964 4032 553.
3010 3997 3029 4028 ι
3060 3977 3172 4030 Non
3197 3992 3384 4030 omnes

1851 4068 2116 4130 homines,
2158 4067 2296 4120 sicut
2329 4067 2483 4131 solet,
2527 4067 2577 4118 in
2612 4066 2824 4120 creteris
2851 4065 2999 4133 ponit
3029 4064 3381 4133 (Apostolus),

1847 4158 1938 4212 sed
1961 4158 2179 4218 multos,
2203 4157 2295 4225 qui
2328 4157 2486 4208 unius
2519 4155 2714 4209 delicto
2747 4163 3056 4222 peccatores
3102 4152 3378 4205 constituti

1846 4256 2002 4311 sont;
2037 4265 2055 4297 ι
2107 4261 2225 4307 nam
2273 4261 2463 4300 omnes
2505 4245 2700 4298 multos
2745 4259 2864 4297 esse
2912 4242 3115 4296 fatetur
3145 4257 3288 4295 num.
3320 4241 3378 4308 5,

1847 4350 1968 4404 pag.
2015 4335 2138 4399 556,
2187 4336 2534 4404 consultoqne
2568 4349 2750 4388 vocem
2809 4349 2981 4385 omnes
3012 4331 3078 4385 ab
3125 4331 3378 4400 Apostolo

1848 4423 2010 4476 fuisse
2029 4425 2305 4488 omissam,
2335 4443 2352 4474 ι
2391 4440 2455 4477 ne
2487 4425 2623 4477 forte
2650 4423 2692 4476 si
2719 4422 2942 4476 dixisset
2973 4438 3070 4490 per
3095 4421 3251 4476 unius
3297 4423 3378 4475 itt-

137 4509 580 4589 condetnnatio
607 4525 662 4577 in
697 4537 886 4576 omnes
929 4520 1172 4573 homines
1204 4518 1409 4571 venerit
1457 4517 1744 4570 videndum
1777 4509 1821 4563 D
1847 4514 2198 4567 obedientiam
2224 4523 2527 4580 peccatores
2549 4512 2722 4574 iactos
2747 4527 2868 4566 esse
2892 4525 3096 4574 omnes,
3115 4520 3170 4564 et
3194 4525 3378 4576 neces-

136 4635 246 4682 csl.
290 4642 305 4677 :
338 4632 408 4676 et.
437 4617 692 4672 suilieere
722 4612 948 4668 forsitan
979 4619 1174 4678 potest,
1207 4607 1500 4662 secundum
1537 4607 1745 4674 simpli-

133 4733 289 4771 ccta
310 4709 752 4782 expositionem,
777 4714 834 4755 ut
849 4702 1086 4755 dicamus
1106 4700 1602 4753 condemnationem
1627 4711 1748 4751 esse

135 4806 352 4862 delicti
396 4809 755 4855 communem
802 4794 940 4846 hanc
967 4801 1191 4844 mortem
1229 4805 1348 4857 qua:
1375 4790 1623 4843 omnibus
1652 4803 1746 4840 ve-

135 4902 244 4953 ιιίι
281 4908 336 4951 et
369 4893 594 4951 veniet,
627 4886 835 4940 etiamsi
858 4885 984 4952 justi
1009 4885 1308 4934 videantur.
1351 4901 1368 4932 ι
1410 4882 1744 4934 Existimavit

131 5004 302 5060 ergo
329 4985 616 5050 Origenes
645 4993 746 5030 non
773 4985 1047 5043 peccatum
1072 4971 1263 5033 solum,
1296 4971 1437 5038 quod
1474 4987 1616 5024 mors
1649 4982 1739 5024 est

133 5058 403 5133 anitum.
432 5068 534 5123 sed
566 5075 788 5120 mortem
822 5063 985 5117 etiam
1013 5073 1321 5128 eorpoream
1365 5058 1418 5110 in
1445 5074 1604 5112 omne
1651 5073 1742 5125 ge-

132 5183 273 5224 nus
299 5169 618 5220 humanum
638 5171 729 5221 per
744 5154 931 5208 Adami
950 5152 1152 5220 lapsum
1173 5149 1334 5202 fuisse
1357 5149 1742 5210 transtnissant,

130 5257 320 5331 quod
354 5250 564 5322 synodi
601 5246 928 5300 Tridentinus
956 5245 1192 5302 decreto,
1251 5251 1384 5290 sess.
1414 5235 1467 5298 5,
1522 5250 1640 5287 can.
1672 5234 1739 5296 2,

133 5325 410 5416 penitus
432 5349 856 5395 consentaneum
897 5342 1000 5388 est.
1037 5331 1089 5383 Id
1116 5327 1422 5388 Jansenius,
1447 5325 1591 5377 velut
1621 5340 1649 5375 a
1681 5341 1742 5378 se

132 5437 552 5496 dissentiens,
584 5429 804 5481 minime
834 5423 1133 5479 dissimulat
1167 5432 1291 5472 tum.
1319 5417 1358 5477 Ι,
1384 5416 1476 5468 ΙίΙ)·
1506 5431 1588 5476 Ill.
1621 5429 1741 5481 οεψο

135 5531 263 5586 15.
307 5522 509 5579 Tertia
539 5517 838 5572 criminatio
859 5515 978 5568 talis
1013 5521 1112 5572 est.
1148 5507 1424 5562 censuisse
1474 5505 1772 5556 Adaman-.

139 5623 348 5676 tium,
378 5621 616 5666 mortem
648 5607 788 5658 illaut
825 5621 939 5671 qua:
986 5618 1040 5656 in
1081 5611 1284 5659 omnes,
1314 5595 1463 5662 juxta
1507 5593 1734 5646 Paulum

137 5713 353 5767 Rom.
384 5719 444 5766 v,
481 5699 564 5759 l2.
589 5695 907 5765 pertransiit,
929 5694 979 5745 in
1005 5691 1196 5744 multos
1221 5695 1418 5738 tantum
1451 5695 1735 5751 pertrans-

140 5804 347 5862 iissc,
397 5792 490 5861 qtti
539 5802 729 5855 nempe
777 5795 890 5838 actu
946 5784 1315 5850 peccaverunt.
1351 5774 1442 5828 Cui
1475 5774 1737 5830 ctimina-

1848 4607 1992 4659 sario
2043 4603 2436 4669 subjunxisset;
2469 4603 2538 4655 ita
2585 4611 2638 4655 et
2679 4616 2774 4668 per
2815 4602 2973 4654 unius
3012 4599 3372 4654 obedientiam

1840 4695 1970 4762 justi
1994 4693 2385 4747 constituentur
2417 4706 2623 4754 omnes,
2676 4691 2945 4757 videretur
2977 4705 3040 4742 ex
3072 4685 3373 4756 huiusmodi

1847 4785 2219 4854 promissionis
2281 4781 2573 4835 securitate
2626 4781 2887 4832 resolvere
2929 4779 3136 4833 animos
3179 4790 3370 4844 eorum

1846 4876 2042 4942 quibus
2089 4871 2303 4938 expedit
2342 4884 2459 4922 esse
2487 4867 2584 4921 sub
2634 4879 2793 4920 metu.
2835 4886 2853 4918 ι
2893 4866 3091 4920 Deinde
3121 4880 3267 4920 num.
3297 4865 3370 4929 5,

1845 4981 1968 5033 pag.
1996 4962 2117 5025 556,
2144 4961 2264 5023 557,
2297 4960 2440 5012 aliud
2467 4974 2585 5012 esse
2609 4964 2760 5010 docet
2791 4971 3046 5024 peccare;
3079 4955 3220 5008 aliud
3243 4968 3369 5022 pec-

1845 5063 2077 5107 catorem
2103 5066 2256 5114 esse;
2295 5064 2517 5117 peccare
2553 5063 2738 5100 omnes
2762 5047 2920 5099 etiam
2958 5045 3152 5114 justus,
3183 5057 3372 5112 pecca-

1847 5156 1988 5196 tores
2019 5155 2139 5194 esse
2170 5141 2257 5207 qui
2296 5154 2435 5206 saepe
2486 5138 2751 5204 pet-cando
2788 5151 2942 5188 usum
2993 5132 3244 5202 peccandi
3304 5143 3368 5186 ac

1845 5231 2279 5285 consuetudinem
2305 5237 2720 5291 contraxerunt;
2749 5235 3053 5293 peccatores
3072 5221 3233 5289 igitur
3251 5230 3366 5268 esse

1849 5323 2062 5381 multos,
2096 5334 2198 5372 non
2227 5332 2444 5381 omnes;
2471 5331 2694 5384 peccare
2727 5324 2902 5368 autem
2928 5313 3216 5364 universos.
3240 5303 3364 5356 Per-

1847 5413 2029 5479 spicua
2057 5423 2184 5463 vero
2210 5424 2271 5462 ea
2303 5415 2428 5462 sunt
2458 5422 2604 5458 num.
2629 5406 2680 5467 l,
2714 5420 2833 5472 pag.
2862 5401 2962 5455 5M
2991 5417 3010 5448 ι
3037 5416 3051 5452 :
3075 5397 3138 5450 Et
3169 5404 3225 5447 ut
3247 5393 3363 5448 cvi-

1847 5501 2058 5556 dentius
2080 5499 2386 5555 ostenderet
2420 5511 2605 5550 omnes
2634 5495 2870 5548 homines
2896 5499 2948 5540 et
2978 5486 3170 5538 multos
3200 5482 3370 5535 homi-

1847 5608 1944 5647 nt-s
1971 5591 2109 5645 idem
2135 5604 2276 5655 esse,
2304 5586 2509 5643 addidit
2539 5583 2620 5638 his
2652 5600 2667 5635 :
2697 5582 2842 5636 Sicut
2873 5575 3008 5628 enim
3059 5586 3150 5637 per
3193 5569 3373 5623 inobo-

1845 5683 2089 5735 dientiam
2148 5683 2302 5736 unius
2351 5676 2569 5731 hominis
2613 5682 2891 5739 peccatores
2941 5659 3205 5714 constituti
3253 5666 3373 5711 sunt

1848 5771 2018 5836 multi,
2048 5771 2120 5824 ita
2151 5782 2196 5824 et
2241 5789 2328 5840 per
2359 5768 2510 5822 unius
2544 5758 2876 5814 obedientiam
2894 5748 3025 5818 justi
3052 5749 3374 5802 constituen-
