3894 6462
139 393 258 463 915

953 402 1505 472 ORIGENIANORIJM
1546 411 1674 468 LIB.
1713 415 1778 479 11,
1817 415 1965 472 CAP.
2003 415 2063 480 II,
2104 413 2372 481 QUIES’I‘.
2414 410 2543 469 VIII.

3239 408 3340 466 θη

180 544 198 572 ι
219 515 354 581 Ouid
375 530 511 588 ergo
541 524 750 582 mirum
781 532 826 586 si
857 542 960 587 tam
993 536 1287 592 inlidelibus
1313 536 1516 604 plenum
1544 536 1726 588 orbem
1756 539 1800 594 Α
1829 536 2066 604 poribus,
2101 549 2166 588 ex
2205 548 2370 601 eaque
2394 533 2699 587 diversitate
2733 530 2912 584 mundi
2945 527 3344 584 consonantiam

180 621 439 663 terrarum
472 610 738 673 Christus
769 622 1040 690 prioribus
1067 627 1271 678 sacculis
1295 631 1531 687 noverat,
1571 635 1628 675 ut
1649 625 1727 678 eis

179 714 462 768 θρνπθτθ,
508 703 598 758 Vel
651 713 938 775 praedicari
995 713 1181 768 merito
1220 715 1399 778 nollet,
1452 726 1582 779 quos
1631 727 1728 767 nec

176 791 377 857 verbis,
411 807 514 846 nec
546 797 830 854 miraculis
867 801 976 854 suis
1016 801 1314 856 credituros
1343 816 1460 855 esse
1484 801 1727 870 praescie-

175 883 305 935 bat?
331 901 351 933 ι
380 891 436 936 et
462 882 874 954 Chrysostomo,
896 889 985 957 qui
1011 904 1170 944 serm.
1205 891 1238 942 4
1259 891 1312 944 in
1344 889 1508 956 Epist.
1538 893 1606 942 ad
1623 890 1725 944 Co-

172 972 330 1033 loss.,
374 973 441 1025 ad
483 988 633 1030 vers.
663 976 733 1029 25
763 979 841 1032 sic
879 979 1035 1031 habet
1074 995 1088 1031 :
1136 978 1192 1029 Ὁ
1223 977 1327 1048 γὰρ
1357 979 1485 1040 Θεὸς
1516 981 1614 1032 οὐκ
1663 981 1728 1031 ἁ-

175 1060 361 1129 θρόως
411 1061 600 1116 πάντα
645 1069 808 1126 ποιεῖ,
855 1066 986 1119 ἀλλὰ
1041 1066 1297 1136 κέχρηται
1347 1068 1729 1135 συγκαταϐάσει

166 1148 259 1200 διὰ
298 1149 401 1218 τὴν
432 1151 638 1220 πολλὴν
669 1155 828 1207 αὐτοῦ
861 1157 1271 1228 φιλανθρωπίαν.
1313 1158 1420 1210 Καὶ
1449 1157 1601 1209 τοῦτο
1647 1156 1729 1210 αῖ-

165 1254 284 1290 τιον
310 1240 411 1293 τοῦ
448 1241 550 1294 νῦν
579 1245 972 1312 παραγενέσθαι
1000 1246 1088 1298 τὸν
1109 1245 1352 1316 Χριστὸν,
1384 1245 1516 1298 ἀλλὰ
1540 1245 1611 1316 μὴ
1636 1246 1730 1299 πά·

167 1328 260 1380 λαι
286 1345 302 1358 ο
334 1347 356 1381 α
383 1330 534 1386 Deus
568 1333 713 1386 enim
746 1349 849 1388 non
880 1347 1093 1403 repente
1118 1337 1241 1389 iacit
1262 1337 1458 1398 omnia,
1483 1338 1573 1391 sed
1607 1352 1728 1403 pro-

165 1425 294 1484 pter
337 1431 620 1473 summam
653 1435 818 1474 suam
873 1421 1253 1479 humanitatem
1294 1438 1411 1478 sese
1451 1424 1605 1478 rebus
1643 1441 1733 1479 ac-

165 1506 518 1561 commodat.
575 1507 640 1560 Et
666 1508 781 1562 haec
807 1523 963 1563 causa
1011 1519 1111 1573 est,
1155 1526 1249 1564 cur
1282 1527 1418 1566 nunc
1463 1513 1731 1566 advenerit

165 1590 462 1656 Servator,
498 1609 605 1649 non
639 1596 764 1650 olim
791 1613 807 1663 ;
833 1615 850 1647 ι
901 1600 1039 1666 quod
1068 1599 1236 1654 fusius
1281 1599 1496 1654 disserit
1529 1602 1581 1654 in
1626 1601 1730 1654 line

165 1681 416 1736 bomiliae
447 1684 729 1749 ejusdem;
783 1697 835 1740 et
865 1687 1096 1753 Sedulio,
1149 1691 1237 1757 qui
1268 1691 1321 1742 in
1356 1689 1571 1743 Roman.
1610 1703 1728 1754 vui,

161 1770 252 1837 28,
297 1774 654 1841 propositum
683 1775 810 1830 illud
850 1778 941 1830 Dei
969 1778 1039 1831 ibi
1073 1778 1467 1847 intelligendum
1497 1793 1617 1834 esse
1647 1779 1731 1832 di-

164 1862 260 1924 cit,
319 1879 342 1912 (
373 1863 680 1917 secundum
712 1867 853 1933 quod
907 1867 1178 1934 proposuit
1219 1868 1426 1921 salvare
1465 1869 1575 1923 sola
1605 1870 1724 1936 lide,
1758 1851 1801 1906 Β

162 1965 301 2018 quos
356 1957 685 2020 praescierat
717 1955 1075 2010 credituros.»
1134 1955 1280 2010 Ferri
1331 1958 1492 2010 etiam
1531 1968 1726 2026 posset,

161 2040 311 2107 quod
357 2041 520 2094 addit
544 2041 822 2110 Origenes,
859 2061 961 2098 nou
987 2063 1050 2100 ex
1094 2047 1204 2102 sola
1231 2048 1323 2100 Dei
1348 2047 1617 2101 voluntate
1646 2049 1730 2117 ju~

161 2129 572 2183 stilicatiouem
618 2140 854 2186 nostram
904 2136 1154 2201 pendere,
1193 2150 1364 2204 neque
1409 2135 1627 2190 salutem
1666 2137 1730 2190 de

165 2230 358 2272 nostra
398 2221 628 2286 penitus
645 2235 768 2276 esse
795 2232 1052 2290 potestate
1074 2226 1364 2288 sublatam;
1396 2241 1517 2279 nam
1549 2227 1730 2296 gratiae

158 2309 587 2377 justiﬁeationis
631 2312 794 2365 libere
835 2315 1094 2367 consentit
1120 2315 1294 2378 homo,
1326 2331 1354 2367 a
1389 2329 1488 2382 qua
1524 2316 1730 2369 dissen-

163 2402 271 2456 tire
313 2409 544 2469 potest;
595 2409 650 2455 et
675 2402 904 2455 salutem
939 2413 1189 2456 aeternam
1236 2404 1593 2457 dissentiendo
1634 2421 1730 2472 po-

167 2501 274 2545 test
305 2492 593 2554 amittere,
615 2490 768 2559 juxta
796 2493 1104 2547 Tridentina
1147 2493 1341 2560 placita
1369 2493 1500 2561 (45).
1533 2493 1728 2548 Verum

166 2581 526 2635 commodam
558 2596 770 2635 omnem
803 2583 1288 2652 interpretationem
1313 2582 1596 2635 excludunt
1616 2598 1732 2650 qua:
1767 2584 1772 2590 ’

167 2669 404 2738 apponit
434 2665 728 2737 Origenes,
779 2687 798 2718 ι
826 2684 926 2722 uou
965 2670 1015 2722 in
1047 2667 1376 2736 praescientia
1409 2667 1500 2720 Dei
1528 2669 1732 2722 unicui—

166 2772 271 2825 que
305 2757 516 2811 salutis
553 2771 768 2810 causam
805 2758 948 2825 poni,
999 2757 1092 2811 sed
1127 2758 1179 2810 in
1208 2757 1477 2826 proposito
1519 2766 1572 2811 et
1600 2759 1733 2811 acti-

165 2850 265 2903 bus
299 2848 462 2910 suis;
492 2865 513 2898 ι
564 2846 856 2900 excludunt
903 2857 956 2900 et
1005 2846 1208 2912 reliqua
1250 2846 1549 2900 Adamaulii
1597 2860 1732 2914 prm-

64 2973 66 2976 μ
167 2937 409 3005 scripta,
444 2934 593 2988 unde
624 2935 736 2988 haec
770 2935 1196 3001 proliciscuntur.
1219 2931 1343 2986 Jure
1371 2947 1578 3002 quoque
1606 2934 1732 2987 Pau-

167 3026 261 3079 lini
302 3026 440 3092 loci,
466 3025 560 3093 qui
585 3023 802 3078 exstatl
830 3022 952 3077 Cor.
980 3037 1076 3086 xtl,
1102 3022 1192 3087 18,
1222 3023 1487 3091 proposita
1524 3025 1590 3076 ab
1619 3022 1733 3076 Ori-

64 3153 66 3156 μ
165 3129 332 3182 geue,
367 3129 481 3167 non
519 3123 724 3168 asserta
754 3122 926 3166 tamen
951 3115 1018 3166 ab
1041 3127 1124 3174 eo,
1162 3127 1329 3180 neque
1364 3113 1582 3166 omnino
1612 3128 1732 3180 pro-

168 3206 299 3256 bata
360 3203 681 3272 explicatio,
733 3211 917 3271 utpote
959 3203 1186 3256 absurda
1225 3211 1280 3256 et
1319 3201 1543 3256 violenta
1577 3201 1732 3257 rel‘elo

64 3317 65 3320 η
167 3293 322 3349 litur.

732 3379 1046 3447 QUESTIO
1083 3379 1215 3439 VIII.

818 3486 883 3524 DE
916 3486 1120 3524 Αετιιιε.

168 3604 209 3619 ...
252 3565 460 3619 Utrum
517 3573 664 3614 astra
714 3561 942 3613 animata
968 3576 1110 3630 esse,
1148 3561 1308 3613 Deum
1343 3577 1640 3630 cognoscere
1681 3571 1728 3614 et

236 3633 480 3700 precari,
514 3645 726 3696 peccare
763 3644 930 3696 posse,
949 3629 1238 3700 judicatum
1284 3630 1379 3700 iri.
1410 3629 1474 3681 ac
1511 3629 1730 3700 salutent

238 3694 465 3762 sperare
498 3694 546 3753 et
584 3714 732 3766 posse
763 3694 1274 3766 conseqai_0t'_i_genes
1302 3696 1637 3766 a/ﬁrmaverit.
1666 3697 1726 3750 ll.

241 3777 287 3826 Α
326 3770 515 3821 multis
551 3763 636 3818 hic
661 3767 916 3834 arguitur.
957 3763 1520 3834 ll|.rNecAdefensione
1559 3774 1729 3816 tamen

237 3849 414 3893 caret.
460 3835 552 3890 IV.
601 3831 748 3888 Viam
797 3833 896 3899 ipsi
919 3835 984 3883 ad
1015 3833 1067 3882 id
1089 3831 1392 3884 credendum
1441 3841 1727 3884 straverunt

236 3909 480 3968 antiqui.
526 3904 588 3959 V.
629 3901 814 3955 Utrum
849 3901 1098 3952 sideribus
1143 3899 1730 3968 futurorumisigniﬁca-

240 3965 451 4031 tionem
491 3991 526 4025 a
581 3971 688 4024 Deo
719 3971 1016 4035 impressam
1060 3965 1332 4034 putaverit.
1389 3966 1470 4018 γι.
1510 3965 1587 4018 An
1628 3975 1728 4018 tres

239 4046 452 4113 priores
479 4039 760 4113 creationis
785 4039 895 4091 dies
929 4037 1038 4087 sine
1066 4036 1188 4100 sole,
1217 4037 1341 4087 luna
1365 4045 1412 4086 et
1450 4036 1608 4087 stellis
1631 4050 1731 4087 non

242 4109 328 4182 fui
335 4129 419 4164 sse
445 4109 750 4162 decreverit.

242 4204 286 4257 Ι.
329 4202 478 4268 Quid
513 4194 772 4266 Origenes
799 4195 864 4247 de
899 4193 1054 4248 astris
1100 4191 1323 4247 senserit
1355 4190 1728 4259 exploraturis,

67 4327 72 4333 ι
168 4294 436 4346 animane
485 4304 552 4342 ea
579 4297 634 4341 et
681 4298 912 4353 corpore
944 4292 1188 4337 constare
1219 4282 1288 4334 sit
1327 4281 1634 4344 arbitratus,
1661 4295 1726 4332 an

166 4396 412 4449 corpora
441 4391 569 4430 esse
605 4375 867 4435 inanima,
922 4386 1128 4425 rursum
1162 4372 1397 4424 iteranda
1455 4378 1578 4423 sunt
1616 4383 1732 4437 quae

1825 619 2174 683 efﬂorescere,
2201 620 2346 674 addit
2375 621 2624 687 quasdam
2650 634 2716 673 ex
2739 619 2824 672 bis
2853 632 2971 685 qua:
2996 634 3014 666 ι
3043 615 3346 670 melioribus

1826 713 2030 766 meritis
2055 722 2197 776 sunt,
2253 713 2318 764 ad
2344 710 2700 763 exornandam
2737 709 2916 763 mundi
2967 717 3164 762 statum
3203 721 3346 760 com-

1824 801 1930 870 pati
1955 801 2190 869 reliquis,
2224 809 2278 854 et
2320 797 2542 852 oﬂicium
2583 799 2816 867 praebere
2848 798 3207 860 inferioribus,
3241 808 3346 864 quo

1824 902 1920 956 per
1964 889 2065 942 hoc
2091 887 2373 954 participes
2419 885 2679 939 exsistant
2713 885 2982 954 patientiae
3026 883 3342 939 Creatoris:

1826 978 2112 1031 secundum
2172 976 2310 1044 quod
2361 973 2642 1042 Apostolus
2697 975 2808 1042 ipse
2861 975 3071 1028 dicit“:
3113 973 3347 1028 Vanitati

1825 1066 1967 1120 enim
1997 1074 2240 1120 creatura
2282 1065 2511 1132 subjecta
2548 1074 2629 1117 est
2670 1078 2771 1116 nou
2795 1064 2994 1128 volens,
3017 1064 3108 1116 sed
3134 1072 3348 1132 propter

1825 1169 1944 1208 eum
1973 1159 2064 1224 qui
2094 1156 2380 1225 subiecerit
2425 1155 2476 1207 in
2511 1168 2681 1222 Spem.
2713 1169 2731 1202 ι
2778 1151 2925 1218 Quod
2947 1152 3010 1205 de
3035 1155 3193 1206 astris
3229 1153 3348 1207 sine

1827 1247 1988 1300 dubio
2019 1246 2409 1315 intelligendum
2433 1253 2533 1298 est.

1895 1335 2004 1390 Nec
2054 1336 2285 1388 animam
2339 1335 2596 1389 duntaxat
2648 1332 2912 1386 sideribus
2938 1331 3170 1386 additam
3207 1347 3344 1399 esse,

1827 1427 1919 1478 sed
1949 1439 2012 1480 ea
2033 1424 2190 1478 etiam
2219 1423 2423 1476 ratione
2446 1421 2658 1490 pollere,
2689 1421 2851 1474 Deum
2877 1434 3215 1490 cognoscere,
3242 1421 3348 1473 lau-

1827 1517 1956 1569 dare
1985 1529 2047 1567 ac
2096 1514 2299 1582 precari
2333 1523 2476 1566 ratus
2503 1521 2603 1565 est.
2626 1510 2755 1563 Nam
2783 1520 2906 1565 tom.
2934 1525 3026 1563 xm
3059 1512 3112 1564 in
3140 1509 3350 1572 Mutila,

1826 1619 1973 1656 num.
2007 1601 2095 1664 20,
2132 1603 2240 1655 haec
2272 1602 2516 1669 leguntur
2547 1619 2559 1652 :
2597 1599 2823 1652 ’Ἄτοπον
2851 1599 2956 1669 γὰρ
2985 1597 3156 1667 λέγειν
3195 1599 3254 1650 τὸ
3294 1599 3352 1664 ἐξ

1825 1694 2045 1763 οὐρανοῦ
2070 1693 2161 1746 καὶ
2187 1694 2287 1763 γῆς
2315 1694 2405 1745 καὶ
2428 1693 2531 1744 τῶν
2554 1694 2609 1744 ὲν
2635 1695 2814 1755 αὐτοῖς
2836 1691 3097 1760 σύστημα,
3130 1690 3254 1742 ὥστ’
3275 1692 3349 1743 ει-

1827 1786 1944 1835 πείν
1970 1783 2034 1835 ἂν
2057 1783 2134 1834 ὅτι
2163 1781 2330 1850 ἥλιος,
2359 1781 2447 1834 καὶ
2481 1781 2693 1850 σελήνη,
2727 1781 2817 1832 καὶ
2843 1783 2870 1832 ὁ
2899 1780 3052 1849 χορὸς
3073 1780 3179 1832 τῶν
3207 1779 3354 1832 ἀσαιςὲ·⁵

1827 1887 1954 1940 ρων,
2003 1870 2096 1923 καὶ
2141 1872 2190 1922 οἱ
2229 1872 2284 1922 ὲν
2315 1870 2417 1938 ὅλῳ
2444 1869 2521 1938 τῷ
2557 1869 2740 1939 κόσμῳ
2788 1870 2957 1938 τούτῳ
2992 1869 3205 1936 ἄγγελοι
3255 1867 3353 1920 οὐκ

1825 1959 2060 2027 ἔγνωσαν
2087 1960 2145 2012 τὸ
2169 1960 2412 2029 ἀληθινὸν
2440 1960 2568 2028 φῶς,
2598 1961 2689 2012 καὶ
2721 1960 3042 2027 ,ἀγνοοῦντες
3073 1959 3201 2011 αὐτὸ
3231 1959 3355 2027 Esq-

1827 2065 1995 2119 ρησαν
2025 2048 2120 2118 τὴν
2143 2049 2559 2119 ὲπιτεταγμένην
2587 2050 2762 2112 αὐτοῖς
2791 2049 2895 2100 ἀπὸ
2917 2048 3046 2101 Θεοῦ
3074 2047 3240 2113 τάξιν.
3284 2049 3356 2101 Δι

1827 2137 1962 2192 libro
1984 2155 2016 2191 v
2044 2150 2220 2193 contra
2244 2139 2400 2204 Cels.,
2432 2156 2576 2195 num.
2601 2140 2688 2208 10,
2712 2156 2830 2210 pag.
2860 2140 2984 2205 585,
3019 2151 3156 2194 astra
3182 2140 3355 2209 appel-

1825 2228 1897 2281 lat
1927 2226 2037 2290 ζῶα
2061 2229 2247 2297 λογικὰ
2279 2230 2370 2283 καὶ
2393 2231 2667 2294 σπουδαῖα,
2693 2231 2786 2283 καὶ
2809 2230 3134 2298 φωτισθέντα
3154 2228 3228 2299 τῷ
3255 2246 3356 2298 φω·

1825 2318 1877 2369 τὶ
1897 2317 1993 2386 τῆς
2007 2319 2250 2386 γνώσεως
2264 2320 2366 2376 ὑπὸ
2382 2320 2480 2390 τῆς
2501 2322 2704 2390 σοφίας,
2725 2322 2842 2392 ἥτις
2865 2321 3007 2373 ἐστὶν
3028 2320 3354 2390 ἀπαύγασμα

1828 2406 1998 2472 φωτὸς
2023 2405 2208 2459 ἀϊδίου.
2261 2407 2452 2460 Eadem
2484 2422 2666 2474 preces
2695 2409 2887 2463 oﬂ'erre
2910 2411 3013 2464 Deo
3044 2425 3136 2478 per
3172 2411 3354 2474 unige-

1831 2495 2000 2547 nitum
2057 2495 2172 2562 ejus
2191 2495 2402 2558 Filium,
2439 2497 2714 2566 ipsumque
2743 2497 2958 2552 laudare
2993 2499 3179 2566 probat
3203 2513 3350 2554 num.

1829 2585 1914 2644 l5,
1949 2598 2010 2638 ex
2037 2584 2250 2638 Davidis
2279 2586 2466 2652 psalm.
2490 2601 2705 2649 cxnvm,
2727 2587 2778 2650 ὅ,
2811 2588 2844 2640 4
2873 2605 2888 2639 :
2917 2606 2935 2637 ι
2958 2588 3188 2644 Laudato
3211 2604 3355 2656 eum,

1828 2689 2012 2729 omnes
2047 2676 2210 2729 stellae
2247 2689 2301 2730 et
2333 2677 2506 2730 lumen
2553 2693 2566 2728 :
2612 2678 2818 2732 laudate
2862 2693 3003 2741 eum.
3042 2679 3162 2732 cmli
3195 2680 3358 2734 caelo-

1831 2779 1968 2816 rum.
1994 2781 2012 2812 ι
2050 2762 2165 2828 Quo
2212 2773 2266 2818 et
2298 2765 2425 2820 illud
2454 2766 2618 2822 refert
2658 2777 2725 2820 ex
2758 2766 2924 2836 Epist.
2955 2769 3018 2821 ad
3065 2769 3216 2821 Rom.
3241 2782 3355 2832 ml,

1837 2854 1990 2907 l9-2l
2047 2867 2062 2907 :
2118 2873 2138 2905 ι
2173 2853 2508 2924 Exspectatio
2561 2853 2817 2912 creatura:
2868 2843 3236 2913 revelationem
3291 2859 3356 2911 li-

1833 2943 2021 2997 liorum
2055 2943 2146 2998 Dei
2183 2953 2468 3015 exepectat.
2507 2946 2734 3000 Vanitati
2778 2947 2919 3001 enim
2952 2957 3198 3002 creatura
3231 2949 3358 3002 sub-

1827 3033 1966 3102 jecta
1995 3045 2077 3088 est
2111 3049 2213 3089 non
2242 3035 2447 3097 volens,
2484 3037 2576 3088 sed
2609 3047 2824 3105 propter
2850 3051 2970 3090 eum
3007 3038 3097 3105 qui
3128 3037 3358 3105 subjecit

1831 3137 1948 3176 eam
1987 3125 2223 3191 inpspe:
2268 3125 2391 3191 quia
2421 3134 2472 3177 et
2520 3125 2630 3192 ipsa
2675 3133 2916 3179 creatura
2968 3125 3275 3180 liberabitur
3323 3142 3353 3179 a

1829 3213 2080 3268 servitute
2103 3213 2455 3280 corruptionis
2489 3214 2539 3266 in
2575 3214 2866 3267 libertatem
2915 3213 3093 3281 gloriae
3127 3215 3352 3268 liliorum

1831 3303 1920 3356 Dei
1945 3319 1958 3366 ;
1989 3318 2008 3352 ι
2041 3313 2092 3356 et
2121 3302 2209 3357 lib.
2242 3318 2333 3356 vut
2364 3305 2540 3371 operis
2577 3302 2811 3370 ejusdem
2855 3317 3000 3357 num.
3031 3303 3098 3357 66
3135 3321 3148 3356 :
3179 3304 3356 3372 Εὐφηο

1831 3393 2034 3463 μοῦμεν
2061 3387 2150 3446 οῦν
2173 3394 2340 3464 ἥλιον,
2375 3395 2564 3462 inquit,
2589 3392 2663 3456 ὼς
2682 3393 2841 3447 καλὸν
2874 3393 3005 3448 Θεοῦ
3033 3394 3357 3464 δημιούργη-

1832 3498 1905 3551 μα
1930 3482 2020 3534 καὶ
2043 3484 2166 3544 τοὺς
2197 3482 2387 3552 νόμους
2413 3482 2677 3550 φυλάσσον
2701 3481 2856 3544 Θεοῦ,
2888 3484 2980 3535 καὶ
3011 3482 3202 3535 ἀκοῦον
3226 3481 3318 3535 τοῦ
3339 3497 3352 3512 ⁸

1827 3574 2026 3624 Αἰνεῖτε
2044 3573 2131 3624 τὸν
2156 3573 2371 3642 Κύριον,
2387 3573 2532 3641 ἥλιος
2556 3574 2646 3624 καὶ
2667 3573 2873 3642 σελήνη.
2890 3573 2980 3626 καὶ
3002 3573 3096 3642 ὅση
3117 3571 3356 3641 δύναμις,

1829 3663 2037 3731 ὑμνεῖτε
2068 3663 2156 3715 τὸν
2184 3664 2415 3731 Πατέρα,
2449 3663 2648 3715 καὶτὸν
2675 3662 2992 3733 δημιουργὸν
3011 3661 3102 3714 τοῦ
3129 3660 3320 3723 παντός
3342 3678 3354 3691 υ

1829 3760 1882 3803 et
1937 3750 2095 3818 paulo
2147 3761 2284 3819 post.
2337 3765 2484 3804 num.
2516 3752 2584 3804 67
2619 3769 2632 3804 :
2667 3751 2966 3821 Ὑμνοῦμέν
2996 3768 3058 3818 γε
3083 3751 3230 3813 Θεὸν,
3267 3753 3360 3805 καὶ

1826 3839 1912 3891 τὸν
1941 3842 2208 3910 Μονογενῆ
2248 3841 2430 3906 αὐτοῦ,
2465 3841 2538 3903 ὼς
2566 3841 2656 3892 καὶ
2693 3841 2855 3909 ἥλιος,
2897 3841 2987 3892 καὶ
3025 3840 3233 3910 σελήνη,
3266 3841 3357 3892 καὶ

1827 3931 2014 3998 ἄστρα,
2048 3931 2140 3982 καὶ
2168 3932 2312 3982 πᾶσα
2359 3933 2392 3999 ἡ
2421 3931 2640 3998 οὐρανία
2697 3930 2951 3999 στρατιάα
2993 3930 3214 3999 ὑμνοῦσι
3248 3927 3354 3999 γὰρ

1829 4020 2024 4081 πάντες
2047 4013 2211 4083 οὗτοι,
2257 4019 2394 4081 θεῖος
2432 4021 2579 4082 ὄντες
2601 4020 2753 4089 χορὸς
2789 4019 2920 4088 μετὰ
2938 4020 3044 4072 τῶν
3071 4023 3126 4072 ὲν
3156 4018 3358 4089 ἀνθρώ-

1829 4123 1947 4169 ποις
1985 4107 2201 4159 δικαίων
2228 4106 2317 4159 τὸν
2363 4108 2452 4159 ἰπὶ
2481 4109 2612 4159 πᾶσι
2639 4105 2789 4171 Θεὸν,
2841 4107 2931 4158 καὶ
2972 4105 3060 4158 τὸν
3087 4104 3356 4173 Μονογενῆ

1827 4195 2009 4251 αὐτοῦ.

1898 4286 2096 4340 Eadem
2138 4288 2366 4355 peccatis
2390 4301 2506 4341 esse
2543 4285 2807 4349 obnoxia;
2860 4298 2954 4337 nec
2989 4293 3128 4335 astra
3178 4282 3354 4346 modo,

1832 4377 1922 4430 sed
1949 4376 2213 4430 elementa
2243 4377 2426 4440 etiam,
2465 4391 2528 4428 ac
2575 4375 2797 4443 proinde
2831 4371 3084 4439 judicium
3113 4371 3202 4425 Dei
3231 4370 3355 4424 oliui

64 4491 66 4496 ’
167 4480 290 4525 tam
325 4482 478 4537 smpe
503 4479 669 4533 supra
701 4461 1046 4516 disseruimus
1091 4479 1104 4514 :
1135 4469 1334 4514 mentes
1365 4468 1485 4512 ante
1507 4473 1729 4526 corpora
1763 4483 1806 4536 Ι)
1837 4463 2076 4518 subitura
2116 4463 2248 4528 fore,
2280 4464 2543 4517 sententia
2594 4461 2757 4530 ipsius
2799 4471 2901 4525 est,
2935 4460 3018 4514 his
3048 4459 3356 4528 consignata

163 4560 430 4612 Conditas
479 4554 761 4622 opinatum
788 4550 1181 4612 Adamantium,
1232 4563 1294 4602 ac
1325 4563 1420 4617 pro
1453 4547 1654 4601 meritis
1680 4548 1733 4600 in

162 4648 348 4711 varia,
397 4645 673 4709 variaque
698 4652 923 4707 corpora
965 4638 1232 4702 detrusas;
1276 4638 1528 4705 quasdam
1562 4646 1734 4691 autem

64 4777 66 4780 ,
159 4751 234 4790 ει
273 4738 384 4792 illis
415 4747 551 4802 qua!
577 4747 679 4785 non
713 4733 940 4799 pessime
965 4742 1082 4782 sese
1103 4729 1408 4796 gessissent,
1441 4728 1738 4782 anirnandis

159 4827 306 4881 solis
324 4841 388 4882 et
424 4826 595 4886 luntre,
623 4822 954 4887 aliorumque
981 4818 1212 4870 siderum
1240 4817 1567 4886 corporibus,
1597 4832 1741 4870 mun-

155 4919 351 4985 doque
377 4911 713 4969 illustranth
737 4924 801 4962 ac
835 4909 1158 4969 exornando,
1198 4907 1354 4959 nobili
1384 4906 1588 4959 scilicet
1620 4921 1737 4958 mu—

157 5007 284 5059 neri
315 5007 510 5061 fuisse
540 5000 836 5068 praelectas.
875 4999 929 5051 Id
958 5012 1115 5064 supra
1142 4996 1250 5063 jam
1283 4994 1566 5048 delibatum
1599 5009 1738 5047 nunc

152 5107 224 5146 eo
251 5099 444 5151 etiam
491 5090 721 5156 amplius
759 5087 1086 5157 probandqu
1117 5096 1214 5138 est.
1257 5085 1344 5138 Sic
1375 5085 1600 5137 habetur
1627 5083 1738 5149 qui-

147 5183 286 5234 dem
328 5197 499 5238 torno
531 5195 544 5232 t
572 5179 815 5246 Origeuis
841 5178 896 5229 in
921 5175 1099 5238 Joan.,
1138 5188 1280 5226 num.
1313 5173 1398 5234 17,
1445 5172 1537 5224 καὶ
1565 5171 1671 5241 γὰρ
1699 5174 1732 5241 ἡ

144 5272 312 5343 ψυχὴ
343 5271 456 5326 τοῦ
484 5268 635 5338 ἡλίου
667 5270 724 5319 ὲν
753 5266 981 5335 σώματι.
1011 5264 1119 5316 Hoc
1147 5272 1250 5327 est,
1286 5279 1304 5311 ι
1324 5262 1500 5314 anima
1535 5260 1684 5325 solis,
1709 5279 1728 5311 ι

149 5375 268 5413 non
307 5364 479 5420 Elim,
527 5367 587 5408 ut
631 5357 804 5421 inepte
837 5354 996 5406 vertit
1045 5353 1322 5418 interpres.
1360 5347 1519 5400 Libro
1550 5362 1672 5402 vero
1695 5363 1730 5401 ιι

143 5449 313 5516 Περὶ
371 5443 610 5515 ἀρχῶν,
671 5442 873 5509 cap.9,
924 5455 1067 5494 num.
1102 5439 1154 5502 7,
1200 5448 1474 5505 postquam
1531 5438 1736 5491 animas

144 5545 335 5610 juxta
371 5543 613 5593 virtutes
639 5548 703 5585 ac
735 5533 916 5597 merita
944 5531 1163 5585 diversis
1185 5528 1360 5582 sanxit
1381 5525 1588 5579 adnecti
1609 5542 1734 5582 cor-

228 5637 255 5668 ⁸
289 5631 475 5688 Rom.
500 5640 622 5687 vui,
645 5622 735 5674 20.
798 5622 816 5651 ⁷
843 5622 965 5674 ibid.
998 5619 1086 5676 ‘29..

230 5724 368 5798 (L5)
395 5717 649 5774 Trident.
683 5725 853 5777 conc.,
885 5725 1010 5766 sess.
1041 5725 1114 5776 vt,
1138 5727 1249 5782 cap.
1283 5712 1336 5778 5,
1363 5718 1414 5763 et
1444 5724 1564 5766 om.
1587 5709 1639 5764 4.

1835 4551 2006 4605 verbis
2034 4552 2215 4605 homil.
2238 4551 2272 4604 4
2292 4553 2346 4603 in
2366 4551 2579 4612 Ezeclt.,
2601 4564 2745 4603 num.
2772 4551 2792 4602 l
2827 4567 2841 4602 ε
2875 4567 2893 4598 ι
2917 4547 3169 4601 Futurum
3197 4557 3277 4600 est
3301 4555 3359 4599 ut

1834 4640 1884 4692 in
1917 4639 2003 4692 die
2023 4639 2210 4706 judicii
2240 4655 2340 4693 non
2367 4640 2537 4694 solum
2585 4641 2760 4703 homo,
2792 4640 2882 4692 sed
2915 4638 3074 4691 etiam
3108 4637 3355 4689 universa

1833 4729 2066 4782 conditio
2086 4731 2366 4796 judicetur.
2399 4729 2578 4782 Omnis
2613 4730 2806 4796 quippe
2840 4737 3074 4780 creatura
3102 4727 3354 4794 congemi-

1834 4818 1926 4868 scit
1956 4827 2003 4868 et
2023 4817 2255 4870 condolet
2275 4819 2316 4870 ".
2352 4817 2407 4870 Si
2450 4819 2622 4872 omnis
2660 4828 2896 4870 creatura
2937 4815 3278 4884 congemiscit
3303 4821 3357 4866 et

1833 4906 2094 4968 condolet,
2127 4917 2210 4961 est
2236 4917 2409 4961 autem
2441 4918 2799 4960 creaturarum
2832 4919 2955 4973 pars
2989 4916 3129 4958 terra
3161 4912 3214 4956 et
3243 4914 3354 4954 cm-

1832 4996 1961 5058 lum,
1991 5005 2043 5048 et
2065 5005 2255 5050 caetera
2293 5011 2512 5063 quaeque
2542 5011 2658 5060 quae
2681 4995 2778 5048 sub
2819 4994 2954 5048 caelo
2984 5001 3125 5054 sunt,
3152 4997 3206 5042 et
3238 5002 3356 5054 qua:

1831 5099 1988 5151 super
2015 5085 2196 5148 cmlos,
2221 5095 2276 5137 et
2306 5085 2612 5138 liberabitur
2641 5085 2813 5137 omnis
2845 5089 3089 5135 creatura
3133 5094 3159 5128 a
3193 5074 3356 5127 servi-

1834 5183 1943 5226 tute
1964 5175 2322 5242 corruptionis
2357 5175 2411 5228 in
2445 5175 2736 5228 libertatem
2761 5173 2941 5242 gloria:
2989 5170 3208 5222 illiorqu
3234 5162 3352 5222 Dei,

1837 5262 1956 5329 quis
1981 5263 2081 5315 scit
2107 5271 2161 5315 et
2187 5264 2253 5316 de
2307 5273 2467 5326 terra,
2506 5278 2572 5316 au
2602 5262 2891 5317 secundum
2920 5266 3154 5311 naturam
3200 5261 3354 5298 suam

1837 5351 1889 5402 iu
1913 5351 2086 5418 aliquo
2110 5361 2324 5420 peccato
2355 5361 2590 5407 teneatur
2613 5350 2876 5406 obnoxia?
2905 5347 2958 5397 Si
2988 5342 3124 5396 enim
3151 5332 3352 5386 animal

1835 5451 1936 5506 est,
1968 5443 2015 5496 si
2045 5446 2374 5500 rationabilis
2394 5455 2490 5509 est,
2514 5447 2557 5499 si
2585 5445 2783 5512 indiget
2809 5436 3071 5493 auditione
3089 5423 3356 5482 86fm0||i5

1833 5533 2123 5601 Prophetici
2158 5536 2413 5590 dicentis:
2450 5534 2664 5588 Attende
2686 5529 2865 5583 caelum
2888 5521 3151 5584 et-loquar,
3178 5519 3225 5562 et
3253 5523 3361 5560 aud
