3894 6448
177 460 260 517 θοι-ι
917 441 1467 504 ORIGENIANORUM
1503 445 1630 502 LIB.

1777 424 1924 503 CAP.
1968 446 2030 512 ιι,
2069 443 2337 514 QUAEST.
2379 445 2506 502 vm.

3160 449 3290 504 978"-

175 573 335 630 mentis
358 569 511 631 clidit,
537 569 1035 634 fundam‘entumque
1068 563 1272 622 subruit
1303 563 1355 616 in
1380 565 1480 619 hoc
1502 563 1646 620 Scri-
1671 572 1718 625 Α
1743 566 1796 620 in
1841 579 1934 635 spe
1959 581 1974 631 ;
2018 565 2141 630 quia
2198 575 2411 636 sperant
2448 565 2603 622 etiam
2635 563 2791 632 hujus
2819 563 3012 618 laboris
3039 573 3285 633 gratiamu

176 674 316 732 ptum
341 659 448 712 loco
472 657 827 722 constitutum,
855 654 952 710 Job
991 669 1114 721 xxv,
1146 653 1214 710 5:
1249 671 1267 707 σ
1293 652 1446 714 Astra
1471 665 1644 708 autem

173 766 260 805 non
300 757 414 802 sunt
462 747 652 800 munda
699 747 752 800 in
785 754 1066 814 conspectu
1101 743 1234 812 eius.
1273 742 1452 813 Neque
1480 744 1643 810 enim,

173 841 344 906 inquit.
376 853 436 892 ex
473 851 536 892 co
563 837 701 905 quod
748 851 850 891 non
885 847 1007 890 sunt
1037 835 1224 889 munda
1271 835 1326 890 in
1363 845 1644 904 conspectu

169 931 270 989 Dei,
311 927 420 980 idco
451 927 693 979 dicuntur
727 925 968 978 animalia
990 963 1006 989 ,
1040 925 1267 991 alioquin
1306 925 1462 977 etiam
1501 939 1644 978 men-

165 1028 288 1073 strua
330 1015 600 1070 mulierum
661 1016 727 1069 ab
771 1015 898 1084 ipsis
944 1015 1188 1068 animalia
1237 1024 1641 1084 nuncupentur;

161 1119 206 1164 et
230 1109 416 1174 leprosa
452 1106 662 1170 domus,
701 1105 948 1174 quoniam
978 1118 1043 1160 ne
1080 1104 1178 1157 ista
1204 1103 1412 1174 quidem
1450 1104 1645 1159 munda

160 1204 262 1252 sunt
299 1197 426 1264 apud
459 1195 643 1258 Deum,
709 1191 993 1248 secundum
1053 1193 1218 1264 legem
1246 1191 1430 1264 Moysi.
1483 1191 1641 1246 Multa

157 1287 272 1340 enim
293 1299 465 1339 eorum
494 1299 613 1353 qua:
647 1285 762 1340 sine
790 1285 966 1338 anima
994 1293 1137 1349 sunt,
1170 1284 1378 1338 ratione
1415 1283 1640 1352 quadam

155 1391 269 1445 stcpe
305 1374 516 1444 legimus
554 1374 845 1428 immunda.
895 1392 912 1424 ι
940 1374 1026 1426 Ait
1065 1373 1221 1427 etiam
1265 1372 1484 1426 Rufinus
1532 1373 1642 1426 haec

155 1464 410 1531 Scriptura:
449 1463 562 1537 loca
602 1463 656 1516 in
685 1463 959 1518 sententiae
985 1478 1092 1518 sua:
1126 1461 1338 1516 tutelam
1363 1459 1640 1529 Origenem

151 1562 426 1606 convertere
454 1568 469 1606 :
500 1569 518 1603 ι
542 1550 635 1604 801
669 1551 914 1620 cognovit
954 1564 1192 1607 occasum
1224 1563 1397 1611 suum,
1443 1567 1462 1602 ο
1501 1545 1638 1604 Psal.

150 1655 240 1704 cur,
266 1639 366 1707 l9;
424 1649 478 1694 et
535 1639 731 1694 illum:
775 1658 793 1690 ι
827 1640 936 1710 Ego
985 1634 1232 1693 omnibus
1285 1637 1450 1692 stellis
1497 1651 1642 1690 man-

147 1728 264 1792 davi,
298 1746 316 1779 ι
353 1727 493 1781 Isaiae
517 1742 641 1789 XLV,
662 1727 748 1780 12.
793 1729 1022 1794 Denique
1049 1725 1372 1794 Nicephorus
1401 1723 1490 1777 lib.
1515 1739 1640 1787 xvn,

147 1831 244 1885 cap.
279 1816 364 1882 28,
409 1831 645 1870 errorem
710 1816 848 1869 hunc
899 1818 962 1869 de
1000 1816 1244 1870 animatis
1289 1813 1546 1868 sideribus
1588 1817 1639 1866 in

143 1909 298 1974 quinta
321 1907 518 1976 synodo
546 1906 860 1960 damnatum
895 1905 1056 1958 fuisse
1088 1915 1289 1958 narrat.

196 1993 268 2050 ΙΙΙ.
306 1995 368 2047 At
403 2008 522 2047 eum
566 1994 816 2062 quamvis
857 1993 999 2044 omni
1042 1991 1386 2046 afﬁrmatione
1429 2002 1640 2043 asseve-

141 2095 264 2136 rasse
304 2083 443 2135 visus
495 2081 564 2136 sit
612 2080 886 2150 Origenes,
936 2081 1034 2134 hoc
1089 2089 1260 2133 tamen
1308 2078 1639 2148 pronuntiato

139 2169 326 2224 lectoris
352 2171 583 2223 animum
618 2171 903 2237 occupavit
931 2170 980 2223 in
1011 2168 1262 2237 prooemio
1300 2166 1420 2220 libri
1447 2165 1640 2234 prioris

139 2258 340 2324 ejusdem
372 2258 509 2326 Περὶ
553 2259 794 2328 ἀρχῶν,
827 2274 968 2312 ηυιη.
1004 2258 1069 2312 l0
1097 2258 1244 2312 :cDe
1286 2255 1396 2310 sole
1441 2265 1636 2318 autem,

138 2360 179 2401 et
209 2350 344 2414 luna,
378 2364 431 2404 et
463 2351 650 2412 stellis,
698 2360 872 2402 utrum
915 2348 1202 2402 animantia
1235 2347 1360 2410 sint,
1407 2360 1474 2402 an
1516 2335 1642 2397 exa-

139 2436 275 2500 nima,
303 2436 583 2490 manifeste
609 2450 720 2490 nou
756 2435 1013 2499 traditur;
1047 2454 1066 2487 ι
1119 2449 1233 2502 qua:
1263 2434 1421 2488 verba
1451 2425 1638 2500 repetit

135 2522 411 2592 Pamphilus
443 2525 496 2578 in
526 2525 804 2594 Apologia.
845 2521 1030 2591 Capite
1077 2535 1283 2590 quoque
1310 2521 1368 2574 li
1404 2520 1522 2574 libri
1553 2535 1637 2574 se-

135 2613 339 2678 quentis,
391 2628 537 2666 num.
567 2613 636 2677 '1,
692 2611 836 2671 velut
887 2611 1118 2664 incertus
1153 2620 1207 2664 et
1245 2608 1476 2663 titubans
1521 2607 1632 2660 ait:

138 2696 284 2751 cCum
309 2713 464 2768 ergo.
497 2699 649 2753 verbi
686 2699 889 2764 gratia,
939 2699 1004 2751 ad
1039 2697 1275 2752 cmlestia
1305 2696 1417 2750 loca
1455 2710 1635 2764 perve-

134 2787 278 2841 nerint
303 2789 492 2853 sancti,
522 2799 650 2845 tunc
684 2788 796 2856 jam
830 2789 1085 2842 rationem
1114 2797 1374 2840 astrorum
1402 2799 1496 2854 per
1529 2784 1638 2838 sin-

132 2875 228 2940 gula
273 2878 662 2943 pervidebunt,
718 2887 774 2932 et
818 2878 930 2932 sive
979 2875 1266 2930 animantia
1308 2884 1474 2939 sunt,
1529 2875 1639 2928 sive

1746 655 1812 710 ab
1839 669 1904 710 eo
1945 655 2036 724 qui
2073 655 2300 724 subjecit
2337 672 2449 712 eas.
2495 654 2722 726 Ideoque
2769 665 2980 724 propter
3012 668 3134 709 eum
3174 669 3264 710 su-

1747 743 1963 807 Stinent,
1987 741 2038 796 id
2057 751 2139 796 est
2179 753 2394 812 pr0pter
2419 744 2534 812 ejus
2557 746 2902 800 voluntatum
2934 741 3040 799 Nec
3074 743 3279 798 rnirumv

1745 834 1789 890 si
1822 835 2084 903 patienter
2114 835 2409 898 sustinent,
2439 849 2559 888 cum
2600 836 2771 890 sciant
2810 837 3260 892 Domiuunrsuum

1745 934 1800 979 et
1829 923 2131 980 Creatorem
2160 925 2416 986 omnium,
2443 924 2554 978 sive
2581 940 2700 994 qua:
2741 927 2792 980 in
2825 927 2978 992 caelo,
3008 929 3116 982 sive
3142 944 3282 997 quar-

1746 1016 1798 1069 in
1831 1023 1971 1070 terra
2017 1023 2170 1080 sunt,
2195 1014 2502 1083 suscepisse
2533 1015 2698 1088 nostri
2729 1017 2964 1084 corporis
3002 1017 3266 1084 fragilita»

1747 1114 1869 1158 tem.
1900 1121 1920 1155 ι
1963 1103 2161 1159 Deinde
2195 1120 2209 1157 :
2253 1120 2270 1154 ι
2302 1103 2440 1157 Illius
2489 1118 2617 1172 ergo
2665 1103 2928 1163 imitantes
2970 1106 3261 1162 bonitatem

1743 1195 1984 1250 caelestes
2015 1202 2310 1258 creaturae,
2349 1193 2472 1247 licet
2499 1193 2878 1264 ingemiscant,
2910 1196 3049 1262 quod
3075 1194 3270 1252 mundi

1745 1284 1899 1353 hujus
1929 1283 2146 1337 vanitati
2177 1282 2420 1350 subjecta:
2447 1283 2552 1336 sint
2573 1321 2588 1345 ,
2616 1282 2960 1337 consolantur
2998 1298 3058 1339 se
3087 1295 3267 1341 tamen.

1743 1374 1881 1442 quod
1926 1373 2293 1427 liberabuntur
2328 1387 2359 1426 a
2398 1373 2651 1429 servitute
2700 1372 3049 1441 corruptionis
3093 1374 3145 1428 in
3198 1377 3263 1430 l'p

1744 1460 2002 1514 bertatem
2059 1459 2256 1528 gloriae.
2282 1478 2302 1512 ι
2343 1459 2663 1528 Augustinus
2703 1474 2911 1529 quoque
2963 1461 3056 1515 lib.
3099 1477 3136 1516 tl
3185 1461 3262 1516 De

1745 1546 1923 1603 Cenes.
1955 1551 2023 1602 ad
2057 1549 2205 1602 liuer.
2231 1588 2247 1614 ,
2282 1541 2336 1602 et
2365 1549 2416 1602 in
2447 1547 2707 1601 Euchirid.
2737 1549 2804 1601 ad
2825 1549 3070 1605 Laurent.
3090 1590 3106 1615 ,
3140 1565 3260 1619 cap.

1743 1638 1832 1705 58,
1865 1639 1930 1693 de
1956 1653 2040 1704 eo,
2077 1645 2256 1705 utpotc
2291 1651 2348 1692 re
2389 1638 2610 1691 obscura
2635 1644 2688 1690 et
2709 1637 2929 1701 incerta,
2957 1639 3177 1696 delinire
3204 1653 3262 1696 se

1744 1727 1883 1782 nolle
1909 1728 2195 1796 quidquam
2222 1715 2478 1781 declarat.
2508 1725 2640 1780 Hinc
2670 1727 2782 1795 ipse
2813 1725 3054 1796 Origenis
3083 1744 3262 1800 repre—

1745 1818 1942 1871 hensor
1989 1816 2340 1886 Hieronymus
2377 1816 2430 1868 in
2465 1814 2658 1868 Ercfes.
2687 1832 2726 1879 ι,
2757 1815 2810 1878 6,
2851 1817 3058 1871 dubitat
3087 1833 3260 1874 annon

1670 1894 1712 1948 Β
1740 1904 2004 1960 sideribus
2033 1905 2259 1957 animam
2283 1903 2536 1957 Salomon
2565 1904 2751 1958 adesse
2785 1906 3049 1972 putaverit
3077 1921 3094 1971 ;
3123 1916 3174 1962 et
3206 1909 3260 1961 in

1739 1992 1925 2061 Ephes.
1960 2007 2012 2058 ι,
2046 1992 2115 2044 22
2137 2032 2152 2055 ,
2197 2006 2263 2045 ue
2293 1993 2464 2046 sidera
2495 1991 2704 2060 quidem
2754 1993 2866 2061 ipsa
2905 1996 3096 2048 munda
3144 2010 3261 2052 esse

1736 2097 1912 2138 coram
1953 2083 2083 2147 Deo,
2110 2095 2278 2149 eaque
2306 2075 2611 2136 Servatoris'
2643 2083 2927 2136 adventum
2973 2083 3261 2142 formidare

1735 2172 1940 2226 scribit.
1969 2170 2120 2228 Unde
2143 2170 2194 2222 in
2218 2169 2437 2238 epistola
2461 2170 2546 2236 6f,
2591 2172 2655 2225 ad
2701 2170 3004 2225 Pammach.
3023 2211 3039 2236 ,
3062 2187 3178 2242 cap.
3204 2172 3261 2241 ὅ,

1735 2261 1802 2316 de
1851 2261 1956 2314 hoc
2001 2273 2162 2328 agens
2215 2261 2496 2328 dogmate:
2531 2279 2548 2310 ‹
2579 2259 2692 2314 Non
2737 2270 2837 2326 est,
2880 2262 3074 2331 inquit,
3103 2262 3262 2319 istius

1737 2348 1992 2416 temporis
2015 2357 2199 2402 contra
2231 2349 2420 2416 dogma
2451 2349 2721 2418 gentilium
2739 2389 2755 2416 ,
2796 2359 2850 2406 et
2872 2363 2937 2406 ex
2961 2362 3113 2422 parte
3140 2351 3261 2407 Pla-

1738 2438 1966 2491 tonicqu
1994 2437 2245 2498 scribere,
2272 2447 2396 2493 ante
2429 2453 2595 2494 annos
2620 2439 2787 2495 ferme
2813 2441 2996 2496 decem
3037 2443 3090 2496 in
3116 2459 3262 2497 com-

1736 2525 2006 2580 mentariis
2034 2525 2390 2592 Ecclesiastis,
2427 2535 2480 2580 et
2515 2528 2882 2594 explanatione
2913 2527 3161 2596 Epistole
3192 2530 3262 2584 ad

1736 2616 1988 2685 Ephesios
2037 2616 2266 2670 arbitror
2306 2622 2518 2672 sensum
2565 2617 2726 2669 animi
2770 2618 2870 2671 mei
2916 2620 3263 2684 prudentibus

1735 2706 2072 2775 explicatum.
2102 2725 2120 2760 ι
2159 2705 2283 2772 Qua:
2324 2720 2445 2759 cum
2489 2707 2586 2773 ipsi
2619 2706 2839 2760 fuissent
2881 2722 2909 2759 a
2945 2707 3134 2763 Rufino
3163 2710 3262 2762 oh-

1731 2795 1869 2862 jecta
1901 2793 2148 2848 lnuectiv.
2175 2808 2192 2848 t
2221 2795 2419 2848 crimen
2449 2794 2601 2848 diluit
2622 2794 2835 2862 Apolog.
2876 2796 2966 2850 lib.
2999 2813 3036 2861 ι,
3069 2799 3258 2865 capJ.

1737 2880 1872 2946 Quin
1927 2882 2086 2934 etiam
2141 2879 2626 2936 Pseudo-Clemens
2678 2881 2730 2935 in
2786 2881 3259 2952 Recognitionibus,

131 2964 352 3032 quidquid
377 2967 499 3021 illud
526 2976 628 3032 est,
661 2967 1132 3033 comprehendent.
1165 2985 1182 3017 ι
1210 2963 1275 3018 Et
1305 2973 1446 3019 Iomo
1469 2964 1639 3031 primo
1737 2970 1826 3026 lib,
1866 2985 1918 3034 ν,
1976 2978 2030 3026 ει
2078 2969 2144 3022 Β,
2176 2969 2347 3026 Moses
2395 2970 2494 3024 ben
2551 2968 2798 3037 Maimon,
2849 2973 3050 3028 animas
3103 2975 3262 3029 astris

130 3054 173 3104 in
193 3052 466 3121 Joannem,
499 3072 650 3114 num.
674 3054 771 3119 40,
802 3070 920 3124 pag.
947 3054 1041 3119 42,
1077 3053 1407 3123 hyperbolice
1441 3055 1635 3107 ἀὶειυω
1735 3060 2008 3130 aflingunt.
2051 3059 2286 3128 Denique
2327 3058 2384 3114 S.
2411 3059 2642 3114 Thomas
2681 3060 2770 3113 lib.
2802 3073 2840 3113 ll
2889 3071 3053 3118 contr.
3084 3060 3260 3128 Gem,

129 3144 398 3210 suspicatur
421 3160 448 3197 a
469 3143 646 3211 Jobo,
678 3154 821 3198 astra
858 3158 984 3211 pura
1019 3159 1119 3196 non
1153 3157 1270 3197 esse
1293 3157 1467 3196 coram
1495 3141 1600 3194 Deo
1663 3192 1702 3220 ι,
1737 3165 1853 3218 cap.
1883 3149 1983 3213 70,
2021 3148 2086 3202 ad
2119 3149 2239 3203 ﬁdei
2269 3148 2561 3204 doctrinam
2597 3149 2862 3215 pertinere
2888 3159 3080 3220 negat,
3115 3162 3260 3206 astra

128 3231 217 3284 Καὶ
249 3231 348 3303 γὰρ
383 3232 583 3286 ἄτοπον
624 3233 768 3308 ὑπὲρ
805 3231 1150 3301 ἀνθρωπίνων
1201 3231 1295 3303 μὲν
1336 3231 1493 3284 αὐτὸν
1539 3230 1638 3298 φά-

129 3336 252 3374 σκειν
287 3324 697 3396 ἁμαρτημάτων
746 3321 1028 3391 γεγεῦσθαι
1059 3320 1302 3386 θανάτου,
1331 3322 1429 3374 οὐκ
1463 3320 1540 3374 ἔτι
1583 3320 1639 3372 δὲ

126 3411 202 3461 καὶ
225 3413 353 3484 ὑπὲρ
377 3413 537 3468 ἄλλου
577 3413 724 3477 τινὸς
752 3411 898 3482 παρὰ
927 3412 1030 3464 τῶν
1055 3410 1344 3484 ἀνθρώπων
1379 3413 1436 3463 ὲν
1465 3411 1640 3481 ἁμαρ-

123 3503 298 3568 τήμασι
342 3503 740 3575 γεγενημένου,
780 3494 886 3555 οἷον
918 3501 1053 3571 ὑπὲρ
1094 3499 1329 3570 ἄπτρων⁹
1378 3499 1496 3553 οὐδὲ
1532 3499 1638 3552 τῶν

121 3589 306 3660 ἄστρων
353 3593 571 3659 πάντως
604 3591 858 3663 καθαρῶν
900 3591 1063 3643 ὄντων
1101 3589 1321 3645 ἐνώπιον
1356 3590 1448 3644 τοῦ
1482 3589 1634 3652 Θεοῦ,

122 3677 183 3738 ὼς
221 3681 274 3732 ὲν
309 3682 384 3752 τῷ
425 3681 546 3734 Ἰὼϐ
596 3680 927 3748 ἀνέγνωμεν.
975 3678 1177 3746 "Accpe
1223 3678 1278 3732 δὲ
1319 3677 1378 3730 οὗ
1427 3676 1639 3748 καθαρὰ

119 3765 320 3822 ἐνώπιον
357 3771 552 3824 αὐτοῦ’
591 3773 644 3824 ει
677 3769 752 3840 μὴ
781 3768 887 3838 ἄρα
917 3767 1274 3837 ὑπερϐολικῶς
1309 3767 1461 3822 τοῦτο
1487 3767 1636 3838 εῖρη·

118 3871 212 3910 ται.
251 3859 475 3916 llomilia
503 3862 728 3916 demum
761 3861 812 3910 in
833 3857 1111 3914 leremiam
1141 3858 1343 3913 decima
1362 3897 1376 3919 ,
1411 3872 1556 3912 num.
1579 3859 1634 3920 6,

117 3949 389 4017 explanans
429 3953 566 4008 illud
598 3951 801 4008 Jerem.
831 3965 932 4014 ιιι,
962 3950 1030 4010 4.
1069 3967 1088 4003 ‹
1116 3948 1400 4016 Quousque
1440 3948 1637 4016 lugebit

118 4045 261 4100 terra,
283 4058 303 4091 ι
343 4051 545 4095 terram
589 4053 789 4108 corpus
828 4052 946 4092 esse
974 4038 1048 4092 ait
1081 4037 1254 4090 anima
1285 4045 1339 4092 et
1360 4051 1516 4092 sensu
1542 4049 1636 4090 ca-

115 4144 240 4194 rens,
265 4131 356 4188 sed
389 4141 555 4187 terra:
581 4130 804 4185 nomine
831 4128 1082 4197 appellari
1110 4128 1353 4198 angelum
1380 4135 1533 4182 terra:
1559 4142 1639 4183 as-

113 4218 406 4287 sistentem,
465 4237 532 4278 ac
599 4220 784 4274 itidem
810 4228 1028 4287 ‘aquze,
1076 4217 1392 4280 clementis,
1445 4225 1500 4270 et
1551 4231 1638 4269 re-

110 4307 196 4362 bus
249 4310 498 4379 singulis.
565 4310 700 4376 Quze
759 4306 897 4360 inter
943 4305 1330 4361 ecclesiasticos
1392 4305 1637 4359 doctores

109 4397 372 4453 tritissima
405 4409 491 4452 est
525 4397 737 4468 opinio,
778 4396 1009 4448 animata
1041 4408 1157 4450 esse
1189 4394 1360 4448 sidera
1400 4408 1494 4462 per
1531 4392 1637 4446 for-

1734 3238 1965 3290 animata
2026 3237 2307 3298 dicantur,
2359 3249 2426 3288 an
2488 3233 2756 3298 inanima;
2807 3236 2946 3292 unde
2997 3235 3264 3292 aestimare

1736 3327 1854 3382 licet
1889 3341 1996 3396 quo
2023 3341 2240 3380 numero
2257 3325 2536 3381 Iustiniani
2571 3327 3038 3383 anathematismos
3055 3328 3260 3384 habue-

1738 3418 1824 3482 rit,
1867 3417 1955 3486 qui
1985 3417 2331 3470 aﬂirmantem
2359 3417 2677 3470 sententiam
2707 3415 3032 3471 confodiunt.

1804 3505 1888 3561 IV.
1923 3507 2072 3562 Viam
2112 3504 2329 3572 Origeui
2378 3505 2443 3559 ad
2500 3505 2551 3558 id
2604 3503 2789 3573 dogma
2838 3505 3265 3575 praemonstravit

1733 3595 1916 3661 Plato,
1954 3595 2045 3665 qui
2100 3594 2152 3648 in
2201 3593 2391 3648 Timore
2433 3593 2555 3648 coeli
2603 3594 2832 3646 animam
2877 3595 3098 3650 rationis
3142 3609 3263 3651 esse

1733 3694 2029 3754 compotem
2054 3684 2149 3748 ait,
2179 3698 2348 3752 eaque
2379 3682 2510 3735 nihil
2539 3698 2566 3734 a
2599 3681 2706 3734 Deo
2731 3685 3068 3751 praestantius
3096 3684 3262 3738 fuisse

1735 3785 2100 3846 procreatum;
2136 3783 2191 3829 et
2223 3774 2274 3827 in
2307 3772 2612 3841 Epinomide
2643 3771 2783 3824 Θεϊον
2815 3773 3063 3839 praedicat
3109 3774 3262 3845 γένος

1731 3865 1962 3936 ἄστρων,
2010 3863 2253 3933 σώματος
2310 3861 2406 3932 μὲν
2447 3861 2604 3929 τυχὸν
2639 3860 2946 3924 καλλίστου,
2989 3862 3161 3930 ψυχῆς
3203 3860 3260 3914 δὲ

1731 3953 2204 4023 εὐδαιμονεστάτης
2246 3967 2302 4004 τε
2335 3950 2429 4004 καὶ
2459 3949 2700 4021 ἁρίσςτης.
2747 3949 3180 4004 Praemonstravit
3206 3959 3263 4004 et

1733 4041 1947 4106 Thales,
1982 4040 2170 4096 Ionica:
2205 4048 2363 4092 sectae
2390 4039 2652 4105 princeps,
2689 4038 2777 4105 qui
2813 4041 2969 4093 rebus
3000 4039 3261 4093 universis

1734 4135 1959 4187 animam
2016 4128 2302 4184 tribuebat.
2361 4126 2798 4180 Praamonslravit
2839 4139 2895 4182 et
2932 4126 3262 4198 Pythagoras

1733 4221 1823 4292 qui
1861 4229 2004 4274 astra
2061 4219 2191 4274 deos
2238 4231 2356 4273 esse
2401 4217 2670 4270 censebat.
2718 4215 3264 4270 Pratmoustraverunt

1737 4321 1792 4368 et
1815 4309 1990 4372 stoici,
2039 4314 2095 4364 et
2128 4307 2263 4374 ipse,
2309 4306 2354 4360 si
2387 4305 2694 4370 Plutarcho,
2724 4305 3024 4360 Alexandro
3053 4305 3262 4375 Aphro-

1734 4401 1912 4461 disaao,
1945 4409 2000 4455 et
2034 4397 2154 4452 aliis
2184 4397 2476 4460 credimus,
2504 4397 2836 4452 Aristoteles.
2873 4397 3105 4451 Platonis
3137 4411 3260 4451 sen-

107 4502 231 4541 mam
265 4490 617 4544 assistentem
645 4495 700 4540 et
727 4484 1105 4546 cohaerentem,
1143 4497 1244 4537 non
1277 4483 1631 4537 intromissam
1664 4491 1708 4544 n
1737 4492 1953 4546 tentiam
1985 4504 2049 4544 ac
2082 4490 2196 4557 ipsa
2240 4489 2616 4556 propemodum
2657 4488 2820 4540 verba
2859 4501 2954 4555 pro
2980 4499 3126 4539 more
3161 4499 3260 4540 suo

105 4583 152 4626 et
180 4575 585 4632 informantem.
628 4575 802 4641 Atque
833 4587 898 4627 ex
933 4572 1018 4626 bis
1047 4571 1177 4626 satis
1223 4581 1366 4640 patet
1396 4570 1636 4641 Origenis

107 4665 373 4725 haesitatio.

163 4754 238 4806 Ad
276 4756 393 4809 haec
441 4753 762 4823 Pamphilus
807 4751 859 4804 in
904 4748 1245 4818 responsione
1287 4751 1354 4804 ad
1393 4759 1632 4803 octavam

103 4842 524 4897 criminationem
548 4882 566 4909 ,
619 4843 900 4910 unicuique
939 4838 1359 4894 Christianorum
1397 4837 1473 4891 fas
1514 4852 1636 4892 esse

99 4930 213 4983 dicit
239 4941 387 4986 astra
426 4933 674 4985 animata
717 4931 799 4984 vel
838 4945 940 4983 non
982 4930 1212 4982 animata
1250 4941 1503 4992 censere;
1537 4941 1634 4982 nec

89 5021 324 5088 cuiquam
359 5024 652 5090 opinionis
685 5020 992 5077 alterutrius
1033 5033 1191 5073 causa
1223 5017 1488 5072 haereseos
1518 5017 1634 5071 iuu-

88 5113 290 5165 rendam
337 5128 465 5166 es.~e
502 5121 722 5179 nolam,
769 5127 938 5180 «prop
960 5125 1020 5164 er
1065 5111 1164 5163 hoc
1215 5108 1351 5178 quod
1405 5123 1507 5162 non
1562 5111 1631 5162 ita

87 5213 254 5268 aperte
291 5205 359 5257 de
407 5203 494 5256 his
539 5205 811 5258 traditum
843 5212 925 5257 est
965 5202 1014 5254 in
1047 5199 1340 5268 apostolica
1371 5198 1630 5268 pradica-

87 5301 274 5347 tone.»
335 5294 495 5360 Quod
553 5293 744 5364 ipsum
786 5309 895 5362 pra:
933 5307 992 5346 se
1040 5291 1157 5345 tulit
1189 5290 1536 5345 Adamantius
1579 5291 1631 5343 in

87 5387 331 5448 prooemio
363 5386 647 5438 librorum
666 5385 802 5452 napi
828 5380 1042 5451 ἀρχῶν,
1083 5396 1228 5434 num.
1256 5381 1340 5443 l0,
1376 5381 1450 5434 uti
1481 5395 1635 5449 supra

87 5475 431 5530 ostendimus.
463 5474 577 5526 Pen
593 5476 702 5528 itus
728 5488 855 5527 vero
873 5470 1164 5540 origenizat
1199 5468 1532 5533 Ambrosius,
1560 5471 1636 5526 sic

87 5563 344 5619 disserens
391 5565 447 5617 in
491 5562 665 5628 epist.
689 5561 778 5626 38,
821 5561 888 5615 ad
930 5558 1308 5612 Horontianum
1351 5575 1364 5611 :
1407 5576 1426 5608 ι
1458 5558 1634 5615 Stellae

88 5653 285 5709 nebulis
341 5654 610 5709 obducite
658 5659 962 5713 vanescunt,
995 5663 1106 5716 quae
1151 5647 1409 5702 sustinent
1472 5645 1633 5704 mini-

91 5741 230 5797 sterii
254 5742 420 5812 huius
452 5738 717 5793 mundani
747 5752 890 5802 usus,
931 5750 1031 5792 non
1061 5746 1242 5806 sponte
1281 5739 1465 5808 utique
1492 5781 1508 5806 ,
1539 5743 1629 5796 sed

1734 4581 1916 4637 retulit
1945 4579 2134 4645 Philo;
2173 4593 2293 4631 nam
2327 4579 2379 4630 in
2413 4576 2545 4630 libro
2570 4576 2708 4646 Περὶ
2728 4577 2832 4632 τοῦ
2864 4575 3262 4645 θεοπέμπτους

1732 4668 1881 4726 εἶναι
1926 4669 2063 4734 τοὺς
2095 4667 2358 4734 ὀνείρους
2381 4705 2396 4730 ,
2429 4675 2484 4719 et
2518 4665 2641 4720 alibi
2677 4675 2817 4720 astra
2857 4681 2962 4720 non
3013 4664 3262 4718 animalia

1735 4760 1908 4821 modo,
1961 4760 2052 4811 sed
2099 4769 2303 4813 tuentes
2344 4756 2506 4809 etiam
2543 4755 2852 4824 purissimas
2881 4770 3000 4810 esse
3044 4753 3256 4808 asserit.

1734 4830 1958 4904 ln'libro
1991 4859 2163 4900 tamen
2192 4847 2267 4899 De
2298 4847 2478 4898 mundi
2515 4845 2750 4910 api/icio,
2781 4855 2833 4900 et
2877 4843 3045 4897 altero
3071 4843 3145 4896 De
3183 4843 3260 4910 gi-

1731 4937 1995 5008 gantibus,
2032 4950 2093 4988 ea
2123 4949 2239 4989 esse
2285 4935 2394 4988 vult
2419 4935 2483 4988 δι’
2505 4936 2622 4989 ὅλου
2655 4934 2909 4992 σπουδαῖα
2957 4936 3139 5000 (quam
3164 4944 3258 4984 vo-

1734 5043 1849 5082 cem
1877 5023 2442 5094 usurpavitOrigenes)
2485 5027 2577 5078 καὶ
2599 5025 2798 5087 παντὸς
2826 5021 3144 5076 ἀνεπίδεκτα
3166 5035 3260 5070 κα-

1729 5115 1830 5170 ικοῦ
1849 5154 1864 5178 ,
1892 5115 1984 5168 καὶ
2019 5114 2268 5186 ἀκήρατα
2287 5153 2302 5181 ,
2328 5116 2467 5184 quod
2493 5116 2704 5185 Origeni
2733 5130 2835 5168 non
2865 5112 3081 5180 placuit.
3123 5107 3259 5161 Huic

1731 5218 1939 5273 quoque
1985 5202 2050 5256 ad
2095 5218 2210 5257 eam
2262 5207 2651 5272 capessendam
2693 5202 2997 5272 opinionem
3055 5194 3261 5263 praeivit

1729 5291 1972 5345 Clemens
2002 5289 2393 5347 Alexandrinus
2420 5292 2472 5346 in
2504 5291 2708 5361 chogis
2742 5291 2810 5344 ὲκ
2840 5285 2956 5339 τῶν
2982 5295 3262 5348 προφητι-

1732 5378 1871 5434 κῶν.
1910 5379 2274 5433 Perseveravit
2299 5391 2475 5435 autem
2518 5381 2583 5434 ad
2615 5388 2847 5434 nostram
2877 5378 3090 5424 aetatem
3133 5365 3266 5418 illud

1731 5473 1796 5525 de
1840 5471 2088 5524 animatis
2126 5472 2390 5528 sideribus
2419 5473 2695 5542 placitum,
2730 5463 3152 5522 defensoresque
3182 5457 3272 5509 ha-

1727 5562 1843 5618 buit
1894 5563 2036 5617 viros
2080 5566 2354 5632 quantivis
2408 5563 2562 5636 pretii
2621 5557 2928 5628 Tycboncm
2982 5555 3042 5599 et
3091 5546 3277 5616 Κερυο

1727 5651 1918 5707 ferum.

1799 5743 1862 5797 γ.
1892 5739 2215 5812 Augustinus
2243 5745 2335 5802 lib.
2367 5763 2397 5799 v
2427 5744 2501 5800 De
2527 5740 2670 5796 civit.
2704 5730 2827 5793 Dei,
2856 5737 2973 5792 cap.
3002 5722 3060 5785 l,
3094 5734 3291 5777 corum
