3894 6452
442 498 541 553 979

442 608 719 663 contutans
767 604 954 672 dogma
984 601 1073 670 qui
1117 602 1273 655 «sine
1316 600 1405 654 Dei
1456 597 1722 652 voluntate
1769 598 1951 650 decer-

445 711 572 750 nere
596 695 881 762 opinantur
912 693 1082 746 sidera
1102 691 1224 758 quid
1256 704 1488 758 agamus.
1520 689 1599 740 vel
1640 685 1761 755 quid
1788 685 1950 737 bono—

444 799 560 837 rum
592 782 898 845 habeamus,
939 779 1257 833 malorumve
1302 777 1592 844 patiamur;
1626 793 1644 826 ι
1679 775 1788 827 Ιιωο
1828 771 1954 825 sub-

440 870 613 938 jungit
638 885 651 919 :
694 886 712 918 ι
742 868 890 934 Quod
923 867 967 920 si
993 867 1239 919 dicuntur
1269 864 1431 917 stellae
1455 863 1754 932 signiﬁcare
1778 862 1955 929 potius

445 960 567 1020 ista,
597 971 753 1025 quam
785 958 971 1019 facere,
1012 963 1069 1006 ut
1106 953 1252 1021 quasi
1281 953 1475 1005 locutio
1505 953 1740 1019 quaedam
1768 950 1839 1002 sit
1866 949 1953 1001 illa

445 1048 639 1118 positio
677 1047 965 1114 praedicens
997 1048 1187 1111 futura,
1212 1060 1313 1098 non
1345 1057 1501 1112 agens
1523 1042 1649 1112 (non
1676 1041 1815 1093 enim
1844 1053 1955 1091 me-

447 1136 699 1191 diocriter
732 1137 999 1190 doctorum
1025 1134 1293 1188 hominum
1328 1130 1625 1202 [Origenem
1656 1125 1823 1196 notat]
1861 1123 1958 1178 fuit

447 1227 548 1282 ista
584 1224 884 1294 sententia),
933 1240 1035 1278 non
1063 1225 1268 1292 quidem
1295 1223 1366 1276 ita
1396 1220 1562 1275 solent
1582 1218 1721 1288 loqui
1754 1218 1958 1270 mathe-

447 1312 648 1374 matici,
681 1320 737 1364 ut
769 1310 911 1364 verbi
942 1309 1110 1379 gratia
1135 1308 1337 1373 dicant,
1358 1306 1495 1359 Mars
1524 1306 1593 1359 ita
1630 1304 1834 1372 positus
1861 1303 1959 1356 ho-

455 1400 697 1454 micidam
751 1399 1040 1468 signiﬁcat;
1088 1400 1180 1453 sed
1230 1396 1543 1451 homicidam
1592 1394 1736 1447 facit.
1766 1412 1783 1445 ι
1846 1392 1957 1455 His,

449 1488 687 1555 inquam,
714 1486 992 1557 Origenem
1020 1487 1322 1555 designasse
1341 1485 1569 1539 creditus
1596 1491 1677 1537 est
1706 1499 1720 1535 :
1756 1496 1876 1535 nam
1907 1482 1959 1533 in

450 1588 515 1627 eo
536 1575 828 1643 fragmento
855 1576 992 1643 quod
1023 1590 1053 1627 e
1081 1573 1568 1628 Commentariorum
1608 1573 1770 1640 ipsius
1793 1573 1846 1623 in
1870 1570 1963 1624 Ge-

449 1665 610 1717 nesim
652 1675 796 1718 tomo
827 1665 889 1717 ιιι
934 1673 1236 1733 excerptum
1268 1663 1526 1717 Eusebius
1556 1661 1960 1731 Prwparationis

449 1754 749 1822 evangelica
798 1756 932 1807 lihro
966 1765 1119 1809 sexto
1162 1756 1419 1818 inseruit,
1466 1755 1623 1808 astris
1666 1754 1960 1808 futurorum

451 1843 626 1896 inesse
650 1842 1082 1905 signiﬁcationem
1121 1844 1363 1907 aliirmat,
1403 1858 1546 1895 num.
1572 1843 1636 1906 5,
1667 1844 1700 1897 9
1727 1852 1784 1896 et
1813 1857 1959 1909 seq.,

452 1948 555 1985 non
597 1935 752 1986 etiam
784 1948 1020 1998 causam,
1058 1935 1193 2001 quod
1225 1933 1424 1987 faciunt
1447 1932 1774 1988 Genethliaci
1802 1951 1816 1996 ;
1848 1948 1963 1985 mo-

453 2033 559 2074 tum
590 2036 717 2088 ergo
749 2021 810 2074 iis
837 2036 864 2073 a
900 2022 1003 2074 Deo
1030 2030 1084 2074 et
1109 2022 1347 2073 ordinem
1376 2021 1621 2084 inditum,
1650 2028 1707 2071 ut
1734 2019 1857 2072 inde
1887 2018 1970 2070 l'u-

453 2118 689 2162 turorum
743 2108 1091 2180 cognitionem
1138 2107 1306 2177 angeli
1352 2108 1630 2171 hauriant;
1672 2105 1820 2172 cujus
1852 2106 1970 2171 qui-

452 2198 571 2250 dem
614 2196 927 2265 cognitionis
971 2195 1323 2264 adeptionem,
1361 2210 1479 2248 cum
1525 2196 1665 2247 vires
1697 2205 1971 2262 superaret

451 2287 730 2348 lmmanas,
760 2286 824 2338 ab
853 2283 1051 2353 angelis
1077 2284 1336 2351 apostatis
1362 2284 1411 2336 in
1443 2284 1683 2337 homines
1708 2283 1882 2350 aliqua
1903 2297 1969 2337 ex

451 2381 601 2440 parte
662 2372 822 2425 fuisse
871 2371 1275 2431 transmissam;
1331 2370 1531 2423 nullam
1584 2380 1759 2422 autem
1807 2370 1971 2422 libero

452 2463 671 2515 arbitrio
701 2463 804 2513 vim
842 2460 1324 2512 veLnecessitatem
1369 2457 1493 2510 hinc
1526 2456 1731 2511 inferri.
1775 2454 1972 2509 Praeter

453 2551 801 2619 Augustinum
835 2551 946 2602 haec
970 2549 1311 2601 vehementer
1337 2545 1593 2612 castigant
1618 2544 1837 2597 Ruﬁnus
1866 2543 1968 2596 Pa-

452 2639 686 2692 laestinus
718 2638 770 2690 in
804 2637 977 2690 libello
1006 2635 1080 2688 De
1114 2635 1250 2703 ﬁde,
1280 2644 1332 2687 et
1356 2634 1643 2701 Procopius
1668 2632 1884 2685 Gazaeus
1918 2633 1970 2682 in

452 2730 582 2785 Gen.
612 2746 627 2783 ι
652 2770 668 2796 ,
719 2730 813 2793 14,
848 2728 937 2797 (ιιιί
965 2729 1029 2781 ab
1054 2726 1278 2795 Origene
1302 2765 1316 2787 ,
1348 2739 1505 2792 quem
1537 2724 1587 2776 in
1619 2723 1736 2776 aliis
1765 2723 1828 2776 ad
1854 2736 1973 2775 ver-

451 2822 573 2876 bum
614 2818 723 2872 fere
756 2817 1014 2885 sequitur,
1054 2816 1152 2870 hac
1184 2814 1235 2867 in
1274 2824 1423 2882 parte
1452 2812 1712 2867 discessit.

521 2910 660 2963 Sane
688 2909 733 2963 si
782 2909 950 2961 l’utura
986 2905 1147 2959 multa
1182 2920 1287 2958 non
1332 2905 1398 2957 ab
1440 2903 1598 2957 astris
1628 2900 1970 2970 praznuntiari

454 3004 730 3063 duntaxat,
762 2999 854 3053 sed
883 3005 936 3051 et
966 2996 1097 3049 etiici
1124 2996 1341 3049 dixisset
1363 2992 1636 3061 Origenes,
1661 3001 1713 3046 et
1741 2992 1969 3045 siderum

1687 482 1745 536 Ρ.
1784 475 2091 553 DANIELIS
2127 468 2354 527 HUETll

1982 598 2028 654 Α

1999 1897 2041 1950 Β

3676 437 3788 491 980

2054 605 2106 643 vi
2137 596 2317 641 contra
2343 582 2561 636 Cetsitm
2609 573 2827 641 legitur
2856 579 3042 622 num.
3076 559 3179 623 50,
3211 556 3289 611 51
3310 594 3329 619 ,
3365 553 3495 605 falli
3536 564 3666 613 ws,
3694 552 3788 616 qui

2050 693 2175 732 vera
2201 676 2411 729 dierum
2442 684 2542 723 sex
2574 664 2769 733 spatia
2814 660 3101 727 Moysem
3142 651 3202 703 in
3239 646 3469 701 mundi
3506 643 3788 695 narranda

2052 766 2324 822 creatione
2369 759 2732 828 signiﬁcasse
2784 756 3026 819 putant
3063 764 3079 797 :
3124 750 3438 828 quosque
3468 748 3534 788 se
3576 733 3637 785 in

2052 820 2119 908 ad
2143 852 2383 906 Genesim
2410 820 2851 901 Oommentariis
2895 834 3214 890 refellisse
3244 830 3368 881 ait.
3420 825 3489 877 In
3525 838 3646 891 quo
3671 820 3797 873 Phi-

2053 945 2229 997 lonem
2285 947 2517 994 secutus
2580 944 2695 993 est,
2751 930 2935 998 cujus
3003 926 3143 978 lucc
3204 917 3413 973 verba
3463 923 3610 968 sunt
3655 912 3795 963 lib.|

2055 1032 2310 1099 Allegor.,
2358 1026 2575 1096 Εὖηθες
2619 1022 2768 1074 πάνυ
2799 1018 2867 1071 τὸ
2898 1013 3149 1069 οἴεσθαι
3191 1008 3275 1073 ἓξ,
3305 1004 3613 1099 ἡμέραις,
3640 1001 3678 1071 ἦ
3706 1018 3801 1099 πια-

2056 1093 2208 1172 uno;
2244 1117 2426 1186 χρόνῳ
2461 1093 2677 1181 udo-poi:
2711 1107 3063 1178 γεγονέναι.
3130 1100 3392 1166 Nempe
3431 1096 3569 1147 haec
3600 1093 3803 1158 tropice

2058 1208 2409 1275 intelligenda
2456 1202 2925 1273 explicandaque
2986 1192 3315 1249 censebat
3366 1186 3711 1275 Origenes,
3750 1192 3808 1236 ut

2060 1299 2162 1350 alia
2196 1273 2480 1364 pleraque,
2524 1294 2579 1346 in
2624 1291 2842 1359 quibus
2876 1282 3244 1354 allegorice
3300 1276 3527 1331 sensui
3577 1273 3804 1364 nimium

2061 1362 2328 1449 tribuens,
2382 1382 2637 1437 nativum
2668 1388 2730 1434 et
2793 1374 3151 1431 litteralem
3217 1364 3664 1423 subvertebat.
3712 1362 3805 1428 Qui

2059 1474 2318 1541 quoniam
2344 1485 2510 1524 error
2533 1485 2698 1525 suum
2735 1466 2849 1521 sibi
2880 1460 3185 1533 postulat
3216 1467 3509 1511 examen
3534 1490 3554 1516 ,
3587 1452 3809 1505 verbum

2063 1575 2167 1613 non
2212 1558 2434 1613 addam.

2643 1620 3018 1690 QUIESTIO
3068 1614 3192 1674 IX.

2382 1732 2451 1772 DE
2499 1726 2977 1770 BESUBRECTlONE
3019 1716 3484 1763 MOBTUORUI.

2063 1807 2107 1861 1.
2147 1807 2331 1861 Status
2355 1807 2675 1875 qua’stionis
2706 1804 3107 1875 proponitur.
3159 1795 3598 1875 II.__ro't'rina
3634 1791 3813 1858 Orige-

2146 1879 2228 1927 nis
2270 1880 2335 1929 de
2359 1862 2757 1927 resurrectione
2789 1862 3206 1923 cunctentur.
3242 1864 3358 1917 Ill.
3408 1862 3626 1916 Utrum
3650 1878 3817 1913 resur-

2146 1946 2431 1996 rectionem
2486 1942 2735 1993 absolute
2781 1938 3137 1992 sustulerit.
3220 1932 3340 1987 ιν.
3404 1931 3545 1985 Hoc
3609 1932 3819 1983 crimine

2142 2022 2429 2080 purgatur.
2465 2009 2531 2061 ν.
2560 2006 3098 2080 UtrumAcorpor‘is
3144 2003 3688 2080 Iesurrectionm
3734 2002 3818 2080 ud-

2142 2069 2367 2139 inisErit,
2415 2078 2598 2130 carnis
2639 2069 2931 2141 inﬁciatus
2977 2075 3103 2126 sit.
3144 2072 3267 2125 VI.
3312 2070 3399 2123 In
3436 2086 3507 2121 eo
3534 2069 3821 2141 etiamne»

2142 2149 2293 2211 sitat,
2333 2135 2380 2198 ἐι
2426 2135 2732 2197 multorum
2767 2156 3074 2211 praeterea
3132 2157 3421 2194 assensu
3455 2139 3695 2207 gaudet.
3719 2135 3819 2189 \‘ll.

2143 2210 2336 2268 Utrum
2383 2224 2431 2266 et
2465 2213 2736 2281 quomodo
2769 2210 3055 2281 corpora
3097 2210 3681 2281 irt_resurrectione
3712 2223 3821 2256 mu-

2142 2293 2307 2334 tatum
2346 2283 2417 2332 iri
2453 2273 2895 2334 existimaveritf
2920 2277 3092 2331 Vlll.
3146 2277 3286 2346 Hic
3330 2292 3578 2346 quoque
3609 2273 3822 2327 Patrum

2141 2351 2345 2417 aliquot
2370 2350 2724 2401 consensione
2780 2364 2842 2399 se
2892 2356 3151 2417 tuetur.
3198 2345 3470 2399 ΙΧᾹΑη
3522 2347 3826 2417 corporajn

2145 2412 2536 2471 resurrectione
2591 2418 2869 2481 sphwrica
2935 2414 3194 2480 futura
3285 2415 3721 2467 autumarerit.
3764 2412 3823 2464 Χ.

2144 2484 2331 2537 Utrum
2356 2488 2545 2549 impios
2576 2485 2941 2551 aﬂirmaverit
2972 2488 3395 2552 neutiquam
3432 2485 3498 2535 in
3522 2484 3692 2536 vitam
3718 2484 3829 2535 red-

2139 2556 2327 2606 ituros.
2371 2553 2464 2605 XI.
2510 2552 2666 2606 Unde
2711 2568 2875 2604 suam
2900 2555 2972 2602 de
2992 2556 3501 2605 resurrectione
3530 2555 3825 2604 doctrinam

2142 2623 2401 2684 hauserit,
2433 2622 2702 2687 aperitur.
2754 2619 2877 2672 ΧΗ.
2934 2618 3310 2687 Nonnulla
3362 2623 3449 2673 ad
3516 2622 3644 2687 ejus
3677 2636 3822 2671 ercu-

2142 2692 2399 2742 sationem
2425 2684 2625 2755 praeter
2654 2689 2956 2754 superiora
2996 2684 3461 2757 colliguntur.
3522 2684 3673 2745 XIII.
3718 2688 3822 2753 Quo

2142 2774 2298 2894 ἲεηεύ
2332 2758 2529 2809 dixerit
2581 2767 2947 2824 peccatorum
2988 2772 3299 2811 causam
3364 2764 3450 2811 ad
3506 2775 3712 2825 corpus
3748 2774 3819 2810 re-

2166 2842 2288 2879 errr.

2166 2842 2288 2879 errr.

2144 2916 2185 2969 l.
2222 2913 2648 2968 «Transeamus
2701 2914 2838 2967 hinc
2895 2913 2972 2967 ad
3048 2915 3597 2973 famosissimum
3649 2920 3720 2974 de
3761 2934 3830 2972 re-

2074 3004 2421 3060 surrectione
2450 3004 2638 3057 carnis
2675 3012 2735 3056 et
2764 3004 3059 3072 corporis
3104 3009 3596 3074 quaestionem.
3627 3029 3646 3059 ι
3698 3009 3831 3062 Licet

456 3090 650 3142 Viribus
679 3101 901 3155 corpora
937 3087 1049 3140 haec
1078 3092 1284 3137 ιθιτθηδ
1311 3083 1470 3136 Variis
1514 3082 1647 3135 δαῖεί
1684 3082 1886 3145 "mdis.
1919 3088 1974 3134 ει
2070 3095 2217 3148 enim
2256 3092 2335 3145 uti
2357 3093 2543 3146 verbis
2569 3092 2906 3162 Hieronymi
2944 3095 3165 3162 epist-
3211 3097 3331 3161 6i,
3368 3101 3450 3152 ad
3486 3100 3829 3164 Pammach,

1998 3201 2039 3258 α
2072 3196 2188 3250 cap.
2231 3180 2283 3243 7,
2316 3181 2420 3233 hoc
2456 3192 2860 3248 argumentum
2927 3185 3292 3241 adversus
3353 3192 3691 3259 Origenem
3722 3207 3829 3259 per-

455 3180 519 3231 ad
556 3179 665 3234 haec
709 3176 865 3231 illave
910 3173 1232 3229 commoveri
1280 3180 1332 3224 et
1376 3170 1654 3235 inclinari,
1691 3171 1741 3223 in
1788 3172 1969 3224 eadem

455 3278 594 3322 esset
625 3281 785 3320 causa
826 3280 888 3317 ac
912 3261 1364 3332 Apostelesmatici
1396 3274 1600 3323 omnes,
1631 3268 1685 3312 et
1729 3260 1971 3313 hodierni

457 3355 753 3420 astrologiae
781 3354 1011 3421 patroni,
1038 3364 1263 3419 quorum
1285 3349 1567 3410 sententia,
1594 3349 1797 3416 integra
1821 3349 1976 3402 modo

457 3451 698 3497 servetur
742 3442 953 3495 humani
989 3441 1209 3493 libertas
1262 3439 1489 3502 arbitrii,
1540 3440 1803 3492 haereseos
1853 3448 1973 3492 nota

457 3530 705 3583 immunis
734 3540 833 3583 est.
869 3532 936 3583 At
963 3545 1083 3583 cum
1105 3528 1542 3597 signiﬁcationem
1572 3528 1736 3582 solum
1769 3528 1974 3584 futuro-

461 3633 599 3679 rum,
630 3618 807 3670 itidem
836 3628 893 3670 ut
918 3619 1169 3686 Synesius
1195 3617 1284 3669 lib.
1312 3616 1387 3669 De
1414 3618 1699 3678 insomniis,
1724 3632 1828 3671 non
1858 3633 1979 3671 cau-

462 3723 574 3763 sam
606 3708 764 3762 astris
791 3707 1134 3774 ascripserit,
1164 3706 1322 3760 illaesa
1356 3705 1557 3758 arbitrii
1604 3706 1847 3759 libertate
1871 3747 1886 3769 ,
1916 3724 1979 3762 eo
2026 3723 2035 3731 '

460 3799 636 3854 minus
680 3799 839 3853 etiam
893 3796 1120 3851 decretis
1181 3795 1430 3848 Ecclesia;
1484 3795 1789 3847 adversatur
1841 3795 1981 3851 illius

459 3890 676 3959 Opinio;
706 3905 860 3957 quam
892 3901 1134 3941 manasse
1157 3900 1187 3939 e
1218 3885 1601 3938 Platonicorum
1624 3884 1821 3939 scholis
1852 3888 1981 3940 satis

460 3986 679 4046 apparet
720 3993 785 4032 ex
823 3976 1011 4030 Plotini
1043 3974 1180 4028 Enn.
1213 3990 1272 4040 ιι,
1322 3974 1412 4028 lib.
1436 3991 1473 4039 ι,
1516 3988 1632 4041 cap.
1678 3974 1703 4025 1
1737 3986 1791 4027 et
1831 3975 1883 4037 7,
1930 3984 1982 4029 et

460 4067 601 4121 Enn.
627 4083 719 4132 ιιι,
777 4066 870 4119 lib.
902 4080 939 4127 ι,
970 4079 1086 4132 cap.
1116 4067 1179 4127 6,
1215 4077 1368 4131 quem
1413 4074 1624 4117 secutus
1665 4073 1746 4116 est
1781 4063 1981 4118 Macro-

461 4156 578 4209 bius
608 4157 698 4210 lib.
733 4171 746 4208 l
788 4157 841 4211 in
872 4154 1053 4209 Somn.
1090 4153 1269 4221 Scip.,
1309 4167 1423 4220 cap.
1451 4154 1501 4206 l.

530 4245 658 4297 Cum
701 4243 752 4296 in
782 4258 845 4298 eo
872 4251 1067 4305 autem,
1103 4242 1242 4310 quod
1284 4241 1538 4303 diximus,
1588 4239 1900 4309 fragmento,
1930 4252 1984 4295 et

463 4331 588 4384 alibi
620 4346 827 4400 quoque
852 4371 868 4395 ,
908 4346 1120 4386 causam
1173 4334 1467 4384 futurorum
1516 4330 1776 4383 sideribus
1809 4333 1982 4386 neuti-

465 4435 623 4488 quam
670 4424 845 4477 iuesse
896 4438 1085 4490 magno
1140 4429 1333 4477 conatu
1359 4420 1612 4487 Origenes
1660 4421 1980 4487 probaverit,

2071 3270 2364 3338 sequentis.
2397 3268 2659 3323 Cohaeret
2684 3280 2883 3325 autem
2915 3272 3023 3325 illa
3068 3291 3367 3347 quoque
3405 3296 3559 3334 cum
3590 3284 3829 3351 superio-

2074 3359 2242 3421 ribus,
2296 3372 2422 3409 uam
2476 3367 2626 3411 statu
2686 3361 3043 3416 animarum
3091 3375 3269 3421 ante
3315 3370 3493 3424 hanc
3526 3372 3709 3424 vitam
3746 3388 3832 3423 ex-

2074 3448 2292 3518 quisito,
2340 3447 2584 3514 ipsarum
2633 3462 2872 3517 quoque
2930 3450 3175 3506 futura
3249 3466 3406 3524 post
3470 3459 3633 3513 hanc
3682 3460 3835 3514 vitam

2076 3553 2192 3594 sors
2213 3536 2545 3605 exploranda
2576 3546 2664 3591 est
2695 3554 2711 3590 :
2750 3540 3059 3594 nimirum
3092 3546 3392 3603 solasne
3420 3564 3499 3604 ac
3535 3551 3833 3609 solitarias,

2078 3642 2143 3680 an
2219 3623 2538 3690 coniunctas
2626 3629 2984 3693 corporibus
3082 3637 3353 3702 quibus
3466 3655 3616 3695 com

2298 3623 2538 3690 ijunctas
2626 3629 2984 3693 corporibus
3082 3637 3353 3702 quibus
3466 3642 3836 3695 convixeruut

2076 3726 2405 3784 postremum
2439 3716 2733 3769 subituras
2758 3716 3122 3789 judicium,
3169 3725 3559 3798 iisdemque
3589 3731 3836 3797 deinceps

2078 3806 2388 3859 adhmsuras
2423 3806 2834 3859 autumaverit.
2900 3809 2992 3863 Ac
3064 3829 3412 3885 magnum
3451 3821 3616 3890 ρι-οῐε

2298 3819 2388 3857 ras
2423 3806 2834 3859 autumaverit.
2900 3809 2992 3863 Ac
3064 3829 3412 3885 magnum
3451 3821 3728 3890 profecto
3753 3822 3834 3874 ha-

2079 3895 2325 3948 beremus
2354 3893 2419 3945 ad
2452 3895 2782 3960 quaestionis
2815 3895 2988 3951 illius
3036 3909 3547 3963 tractationem
3581 3926 3833 3977 compen-

2079 3984 2246 4045 dium,
2272 3982 2315 4035 si
2348 3981 2510 4049 hujus
2538 3986 2869 4049 argumenti
2906 3997 2977 4040 et
3015 3990 3216 4047 tituli
3262 3996 3473 4054 libris
3514 4001 3597 4053 ab
3636 4013 3841 4054 eacon-

2081 4070 2295 4137 scriptis
2327 4072 2597 4138 temporis
2655 4073 3043 4132 diuturnitas
3108 4088 3584 4154 pepercisset;
3628 4099 3840 4155 etquie-

2081 4173 2293 4228 cuuque
2327 4161 2380 4211 iu
2433 4160 2503 4213 iis
2551 4159 2687 4212 olim
2731 4160 2993 4218 fuerunt
3068 4176 3537 4244 reprehensa,
3604 4189 3838 4235 νειεηιη,

2082 4256 2430 4301 monumenta
2463 4262 2576 4337 prie
2606 4261 2666 4301 se
2701 4247 2982 4306 ferrent:
3027 4258 3118 4312 de
3155 4276 3238 4315 se
3277 4267 3533 4337 quippe
3568 4272 3695 4336 ipse
3729 4285 3837 4319 nar-

2082 4347 2164 4429 rat
2191 4337 2286 4429 lib:
2320 4352 2357 4389 ιι
2388 4336 2532 4403 Περὶ
2585 4337 2823 4405 ἀρχῶν,
2854 4357 2998 4412 cap.
3041 4350 3166 4415 10,
3204 4336 3423 4409 num.
3458 4361 3527 4418 1.
3563 4376 3620 4429 pl

2320 4352 2357 4389 ιι
2388 4336 2532 4403 Περὶ
2585 4337 2823 4405 ἀρχῶν,
2854 4357 2998 4412 cap.
3041 4350 3166 4415 10,
3204 4336 3423 4409 num.
3458 4361 3527 4418 1.
3563 4360 3841 4429 publicatis

2084 4425 2193 4477 suis
2241 4423 2318 4475 De
2357 4434 2747 4477 resurrectione
2800 4429 3450 4507 lucubrationibus,
3532 4423 3582 4495 «-
3616 4447 3843 4500 oﬂ‘ensos

468 4508 630 4561 miror
677 4510 727 4563 id
785 4512 835 4565 ei
886 4513 1070 4580 dogma
1132 4510 1357 4567 allictum
1398 4532 1409 4563 ε
1448 4509 1527 4560 ὅτι
1583 4508 1830 4578 ποιητικὴ
1880 4511 1984 4562 τῶν
2014 4510 2344 4578 unosdam
2384 4511 2437 4563 in
2483 4510 2881 4569 ecclesiastica
2944 4522 3105 4588 lide,
3157 4531 3372 4595 quasi
3438 4535 3615 4588 velut
3668 4536 3842 4595 stulte,

470 4599 838 4667 πραττομένων
880 4603 913 4669 ἡ
957 4601 1297 4676 ἀστρονομία,
1333 4618 1351 4650 ι
1379 4599 1752 4651 astronomiam
1799 4614 1981 4653 eorum

468 4699 586 4751 qum
641 4686 769 4737 ﬁunt
824 4701 1036 4741 causam
1089 4702 1223 4751 esse,
1252 4707 1272 4740 ι
1318 4689 1456 4755 quod
1498 4688 1639 4741 inter
1682 4689 1781 4740 alia
1813 4689 1981 4742 eidem

468 4773 776 4840 exprobrari
835 4776 987 4829 solita
1049 4778 1253 4831 decimo
1307 4778 1421 4831 loco
1489 4786 1725 4832 recenset
1780 4792 1983 4847 anony-

468 4878 588 4916 mus
621 4872 804 4916 auctor
832 4863 1094 4933 Apologia:
1146 4882 1239 4934 pro
1272 4866 1522 4935 Origene,
1565 4868 1701 4936 apud
1741 4866 1982 4921 Photium

467 4953 588 5007 cod.
611 4966 775 5005 cxvu.

539 5039 623 5094 Vl.
655 5039 853 5093 Praeter
872 5084 873 5087 η
889 5040 1317 5107 superiora,illud
1332 5057 1543 5111 quoque
1566 5036 1983 5111 reprehendendi

470 5145 629 5190 causa
652 5146 682 5190 e
698 5129 789 5183 lib.
808 5145 857 5185 Iv
873 5129 1004 5195 Περὶ
1022 5130 1233 5199 ἀρχῶν,
1251 5146 1396 5184 ιιιιιη.
1424 5132 1510 5193 16,
1536 5131 1986 5187 recitatJustiuia-

470 5234 573 5273 nus
598 5217 664 5272 ad
697 5214 899 5270 calcem
919 5216 1070 5281 epist.
1097 5217 1161 5267 ad
1186 5216 1420 5270 Menam:
1452 5219 1546 5281 Τίς
1574 5218 1694 5271 νοῦν
1720 5218 1854 5287 ἔχων
1877 5221 1987 5289 ὁρί-

468 5306 612 5373 ζεται
634 5306 872 5379 πρώτην,
883 5304 973 5363 καὶ
986 5305 1251 5373 δευτέραν,
1273 5307 1362 5362 καὶ
1376 5309 1557 5379 τρίτην
1581 5311 1807 5380 ἡμέραν,
1823 5310 1987 5362 ἑσπέσ-

473 5415 571 5468 ραν
597 5415 654 5455 τε
678 5398 769 5450 καὶ
795 5395 999 5466 πρωῖοιν
1021 5394 1183 5462 χωρὶς
1208 5395 1353 5462 ἡλίου
1379 5399 1648 5464 γεγονέναι
1670 5437 1685 5461 ,
1716 5399 1808 5452 καὶ
1837 5397 1989 5467 σελή-

470 5501 593 5553 νης,
621 5485 713 5538 καὶ
754 5484 1026 5554 ἀστέρων;
1075 5498 1094 5530 ι
1124 5481 1250 5545 Quis
1296 5484 1487 5538 mentis
1530 5500 1742 5554 compos
1796 5495 1993 5539 statuat

474 5576 721 5639 primum,
756 5583 810 5627 et
842 5572 1147 5633 secundum,
1181 5578 1234 5623 et
1278 5572 1492 5625 tertium
1512 5575 1672 5637 diem,
1711 5583 1765 5628 ct
1800 5589 1990 5642 vespe-

477 5674 610 5727 ram,
639 5670 699 5715 ac
722 5664 1036 5717 matutinum
1064 5670 1270 5729 tempus
1291 5663 1405 5716 sine
1426 5663 1537 5717 sole
1562 5664 1743 5724 fuisse,
1774 5672 1824 5715 et
1847 5661 1987 5726 luna,

483 5752 534 5799 et
563 5747 799 5803 stellis?»
837 5749 935 5806 Cui
974 5758 1027 5808 et
1054 5750 1177 5805 illud
1229 5758 1399 5819 potest
1428 5750 1658 5823 adjungi,
1708 5750 1845 5821 quod
1888 5750 1981 5805 lib.

2090 5315 2428 5415 consumptis
2462 5314 2551 5368 his
2599 5329 3281 5404 commentationibus,
3336 5342 3473 5400 hac
3512 5361 3633 5415 ope
3678 5346 3840 5400 desti‘

2269 5405 2471 5467 partim
2500 5420 2599 5507 "ex
2644 5408 2912 5481 Origenis
2994 5424 3399 5491 dogmatum
3478 5405 3838 5507 ἀλληλουχίᾳ,

2095 5497 2293 5597 parum
2340 5509 2435 5595 .ex-
2463 5497 2708 5555 aliorum
2752 5513 3446 5592 expostulationibus,
3509 5497 3838 5597 partiti):x

2093 5590 2214 5684 Eius-
2243 5586 2858 5684 scriptis,_cujusmodi
2919 5600 3001 5652 ad
3060 5617 3377 5665 nostram
3426 5586 3837 5684 pervenerunt

2093 5672 2336 5806 atatem,
2385 5676 2521 5743 quid
2570 5682 2680 5751 ipsi
2735 5682 2930 5740 visum
2962 5691 3067 5746 sit
3102 5709 3238 5763 pro
3298 5672 3558 5761 viribus
3603 5708 3836 5762 rstime-

2151 5770 2237 5806 llS.

2151 5770 2237 5812 us.
