3894 6434
164 439 281 508 93‘

1031 448 1583 505 ORIGENIANORUM
1622 448 1740 502 LIB.
1779 447 1841 512 Il,
1879 447 2023 503 CAP.
2064 446 2126 513 ll,
2163 448 2429 513 ρυΑΞΒΤ.
2463 451 2548 506 IX.

3261 443 3366 506 9.82

272 541 348 600 ιι.
389 541 548 612 Quod
589 551 636 605 si
674 570 796 613 rem
823 565 1053 630 primum
1084 582 1145 622 ex
1173 570 1424 623 doctrinae
1457 569 1619 638 ipsius
1647 577 1756 622 tex-
1785 571 1827 626 Α
1859 582 1953 621 nec
1981 566 2136 618 ullam
2164 567 2380 634 proinde
2409 577 2733 622 mortuorum
2759 579 2878 620 esse
2900 535 3359 618 resurrectionem.

191 663 246 705 ω
281 650 336 690 τε
367 645 621 706 spectare
651 645 914 714 velimus,
963 657 1261 711 meminisse
1305 666 1514 726 oportet
1545 673 1756 712 accusa-

219 745 336 790 mm
382 727 551 785 fuisse
607 747 760 804 eum,
815 745 957 809 quod
1003 745 1228 800 animam
1281 749 1445 802 solam
1493 737 1755 802 hominem

230 819 583 882 constituere.
631 833 756 890 post
807 826 1103 894 Platonem,
1134 833 1325 886 dixerit
1355 853 1368 886 :
1398 844 1451 887 et
1481 836 1617 902 quod
1644 836 1756 888 ani-

230 919 343 958 mas
370 920 468 973 pro
497 911 742 974 peccatis
780 912 832 966 in
865 916 1010 968 varia
1041 931 1287 985 corpora,
1319 921 1396 974 sic
1427 931 1674 988 tanquam
1705 921 1754 974 in

223 995 441 1050 vincula
491 997 770 1064 coniectas
817 1004 1111 1066 tradiderit,
1162 1016 1218 1060 ut
1261 1023 1418 1075 supra
1453 1010 1756 1065 observavi-

222 1099 364 1138 mus.
397 1083 608 1140 Ferunt
639 1099 896 1156 prmterea
932 1107 1238 1160 persuasum
1281 1095 1444 1150 fuisse
1482 1095 1581 1160 illi,
1619 1097 1756 1150 Ada-

218 1187 370 1226 mum
407 1184 635 1243 propter
684 1192 875 1232 noxam
911 1183 1118 1236 mortali
1167 1183 1327 1238 fuisse
1354 1199 1575 1254 corpore
1604 1187 1757 1240 indu-

214 1269 361 1322 tum,
392 1275 508 1330 quo
531 1263 687 1330 prius
712 1267 952 1333 carebat,
980 1283 1097 1322 cum
1115 1271 1424 1326 immortalis
1451 1289 1479 1326 a
1507 1276 1612 1330 Deo
1635 1274 1756 1328 [υἱε-

211 1359 295 1402 set
326 1361 690 1417 procreatus;
721 1354 1077 1425 pelliceasque
1103 1359 1326 1423 tunicas,
1358 1376 1487 1429 quas
1528 1364 1574 1417 ei
1619 1363 1754 1419 Deus

209 1447 338 1504 post
382 1442 890 1508 praevaricationem
919 1448 1356 1516 circumposuisse
1380 1453 1589 1518 dicitur,
1625 1455 1751 1508 nihil

208 1529 394 1584 fuisse
425 1531 578 1584 aliud
611 1547 772 1600 quam
812 1549 1035 1602 corpora
1084 1541 1322 1593 mortalia
1362 1558 1375 1607 ;
1405 1557 1523 1597 ossa
1552 1559 1678 1597 vero
1705 1554 1756 1597 et

205 1631 414 1671 carnes
469 1633 618 1686 quas
684 1629 809 1674 ante
861 1633 1132 1689 peccatum
1198 1627 1444 1684 habuisse
1499 1630 1754 1684 Adamum

206 1707 512 1775 Scriptura
571 1719 979 1774 commemorat,
1014 1727 1199 1767 carnes
1235 1729 1352 1768 esse
1382 1716 1751 1784 intelligihiles,

200 1807 258 1851 et
314 1811 450 1851 ossa
498 1797 885 1866 intelligibilia.
924 1797 1052 1852 Cum
1102 1799 1263 1868 igitur
1305 1803 1525 1856 mortale
1567 1819 1754 1874 corpus

1855 657 2032 724 Itaque
2081 657 2400 724 Augustinus
2455 661 2519 711 ad
2569 656 2978 722 Quodvultdeum
3027 653 3154 705 haer.
3210 664 3362 713 xLuI,

1855 746 2292 798 resurrectionem
2345 745 2412 798 ab
2466 744 2708 812 Origenis
2736 743 3084 797 sectatoribus
3118 747 3360 806 negatam

1854 835 2053 887 scribit.
2082 833 2428 901 Hieronymus
2465 834 2514 884 in
2557 833 2706 900 epist.
2740 833 2833 898 59,
2867 833 2929 885 ad
2960 829 3126 892 Avit.,
3157 843 3276 895 cap.
3307 827 3356 886 I,

1853 923 2050 976 dixisse
2095 921 2377 992 Origeuem
2427 922 2583 974 tradit
2623 938 2642 970 ι
2685 919 2986 989 corporales
3037 916 3360 972 substantias

1854 1013 2062 1079 penitus
2100 1012 2392 1078 dilapsuras
2424 1029 2439 1075 ;
2488 1019 2577 1062 aut
2601 1019 2744 1063 certe
2780 1011 2830 1062 in
2877 1010 2977 1062 fine
3001 1007 3231 1062 omnium
3260 1005 3358 1057 hoc

1852 1117 1972 1155 esse
2023 1101 2195 1155 futura
2241 1116 2487 1168 corpora,
2515 1100 2652 1168 quod
2683 1114 2820 1152 nunc
2856 1107 2934 1151 est
2963 1098 3144 1161 aether,
3169 1103 3221 1148 et
3253 1108 3358 1146 cm-

1855 1189 1987 1252 lum,
2023 1189 2142 1242 etsi
2190 1192 2328 1257 quod
2372 1189 2512 1242 aliud
2558 1203 2748 1256 corpus
2789 1187 3050 1239 sincerius
3081 1195 3133 1238 et
3179 1185 3358 1251 purius

1854 1277 2068 1346 intelligi
2101 1287 2306 1344 potest;
2339 1296 2356 1327 ι
2391 1287 2496 1330 tum
2528 1278 2709 1330 addit:
2761 1294 2779 1326 ι
2817 1275 2966 1339 Quod
3012 1288 3127 1325 cum
3157 1274 3223 1325 ita
3265 1274 3355 1332 sit,

1853 1364 1975 1430 quid
2025 1364 2091 1417 de
2132 1365 2516 1418 resurrectione
2565 1365 2755 1416 sentiat
2800 1362 3133 1429 perspicuum
3177 1369 3272 1412 est.
3335 1379 3352 1409 ι

1855 1452 2050 1508 Deinde
2095 1455 2252 1508 verba
2295 1454 2537 1522 Origenis
2591 1454 2640 1507 in
2710 1454 2946 1505 eamdem
2999 1449 3356 1516 conspirantia

1853 1541 2169 1594 sententiam
2200 1541 2542 1609 sequentibus
2563 1539 2822 1606 capitibus
2856 1537 3116 1606 producit.
3157 1535 3357 1588 Similia

1852 1630 2022 1698 carpit
2061 1631 2110 1683 in
2176 1629 2376 1684 Joanne
2435 1629 2897 1698 Jerosolymitano,
2950 1628 3102 1695 epist.
3155 1625 3240 1691 61,
3294 1625 3358 1678 ad

1852 1718 2160 1772 Pammach.
2213 1720 2326 1784 Quo
2371 1727 2423 1774 et
2488 1718 2614 1772 illud
2665 1719 2892 1786 pertinet
2961 1719 3097 1785 quod
3153 1715 3362 1783 scripsit

1853 1806 1942 1860 lib.
1989 1822 2058 1860 xtl
2105 1808 2155 1859 in
2197 1805 2379 1859 Ezech.
2437 1821 2541 1859 ηε
2580 1824 2599 1858 t
2630 1805 2742 1858 Non
2768 1807 2903 1871 quod
2940 1804 3087 1871 juxta
3134 1803 3360 1855 saevissi-

202 1886 588 1940 adveutitium
625 1887 752 1955 quid
791 1901 853 1939 ac
885 1896 1194 1941 extraneum
1219 1905 1335 1944 esse
1357 1892 1639 1946 arbitratus
1664 1894 1752 1957 sit,
1787 1863 1828 1921 Β
1857 1911 1993 1949 mam
2025 1895 2265 1949 haeresim
2295 1911 2517 1962 corpora
2547 1895 2796 1950 abolenda
2827 1893 3122 1947 credamus.
3145 1913 3162 1944 ι
3191 1893 3364 1945 Theo-

199 1979 475 2044 sequitur
502 1979 637 2033 inde
661 1985 980 2048 necessario,
1025 1989 1325 2056 expurgatis
1372 1991 1620 2057 peccatis,
1661 2004 1759 2043 exv

202 2067 541 2138 solutisque
596 2071 898 2138 suppliciis,
961 2074 1179 2130 liberam
1232 2078 1437 2131 tandem
1483 2078 1758 2146 aliquando

202 2159 490 2221 animam,
532 2162 997 2229 corporaliumque
1049 2167 1354 2232 compedum
1403 2168 1633 2234 pondere
1661 2183 1756 2222 ex-

203 2259 514 2303 oneratam
549 2265 853 2320 resurgere.
888 2251 1014 2306 Nam
1045 2254 1087 2307 si
1118 2268 1268 2321 paena
1297 2267 1374 2308 est
1399 2266 1610 2325 gestare
1637 2272 1756 2310 cor-

198 2351 336 2404 pus,
370 2347 604 2403 gestare
625 2351 773 2394 certe
789 2354 981 2409 corpus
1001 2343 1208 2396 desinet
1239 2345 1432 2407 anima,
1460 2360 1575 2398 cum
1605 2361 1756 2412 poena

202 2426 491 2480 cessabit.
553 2427 762 2495 Corpus
802 2427 926 2481 illud
965 2427 1218 2496 intelligo,
1263 2432 1404 2497 quod
1443 2432 1494 2484 in
1539 2433 1756 2486 sceleris

201 2513 418 2568 luelam
454 2515 631 2568 subiit
657 2515 790 2582 ipsa,
821 2530 977 2583 grave
1023 2516 1146 2569 illud
1175 2532 1380 2584 nempe,
1416 2527 1678 2572 terrenum
1707 2528 1761 2573 et

199 2618 489 2657 carneum
517 2617 537 2664 ;
570 2618 677 2657 non
707 2602 833 2656 illud
861 2614 1037 2658 autem
1068 2605 1278 2672 quicum
1331 2615 1604 2672 procreata
1648 2608 1758 2675 pri-

202 2705 360 2743 mum
410 2697 476 2743 et
533 2703 564 2742 a
597 2690 706 2743 Deo
749 2691 974 2744 formata
1021 2700 1120 2745 est.
1195 2690 1327 2745 Huic
1373 2695 1758 2748 consectarium

201 2789 307 2842 est,
354 2777 618 2832 futurum
648 2779 912 2831 ut'anima
941 2779 1290 2831 humanorum
1345 2779 1486 2833 illam
1527 2782 1760 2850 conﬁgu-

208 2868 504 2920 rationent
580 2865 938 2919 membrorum
981 2881 1008 2917 a
1048 2879 1106 2918 se
1145 2865 1373 2930 abjiciat,
1412 2877 1588 2934 utpote
1645 2882 1761 2935 qua:

203 2956 403 3007 carnci
454 2954 709 3020 corporis
753 2954 961 3020 propria
1003 2954 1120 3016 sit;
1173 2954 1442 3007 meliorem
1489 2967 1660 3008 autem
1706 2965 1761 3010 et

204 3042 620 3110 perfectiorem
669 3041 894 3093 formam
934 3040 1208 3108 suscipiat,
1250 3050 1304 3092 ut
1341 3056 1456 3108 qua
1487 3041 1537 3094 in
1572 3041 1760 3097 melius

1854 1984 2026 2052 philus
2055 1984 2443 2039 Alexandrinus
2473 1986 2634 2052 Epist.
2677 1983 2859 2036 Pasch.
2889 1983 2923 2034 2
2965 2000 2977 2036 :
3033 2001 3050 2033 ι
3093 1983 3234 2037 Inter
3264 1999 3363 2036 ca:-

1856 2082 1964 2125 tcra
1993 2074 2152 2127 etiam
2184 2074 2624 2127 resurrectionem
2655 2089 2682 2127 a
2711 2075 2952 2137 mortuis,
2981 2089 3097 2143 quae
3126 2088 3244 2140 spes
3273 2087 3361 2126 sa-

1855 2162 1978 2216 lutis
2007 2170 2199 2216 nostra:
2233 2171 2337 2224 est,
2369 2163 2438 2214 ita
2471 2163 2762 2229 corrumpit
2793 2171 2846 2215 et
2883 2162 3041 2215 violat
3067 2157 3362 2230 (Origenes)

1855 2263 1912 2304 ut
1943 2251 2130 2303 audeat
2156 2251 2331 2304 dicere
2353 2265 2574 2318 corpora
2601 2261 2775 2306 nostra
2798 2266 2857 2303 ru
2869 2266 3006 2304 rsum
3040 2248 3361 2316 corruptioni

1854 2348 1908 2392 et
1937 2339 2089 2392 morti
2121 2337 2445 2405 suhjacentia
2473 2339 2756 2404 suscitari;
2801 2357 2818 2390 ν
2852 2347 2905 2389 et
2933 2347 3148 2404 postea:
3181 2354 3199 2386 ι
3233 2334 3365 2387 Dicit

1856 2439 2076 2492 corpora
2108 2439 2224 2492 quas
2253 2436 2532 2494 resurgunt
2564 2435 2679 2494 post
2707 2425 2864 2478 multa
2896 2425 3102 2486 saecula,
3143 2425 3194 2477 in
3224 2424 3363 2476 nihl-

1857 2514 1960 2566 lum
1997 2511 2349 2576 dissolvenda,
2397 2526 2492 2564 nec
2533 2512 2706 2564 futura
2757 2511 2973 2578 aliquid,
3014 2512 3112 2564 nisi
3154 2525 3269 2563 cum
3300 2511 3364 2563 de

1855 2602 2108 2656 caelorum
2139 2599 2502 2655 mansionibus
2545 2600 2731 2653 animae
2762 2601 2826 2652 ad
2871 2600 3117 2653 inferiora
3156 2599 3368 2666 dilapsze

1856 2689 2173 2758 indiguerint
2199 2689 2368 2754 nobis,
2393 2704 2510 2756 quae
2539 2689 2649 2740 alia:
2685 2703 2895 2740 rursum
2933 2688 3076 2750 fiant,
3107 2688 3367 2753 prioribus

1855 2778 2068 2831 omnino
2089 2777 2305 2844 deletis;
2344 2795 2362 2827 ι
2413 2785 2522 2829 tum
2583 2775 2758 2829 infra:
2808 2795 2826 2827 ο
2852 2776 2998 2840 Quod
3043 2776 3110 2838 si,
3146 2786 3203 2827 ut
3236 2773 3367 2828 falso

1856 2873 2000 2932 putat
2055 2863 2326 2931 Origenes,
2388 2879 2491 2917 non
2539 2864 2706 2916 solum
2755 2863 3117 2931 corruptibile,
3169 2864 3261 2917 sed
3313 2870 3370 2916 et

1858 2953 2077 3006 mortale
2105 2967 2294 3021 corpus
2330 2962 2412 3006 est
2441 2953 2814 3014 suscitandum,
2863 2967 2986 3020 ergo
3013 2967 3171 3006 unum
3207 2959 3368 3013 atque

1859 3043 1992 3095 idem
2033 3044 2303 3110 corruptio
2345 3051 2398 3096 et
2433 3043 2770 3111 incorruptio.
2812 3061 2830 3094 ι
2873 3043 3039 3097 Alter'
3066 3043 3179 3110 ejus
3225 3041 3369 3096 locus

205 3140 455 3192 mutata,
491 3138 550 3182 et
582 3127 886 3195 perfectiori
917 3129 1076 3180 statui
1107 3129 1306 3181 reddita
1332 3130 1432 3194 sit;
1474 3131 1755 3184 formarum
1782 3159 1825 3216 ο
1859 3131 2107 3185 adversus
2139 3131 2273 3184 hanc
2302 3131 2540 3184 hmresim
2571 3145 2633 3183 ex
2667 3131 2888 3198 quadam
2915 3130 3129 3197 epistola
3158 3129 3221 3182 ad
3243 3143 3366 3182 san-

204 3231 401 3275 autem
462 3219 709 3273 omnium
759 3233 880 3272 cum
918 3216 1298 3286 perfectissima
1353 3219 1423 3272 sit
1478 3220 1754 3286 spharrica,

204 3313 470 3365 futurum
499 3321 716 3374 quoque
744 3315 801 3359 ut
835 3308 887 3359 in
925 3306 1132 3373 globum
1180 3307 1371 3361 anima:
1413 3309 1756 3376 perfectiores

204 3415 236 3451 a
268 3395 527 3452 mortuis
569 3393 837 3447 suscitata:
882 3393 1249 3446 rotundentur.
1286 3395 1362 3448 Ex
1401 3409 1461 3449 ea
1502 3410 1755 3463 praeterea

203 3483 562 3544 assertione,
613 3495 732 3548 qua:
771 3479 964 3533 animis
994 3495 1090 3546 pro
1125 3481 1403 3535 criminum
1451 3484 1603 3537 modo
1636 3498 1758 3536 cor-

199 3591 339 3643 pora
382 3572 521 3642 plus
557 3570 798 3623 minusve
837 3582 1011 3622 crassa
1070 3568 1262 3636 imponi
1289 3571 1490 3633 sciscit.
1535 3571 1761 3626 edicitur

203 3662 367 3728 illud,
429 3659 710 3713 diversum
751 3655 867 3709 fore
911 3657 1212 3723 resurgendi
1256 3659 1755 3727 modum;splendi-

203 3751 461 3818 diusque
494 3760 561 3798 ac
586 3742 838 3798 subtilius
863 3743 1083 3795 inituras
1107 3757 1295 3810 corpus
1321 3745 1544 3808 animas,
1569 3762 1685 3814 quae
1707 3749 1756 3800 in

203 3837 532 3893 virtutibus
578 3847 720 3894 sese,
770 3831 893 3884 dum
941 3830 993 3883 in
1038 3833 1195 3885 terris
1231 3841 1414 3899 agunt,
1457 3834 1760 3902 diligentius

203 3931 493 3980 exercent
518 3937 534 3984 ;
565 3936 684 3988 qua:
706 3929 889 3992 contra
923 3929 1269 3986 prorumpunt
1299 3921 1348 3972 in
1375 3921 1521 3985 vitia,
1554 3923 1762 3977 densio-

205 4016 367 4067 ribus
399 4025 474 4062 ac
511 4008 821 4061 rudioribus
850 4007 1156 4072 corporibus
1175 4007 1473 4075 adjunctum
1501 4008 1586 4061 iri.
1615 4008 1763 4065 Nunc

202 4112 402 4156 utrum
457 4097 723 4151 doctrinae
770 4110 878 4149 sua:
940 4095 1177 4148 ordinem
1209 4110 1296 4154 ac
1337 4097 1760 4151 consecutionem

201 4191 497 4261 Origenes
555 4186 810 4248 tenuerit,
871 4199 933 4236 ex
993 4184 1213 4237 aliorum
1283 4184 1759 4250 criminationibus,

201 4284 518 4350 ipsiusque
546 4276 785 4341 scriptis,
809 4275 1178 4342 expendamus.

269 4391 380 4446 ιιι.
419 4387 759 4440 Accusatum
786 4395 905 4435 eum
951 4381 1114 4433 refert
1149 4381 1472 4450 Pamphilus,
1516 4386 1653 4452 quod
1682 4401 1764 4438 re-

1858 3230 1970 3274 ctos
2005 3221 2092 3288 qui
2121 3230 2270 3274 erant
2304 3220 2354 3272 in
2386 3219 2545 3284 Sceti,
2571 3220 2893 3286 depromitur
2924 3234 2954 3271 a
2983 3219 3282 3272 Justim‘ano
3307 3218 3360 3270 in

1858 3309 2077 3375 epistola
2115 3310 2178 3362 ad
2226 3307 2471 3362 Menam:
2522 3322 2720 3364 necnon
2766 3317 2818 3360 et
2862 3308 3008 3362 locus
3050 3323 3117 3361 ex
3149 3307 3368 3376 epistola

1860 3395 2037 3465 Cyl-illi
2061 3397 2124 3449 ad
2157 3397 2440 3450 monachos
2467 3396 2551 3462 qui
2583 3405 2731 3448 erant
2761 3396 2810 3447 in
2840 3393 3006 3458 Phua,
3037 3410 3140 3463 quo
3166 3393 3371 3462 signiﬁ-

1863 3492 2012 3534 catur
2047 3482 2369 3536 anathemati
2391 3483 2681 3550 subjectum
2716 3481 2874 3534 fuisse
2906 3483 3206 3551 Origenem,
3229 3483 3369 3548 quod

1862 3578 2182 3623 mortuorum
2217 3572 2654 3626 resurrectionem
2686 3570 3116 3640 negaveritJluic
3134 3570 3372 3639 epistolae

1863 3662 1927 3710 ad
1950 3657 2152 3712 Menam
2186 3659 2448 3728 geminum
2484 3659 2819 3729 subiungitur
2853 3676 2918 3714 ex
2951 3659 3173 3728 Origene
3222 3661 3372 3713 testi-

1864 3752 2096 3805 monium
2118 3753 2216 3806 hoc
2235 3767 2415 3806 errore
2444 3767 2749 3819 aspersum;
2782 3752 2920 3806 aliud
2944 3768 3007 3806 ex
3033 3753 3121 3806 lib.
3151 3768 3188 3806 II
3237 3752 3372 3818 Περὶ

1866 3839 2080 3907 ἀρχῶν,
2121 3855 2225 3909 quo
2254 3855 2472 3908 corpora
2520 3841 2585 3895 ab
2626 3843 2872 3895 omnibus
2905 3841 3218 3908 depositum,
3245 3851 3296 3891 et
3320 3841 3372 3892 in

1866 3931 2084 3981 nihilum
2117 3931 2383 3983 redactum
2415 3930 2479 3982 iri
2509 3931 2779 3995 Statuitur,
2805 3945 2922 3982 cum
2941 3929 3046 3982 Deo
3061 3929 3233 3980 omnia
3255 3930 3376 3980 sub-

1857 4014 2146 4081 jicientur;
2176 4032 2484 4085 rursumque
2511 4017 2683 4070 futura
2719 4033 2962 4085 corpora,
3008 4018 3050 4070 si
3087 4017 3370 4070 rationales

1864 4119 1894 4156 a
1923 4106 2279 4172 superioribus
2306 4106 2656 4160 descendant:
2693 4107 2832 4159 aliud
2875 4123 2942 4161 ex
2988 4107 3124 4160 libro
3154 4114 3364 4175 quarto,

1864 4208 1969 4260 quo
1994 4194 2128 4246 idem
2164 4193 2506 4260 signiﬁcatur.
2534 4196 2781 4260 Queritur
2825 4207 3077 4265 praeterea
3120 4195 3375 4249 Justinia-

1867 4297 1962 4335 nus
1995 4282 2128 4348 apud
2169 4282 2402 4349 quintam
2443 4287 2722 4352 synodum.
2755 4287 2804 4338 in
2829 4286 3046 4352 epistola
3090 4301 3242 4350 quam
3279 4285 3374 4340 de-

1867 4369 2076 4437 scripsit
2097 4369 2386 4435 Cedrenus,
2415 4370 2676 4425 afﬁrmare
2712 4373 3056 4441 Origenistas,
3081 4372 3202 4424 Ὀτι
3237 4388 3372 4425 παν-

200 4473 638 4532 surrectionem
669 4476 996 4521 mortuorum
1021 4465 1262 4520 absolute
1287 4469 1579 4538 sustulerit,
1608 4482 1764 4539 atque

1864 4459 2018 4529 τελής
2046 4460 2158 4511 ἐστι
2195 4460 2300 4512 τῶν
2339 4460 2598 4527 σωμάτων
2641 4461 2923 4531 ἀναίρεσις,
2953 4460 3111 4514 αὑτοῦ
3147 4461 3238 4513 τοῦ
3269 4463 3377 4512 Κυ-

203 4567 362 4621 hanc
433 4557 872 4615 criminationem
910 4555 1135 4621 septimo
1173 4555 1290 4609 loco
1334 4557 1553 4623 positam
1582 4561 1763 4612 confu-

201 4666 305 4711 ut,
369 4648 722 4719 Epiphanius
760 4645 888 4698 baar.
926 4659 1063 4709 LXIV,
1113 4659 1227 4710 cap.
1276 4645 1361 4708 II,
1406 4656 1648 4699 conatum
1692 4649 1770 4700 ait

198 4764 336 4803 CIIII)
373 4745 439 4798 in
476 4736 862 4792 Commentario
909 4737 960 4786 in
997 4734 1250 4800 psalmum
1278 4751 1316 4798 ι,
1355 4736 1445 4787 Ἐκ
1494 4737 1600 4790 τῶν
1633 4737 1770 4790 κατὰ

198 4838 394 4904 φύσιν
419 4831 559 4900 ἡμῖν
594 4824 986 4896 συμϐαινόντων
1017 4823 1300 4892 ἀνατρέψαι
1331 4824 1425 4893 τῆς
1455 4825 1618 4894 αὐτῆς
1648 4829 1771 4880 ἀνα-

200 4928 486 4982 στάσεως
539 4916 692 4986 ἡμῶν
735 4915 792 4965 ὲν
836 4911 1056 4983 ἀληθείᾳ
1095 4911 1296 4974 ἐλπίδος
1333 4911 1426 4982 τὴν
1470 4913 1764 4982 ὁμολογίαν.

205 5031 229 5064 ι
255 5016 353 5069 Ex
402 5008 479 5060 iis
534 5003 687 5070 ipsis,
735 5012 853 5068 qua
902 4999 1214 5050 naturaliter
1237 4998 1385 5052 nobis
1408 5001 1681 5064 eveniunt,
1714 5001 1764 5054 id

202 5094 466 5165 assequi
527 5101 588 5144 ut
635 5087 1042 5144 resurrectionis
1081 5096 1273 5140 nostra:
1317 5100 1436 5140 cum
1482 5101 1575 5154 spe
1622 5097 1766 5142 certa

198 5188 592 5255 coniunctam
631 5176 1010 5246 professionem
1066 5172 1298 5227 funditus
1344 5172 1572 5229 tolleret.
1623 5174 1762 5228 Idem

203 5291 351 5347 cap.
415 5270 497 5325 65
544 5265 767 5320 subdole
804 5278 924 5318 eum
961 5263 1035 5316 ait
1084 5271 1136 5315 et
1167 5261 1314 5316 vafro
1368 5264 1768 5318 resurrectionis

209 5375 450 5424 nomen
485 5357 787 5420 admittere,
820 5369 931 5408 rem
961 5353 1128 5422 ipsam
1157 5351 1380 5405 inliciari
1401 5367 1415 5404 :
1440 5351 1634 5419 quippe
1659 5368 1772 5405 cor-

208 5472 328 5526 pus
364 5448 687 5516 neutiquam
716 5457 1009 5514 resurgere,
1025 5440 1117 5494 sed
1143 5440 1304 5494 solam
1333 5442 1561 5494 animam
1592 5441 1771 5495 decer-

216 5553 370 5603 nat;
437 5533 674 5587 animam
724 5541 897 5584 autem
961 5543 1064 5582 non
1126 5541 1426 5594 resurgere,
1493 5540 1610 5594 qua:
1669 5542 1772 5580 non

222 5628 424 5690 cadit,
468 5635 569 5675 nec
603 5619 990 5688 exstinguitur;
1023 5630 1216 5684 corpus
1260 5629 1465 5682 quoque
1495 5614 1640 5680 juxta
1691 5616 1768 5683 ip-

216 5722 350 5777 sius
403 5711 615 5771 sancite
653 5724 756 5764 non
784 5721 1094 5776 resurgere;
1135 5706 1445 5772 nihiligitur
1473 5719 1768 5772 resurgere,

1871 4549 1980 4619 ρίου
2024 4547 2232 4618 πρώτου
2275 4549 2650 4619 ἀποτιθεμένου
2696 4549 2754 4602 τὸ
2797 4549 2925 4602 ἴδιον
2951 4550 3123 4618 σῶμα,
3151 4551 3241 4602 καὶ
3270 4549 3377 4600 τῶν

1868 4640 2062 4694 λοιπῶν
2131 4640 2396 4704 ἁπάντων,
2462 4642 2553 4693 καὶ
2606 4641 2684 4692 ὅτι
2755 4640 3162 4709 ἀνακομίζονται
3220 4640 3376 4692 πάλιν

1871 4729 2100 4788 ἅπαντες
2154 4728 2230 4790 εἰς
2281 4728 2375 4796 τὴν
2421 4728 2584 4796 αὐτὴν
2621 4726 2796 4788 ἐνάδα,
2840 4728 2928 4778 καὶ
2969 4727 3200 4794 γίνονται
3239 4727 3372 4788 νόες,

1871 4816 2007 4869 καθὰ
2032 4817 2124 4868 καὶ
2155 4819 2210 4868 ὲν
2253 4820 2318 4886 τῇ
2368 4817 2692 4887 προϋπάρξει
2738 4817 3043 4886 ἐτύγχανον.
3098 4835 3117 4867 ι
3143 4817 3375 4884 Corpora

1870 4906 2075 4973 penitus
2103 4906 2341 4968 interire,
2383 4906 2496 4972 ipso
2538 4906 2758 4960 Domino
2806 4909 3031 4974 primum
3087 4907 3377 4971 deponente

1869 4995 2131 5063 proprium
2156 5009 2368 5062 corpus,
2401 5004 2454 5048 et
2497 4995 2709 5062 reliquis
2749 4997 2992 5049 omnibus
3033 5011 3047 5058 ;
3100 5003 3154 5047 et
3195 5007 3377 5046 omnes

1868 5097 2048 5136 rursus
2070 5067 2132 5134 ad
2161 5086 2394 5136 eamdem
2425 5085 2673 5139 unitatem
2707 5086 2901 5148 redire,
2932 5097 2983 5137 et
3008 5093 3210 5136 mentes
3245 5081 3375 5141 fieri,

1869 5171 2163 5238 cuiusmodi
2214 5180 2363 5225 antea
2404 5181 2573 5225 erant.
2620 5191 2639 5225 ι
2681 5171 2859 5242 Itaque
2889 5182 3101 5242 prepter
3123 5170 3375 5240 sublatam

1872 5275 2147 5328 corporum
2197 5263 2637 5318 resurrectionem
2676 5266 2976 5318 damnatum
3017 5253 3183 5312 fuisse
3223 5273 3250 5309 ι
3297 5271 3381 5324 sy-

1877 5353 2013 5404 nodo
2057 5351 2238 5417 quinta
2278 5350 2553 5420 Origenem
2596 5361 2816 5405 testatur
2863 5347 3076 5403 Photius
3116 5345 3167 5394 in
3209 5341 3387 5394 libello.

1879 5439 1950 5493 De
1977 5441 2204 5508 synadis,
2248 5449 2303 5493 et
2340 5450 2524 5494 auctor
2561 5441 2794 5493 incertus
2835 5433 2991 5490 libelli
3035 5428 3112 5480 De
3151 5429 3384 5494 synodis,

1874 5529 1962 5596 qui
1994 5530 2043 5580 in
2075 5527 2342 5582 Justellina
2380 5529 2690 5581 Bibliotheca
2705 5527 2840 5594 juris
2871 5517 3101 5574 canonici
3158 5517 3388 5570 insertus

1871 5627 1968 5678 est,
1999 5627 2050 5670 et
2073 5632 2240 5670 canon
2269 5619 2471 5686 primus
2498 5617 2678 5685 synodi
2723 5611 3053 5680 quinisextaz,
3093 5609 3149 5653 et
3193 5604 3390 5655 Cedre-

1879 5721 2000 5762 nus.
2033 5705 2290 5762 Placitum
2327 5708 2447 5762 huic
2498 5707 2632 5761 idem
2663 5701 2929 5756 ascribunt
2969 5689 3308 5755 Βοίδιιῖοηῖυε
3337 5692 3389 5744 in
