3894 6450
142 415 242 470 985

966 419 1521 474 ORIGENIANORUM
1558 418 1679 472 LIB.
1722 417 1783 482 ΙΙ,
1821 417 1972 471 CAP.
2013 416 2073 480 ll,
2112 417 2377 482 QUASST.
2419 419 2504 474 IX.

3216 421 3324 474 986

141 525 368 594 querela
415 527 556 581 inter.
587 545 736 594 LXtv,
760 546 876 598 cap.
902 533 955 596 ι,
979 533 1087 601 Τὴν
1132 532 1239 586 τῶν
1272 534 1494 603 νεκρῶν,
1514 533 1702 600 inquit,

1803 531 1924 599 quia
1980 531 2116 585 sicut
2162 531 2538 600 primogenitus
2578 547 2642 586 ex
2695 533 3011 587 mortuisest
3046 532 3323 597 Christus,

137 613 452 670 ἀνάστασιν
488 615 688 688 ἐλλιπῆ
721 623 969 681 ποιεῖται,
999 622 1072 692 πῆ
1121 623 1215 691 μὲν
1258 623 1397 692 λόγῳ
1434 621 1703 690 παριστῶν

137 702 369 773 ταύτην,
416 706 499 775 πῆ
554 707 613 758 δὲ
670 708 1051 780 ἐξαρνούμενος
1091 711 1405 775 τελεώτατα,
1443 711 1620 763 ἄλλοτε
1648 711 1704 763 δὲ

138 795 222 848 καὶ
249 794 437 865 μέρος
462 796 525 861 ἐξ
542 798 715 867 αὐτῆς
743 800 1073 853 ἀνίστασθαι·
1107 820 1125 852 ι
1159 802 1478 856 Mortuorum
1522 817 1703 855 resur-

139 885 456 939 rectionem
519 888 890 956 imperfectam
939 906 1054 945 esse
1106 893 1302 956 docet;
1344 893 1537 962 partim
1581 905 1702 946 eam

131 973 317 1027 verbis
351 989 653 1040 asserens,
692 980 883 1046 partim
909 980 1140 1035 funditus
1175 981 1397 1044 tollens;
1429 979 1558 1034 alias
1579 995 1703 1034 vero

135 1070 353 1129 partem
391 1063 524 1130 ejus
546 1065 811 1118 duntaxat
856 1081 1134 1136 resurgere
1181 1069 1428 1134 tradens;
1473 1086 1492 1118 ι
1523 1077 1578 1122 et
1614 1068 1700 1121 illa

135 1150 350 1204 Vincen
363 1153 432 1205 tii
459 1151 863 1209 Bellovacensis
889 1154 1093 1223 Speculi
1122 1157 1396 1210 doctrinal.
1424 1157 1518 1212 lib.
1547 1172 1701 1220 xvnt,

127 1257 241 1308 cap.
314 1241 426 1306 43,
492 1259 622 1298 cum
669 1259 847 1299 veram
898 1246 972 1302 ait
1023 1247 1456 1301 resurrectionem
1525 1248 1704 1301 carnis

127 1331 444 1398 Origenem
501 1345 753 1400 negasse.
807 1331 918 1386 Non
970 1334 1104 1388 satis
1157 1345 1334 1388 autem
1384 1335 1702 1404 intelligitur

126 1419 242 1487 quid
268 1419 404 1473 sibi
450 1421 689 1474 voluerit
713 1421 1061 1490 Theophanes
1094 1423 1402 1489 Cerameus,
1424 1439 1544 1478 cum
1575 1425 1704 1478 seri.

124 1510 226 1576 psit
253 1508 482 1562 inomii.
511 1508 606 1575 22,
652 1511 742 1562 Ἐκ
770 1510 949 1581 μέντοι
966 1511 1056 1564 τοῦ
1090 1513 1291 1565 εἰπεῖν·
1335 1515 1405 1567 Ἦ
1434 1531 1488 1568 τι
1514 1514 1702 1582 βώσει

121 1600 464 1666 ἄνθρωπος
485 1600 876 1670 ἀντάλλαγμα
897 1603 1003 1669 τῆς
1027 1605 1230 1673 ψυχῆς
1248 1607 1466 1670 αὐτοῦ;
1491 1609 1700 1660 ἐπιστο-

123 1690 347 1760 μῐξεται
384 1692 427 1760 ἡ
461 1691 621 1761 παρά
651 1692 742 1744 τοῦ
776 1693 1054 1763 ἐπωνύμου
1081 1695 1176 1764 τῆς
1201 1695 1364 1765 ὀργῆς
1403 1696 1704 1767 Ὠριγένους

120 1778 514 1848 πεπλασμένη
576 1779 886 1842 ἀνάστασις.
927 1801 945 1832 ι
981 1782 1240 1836 Caeterum
1289 1785 1512 1840 dicendo
1541 1802 1554 1815 °
1601 1786 1700 1836 Aut

115 1885 269 1936 quam
318 1869 494 1922 dabit
530 1870 686 1923 homo
713 1873 1134 1938 permutationem
1159 1890 1252 1942 pro
1293 1878 1469 1928 anima
1496 1892 1592 1930 sua
1618 1876 1700 1929 "?

1801 621 1873 675 ita
1920 619 2124 690 primus
2165 634 2378 673 carnem
2435 622 2608 673 evexit
2650 621 2712 672 ad
2744 622 3011 688 C(Blillll;l
3071 631 3124 675 et
3171 625 3324 689 paulo

1800 717 1918 776 post
1955 725 1969 760 :
2005 724 2024 758 ι
2051 707 2171 761 ιιιεο
2195 717 2406 775 propter
2443 709 2565 762 illud
2609 710 2745 776 quod
2783 711 2980 764 dictum
3015 720 3134 766 est:
3163 709 3308 775 Quo-

1801 798 1939 852 niam
1977 814 2098 852 caro
2129 815 2238 851 mea
2264 797 2533 865 requiescet
2562 798 2614 850 in
2635 815 2722 864 spe
2744 799 2806 849 ¹⁸.
2831 799 2882 851 In
2909 813 3010 866 qua
3031 798 3165 867 spe?
3197 795 3314 850 Non

1800 887 1969 940 solum
1997 887 2118 954 quia
2149 900 2211 940 ex
2256 884 2476 939 mortuis
2508 887 2758 952 resurgit;
2805 901 2987 952 parum
3034 887 3174 941 enim
3224 885 3321 940 hoc

1800 984 1881 1030 est
1907 992 1921 1029 :
1951 977 2042 1030 sed
2069 975 2120 1028 in
2150 989 2210 1028 ea
2235 988 2326 1042 spe
2357 972 2658 1041 requiescit,
2685 974 2823 1040 quod
2861 986 3128 1042 assumpta
3155 983 3238 1029 est
3267 975 3319 1028 in

1800 1064 2011 1118 coelum.
2042 1082 2061 1116 ι
2087 1062 2287 1128 Quibus
2316 1063 2559 1116 adderem
2589 1071 2642 1116 et
2662 1053 2785 1114 illud
2815 1077 2844 1116 e
2881 1063 3043 1117 lib.nt
3062 1065 3194 1132 Περὶ
3219 1063 3322 1132 dp-

1800 1153 1943 1222 χῶν,
1980 1168 2096 1224 cap.
2126 1153 2178 1218 6,
2221 1168 2365 1206 num.
2408 1151 2462 1217 5,
2495 1151 2594 1205 nisi
2645 1151 2820 1204 lluﬁni
2856 1153 3152 1220 interpretis
3181 1155 3323 1207 frau-

1801 1243 1894 1297 des
1919 1246 2253 1296 subvererer.
2295 1259 2313 1292 ι
2363 1241 2594 1309 Denique
2620 1255 2742 1292 caro
2771 1249 2948 1293 nostra
2975 1243 3039 1294 ab
3069 1242 3324 1311 imperitis

1800 1342 1854 1386 et
1902 1331 2205 1385 inﬁdelibus
2246 1331 2317 1384 ita
2359 1340 2476 1398 post
2507 1340 2726 1384 mortem
2769 1329 3010 1398 deperire
3053 1331 3324 1388 existima-

1803 1429 1906 1483 tur,
1924 1429 1980 1473 ut
2007 1421 2134 1474 nihil
2154 1435 2367 1488 prorsus
2393 1419 2646 1487 reliquum
2668 1418 2974 1472 substantia:
2998 1434 3104 1473 suae
3127 1420 3324 1474 habere

1801 1512 2068 1566 credatur.
2106 1509 2211 1562 Nos
2236 1524 2362 1563 vero
2387 1510 2474 1577 qui
2520 1511 2957 1563 resurrectionem
3005 1506 3117 1575 ejus
3155 1511 3326 1563 credi-

1802 1615 1940 1666 mus,
1973 1599 2390 1654 immutationem
2414 1598 2526 1664 ejus
2552 1600 2910 1653 tantummodo
2947 1608 3066 1666 post
3100 1609 3323 1652 mortem

1801 1691 1996 1744 factam
2039 1688 2402 1758 intelligimus,
2427 1688 2772 1742 substantiam
2810 1701 2935 1740 vero
2970 1689 3083 1755 ejus
3121 1699 3322 1743 certum

1801 1788 1882 1834 est
1909 1792 2236 1847 permanere,
2272 1787 2325 1830 et
2346 1777 2616 1830 voluntate
2639 1763 2907 1832 Creaioris
2929 1779 3044 1843 sui,
3069 1789 3322 1846 certoque

1805 1885 2036 1942 tempore
2088 1889 2273 1927 rursus
2313 1873 2550 1941 reparari
2585 1874 2650 1926 ad
2685 1873 2883 1935 vitam,
2935 1881 3092 1938 atque
3134 1871 3322 1925 iterum

117 1956 423 2011 refellitur
457 1957 693 2011 conﬁcta
722 1960 1048 2013 resurrectio
1087 1962 1152 2015 ab
1187 1961 1432 2040 Origene,
1480 1965 1565 2018 cui
1605 1965 1702 2018 fuit
1801 1964 2248 2032 permutationem
2277 1961 2390 2030 ejus
2428 1961 2540 2015 ﬁeri
2565 2003 2580 2027 ,
2616 1971 2672 2015 ut
2707 1976 2822 2030 qua:
2855 1961 3026 2028 primo
3062 1960 3158 2012 fuit
3199 1975 3323 2013 caro

115 2062 324 2102 nomen
351 2047 480 2099 ἀπὸ
504 2047 607 2116 τῆς
631 2047 799 2118 ὀργῆς
830 2049 1141 2104 derivatum.
1191 2071 1210 2102 ι

179 2137 305 2190 Non
361 2137 556 2191 semei
593 2138 644 2191 id
675 2139 845 2204 ipsum
889 2153 1252 2202 asseverasse,
1284 2141 1422 2208 quod
1453 2143 1696 2210 proxime

113 2227 568 2280 commemorati
591 2226 877 2295 scriptores
902 2226 1182 2295 objiciunt,
1201 2227 1467 2282 fatendum
1487 2230 1698 2298 quidem

110 2327 190 2373 est
219 2335 235 2372 :
266 2327 427 2388 puta
489 2317 588 2371 lii).
645 2332 704 2380 ιι,
761 2317 898 2384 Περὶ
944 2316 1162 2385 ἀρχῶν,
1195 2334 1317 2389 cap.
1365 2322 1421 2386 5,
1467 2336 1611 2374 num.
1643 2319 1698 2386 2,

115 2407 298 2461 «Mira
359 2419 517 2476 ergo
553 2404 780 2468 ratione,
832 2405 1001 2473 inquit
1047 2414 1263 2462 sanctus
1305 2407 1585 2477 Aposmlus
1635 2409 1700 2464 ad

109 2494 457 2566 generalem
520 2493 750 2559 primam
813 2507 1028 2548 causam
1081 2497 1410 2564 respiciens,
1467 2499 1702 2554 materia:

109 2584 473 2655 corporalis,
498 2581 656 2648 cujus
681 2582 916 2637 materia:
939 2583 1114 2636 anima
1139 2599 1287 2636 usum
1311 2600 1519 2654 semper
1545 2588 1704 2641 habet

109 2679 158 2730 in
191 2675 477 2744 qualibet
512 2670 775 2740 qualitate
808 2671 1026 2739 positae,
1055 2687 1194 2725 nunc
1230 2674 1443 2740 quidem
1479 2675 1700 2740 carnali,

107 2765 494 2836 postmodum
546 2776 676 2815 vero
719 2758 981 2814 subtiliori
1025 2769 1078 2814 et
1131 2763 1352 2829 puriori,
1403 2777 1518 2831 qua:
1548 2764 1702 2831 spiri-

108 2858 231 2910 talis
274 2849 646 2922 appellatur,
694 2849 804 2913 ait,
842 2847 1070 2901 Necesse
1124 2856 1207 2900 est
1243 2849 1573 2916 corruptibili
1602 2849 1701 2904 hoc

105 2948 353 3000 induere
413 2939 882 3006 incorruptionem
935 2937 1041 3000 “,i
1101 2945 1243 3003 etc.;
1297 2945 1352 2991 et
1402 2940 1455 2991 in
1502 2939 1698 2995 Catena

103 3034 482 3092 Corderiana
545 3033 602 3081 in
653 3027 838 3097 psalm.
885 3041 1070 3090 cxvnt,
1111 3025 1202 3088 25,
1265 3042 1385 3096 pag.
1421 3027 1698 3083 799εΝῠν

1798 2069 1862 2108 ex
1887 2063 2026 2107 terra
2054 2063 2284 2114 terrena,
2307 2060 2416 2104 tum
2443 2051 2632 2105 deinde
2659 2051 2909 2105 dissoluta
2927 2060 3048 2120 post
3076 2059 3318 2112 mortem,

1798 2152 1850 2198 et
1882 2145 2072 2197 iterum
2114 2141 2249 2214 facta
2287 2141 2422 2194 cinis
2448 2155 2510 2193 ac
2541 2150 2723 2207 terra;
2771 2142 3015 2210 quoniam
3047 2153 3182 2194 terra
3225 2158 3278 2194 es
3301 2181 3319 2209 ,

1798 2233 1990 2301 inquit,
2025 2241 2072 2285 et
2105 2233 2156 2284 in
2199 2241 2386 2283 terram
2431 2231 2526 2284 ibi:
2562 2233 2624 2296 “,
2665 2247 2873 2283 rursum
2919 2233 3257 2286 resuscitetur
3289 2248 3321 2287 e

1799 2332 1976 2386 terra;
2007 2330 2060 2374 et
2089 2331 2206 2388 post
2224 2321 2323 2375 hoc
2345 2319 2452 2387 jam
2489 2320 2630 2375 velut
2671 2323 2915 2375 meritum
2967 2323 3314 2376 inliabitautis

1799 2416 1989 2466 anima:
2049 2411 2390 2479 poposcerit,
2456 2411 2510 2464 in
2555 2410 2720 2480 gloria
2780 2412 3021 2480 corporis
3080 2413 3320 2480 proﬁciet

1799 2499 2073 2571 spiritalis.
2110 2518 2128 2550 ι
2155 2497 2351 2567 Nempe
2386 2498 2476 2551 bic’
2502 2513 2732 2566 quoque,
2759 2501 2882 2553 utin
2914 2501 3032 2554 aliis
3058 2501 3324 2570 plerisque

1796 2592 1896 2646 sibi
1923 2605 2025 2644 non
2054 2598 2261 2643 constat
2298 2588 2572 2656 Origenes,
2603 2597 2658 2641 et
2697 2590 2852 2642 modo
2872 2591 2986 2653 has,
3023 2592 3176 2645 modo
3206 2592 3323 2644 illas

1797 2689 2034 2735 sectatur
2061 2687 2240 2746 partes
2260 2718 2276 2742 ,
2303 2687 2357 2730 et
2385 2688 2442 2731 ut
2484 2677 2534 2730 in
2576 2678 2734 2732 rebus
2771 2679 3108 2732 adolescente
3150 2679 3323 2731 adhuc

1799 2769 2209 2824 Cliristianismo
2259 2767 2618 2831 subobscuris,
2666 2775 2721 2820 et
2766 2769 2996 2821 nondum
3025 2749 3117 2834 per
3137 2764 3319 2818 Eccle-

1797 2861 1930 2915 siam
1960 2857 2192 2912 deﬁnitis
2219 2855 2396 2908 animo
2428 2855 2678 2923 indulget,
2714 2865 2770 2909 et
2797 2855 3052 2923 quidquid
3093 2853 3189 2906 sibi
3227 2867 3323 2919 pro

1799 2956 2034 3013 tempore
2065 2943 2502 3003 ﬁtverisimilius,
2533 2942 2741 3010 arripit.
2774 2942 2925 2996 Unde
2958 2957 3022 2996 ne
3068 2941 3177 3009 ipse
3203 2940 3322 3010 qui-

1797 3040 1913 3092 dem
1939 3036 2185 3106 Origenis
2201 3035 2486 3100 castigator
2515 3031 2812 3087 Methodius
2833 3034 2947 3088 sine
2975 3033 3318 3100 cespitatione

102 3127 204 3196 μὲν
237 3119 549 3189 ἐκολλήθη
577 3116 655 3186 τῷ
685 3116 864 3183 ἐδάφει
893 3116 926 3184 ἠ
948 3114 1111 3184 ψυχὴ,
1143 3116 1232 3168 καὶ
1258 3116 1442 3182 γέγονε
1463 3117 1624 3187 σάρξο
1641 3121 1696 3172 ὲν

1799 3130 1900 3182 hoc
1946 3133 2314 3193 argumentum
2367 3127 2644 3187 tractavit,
2693 3123 2933 3179 homines
2966 3123 3164 3191 ﬁngens
3201 3130 3319 3192 post

98 3216 157 3267 δὲ
187 3216 258 3283 τῇ
309 3207 642 3264 ἀναστάσει
677 3202 1056 3274 κολληθήσεται
1085 3205 1117 3273 ἠ
1153 3202 1286 3274 σὰρξ
1315 3207 1379 3273 τῇ
1408 3203 1572 3275 ψυχῇ,
1607 3207 1699 3260 καὶ

97 3305 259 3356 ἔσται
289 3298 470 3371 ψυχὴ
500 3297 626 3366 ἣτις
653 3293 964 3364 κολληθεῖσα
983 3293 1058 3363 τῷ
1076 3293 1261 3364 Κυρίῳ
1287 3295 1342 3344 ὲν
1357 3296 1421 3364 τῇ
1445 3294 1698 3367 καθολικῇ

95 3393 436 3448 ἀναστάσει
479 3386 688 3455 γίνεται
727 3384 783 3436 ἓν
818 3383 1048 3454 πνεῦμα,
1091 3384 1183 3436 καὶ
1217 3385 1418 3450 γίνεται
1445 3385 1503 3436 τὸ
1547 3385 1700 3456 σῶμα

91 3477 540 3555 πνευματικόν.
563 3474 674 3528 Nec
700 3474 856 3527 aliter
882 3473 1238 3542 intelligimus,
1260 3488 1378 3541 qua:
1397 3474 1699 3542 consignata

92 3583 230 3626 ειιιιι
288 3569 407 3624 lib.
470 3579 510 3616 v
565 3571 749 3616 contra
786 3559 946 3623 Cela,
989 3576 1138 3614 num.
1176 3561 1261 3624 l8,
1303 3561 1436 3615 οὔτε
1484 3564 1580 3632 μὲν
1609 3560 1701 3616 οὖν

86 3666 293 3735 ἡμεῖς,
329 3657 482 3712 οὔτε
519 3653 587 3705 τὰ
629 3652 744 3704 θεῖα
786 3651 1084 3720 γράμματα
1127 3651 1314 3712 αὑταῖς
1345 3669 1476 3721 φησι
1513 3652 1698 3722 σαρξὶ,

91 3751 410 3823 μηδεμίαν
449 3740 754 3815 μεταϐολὴν
778 3738 1142 3808 ἀνειληφυίαις
1160 3739 1254 3808 τὴν
1278 3740 1368 3792 ἐπὶ
1396 3739 1455 3791 τὸ
1479 3740 1698 3809 βέλτιον,

81 3839 400 3911 ζήσεσθαι
435 3833 570 3893 τοὺς
603 3829 768 3883 πάλαι
799 3826 1174 3893 ἀποθανόντας,
1198 3828 1303 3881 ἀπὸ
1331 3829 1426 3898 τῆς
1453 3830 1554 3900 γῆς
1574 3832 1701 3886 ἀνα-

81 3931 336 3992 δόντας,
382 3922 537 3978 Nam
565 3918 849 3988 quominus
881 3925 1024 3970 recta
1073 3916 1155 3972 his
1201 3918 1460 3972 sententia
1495 3934 1702 3975 accom-

80 4019 335 4077 modari
424 4011 645 4083 possit,
709 4007 1087 4076 impedimento
1158 4017 1242 4062 est
1313 4008 1400 4062 hic
1465 4009 1699 4077 Apostoli

81 4116 261 4168 εοεαε
300 4107 357 4139 ιι
399 4122 418 4157 ε
460 4120 482 4153 ι
516 4099 632 4152 iioc
653 4105 829 4150 autem
857 4095 999 4159 dico,
1042 4094 1259 4160 fratres,
1305 4097 1428 4166 quia
1472 4112 1599 4152 caro
1647 4108 1702 4152 et

71 4198 349 4270 sanguis
422 4202 660 4258 regnum
709 4185 800 4238 Dei
861 4183 1172 4238 bzereditare
1213 4201 1318 4240 non
1377 4196 1638 4254 possunt:
1676 4205 1694 4238 ι

72 4305 204 4361 quo
241 4281 546 4341 sensilem
589 4277 730 4330 hanc
763 4282 817 4328 et
853 4275 1231 4340 aspectabtlem
1279 4289 1435 4344 quam
1473 4277 1702 4345 gerimus

65 4391 351 4434 carnem
372 4383 556 4439 regno
580 4365 785 4420 cmlesti
801 4363 1200 4430 excludendam,
1222 4374 1275 4419 et
1296 4366 1701 4420 resurrectionis

66 4464 413 4524 beneﬁcio
465 4456 788 4526 privaudam
843 4452 1134 4521 signiﬁcari
1181 4463 1349 4520 putat.
1412 4452 1546 4510 Hinc
1601 4456 1698 4526 τὴν

61 4547 572 4628 κεκηρυγμένην
594 4544 694 4613 τῆς
726 4541 922 4612 σαρκὸς
958 4540 1243 4594 ἀνάστασιν
1271 4543 1328 4594 ὲν
1350 4546 1465 4606 ταῖς
1502 4543 1696 4612 ἐκκλη-

61 4653 279 4712 σίαις,
361 4641 481 4695 ὑπὸ
526 4637 634 4690 τῶν
683 4633 1052 4703 συνετωτέρων
1102 4634 1412 4705 τρανότερον
1471 4635 1697 4690 νοεῖσθαι

60 4741 329 4797 ibidem
378 4729 617 4791 scribit;
646 4735 702 4780 et
732 4724 855 4778 alibi
887 4723 1323 4778 resurrectionem
1380 4725 1438 4777 ὲν
1474 4728 1539 4796 τῇ
1573 4742 1696 4780 συν-

54 4831 268 4902 ηθείᾳ
319 4821 451 4876 τῶν
467 4815 846 4886 ἁπλουστέρων
871 4811 1219 4890 ὀνομάζεσθαι
1253 4814 1536 4869 ἀνάστασιν
1566 4831 1695 4884 σαρ-

56 4922 206 4975 κός.

141 4937 282 5061 τι-
351 4995 721 5066 Quantumvis
755 5000 932 5048 autem
975 4991 1256 5061 perspicua
1302 4992 1546 5045 videatur
1580 4993 1694 5048 Ori-

55 5097 264 5168 genis
303 5098 382 5145 et
413 5094 675 5141 constans
701 5081 920 5150 opinio,
955 5087 1212 5147 repugnat
1239 5086 1412 5133 tamen
1446 5077 1695 5145 Pamphi-

53 5193 194 5250 εαε,
282 5188 363 5234 et
426 5188 502 5227 ne
545 5186 575 5225 a
631 5185 792 5224 carne
838 5169 1049 5237 quidem
1083 5168 1192 5234 ipsa
1253 5169 1692 5222 resurrectionem

52 5270 501 5343 abjudicasse
563 5274 684 5313 eum
741 5259 1108 5320 demonstrat,
1167 5255 1489 5324 depromptis
1556 5256 1696 5312 illius

49 5365 306 5422 verbis
362 5369 400 5408 e
438 5349 820 5406 Commentario
863 5347 920 5399 in
974 5344 1228 5413 psalmum
1283 5359 1371 5408 xv,
1417 5359 1532 5412 quae
1573 5355 1697 5402 sunt

52 5441 461 5521 huiusmodi
496 5457 510 5493 :
548 5455 566 5488 ι
592 5435 897 5491 Oﬁendatur
942 5434 1034 5504 qui
1091 5432 1202 5486 vult
1246 5449 1313 5487 ex
1365 5441 1545 5486 nostro
1580 5447 1693 5487 ser-

49 5555 278 5603 mone
329 5553 351 5588 :
397 5543 507 5600 ego
557 5534 733 5580 autem
797 5539 915 5580 cum
971 5522 1116 5577 omni
1177 5522 1370 5576 ﬁducia
1425 5535 1690 5587 assevero,

1729 4443 1771 4497 D

1799 3216 2235 3272 resurrectionem
2264 3213 2588 3267 habitaturos
2617 3214 2667 3266 in
2699 3223 2835 3267 terra
2869 3213 2973 3280 jam
3001 3213 3316 3277 instaurata,

1796 3311 1850 3358 et
1876 3317 1972 3371 per
1998 3316 2170 3356 aerem
2193 3301 2688 3369 temperatissimqu
2711 3301 3029 3354 ambientem
3058 3301 3108 3352 in
3135 3298 3320 3354 melius

1799 3402 2018 3457 mutata,
2051 3392 2178 3445 etin
2211 3391 2441 3460 paradisi
2474 3390 2688 3444 deliciis
2717 3391 2925 3443 beatum
2969 3404 3135 3442 arvum
3171 3397 3322 3442 actu-

1799 3498 1887 3536 ros
1910 3499 1925 3545 ;
1964 3482 2163 3549 angelis
2197 3491 2372 3533 autem
2401 3479 2645 3533 caelestes
2672 3479 2832 3532 orbes
2857 3479 3176 3532 destinatum
3201 3491 3322 3530 esse

1797 3570 2143 3626 domicilium.
2179 3568 2464 3622 Eusebium
2489 3582 2700 3637 quoque
2737 3566 2985 3637 Origenis
3013 3565 3322 3634 partiarium
3377 3633 3380 3636 ἢ

1799 3660 2241 3715 resurrectionem
2274 3667 2600 3710 mortuorum
2640 3657 2917 3712 sustulisse
2959 3665 3144 3710 narrat
3178 3655 3322 3708 Plio-

1801 3750 1904 3802 tius
1929 3748 1981 3800 in
2007 3746 2223 3814 epistola
2252 3747 2477 3813 quadam
2518 3747 2583 3798 ad
2613 3744 3040 3799 Constantinum.
3085 3745 3141 3798 In
3185 3743 3322 3810 ejus-

1799 3837 1915 3891 dem
1939 3838 2138 3889 erroris
2157 3833 2525 3902 suspicionem
2561 3843 2744 3887 mutuo
2772 3848 2889 3888 sese
2920 3842 3111 3887 vocant
3140 3831 3324 3884 Hiero-

1801 3939 1990 3995 nymus
2046 3932 2100 3977 et
2159 3921 2401 3984 Ruﬁnus,
2455 3935 2606 3986 quem
2643 3931 2818 3973 tamen
2855 3931 3074 3986 uterque
3115 3933 3319 3972 summa

1798 4029 1923 4070 cura
1955 4013 2158 4067 diluere
2188 4017 2428 4065 conatur.
2467 4009 2601 4061 Huic
2645 4008 2806 4059 etiam
2841 4007 3127 4059 adhazsisse
3154 4008 3321 4059 Arno-

1800 4104 1941 4157 bium
1967 4097 2252 4154 verisimile
2275 4105 2384 4160 est;
2421 4097 2493 4148 ait
2516 4094 2654 4148 enim
2693 4093 2782 4146 lib.
2816 4109 2852 4146 n
2889 4090 3083 4145 Contra
3111 4102 3280 4159 gentes
3300 4106 3321 4144 :

1805 4211 1822 4243 ι
1856 4191 2072 4244 Audetis
2114 4188 2293 4240 videre
2350 4201 2465 4246 nos,
2521 4184 2659 4252 quod
2709 4191 3036 4235 mortuorum
3085 4181 3322 4234 dicamus

1799 4277 2244 4334 resurrectionem
2283 4275 2532 4338 futuram,
2566 4286 2721 4339 quam
2763 4271 2975 4338 quidem
3018 4283 3112 4322 nos
3147 4269 3323 4322 dicere

1799 4367 2147 4428 conﬁtemur;
2205 4365 2296 4419 sed
2344 4378 2372 4415 a
2413 4363 2560 4415 vobis
2609 4361 2764 4412 aliter
2799 4373 2954 4426 quam
3003 4359 3318 4421 sentiamus,

1800 4456 1990 4511 audiri.
2017 4474 2036 4507 ι
2089 4453 2238 4519 Quod
2285 4452 2424 4506 idem
2463 4459 2543 4504 est
2578 4464 2638 4502 ac
2690 4447 2816 4500 illud
2857 4446 3101 4516 Origenis
3142 4445 3321 4500 carnis

1801 4544 2239 4599 restirrectionem
2277 4555 2394 4594 csse
2433 4539 2653 4594 dicentis
2688 4535 2790 4590 ὑπὸ
2820 4535 2924 4589 τῶν
2957 4535 3321 4607 συνετωτέρων

1801 4633 2114 4702 τρανότερον
2147 4629 2487 4700 νενοημένην.
2552 4627 2785 4694 Denique
2824 4627 3086 4694 proditum
3130 4637 3210 4680 est
3252 4627 3320 4681 ab

1800 4722 2092 4792 Epiphanio
2117 4730 2169 4775 et
2195 4720 2510 4787 liieronymo
2549 4717 2685 4770 hanc
2714 4718 2877 4786 ipsam
2907 4715 3070 4769 fuisse
3098 4714 3320 4769 Marcio-

1797 4814 1880 4867 nis
1910 4813 2238 4879 aliorumque
2285 4809 2660 4863 haereticorum
2699 4811 2763 4861 de
2802 4805 3190 4860 resurrectione
3221 4805 3319 4858 i'aio

1794 4917 1908 4958 sam
1951 4898 2282 4953 sententiam.

1865 4988 1974 5042 Vll.‘
2021 4987 2274 5053 Quamvis
2316 4999 2554 5040 crassam
2611 4984 2753 5038 illam
2798 4985 2973 5039 carnis
3027 4983 3218 5037 molem
3263 4989 3320 5034 et

1797 5089 2101 5144 compagem
2137 5089 2167 5126 a
2194 5073 2505 5141 corporibus
2544 5073 2924 5126 resurrecturis
2951 5080 3212 5125 secretum
3253 5067 3316 5119 iri

1797 5164 2022 5220 senserit
2059 5163 2313 5230 Origenes
2345 5181 2358 5215 :
2387 5163 2580 5231 quibus
2627 5173 2800 5216 tamen
2845 5162 3063 5230 praedita
3095 5171 3154 5208 ea
3199 5155 3317 5207 fore

1798 5253 2143 5322 qualitatibus
2167 5261 2310 5306 ratus
2342 5253 2433 5317 sit,
2470 5267 2590 5306 cum
2632 5261 2940 5320 resurgent,
2971 5259 3123 5313 quam
3159 5256 3316 5307 passa

1798 5342 2172 5406 mutationem,
2224 5356 2327 5409 qua
2358 5342 2608 5395 instructa
2643 5339 2845 5398 forma,
2880 5352 2978 5390 non
3005 5333 3131 5384 satis
3159 5329 3320 5395 liqui-

1797 5431 1920 5483 dum
1937 5438 2039 5483 est.
2067 5428 2456 5497 Nonnunquam
2481 5431 2622 5482 enim
2658 5429 2969 5482 suscitatqu
2998 5421 3059 5470 iri
3092 5414 3276 5468 eadem
3300 5453 3319 5478 ,

1797 5504 2074 5574 subtiliora
2105 5518 2229 5573 licet
2251 5533 2314 5573 ac
2339 5518 2692 5588 splendidiora
2717 5556 2734 5582 ,
2762 5513 2972 5569 asserit.
3023 5503 3178 5586 Velut
3221 5502 3323 5559 lib.

161 5724 222 5757 η
247 5709 490 5774 Matth.
523 5717 634 5768 xvr,
661 5703 745 5760 26.
820 5705 861 5736 "
885 5703 905 5758 Ι
927 5703 1049 5758 Cor.
1079 5716 1165 5770 xv,
1190 5701 1277 5758 55.
1357 5705 1396 5736 ’⁸
1425 5702 1584 5760 lCor.
1611 5720 1700 5771 xv,
1735 5705 1819 5760 50.
1897 5705 1938 5737 ⁸⁸
1965 5703 2155 5760 Psalm.
2181 5718 2266 5770 xv,
2300 5703 2381 5758 i9.
2458 5703 2498 5735 ¹⁶
2525 5701 2656 5757 Gen.
2695 5713 2772 5764 Ill,
2806 5693 2885 5750 i9.
