3894 6440
141 415 238 470 985

942 411 1498 467 ORIGENIANORUM
1535 409 1656 464 LIB.
1698 409 1760 473 ll,
1798 407 1949 462 CAP.
1990 406 2050 470 ll,
2088 407 2354 472 QUIEST.
2396 409 2481 463 IX.

3194 408 3302 462 986

142 522 356 593 querela
399 523 536 577 hair.
567 539 714 589 LXIV,
737 541 852 592 cap.
879 527 932 589 4,
955 526 1064 594 Τὴν
1109 525 1216 578 τῶν
1249 526 1471 596 νεκρῶν,
1491 525 1680 592 inquit,

1782 523 1900 591 quia
1957 521 2093 576 sicut
2139 523 2515 590 primogenitus
2555 536 2620 576 ex
2673 522 2989 576 mortuisest
3024 520 3301 585 Christus,

139 612 434 668 ἀνάστασιν
469 611 666 684 ἐλλιπῆ
699 617 946 674 ποιεῖται,
976 614 1049 684 πῆ
1099 615 1192 683 μὲν
1236 615 1374 684 λόγῳ
1411 612 1680 682 παριστῶν

139 701 357 771 ταύτην,
400 702 480 770 πῆ
533 702 591 754 δὲ
649 703 1028 774 ἐξαρνούμενος
1069 704 1383 766 τελεώτατα,
1420 703 1599 755 ἄλλοτε
1626 703 1681 755 δὲ

140 793 222 846 καὶ
248 790 419 862 μέρος
444 791 504 856 ἐξ
521 793 694 861 αὐτῆς
722 793 1050 846 ἀνίστασθαι·
1085 813 1103 844 ι
1137 795 1456 848 Mortuorum
1500 809 1681 847 resur-

142 883 437 935 rectionem
499 883 868 951 imperfectam
917 899 1033 938 esse
1084 885 1280 949 docet;
1323 885 1515 954 partim
1559 897 1680 938 eam

133 970 306 1025 verbis
339 985 632 1035 asserens,
670 973 861 1040 partim
886 973 1118 1028 funditus
1153 975 1375 1037 tollens;
1407 971 1537 1026 alias
1558 987 1682 1025 vero

139 1067 341 1126 partem
379 1059 504 1124 ejus
525 1059 790 1112 duntaxat
834 1075 1113 1129 resurgere
1160 1061 1407 1127 tradens;
1452 1078 1471 1110 ι
1502 1069 1556 1114 et
1593 1060 1679 1112 illa

139 1147 415 1200 Vincentii
441 1146 842 1203 Bellovacensis
868 1148 1072 1216 Speculi
1101 1149 1375 1202 doctrinal.
1403 1149 1680 1218 lib.,xvm,

131 1253 240 1304 cap.
303 1237 409 1301 4'5,
474 1253 600 1293 cum
649 1253 826 1293 veram
877 1239 951 1296 ait
1002 1240 1435 1294 resurrectionem
1505 1239 1683 1292 carnis

131 1327 426 1394 Origenem
482 1340 732 1395 negasse.
787 1325 898 1379 Non
949 1327 1083 1381 satis
1137 1337 1312 1381 autem
1363 1327 1682 1396 intelligitur

129 1415 243 1483 quid
268 1414 392 1468 sibi
432 1415 669 1469 voluerit
693 1414 1040 1483 Theophanes
1073 1415 1381 1482 Cerameus,
1404 1432 1524 1470 cum
1555 1417 1684 1470 seri.

128 1506 226 1572 psit
253 1503 465 1556 homil.
491 1503 586 1570 22,
632 1505 722 1555 Ἐκ
749 1504 929 1574 μέντοι
946 1504 1036 1557 τοῦ
1070 1507 1239 1557 εἰπεῖν
1257 1523 1270 1536 ·
1315 1508 1386 1560 Ἥ
1413 1523 1468 1560 τι
1494 1506 1682 1574 βώσει

126 1595 446 1662 ἄνθρωπος
467 1594 856 1664 ἀντάλλαγμα
876 1596 984 1662 τῆς
1007 1597 1210 1666 ψυχῆς
1228 1599 1408 1652 αὑτοῦ
1428 1614 1446 1662 ;
1471 1601 1680 1652 ἐπιστο-

127 1685 338 1755 μίζεται
374 1687 411 1755 ὴ
444 1685 600 1755 παρὰ
631 1686 723 1738 τοῦ
756 1686 1034 1756 ὲπωνύμου
1061 1688 1156 1756 τῆς
1181 1688 1344 1757 ὀργῆς
1383 1688 1685 1759 Ὠριγένους

124 1773 494 1843 πεπλασμένη
556 1774 867 1836 ἀνάστασις.
907 1794 925 1826 ι
962 1776 1220 1829 Caeterum
1269 1777 1492 1832 dicendo
1521 1794 1534 1806 °
1581 1777 1680 1828 Aut

121 1880 269 1931 quam
308 1865 476 1916 dabit
510 1864 666 1917 hamo
694 1866 1115 1932 permutationem
1139 1883 1233 1935 pro
1273 1870 1450 1920 anima
1477 1884 1573 1922 sua
1599 1867 1680 1921 "‘1

123 1951 408 2005 refellitur
439 1951 673 2006 conﬁcta
703 1953 1028 2006 resurrectio
1068 1955 1133 2008 ab
1167 1954 1413 2024 Origene,
1461 1957 1546 2010 cui
1585 1957 1682 2010 fuit

121 2056 315 2096 nomen
342 2041 463 2093 ἀπὸ
486 2041 588 2110 τῆς
612 2041 779 2112 ὀργῆς
811 2042 1121 2097 derivatum.
1171 2063 1191 2095 ι
1336 2026 1342 2033 ’

181 2131 300 2185 Non
355 2131 536 2185 semel
573 2132 626 2185 id
657 2133 826 2199 ipsum
870 2146 1233 2195 asseverasse,
1265 2134 1403 2201 quod
1433 2135 1677 2202 proxime

118 2221 549 2275 commemorati
572 2220 858 2288 scriptores
883 2219 1164 2288 objiciunt,
1182 2220 1448 2274 fatendum
1468 2223 1680 2290 quidem

115 2321 192 2366 est
220 2329 236 2366 :
265 2321 412 2382 puta
472 2311 570 2366 lib.
627 2326 686 2373 ιι,
743 2311 879 2377 Περὶ
925 2309 1144 2378 ἀρχῶν,
1176 2327 1298 2382 cap.
1347 2315 1403 2378 5,
1449 2328 1593 2365 num.
1624 2311 1680 2378 2,

121 2401 300 2454 «Mira
357 2413 499 2470 ergo
533 2398 762 2462 ratione,
813 2399 982 2466 inquit
1028 2407 1245 2454 sanctus
1287 2400 1567 2470 Apostolus
1617 2401 1683 2455 ad

114 2488 440 2559 generalem
501 2488 732 2554 primam
795 2500 1010 2541 causam
1063 2489 1392 2556 respiciens,
1449 2491 1684 2546 materia:

115 2578 457 2649 corporalis,
481 2575 638 2643 cujus
663 2576 897 2632 materiae
921 2576 1096 2629 anima
1121 2592 1270 2630 usum
1293 2593 1501 2646 semper
1527 2581 1686 2634 habet

115 2673 162 2723 in
195 2669 461 2738 qualibet
495 2663 758 2735 qualitate
791 2665 1008 2733 positae,
1037 2679 1176 2718 nunc
1212 2667 1426 2733 quidem
1461 2667 1682 2732 carnali,

113 2758 478 2829 postmodum
527 2769 658 2809 vero
702 2751 964 2808 subtiliori
1008 2762 1062 2807 et
1113 2755 1334 2822 puriori,
1386 2769 1501 2824 quae
1531 2757 1685 2823 spiri-

115 2852 234 2904 talis
275 2844 628 2917 appellatur.
677 2843 787 2907 ait,
825 2841 1053 2895 Necesse
1107 2849 1190 2894 est
1225 2842 1556 2909 corruptibili
1584 2841 1684 2896 hoc

113 2941 351 2994 induere
401 2933 865 3001 incorruptionem
918 2930 1024 2994 “,i
1085 2939 1226 2996 etc.;
1280 2939 1335 2984 et
1385 2933 1438 2984 in
1483 2931 1681 2986 Catena

111 3028 467 3084 Corderiana
527 3027 583 3076 in
637 3021 821 3091 psalm.
869 3033 1054 3083 cxvm,
1095 3019 1186 3082 25,
1249 3035 1368 3088 pag.
1405 3020 1680 3075 799εΝῦν

1779 613 1850 666 ita
1898 611 2101 681 primus
2143 624 2355 664 carnem
2413 612 2584 663 evexit
2628 611 2690 662 ad
2721 611 2989 676 ctelump
3049 619 3102 663 et
3149 613 3302 677 paulo

1777 708 1896 767 post
1933 715 1946 752 :
1983 715 2001 748 ι
2028 698 2148 752 llaec
2172 707 2383 765 propter
2420 699 2543 752 illud
2587 699 2723 766 quod
2761 700 2958 753 dictum
2993 709 3112 754 est:
3141 697 3286 763 Quo-

1779 790 1917 843 niam
1955 805 2076 843 caro
2107 805 2216 842 mea
2242 787 2510 855 requiescet
2541 789 2592 839 in
2613 804 2700 853 spe
2723 788 2784 839 ’⁵.
2808 788 2859 840 In
2886 802 2988 856 qua
3010 786 3143 855 spe?
3175 783 3292 839 Non

1778 878 1947 932 solum
1975 877 2096 945 quia
2127 891 2190 930 ex
2234 875 2454 930 mortuis
2486 876 2736 942 resurgit;
2783 890 2965 942 parum
3012 875 3152 930 enim
3202 873 3299 928 hoc

1778 975 1860 1021 est
1885 983 1899 1020 :
1929 968 2021 1020 sed
2047 966 2099 1019 in
2129 979 2188 1018 ea
2213 979 2305 1033 spe
2336 963 2636 1031 requiescit,
2663 964 2802 1030 quod
2840 974 3106 1031 assumpta
3133 972 3217 1017 est
3245 963 3298 1016 in

1779 1055 1989 1109 celum.
2021 1073 2039 1108 ι
2065 1053 2266 1120 Quibus
2294 1053 2538 1106 adderem
2568 1061 2620 1106 et
2639 1041 2764 1103 illud
2793 1067 2823 1105 e
2859 1052 3021 1106 lib.nt
3040 1053 3173 1120 Περὶ
3197 1051 3300 1120 ἀρ.

1778 1143 1922 1214 χῶν,
1959 1159 2074 1215 cap.
2104 1144 2157 1210 6,
2199 1159 2344 1197 num.
2387 1142 2442 1206 5,
2473 1141 2573 1195 nisi
2624 1141 2798 1194 lluﬁni
2834 1142 3131 1209 interpretis
3159 1132 3302 1195 frau-

1779 1235 1873 1288 des
1898 1237 2232 1288 subvererer.
2274 1249 2292 1282 t
2342 1231 2573 1300 Denique
2599 1244 2721 1282 caro
2750 1239 2927 1282 nostra
2954 1232 3018 1283 ab
3049 1231 3303 1299 imperitis

1779 1333 1833 1377 et
1881 1321 2184 1376 inﬁdelibus
2225 1321 2296 1374 ita
2338 1329 2456 1389 post
2487 1329 2705 1374 mortem
2748 1319 2989 1387 deperire
3033 1320 3303 1376 existima-

1783 1421 1885 1474 tur,
1903 1419 1960 1464 ιιι
1987 1411 2114 1464 nihil
2134 1425 2347 1478 prorsus
2373 1409 2626 1476 reliquum
2648 1408 2953 1482 substantia:
2977 1423 3084 1461 sua:
3107 1408 3304 1462 habere

1781 1503 2048 1557 credatur.
2086 1500 2191 1553 Nos
2216 1515 2342 1553 vero
2367 1499 2454 1567 qui
2500 1500 2936 1552 resurrectionem
2985 1495 3097 1564 ejus
3134 1499 3306 1551 credi-

1782 1605 1921 1656 mus,
1953 1589 2370 1644 immutationem
2393 1588 2507 1654 ejus
2532 1589 2890 1642 tantummodo
2927 1597 3046 1654 post
3079 1597 3303 1640 mortem

1782 1681 1976 1736 factam
2019 1679 2382 1748 intelligimus,
2407 1677 2753 1732 substantiam
2790 1691 2915 1729 vero
2949 1677 3064 1744 ejus
3101 1687 3302 1731 certum

1781 1779 1862 1824 est
1889 1783 2216 1838 permanere,
2252 1777 2306 1821 et
2327 1767 2596 1820 voluntate
2619 1752 2887 1821 Creatoris
2910 1767 3024 1832 sui,
3049 1777 3303 1834 certoque

1785 1876 2016 1934 tempore
2069 1879 2254 1918 rursus
2293 1863 2530 1931 reparari
2566 1863 2631 1916 ad
2665 1862 2826 1914 vitam
2849 1900 2864 1924 ,
2915 1870 3072 1927 atque
3114 1860 3302 1913 iterum

1781 1954 2229 2023 permutationem
2257 1952 2370 2021 ejus
2409 1951 2562 2016 ﬁeri,
2597 1961 2652 2004 ut
2688 1966 2804 2019 qua:
2837 1951 3007 2017 primo
3043 1948 3139 2001 fuit
3179 1963 3304 2001 caro

1779 2060 1844 2099 ex
1868 2054 2007 2098 terra
2035 2053 2265 2104 terrena,
2288 2051 2398 2094 tum
2425 2041 2613 2094 deinde
2641 2040 2890 2095 dissoluta
2909 2048 3029 2108 post
3057 2047 3299 2101 mortem,

1779 2143 1832 2189 et
1863 2136 2053 2188 iterum
2096 2132 2230 2205 facta
2268 2131 2404 2185 cinis
2429 2145 2492 2183 ac
2523 2139 2704 2196 terra;
2753 2131 2996 2199 quoniam
3028 2142 3163 2182 terra
3205 2146 3260 2183 es
3282 2168 3300 2198 ,

1780 2224 1972 2293 inquit,
2007 2233 2054 2276 et
2086 2225 2138 2275 in
2180 2232 2368 2273 terram
2412 2221 2507 2274 ibis
2543 2222 2606 2286 ¹⁶,
2646 2235 2854 2272 rursum
2900 2221 3238 2274 resuscitetur
3271 2235 3302 2275 e

1781 2323 1958 2377 terra;
1989 2321 2042 2366 et
2071 2322 2187 2378 post
2206 2311 2304 2364 hoc
2327 2309 2434 2377 jam
2471 2310 2612 2364 velut
2652 2312 2896 2364 meritum
2948 2312 3296 2364 inhabitantis

1780 2407 1972 2458 animae
2031 2401 2371 2470 poposcerit,
2438 2400 2492 2453 in
2536 2399 2702 2469 gloria
2762 2401 3002 2468 corporis
3061 2400 3302 2468 proficiet

1781 2491 2055 2562 epit-italis.
2092 2508 2110 2540 ι
2137 2487 2333 2557 Nempe
2367 2488 2458 2541 bic‘
2484 2503 2715 2556 quoque,
2741 2490 2864 2541 utin
2896 2489 3014 2543 aliis
3040 2489 3305 2558 plerisque

1779 2584 1878 2638 sibi
1905 2596 2007 2636 non
2037 2587 2244 2634 constat
2281 2578 2554 2646 Origenes,
2585 2586 2640 2631 et
2679 2579 2833 2631 modo
2854 2579 2968 2641 has,
3004 2581 3158 2632 modo
3187 2579 3305 2632 illas

1780 2680 2016 2726 sectatur
2043 2678 2258 2738 partes,
2285 2677 2340 2720 et
2367 2677 2424 2721 ut
2467 2667 2516 2719 in
2559 2668 2716 2720 rebus
2755 2667 3090 2720 adolescente
3133 2667 3306 2719 adlmc

1781 2760 2192 2816 Cltristianismo
2242 2756 2601 2820 snbobscuris,
2649 2764 2704 2810 et
2749 2758 2978 2809 nondum
3007 2738 3099 2822 per
3119 2751 3301 2806 Eccle-

1780 2852 1913 2906 siam
1942 2848 2174 2903 deliuitis
2201 2845 2378 2898 animo
2411 2844 2661 2912 indulget,
2697 2853 2752 2898 et
2780 2844 3034 2911 quidquid
3076 2841 3172 2894 sibi
3209 2855 3305 2907 pro

1783 2948 2016 3004 tempore
2049 2936 2107 2988 ﬁt
2123 2932 2485 2994 verisimilius,
2517 2931 2724 3000 arripit.
2756 2931 2908 2985 Unde
2941 2945 3005 2984 ne
3051 2930 3160 2998 ipse
3186 2928 3306 2998 qui-

1779 3031 1896 3084 dem
1923 3027 2168 3097 Origenis
2184 3025 2470 3091 castigator
2499 3021 2795 3076 Methodius
2817 3023 2930 3076 sine
2958 3021 3300 3089 cespitatione

111 3121 210 3188 μὲν
240 3114 531 3184 ἐκολλήθη
560 3110 638 3180 τῷ
668 3110 848 3176 ἐδάφει
877 3108 1095 3179 ἡψυχὴ,
1125 3109 1216 3161 καὶ
1242 3109 1425 3175 γέγονε
1447 3109 1679 3180 σάρξοὲν

1782 3122 1884 3174 hoc
1930 3125 2297 3184 argumentum
2349 3116 2627 3177 tractavit,
2677 3112 2916 3168 homines
2949 3111 3148 3180 {ingens
3185 3118 3303 3180 post

107 3209 165 3260 δὲ
193 3209 262 3276 τῇ
312 3201 625 3257 ἀναστάσει
660 3195 1040 3267 κολληθήσεται
1068 3197 1101 3266 ἡ
1137 3195 1270 3266 σὰρξ
1299 3199 1362 3266 τῇ
1392 3196 1556 3267 ψυχῇθ
1589 3198 1682 3252 καὶ

107 3299 263 3349 ἔσται
293 3292 457 3364 ψυχὴ
485 3292 609 3360 ἥτις
637 3287 949 3358 κολληθεῖσα
967 3286 1042 3356 τῷ
1061 3285 1245 3356 Κυρίῳ
1270 3288 1325 3338 ὲν
1340 3289 1404 3356 τῇ
1429 3286 1682 3358 καθολικῇ

105 3386 421 3441 ἀναστάσει
465 3381 673 3449 γίνεται
711 3377 768 3430 ἓν
803 3376 1032 3447 πνεῦμα,
1076 3377 1167 3429 καὶ
1202 3377 1402 3442 γίνεται
1429 3377 1486 3428 τὸ
1530 3377 1684 3447 σῶμα

103 3472 523 3548 πνευματικόν.
547 3469 658 3522 Nec
685 3467 842 3520 aliter
866 3466 1223 3534 intelligimus,
1245 3481 1362 3534 qua:
1381 3467 1683 3534 consignata

104 3576 238 3618 sunt
293 3563 396 3616 lib.
457 3573 494 3610 v
550 3565 734 3610 contra
771 3553 931 3616 Cela,
973 3569 1122 3607 num.
1161 3553 1246 3616 18,
1288 3553 1421 3607 Οὔτε
1469 3556 1564 3624 μὲν
1594 3552 1685 3608 οὖν

99 3659 298 3727 ἡμεῖς,
331 3650 470 3704 οὔτε
502 3647 571 3700 τὰ
613 3646 730 3698 θεῖα
771 3643 1069 3714 γράμματα
1112 3643 1299 3705 αὐταῖς
1330 3661 1461 3713 φησι
1497 3644 1683 3714 σαρξὶ,

104 3743 400 3816 μηδεμίαν
437 3733 739 3810 μεταϐολὴν
763 3731 1127 3801 ἀνειληφυίαις
1145 3732 1240 3800 τὴν
1263 3733 1353 3784 ἐπὶ
1381 3732 1440 3783 τὸ
1464 3732 1683 3801 βέλτιον,

97 3831 392 3904 ζήσεσθαι
423 3827 554 3887 τοὺς
588 3823 753 3876 πάλαι
784 3819 1160 3886 ἀποθανόντας,
1183 3820 1289 3873 ἀπὸ
1317 3821 1411 3890 τῆς
1438 3822 1539 3891 γῆς
1558 3824 1686 3878 ἀνα-

95 3924 337 3984 δύντας.
376 3916 521 3971 Nam
550 3912 835 3982 quominus
866 3918 1009 3963 recta
1058 3909 1141 3964 bis
1187 3909 1446 3965 sententia
1481 3925 1687 3966 accom-

97 4011 335 4068 τηοσετί
412 4005 631 4077 possit,
695 3999 1073 4070 impedimento
1145 4008 1228 4054 est
1299 4000 1386 4054 hic
1451 4001 1684 4069 Apostoli

98 4107 272 4160 locus
306 4100 355 4132 “
391 4116 407 4152 :
448 4113 470 4147 ι
501 4093 617 4147 Hoc
639 4099 816 4144 autem
843 4089 985 4152 dico,
1028 4087 1246 4152 fratres,
1291 4089 1414 4158 quia
1458 4103 1584 4144 caro
1633 4099 1688 4144 et

89 4191 346 4262 sanguis
410 4196 646 4252 regnum
696 4178 786 4232 Dei
847 4176 1158 4231 hzereditare
1200 4192 1304 4232 non
1363 4187 1624 4246 possunt:
1662 4197 1680 4230 ι

90 4297 222 4352 quo
257 4275 531 4333 sensilem
575 4271 716 4324 hanc
749 4276 803 4322 et
839 4267 1218 4333 aspectabilem
1265 4281 1421 4335 quam
1459 4268 1688 4336 gerimus

84 4384 347 4426 carnem
366 4377 542 4434 regno
566 4359 772 4415 cmlesti
788 4357 1186 4422 excludendam,
1209 4367 1262 4411 et
1283 4357 1687 4412 resurrectionis

85 4457 402 4516 beneﬁcio
454 4450 775 4521 privandam
830 4445 1122 4514 signiﬁcari
1167 4455 1336 4512 putat.
1399 4443 1534 4501 Hinc
1588 4447 1685 4518 τὴν

83 4542 559 4620 κεκηρυγμένην
579 4538 681 4607 τῆς
713 4535 909 4606 σαρκὸς
945 4533 1230 4587 ἀνάστασιν
1259 4535 1314 4586 ἐν
1337 4538 1452 4598 ταῖς
1489 4534 1684 4603 ἐκκλη-

83 4644 292 4703 σίαις,
356 4634 468 4689 ὑπὸ
512 4631 620 4685 τῶν
669 4627 1039 4696 συνετωτέρων
1089 4626 1400 4697 τρανότερον
1458 4626 1685 4680 νοεῖσθαι

84 4733 330 4786 ibidem
371 4723 604 4786 scribit;
633 4729 689 4774 et
719 4718 842 4772 alibi
875 4717 1311 4770 resurrectionem
1367 4717 1425 4769 ὲν
1461 4719 1526 4787 τῇ
1561 4733 1683 4770 συν-

76 4821 286 4892 ηθείᾳ
324 4815 440 4870 τῶν
455 4809 834 4880 ἁπλουστέρων
859 4804 1208 4884 ὀνομάζεσθαι
1241 4806 1524 4860 ἀνάστασιν
1553 4822 1683 4875 σαρ-

79 4913 234 4973 κός.

171 4998 298 5052 Vl.
347 4989 710 5060 Quantumvis
744 4994 920 5042 autem
962 4984 1244 5054 perspicua
1289 4983 1533 5036 videatur
1567 4983 1681 5039 Ori-

78 5087 287 5158 genis
313 5092 374 5138 et
401 5088 664 5136 constans
689 5074 872 5144 opinio
890 5111 908 5139 ,
943 5079 1201 5140 repugnat
1228 5078 1399 5125 tamen
1433 5067 1682 5137 Pamphi-

76 5183 227 5239 sus,
299 5181 357 5227 et
415 5183 490 5222 ne
533 5181 564 5220 a
619 5179 782 5218 carne
827 5163 1038 5231 quidem
1072 5161 1181 5227 ipsa
1241 5160 1680 5214 resurrectionem

76 5262 489 5332 abjudicasse
551 5269 674 5308 eum
730 5253 1098 5313 demonstrat,
1156 5249 1477 5317 depromptis
1544 5248 1683 5304 illius

70 5355 320 5412 verbis
357 5363 390 5404 e
428 5343 809 5402 Commentario
852 5341 909 5392 in
963 5337 1216 5407 psalmum
1272 5352 1359 5401 xv,
1404 5351 1520 5404 qua:
1562 5347 1686 5394 sunt

75 5436 497 5510 hujusmodi:
537 5449 554 5483 ι
579 5431 886 5486 Oﬂendatur
931 5427 1025 5496 qui
1081 5425 1191 5479 vult
1235 5441 1300 5480 ex
1353 5434 1534 5480 nostro
1569 5439 1682 5480 ser-

69 5544 300 5592 mone
335 5547 350 5582 :
388 5539 494 5595 ego
546 5529 723 5576 autem
787 5533 904 5573 cum
960 5515 1105 5570 omni
1166 5515 1358 5570 ﬁducia
1413 5529 1679 5581 assevero,

1782 3207 2218 3263 resurrectionem
2247 3204 2572 3257 bahitaturos
2600 3203 2651 3255 iu
2683 3213 2819 3256 terra
2852 3201 2956 3269 jam
2984 3202 3300 3265 instaurata,

1780 3303 1834 3350 et
1860 3309 1955 3362 per
1981 3307 2154 3346 aerem
2177 3290 2672 3358 temperatissimum
2696 3290 3012 3344 ambientem
3042 3289 3091 3340 in
3119 3286 3304 3342 melius

1783 3393 2002 3448 mutata,
2034 3383 2161 3435 etin
2194 3381 2424 3450 paradisi
2459 3379 2672 3433 deliciis
2701 3379 2909 3432 beatum
2952 3392 3118 3430 azvum
3155 3384 3306 3429 aclu-

1783 3489 1870 3527 ros
1894 3490 1908 3536 ;
1948 3473 2147 3540 angelis
2181 3480 2356 3523 autem
2385 3468 2629 3522 cwlestes
2656 3467 2816 3521 orbes
2841 3467 3160 3520 destinatum
3186 3478 3307 3518 esse

1782 3561 2127 3616 domicilium.
2164 3558 2448 3612 Eusebium
2473 3571 2684 3626 quoque
2722 3555 2969 3626 Origenis
2997 3553 3306 3622 partiarium

1784 3651 2226 3706 rcsurrectionem
2258 3656 2584 3700 mortuorum
2624 3646 2902 3701 sustulisse
2944 3654 3128 3698 narrat
3163 3643 3306 3696 Plio-

1786 3741 1889 3794 tins
1914 3739 1966 3791 in
1991 3737 2207 3804 epistola
2237 3737 2462 3804 quadam
2503 3736 2568 3788 ad
2597 3733 3025 3788 Constantinum.
3070 3733 3126 3786 lu
3170 3731 3307 3798 ejus-

1784 3829 1901 3882 dem
1924 3829 2122 3881 erroris
2141 3824 2510 3892 suspicionem
2547 3832 2729 3876 mutuo
2757 3837 2874 3877 sese
2905 3831 3097 3876 vocant
3125 3819 3310 3872 Hiero-

1786 3931 1975 3986 nymus
2031 3923 2085 3968 et
2144 3912 2386 3974 Ruﬁnus,
2440 3925 2592 3976 quem
2628 3920 2804 3963 tamen
2840 3920 3059 3974 uterque
3101 3921 3304 3960 summa

1784 4021 1908 4061 cura
1941 4004 2144 4058 diluere
2173 4007 2413 4055 conatur.
2452 3999 2586 4050 Huic
2631 3997 2792 4049 etiam
2826 3995 3112 4048 adhinsisse
3139 3996 3307 4047 Arno-

1785 4095 1926 4148 bium
1953 4088 2238 4144 verisimile
2261 4095 2370 4149 est;
2407 4087 2479 4137 ait
2501 4083 2640 4138 enim
2678 4083 2768 4135 lib.
2801 4098 2839 4135 tt
2874 4079 3069 4134 Contra
3097 4089 3266 4147 gentes
3286 4094 3307 4132 :

1791 4201 1808 4234 ι
1843 4181 2059 4235 Audetis
2100 4179 2278 4230 videre
2335 4190 2450 4236 nos,
2507 4173 2644 4241 quod
2695 4180 3022 4224 mortuorum
3071 4169 3308 4222 dicamus

1786 4269 2230 4325 resurrectionem
2268 4266 2518 4328 futuram,
2552 4276 2707 4328 quam
2749 4260 2961 4326 quidem
3005 4271 3098 4310 nos
3133 4257 3310 4310 dicere

1786 4359 2134 4418 conﬁtemur;
2191 4356 2282 4409 sed
2331 4368 2358 4405 a
2398 4352 2547 4405 vobis
2595 4350 2750 4402 aliter
2785 4363 2940 4415 quam
2989 4347 3304 4409 sentiamus,

1787 4446 1977 4502 audiri.
2004 4465 2022 4497 ι
2075 4444 2224 4510 Quod
2272 4443 2410 4496 idem
2449 4448 2530 4493 est
2565 4453 2624 4492 ac
2676 4437 2803 4489 illud
2843 4434 3088 4504 Origenis
3129 4433 3308 4488 carnis

1788 4534 2226 4588 resurrectionem
2263 4545 2380 4584 csse
2419 4529 2640 4583 dicentis
2675 4524 2776 4578 ὑπὸ
2807 4523 2911 4578 τῶν
2944 4522 3308 4595 συνετωτέρων

1787 4623 2102 4693 τρανότερον
2134 4619 2474 4689 νενοημένην.
2539 4617 2772 4684 Denique
2811 4615 3074 4683 proditum
3117 4625 3197 4668 est
3239 4614 3308 4668 ab

1787 4712 2080 4782 Epiphanio
2104 4720 2157 4765 et
2183 4709 2498 4776 Hieronymo
2535 4706 2672 4759 hanc
2701 4707 2865 4774 ipsam
2895 4704 3058 4758 fuisse
3085 4702 3307 4756 Marcio-

1784 4805 1867 4858 nis
1898 4803 2225 4868 aliorumque
2273 4799 2647 4852 haereticorum
2687 4800 2750 4850 de
2790 4794 3178 4849 resurrectione
3209 4792 3307 4845 ιδι-

1782 4908 1895 4949 sam
1938 4887 2269 4943 sententiam.

1853 4979 1971 5034 VII.
2009 4976 2262 5042 Quamvis
2304 4989 2542 5029 crassam
2599 4973 2741 5027 illam
2786 4973 2961 5028 carnis
3015 4971 3206 5025 molem
3251 4976 3308 5022 et

1785 5056 2154 5135 compagem‘a
2182 5062 2493 5130 corporibus
2533 5061 2912 5115 resurrecturis
2939 5069 3201 5114 secretum
3241 5055 3304 5106 iri

1785 5154 2010 5212 senserit
2047 5153 2301 5221 Origenes
2333 5171 2346 5206 :
2376 5153 2568 5220 quibus
2615 5162 2788 5205 tamen
2834 5151 3052 5218 praedita
3083 5160 3143 5198 ea
3188 5143 3304 5195 fore

1787 5244 2131 5314 qualitatibus
2155 5253 2299 5297 ratus
2331 5243 2421 5307 sit,
2459 5256 2578 5295 cum
2619 5249 2929 5309 resurgent,
2960 5248 3112 5302 quam
3147 5245 3302 5296 passa

1786 5333 2162 5398 mutationem,
2213 5346 2315 5400 qua
2346 5331 2597 5384 instructa
2632 5328 2834 5388 forma,
2869 5341 2968 5379 non
2994 5322 3120 5373 satis
3147 5319 3306 5384 liqui-

1785 5423 1908 5474 dum
1926 5428 2028 5474 est.
2056 5419 2445 5487 Nonnunquam
2470 5419 2612 5471 enim
2647 5417 2958 5472 suscitatum
2987 5409 3048 5460 iri
3080 5404 3261 5458 eadem
3285 5443 3303 5468 ,

1785 5495 2063 5566 subtiliora
2095 5509 2217 5564 licet
2239 5523 2304 5564 ac
2327 5508 2680 5578 splendidiora
2706 5545 2723 5572 ,
2751 5502 2960 5557 asserit.
3011 5492 3167 5576 Velut
3206 5492 3305 5550 lib.

198 5712 264 5745 η
282 5671 479 5764 Matth.
511 5715 620 5765 xvi,
649 5699 734 5754 se.
808 5698 849 5729 ω
873 5695 893 5750 ι
915 5695 1036 5750 Cor.
1068 5709 1154 5763 ιν,
1179 5695 1266 5752 53.
1345 5699 1385 5731 ιι
1415 5697 1576 5755 lCor.
1603 5713 1689 5764 xv,

1782 5701 1807 5750 ι.
1886 5697 1926 5728 ⁸⁵
1953 5695 2144 5752 Psalm.
2170 5709 2256 5762 xv,
2289 5694 2370 5748 i9.
2447 5693 2488 5724 ¹⁶
2515 5691 2646 5746 Gen.
2684 5702 2761 5753 ιιι,
2797 5683 2874 5739 19.
