3894 6316
611 635 707 676 nos
726 629 844 670 esse
864 615 916 665 in
947 606 1281 676 corporibus,
1313 601 1449 655 sicut
1470 603 1614 650 certe
1643 600 1857 644 necesse
1880 593 1961 641 est
1980 622 1994 646 ,
2021 595 2123 635 non

614 712 664 764 in
699 706 818 760 aliis
845 716 1002 771 quam
1030 700 1081 752 in
1111 693 1307 750 nostris
1339 686 1646 756 corporibus
1671 695 1788 735 esse
1812 676 2121 738 debemusp

613 808 667 853 et
689 797 815 849 ibid.
847 765 993 846 tium.
1032 789 1064 842 8
1093 807 1106 841 :
1144 805 1162 837 ι
1191 783 1484 838 Videndum
1525 786 1733 841 quoque
1759 778 1858 832 est,
1890 781 1957 821 ne
1994 765 2131 819 forte

614 887 769 940 etiam
793 882 920 936 illud
949 881 1049 934 iste
1089 889 1262 931 sermo
1297 867 1586 939 significet,
1627 861 1766 929 quod
1794 861 1932 912 sicut
1963 852 2131 909 sancti

613 988 836 1043 corpora
866 984 981 1032 sua,
1015 967 1066 1020 in
1092 965 1284 1034 quibus
1317 966 1502 1014 sancte
1536 964 1588 1008 et
1611 951 1806 1022 purein
1837 945 1991 1014 hujus
2015 944 2135 996 vita:

617 1039 1031 1118 habitationibus
1051 1054 1319 1114 vixerunt,
1347 1046 1518 1101 lucida
1544 1052 1598 1096 et
1623 1039 1850 1110 gloriosa
1875 1051 1939 1089 ex
1964 1047 2138 1086 resur-

618 1151 854 1207 rectione
891 1145 1182 1212 suscipient
1211 1158 1224 1192 :
1258 1139 1328 1192 ita
1363 1147 1416 1192 et
1449 1134 1592 1204 impii
1619 1130 1813 1200 quique
1841 1127 1928 1194 qui
1958 1125 2010 1176 in
2040 1123 2139 1175 hac

617 1240 727 1293 vita
749 1249 989 1292 errorum
1017 1211 1263 1285 tenebras
1285 1235 1335 1278 et
1367 1233 1569 1277 noctem
1606 1215 1913 1287 ignorantiae
1945 1211 2141 1266 dilexe-

621 1337 778 1392 runt,
800 1323 1042 1379 obscuris
1067 1329 1121 1373 et
1153 1317 1304 1370 tetris
1335 1321 1453 1382 post
1479 1307 1924 1364 resurrectionem
1958 1313 2144 1368 corpo-

624 1417 770 1470 ribus
835 1413 1187 1468 induauturu
1245 1414 1299 1459 et
1347 1405 1440 1456 lib.
1501 1415 1580 1463 Ill,
1630 1414 1748 1463 cap.
1785 1395 1838 1459 6,
1885 1407 2028 1445 num.
2075 1391 2141 1443 4:

628 1524 648 1557 ι
682 1504 792 1557 Non
848 1513 1022 1555 autem
1079 1494 1424 1550 dubitandum
1478 1497 1560 1543 est
1609 1497 1848 1541 naturam
1909 1480 2147 1549 corporis

625 1589 780 1658 hujus
823 1587 1030 1648 nostri,
1078 1583 1352 1637 voluntate
1388 1575 1482 1630 Dei
1527 1573 1618 1642 qui
1647 1571 1804 1624 talem
1830 1567 1958 1621 fecit
2007 1579 2146 1626 eam,

628 1652 796 1747 usque
826 1677 890 1730 ad
920 1675 1063 1728 illam
1089 1669 1398 1740 qualitatem
1419 1658 1775 1722 subtilissimi,
1805 1664 1859 1710 et
1882 1652 2148 1724 purissimi

629 1783 694 1822 ac
717 1761 1122 1835 splendidissimi
1155 1755 1392 1824 corporis
1415 1766 1569 1821 posse
1598 1765 1626 1802 a
1649 1749 1898 1803 Creatore
1913 1740 2149 1812 perduci,

629 1865 788 1924 prout
815 1868 992 1908 rerum
1023 1859 1218 1908 status,
1236 1842 1540 1906 vocaverit,
1566 1849 1620 1892 et
1648 1837 1893 1890 meritum
1921 1833 2154 1886 rationa-

631 1923 753 1999 bilis
789 1953 990 1997 naturte
1034 1938 1363 2009 poposcerit;
1391 1954 1408 1986 ι
1443 1943 1496 1988 et
1550 1943 1676 1983 mox
1734 1942 1881 1980 num.
1905 1925 1938 1979 6
1980 1943 1994 1977 :
2030 1940 2050 1974 ι
2080 1923 2154 1976 Ita

633 2035 792 2087 etiam
820 2033 885 2085 de
909 2040 1095 2084 natura
1127 2029 1364 2096 corporis
1387 2021 1716 2078 sentiendum
1741 2025 1850 2078 est,
1878 2016 2014 2083 quod
2049 2027 2154 2065 non

633 2123 772 2176 aliud
799 2135 991 2188 corpus
1022 2127 1124 2179 est,
1162 2132 1270 2183 quo
1297 2129 1438 2168 nunc
1495 2113 1545 2164 in
1601 2110 1959 2180 ignobilitate,
2009 2116 2065 2163 et
2103 2107 2154 2160 in

632 2210 973 2278 corruptione
1017 2217 1073 2260 et
1118 2205 1425 2258 infirmitate
1478 2204 1712 2262 utimur;
1764 2209 1814 2253 et
1863 2198 2004 2251 aliud
2057 2198 2161 2251 erit

633 2303 760 2356 illud
791 2316 896 2368 quo
924 2301 975 2352 in
1005 2295 1405 2362 incorruptione
1434 2301 1487 2345 et
1533 2291 1584 2344 in
1621 2292 1815 2342 virtute
1832 2299 1887 2342 et
1912 2288 1961 2341 in
1991 2286 2155 2357 gloria

633 2400 880 2444 utemur:
912 2387 1000 2440 sed
1059 2387 1156 2438 hoc
1197 2385 1332 2438 idem
1388 2382 1604 2450 abiectis
1661 2379 2054 2433 inﬁrmitatibus
2106 2377 2157 2429 in

635 2481 822 2547 quibus
855 2495 990 2532 nunc
1010 2488 1113 2540 est,
1145 2479 1196 2529 in
1220 2476 1436 2544 gloriam
1472 2471 1915 2526 trausmutabitur
1945 2467 2158 2536 spirita-

638 2571 686 2623 ie
734 2569 996 2631 eﬂ‘ectum,
1020 2575 1076 2619 ut
1095 2565 1232 2633 quod
1265 2561 1696 2630 fuitindignitatis
1717 2573 1828 2621 vas,
1857 2558 1959 2610 hoc
1984 2558 2153 2625 ipsum

636 2672 984 2732 expurgatum
1021 2660 1110 2715 fiat
1136 2675 1228 2713 vas
1259 2659 1476 2712 honoris
1501 2699 1514 2720 ,
1559 2665 1614 2711 et
1638 2653 1981 2709 beatitudinis
2009 2653 2164 2707 habi-

638 2751 904 2813 taculum;
935 2769 953 2800 )
1012 2749 1199 2803 deinde
1246 2747 1482 2801 ostendit
1520 2761 1619 2798 non
1669 2743 1821 2796 nobis
1864 2757 1927 2796 ex
1980 2742 2165 2809 quinto

641 2841 730 2894 illo
759 2839 1188 2908 philosophorum
1221 2851 1442 2905 corpore
1470 2837 1644 2887 fictum
1666 2832 1727 2885 iri
1759 2847 1787 2884 a
1813 2831 1921 2885 Deo
1953 2845 2163 2899 corpus,

643 2947 804 2984 «cum
849 2930 1126 2984 manifeste
1173 2927 1390 2981 definiat
1437 2933 1649 2979 sanctus
1691 2921 1994 2989 Apostolus,
2043 2920 2164 2987 quia

640 3037 745 3076 non
781 3035 911 3075 nova
952 3020 1127 3085 aliqua
1172 3031 1392 3083 corpora
1433 3009 1828 3080 resurgentihus
1870 3024 1898 3060 a
1947 3007 2167 3060 mortuis

1834 377 1893 432 Ρ.
1931 365 2242 427 DANIELIS
2278 355 2514 416 llUE'l’ll
3577 334 3652 386 933

2233 569 2422 639 Ἡμεῖς
2459 563 2560 633 μὲν
2577 554 2670 610 οὖν
2695 553 2757 606 οὔ
2796 565 2970 619 φαμεν
2999 545 3054 597 τὸ
3078 541 3338 610 διαφθαρὲν
3354 539 3482 608 σῶμα
3499 539 3665 606 ὲπανέρυ

2225 626 2414 723 χεςὲοαί
2442 626 2524 708 έις
2565 643 2662 712 τὴν
2697 640 2756 704 ἐξ
2783 635 2954 707 ἀρχῆς
2983 631 3155 699 φύσιν,
3177 630 3244 689 ὡς
3279 627 3382 678 οὐδὲ
3415 626 3668 691 avenac.

2230 712 2387 813 ρέντα
2413 736 2618 790 κόκκον
2646 728 2741 782 τοῦ
2774 725 2920 778 σίτου
2950 715 3313 788 ἐπανέρχεσθαι
3344 716 3412 775 είς
3436 713 3510 765 τὸν
3530 712 3670 765 κόκκον

2229 801 2320 885 σοῦ
2354 829 2502 881 σίτου
2533 839 2548 853 ο
2578 821 2811 887 λέγομεν
2855 809 3178 882 γὰρςῶσπερ
3201 804 3284 856 ἐπὶ
3313 803 3394 854 τοῦ
3429 801 3581 853 κόκκου
3609 801 3671 853 cui

2234 921 2380 973 σίτου
2420 913 2697 983 ἐγείρεται
2747 904 2970 974 στάχυς,
2999 899 3134 953 οὕτω
3165 895 3304 964 λόγος
3325 911 3398 957 τις
3425 893 3675 963 {mimici}

2236 1008 2469 1078 σώματι,
2517 1002 2611 1069 ἀφ’
2644 992 2706 1052 οὗ
2753 995 2828 1067 μὴ
2864 990 3202 1062 φθειρομένου
3238 985 3470 1054 ἐγείρεται
3494 983 3543 1035 τὸ
3571 984 3678 1052 σῶμ

2236 1099 2292 1148 ὲν
2320 1073 2605 1161 ἀφθαρσίᾳ
2633 1104 2646 1118 ·
2676 1097 2734 1140 et
2777 1083 2932 1154 paulo
2979 1078 3234 1148 superius,
3271 1090 3401 1128 num.
3432 1074 3521 1127 22:
3551 1073 3679 1141 Ἡμεῖς

2237 1186 2294 1238 δὲ
2340 1183 2656 1254 πειθόμενοι
2717 1178 2801 1230 ὅτι
2846 1174 2907 1227 τὸ
2955 1169 3285 1239 σπειρόμενον
3327 1167 3380 1217 οὐ
3417 1165 3682 1228 ζωοποιεῖται,

2241 1278 2334 1330 ἐὰν
2389 1274 2464 1344 μὴ
2504 1269 2756 1338 ἀποθάνῃ
2783 1283 2796 1297 ’
2824 1265 2917 1318 καὶ
2966 1263 3046 1314 ὅτι
3073 1261 3131 1312 οὑ
3158 1259 3214 1312 τδ
3238 1257 3546 1326 γενησόμενον
3581 1254 3685 1323 σῶμι

2245 1343 2528 1434 σπείρειαι
2561 1377 2574 1390 ⁶
2606 1362 2634 1412 ό
2661 1358 2772 1427 γὰρ
2816 1354 2949 1415 Θεὸς
2994 1350 3138 1418 αὐτῷ
3181 1349 3344 1400 δίδωσι
3387 1345 3535 1415 σῶμα,
3568 1343 3685 1405 καθὼς

2245 1455 2497 1524 ἠθέλησε,
2526 1459 2634 1505 etc.
2663 1445 2876 1500 Similia
2903 1443 3144 1510 leguntur
3168 1438 3296 1491 libro
3320 1452 3354 1490 ll
3401 1435 3516 1502 Περὶ
3536 1434 3686 1502 ἀρχῶν,

2248 1523 2371 1610 cap.
2400 1523 2490 1607 l0,
2516 1554 2667 1594 num.
2709 1539 2764 1592 5.
2797 1535 2914 1600 Quo
2946 1531 3062 1585 loco
3085 1538 3238 1597 atque
3266 1529 3379 1580 item
3406 1526 3486 1578 lib.
3513 1540 3544 1577 ιι
3565 1523 3618 1576 De
3641 1540 3690 1576 rt-

2248 1631 2599 1690 surrectione,
2639 1645 2660 1678 ι
2688 1621 3016 1680 substantia:
3042 1618 3292 1671 rationem
3320 1633 3336 1666 ι
3363 1613 3557 1684 appellat
3574 1627 3692 1666 resur-

2251 1719 2514 1774 rectionis
2539 1731 2789 1786 germen,
2827 1726 2937 1780 quo
2970 1722 3189 1776 corpora
3213 1705 3478 1773 reparanda
3502 1703 3692 1766 censebat,

2183 1803 2224 1855 Β
2252 1820 2413 1875 quam
2451 1821 2481 1858 a
2507 1799 2861 1858 scholasticis
2907 1814 2927 1849 ι
2957 1792 3298 1850 substantiam
3339 1788 3606 1844 radicalemi
3629 1787 3694 1841 dici

2256 1905 2404 1950 recte
2435 1890 2722 1947 adnotavit
2752 1882 3171 1947 Genebrardus;
3201 1881 3318 1933 licet
3342 1878 3435 1932 alio
3469 1877 3630 1946 penitus
3659 1889 3697 1927 ac

2253 1985 2468 2038 diverso
2500 1981 2665 2036 modo
2698 1976 2916 2032 eﬂ‘ectio
2951 1973 3066 2040 ejus
3101 1985 3163 2026 ac
3203 1969 3362 2022 virtus
3387 1965 3447 2020 ab
3481 1965 3623 2020 iisdem
3647 1963 3698 2015 in-

2254 2073 2548 2142 telligatur.
2592 2071 2793 2137 Itaque
2836 2062 3147 2119 Gennadius
3195 2059 3286 2114 lib.
3334 2056 3403 2110 De
3451 2054 3699 2123 dogmatibu,

2257 2177 2375 2230 cap.
2407 2161 2461 2224 6,
2487 2159 2567 2214 sic
2594 2159 2846 2226 disputat
2877 2172 2892 2208 :
2927 2171 2945 2203 ι
2975 2153 3041 2206 Ει
3071 2165 3172 2204 non
3217 2147 3478 2202 secundum
3506 2142 3700 2210 Origenem

2256 2250 2558 2307 immutatio
2590 2261 2883 2316 corporum
2920 2243 3045 2305 erit,
3086 2241 3138 2294 id
3166 2249 3244 2293 est
3271 2237 3400 2292 aliud
3454 2249 3606 2288 novum
3628 2248 3702 2286 cor-

2256 2354 2354 2409 pus
2383 2353 2482 2405 pro
2525 2349 2736 2399 carne;
2789 2333 2887 2387 sed
2923 2330 3108 2385 eadem
3155 2341 3277 2380 caro
3316 2319 3704 2389 curruptibilisque

2258 2428 2417 2490 cadit,
2453 2436 2560 2479 tam
2579 2424 2858 2492 iustorum
2889 2433 3050 2489 quam
3081 2415 3384 2483 injustorum
3405 2451 3419 2478 ,
3473 2406 3702 2475 incorrupti-

2260 2517 2378 2572 hilis
2407 2521 2680 2581 resurget.
2725 2531 2744 2562 ι

2329 2604 2587 2670 Quamvis
2616 2611 2804 2656 autem
2853 2597 2997 2652 aliud
3041 2594 3358 2665 proditurum
3396 2603 3585 2657 corpus,
3623 2593 3704 2637 eta

2260 2694 2437 2763 priore
2470 2693 2754 2746 diversum
2795 2688 3016 2742 ﬁnxerit
3061 2685 3163 2739 sibi
3202 2680 3552 2740 Adamantius,
3585 2674 3706 2729 iisdem

2263 2790 2442 2834 tamen
2475 2781 2646 2844 notis,
2677 2780 2872 2832 eadem
2903 2776 3076 2829 forma
3111 2773 3310 2842 insigne
3334 2769 3536 2823 futurum
3557 2764 3709 2818 afﬁrmat

2262 2871 2318 2924 in
2348 2871 2748 2924 Commentario
2785 2869 2856 2921 ad
2900 2867 3088 2936 psalm.
3117 2881 3155 2929 ι,
3199 2877 3314 2930 pag.
3349 2859 3458 2922 534,
3485 2858 3583 2918 535,
3609 2866 3708 2922 quem

2263 2959 2722 3014 commentarium
2757 2959 2812 3010 in
2839 2958 3111 3026 epitomen
3138 2968 3168 3007 a
3211 2951 3454 3006 Methodio
3476 2953 3709 3001 contractum

2264 3056 2620 3116 repraesentat
2647 3048 2990 3116 Epiphanius
3024 3047 3210 3098 limes.
3239 3057 3370 3102 sxw,
3391 3054 3494 3103 cap.
3512 3037 3565 3089 12
3585 3043 3624 3087 et
3641 3047 3708 3098 seq.

641 3113 848 3204 dentur,
878 3109 970 3204 sed
1004 3110 1114 3204 haec
1144 3109 1278 3204 ipsa“
1300 3118 1414 3171 quae
1455 3102 1691 3204 viventes
1732 3099 2058 3198 habuerant,
2095 3111 2162 3152 ex
2191 3125 2234 3184 ρ
2266 3099 2620 3204 ίέὲτεᾶωρ.
2648 3099 2984 3190 ἶίὲὲίὼίί
3027 3147 3250 3201 corpora
3291 3099 3398 3200 qna,
3421 3099 3501 3196 per
3523 3125 3711 3178 alimem

641 3199 992 3253 deterioribus
1048 3199 1097 3251 in
1159 3195 1348 3248 melius
1405 3191 1780 3243 transformata
1840 3187 2158 3252 recipiant.)

643 3288 878 3350 Denique
903 3286 1037 3338 libro
1064 3284 1234 3351 primo
1266 3281 1338 3333 De
1367 3277 1736 3331 resurrectione
1756 3314 1772 3337 ,
1814 3284 1872 3328 ut
1908 3283 1992 3327 est
2032 3275 2169 3341 apud

647 3375 976 3438 Pamphilum
1005 3375 1056 3426 in
1081 3373 1353 3440 Apologia,
1385 3367 1670 3419 absurdum
1707 3373 1762 3417 et
1795 3365 2030 3432 iniquum
2057 3363 2170 3416 fore

646 3465 739 3525 ait,
774 3464 818 3516 si
861 3477 954 3514 sua
995 3461 1236 3515 mercede
1288 3457 1556 3510 fraudetur
1610 3467 1824 3520 corpus,
1876 3454 2012 3520 quod
2049 3467 2167 3504 cum

649 3555 826 3608 anima
859 3552 1067 3605 fortiter
1097 3549 1414 3610 decertavit;
1446 3560 1505 3599 ea
1532 3553 1702 3596 autent
1727 3543 1990 3610 privatum
2021 3541 2082 3594 iri
2116 3541 2169 3593 ni

653 3648 911 3708 resurgat.
967 3639 1112 3692 Hanc
1158 3635 1396 3704 corporis
1441 3632 1827 3700 reparationem
1879 3629 1930 3682 in
1986 3628 2171 3683 melius

651 3730 934 3799 cogitabat,
969 3727 1022 3780 ni
1057 3726 1224 3786 fallor,
1268 3723 1458 3792 Glycas
1512 3736 1630 3774 cum
1675 3719 1942 3784 opinatum
1989 3717 2174 3769 scribit

651 3820 928 3890 Origeuem
961 3815 1028 3869 τὰ
1057 3814 1276 3884 σώματα
1310 3812 1461 3882 ἡμῶν
1492 3811 1564 3880 μὴ
1593 3807 1899 3862 ἀνίστασθαι
1924 3805 2089 3859 ταῦτα
2117 3809 2172 3859 ὲν

652 3913 717 3983 τῇ
749 3908 1069 3962 ἀναστάσει·
1102 3920 1217 3974 qua;
1239 3905 1398 3954 verba
1441 3901 1632 3967 repetit
1668 3898 1935 3952 Cedrenus
1959 3901 2024 3950 de
2051 3897 2174 3951 Ori-

653 3997 871 4068 geuistis
903 3995 1122 4062 loquens
1151 3993 1202 4045 in
1230 3992 1414 4060 quinto
1443 3989 1669 4044 concilio
1694 3988 1973 4042 damnatis.

719 4103 1018 4172 Aliquando
1039 4115 1165 4154 vero
1196 4114 1258 4152 ne
1287 4099 1421 4152 idem
1448 4097 1660 4166 quidem
1693 4111 1885 4164 corpus
1922 4073 1973 4148 in
2015 4096 2173 4149 vitam

656 4197 945 4250 rediturum
966 4193 1110 4246 visus
1139 4199 1217 4245 est
1247 4188 1546 4242 tradidisse.
1579 4186 1671 4239 His
1703 4185 1943 4239 videlicet
1962 4199 2176 4251 persua-

657 4298 750 4337 sus
774 4283 1005 4350 Apostoli
1036 4279 1055 4332 1
1082 4281 1203 4334 Cor.
1234 4293 1321 4341 xv,
1346 4275 1511 4330 42—44
1541 4291 1555 4328 :
1589 4293 1608 4325 ι
1636 4273 1940 4327 Seminatur
1976 4274 2028 4326 in
2056 4289 2177 4328 cor-

656 4374 930 4439 ruptione,
982 4371 1148 4439 surgit
1205 4369 1256 4421 in
1309 4364 1730 4433 incorruptione;
1783 4362 2071 4416 seminatur
2123 4364 2174 4417 in

2265 3241 2381 3279 rum
2411 3225 2824 3293 susceptionem
2853 3225 3022 3278 vitam
3057 3223 3298 3283 tolerant,
3345 3229 3573 3284 nunquam
3594 3211 3712 3263 eadem

2267 3325 2581 3374 remanere,
2621 3312 2719 3365 sed
2754 3326 2852 3379 per
2903 3311 3146 3364 ciborum
3185 3322 3326 3361 esum
3369 3315 3418 3358 et
3458 3299 3714 3356 excretioncm

2267 3400 2409 3452 lluvii
2462 3399 2683 3462 instar,
2746 3409 3015 3468 perpetuo
3074 3397 3236 3451 ﬂuere
3282 3407 3333 3450 et
3383 3386 3715 3446 mutarizeadem

2269 3497 2444 3542 tamen
2484 3502 2712 3542 manere
2752 3503 2988 3557 corpora
3020 3490 3155 3549 haac,
3203 3500 3302 3538 non
3329 3482 3510 3534 ratione
3546 3478 3718 3531 duntaxat

2269 3577 2482 3640 animas,
2506 3591 2631 3644 quae
2653 3579 2848 3632 eadem
2874 3591 3091 3646 semper
3117 3585 3232 3636 est;
3267 3573 3352 3627 sed
3383 3577 3564 3638 propter
3578 3577 3717 3617 earum-

2272 3667 2390 3720 dem
2429 3666 2592 3718 etiam
2629 3666 2938 3720 formarum
2965 3703 2981 3727 ,
3014 3680 3133 3733 quae
3181 3674 3441 3730 corporum
3491 3652 3716 3723 singulorum

2272 3763 2409 3808 notat
2439 3756 2692 3820 qumdam
2743 3757 2983 3825 propriae
3011 3764 3134 3810 sunt
3161 3769 3219 3809 ac
3247 3755 3546 3808 characteres
3568 3786 3580 3806 ,
3607 3751 3716 3808 pem

2271 3844 2591 3906 verantiam,
2643 3846 2795 3898 unde
2855 3844 3143 3910 lentigiues
3173 3881 3188 3908 ,
3230 3838 3505 3898 cicatrices,
3546 3845 3646 3885 nam
3679 3824 3716 3877 ad

2273 3941 2500 3984 mortem
2556 3947 2740 4000 usque
2792 3934 3112 4002 corporibus
3167 3931 3453 3988 adhaerent;
3513 3923 3556 3975 in
3605 3927 3718 3970 resnr-

2273 4017 2510 4071 rectione
2560 4018 2740 4088 igitur
2785 4021 2988 4072 animae
3027 4015 3348 4085 circumponi
3387 4013 3576 4066 formam
3615 4004 3718 4058 illam.

2272 4117 2376 4172 qua
2404 4102 2602 4157 Petrus
2649 4107 2806 4159 verbi
2855 4108 3030 4176 gratia
3073 4104 3416 4163 constituitur,
3457 4099 3621 4152 diversa
3648 4089 3720 4140 Ιίοει

2276 4192 2498 4244 materia
2530 4194 2627 4259 sit,
2675 4209 2744 4249 ac
2785 4195 3062 4250 diversum
3109 4208 3334 4262 corpus;
3383 4189 3556 4244 animas
3599 4179 3719 4250 quippe

2279 4281 2440 4335 variis
2498 4296 2601 4348 pro
2660 4283 2916 4339 locorum
2957 4286 3215 4340 varietate
3269 4284 3339 4335 uti
3383 4275 3657 4344 corporibus;
3690 4273 3720 4316 el

2277 4370 2738 4438 quemadmodum
2770 4374 2919 4427 aliud
2969 4388 3191 4428 necesse
3234 4371 3364 4424 foret
3393 4366 3544 4422 subire
3581 4367 3719 4421 εοτβυδι

660 4459 1004 4528 ignobilitate,
1029 4459 1195 4526 surgit
1233 4459 1284 4512 in
1318 4457 1521 4526 gloria;
1554 4453 1841 4507 seminatur
1869 4452 1918 4504 in
1951 4453 2173 4508 inflrmi-
2206 4439 2248 4492 Ῑ)
2278 4458 2321 4512 si
2349 4458 2400 4511 in
2426 4458 2584 4526 aquis
2615 4461 2821 4516 victuri
2857 4478 3122 4526 essemus,
3166 4463 3234 4515 ita
3264 4458 3406 4513 nobis
3427 4455 3562 4507 vitam
3596 4441 3723 4500 acturis

661 4557 788 4611 tate,
817 4550 986 4616 surgit
1015 4549 1065 4602 in
1095 4551 1285 4602 virtute
1312 4565 1326 4614 ;
1363 4546 1656 4601 seminatur
1683 4556 1874 4609 corpus
1911 4544 2172 4608 animale,

661 4639 830 4706 surgit
891 4652 1081 4704 corpus
1141 4637 1441 4706 spiritale,»
1505 4647 1698 4701 corpus
1751 4642 2171 4688 resurrecturum

658 4726 870 4796 quidem
897 4726 1234 4791 existimavit,
1279 4726 1371 4779 sed
1406 4726 1738 4779 immutatum
1785 4731 1995 4786 natura,
2047 4733 2100 4776 et
2146 4739 2174 4776 a

661 4817 843 4886 priore
871 4813 1155 4877 diversum,
1191 4831 1253 4868 ac
1285 4816 1434 4884 plane
1457 4814 1632 4878 aliud;
1667 4811 2110 4880 quemadmodum
2145 4828 2174 4866 e

661 4919 826 4976 grano
868 4903 1032 4958 tritici
1062 4903 1206 4970 Spica
1243 4906 1408 4973 surgit
1457 4920 1486 4958 a
1525 4918 1692 4974 grano
1741 4903 1984 4964 diversa;
2039 4902 2178 4968 quod

659 4991 964 5052 confirmari
983 4999 1124 5059 putat
1142 4991 1253 5043 isto
1269 5007 1298 5046 e
1319 4993 1490 5054 priore
1512 4993 1576 5046 ad
1599 4993 1840 5046 Corinth.
1868 5006 1956 5055 xv,
1983 4989 2178 5044 56-58:

666 5106 684 5138 ι
713 5083 992 5153 lnsipiens,
1026 5088 1080 5133 tu
1121 5079 1262 5146 quod
1298 5082 1528 5134 seminas
1570 5096 1670 5133 non
1721 5080 2041 5142 vivificatur,
2080 5079 2180 5132 nisi

664 5178 812 5244 prius
835 5172 1112 5228 moriatur.
1146 5167 1209 5220 Et
1240 5167 1378 5235 quod
1404 5168 1654 5231 seminas,
1683 5183 1786 5221 non
1823 5182 2017 5234 corpus
2046 5168 2183 5233 quod

666 5266 899 5320 futurum
925 5269 1007 5317 est
1034 5258 1290 5321 seminas,
1328 5257 1421 5309 sed
1451 5255 1645 5308 nudum
1675 5271 1918 5324 granum,
1948 5265 2006 5307 ut
2037 5262 2182 5322 puta,

669 5357 832 5411 tritici
852 5362 944 5406 aut
985 5349 1206 5416 alicujus
1231 5355 1562 5400 cmteroruin.
1613 5345 1750 5398 Dcus
1794 5355 1966 5398 autem
1994 5345 2082 5396 dat
2110 5343 2183 5396 illi

671 5457 865 5512 conpus
881 5443 1016 5497 sicut
1038 5437 1226 5498 voluit,
1249 5445 1301 5488 ct
1327 5433 1610 5499 unicuique
1634 5433 1888 5485 seminum
1917 5431 2184 5498 proprium

2276 4548 2327 4600 in
2360 4547 2515 4613 caelo,
2557 4551 2828 4617 spiritalia
2895 4551 3232 4613 necessario!
3265 4559 3464 4616 corpora
3514 4551 3606 4593 esse
3642 4530 3721 4581 asci-

2276 4639 2505 4704 scenda;
2544 4640 2644 4692 sed
2683 4650 2897 4695 mutato
2953 4641 3080 4694 licet
3116 4653 3352 4706 corpore,
3389 4630 3586 4687 eamdem
3611 4632 3720 4674 tamen

2279 4727 2589 4794 neutiquam
2615 4729 2954 4782 exstinctum
2983 4729 3048 4782 iri
3072 4729 3294 4797 speciem
3319 4739 3376 4778 ac
3393 4718 3721 4778 formam,qnem-

2278 4816 2561 4869 admodum
2619 4816 2806 4881 Jesus,
2862 4819 3038 4874 Moses
3090 4835 3184 4873 ac-
3216 4818 3350 4870 Elias
3394 4813 3438 4866 in
3482 4801 3719 4860 transforma—

2285 4907 2431 4959 tioue
2459 4920 2581 4960 sese
2622 4911 2819 4962 eadem
2869 4909 3236 4978 agnoscendos
3278 4903 3436 4972 specie
3470 4890 3716 4966 ρτπδυθτυηι

2288 4995 2553 5062 Explanat
2579 4996 2824 5066 idipsum
2866 4977 3098 5054 subinde
3125 4993 3404 5051 Methodius
3445 5000 3543 5054 caP-
3585 4977 3718 5066 ⁵⁸’,π

2286 5096 2404 5135 eam
2433 5098 2648 5151 quoque
2663 5063 2938 5156 '0rigenis
2981 5084 3394 5141 dissertationem
3436 5077 3480 5130 in
3512 5063 3715 5154 “0’09",”

2287 5145 3055 5242 suam'Pamphilusvinfersit.
3082 5173 3376 5230 Eustathius
3397 5159 3672 5222 Antioche!!!“
3688 5145 3715 5242 l“

2294 5261 2435 5316 libro
2460 5263 2536 5316 De
2565 5235 3014 5334 Engastrimytho
3047 5274 3228 5319 narrat
3268 5261 3513 5326 Origenem
3550 5243 3661 5334 mali
3681 5235 3716 5282 de

2291 5353 2695 5408 resurrectione
2725 5357 3058 5409 sententiam
3094 5351 3300 5408 abunde
3320 5337 3586 5412 aMetliodio
3613 5326 3714 5381 fuisse

2292 5437 2656 5503 confutatam,
2689 5443 2758 5496 ab
2791 5457 2967 5510 eoque
2991 5453 3175 5511 aperte
3217 5438 3574 5493 demonstratum
3598 5422 3712 5469 ansam

674 5545 883 5600 corpus.
913 5549 932 5584 ι
965 5529 1113 5584 Unde
1144 5528 1239 5583 lib.
1282 5539 1312 5576 ν
1341 5533 1523 5595 contra
1552 5519 1857 5582 Cels.,num.
1882 5519 1968 5582 22,
1985 5528 2191 5572 mortuo
2295 5527 2420 5580 inde
2472 5528 2744 5584 [mi-elicis
2786 5507 3090 5600 ρταξωιςηὶι,
3143 5543 3237 5584 cm-
3283 5521 3438 5592 specie
3477 5512 3621 5568 solum.
3650 5507 3712 5550 00"

678 5621 883 5688 corpori
917 5620 1062 5676 velut
1107 5633 1287 5674 semen
1334 5611 1494 5666 futuri
1543 5609 1778 5677 corporis
1827 5610 1999 5660 inesse
2043 5606 2191 5672 dicit,
2299 5629 2526 5683 corpore
2550 5616 2671 5684 ipso
2701 5585 2952 5674 δοπὶιίηέε
2981 5585 3108 5674 oua,
3148 5616 3258 5671 fore
3294 5585 3569 5666 suscitandas
3593 5585 3712 5654 opina-

665 5706 992 5808 ‘hominique
1029 5723 1059 5764 e
1084 5705 1304 5794 mortuis
1333 5698 1622 5767 resurgenti
1655 5710 1845 5764 corpus
1876 5709 1972 5764 pro
2020 5694 2196 5750 divino
2303 5713 2512 5761 remur,
2537 5705 2801 5765 Νοιειωιίε
2829 5724 2958 5766 vero
2980 5718 3066 5766 εει
3097 5708 3284 5765 uicem
3308 5684 3713 5757 Acominatiaccllﬁ'
