3894 6424
140 471 281 542 se!

1003 471 1556 538 ORIGENIANORUM
1597 478 1722 536 LIB.
1762 479 1824 542 ll,
1863 477 2008 532 CAP.
2052 474 2113 539 ll,
2151 473 2414 540 QUEST.
2453 476 2542 532 ιχ.
2635 466 2645 476 ’

3237 468 3337 524 990

164 597 235 647 tio
273 578 380 635 lib.
412 595 469 635 tv
497 581 662 643 Thes.
706 595 915 647 orthod.
949 595 1062 658 ﬁd.,
1104 598 1288 650 haeres.
1315 606 1462 656 xxxt,
1489 606 1592 660 qua
1619 594 1738 649 Ori-
1766 598 1810 653 Α
1839 593 2000 656 nitur,
2041 603 2137 643 nec
2169 590 2417 656 pondere-
2438 594 2815 657 pmgravatur,
2847 594 2900 639 et
2945 597 3040 650 pro
3084 582 3335 643 locormn,

191 670 343 746 genis
385 678 714 731 sententiam
766 683 850 736 his
883 683 1095 750 exponit
1138 685 1330 748 verbis,
1385 682 1532 751 juxta
1587 683 1733 740 Petri

206 761 398 818 lorelli
433 762 932 833 interpretationem
960 788 974 824 :
1011 789 1030 821 ι
1059 771 1259 839 Corpus
1284 770 1736 840 hoclquoinvolvi-

206 868 336 914 mur,
385 856 801 911 resurrectionis
856 859 992 912 illius
1041 861 1124 913 die
1174 877 1276 914 non
1322 869 1578 929 resurget,
1627 862 1721 916 sed

199 942 438 994 humana
465 949 672 996 tantum
699 944 891 1009 forma,
919 960 1024 1014 qua
1059 945 1250 1000 Paulus
1274 947 1405 1001 forte
1431 946 1512 999 vel
1550 946 1736 1002 Petrus

200 1029 584 1099 dignoscitur;
649 1042 809 1101 atque
873 1036 1004 1089 adeo
1066 1035 1363 1090 extrinseca
1429 1035 1517 1089 illa
1569 1036 1733 1104 ﬁgura

199 1126 480 1188 resurget,
523 1135 644 1188 quae
669 1122 768 1175 sub
809 1121 977 1177 forma
1005 1138 1210 1192 quoque
1257 1125 1732 1194 comprehenditur.

196 1210 373 1265 Porro
405 1209 708 1276 subjectum
743 1213 935 1281 ipsum,
961 1213 1069 1268 sive
1100 1206 1310 1282 corpus,
1338 1214 1736 1281 haudquaquam

194 1300 343 1352 idem
403 1300 692 1354 manebit:
728 1300 1029 1356 Seminatur
1065 1304 1203 1356 enim
1252 1319 1432 1370 corpus
1476 1304 1732 1366 animate,

188 1386 371 1453 inquit
402 1387 696 1457 Apostolus
723 1390 791 1454 ⁸⁷,
823 1405 1004 1458 corpus
1026 1391 1290 1458 spirituale
1319 1393 1553 1460 resurgit.
1601 1391 1737 1456 Qua-

187 1482 426 1542 propter
486 1488 714 1530 necesse
762 1484 865 1540 est,
925 1486 982 1530 ut
1037 1478 1473 1532 resurrectionem
1524 1479 1575 1532 in
1625 1479 1734 1532 sola

187 1562 378 1616 forma
413 1563 658 1617 futuram
700 1579 1007 1633 speremus;
1056 1566 1109 1620 in
1167 1567 1402 1635 subjecto
1459 1581 1586 1620 vero
1631 1581 1735 1620 non

184 1653 345 1705 item.
381 1669 404 1704 ι
450 1653 621 1707 Addit
667 1653 854 1708 deinde
902 1655 1114 1708 Nicetas
1138 1656 1452 1710 sententiam
1479 1669 1627 1709 suam
1671 1657 1736 1711 de

181 1743 658 1796 resurrectionea
689 1743 975 1799 Platonicis
999 1743 1272 1813 Origenem
1303 1747 1600 1815 accepisse;
1629 1757 1737 1801 tra-

180 1829 320 1883 dere
349 1839 546 1884 autem
577 1832 698 1885 illos
727 1832 915 1900 duplex
954 1833 1075 1886 idoli
1111 1849 1273 1901 genus
1304 1835 1492 1888 anima:
1530 1836 1735 1889 unicui-

1834 682 1886 735 in
1925 680 2113 749 quibus
2143 675 2370 729 futurum
2399 685 2499 739 est,
2529 678 2784 729 varietate
2817 671 3119 726 mutabitur.
3145 688 3164 722 ι
3203 669 3337 724 Tum

1831 767 1931 822 sibi
1964 763 2158 819 Christi
2185 762 2618 816 resurrectionem
2647 762 2883 829 opponit,
2927 767 2981 811 et
3027 757 3335 812 suscitatum

1829 854 1941 922 ejus
1994 866 2203 920 corpus,
2255 861 2424 912 stans,
2465 848 2763 912 ambulans,
2818 847 3000 908 latere,
3059 844 3336 909 manibus,

1830 941 2096 1004 carnibus,
2125 939 2329 994 ossibus
2359 938 2671 990 instructum
2701 951 2716 987 :
2749 937 2838 990 sed
2868 937 2968 988 alia
2997 935 3193 988 virtute
3222 932 3336 1002 pol-

1829 1031 1937 1086 lere
1964 1044 2152 1099 corpus
2178 1027 2476 1097 respondet,
2499 1025 2637 1095 quod
2659 1026 2724 1078 de
2752 1025 2850 1077 viri
2889 1026 3089 1078 semine
3111 1038 3335 1078 concre-

1831 1126 1940 1172 tum
1972 1132 2074 1170 non
2110 1123 2211 1179 est,
2257 1129 2320 1167 ac
2369 1120 2548 1167 nostra
2578 1125 2834 1180 corpora;
2884 1118 2937 1163 et
2987 1110 3089 1164 tale
3139 1110 3341 1165 idcirco

1829 1205 2134 1273 apparuisse
2181 1200 2376 1256 Christi
2415 1213 2624 1266 corpus,
2667 1213 2686 1248 ι
2740 1207 2796 1250 ut
2832 1197 3188 1250 dubitantibus
3216 1209 3342 1264 apo-

1829 1295 1981 1350 stolis
2005 1293 2158 1346 ﬁdem
2188 1291 2383 1345 faceret
2406 1288 2836 1349 resurrectionis;
2875 1305 2892 1338 ι
2921 1300 3128 1338 aereum
3168 1294 3338 1339 tamen

1829 1389 1882 1435 et
1912 1379 2182 1447 spirituale
2213 1377 2395 1441 fuisse,
2421 1385 2480 1430 ut
2503 1373 2858 1444 quod,clausis
2882 1374 3033 1426 ostiis
3054 1372 3339 1440 ingressum

1831 1471 1917 1534 sit,
1949 1479 2000 1522 et
2025 1468 2077 1520 in
2106 1467 2359 1520 fractione
2379 1466 2526 1532 panis
2558 1479 2620 1517 ex
2657 1463 2822 1517 oculis
2855 1461 3144 1515 evanuerit.
3176 1460 3342 1525 Quam

1832 1557 2246 1625 responsionem,
2284 1568 2350 1606 ac
2388 1553 2640 1619 reliquam
2681 1552 2803 1604 item
2847 1550 3087 1616 Origenis
3115 1550 3343 1616 disputa—

1834 1645 2026 1699 tionem
2072 1643 2244 1696 valide
2288 1642 2340 1694 in
2399 1641 2744 1708 sequentibus
2801 1637 3144 1706 Hieronymus
3181 1652 3346 1706 oppu-

1833 1740 1974 1801 gnat.
2004 1731 2080 1785 Ac
2108 1729 2268 1792 idem,
2294 1744 2412 1782 cum
2453 1729 2557 1780 sibi
2594 1728 2778 1781 fuisset
2804 1727 3153 1795 propositum,
3191 1742 3346 1780 accu-

1833 1831 1950 1874 rate
1975 1832 2181 1889 quoque
2209 1817 2450 1872 dissolvit
2476 1815 2795 1885 Augustinus
2823 1816 2974 1884 epist.
3003 1815 3092 1880 49,
3131 1818 3193 1870 ad
3218 1818 3347 1870 Deo-

181 1933 297 1986 que
326 1920 623 1974 adhaerere
650 1938 665 1987 ;
695 1921 835 1975 aliud
862 1921 928 1974 ab
946 1930 1142 1976 aeterno
1164 1923 1211 1976 ei
1246 1924 1529 1988 adnexum,
1561 1925 1732 1993 splen-
1769 1903 1810 1956 Β
1837 1908 2054 1979 simias-

179 2010 385 2063 didum
414 2019 471 2063 et
497 2011 716 2074 lucens;
741 2010 957 2064 alterum
981 2012 1229 2075 crassius,
1253 2012 1454 2082 ipsique
1479 2029 1542 2067 ex
1564 2022 1736 2068 astro-

182 2112 314 2150 rum
369 2097 740 2165 dispositione
796 2099 1252 2165 circumpositum;
1309 2101 1429 2154 huic
1479 2101 1735 2155 deteriora

182 2186 405 2239 anima:
461 2187 670 2250 munia,
727 2186 801 2239 illi
853 2189 1214 2254 pra-stantiora
1261 2189 1734 2258 deberizseparari

180 2275 325 2328 illud
354 2290 754 2344 nonnunquam
779 2278 844 2329 ab
885 2277 1055 2329 anima
1081 2291 1300 2345 corpore
1322 2279 1576 2342 exsoluta,
1601 2290 1653 2333 et
1671 2280 1736 2333 ad

179 2364 497 2432 pristinam
520 2369 702 2417 sedem
739 2365 1010 2418 revelare:
1042 2366 1144 2418 hoc
1177 2367 1242 2420 ab
1285 2367 1368 2420 illa
1410 2367 1538 2419 solvi
1567 2369 1736 2421 neuti-

181 2467 366 2520 quam
403 2466 590 2520 posse,
619 2451 710 2504 sed
748 2453 798 2504 in
832 2450 1052 2516 Orcum,
1093 2453 1173 2506 vel
1213 2453 1352 2508 inter
1403 2455 1576 2508 sidera
1625 2463 1740 2522 post

185 2551 444 2596 mortem
500 2541 673 2594 abire.
714 2538 914 2604 Quibus
961 2541 1030 2592 ita
1076 2541 1326 2608 expositis
1373 2541 1484 2595 haec
1531 2543 1736 2596 demum

186 2628 491 2698 subjungit
520 2645 533 2680 :
563 2645 582 2676 ι
610 2627 791 2694 Itaque
829 2626 1101 2695 Origenes,
1147 2635 1205 2678 ut
1254 2642 1366 2679 mea
1398 2628 1610 2695 quidem
1639 2628 1741 2681 fert

187 2718 509 2778 sententia,
541 2731 662 2770 cum
696 2715 924 2768 animam
963 2714 1102 2768 idolo
1132 2715 1423 2780 huiusmodi
1460 2716 1740 2782 vestiisset,

186 2807 345 2873 quod
378 2804 640 2872 proprias
675 2803 943 2865 actiones,
994 2803 1193 2870 sibique
1225 2802 1478 2858 involutas
1511 2805 1740 2858 circum-

189 2893 399 2957 ferret,
424 2891 546 2946 fore
567 2889 817 2956 subjecit,
841 2899 896 2942 ut
924 2906 1021 2942 una
1044 2905 1159 2943 cum
1185 2891 1285 2944 hoc
1316 2891 1398 2943 illa
1428 2899 1741 2960 resurgeret,

189 2983 510 3048 futuraque
561 2979 762 3046 judicio
807 2978 1172 3044 subjiceretur,
1214 2992 1315 3046 qua
1353 2979 1403 3031 in
1459 2994 1513 3033 re
1565 2988 1744 3048 gentes

193 3084 447 3140 prorsus
480 3068 754 3130 imitatur;
785 3066 1020 3120 mortalis
1061 3077 1234 3119 autem
1275 3067 1537 3136 tactuique
1585 3083 1744 3138 expo-

194 3160 307 3213 sita
338 3172 483 3213 caro
511 3153 767 3209 deﬂueret
805 3163 961 3222 atque
983 3162 1334 3208 evanesceret.
1365 3173 1382 3204 ι

276 3246 535 3302 Ulterius
565 3243 724 3297 etiam
755 3243 864 3296 abit
894 3257 1267 3310 nonnunquam
1306 3241 1576 3312 Origenes,
1600 3258 1661 3298 ac
1682 3259 1746 3298 ne

199 3335 450 3388 formam
480 3331 700 3400 quidem
728 3331 894 3398 ipsam
924 3338 979 3383 et
1007 3329 1222 3396 ﬁguram
1253 3331 1558 3396 corporibus
1590 3334 1749 3386 susci-

204 3422 398 3478 tandis
441 3420 772 3474 inhaesuram
811 3419 1143 3486 pronuntiat;
1188 3428 1242 3473 et
1271 3421 1752 3486 quemadmodume

201 3524 390 3580 grano
418 3507 593 3562 tritici
622 3506 767 3574 spica
804 3505 972 3573 surgit
1009 3521 1174 3574 grano
1218 3508 1497 3570 absimilis,
1553 3523 1648 3562 nec
1685 3524 1750 3563 ex

203 3600 317 3654 hoc
351 3595 557 3651 transit
599 3595 652 3647 in
689 3593 830 3646 illam
855 3592 1134 3661 quidquam
1183 3595 1344 3660 aliud,
1374 3605 1562 3664 praeter
1593 3596 1754 3650 ratio-

207 3703 338 3743 nem
365 3685 624 3750 seminis,
657 3697 750 3738 seu
779 3683 1176 3753 σπινθηρισμὸν,
1207 3684 1274 3736 ita
1312 3686 1517 3751 corpori
1551 3694 1754 3738 mortuo

209 3781 408 3832 inesse
427 3790 640 3835 semen,
662 3773 799 3840 quod
819 3773 1132 3841 germinabit
1148 3773 1424 3825 novissima
1448 3781 1755 3840 personante

211 3868 376 3928 tuba,
402 3874 465 3918 et
490 3863 633 3915 aliud
665 3862 730 3914 de
758 3875 814 3915 se
844 3875 1036 3928 corpus
1065 3859 1231 3913 dabit.
1263 3859 1400 3914 Fuse
1423 3861 1533 3912 hazc
1561 3861 1757 3915 edisse-

211 3958 290 4010 rit
322 3955 696 4021 Hieronymus
728 3951 778 4003 in
807 3950 1021 4017 epistola
1049 3951 1301 4002 adversus
1331 3948 1578 4002 Joannem
1606 3949 1755 4003 Jcro-

210 4042 644 4113 solymitanum,
672 4047 727 4091 et
759 4037 1034 4105 Origenem
1059 4035 1136 4088 sie
1166 4035 1363 4088 inducit
1390 4036 1757 4102 disputantem,

213 4148 344 4201 cap.
377 4131 414 4184 8
451 4144 468 4180 :
505 4147 523 4179 ι
552 4128 685 4181 Cum
717 4133 893 4176 autem
931 4122 1111 4188 judicii
1145 4122 1258 4176 dies
1288 4123 1573 4184 advenerit,
1610 4128 1664 4173 et
1704 4119 1759 4173 in

213 4237 360 4279 voce
397 4216 738 4286 archangeli,
784 4223 837 4268 et
863 4215 914 4264 in
945 4212 1225 4266 novissima
1260 4214 1380 4264 tuba
1411 4211 1454 4242 "
1493 4210 1763 4263 tremuerit

218 4322 403 4374 terra,
432 4307 796 4362 movebuntur
813 4301 989 4354 statim
1015 4300 1234 4364 semina,
1258 4311 1309 4353 et
1335 4299 1384 4351 in
1409 4307 1600 4368 puncto
1620 4299 1763 4351 bore

214 4410 488 4455 mortuos
515 4391 889 4463 germinabunt
915 4405 930 4440 :
959 4403 1060 4441 non
1104 4396 1275 4441 tamen
1311 4389 1518 4441 easdem
1554 4401 1760 4450 carnes,

206 4505 324 4547 nec
375 4489 434 4540 in
481 4485 547 4537 iis
577 4481 764 4535 formis
793 4477 1093 4548 restituent,
1122 4489 1238 4543 qua:
1263 4476 1490 4529 fuerunt.
1521 4493 1540 4526 ›
1587 4475 1764 4542 Capite

194 4575 441 4634 deinde.
473 4567 742 4638 sequenti,
778 4567 851 4617 ita
874 4563 1170 4632 loquentem
1203 4563 1348 4632 ﬁngit
1379 4563 1760 4627 Adamantium,

188 4667 492 4722 ossium,
543 4653 815 4722 sanguinis
889 4666 950 4704 ac
1036 4651 1385 4705 membrorum
1447 4652 1764 4719 singulorum

191 4749 532 4822 repudiata
585 4739 973 4797 resurrectione
1002 4755 1016 4791 :
1046 4757 1064 4788 ι
1091 4738 1238 4793 Nunc
1301 4740 1468 4794 oculis
1509 4741 1763 4803 videmus,

192 4839 469 4898 auribus
496 4833 762 4894 audimus,
795 4827 1037 4883 manibus
1065 4828 1268 4895 agimus
1292 4867 1307 4891 ,
1337 4829 1554 4896 pedibus
1582 4829 1765 4882 ambu-

194 4930 418 4987 lamus
443 4939 463 4986 ;
488 4923 543 4975 in
585 4921 674 4974 illo
701 4929 877 4973 autem
906 4931 1131 4984 corpore
1159 4917 1414 4984 spirituali
1446 4917 1539 4970 toti
1569 4917 1767 4970 videbi-

198 5035 380 5081 mus,
413 5014 517 5068 toti
550 5011 842 5071 audiemus,
883 5009 978 5060 toti
1017 5008 1369 5076 operabimur,
1405 5007 1500 5060 toti
1529 5007 1768 5058 ambula-

199 5109 449 5167 bimus,
481 5110 539 5153 et
573 5096 956 5166 transﬁgurabit
980 5095 1224 5147 Dominus
1259 5111 1438 5159 corpus
1473 5094 1774 5147 humilitatis

206 5204 443 5253 nostrae
484 5187 746 5250 conforme
787 5184 990 5250 corpori
1041 5183 1289 5234 claritatis
1331 5197 1438 5234 sua:
1485 5180 1662 5248 gloria:
1711 5183 1773 5234 η.

211 5278 482 5350 Quando
555 5273 728 5335 dixit,
770 5270 1184 5340 transﬁgurahit,
1231 5269 1280 5322 id
1319 5277 1400 5322 est
1436 5283 1776 5336 μετασχημα-

213 5373 409 5430 τίσει,
445 5363 804 5416 membrorum
843 5361 1032 5428 quibus
1077 5371 1213 5410 nunc
1243 5357 1460 5418 utimur,
1501 5355 1775 5409 diversitas

223 5459 575 5521 denegatur.
613 5447 768 5500 Aliud
801 5448 949 5501 nobis
977 5445 1213 5514 Spiritalc
1247 5451 1300 5496 et
1333 5441 1612 5493 aathereum
1653 5456 1776 5508 pro-

230 5542 514 5602 mittitur,
543 5537 680 5603 quod
708 5549 806 5588 nec
834 5536 992 5588 tactui
1026 5533 1260 5598 subjacet
1279 5568 1294 5592 ,
1338 5543 1434 5583 nec
1462 5529 1773 5585 oculis‘cer-

1773 3213 1814 3270 C

305 5711 352 5742 ’τ
388 5708 408 5760 l
432 5705 560 5760 Cor.
585 5715 671 5763 XV.
700 5699 785 5753 44-
859 5703 898 5733 ¹⁸
922 5703 937 5756 Ι
958 5701 1140 5756 Thess.
1161 5713 1228 5760 Iv,
1252 5696 1334 5750 15.

1903 1995 2111 2051 Erroris
2136 2003 2278 2048 certe
2321 1992 2458 2046 illius
2491 2001 2641 2046 notas
2678 1990 2906 2056 reperire
2941 1989 3061 2043 licet
3099 1989 3150 2041 in
3195 1988 3347 2041 Cort-

1837 2085 2086 2138 mentario
2113 2083 2353 2150 Origenis
2381 2082 2448 2134 ad
2472 2085 2652 2148 psalm.
2679 2097 2717 2140 ι,
2751 2094 2866 2148 pag.
2893 2079 3013 2144 5'55,
3043 2078 3163 2139 536,
3193 2091 3346 2145 quem

1838 2173 1892 2227 in
1922 2173 2184 2241 epitomeu
2214 2169 2483 2225 contraxit
2511 2167 2822 2220 Methodius.
2859 2166 2927 2219 lbi
2959 2167 3150 2234 quippe
3177 2166 3349 2218 locum

1841 2261 2036 2315 Ezech.
2089 2276 2208 2328 cap.
2262 2271 2476 2316 xxxv”,
2537 2271 2643 2326 quo
2705 2255 2892 2308 futurae
2954 2255 3351 2308 resurrectionis

1841 2349 2142 2418 mysterium
2193 2347 2492 2415 planissime
2531 2346 2788 2413 aperitur,
2842 2346 2891 2397 in
2931 2345 3089 2397 alium
3138 2357 3350 2397 sensum

1841 2439 2142 2504 detorquet;
2188 2449 2307 2487 nam
2355 2433 2518 2486 aridis
2551 2432 2656 2484 illis
2701 2433 2928 2495 ossibus,
2977 2432 3218 2486 acerbam
3259 2429 3351 2481 Ju-

1841 2529 2070 2581 dzeorum
2103 2525 2459 2593 captivitatem
2511 2523 2682 2574 notari
2729 2532 2916 2590 putat,
2969 2536 3084 2588 qum
3133 2535 3350 2588 corpora

1841 2631 1998 2670 succo
2021 2616 2272 2668 exhausta
2305 2613 2470 2665 macie
2507 2611 2928 2676 deformavcrat;
2968 2612 3352 2664 resurrectione

1842 2716 2038 2768 autem,
2069 2705 2360 2758 libertatem
2383 2701 2704 2763 Judaeorum,
2730 2717 2845 2768 qua:
2873 2703 2924 2754 in
2955 2700 3232 2768 pristinum
3259 2712 3353 2752 eos

1843 2803 2058 2856 statum,
2106 2802 2156 2846 et
2197 2793 2455 2858 integrum
2486 2805 2549 2842 ac
2574 2789 2803 2842 vividum
2846 2788 3079 2856 corporis
3119 2786 3351 2838 habitum

1842 2892 1955 2936 erat
2001 2881 2324 2934 restitutura.
2367 2878 2481 2930 Alio
2515 2877 2691 2930 itidem
2734 2876 2957 2930 deﬂectit
2995 2874 3120 2928 illud
3167 2873 3352 2925 Matth.

1849 2984 1964 3035 vnt,
1996 2967 2080 3030 l2,
2119 2987 2136 3018 ι
2161 2968 2233 3021 lbi
2263 2967 2364 3020 erit
2391 2965 2541 3021 ﬂetus
2579 2976 2631 3020 et
2673 2966 2867 3020 stridor
2891 2965 3146 3026 dentium,
3171 2981 3191 3014 ι
3225 2961 3355 3015 alia-

1847 3072 1947 3124 que
1997 3057 2272 3126 ejusmodi,
2316 3057 2506 3124 quibus
2553 3069 2769 3124 corpora
2820 3061 3179 3107 resurrectura
3235 3064 3356 3104 esse

1847 3147 2154 3209 conﬁcitur;
2200 3161 2298 3199 nec
2337 3146 2408 3200 ibi
2462 3147 2668 3198 futuros
2713 3145 2894 3197 dentes
2936 3142 3235 3211 respondet,
3267 3141 3353 3194 ubi

1849 3237 2021 3290 nullus
2072 3236 2307 3288 dentium
2352 3251 2476 3288 usus
2536 3234 2745 3286 futurus
2791 3240 2902 3294 est;
2952 3240 3002 3284 et
3053 3243 3355 3296 corpoream

1847 3322 1986 3376 illam
2012 3324 2239 3389 speciem
2271 3327 2530 3372 mutatum
2558 3319 2623 3370 iri
2646 3334 2662 3378 ;
2697 3330 2793 3369 nec
2817 3315 3036 3383 primam
3064 3310 3356 3370 materiam,

1847 3425 2001 3477 quam
2027 3409 2263 3463 eamdem
2283 3422 2401 3461 esse
2428 3421 2566 3475 saape
2591 3406 2719 3460 dicit
2744 3419 2804 3457 ac
2834 3417 3049 3470 corpus,
3078 3399 3183 3452 ullo
3204 3398 3357 3450 modo

1846 3508 2264 3554 resurrecturam
2287 3513 2302 3560 ;
2329 3498 2392 3549 ad
2417 3497 2571 3564 idque
2599 3493 2745 3562 grani
2773 3502 2828 3546 et
2854 3492 3009 3558 spicae
3039 3487 3354 3555 exemplum,

1847 3602 1953 3657 quo
1986 3603 2109 3641 usus
2141 3584 2539 3654 estApostolus,
2565 3579 2946 3635 accommodat.
2969 3578 3134 3630 Turno
3153 3589 3360 3643 quoquc

1849 3690 1960 3729 xvtt
1999 3676 2053 3727 in
2100 3672 2314 3735 Matth.,
2363 3687 2507 3725 num.
2548 3671 2615 3724 50
2649 3678 2701 3723 et
2746 3669 2836 3732 3'5,
2888 3669 2949 3720 de
3001 3667 3287 3734 quaestione
3329 3677 3357 3714 a

1855 3763 2154 3820 Sadducmis
2194 3761 2503 3829 Sospitatori
2533 3759 2801 3829 proposita
2851 3770 3008 3823 agens
3043 3753 3361 3820 genitalibus

1853 3854 2080 3907 caritura
2104 3850 2336 3903 decrevit
2362 3863 2580 3915 corpora
2615 3848 2664 3898 in
2696 3846 2853 3906 cmlo,
2887 3843 3024 3912 quod
3055 3843 3120 3894 ibi
3155 3841 3362 3909 genita-

1853 3942 1979 3994 lium
2015 3954 2140 3992 usus
2164 3937 2450 3991 abolendus
2496 3936 2587 3988 sit.
2627 3933 2729 3986 Sed
2760 3941 2813 3984 et
2841 3946 2905 3983 ex
2945 3931 3048 3982 line
3081 3928 3195 3979 libri
3224 3942 3259 3979 il
3290 3925 3363 3976 De

1852 4027 2066 4096 princip.
2115 4022 2266 4075 affert
2297 4023 2433 4076 hunc
2481 4020 2652 4072 locum
2696 4017 3041 4084 Hieronymus
3084 4013 3237 4078 epist.
3273 4011 3362 4071 59,

1856 4112 1921 4164 ad
1957 4110 2095 4163 Avit.
2122 4147 2136 4172 ,
2174 4122 2292 4173 cap.
2341 4106 2413 4159 2:
2447 4105 2719 4169 «Cumque
2763 4103 2813 4154 in
2853 4110 3050 4154 tantum
3083 4097 3366 4165 profeceri-

1857 4214 1999 4263 mus,
2027 4208 2083 4250 ut
2114 4209 2441 4263 nequaquam
2470 4207 2656 4246 carnes
2678 4201 2728 4244 et
2757 4203 3008 4258 corpora,
3058 4187 3273 4238 forsitan
3300 4198 3366 4237 ne

1858 4289 2047 4340 anima:
2074 4287 2282 4354 quidem
2335 4283 2608 4345 fuerimus,
2651 4281 2743 4335 sed
2793 4294 2938 4332 mens
2983 4286 3035 4331 et
3080 4291 3264 4330 sensus
3301 4275 3365 4326 ad

1859 4379 2146 4446 perfectum
2171 4374 2408 4437 veniens,
2435 4371 2680 4438 nulloque
2708 4367 3151 4435 perturbationum
3191 4363 3368 4417 nubilo

1792 4467 2113 4558 Dcaligaus,
2181 4464 2471 4516 intuebitur
2517 4458 2854 4513 rationabiles
2918 4454 3370 4523 intelligibilesque

1865 4552 2188 4606 substantias
2229 4550 2365 4603 facie
2393 4549 2457 4602 ad
2491 4547 2696 4600 faciem.
2721 4563 2741 4596 ι
2791 4547 2917 4611 Quae
2952 4544 3024 4597 sic
3065 4544 3372 4608 depravavit

1866 4656 1961 4695 suo
1997 4655 2143 4694 more
2188 4638 2405 4690 Ruﬁnus
2434 4653 2447 4688 :
2475 4655 2492 4687 ι
2522 4637 2585 4688 Et
2609 4637 2680 4688 ita
2728 4648 2972 4688 crescens
3022 4647 3114 4700 per
3168 4631 3372 4700 singula

1865 4728 2194 4785 rationabilis
2224 4735 2433 4790 natura,
2461 4739 2564 4778 non
2584 4723 2720 4776 sicut
2748 4723 2798 4774 in
2831 4736 2988 4774 carne
3021 4719 3105 4773 vel
3129 4731 3370 4785 corpore,

1867 4829 1920 4872 et
1948 4819 2118 4871 anima
2149 4818 2200 4869 in
2228 4817 2327 4869 hac
2359 4815 2468 4867 vita
2497 4811 2790 4874 crescebat,
2820 4811 2910 4864 sed
2938 4817 3108 4863 mente
3127 4823 3188 4859 ac
3217 4819 3372 4859 sensu

1868 4917 2019 4961 aucta
2052 4907 2114 4958 ad
2144 4905 2427 4972 perfectam
2460 4902 2733 4955 scientiam
2759 4939 2773 4965 ,
2818 4914 2961 4952 mens
2995 4900 3102 4963 jam
3145 4895 3374 4963 perfecta

1868 4997 2199 5068 perducitur,
2235 5008 2562 5062 nequaquam
2606 4993 2712 5060 jam
2753 4993 2888 5044 ultra
2929 4991 3042 5043 istis
3075 4984 3376 5041 carnalibus

1875 5085 2115 5141 sensibus
2145 5085 2418 5150 impedita,
2460 5083 2549 5135 sed
2574 5080 3009 5134 intellectuaiibus
3040 5070 3375 5128 incrementis

1875 5182 2046 5235 aucta,
2071 5186 2275 5239 semper
2299 5173 2362 5223 ad
2383 5185 2589 5237 purum,
2612 5180 2683 5233 et,
2717 5177 2773 5221 ut
2795 5170 2866 5220 ita
2887 5165 3125 5224 dixerim,
3145 5157 3276 5209 facie
3305 5155 3374 5206 ad

1875 5262 2059 5315 faciem
2106 5277 2276 5314 rerum
2335 5275 2526 5314 causas
2570 5259 2914 5326 inspiciens.»
2964 5249 3188 5312 Denique
3235 5241 3375 5294 libro

1874 5366 1906 5403 v
1953 5361 2129 5403 contra
2171 5349 2326 5412 Cels.,
2386 5364 2529 5402 num.
2579 5348 2664 5412 i9,
2709 5355 2918 5417 propter
2960 5332 3292 5404 migrationes
3341 5341 3376 5380 e

1876 5440 1991 5494 loco
2023 5441 2072 5492 in
2103 5440 2269 5493 locum
2300 5441 2609 5508 corporibus
2658 5452 2753 5490 nos
2792 5447 2920 5499 opus
2952 5427 3143 5480 habere
3179 5420 3376 5479 docet;

1879 5533 1930 5588 id
1956 5543 2126 5588 autem
2159 5544 2354 5590 certam
2383 5549 2486 5588 non
2525 5531 2788 5599 requirere
2824 5522 3044 5591 partium
3066 5512 3379 5584 posituram,

1414 5697 1452 5728 ¹⁹
1471 5695 1654 5765 Philip.
1693 5699 1874 5763 Ill,2'l.
