3920 6458
231 413 340 473 993

1088 415 1632 482 ORIGENIANORUM
1674 418 1804 480 LIB.
1842 425 1904 489 ll,
1945 427 2095 483 CAP.
2135 427 2195 492 ll,
2230 425 2504 492 QUEST.
2546 425 2638 480 IX.

3321 431 3422 489 994

238 526 476 598 ponebat
510 528 842 602 ἐξομοίωσιν
871 541 948 610 τῷ
992 541 1126 610 Θεῷ,
1163 544 1324 596 Deum
1370 552 1541 596 autem
1575 552 1795 607 corpore

1899 543 2056 596 simul
2095 554 2150 597 et
2177 544 2338 598 semel
2371 562 2384 598 :
2414 559 2518 597 non
2549 544 2718 612 prima
2751 544 3048 611 iustorum,
3093 555 3148 599 et
3192 549 3424 602 secunda

239 624 375 677 licet
399 631 679 678 carentem
708 667 724 690 ,
774 630 944 686 forma
973 635 1185 701 globosa
1225 635 1497 701 praeditum
1524 629 1754 697 fingebat
1779 670 1794 694 ,

237 714 704 784 quemadmodum
740 730 795 773 et
825 722 1198 792 Xenophanes,
1218 735 1274 777 ut
1303 732 1384 777 est
1413 721 1547 792 apud
1579 719 1796 775 Cicero-

235 818 370 858 nem
395 817 451 858 Iv
486 803 760 870 Academ.,
785 818 838 861 et
874 808 1148 864 Laertium
1193 813 1248 862 in
1282 808 1520 870 Platone,
1543 817 1597 862 et
1619 805 1798 860 Xeno-

234 895 420 962 phane
476 910 495 948 :
560 909 626 949 ac
689 899 912 964 proinde
961 902 1151 954 animis
1191 899 1347 954 ﬁnem
1394 914 1542 953 suum
1593 899 1797 966 adeptis

235 983 574 1052 sphaericam
603 983 828 1038 formam
870 987 1100 1041 tribuere
1134 987 1439 1057 cogebatur.
1476 984 1578 1038 Sed
1610 983 1797 1038 lliero-

234 1085 444 1141 nymns
475 1073 637 1142 epist.
685 1074 774 1135 59.
820 1077 884 1128 ad
912 1076 1078 1138 Avit..
1122 1091 1236 1144 cap.
1268 1077 1334 1141 5,
1369 1077 1526 1130 verba
1549 1069 1802 1143 Origenis'

229 1163 441 1215 recitat
477 1177 511 1217 e
562 1163 702 1217 libro
740 1179 800 1218 ιιι
841 1165 975 1231 Περὶ
1026 1164 1243 1232 ἀρχῶν,
1277 1180 1394 1233 cap.
1435 1164 1507 1228 6,
1553 1180 1700 1217 num.
1741 1166 1792 1229 l,

227 1257 441 1326 quibus
467 1259 717 1315 homines
763 1262 839 1314 ait
873 1277 1093 1330 corpora
1129 1263 1330 1317 idcirco
1358 1264 1712 1332 deposituros,
1739 1277 1793 1316 ιιι

228 1346 343 1401 Deo
376 1347 599 1402 similes
641 1351 793 1414 sint,
836 1351 986 1420 juxta
1034 1351 1156 1405 illud
1193 1351 1498 1408 Servatoris
1543 1354 1632 1407 ὀε
1670 1373 1688 1405 ι
1726 1353 1793 1408 Ut

223 1439 522 1506 quomodo
550 1451 652 1508 ego
681 1447 734 1491 et
761 1447 1002 1501 tuuuum
1022 1456 1227 1508 sumus,
1258 1443 1337 1495 sic
1365 1452 1419 1496 et
1445 1442 1528 1496 isti
1557 1442 1605 1496 in
1641 1443 1794 1497 nobis

223 1539 406 1580 unum
445 1528 582 1581 sint.
631 1545 654 1581 ι
687 1527 909 1582 Demum
940 1530 1016 1583 sic
1047 1532 1123 1584 ait
1154 1547 1168 1584 :
1205 1549 1224 1583 ι
1258 1529 1300 1583 E
1326 1532 1528 1585 duobus
1566 1532 1789 1586 alterum

221 1616 519 1684 suscipere
550 1616 808 1688 cogimur,
839 1629 893 1670 ut
920 1630 1010 1672 aut
1031 1621 1370 1687 desperemus
1394 1622 1789 1676 similitudinem

222 1699 344 1772 Dei,
375 1707 430 1760 si
459 1709 653 1760 eadem
699 1721 908 1774 semper
929 1723 1112 1762 sumus
1134 1724 1356 1777 corpora
1407 1711 1670 1777 habituri;
1704 1720 1792 1765 aut

1897 642 2250 698 peccatorum.
2297 642 2352 686 ut
2402 633 2578 686 fabula
2623 643 2705 688 est
2741 636 3158 702 somniatorum,
3195 636 3286 689 sed
3322 653 3424 689 una

1894 721 2152 774 omnium.
2177 729 2214 772 ἰ
2251 721 2396 774 Hane
2439 732 2613 775 autem
2642 721 2760 778 fore
2800 725 3108 794 resurgendi
3163 725 3420 779 rationem

1895 809 2081 862 deﬁnit
2111 809 2399 878 Origenes:
2425 825 2852 882 unumquemque
2890 825 3046 882 prout
3080 829 3197 869 sese
3230 816 3282 869 in
3313 818 3420 869 vita

1895 901 2141 966 gesserit,
2170 899 2402 970 crassius
2427 901 2739 956 subtiliusve
2763 919 2790 954 a
2823 904 2929 957 Deo
2962 920 3156 973 corpus
3179 915 3419 973 acceptu-

1894 1003 2029 1040 rum.
2064 1005 2083 1038 ι
2125 987 2282 1050 Sane,
2309 1007 2328 1041 ι
2375 988 2547 1055 inquit
2569 988 2657 1041 lib.
2682 1003 2722 1041 ιι
2757 991 2828 1042 De
2859 1005 3158 1056 resurrect.,
3182 1009 3300 1063 pag.
3328 994 3417 1058 56,

1902 1094 1922 1127 ι
1965 1077 2139 1145 qualis
2181 1077 2344 1131 fuerit
2390 1065 2807 1146 uniuscujusque
2857 1085 3168 1148 przeparatio
3217 1085 3267 1138 in
3320 1085 3419 1137 hac

1893 1167 2022 1229 vita,
2049 1167 2166 1221 talis
2193 1167 2295 1220 erit
2315 1174 2368 1220 et
2408 1167 2728 1220 resurrectio
2762 1168 2897 1235 ejus.
2926 1170 3022 1233 Qui
3071 1173 3277 1225 beatius
3329 1175 3416 1226 hic

1893 1259 2120 1321 vixerit,
2185 1271 2378 1325 corpus
2429 1255 2543 1323 ejus
2599 1257 2651 1322 in
2713 1260 3102 1313 resurrectione
3156 1263 3419 1316 diviniore

1890 1348 2167 1416 Splendore
2195 1347 2429 1417 fulgebit,
2454 1356 2508 1400 et
2546 1355 2667 1415 apta
2707 1356 2761 1400 et
2789 1349 2992 1401 mansio
3019 1349 3294 1404 beatorum
3321 1352 3416 1404 tri-

1889 1438 2078 1491 buetur
2114 1437 2373 1490 locorum.
2411 1436 2540 1489 Huic
2564 1451 2689 1489 vero
2725 1439 2812 1505 qui
2857 1437 2907 1490 in
2947 1439 3145 1490 tnalitia
3175 1455 3420 1493 consum-

1889 1530 2056 1595 pserit
2103 1539 2309 1595 tempus
2348 1528 2449 1582 sibi
2489 1528 2612 1580 vita;
2655 1529 2933 1594 pra-sentis
2972 1529 3269 1591 indultum,
3312 1530 3417 1583 tale

1864 1618 2098 1671 ‘dabitnr
2127 1632 2320 1686 corpus
2363 1617 2503 1685 quod
2540 1616 2778 1671 sufﬁcere
2819 1627 2873 1670 et
2910 1619 3207 1686 perdurare
3253 1621 3417 1685 possit

1888 1706 1938 1760 in
1966 1708 2158 1776 ptenis,
2194 1726 2212 1759 ι
2246 1716 2348 1761 etc.
2390 1707 2658 1761 lterantur
2702 1709 2885 1761 eadem
2919 1709 3010 1762 lib.
3064 1725 3098 1762 ιι
3149 1709 3281 1776 Περὶ
3319 1709 3419 1776 ἀρ-

218 1795 264 1849 si
299 1794 605 1850 beatitudo
639 1795 798 1849 nobis
828 1793 1064 1859 ejusdem
1087 1812 1205 1851 cum
1232 1798 1341 1851 Deo
1373 1799 1495 1851 vitae
1519 1793 1787 1866 promitti-

1886 1795 2027 1864 χῶν,
2064 1813 2178 1865 cap.
2215 1798 2268 1862 5,
2295 1808 2349 1850 et
2377 1812 2493 1865 cap.
2523 1797 2608 1859 10,
2647 1813 2794 1850 num.
2819 1797 2875 1862 2,
2906 1797 2958 1862 5,
2989 1807 3042 1850 et
3075 1798 3164 1850 lib.
3189 1815 3268 1860 ιιι,
3297 1815 3413 1866 cap.

220 1893 332 1949 tur,
357 1887 564 1937 eadem
597 1899 702 1952 qua
731 1884 858 1939 vivit
901 1885 1036 1939 Deus
1073 1884 1224 1938 nobis
1259 1862 1565 1939 conditione
1601 1886 1784 1940 viven-
1813 1862 1856 1916 Β
1885 1862 1938 1948 ti,
1973 1862 2227 1948 num-4.,
2257 1887 2344 1938 ubi
2393 1862 2457 1939 ad
2490 1895 2680 1940 caetera
2735 1887 2862 1940 illud
2900 1888 3100 1954 adjicit,
3138 1862 3414 1955 postquam

217 1973 351 2027 dum
399 1981 516 2026 est.
563 1992 583 2025 ι
620 1971 754 2026 Tum
797 1974 1190 2043 Hieronymus:
1227 1990 1246 2024 ι
1280 1972 1354 2026 Ex
1396 1975 1586 2042 quibus
1613 1975 1784 2028 omni—

215 2067 319 2120 bus
357 2065 727 2133 approbatur,
774 2067 900 2135 quid
955 2068 1018 2120 de
1063 2066 1449 2120 resurrectione
1493 2067 1709 2121 sentiat.
1756 2084 1776 2120 ι

217 2155 398 2208 Deum
435 2155 602 2223 plane
646 2155 1041 2223 incorporeum,
1064 2164 1122 2208 ut
1164 2163 1267 2218 est,
1320 2155 1391 2208 ita
1423 2171 1541 2210 esse
1564 2159 1783 2224 putabat

213 2245 506 2312 Origenes
530 2285 547 2310 ,
595 2259 660 2298 ac
716 2245 834 2299 ideo
880 2245 1022 2298 omni
1076 2244 1240 2314 ﬁgura
1273 2259 1502 2302 carere:
1533 2246 1625 2316 qui
1654 2261 1780 2316 ergo

1885 1977 2016 2028 adeo
2047 1990 2133 2028 res
2161 1975 2438 2038 redierint,
2478 1976 2728 2029 utomnia
2759 1991 2920 2028 unum
2943 1980 3070 2039 sint,
3101 1978 3237 2031 sicut
3260 1977 3418 2032 Pater

1883 2070 1936 2116 et
1963 2061 2125 2115 Filius
2154 2078 2314 2116 unum
2337 2071 2480 2127 sunt,
2514 2073 2620 2133 tum
2643 2063 2928 2116 desituram
2961 2065 3099 2118 illam
3133 2081 3413 2135 corporum

1882 2151 2267 2206 diversitatem.
2313 2152 2444 2206 Cum
2474 2168 2602 2221 ergo
2632 2155 3026 2214 resurrectione
3051 2156 3308 2223 privatum
3347 2157 3410 2211 iri

1885 2239 2074 2308 impios
2106 2241 2238 2294 dixit
2263 2239 2540 2310 Origenes,
2587 2244 3030 2298 resurrectionem
3065 2244 3207 2298 illam
3259 2246 3414 2300 intel.

213 2337 456 2406 globosa
485 2350 714 2403 corpora
747 2336 1022 2389 habituras
1046 2336 1252 2389 animas
1285 2336 1390 2389 reri
1424 2337 1614 2405 potuit,
1645 2352 1780 2405 quas
1831 2370 1856 2397 ο
1881 2327 1985 2398 "se
2021 2344 2140 2396 quae
2171 2331 2496 2384 damnatiotli
2529 2329 2833 2399 opponitur.
2858 2330 2929 2384 lla
2975 2331 3284 2407 Lactantius
3314 2333 3408 2388 lib.

211 2427 436 2482 similes
487 2426 700 2479 futuras
731 2425 947 2494 putabat
992 2424 1097 2478 Deo
1123 2465 1138 2488 ,
1169 2440 1324 2492 quem
1359 2440 1581 2492 corpore
1615 2440 1680 2480 ac
1719 2427 1780 2479 li-

215 2533 354 2588 gura
394 2529 597 2570 carere
629 2515 1032 2568 arbitrabatur?
1054 2513 1235 2582 Itaque
1258 2515 1349 2568 lib.
1373 2531 1404 2567 ιι
1433 2515 1506 2568 De
1533 2516 1776 2584 princip.,

213 2621 338 2675 cap.
393 2598 491 2667 10,
535 2618 686 2656 ηυιιι.
717 2603 772 2667 2,
823 2595 1078 2671 quosdam
1121 2604 1431 2671 impugnans
1459 2605 1774 2669 htereticos,

212 2699 306 2765 qui
346 2694 826 2750 resurrectionem
872 2691 1104 2747 funditus
1149 2693 1421 2755 tollebant,
1471 2711 1489 2744 ι
1532 2693 1779 2762 Require-

212 2803 363 2849 mus,
400 2784 614 2852 inquit,
647 2785 714 2836 ab
760 2783 857 2845 eis,
883 2782 926 2834 si
957 2791 1176 2851 possunt
1206 2783 1356 2836 nobis
1381 2783 1635 2851 spiritalis
1665 2799 1779 2838 Cor-

211 2879 369 2947 poris
401 2875 661 2931 habitum
685 2872 1054 2926 demonstrare
1087 2885 1246 2941 atque
1276 2874 1598 2937 describere,
1635 2877 1774 2941 quod

212 2971 414 3036 utique
452 2963 603 3017 nullo
633 2961 790 3014 modo
829 2965 1003 3015 facere
1041 2971 1314 3030 pcteruut.
1357 2980 1375 3012 ι
1408 2962 1565 3016 Vides
1593 2962 1775 3017 incon-

211 3057 486 3111 stantiam
521 3053 754 3106 hominis
777 3091 793 3114 ,
822 3051 1013 3104 animis
1038 3051 1310 3103 suscitatis
1333 3065 1553 3118 corpora
1591 3053 1772 3105 detra-~

211 3147 404 3203 bentis
441 3157 857 3211 nonnunquam,
887 3153 1258 3206 nonnunquam
1289 3137 1587 3206 alliugeutis
1608 3175 1624 3201 ,
1677 3153 1773 3194 nec

213 3252 306 3305 pro
334 3243 502 3290 certo
529 3223 779 3286 habentis
809 3242 1154 3298 ecquamnam
1179 3226 1263 3279 illa
1283 3225 1505 3294 ﬁguram
1530 3225 1770 3280 habitura

211 3327 343 3380 sint.

281 3479 358 3532 Χ.
408 3475 621 3531 Scribit
652 3472 910 3540 Origenes
957 3478 1084 3523 tom.
1136 3452 1244 3522 ivit
1287 3469 1342 3520 in
1371 3467 1582 3532 Matth.,
1622 3483 1768 3522 num.

114 3619 118 3624 .
211 3573 300 3632 33,
335 3568 624 3622 neminem
670 3579 699 3615 a
737 3561 959 3615 mortuis
984 3560 1046 3611 iri
1075 3559 1410 3620 suscitatam,
1453 3558 1625 3625 quiin
1671 3559 1772 3612 hac

211 3660 323 3711 vita
372 3669 486 3707 non
518 3649 896 3704 decertaverit.
939 3646 1108 3698 Verba
1142 3648 1250 3698 lucc
1293 3655 1415 3698 sunt
1451 3663 1464 3699 :
1505 3647 1564 3697 Et
1604 3641 1694 3698 οὖν
1714 3649 1771 3698 ὲν

195 3749 278 3817 ’τῇ
311 3740 686 3815 μακαριότητι
717 3737 766 3789 οἱ
787 3735 960 3804 γέρως
991 3732 1288 3800 ἀξιούμενοι
1309 3731 1394 3793 διὰ
1436 3733 1524 3784 τὸν
1555 3735 1769 3817 ἐνεστη-

213 3816 353 3888 κότα
405 3830 587 3885 αἰῶνα
617 3829 676 3879 ὲν
715 3819 758 3891 ᾧ
791 3822 965 3884 καλῶς
995 3821 1241 3883 ἐϐίωσαν,
1271 3823 1328 3872 ὲν
1353 3821 1532 3891 ἐκείνῃ
1568 3816 1771 3872 ἔσονται

208 3929 277 3996 τῇ
311 3923 461 3991 ζωῇ,
495 3918 591 3970 καὶ
619 3914 794 3975 οὐδεὶς
828 3911 933 3962 τῶν
980 3910 1051 3979 μὴ
1103 3908 1512 3977 ἀγωνισαμένων
1544 3909 1772 3996 ἐνταῦθα

211 3993 579 4076 καταξιοῦται
609 4008 708 4075 τῆς
734 4005 797 4054 ὲκ
818 4001 1020 4070 νεκρῶν
1047 4000 1403 4060 ἀναστάσεως,
1434 3997 1667 4066 δηλονότι
1699 3993 1770 4050 ὧν

209 4102 458 4158 ἐνταῦθα
510 4095 602 4150 διὰ
651 4093 860 4162 γένεσιν
916 4089 1069 4158 χρεία
1119 4084 1219 4158 ἦν,
1267 4088 1433 4140 ταῦτα
1488 4089 1584 4140 οὐκ
1623 4087 1770 4139 ἔσται

207 4197 350 4248 ἐκεῖ.
380 4188 542 4256 Quod
569 4186 612 4240 si
638 4183 757 4251 quis
783 4180 991 4248 colliget
1039 4179 1190 4244 inde,
1236 4178 1623 4232 resurrectione
1659 4177 1770 4244 pri-

211 4282 431 4336 vandos
490 4274 685 4342 impios
735 4269 1015 4337 Origenem
1065 4267 1398 4322 existimasse
1426 4303 1442 4326 .
1480 4263 1688 4318 abunde
1725 4264 1771 4318 is

210 4387 339 4426 sese
379 4384 412 4422 a
442 4362 728 4432 Pamphilo
758 4360 1082 4414 confutatum
1115 4355 1418 4424 intelligat,
1449 4353 1531 4409 vel
1568 4353 1634 4406 ab
1655 4353 1770 4421 ipso

211 4463 402 4530 potius
437 4453 683 4523 Origene
739 4450 792 4502 in
845 4463 908 4502 eo
959 4448 1112 4506 loco.
1150 4459 1308 4514 quem
1345 4459 1376 4498 e
1414 4444 1552 4498 libro
1606 4445 1770 4512 ipsius

213 4564 393 4605 xxmt
427 4548 485 4599 in
509 4543 714 4597 Isaiam
741 4538 944 4608 profert
973 4535 1230 4605 Apologia:
1254 4544 1455 4601 auctor,
1477 4549 1582 4602 quo
1597 4533 1770 4600 justos

208 4650 269 4696 et
300 4638 510 4707 impios
533 4648 563 4686 a
607 4628 832 4685 mortuis
853 4626 1184 4682 suscitandos
1213 4625 1482 4688 declarat;
1512 4624 1768 4692 duplicem

211 4741 406 4786 autem
446 4726 687 4781 futuram
738 4717 1182 4772 resurrectionem
1211 4753 1227 4780 ,
1270 4716 1494 4782 primaut
1547 4713 1768 4768 alteram

205 4824 494 4892 justorum
516 4852 530 4875 .
554 4813 777 4867 alteram
803 4807 1088 4863 secundam
1125 4806 1427 4872 impiorum,
1455 4802 1607 4870 juxta
1641 4804 1767 4857 illud

212 4909 454 4967 Joannis
491 4901 714 4972 Apoeal.
736 4913 831 4964 xx,
859 4897 891 4950 5
915 4913 930 4950 :
965 4915 984 4947 ι
1013 4895 1205 4948 Beatus
1225 4903 1280 4949 et
1298 4902 1512 4949 sanctus
1537 4894 1626 4963 qui
1674 4896 1770 4948 lia-

211 5002 310 5056 bet
339 5004 559 5067 partem
590 4992 643 5044 in
683 4985 1069 5042 resurrectione
1111 4983 1278 5051 prima
1309 5001 1322 5036 :
1348 4984 1400 5037 in
1436 4983 1518 5036 his
1540 4985 1765 5037 secunda
1847 5039 1850 5043 ,

215 5105 374 5145 mors
436 5098 547 5138 non
609 5079 772 5133 habet
842 5081 1190 5144 potestatem;
1231 5090 1250 5124 ι
1295 5086 1397 5126 non
1445 5073 1517 5127 ita
1573 5081 1630 5125 ut
1679 5071 1767 5124 illa

218 5187 479 5244 tempore
501 5168 650 5238 prior
688 5166 757 5219 sit
796 5164 914 5224 ista,
945 5160 1035 5215 sed
1065 5161 1220 5214 modo
1256 5166 1306 5212 et
1333 5159 1556 5212 ratione.
1583 5158 1774 5213 Exhoc

215 5265 372 5319 enim
394 5256 625 5314 Joannis
654 5260 916 5307 commate
936 5249 1226 5304 dividendae
1251 5248 1652 5302 resurrectionis
1687 5263 1776 5302 oc-

217 5355 509 5408 casionem
546 5344 832 5411 arripuisse
876 5354 970 5394 eos
1007 5335 1294 5391 verisimile
1339 5345 1442 5399 est,
1484 5336 1547 5389 de
1588 5337 1778 5402 quibus

223 5437 551 5498 Gennadius
579 5433 670 5486 lib.
698 5432 773 5484 De
797 5433 1047 5498 dogmat.,
1077 5441 1198 5494 cap.
1226 5425 1258 5479 6
1288 5443 1302 5478 :
1331 5443 1348 5476 ι
1389 5423 1502 5478 Erit
1529 5439 1768 5481 resurre-

221 5534 339 5590 ctio
370 5535 705 5584 mortuorum
754 5519 989 5574 omnium
1016 5516 1309 5579 hominum,
1342 5514 1435 5570 sed
1465 5528 1568 5568 una
1607 5523 1660 5568 et
1686 5515 1766 5570 in-

300 5729 348 5763 ”
381 5724 536 5779 Joan.
563 5733 692 5784 xvn,
719 5717 808 5769 2L
883 5713 1087 5789 “,Psal.
1119 5727 1158 5778 ι,
1192 5710 1244 5764 5.

1883 2434 1953 2482 vtt
2020 2419 2190 2473 Dii-in.
2218 2421 2462 2482 institnt.,
2490 2437 2605 2488 cap.
2636 2422 2697 2474 21
2733 2439 2791 2473 :r
2824 2422 2970 2476 Tunc
2999 2437 3222 2491 quorum
3254 2424 3410 2476 fuerit

1880 2512 2095 2575 probata
2139 2508 2375 2574 justitia,
2424 2510 2456 2560 il
2508 2512 2778 2575 pra‘mium
2824 2511 3236 2565 immortalitatis
3264 2513 3402 2566 acci-

1880 2600 2058 2666 pient:
2100 2613 2323 2666 quorum
2369 2609 2543 2650 autem
2589 2610 2804 2664 peccata
2849 2610 2901 2654 et
2951 2602 3153 2655 scelera
3203 2603 3406 2656 detorta

1879 2686 2099 2750 fuerint,
2136 2701 2238 2740 non
2277 2697 2590 2752 resttrgcnt;
2622 2691 2712 2741 sed
2739 2705 2856 2742 cum
2887 2690 3060 2756 impiis
3109 2691 3159 2743 in
3197 2693 3407 2744 easdem

1881 2777 2123 2830 tenebras
2150 2777 2520 2840 recondantur,
2549 2777 2612 2829 ad
2644 2789 2788 2832 certa
2811 2778 3063 2846 supplicia
3083 2779 3352 2833 destinati.
3382 2800 3400 2831 ι

1878 2865 2078 2934 Duplici
2103 2865 2298 2934 quippe
2346 2867 2501 2919 modo
2527 2868 2693 2935 accipi
2737 2875 2916 2935 potest
2943 2870 3282 2932 resurrectio,
3325 2870 3405 2921 vel

1876 2970 1971 3022 pro
2008 2956 2176 3008 reditu
2229 2957 2294 3008 ad
2343 2958 2500 3010 vitam
2523 2996 2538 3022 ,
2583 2967 2638 3009 et
2675 2971 2807 3010 nova
2845 2957 3083 3024 corporis
3123 2971 3184 3010 ac
3213 2958 3402 3011 anima:

1874 3047 2269 3112 conjunctione;
2315 3046 2396 3100 vel
2444 3062 2540 3115 pro
2585 3047 2702 3100 vita:
2745 3056 2958 3101 aeterna:
3003 3048 3399 3114 acquisitione:

1873 3136 2048 3203 priore
2069 3136 2232 3188 modo
2289 3151 2472 3190 omnes
2527 3137 2769 3190 homines
2802 3151 2866 3190 ex
2909 3151 3062 3204 aequo
3096 3149 3401 3207 resurgent,

1873 3226 2160 3292 posteriore
2189 3226 2322 3294 justi
2363 3227 2640 3278 duntaxat.
2675 3226 3072 3292 Expositionem
3108 3228 3245 3281 hanc
3274 3244 3401 3281 con-

1870 3314 2046 3368 ﬁrmat
2099 3315 2233 3368 alter
2265 3315 2510 3382 Origenis
2549 3315 2697 3368 locus
2742 3329 2772 3368 e
2805 3325 2933 3369 tom.
2987 3332 3080 3370 xm
3115 3318 3168 3369 in
3213 3317 3401 3372 Matth.

1869 3411 2018 3466 avtlt,
2051 3421 2193 3457 num.
2211 3404 2272 3457 2|
2303 3423 2316 3457 :
2342 3407 2402 3456 Οἱ
2433 3403 2540 3476 γὰρ
2555 3404 2703 3465 ὅντες
2731 3405 2788 3454 ὲν
2812 3403 2888 3470 τῷ
2910 3406 3091 3474 σκήνει
3117 3406 3258 3472 ἅγιοι
3287 3423 3406 3458 στε-

1869 3493 2082 3556 νάζουσι
2115 3493 2429 3564 βαρούμενοι
2459 3494 2562 3546 ἀπὸ
2589 3493 2680 3545 τοῦ
2711 3493 2810 3560 τῆς
2831 3492 3199 3555 ταπεινώσειιις
3227 3493 3405 3562 σώμα-

1868 3598 1975 3644 τος,
2003 3583 2091 3633 καὶ
2110 3585 2284 3635 πάντα
2313 3583 2630 3652 πράττουσιν
2663 3582 2748 3634 ἵνα
2777 3580 2912 3644 ἄξιοι
2937 3581 3193 3648 γένωνται
3247 3583 3403 3651 εὑρε-

1869 3667 2023 3738 Θῆναι
2061 3671 2116 3720 ὲν
2145 3669 2222 3738 τῷ
2249 3670 2346 3738 τῆς
2378 3669 2716 3731 ἀναστάσεως
2754 3669 3060 3739 μυστηρίῳο
3101 3671 3189 3722 ὅτε
3242 3686 3403 3738 μετα-

1870 3775 1966 3828 σχη
1976 3775 2047 3828 μα
2058 3758 2184 3811 τίσει
2212 3761 2239 3810 ὁ
2258 3759 2385 3821 Θεὸς
2404 3760 2462 3810 οὐ
2494 3760 2706 3811 πάντων
2733 3759 2791 3810 τὸ
2824 3759 2977 3827 σῶμα
3002 3759 3100 3827 τῆς
3141 3758 3402 3812 ταπεινώ-

1869 3865 2020 3913 σεως,
2053 3847 2184 3899 ἀλλὰ
2207 3847 2311 3899 τῶν
2343 3849 2555 3918 Χριστῷ
2580 3849 2812 3918 γνησίως
2847 3849 3305 3919 μαθητευομένων,
3323 3851 3399 3909 εἰς

1866 3937 1926 3988 τὸ
1971 3935 2219 4002 γενέσθαι
2263 3935 2390 3986 αὐτὸ
2440 3935 2750 4005 σύμμορςρον
2795 3937 2891 4004 τῆς
2936 3937 3091 4004 δόξης
3133 3936 3225 3987 τοῦ
3268 3937 3400 4004 Χρι-

1870 4024 2012 4078 στοῦ.
2041 4024 2093 4077 In
2119 4025 2516 4078 resurrectionis
2551 4026 2800 4093 mysterio
2844 4024 3066 4076 inveniri
3115 4038 3210 4075 nos
3242 4023 3394 4082 dicit,

1867 4116 2075 4184 quando
2116 4129 2305 4182 corpus
2359 4122 2596 4166 nostrum
2645 4114 2866 4166 mortale
2905 4113 3141 4180 glorioso
3193 4111 3393 4166 Christi

1868 4203 2074 4269 corpori
2101 4201 2273 4254 simile
2310 4203 2446 4254 Deus
2481 4200 2672 4253 efficiet
2702 4217 2716 4263 ;
2760 4201 2898 4268 quod
2932 4201 3244 4254 beneﬁcium
3290 4216 3394 4254 non

1868 4292 1934 4345 ad
1968 4304 2151 4344 omnes
2193 4291 2433 4343 homines
2458 4332 2472 4355 ,
2525 4291 2616 4344 sed
2676 4290 2740 4342 ad
2785 4298 2998 4344 sanctos
3027 4293 3396 4344 tantummodo

1869 4376 2168 4446 pertinebit.
2197 4375 2489 4428 Conﬁrmat
2515 4385 2568 4428 et
2610 4374 2743 4429 alter
2788 4376 2876 4429 ille
2924 4389 2954 4428 e
3004 4374 3293 4432 Comment.
3340 4379 3395 4430 in

1801 4491 1842 4544 ι)
1868 4469 2054 4534 psalm.
2083 4481 2122 4528 ι,
2149 4480 2202 4532 p.
2228 4465 2350 4528 552,
2382 4464 2638 4519 recitatus
2675 4466 2742 4518 ab
2778 4464 3070 4534 Epiphanio
3092 4467 3225 4519 hazr.
3250 4481 3393 4530 utv,

1869 4572 1983 4624 cap.
2021 4556 2086 4609 l0
2105 4566 2158 4609 et
2189 4555 2275 4615 ιε,
2299 4570 2401 4623 quo
2427 4555 2780 4624 simpliciores
2801 4557 3081 4624 quosdam,
3116 4556 3278 4610 fretos
3306 4557 3395 4609 ιιιη

1869 4647 2118 4701 Davidico
2151 4663 2165 4698 :
2204 4664 2222 4696 ι
2264 4645 2387 4700 ldeo
2405 4661 2508 4700 non
2536 4657 2810 4714 resurgent
2833 4646 2974 4714 impii
3001 4647 3053 4698 in
3079 4647 3388 4712 judicio“,r

1869 4736 2253 4791 resurrectione
2304 4743 2394 4788 aut
2434 4735 2635 4804 judicio
2686 4737 2982 4804 dignantlos
3010 4750 3038 4788 a
3076 4735 3181 4789 Deo
3229 4737 3395 4789 malos

1870 4840 2063 4894 negare
2089 4825 2186 4888 ait,
2213 4839 2312 4877 non
2357 4825 2488 4878 satis
2512 4835 2692 4892 aperte
2735 4825 3032 4879 indicantes
3051 4826 3179 4893 quid
3213 4841 3393 4880 resur-

1871 4915 2158 4970 rectionem
2191 4921 2283 4968 aut
2305 4914 2560 4984 judicium
2586 4928 2704 4968 esse
2742 4915 3086 4969 arbitrentur.

1933 5069 2020 5123 XI.
2045 5069 2300 5124 Caeterum
2335 5076 2393 5122 ut
2413 5068 2544 5122 alias
2573 5067 2685 5123 fere
2716 5083 2946 5138 semper,
2974 5069 3044 5122 ita
3075 5069 3126 5122 in
3149 5069 3233 5121 his
3261 5082 3391 5136 quo-

1866 5173 1968 5228 que
1994 5160 2060 5213 de
2083 5161 2461 5213 resurrectione
2487 5159 2865 5226 quaestionibus
2901 5159 3116 5211 Platone
3137 5156 3390 5222 magistro

1867 5262 1994 5302 usus
2013 5256 2094 5302 est
2131 5246 2498 5301 Adamantius.
2525 5245 2782 5301 Futurum
2811 5247 3008 5316 quippe
3033 5242 3244 5296 aiebant
3271 5241 3389 5294 Pla-

1871 5338 2054 5404 tonici,
2088 5345 2148 5390 ιιι
2182 5336 2369 5390 animat
2394 5336 2518 5390 olim
2778 5332 2781 5336 ’

2139 5427 2382 5494 incipiant
2405 5427 2456 5479 in
2489 5440 2705 5491 corpora
2741 5425 2862 5478 velle
2891 5418 3088 5478 reverti,

2413 5516 2644 5585 (VIBGIL.
2669 5512 2880 5568 £neid.
2900 5523 2972 5571 vt,
2997 5517 3135 5559 vers.
3167 5502 3320 5576 751.)
