3920 6456
502 380 616 452 995,

1756 366 1813 419 P.
1853 364 2161 420 DANIELIS
2199 360 2435 417 HUETII

3736 343 3837 401 996

504 508 698 561 easque
726 493 775 544 in
802 503 1022 557 corpora
1052 504 1078 539 a
1104 486 1374 555 prioribus
1402 484 1607 537 diversa
1640 483 1749 538 fore
1776 500 2020 538 revocan-

2201 480 2336 532 Xlll.
2362 478 2443 530 Ex
2475 490 2645 543 supra
2703 472 2892 525 dictis
2932 464 3317 524 subvertitur
3356 459 3646 516 Methodii
3678 464 3842 514 ratio~

501 586 614 635 das.
642 579 989 633 Tertullianus
1030 576 1160 628 libro
1188 575 1263 626 De
1294 582 1563 625 resurrect.
1587 575 1777 635 carnis,
1808 588 1924 642 cap.
1950 575 1973 624 1
2009 591 2020 623 :

506 689 526 721 σ
561 668 812 722 Platonici
843 666 1189 719 immortalem
1224 666 1454 719 animam
1486 680 1516 718 e
1554 664 1820 717 contrario
1853 664 2025 717 recla-

498 767 643 812 mant
674 775 687 809 :
714 757 819 807 imo
841 755 1275 823 adhuc.proxitne
1302 757 1464 809 etiam
1502 755 1554 806 in
1582 768 1799 820 corpora
1830 768 2027 807 remea-

496 847 649 899 hilem
701 843 996 907 allirmant,
1028 845 1125 898 etsi
1176 860 1278 897 non
1325 844 1376 896 itt
1432 846 1640 897 eadem.
1690 861 1708 892 ι
1754 842 2027 910 Legendus

494 934 641 987 Plato
674 933 763 985 lib.
788 948 822 985 χ
854 933 926 986 De
954 934 1175 1000 repttbl.,
1211 934 1297 987 ubi
1328 948 1393 986 ex
1422 932 1547 986 Heri
1589 933 1879 1002 Pamphylii
1906 947 2025 1000 per-

495 1038 620 1076 sona
643 1060 659 1086 ,
694 1023 884 1075 anima:
913 1032 1110 1075 statum
1160 1031 1278 1088 post
1302 1031 1557 1085 .mortem,
1597 1034 1799 1088 poenas,
1831 1035 2027 1088 μετεμ-

493 1113 757 1182 ψύχωσιν,
809 1122 860 1165 et
907 1113 1353 1189 immortalitatem
1397 1111 1667 1165 describit.
1726 1110 1829 1163 Sed
1862 1109 2026 1162 multo

494 1205 663 1270 magis
687 1204 737 1255 in
791 1200 1071 1267 Phredone,
1116 1217 1222 1270 quo
1255 1201 1531 1255 materiam
1562 1200 1701 1253 illam
1751 1200 2021 1253 exhaurit.

493 1295 770 1363 Legendus
812 1309 1021 1361 quoque
1072 1294 1396 1362 Augustinus
1448 1292 1543 1348 lib.
1589 1306 1699 1345 χχιι
1748 1291 1823 1345 De
1882 1290 2021 1343 civit.

497 1385 609 1443 Dei,
640 1399 759 1452 cap.
790 1385 860 1437 26
892 1394 943 1438 et
971 1384 1062 1437 27.

566 1473 675 1529 ΧΗ.
708 1473 811 1527 Sed
837 1489 901 1527 ne
922 1475 1131 1527 solitum
1155 1474 1365 1543 Origeni
1401 1486 1577 1529 nostro
1610 1474 1745 1528 desit
1772 1471 2022 1534 cilicium,

495 1566 539 1618 si
569 1580 684 1631 quae
711 1565 764 1618 in
797 1563 909 1633 ejus
941 1565 1289 1633 patrocinium
1337 1576 1526 1633 przeter
1551 1565 1819 1633 superiora
1846 1562 2020 1629 colligi

495 1662 752 1721 possunt,
778 1654 960 1720 paucis
992 1654 1518 1720 comprehendamus.
1549 1653 1658 1707 Sua
1689 1653 1918 1720 printum
1948 1649 2021 1701 illi

496 1742 549 1793 in
578 1741 731 1809 hujus
772 1744 1068 1811 argumenti
1113 1744 1428 1796 tractatione
1458 1743 1597 1796 lavet
1644 1740 2019 1798 inconstantia,

2130 568 2352 629 cinatio,
2385 580 2494 633 qua
2551 568 2665 617 hoc
2704 560 2994 629 Origenis
3027 554 3512 626 pronuntiatura
3561 550 3842 606 confutare

2127 668 2416 720 aggressus
2454 662 2564 717 est,
2606 660 3003 720 peccatorum
3028 646 3321 701 omnium
3353 657 3603 696 causam
3625 644 3693 694 ad
3730 658 3842 696 cor-

2127 759 2226 812 pus
2251 743 2472 796 referri.
2498 743 2594 795 Ait
2633 740 2861 808 quippe
2892 736 3259 791 Methodius
3302 731 3619 787 contraria
3649 732 3749 786 sibi
3775 733 3844 787 lo-

2128 832 2220 898 qui
2273 830 2613 899 Origenem;
2654 843 2792 882 cum
2854 827 3021 880 enim
3084 825 3380 878 animam
3440 822 3603 875 citra
3660 838 3843 891 corpus

2128 933 2407 987 peccasse,
2441 930 2497 973 et
2518 928 2751 989 propter
2779 926 3106 986 peccatum
3132 912 3419 967 scorteis
3454 911 3676 965 tunicis
3700 915 3843 966 resti-

2130 1018 2236 1062 tam
2277 1010 2468 1075 fuisse,
2501 1011 2850 1076 tunicasque
2890 1006 3029 1059 illas
3065 1018 3351 1073 corpora
3394 1002 3530 1071 ipsa
3572 1016 3698 1056 esse
3724 1018 3840 1056 con-

2130 1099 2398 1163 cesserit;
2448 1113 2599 1151 nunc
2628 1098 2737 1151 sibi
2774 1100 2971 1165 ipsum
3020 1106 3398 1163 repugnare
3431 1086 3630 1156 ,'cum
3665 1107 3843 1162 corpus

2130 1202 2308 1241 causa:
2338 1202 2461 1241 esse
2492 1187 2632 1240 dicit
2660 1202 2770 1240 cur
2793 1188 3001 1239 anima
3037 1192 3297 1253 peccet.
3354 1182 3732 1249 Origeniana:
3759 1184 3844 1237 do-

2128 1279 2322 1331 ctrinae
2356 1278 2773 1331 connexionem
2812 1293 2927 1331 non
2967 1276 3130 1331 vidit
3177 1273 3577 1328 Methodius.
3617 1272 3842 1331 Diximus

2128 1367 2271 1420 enim
2317 1382 2479 1436 supra
2519 1382 2831 1436 corporeas
2873 1370 3125 1421 animas
3160 1365 3275 1420 vel
3324 1366 3721 1435 incorporeas
3762 1385 3842 1437 ap-

2128 1457 2358 1524 pellasse
2415 1458 2845 1526 Adamantium,
2899 1460 3316 1514 crassiorum
3387 1457 3486 1511 vel
3546 1460 3840 1514 tenuiorum

2128 1562 2414 1615 corporum
2445 1548 2665 1603 ratione
2690 1590 2707 1615 ,
2745 1566 2879 1603 cum
2915 1564 3147 1604 revera
3202 1562 3569 1617 corporeas
3619 1564 3760 1614 esse,
3797 1564 3844 1605 et

2128 1635 2296 1690 Deum
2348 1654 2517 1691 unum
2557 1641 2982 1708 incorporalem
3023 1639 3408 1694 censuerit.
3455 1638 3620 1693 Idem
3655 1642 3843 1696 animas

2127 1741 2224 1795 pro
2261 1739 2617 1795 peccatorum
2687 1731 2982 1800 gravitate
3013 1730 3347 1799 graviora
3390 1730 3608 1785 subire
3636 1748 3843 1801 corpora

494 1846 612 1899 qua:
638 1846 757 1884 cum
797 1846 861 1884 ex
887 1832 1247 1899 superioribus
1275 1834 1405 1887 satis
1440 1835 1717 1888 manifesta
1749 1842 1832 1885 est
1855 1871 1870 1896 ,
1904 1843 2013 1885 tum

2120 1818 2366 1870 asseruit.
2391 1818 2487 1872 His
2504 1821 2825 1889 neutiquam
2853 1831 3168 1890 repugnat
3222 1820 3413 1883 illud,
3432 1822 3668 1877 animas
3696 1839 3723 1876 a
3742 1840 3847 1879 cor-

494 1937 555 1974 ex
574 1936 637 1974 eo
682 1921 838 1975 etiam
860 1920 998 1988 quod
1021 1924 1083 1975 de
1111 1921 1213 1977 line
1250 1937 1424 1975 rerum
1449 1925 1820 1991 disputans,et
1846 1931 2019 1975 utrum

496 2013 547 2063 in
594 2026 835 2078 corpore,
898 2026 962 2063 an
1023 2022 1174 2064 extra
1234 2026 1426 2079 corpus
1477 2026 1720 2081 suprema
1774 2011 2024 2064 beatitate

495 2100 703 2152 l‘ruituri
745 2103 913 2153 simus
948 2100 1243 2167 inquirens.
1276 2101 1540 2167 triplicem
1569 2100 1869 2166 opinionem
1904 2100 2022 2151 uni~

491 2191 685 2256 cuique
712 2204 807 2256 pro
829 2190 982 2243 libitu
1004 2192 1417 2257 persequendam
1438 2192 1680 2259 proponit
1705 2191 1796 2244 lib.
1818 2206 1853 2243 tt
1885 2190 2023 2257 Περὶ

493 2279 707 2346 ἀρχῶν,
740 2281 941 2346 cap.-'5,
974 2296 1121 2334 num.
1147 2282 1198 2345 7,
1240 2297 1395 2349 quem
1422 2281 1592 2334 locum
1633 2281 1820 2349 repetit
1845 2280 2042 2353 Hiero;

496 2386 681 2439 nymus
730 2371 883 2438 epist.
930 2371 1019 2435 59,
1075 2371 1138 2423 ad
1190 2372 1353 2441 Avjt.,
1391 2386 1507 2440 cap.
1536 2371 1591 2423 2.
1618 2370 1785 2438 Caput
1817 2385 2025 2438 quoque

493 2471 699 2513 sextum
745 2462 859 2513 libri
899 2462 1049 2529 primi
1100 2461 1173 2514 De
1217 2463 1442 2530 princip.
1492 2462 1731 2516 eamdem
1781 2460 2022 2529 Origenis

494 2548 885 2602 ﬂuctuationem
947 2558 1203 2608 testatur:
1267 2565 1389 2603 nam
1437 2560 1716 2618 postquam
1760 2550 2022 2617 duplicem

495 2639 561 2689 de
607 2647 741 2690 statu
788 2638 1063 2692 beatorum
1106 2641 1419 2693 sententiam
1470 2639 1748 2703 exposuit,
1797 2653 2022 2706 quarum

496 2729 643 2795 prior
691 2729 1020 2783 interituram
1059 2746 1335 2796 corporum
1377 2739 1617 2783 naturam
1652 2731 1837 2781 delinit
1862 2767 1878 2792 ,
1910 2738 1961 2781 et
1996 2743 2025 2780 a

494 2834 596 2885 qua
635 2830 754 2872 sese
787 2821 1017 2872 alienum
1064 2821 1361 2887 proﬁtetur,
1407 2819 1510 2872 alia
1562 2829 1804 2871 naturam
1835 2832 2027 2883 corpo-

495 2923 638 2960 ream
678 2908 731 2960 in
787 2908 996 2961 modum
1047 2910 1261 2962 mtheris
1312 2918 1657 2978 expurgatum
1709 2908 1773 2960 iri
1825 2908 2021 2970 tradit,

496 2998 705 3051 tandem
765 2999 842 3052 sic
892 2999 1158 3051 concludit
1207 3012 1350 3050 num.
1395 2997 1429 3050 4
1476 3015 1489 3051 :
1546 3015 1565 3047 ‹
1610 2997 1817 3051 Certius
1847 3005 2020 3049 tamen

2121 1906 2344 1971 poribus
2374 1911 2488 1962 suis
2516 1911 2659 1963 trahi
2680 1916 2732 1963 In
2764 1911 2926 1975 vitia,
2955 1920 3020 1965 et
3054 1926 3230 1966 cum
3271 1928 3603 1982 nunquam
3646 1931 3847 1985 corpore

2122 1995 2375 2049 caritura:
2398 1998 2535 2059 sint,
2574 1998 2803 2053 futuros
2837 2013 3096 2067 semper
3140 1999 3598 2057 beatitudinis
3632 2014 3688 2057 et
3719 2007 3847 2059 dam-

2124 2083 2357 2138 nationis
2391 2085 2694 2152 circuitus;
2750 2098 2812 2141 et
2842 2100 3211 2158 antequam
3286 2092 3592 2148 humanis
3622 2098 3842 2152 astricta:

2122 2181 2302 2224 essent
2338 2176 2622 2239 membris,
2649 2176 2703 2228 in
2738 2185 2977 2244 peccata
3006 2186 3264 2233 tamen
3299 2181 3505 2236 fuisse
3541 2184 3844 2253 prolapsas;

2122 2276 2185 2314 ac
2213 2262 2439 2317 meritas
2461 2280 2561 2317 cur
2588 2280 2621 2317 e
2656 2268 3089 2324 subtilioribus
3160 2274 3563 2339 corporibus
3622 2275 3679 2329 in
3733 2277 3849 2344 Spis-

2122 2353 2263 2406 siora
2322 2353 2806 2419 demergerentur.
2850 2359 3056 2425 Atque
3118 2360 3229 2413 ita
3288 2376 3629 2418 commune
3668 2366 3847 2434 aliquid

2125 2444 2284 2497 habet
2313 2444 2583 2513 Origenes
2635 2462 2763 2500 cum
2822 2447 3208 2520 Porphyrio
3237 2492 3256 2516 ,
3298 2455 3413 2521 qui
3452 2454 3710 2519 dicebat,
3745 2475 3763 2509 ι
3802 2468 3849 2512 ιιι

2124 2534 2275 2587 beata
2313 2536 2385 2588 sit
2419 2537 2628 2601 anima,
2670 2552 2881 2606 corpus
2927 2557 3137 2596 omne
3219 2560 3379 2600 esse
3412 2546 3771 2616 fugiendum.
3829 2570 3843 2600 ι

2124 2621 2226 2676 Sed
2270 2633 2328 2677 ut
2353 2628 2671 2680 communia
2704 2629 2969 2695 quaedam
2996 2647 3165 2685 cum
3218 2634 3588 2707 Porphyrio
3612 2639 3688 2695 sit
3714 2640 3843 2695 locu-

2125 2724 2229 2780 tns,
2256 2715 2470 2782 penitus
2502 2727 2688 2770 tamen
2716 2714 2949 2774 diversa
2983 2727 3247 2780 sensit.

2194 2803 2496 2858 Notandum
2549 2822 2720 2869 porro
2775 2821 3098 2868 auctorem
3177 2818 3431 2890 diaIOgi
3488 2821 3577 2875 De
3624 2833 3769 2877 recte
3801 2824 3843 2875 in

2128 2892 2290 2946 Deum
2329 2894 2455 2961 ﬁde,
2501 2898 2596 2963 qui
2643 2901 2750 2953 sub
2790 2897 3087 2969 Origenis
3153 2912 3441 2964 nomine
3474 2914 3714 2981 prodiit,
3747 2914 3841 2967 ιιι-

2126 2981 2302 3033 rinum
2336 2983 2814 3041 Bardesianistam
2864 2990 3197 3050 inducere
3245 3000 3389 3053 haec
3428 3003 3708 3072 dogmata
3748 3018 3832 3072 pro

493 3086 725 3150 qualiter
764 3102 820 3139 se
851 3088 1092 3138 habitura
1128 3086 1197 3139 sit
1245 3100 1365 3148 res,
1398 3087 1495 3140 scit
1523 3089 1664 3140 solus
1696 3088 1851 3149 Deus,
1894 3096 1949 3140 et
1980 3088 2021 3137 si
2051 3120 2091 3176 Ο
2125 3080 2485 3176 βυειιειιιεξης
2534 3073 2820 3176 Ιιίξιιιῖμὶθηι
2873 3082 3040 3176 ειοίειΔ
3078 3086 3336 3141 anima
3388 3102 3716 3159 consuite;
3745 3095 3842 3146 ani'

499 3177 588 3241 qui
624 3177 738 3244 ejus
768 3192 862 3243 per
890 3176 1181 3240 Christum,
1216 3186 1268 3229 et
1291 3176 1544 3242 Spiritum
1581 3186 1823 3230 sanctum
1863 3178 2020 3230 amici

494 3274 635 3316 sunt.
677 3283 695 3315 ι
743 3264 859 3318 Pari
891 3282 1053 3333 prope
1090 3265 1241 3317 modo
1269 3266 1560 3318 consimilis
1590 3266 1885 3335 argumenti
1913 3267 2023 3320 dis-

492 3356 816 3418 putationem
872 3356 1068 3408 claudit
1124 3356 1213 3410 !ib.
1272 3373 1308 3408 ιι
1362 3357 1497 3423 Περὶ
1536 3356 1750 3423 ἀρχῶν,
1800 3371 1919 3423 cap.
1962 3358 2019 3410 2.

496 3439 715 3493 Prodest
768 3456 976 3508 quoque
1026 3444 1089 3496 ad
1139 3446 1493 3497 excusandum
1536 3460 1654 3497 eum
1700 3445 1874 3497 Ruﬁni
1935 3461 2021 3499 re-

499 3530 717 3595 sponsio
763 3530 850 3581 lib.
886 3531 956 3582 De
983 3534 1149 3584 adult.
1192 3533 1369 3585 libror.
1407 3534 1618 3599 Origen.
1661 3535 2023 3601 perteutlentis

493 3629 704 3670 errores
732 3615 862 3671 istos
888 3618 1026 3672 circa
1067 3619 1464 3675 resurrectionis
1506 3620 1779 3674 intueriam
1810 3622 2021 3692 scriptis

496 3704 659 3774 ipsius
713 3709 779 3760 ab
829 3708 1087 3763 haareticis
1144 3712 1304 3763 inisse
1374 3725 1635 3779 aspersos.
1689 3712 1855 3764 Verba
1907 3715 2022 3781 ejus

496 3806 621 3850 sunt
653 3819 663 3851 :
694 3817 711 3849 ι
742 3796 831 3851 Vel
858 3799 1045 3851 iterum
1078 3800 1142 3852 de
1161 3802 1550 3854 resurrectione
1567 3802 1759 3865 carnis,
1792 3803 1879 3868 qui
1913 3813 2019 3856 tam

492 3888 767 3942 evidenter
814 3890 1173 3956 pronuntiavit
1223 3898 1461 3942 naturam
1508 3889 1686 3943 carnis
1732 3890 1783 3942 in
1821 3892 2016 3946 caelum

482 3961 804 4032 ascendisse
831 3995 950 4033 cum
996 3977 1170 4032 Verbo
1216 3979 1327 4040 Dei,
1361 3989 1519 4048 atque
1550 3980 1678 4033 inibi
1706 3981 2016 4037 caelestibus

491 4072 800 4136 apparuisse
828 4069 1146 4135 Virtutibus,
1176 4084 1366 4123 novum
1390 4080 1442 4123 et
1469 4070 1833 4125 admirandum
1860 4073 1909 4127 ei
1935 4073 2015 4126 sui

489 4159 659 4212 visum
697 4160 1010 4227 prmbenten:
1042 4198 1056 4221 ,
1107 4159 1357 4226 possibile
1403 4170 1519 4213 erat
1565 4169 1621 4213 ιιι
1652 4160 1787 4214 hanc
1818 4161 2011 4215 iterum

493 4262 595 4299 non
632 4263 747 4301 esse
772 4248 1074 4301 salvandam
1108 4249 1310 4301 diceret
1340 4248 1363 4300 ?
1397 4268 1414 4299 ι
1444 4247 1511 4301 At
1542 4248 1663 4301 inde
1692 4257 1864 4302 tamen
1885 4266 2018 4318 pra:-

491 4334 701 4398 cipuum
730 4334 827 4388 sibi
859 4337 1078 4388 arcessit
1113 4334 1369 4402 Origenes
1412 4336 1739 4404 praesidium,
1767 4353 1873 4404 quo
1920 4355 2014 4393 sua

491 4431 646 4472 aetate
687 4425 915 4476 nondum
963 4426 1284 4492 quaestiones
1321 4426 1421 4479 illa:
1450 4427 1657 4479 fuerant
1682 4426 1749 4479 ab
1778 4427 2011 4482 Ecclesia
2044 4441 2084 4494 ιι

490 4507 821 4575 dijudicatte;
889 4528 991 4579 quo
1041 4514 1235 4567 factum
1271 4524 1353 4567 est
1387 4554 1402 4578 ,
1444 4526 1501 4568 ut
1536 4515 1656 4568 dum
1688 4530 1805 4568 eum
1838 4531 1867 4569 a
1924 4534 2016 4572 ve-

492 4599 666 4651 ritatis
693 4614 875 4652 norma
909 4601 1162 4655 deﬂexum
1198 4618 1449 4657 revocare
1486 4604 1676 4671 satagit
1700 4603 2015 4669 Methodius,

491 4697 520 4735 a
550 4696 673 4734 vero
723 4683 831 4750 ipse
860 4686 1181 4741 deerraverit
1207 4728 1222 4750 ,
1273 4702 1327 4743 et
1360 4691 1446 4742 alii
1475 4705 1685 4759 quoque
1736 4707 1841 4745 ιιοιι
1895 4695 2011 4748 sine

487 4773 776 4829 oﬂ'ensione
806 4774 857 4827 in
885 4777 985 4830 hac
1012 4780 1303 4842 quaestione
1330 4781 1524 4833 versati
1554 4783 1663 4835 sint
1687 4821 1702 4845 ,
1737 4793 1793 4835 ut
1832 4791 2015 4837 osten-

487 4867 664 4919 dimus
701 4876 898 4930 supra;
929 4874 980 4917 et
1015 4864 1366 4936 Hieronymus
1398 4870 1541 4923 velut
1569 4871 1802 4924 titubans
1841 4883 2013 4927 mate-

490 4958 622 5010 riam
655 4954 789 5007 hanc
819 4956 1120 5006 tractaverit
1152 4959 1306 5025 epist.
1336 4959 1423 5024 6|,
1452 4961 1515 5012 ad
1547 4959 2010 5030 Pantntaclt.,cap.

489 5043 589 5108 1'5;
625 5044 695 5094 ait
716 5041 909 5111 quippe
940 5056 953 5091 :
989 5057 1006 5088 ι
1043 5041 1203 5109 Ergo,
1237 5045 1461 5111 inquies,
1496 5057 1549 5099 et
1574 5062 1668 5101 nos
1692 5058 1809 5116 post
1834 5063 2015 5101 resur-

486 5131 776 5185 rectionem
808 5128 1067 5181 comesuri
1095 5131 1319 5182 sumus?
1345 5131 1554 5197 Nescio,
1578 5150 1680 5189 non
1712 5138 1851 5188 enim
1875 5138 2012 5190 scri-

486 5232 630 5289 ptum
656 5229 769 5283 est;
798 5228 852 5271 et
876 5228 1048 5270 tamen
1094 5218 1135 5268 si
1170 5230 1435 5285 qmeratur
1460 5262 1475 5286 ,
1514 5238 1614 5277 non
1666 5234 1794 5291 puto
1834 5240 2013 5279 come-

487 5326 660 5364 suros.
704 5330 723 5363 ι
763 5309 890 5376 Qua:
915 5320 1072 5359 causa
1103 5316 1204 5367 est,
1226 5322 1322 5360 cur
1350 5324 1498 5363 suam
1530 5313 1594 5366 de
1620 5315 2011 5369 resurrectione

485 5402 847 5454 declaraturus
883 5395 1201 5450 sententiam
1230 5394 1487 5461 Origenes
1506 5440 1522 5463 ,
1563 5403 1894 5456 retinendam
1923 5418 2008 5456 ve-

488 5503 654 5543 terum
711 5491 1008 5560 opinionem
1065 5485 1525 5555 prdnuntiaverii,
1571 5492 1695 5559 quia
1760 5493 2009 5546 nimirum

485 5581 819 5641 quantumvis
835 5579 1029 5631 absona
1062 5575 1176 5644 ejus
1203 5576 1444 5643 dogmata
1475 5591 1597 5632 suos
1616 5587 1789 5634 tamen
1827 5589 1983 5635 aucto

488 5677 573 5716 res
597 5674 650 5716 et
674 5677 925 5733 patronos
971 5664 1223 5720 habuere.

557 5773 601 5802 "
626 5774 775 5829 Rom.
806 5793 919 5840 rm,
942 5776 1024 5829 22.

2128 3172 2270 3209 mam
2303 3158 2513 3213 scelere
2539 3162 2815 3229 admisso,
2852 3170 3083 3226 tunicis
3126 3174 3464 3243 pelliceis,
3504 3180 3619 3236 hoc
3642 3158 3725 3236 est
3750 3197 3849 3237 eor-

2121 3260 2273 3313 pore,
2310 3256 2572 3316 tanquam
2617 3254 2976 3321 vinculorac
3030 3267 3387 3333 compede
3417 3271 3847 3338 fuisseconstri-

2122 3346 2287 3400 ctam,
2316 3348 2483 3435 atque
2521 3341 2651 3435 inde
2687 3362 2718 3397 a
2749 3346 3017 3404 Jeremia
3074 3355 3375 3416 vinctos
3413 3379 3531 3418 nos
3563 3367 3845 3435 appellari;

2122 3438 2186 3476 ac
2246 3426 2424 3479 animo
2470 3430 2741 3487 malorum
2775 3438 3051 3494 omnium
3106 3460 3405 3504 causam
3444 3469 3586 3510 esse
3603 3426 3844 3525 Uc-orpusi

2122 3513 2501 3613 Adamantium
2530 3534 2718 3579 autem
2754 3527 2883 3584 haec
2913 3531 3049 3601 ipsa
3106 3538 3654 3613 impugnantem;
3682 3513 3737 3604 ei
3766 3552 3848 3604 lto—

2122 3604 2341 3669 minem,
2370 3622 2606 3676 corpore
2647 3612 2783 3669 licet
2804 3628 2865 3671 et
2894 3623 3111 3680 anima
3154 3604 3461 3701 constet,
3492 3604 3749 3695 animam
3774 3654 3845 3694 ta-

2123 3711 2244 3749 men
2284 3699 2347 3793 in
2401 3696 2718 3793 Scripturis
2754 3711 2959 3768 vocari
2990 3696 3611 3793 demonstrantem,
3647 3732 3847 3785 eadem-

2121 3800 2227 3896 que
2281 3787 2490 3896 ala‘rlino
2531 3807 2925 3896 regerentem,
2983 3823 3142 3875 qua
3192 3796 3406 3887 apud
3490 3787 3847 3896 Epiphanius:

2118 3876 2331 3945 Origeni
2360 3878 2664 3940 Methodius
2687 3896 2985 3958 opposuit.

2680 4020 3050 4086 QUIESTIO
3101 4031 3163 4086 Χ

2571 4120 2642 4161 DE
2682 4126 2996 4171 POSTREMO
3040 4137 3349 4188 JUDICIO.

2116 4181 2155 4235 ι
2192 4183 2535 4295 Effigisz
2575 4194 3199 4295 ξ.ίῗ.ῗίί“ζῖξε.⁰ξξ9εέεξ³
3258 4221 3349 4295 ,άε
3385 4227 3571 4281 rebus
3611 4246 3841 4295 supremo

2274 4256 2282 4264 .
2420 4259 2429 4268 .
2492 4261 2502 4269 .
2576 4252 2594 4270 -.
2686 4268 2694 4275 .
2906 4252 3000 4257 ’Ἴ
3050 4252 3198 4267 "'""
3266 4252 3348 4273 ’⁸⁵
3385 4252 3489 4276 ἐυ

2179 4252 2923 4392 βιῖἱέἒὸἕέἑῗνέὥιέιοαηάὶε.
2955 4252 3040 4329 ιιῗ
3074 4279 3165 4334 Et
3225 4291 3310 4341 de
3350 4252 3596 4351 ναιίἔιῗε
3611 4252 3839 4351 ’,ἔιῖΐῖέῗιῗ

2183 4431 2221 4491 Ι.
2261 4432 2601 4493 Murtuorum
2651 4454 3190 4517 resurrectionem
3229 4482 3614 4540 supremum
3654 4481 3747 4536 Dei
3768 4484 3841 4551 in,

2183 4521 2315 4551 id...“
2364 4527 2595 4551 ...ηιξ-ε-.
2656 4532 2700 4551 n
2728 4550 2765 4551 η
3025 4548 3036 4551 -

2121 4521 2315 4626 σίθξυηη
2363 4527 2621 4626 θιεῖιξίθι-
2654 4532 2780 4598 QUO
2805 4552 2944 4595 cum
2978 4521 3378 4615 ulciscendra
3418 4521 3843 4626 εοειεῖξῖξιέῖσ

2121 4610 2251 4711 cede
2279 4623 2462 4667 autem
2492 4617 2746 4675 donanda
2777 4628 2903 4681 sint
2947 4648 3135 4692 recte
3171 4610 3843 4715 acta

2120 4699 2262 4806 circo
2315 4709 2525 4806 statura
2573 4712 2844 4806 opinatus
2906 4734 3009 4776 est
3066 4699 3431 4806 Origenes:

2121 4787 2202 4841 vel
2240 4800 2387 4845 recte
2418 4794 2499 4847 vel
2552 4800 2700 4854 male
2761 4812 2998 4873 agendo
3060 4787 3495 4891 przejni‘aﬂve

2412 4884 2422 4894 .
3022 4884 3078 4916 ,-
3340 4884 3343 4885 ν
3432 4884 3519 4892 ---
3580 4884 3839 4913 ..-κνημ-

2122 4891 3126 4989 92:23”:_p°55‘{'{‘°_§“Perlus
3191 4929 3420 4977 autem
3496 4936 3841 4989 ostendimus

2282 4969 2291 4978 .
2378 4970 2390 4981 .
2654 4979 2666 4989 ,
2782 4983 2794 4995 _
3220 4967 3420 4977 ηπ-.--
3497 4967 3836 4989 unum“...

2116 4967 2913 5079 if‘i‘gfl'fulllsjlﬂn.‘Sltlet'lbus
2991 5010 3071 5050 ac
3146 5004 3504 5072 elementis
3575 5025 3725 5079 bene
3769 5027 3836 5078 vel

2471 5062 2483 5072 .
3167 5055 3504 5072 μ----ν.--ισ
3575 5055 3725 5079 ucuc
3773 5055 3833 5078 νει

2117 5055 2499 5175 milehag‘e‘n‘d;
2521 5074 3266 5175 pptestatettt_alﬁttxisse.
3323 5103 3679 5168 (Futurum
3715 5130 3833 5175 est,»

3501 4762 3844 4821 quaecunque

3500 4839 3519 4892 ι
3580 4845 3839 4913 supplicia

2115 5606 2281 5674 supra
2342 5615 2401 5658 et
2446 5607 2593 5666 infra
2662 5616 2885 5671 cmlum’

2116 5651 2211 5737 ac}
2272 5651 2281 5654 _
2347 5651 2401 5658 --
2662 5651 2881 5719 cce-pm
2942 5651 3137 5697 auul.
3218 5651 3476 5707 terram
3540 5657 3720 5726 ipsam
3774 5670 3825 5712 ει

2213 5702 2328 5747 em.
2366 5696 2485 5764 Qua
2531 5703 2599 5759 de
2638 5721 2898 5777 opinione
2926 5714 3054 5775 late
3090 5725 3533 5777 tIiSSernIim-m
3589 5764 3717 5777 ι--η-
3757 5750 3817 5777 ’³ο

3109 5725 3718 5814 Ιίεεει-υἰηιυεέςειω
3755 5750 3817 5802 de
