3920 6436
223 435 334 490 997

1055 419 1603 486 OBIGENIANORUM
1642 412 1764 471 LIB.
1811 415 1874 478 ll,
1907 413 2053 467 CAP.
2094 411 2156 474 ll,
2190 410 2460 476 QUAEST.
2504 409 2595 464 XI.

3278 405 3379 459 998

224 551 438 620 angelis
477 559 532 603 et
555 549 620 604 de
649 549 912 605 sideribus
945 519 1237 619 ageremus.
1261 548 1482 613 Quinam
1512 550 1762 613 praetcrea
1793 538 1837 592 Δ
1863 531 2101 584 omnium
2160 529 2426 582 Christum
2483 536 2672 578 natura
2729 531 2784 577 et
2842 520 3116 590 malemale
3161 519 3379 618 .Clmflis

224 642 285 694 in
356 639 624 707 judicium
700 639 917 695 sistendi
993 640 1132 703 sint,
1195 636 1424 704 ignorari
1491 632 1760 686 declarat:

227 749 250 782 ι
279 730 476 785 Utrum
505 739 684 782 autem
708 743 894 781 omnes
912 735 1147 795 gentes,»
1181 725 1348 792 inquit
1370 728 1574 776 tractat.
1603 731 1766 770 xxxiv

220 823 280 873 in
311 817 531 880 Matt/1.,
569 833 719 871 num.
757 818 843 881 70,
875 835 892 867 ι
918 818 982 869 ab
1006 815 1248 868 omnibus
1280 826 1396 879 qua:
1426 812 1476 864 in
1508 809 1756 877 omnibus

221 903 674 976 generationibus
710 905 933 969 fuerint,
960 912 1049 956 aut
1078 902 1176 954 illae
1208 910 1405 954 tantum
1428 914 1544 967 quas
1572 903 1624 951 in
1649 912 1768 950 con-

221 993 596 1048 summatione
627 991 824 1046 fuerint
849 991 1132 1052 derelictas,
1158 997 1249 1042 aut
1288 988 1390 1042 illa;
1417 995 1618 1040 tantum
1647 999 1764 1054 quae

221 1083 587 1137 crediderunt
616 1083 667 1134 in
693 1080 860 1134 Deum
890 1094 982 1150 per
1004 1079 1271 1133 Christum
1297 1093 1312 1140 ;
1351 1087 1403 1130 et
1435 1077 1560 1143 ipsae
1586 1084 1764 1127 utrum

219 1184 441 1232 omnes,
471 1185 540 1223 an
589 1185 694 1222 non
722 1184 925 1232 omnes,
968 1184 1069 1221 non
1102 1168 1231 1220 satis
1253 1175 1333 1219 est
1359 1164 1715 1218 manifestum.
1744 1181 1761 1212 ι

221 1258 304 1311 De
337 1258 532 1310 eodem
563 1259 725 1312 etiam
753 1257 970 1324 ambigit
997 1265 1206 1309 tractat.
1236 1269 1340 1306 xxx
1361 1255 1410 1306 in
1435 1254 1569 1306 idem
1599 1251 1770 1304 Evan-

219 1347 449 1417 gelium,
489 1362 638 1400 num.
669 1346 756 1399 51.
777 1349 842 1398 At
868 1346 920 1398 in
949 1359 1123 1398 veram
1154 1353 1323 1398 tamen
1349 1353 1403 1396 et
1426 1342 1768 1396 orthodoxam

218 1437 563 1490 sententiam
614 1436 819 1488 videtur
859 1435 1150 1488 concedere
1201 1433 1292 1486 lib.
1319 1449 1354 1486 ιι
1402 1433 1456 1484 in
1506 1431 1672 1495 Epist.
1700 1431 1768 1482 ad

219 1523 406 1585 Rom.,
443 1537 596 1576 num.
638 1523 693 1585 4,
725 1537 845 1589 pag.
882 1521 983 1575 479
1015 1521 1075 1590 (si
1104 1536 1218 1588 quas
1256 1520 1427 1573 Ruﬁni
1457 1520 1771 1586 interpreta-

219 1614 359 1666 tioni
404 1612 546 1666 ﬁdes
579 1611 819 1664 habenda
869 1609 996 1679 est),
1042 1624 1328 1678 omnesque
1353 1611 1569 1664 omnino
1598 1609 1772 1662 homi-

216 1710 321 1750 nes
371 1697 429 1748 in
472 1710 728 1762 supremo
755 1695 845 1748 illo
869 1693 1196 1764 διαδικασμῷ
1245 1694 1557 1761 iudicandos
1607 1707 1770 1762 agno-

217 1799 399 1839 scere.
436 1803 457 1835 s
489 1784 808 1851 Requiritur
839 1799 992 1844 sane.
1035 1784 1224 1850 inquit,
1255 1799 1283 1835 a
1315 1783 1653 1850 quibusdam,
1677 1797 1772 1835 cur

216 1874 340 1926 dies
368 1873 488 1934 hic,
530 1873 598 1925 de
625 1887 730 1939 quo
757 1872 998 1938 superius
1050 1871 1393 1924 bibliothecas
1438 1870 1769 1938 propheticas

216 1961 529 2023 movimus,
561 1961 615 2013 in
649 1962 753 2012 line
787 1959 964 2012 mundi
994 1967 1224 2013 statutus
1272 1961 1361 2022 sit,
1390 1968 1446 2012 ut
1468 1973 1653 2013 omnes
1679 1961 1766 2027 qui

215 2052 288 2105 ab
347 2050 518 2104 initio
562 2050 737 2103 saeculi
790 2064 958 2116 usque
1007 2050 1071 2102 ad
1121 2049 1276 2102 ﬁnem
1336 2048 1500 2115 ipsius
1538 2048 1772 2102 defuncti

217 2148 374 2199 sunt,
409 2137 483 2190 ad
539 2137 684 2190 hunc
732 2137 974 2190 ultimum
1013 2137 1152 2191 diem
1192 2135 1459 2204 judicandi
1493 2152 1773 2192 reserven-

217 2235 330 2278 tur.
367 2242 392 2277 ι

287 2308 357 2362 II.
407 2328 430 2360 ι
465 2308 604 2364 Item
635 2311 964 2364 tractandum
994 2320 1075 2364 est
1106 2319 1281 2365 utrum
1329 2312 1382 2366 in
1424 2312 1540 2368 loco
1568 2313 1774 2370 futurus

213 2410 302 2453 est
341 2399 660 2454 Salvatoris
692 2401 948 2462 adventus
994 2401 1044 2454 in
1090 2400 1278 2470 gloria,
1314 2417 1379 2455 an
1414 2403 1634 2457 alteram
1679 2421 1773 2461 ex-

213 2491 560 2559 positionem
595 2490 850 2544 debemus
895 2491 1193 2558 exquirere.
1227 2491 1355 2557 Quis
1387 2494 1527 2546 enim
1561 2495 1661 2548 erit
1695 2495 1775 2548 lo-

214 2595 317 2634 cus
361 2580 490 2642 ille,
525 2588 586 2632 ut
617 2581 796 2648 capiat
833 2581 888 2633 in
928 2595 1033 2633 uno
1067 2590 1277 2648 aspectu
1311 2591 1364 2634 et
1397 2597 1579 2636 onmes
1621 2597 1776 2651 auge-

215 2669 299 2722 los
348 2669 650 2722 venientes
700 2682 819 2720 cum
865 2666 1096 2730 Christo,
1141 2677 1195 2721 et
1235 2683 1420 2724 omnes
1459 2680 1641 2738 gentes
1671 2671 1777 2725 illic

212 2756 640 2826 caugregatas?
674 2755 740 2808 Et
766 2756 832 2808 de
873 2757 995 2809 sede
1029 2756 1207 2824 gloria;
1250 2757 1364 2825 ejus
1419 2759 1546 2825 quid
1587 2768 1669 2813 est
1705 2759 1779 2813 di-

211 2846 512 2902 cendum?
545 2844 706 2898 Putas
748 2844 1022 2912 corporale
1062 2845 1274 2913 aliquod
1307 2847 1615 2901 subsellium
1651 2849 1775 2912 erit,

215 2946 318 2991 aut
365 2937 548 2989 etiam
601 2934 701 2986 hoc
746 2947 878 2999 opus
916 2933 1076 2987 habet
1122 2935 1561 3000 interpretatione
1610 2939 1778 2990 subti-
1851 2979 1855 2983 .

219 3024 410 3077 liore?
443 3042 463 3074 ι
518 3021 645 3075 Haec
684 3019 872 3074 scribit
921 3019 1177 3087 Origenes
1233 3031 1446 3078 tractat.
1505 3040 1669 3078 xxxiv
1723 3025 1777 3078 in

215 3111 462 3172 Matth.,
501 3124 656 3162 num.
689 3109 778 3170 70,
803 3107 868 3160 de
903 3107 1017 3160 loco
1044 3116 1097 3161 et
1124 3109 1278 3161 modo
1301 3109 1490 3177 judicii
1523 3110 1772 3177 postremi
1801 3130 1846 3192 ε

216 3200 566 3268 ambigens;
597 3211 659 3250 ac
699 3194 982 3263 respondet
1013 3197 1343 3262 postmodum
1385 3205 1493 3248 tum
1524 3198 1777 3253 adventu-

216 3305 343 3343 rum
383 3287 698 3349 Christum,
729 3297 849 3336 cum
883 3283 1142 3336 universis
1193 3283 1500 3338 hominibus
1540 3299 1658 3339 sese
1686 3299 1780 3339 co-

215 3377 614 3448 gnoscendum
648 3373 816 3434 dabit,
851 3389 869 3422 t
894 3381 1014 3424 ante
1033 3371 1210 3426 oculos
1241 3373 1436 3426 mentis
1467 3387 1646 3426 eorum
1671 3372 1778 3440 jam

215 3483 330 3522 non
371 3464 510 3519 fidei
546 3471 640 3515 aut
674 3461 962 3529 diligentiae
984 3459 1205 3527 alicujus
1235 3461 1576 3529 inquisitione
1600 3477 1781 3531 reper-

216 3566 335 3619 tus,
368 3552 479 3607 sed
521 3550 692 3618 ipsius
728 3546 1021 3600 divinitatis
1054 3560 1162 3598 suae
1195 3548 1621 3602 manifestatioue
1646 3564 1782 3618 pra:-

215 3646 415 3705 Iatus;
446 3660 467 3692 ι
507 3647 565 3692 et
603 3651 723 3691 cum
769 3643 983 3704 peccata
1015 3648 1107 3687 sua
1156 3649 1218 3688 ac
1244 3637 1466 3690 virtutes
1497 3640 1782 3706 unusquis—
1855 3646 1865 3654 ‘

212 3748 331 3803 que
389 3727 695 3784 manifesto
729 3725 919 3778 intuitu
967 3722 1339 3790 perlustrabit;
1393 3735 1550 3793 atque
1581 3741 1645 3781 eo
1689 3740 1780 3796 pa-

213 3833 312 3877 cto
347 3827 689 3876 eventurum
721 3814 886 3868 illud:
927 3830 946 3866 ‹
973 3813 1450 3883 Congregabuntur
1493 3824 1615 3868 ante
1663 3829 1782 3870 eum

212 3926 433 3967 omnes
455 3917 655 3979 gentes
669 3907 735 3960 ’³.
757 3925 777 3958 ι
813 3904 918 3960 Nec
946 3915 1147 3959 certqu
1185 3905 1410 3971 aliquem
1438 3905 1632 3958 ultimae
1663 3907 1784 3962 huic

213 3996 634 4068 disceptationi
688 3995 860 4049 locum
895 3993 1112 4057 addicit,
1159 3993 1248 4047 sed
1282 4012 1300 4044 ε
1327 3993 1548 4062 Ubique,
1593 3993 1782 4061 inquit,

213 4091 464 4144 futurus
498 4095 586 4139 est
627 4084 897 4148 Christus,
933 4091 988 4135 et
1015 4083 1123 4149 ipse
1156 4082 1206 4135 in
1241 4089 1522 4149 conspectu
1553 4085 1786 4134 omnium

212 4181 332 4233 erit
370 4177 608 4244 ubique,
643 4185 698 4228 et
739 4186 922 4226 omnes
957 4173 1152 4239 ubique
1194 4180 1349 4224 erunt
1396 4171 1446 4223 in
1503 4181 1785 4238 conspectu

211 4269 452 4338 Ipsius;
489 4273 546 4318 et
569 4264 650 4317 sic
681 4262 1068 4316 constituentur
1087 4269 1209 4314 ante
1237 4260 1414 4314 sedem
1439 4260 1620 4328 gloriae
1652 4259 1788 4326 ejus,

214 4361 335 4412 hoc
408 4364 504 4408 est
556 4361 682 4404 ante
726 4365 943 4419 regnum
997 4349 1130 4414 ejus,
1164 4357 1217 4402 et
1265 4359 1580 4416 potestatem
1621 4347 1788 4402 domi-

211 4447 491 4504 nationis
528 4443 732 4513 ipsius;
768 4459 786 4492 ι
820 4451 871 4493 et
902 4439 1057 4509 paqu
1101 4447 1216 4507 post
1246 4457 1260 4492 :
1297 4457 1316 4492 ι
1346 4438 1437 4493 Sic
1465 4448 1624 4493 erunt
1656 4447 1782 4491 ante
1817 4428 1859 4482 D

211 4551 387 4601 eum,
437 4542 499 4587 ut
538 4547 643 4586 non
677 4529 914 4583 localiter
940 4529 1215 4584 audiamus
1243 4543 1429 4583 omnes
1458 4539 1642 4594 gentes
1669 4527 1783 4580 ﬁeri

209 4635 363 4680 alite
431 4634 583 4674 eum.
607 4635 628 4669 ι
665 4616 868 4670 Similia
898 4615 1165 4681 jactantur
1198 4615 1288 4669 lib.
1332 4630 1383 4668 Ix
1423 4616 1475 4667 in
1509 4613 1677 4681 Epist.
1710 4613 1777 4665 ad

210 4715 427 4774 Rom.,
462 4723 615 4763 num.
641 4707 730 4771 41,
767 4719 882 4773 pag.
919 4705 1042 4769 669.,
1071 4705 1160 4759 ubi
1188 4721 1217 4758 a
1250 4704 1418 4757 sacris
1439 4702 1780 4769 scriptoribus

214 4811 516 4873 usurpata
567 4797 762 4852 dicitur
797 4794 1115 4861 judiciorum
1183 4796 1529 4847 lmmanorum
1590 4791 1784 4856 forma,

213 4901 363 4965 qno'
403 4887 673 4960 judicium
722 4885 846 4938 illud
899 4892 1192 4936 extremum
1236 4881 1436 4935 Christi
1497 4879 1782 4934 dilucidius

213 4984 640 5053 explicaretur.
671 4993 690 5026 ι
715 4973 980 5028 Declarari
1011 4972 1265 5033 videmus,
1300 4969 1492 5036 inquit,
1521 4981 1584 5020 ex
1616 4968 1792 5020 omni-

217 5076 338 5129 bus
370 5065 692 5125 certissime
737 5064 981 5116 futurum
1023 5074 1142 5114 esse
1179 5057 1436 5126 judicium
1493 5057 1606 5118 Dei,
1637 5055 1788 5122 cujus

217 5165 470 5234 species
507 5165 565 5210 ut
596 5155 769 5209 notior
795 5151 1100 5206 hominibus
1128 5151 1299 5209 fieret,
1317 5147 1590 5216 judicandi
1624 5146 1791 5198 forma

219 5274 298 5314 ex
336 5255 421 5309 iis
444 5262 570 5317 quae
604 5246 742 5298 inter
769 5243 1008 5296 homines
1027 5245 1300 5309 geruntur,
1325 5243 1592 5302 assumpta
1625 5244 1742 5299 est;
1769 5253 1790 5285 ι

223 5356 425 5412 atque
459 5338 536 5390 ita
578 5332 935 5398 melaphorice
963 5329 1070 5382 vult
1116 5323 1336 5391 intelligi
1369 5323 1633 5376 excelsum
1662 5323 1795 5377 illud

224 5409 466 5489 Christi
507 5419 761 5481 tribunal,
792 5429 844 5472 et
886 5419 1137 5485 reliquum
1181 5409 1452 5466 tremendi
1505 5409 1644 5462 illius
1687 5410 1795 5464 diei

229 5525 610 5591 apparatum,
629 5509 858 5577 illudque
886 5509 1133 5562 duntaxat
1154 5499 1470 5567 tenendum,
1505 5515 1524 5551 ι
1549 5496 1792 5554 Iudicem

322 5684 598 5747 “Matth.
629 5694 748 5744 XXV,
784 5678 868 5732 52.

1864 618 2186 672 eminentem
2232 615 2584 681 introspicere
2634 613 2818 674 corda,
2883 619 2941 664 et
2999 605 3378 662 conscientiam
3461 663 3470 680 '

1862 706 2209 776 singulorum,
2241 703 2584 758 manifestare
2623 703 2849 765 occulta,
2875 708 2929 755 et
2977 699 3187 752 obtecta
3225 707 3381 749 reve-

1862 796 1997 860 lare,
2037 802 2095 846 ut
2143 800 2197 846 et
2239 791 2393 845 bonis
2433 791 2638 844 actibus
2684 789 2888 843 laudem
2919 789 3133 849 tribuat,
3169 794 3222 839 et
3255 782 3378 836 mali

1863 898 2096 954 ptenam,
2131 895 2286 948 quam
2329 886 2618 941 merentur,
2650 879 2934 945 excipiant.
2966 896 2986 928 ι
3030 875 3225 941 Nempe
3249 873 3372 926 alle~

1863 973 2026 1042 goriis
2062 971 2172 1025 suis
2209 971 2473 1024 sincerum
2514 967 2638 1019 illud
2669 967 2856 1034 dogma
2897 965 3156 1032 corrupit,
3195 981 3214 1013 ι
3237 964 3378 1030 quod

1866 1063 1919 1115 in
1949 1060 2280 1116 confessione
2308 1072 2369 1110 ac
2401 1055 2735 1125 professione
2764 1065 2906 1107 tenet
2937 1055 3108 1107 omnis
3143 1051 3378 1105 Ecclesia

1865 1148 1956 1202 Dei
2000 1146 2110 1198 veri
2138 1163 2155 1196 ι
2203 1144 2299 1214 (ait
2342 1142 2669 1210 Augustinus
2716 1140 2807 1192 lib.
2857 1155 2926 1192 xx
2965 1139 3040 1192 De
3075 1140 3216 1193 civit.
3259 1138 3378 1202 Dei,

1864 1251 1982 1303 cap.
2020 1234 2092 1304 l),
2136 1233 2440 1286 «Christum
2486 1231 2552 1284 de
2613 1228 2751 1283 coelo
2810 1241 2927 1281 esse
2975 1237 3258 1282 venturum
3313 1229 3379 1280 ad

1866 1327 2014 1378 vivos
2047 1332 2101 1377 et
2129 1329 2363 1376 mortuos
2402 1321 2755 1387 iudicandos;
2778 1334 2796 1367 ι
2824 1331 2926 1369 non
2966 1316 3120 1369 modo
3157 1331 3251 1383 per
3277 1318 3380 1369 vim

1866 1422 1919 1468 et
1947 1412 2274 1480 majestatem
2299 1425 2445 1464 suam
2472 1408 2651 1461 omnia
2685 1406 3051 1473 complentetn,
3082 1417 3384 1471 mentesque

1867 1502 2102 1555 onmium
2138 1501 2554 1560 collustrantem,
2582 1506 2636 1549 et
2671 1497 2720 1548 in
2754 1504 2990 1547 actorum
3018 1507 3233 1546 suorum
3276 1505 3384 1544 nte-

1871 1589 2092 1661 moriam
2124 1594 2558 1654 retorquentem;
2591 1584 2685 1636 sed
2715 1595 2936 1650 corpore
2962 1589 3298 1649 praesentem,
3330 1588 3384 1630 et

1872 1678 2109 1731 homines
2136 1678 2412 1730 universos
2436 1675 2487 1728 in
2517 1687 2678 1725 unum
2723 1672 3092 1735 adducentem,
3119 1679 3174 1723 et
3195 1683 3385 1738 supre-

1872 1779 1957 1818 ma
1994 1779 2056 1818 ac
2088 1765 2382 1818 decretoria
2424 1759 2687 1816 sententia
2727 1772 2812 1811 res
2850 1757 3124 1810 hominum
3171 1769 3386 1824 compo-

1802 1837 1842 1894 Β
1872 1862 2101 1907 nentent.
2131 1853 2199 1905 At
2231 1851 2316 1904 hic
2344 1863 2553 1918 quoque
2584 1845 2979 1900 meminerimus
3006 1843 3234 1896 nondum
3270 1856 3387 1896 cer-

1875 1941 1940 1994 tis
1973 1941 2160 1994 ﬁnibus
2188 1938 2476 1992 Ecclesium
2506 1936 2602 1988 has
2627 1932 2944 2002 quaestiones
2973 1939 3099 1983 tunc
3137 1929 3390 1998 temporis

1869 2030 2118 2097 sepsisse.

2401 2111 2716 2180 QUIESTIO
2755 2110 2846 2165 XI.

2304 2219 2370 2258 DE
2407 2217 2575 2258 PIEle
2602 2218 2670 2255 ετ
2707 2213 2947 2254 Ριιωιιιε.

1869 2296 1911 2351 Ι.
1952 2295 2190 2364 Origenis
2233 2296 2519 2364 opinio__e:_t:
2564 2293 2722 2364 ipsius
2780 2289 3056 2364 principiis
3095 2289 3388 2364 summatim

1937 2357 2223 2418 deducitur.
2264 2357 2338 2414 'll.
2389 2357 2590 2413 Eadem
2633 2361 2816 2412 deinde
2845 2359 3010 2424 fusius
3039 2357 3196 2424 ipsius
3229 2357 3388 2408 verbis

1941 2434 2250 2484 declaratur.
2279 2431 2351 2481 Ac
2379 2431 2596 2495 primum
2624 2430 2684 2480 de
2709 2422 2885 2494 poenis.
2945 2422 3127 2495 omnes
3165 2422 3390 2495 homines

1939 2501 2052 2567 igne
2080 2492 2443 2567 examinandos
2472 2496 2581 2567 [ore
2611 2492 2786 2567 sensit.
2829 2495 2910 2567 Ill:
2941 2492 3132 2567 Deinde
3164 2492 3216 2543 in
3243 2493 3388 2542 varia

1938 2561 2050 2617 loca
2095 2581 2185 2632 pro
2226 2565 2417 2616 meritis
2449 2563 2772 2632 dimittendos
2792 2579 2810 2624 ;
2848 2561 2931 2612 IV.
2960 2561 3031 2610 Ac
3064 2565 3388 2632 tor-querulos.

1942 2634 2004 2685 V.
2055 2629 2243 2697 Quales
2294 2629 2731 2698 ptenas_futuras
2783 2631 3066 2698 arbitratus
3118 2630 3221 2688 sit;
3267 2629 3390 2692 quid

1940 2693 2105 2769 ignem
2140 2693 2536 2769 tetern'um._Vl.'
2562 2697 2785 2769 Ecquas
2806 2707 2990 2769 puriter
3025 2693 3193 2769 ignem
3220 2709 3389 2756 pwnns

1940 2760 2154 2820 mortuis
2191 2767 2515 2834 inﬂigendasi
2539 2760 2998 2834 ἀείξιίευενὶιᾲλῖιιἔ
3019 2761 3096 2834 lia:
3124 2760 3202 2834 his
3235 2763 3392 2811 varia:

1943 2837 2182 2889 adversus
2228 2828 2342 2886 eunt
2371 2833 2770 2885 criminationes.
2802 2829 2928 2883 VIII.
2962 2828 3064 2882 Sed
3097 2829 3177 2878 sui
3225 2839 3392 2879 tamen

1940 2905 1986 2956 ei
2012 2920 2110 2956 non
2145 2904 2322 2954 desunt
2367 2900 2749 2964 astipulatores,
2779 2914 2970 2965 suaque
3010 2895 3257 2960 defensio.
3298 2895 3385 2947 IX.

1944 2972 2016 3024 De
2056 2971 2279 3038 prwmiis
2317 2969 2504 3038 agitur,
2533 2975 2586 3038 et
2618 2969 2668 3038 in
2698 2981 2796 3032 quo
2839 2969 3056 3038 positam
3097 2971 3394 3038 sanctorum

1946 3029 2236 3092 beat'itatem
2285 3029 2497 3090 voluerit
2550 3029 2812 3096 Origenes,
2839 3029 3156 3097 explicatur.
3203 3029 3266 3080 X.
3299 3029 3394 3081 lle-

1942 3117 2210 3160 censentur
2251 3106 2378 3158 uarii
2406 3106 2594 3169 gradus
2632 3117 2722 3168 per
2747 3116 2872 3167 quos
2903 3101 2968 3152 ad
2998 3115 3110 3150 eam
3141 3098 3394 3161 perveniri

1945 3178 2119 3228 sensit.
2156 3173 2242 3226 XI.
2282 3171 2356 3223 De
2398 3175 2529 3232 loco,
2569 3185 2669 3236 quo
2712 3171 2908 3220 animas
2954 3177 3246 3236 sanctorum
3276 3181 3398 3216 cou-

1940 3247 2192 3312 qttiescere
2210 3232 2717 3312 docuit,_tlisputatur
2764 3250 2781 3286 :
2828 3251 3000 3312 nempe
3029 3232 3396 3312 decano-nouo

1943 3298 1988 3362 Et
2034 3322 2170 3362 terra
2212 3298 2607 3360 nova.'XIl.'Ac
2658 3306 2718 3355 de
2766 3298 3030 3368 paradiso.
3080 3299 3215 3368 XIII,
3248 3298 3397 3351 Unde

1943 3380 2049 3433 haec
2077 3375 2414 3436 transtulerit,
2439 3372 2742 3440 exquiritur.
2768 3367 2904 3422 XIV.
2928 3367 3397 3440 Hinginj’atrum

1949 3447 2226 3500 multorum
2278 3435 2686 3508 reprehensiones
2739 3436 3120 3508 incurritaXV.
3158 3435 3263 3488 Sed
3295 3435 3395 3486 ali-

1977 3533 2042 3568 ua
2074 3527 2243 3565 tarnen
2282 3506 2340 3562 in
2368 3512 2480 3577 ejus
2513 3507 2892 3577 excusationem
2939 3506 3116 3572 aﬂ'erri
3162 3514 3394 3577 possunt.
3476 3565 3480 3569 ,

2003 3583 2081 3634 γι.
2105 3581 2288 3634 Utrum
2313 3589 2358 3630 et
2391 3570 2648 3646 'quomodo
2677 3575 2832 3642 paenis
2857 3570 3220 3646 damnatorum
3245 3570 3410 3636 ﬁnem.

1946 3653 2242 3716 impositum
2269 3646 2355 3710 iri,
2386 3640 2433 3697 et
2461 3640 2902 3716 ontnia_un_unt_in
2927 3641 3044 3716 Pco
3080 3657 3168 3716 per
3198 3640 3401 3690 ἀποκαρ-

1947 3708 2194 3772 τάξςτασιν
2231 3708 2405 3782 {utura
2433 3723 2576 3765 ratus
2600 3711 2683 3782 sit.
2722 3708 3037 3782 ΧΥμε-Νυῃ
3069 3709 3200 3782 otios
3223 3721 3398 3782 pinnas

1947 3803 2100 3854 quam
2132 3775 2456 3854 purgatorias
2495 3779 2725 3854 adrui-sit.
2771 3775 2946 3828 XVIII.
2983 3775 3120 3854 Quid
3145 3779 3207 3826 sit
3235 3776 3398 3854 juxta

1955 3842 2531 3921 Origenem'novissima
2569 3845 3170 3921 ininticanmors,.deque
3208 3842 3397 3920 atumo-

1950 3909 2071 3975 nun;
2094 3921 2250 3988 poenis
2287 3916 2551 3988 quaeritur.
2602 3911 2741 3964 XIX.
2772 3909 2961 3988 Iltrunt
2991 3909 3246 3984 beatitatis
3273 3922 3400 3984 quo.

1951 4006 2046 4056 que
2094 3976 2308 4056 '[uturw'
2363 3982 2586 4056 spatium
2638 3979 2864 4056 terminis
2915 3976 3396 4056 circumscripserit.

2102 4040 2300 4106 Horum
2342 4040 2636 4112 doqmatum
2681 4047 2843 4112 fontes
2902 4055 3219 4096 reserantur.
3259 4040 3397 4094 XXI.

1955 4124 2169 4189 Propter
2197 4118 2287 4189 illa
2327 4135 2358 4168 a
2385 4115 2642 4189 _Pa_trib_us
2685 4113 3397 4189 graviter“reprelteitsus_est.

1955 4177 2112 4246 XXII.
2143 4190 2222 4239 An
2253 4185 2413 4254 fuerit
2440 4252 2447 4254 _
2474 4186 2527 4254 in
2554 4177 2760 4254 ‘Itw‘resi
2799 4179 3190 4254 Chi/iustarum.

1955 4243 2218 4312 Nonnulla
2245 4243 2449 4320 Drigeni
2479 4249 2793 4320 defendendo
2829 4249 3180 4320 adducuntur.
3213 4243 3397 4298 XXIV.

1957 4314 2778 4404 Nonnunquam—‘solius“diaboli
2829 4331 3000 4379 paznas
3039 4314 3148 4380 [ore
3185 4325 3401 4404 internas

1953 4382 2224 4449 πιδείξω-αι’.
2256 4387 2414 4441 XXV.
2444 4386 2517 4437 Ab
2556 4383 2864 4450 Origenmna
2894 4399 3042 4448 super
3073 4384 3230 4447 pwnis
3257 4382 3402 4432 dant.

1955 4473 2188 4516 natorum
2216 4459 2447 4524 Opinione
2490 4452 2674 4524 Patres
2714 4451 3040 4524 aliquot_non_
3068 4451 3281 4524 multum
3318 4465 3399 4524 re-

1955 4515 2158 4584 cedunt.
2187 4515 2368 4580 XXVI.
2395 4522 2741 4588 Investigatur
2765 4515 3072 4586 signiﬁcatio
3111 4520 3246 4570 vocis
3271 4515 3400 4570 αἰώ-

1954 4616 2081 4660 νιος.

1957 4692 1997 4744 l.
2036 4690 2307 4742 Postremo
2363 4681 2454 4734 Dei
2509 4676 2732 4732 arbitrio
2785 4676 3085 4742 dijudicatis
3134 4676 3401 4729 hominum

1889 4781 2066 4840 rebus,
2106 4789 2200 4829 sua
2232 4783 2493 4840 quemque
2538 4767 2775 4836 praemia,
2821 4780 2932 4819 suae
2990 4779 3159 4832 preme
3220 4777 3404 4832 prose-

1889 4876 2139 4939 quentur.
2169 4862 2224 4916 In
2275 4861 2423 4928 cujus
2456 4859 2530 4911 rei
2571 4856 2884 4910 tractatione
2907 4862 3110 4910 tantum
3145 4854 3246 4907 sibi
3290 4867 3405 4920 per-

1887 4955 2030 5010 misit
2061 4951 2334 5019 Origenes,
2371 4957 2428 5000 ut
2463 4962 2565 4998 nou
2602 4945 2756 4997 aliam
2796 4947 2864 4998 ob
2913 4957 3125 4996 causam
3179 4941 3405 5010 majores

1889 5044 1942 5098 in
1972 5057 2031 5096 se
2068 5040 2314 5108 querelas
2350 5035 2632 5090 concitarit
2655 5051 2669 5087 :
2692 5049 2811 5087 nam
2855 5041 2908 5086 et
2937 5031 3120 5100 quales
3149 5043 3314 5098 pinnae
3340 5042 3404 5081 ac

1887 5134 2132 5202 praemia,
2183 5139 2235 5183 et
2286 5139 2480 5197 quanta
2521 5126 2696 5179 futura
2744 5125 2871 5188 sint,
2925 5123 3302 5192 pervestigans,
3348 5117 3401 5168 in

1891 5223 2149 5278 absurdas
2195 5221 2471 5287 Opiniones
2520 5217 2796 5284 prolapsus
2823 5223 2926 5277 est,
2951 5215 3072 5266 dum
3121 5207 3264 5259 falsis
3304 5205 3401 5257 do-

1892 5314 2072 5366 ctrina:
2101 5325 2208 5364 suae
2242 5308 2516 5376 principiis
2543 5307 2784 5372 dogmata
2816 5305 2928 5356 lucc
2957 5309 3162 5366 quoque
3189 5306 3401 5345 accom-

1893 5402 2091 5456 modat.
2122 5399 2358 5453 Diximus
2383 5397 2524 5451 enim
2544 5395 2655 5462 jam
2683 5406 2822 5460 saepe
2852 5398 3062 5457 putasse
3091 5382 3232 5434 illum
3255 5393 3404 5432 men-

1895 5498 1976 5546 tes
2005 5487 2222 5544 rationis
2248 5493 2520 5556 compotes
2547 5496 2643 5552 pro
2675 5477 2976 5534 meritorum
3005 5479 3215 5524 suorum
3244 5478 3401 5518 men-
