3920 6474
184 436 317 489 1001

183 549 421 605 Psalmis
449 567 466 605 :
501 551 639 619 Quia
689 557 924 614 iiberasti
951 565 1179 618 animam
1208 579 1379 620 meam
1409 580 1474 620 ex
1516 563 1724 618 inferno

180 640 431 697 inferiori
464 643 512 676 “
534 647 574 700 ‘.
603 664 622 697 ι
656 648 784 713 Qua:
809 651 873 704 ab
903 651 1216 724 Hieronymo
1245 669 1451 724 quoque
1494 655 1728 723 epistolas

177 731 267 794 59,
297 732 372 786 ad
416 733 665 802 Avitum,
692 753 811 808 cap.
837 741 891 803 4,
922 741 1117 797 inserta
1151 754 1294 799 sunt.
1339 745 1590 813 Quoniam
1632 761 1729 799 au-

179 831 282 874 tem
333 821 622 878 infernum
679 826 921 882 Christus
970 835 1214 886 tenebras
1265 835 1554 889 exteriores
1596 849 1726 888 non-

177 926 466 980 nunquam
502 915 768 984 appellat,
817 917 940 972 inde
974 919 1030 972 fit
1075 930 1132 974 ut
1163 935 1255 976 eas
1284 932 1432 977 extra
1473 924 1724 978 mundum

172 1001 546 1058 Adamantius
594 1004 801 1074 abieget
837 1017 990 1062 tract.
1025 1025 1194 1065 xxxttt
1239 1013 1294 1065 in
1330 1012 1543 1077 Matth.,
1573 1031 1720 1070 num.

172 1091 280 1145 69:
320 1107 342 1141 σ
375 1090 656 1157 Quoniam
699 1095 947 1165 legimus,
986 1099 1182 1168 inquit,
1223 1102 1450 1170 aliquem
1495 1105 1582 1172 qui
1628 1104 1727 1158 fuit

169 1187 292 1233 ante
323 1194 439 1234 nos
468 1193 825 1250 exponentem
855 1185 919 1239 de
959 1187 1190 1242 tenebris
1215 1187 1424 1257 abyssi,
1463 1201 1517 1243 et
1543 1190 1725 1244 dicen-

171 1277 273 1322 tem
306 1270 586 1338 quoniam
634 1271 857 1342 abyssus
898 1283 978 1330 est
1022 1287 1171 1331 extra
1215 1281 1464 1334 mundum
1494 1280 1643 1346 foris,
1671 1289 1725 1336 et

171 1359 441 1414 tenebrat.
491 1359 899 1420 Consideremus
927 1381 1069 1438 ergo,
1130 1368 1176 1424 si
1225 1378 1396 1438 potest
1436 1385 1561 1423 vera
1607 1384 1725 1424 esse

166 1450 449 1520 expositio
478 1449 620 1518 ejus,
647 1462 705 1507 ut
730 1455 943 1524 quidam
969 1459 1119 1527 quasi
1154 1459 1357 1530 indigni
1387 1467 1498 1514 toto
1525 1461 1723 1514 mundo

166 1541 216 1595 in
241 1541 522 1609 abyssum
549 1541 726 1607 illum,
753 1558 908 1612 quam
936 1546 1024 1601 ille
1046 1548 1308 1617 exposuit,
1336 1548 1477 1603 foras
1506 1549 1724 1618 ejician-

167 1642 270 1694 tur,
297 1631 354 1685 in
388 1645 510 1701 qua
541 1640 668 1686 sunt
713 1636 962 1699 tenebrae,
992 1639 1203 1692 nemine
1242 1653 1332 1693 eas
1372 1639 1720 1702 iiluminante,

162 1737 278 1776 cum
305 1722 432 1776 sint
479 1731 639 1776 extra
680 1731 844 1778 totum
886 1726 1198 1780 mundum.)
1247 1725 1351 1782 Sed
1386 1726 1508 1782 alibi
1549 1736 1721 1782 tamen

160 1813 320 1868 aliter
347 1813 624 1868 tenebras
649 1816 943 1872 exteriores
967 1817 1202 1886 exponit,
1227 1827 1286 1871 ut
1315 1832 1436 1872 mox
1474 1818 1719 1872 ostende-

161 1918 297 1959 mus.
331 1903 594 1960 Homilia
626 1915 802 1960 autem
834 1906 859 1959 I
900 1907 954 1960 in
985 1905 1189 1972 Cenem,
1220 1922 1365 1961 num.
1390 1909 1442 1972 I,
1473 1909 1718 1979 abyssum

160 1992 298 2047 illam
329 1993 433 2047 cui
474 1993 532 2048 in
568 2007 750 2048 rerum
785 1993 935 2048 initio
965 1995 1191 2050 tenebrat
1231 1995 1572 2061 incubabant,
1602 2012 1718 2051 eam

157 2097 274 2137 esse
324 2082 539 2137 scribit
583 2082 638 2137 in
685 2097 843 2151 quam
896 2082 1169 2148 diabolus,
1219 2083 1488 2153 ipsiusque
1548 2085 1718 2153 angeli

157 2172 419 2226 mittendi
460 2181 617 2228 sunt.

219 2261 307 2316 IV.
349 2260 678 2331 Assignatis
704 2261 832 2317 locis
865 2276 928 2316 ac
966 2262 1178 2318 sedibus
1212 2263 1322 2318 suis
1353 2263 1589 2318 redditos
1622 2263 1718 2317 ho-

154 2350 324 2405 mines
365 2364 565 2421 pmna:
602 2365 666 2405 ac
705 2350 957 2418 supplicia
989 2366 1085 2420 pro
1110 2352 1372 2406 scelerum
1419 2352 1572 2406 modo
1612 2361 1719 2406 tor-

151 2442 427 2509 quebunt.
461 2441 559 2496 Ait
581 2441 724 2496 enim
756 2441 849 2495 lib.
877 2457 894 2495 ι
920 2442 1059 2511 Περὶ
1085 2442 1300 2510 ἀρχῶν,
1334 2458 1448 2514 cap.
1476 2444 1530 2508 6,
1570 2461 1714 2504 num.

153 2533 186 2586 5
214 2551 228 2587 :
270 2551 289 2584 ι
319 2532 569 2586 Interim
597 2539 709 2586 tam
741 2532 792 2585 in
823 2532 906 2587 his
941 2548 1057 2601 quae
1081 2535 1344 2601 videntur,
1374 2545 1427 2589 et
1456 2544 1718 2605 tempora-

150 2619 289 2674 libus
333 2618 601 2686 saaculis,
644 2633 804 2688 quam
849 2621 901 2672 in
938 2621 1040 2674 illis
1068 2635 1185 2690 quae
1231 2637 1338 2676 non
1374 2623 1622 2678 videntur
1664 2631 1718 2679 et

148 2721 352 2765 aeterna
411 2719 583 2776 sunt,
633 2725 819 2764 omnes
862 2710 947 2764 isti
989 2725 1083 2780 pro
1114 2711 1323 2777 ordine,
1362 2727 1458 2782 pro
1490 2713 1713 2778 ratione,

151 2815 244 2866 pro
277 2801 480 2864 modo,
509 2808 566 2853 et
597 2800 911 2854 meritorum
944 2799 1288 2868 dignitatibus
1313 2801 1712 2869 dispensantur,

148 2899 202 2944 ut
239 2889 333 2943 alii
364 2889 430 2944 in
469 2889 692 2957 primis,
717 2888 805 2942 alii
836 2889 889 2942 in
917 2889 1182 2954 secundis,
1213 2891 1449 2943 nonnulli
1476 2892 1633 2944 etiam
1661 2892 1716 2944 in

146 2979 354 3035 ultimis
398 2977 766 3046 temporibus,
791 2987 846 3032 et
874 2992 968 3046 per
999 2977 1199 3046 majora
1229 2993 1292 3032 ac
1326 2983 1567 3048 graviora
1593 2994 1718 3048 sup-

143 3067 329 3137 plicia,
363 3081 594 3121 necnon
619 3075 673 3119 et
699 3066 969 3130 diuturna,
1008 3081 1070 3121 ac
1103 3066 1300 3130 multis,
1329 3076 1387 3121 ut
1420 3069 1489 3123 ita
1518 3070 1713 3136 dicam,

143 3158 366 3212 saculis
411 3155 676 3218 tolerata,
717 3155 1075 3224 asperioribus
1123 3155 1580 3211 emendationibus
1624 3173 1712 3211 re-

143 3251 321 3321 parati
354 3259 422 3305 ct
481 3248 755 3311 restituti,
790 3247 1175 3302 eruditionibus
1220 3248 1390 3318 primo
1442 3249 1711 3317 angelicis,

139 3350 254 3396 tum
285 3341 502 3396 deinde
540 3340 702 3394 etiam
743 3338 1071 3406 superiorum
1099 3337 1354 3406 graduum
1398 3339 1708 3402 virtutibus,

138 3440 191 3485 et
223 3432 308 3486 sic
350 3445 461 3501 per
493 3427 705 3495 singula
753 3426 816 3478 ad
856 3425 1125 3494 superiora
1161 3426 1418 3494 provecti,
1450 3434 1616 3496 usque
1645 3426 1711 3480 ad

136 3535 200 3576 ea
229 3536 362 3589 qua:
404 3524 546 3573 sunt
594 3513 880 3569 invisibilia
903 3523 958 3566 et
995 3522 1191 3566 aeterna
1225 3517 1558 3581 proveniant,
1601 3516 1712 3571 sin-

135 3613 279 3682 gulis
327 3609 604 3664 videlicet
649 3606 950 3676 quibusque
986 3603 1278 3658 caelestium
1315 3604 1564 3659 virtutum
1593 3608 1712 3660 ofﬂ-

134 3704 239 3756 ciis
285 3701 552 3771 quadam
607 3695 906 3750 eruditione
950 3695 1001 3747 in
1050 3695 1224 3764 specie
1273 3697 1588 3764 peragratis.
1633 3697 1710 3752 Ex

133 3806 281 3861 quo,
331 3797 398 3843 ut
465 3787 691 3856 opinor,
737 3785 840 3838 hoc
895 3784 1268 3851 consequentia
1320 3785 1432 3853 ipsa
1502 3786 1710 3840 videtur

129 3882 491 3944 ostendere,
550 3891 982 3944 unamquamque
1037 3877 1404 3931 rationabilem
1464 3887 1706 3932 naturam

128 3985 300 4041 posse
329 3972 408 4024 ab
449 3983 564 4024 uno
594 3967 647 4021 in
678 3965 905 4019 alterum
934 3966 1172 4018 ordinem
1207 3976 1584 4032 transeuntem,
1617 3981 1710 4036 per

127 4063 398 4133 singulos
431 4063 489 4114 in
526 4072 736 4120 omnes,
768 4064 822 4110 et
855 4056 920 4108 ab
955 4055 1198 4109 omnibus
1225 4056 1278 4108 in
1312 4055 1548 4124 singulos
1592 4068 1712 4124 per-

126 4154 354 4215 venire,
389 4152 530 4204 dum
557 4161 807 4202 accessus
836 4143 1186 4213 profectuum,
1213 4142 1580 4198 defectuumve
1611 4158 1703 4197 va-

121 4247 387 4311 rios.pro
423 4237 669 4292 motibus
692 4235 775 4287 vel
799 4235 1076 4288 conatibus
1097 4233 1323 4302 propriis
1353 4233 1711 4302 unusquisque

119 4349 227 4404 pro
262 4330 446 4386 liberi
494 4326 708 4382 arbitrii
743 4325 999 4377 facultate
1044 4326 1360 4392 perpetitur.
1385 4341 1404 4374 ι
1443 4322 1709 4377 Proiixum

115 4429 317 4482 locum
362 4419 688 4478 describere
717 4429 992 4470 necessqu
1026 4414 1204 4474 habui,
1243 4415 1363 4481 quia
1409 4414 1474 4468 ad
1519 4413 1706 4483 Orige-

1022 449 1575 508 ORIGENIANORUM
1611 449 1738 505 LIB.

1768 451 1833 516 II,
1871 452 2019 508 CAP.
2056 453 2123 519 II,
2159 455 2427 520 QUAEST.
2466 458 2555 512 XI.
3211 463 3347 519 1002

1750 568 1799 626 Α
1825 572 1882 618 ut
1911 565 1994 620 sui
2030 564 2140 634 ipsa
2189 567 2259 620 sit
2299 569 2599 624 accusatrix
2636 576 2691 625 et
2732 572 2907 637 testis;
2949 585 3170 641 eamque
3213 577 3345 631 adeo

1825 651 2048 708 flammis
2081 653 2356 710 ultricibus
2397 671 2551 712 urere
2587 676 2602 713 :
2647 659 2782 727 ignis
2818 660 2973 729 hujus
3011 675 3187 718 escam
3227 680 3348 722 esse
3444 659 3450 670 “

1827 742 2086 797 admissas
2109 752 2232 796 ante
2260 758 2448 807 noxas,
2473 760 2604 814 quas
2634 747 2831 802 idcirco
2865 750 3149 818 Apostolus
3179 751 3346 823 Iigna,

1823 827 1999 884 fenum
2035 840 2088 886 et
2127 831 2370 899 stipulam
2411 833 2724 899 nominavit;
2769 838 2892 894 hinc
2936 842 3190 910 scriptum
3224 858 3347 900 esse

1823 923 1958 990 apud
1990 923 2173 976 lsaiam
2202 938 2253 987 ι,
2278 922 2336 975 Il
2368 939 2382 976 :
2412 923 2680 979 Ambulate
2705 927 2758 980 in
2789 927 2980 984 lumine
3007 932 3140 1000 ignis
3169 937 3344 1000 vestri,

1822 1016 1868 1058 et
1899 1006 2107 1074 ﬂamma
2131 1024 2284 1075 quam
2329 1010 2651 1064 accendistis.
2685 1031 2704 1063 ε
2732 1011 2832 1067 Per
2871 1031 3007 1084 quos
3047 1032 3342 1088 sermones,

1824 1095 2024 1164 inquit,
2072 1097 2172 1150 hoc
2219 1097 2428 1151 videtur
2488 1098 2748 1163 indicari,
2792 1103 2932 1168 quod
2984 1110 3347 1176 unusquisque

1821 1193 2158 1252 peccatorum
2187 1185 2453 1238 ﬂammam
2491 1185 2588 1239 sibi
2619 1176 2732 1253 ipse
2761 1191 2958 1256 proprii
2989 1191 3125 1260 ignis
3154 1209 3345 1250 accen-

1822 1276 1931 1339 dat,
1962 1285 2143 1330 etnon
2187 1276 2237 1328 in
2268 1276 2493 1344 aliquem
2523 1276 2696 1345 ignem
2728 1279 2816 1346 qui
2843 1289 2997 1334 antea
3028 1283 3137 1350 jam
3171 1283 3345 1340 fuerat

1821 1378 2074 1418 accensus
2103 1364 2166 1417 ab
2189 1365 2312 1428 alio,
2347 1365 2426 1418 vel
2453 1376 2575 1420 ante
2609 1368 2773 1431 ipsum
2807 1369 3114 1433 substiterit,
3144 1373 3346 1428 demer-

1820 1460 1995 1520 gatur.
2021 1469 2041 1503 ›
2071 1451 2268 1517 Quaerit
2300 1453 2488 1508 deinde
2521 1470 2665 1507 num.
2692 1451 2725 1508 5
2764 1470 2830 1508 an
2861 1466 3051 1525 prznter
3090 1459 3229 1526 illos,
3255 1462 3345 1517 vel

1821 1538 1934 1603 irae,
1977 1539 2057 1592 vel
2101 1539 2318 1604 furoris,
2347 1540 2430 1594 vel
2475 1543 2708 1608 insaniae,
2752 1547 2836 1600 vel
2881 1551 3126 1604 maeroris
3173 1551 3341 1620 ignes,

1819 1626 2008 1696 quibus
2038 1627 2183 1695 impii
2229 1643 2346 1683 cum
2381 1629 2432 1684 in
2468 1632 2566 1686 hac
2599 1634 2706 1687 vita
2755 1636 2874 1689 torti
2919 1636 3136 1704 fuerint,
3164 1639 3218 1694 in
3254 1641 3344 1695 fu-

1821 1724 1936 1768 tura
1987 1729 2199 1784 quoque
2245 1721 2648 1788 torquehuntur,
2688 1722 2862 1789 aliqua
2912 1727 3140 1794 generali
3183 1741 3342 1796 pmna

1820 1814 1938 1869 post
1980 1815 2200 1858 mortem
2252 1809 2498 1876 puniendi
2545 1810 2670 1865 sint.
2708 1813 2903 1868 Deinde
2946 1815 3076 1869 dicit
3118 1830 3182 1871 eo
3214 1832 3342 1872 cru-

1747 1877 1789 1930 Β
1817 1888 1953 1942 ciatu
1997 1888 2245 1946 affectum
2286 1894 2350 1947 iri
2388 1897 2650 1965 animant,
2683 1900 2749 1954 ab
2779 1902 2964 1956 ordine
3005 1913 3163 1972 atque
3213 1906 3339 1960 har-

1817 1984 2020 2049 monia,
2061 1987 2125 2040 ad
2162 2003 2316 2056 quam
2353 1989 2524 2043 fuerat
2563 2003 2591 2042 a
2627 1989 2729 2042 Deo
2768 1992 3010 2056 condita,
3041 1992 3339 2059 divulsam,

1814 2089 1919 2143 quo
1950 2074 2172 2130 afﬁcitur
2212 2093 2406 2146 corpus
2450 2093 2568 2132 cum
2617 2081 2845 2134 membra
2880 2082 3050 2136 soluta
3087 2097 3342 2153 compage

1815 2165 2214 2220 distrahuntur:
2244 2186 2263 2220 ι
2291 2169 2436 2234 Quae,
2464 2169 2648 2237 inquit,
2677 2171 2862 2224 anima:
2887 2172 3157 2228 dissolutio
3183 2184 3342 2243 atque

1814 2255 2058 2320 divulsio,
2099 2271 2218 2310 cum
2265 2259 2484 2312 adhibiti
2533 2259 2668 2329 ignis
2715 2259 2922 2314 ratione
2961 2261 3126 2317 fuerit
3160 2265 3342 2334 explo-

1814 2353 1957 2411 rata,
1998 2345 2114 2399 sine
2156 2345 2313 2400 dubio
2342 2348 2406 2400 ad
2453 2349 2738 2403 firmiorem
2783 2352 2864 2405 sui
2909 2365 3216 2422 compagem
3259 2355 3342 2408 in-

1815 2435 2302 2503 staurationemque
2371 2436 2688 2492 solidatur.»
2767 2438 3029 2495 Praeterea
3093 2458 3241 2497 num.
3282 2444 3337 2511 6,

1814 2525 2259 2592 quemadmodum
2314 2527 2568 2579 curandis
2614 2527 2812 2582 morbis
2857 2527 3058 2583 ferrum
3107 2542 3161 2586 et
3203 2533 3342 2600 ignis

1812 2627 1951 2682 saepe
1979 2613 2314 2678 adhibentur,
2355 2616 2426 2669 ita
2463 2617 2727 2682 conjectat
2760 2637 2778 2669 ι
2805 2620 3066 2673 medicum
3099 2631 3339 2682 nostrum

1813 2700 1978 2756 Deum
2018 2701 2277 2756 volentem
2307 2703 2506 2758 diluere
2534 2705 2661 2758 vitia
2695 2707 2986 2760 animarum
3018 2718 3338 2775 nostrarum,

1812 2803 1930 2858 qua:
1966 2805 2031 2845 ex
2061 2801 2395 2860 peccatorum
2437 2802 2489 2845 et
2533 2793 2790 2848 scelerum
2838 2795 3146 2852 diversitate
3176 2797 3341 2853 colle-

1813 2889 2016 2946 gerant,
2065 2879 2143 2934 uti
2199 2880 2560 2948 hujuscemodi
2602 2882 2894 2949 ptenaiibus
2934 2884 3078 2940 curis
3128 2885 3342 2954 insuper

1813 2967 1972 3022 etiam
2001 2969 2140 3037 ignis
2201 2970 2400 3024 inferre
2438 2971 2747 3039 supplicium
2804 2972 2885 3027 his
2928 2976 3016 3041 qui
3060 2977 3339 3032 sanitatem

1812 3058 1999 3112 anima:
2036 3060 2434 3128 perdiderunt.»
2479 3062 2619 3116 ldeut
2659 3065 2794 3118 libro
2836 3079 2868 3118 v
2910 3075 3090 3119 contra
3136 3067 3340 3124 Celsum

1814 3163 1918 3204 non
1951 3148 2088 3202 aliud
2118 3151 2398 3219 quidquam
2431 3167 2526 3222 per
2557 3156 2702 3220 ignes
2736 3155 3028 3224 intelligere
3061 3159 3215 3213 docet
3245 3173 3340 3212 eos

1813 3251 1947 3306 quos
1982 3237 2254 3306 Scriptura
2295 3239 2484 3295 stultos
2531 3242 2707 3294 mundi
2743 3244 2999 3312 appellat,
3031 3245 3064 3316 ἢ
3114 3244 3211 3315 τὴν
3251 3245 3340 3299 διὰ

1811 3331 1970 3399 φόϐου
1998 3333 2090 3384 καὶ
2115 3331 2404 3400 φαντασίας
2432 3332 2540 3387 τῶν
2575 3332 2838 3387 κολάσεων
2876 3336 3222 3406 ἐπιστροφὴν,
3244 3336 3340 3390 καὶ

1807 3422 1912 3475 τῶν
1937 3421 2139 3476 πολλῶν
2162 3422 2343 3475 κακῶν
2371 3423 2595 3493 ἀποχήν.
2620 3424 2746 3478 Tale
2775 3424 2896 3476 illud
2940 3439 2971 3478 θ
3005 3435 3162 3478 tract.
3186 3424 3252 3478 54
3279 3427 3337 3480 in

1809 3510 2023 3576 Mattlt.,
2054 3525 2198 3564 num.
2233 3509 2339 3564 72:
2384 3527 2404 3562 ι
2428 3512 2526 3576 Qui
2566 3521 2738 3564 autem
2786 3514 3036 3566 recedunt
3069 3514 3136 3568 ab
3178 3512 3336 3578 Jesu,

1810 3597 2057 3652 decidunt
2097 3598 2149 3651 in
2202 3597 2372 3668 ignem
2405 3608 2693 3664 aeternum,
2732 3601 2819 3668 qui
2866 3602 3081 3656 alterius
3127 3605 3338 3672 generis

1807 3695 1889 3740 est
1917 3687 1984 3740 ab
2018 3687 2120 3741 hoc
2144 3688 2264 3754 igne
2291 3701 2446 3755 quem
2475 3688 2728 3742 habemus
2761 3689 2814 3741 in
2839 3705 2960 3745 usu.
2987 3689 3169 3745 Nullus
3193 3691 3336 3744 enim

1809 3777 1944 3845 ignis
1999 3778 2141 3830 inter
2185 3777 2424 3830 homines
2471 3788 2552 3831 est
2601 3788 2863 3842 aeternus,
2908 3779 2998 3832 sed
3047 3794 3144 3833 nec
3185 3779 3336 3833 multi

1810 3865 2090 3933 temporis;
2133 3866 2484 3935 exstinguitur
2529 3868 2666 3920 enim
2705 3868 2830 3920 cito.
2865 3866 3118 3921 ,λειω-ειυς
3159 3869 3333 3921 autem

1808 3955 1944 4022 ignis
1967 3963 2049 4009 est
2076 3955 2184 4018 ille,
2214 3957 2278 4009 de
2306 3970 2410 4022 quo
2437 3966 2489 4009 et
2531 3957 2694 4012 Isaias
2725 3958 2854 4010 dicit
2882 3958 2934 4010 in
2969 3958 3069 4012 line
3111 3960 3335 4027 prophe-

1810 4045 1894 4098 tia‘.
1929 4057 2079 4098 suae:
2122 4042 2314 4097 Ver-mis
2349 4061 2526 4098 eorum
2567 4063 2669 4100 non
2703 4050 2965 4111 morietur,
3002 4055 3052 4100 et
3086 4047 3218 4115 ignis
3247 4063 3334 4100 eo-

1806 4146 1922 4183 rum
1965 4145 2067 4184 non
2125 4131 2475 4200 exstinguctur
2513 4134 2576 4186 ’⁷.
2603 4152 2623 4184 ι
2669 4135 2838 4187 Simili
2872 4135 2990 4202 igue
3018 4134 3094 4188 uti
3139 4136 3334 4188 daemo—

1806 4233 1900 4273 nes
1951 4229 2219 4274 asseverat
2257 4221 2441 4276 homil.
2478 4221 2546 4274 27
2586 4223 2638 4276 in
2669 4222 2852 4286 Nam,
2881 4238 3025 4277 num.
3049 4223 3102 4286 8,
3147 4238 3333 4292 nempe

1805 4324 1926 4363 cum
1969 4309 2211 4366 homines
2252 4327 2282 4365 a
2325 4312 2466 4366 vitiis
2516 4311 2583 4365 ad
2639 4313 2854 4366 meliora
2892 4327 3176 4368 conversos
3216 4329 3335 4368 cer-

1808 4412 1959 4464 nunt,
1999 4412 2108 4456 tum
2151 4417 2278 4458 vero
2319 4403 2686 4457 acerbissimas
2731 4417 2823 4458 eos
2861 4403 3080 4459 sufferre
3123 4417 3332 4474 pinnas,

118 4518 317 4570 uianae
373 4512 650 4566 doctrina
695 4503 1132 4569 emendationem,
1157 4511 1210 4557 et
1237 4504 1568 4572 sequentium
1619 4504 1700 4557 in-

1810 4499 1860 4545 et
1887 4492 2091 4546 meritis
2135 4491 2341 4560 ignibus
2376 4493 2741 4546 exardescere.

116 4607 443 4662 tellectum
466 4597 707 4654 confert.

191 4694 269 4752 V.
309 4692 458 4748 Jam
487 4701 616 4742 vero
662 4681 953 4750 cuiusmodi
994 4693 1179 4748 poenas
1213 4679 1418 4733 futuras
1460 4680 1705 4749 opinatus

111 4787 189 4840 sit
225 4782 554 4850 Origenes,
584 4774 878 4828 videamus.
921 4771 1094 4840 Ignem
1124 4770 1271 4823 illum
1318 4780 1612 4835 aeternum,
1651 4771 1705 4824 in

111 4889 291 4943 quem
323 4867 568 4937 capitali
602 4862 802 4919 Christi
833 4863 1040 4916 decreto
1069 4860 1216 4927 impii
1260 4860 1502 4913 mittendi
1547 4868 1705 4931 sunt,

111 4963 262 5019 nihil
295 4957 476 5014 aliud
517 4969 639 5009 esse
681 4962 829 5007 ratus
869 4958 978 5011 est,
1016 4963 1173 5016 quam
1216 4947 1552 5002 conscientia:
1589 4961 1706 5000 ver-

110 5068 297 5108 mem.
337 5044 688 5103 Consulatur
713 5052 871 5110 caput
895 5040 962 5093 10
982 5038 1100 5091 libri
1128 5052 1164 5090 ιι
1187 5038 1261 5091 De
1287 5036 1530 5105 princip.,
1554 5049 1702 5088 num.

106 5147 170 5210 4,
200 5140 377 5215 quod
423 5136 488 5192 id
520 5144 888 5205 argumentum
934 5129 1208 5186 excussit:
1244 5127 1316 5180 ibi
1365 5126 1444 5179 ait
1486 5139 1708 5179 revoca-

111 5250 233 5292 tam
268 5230 497 5288 divina
523 5228 742 5290 virtute,
764 5232 819 5279 et
853 5224 920 5276 ob
950 5219 1132 5275 oculos
1163 5217 1306 5286 impii
1336 5215 1562 5284 positam
1587 5229 1708 5282 pec.

108 5337 404 5382 catorum
447 5315 761 5370 memoriam
801 5313 969 5381 (juxta
1007 5309 1134 5364 illud
1179 5305 1324 5361 Pauli
1355 5304 1510 5357 Rom.
1533 5319 1596 5368 ιι,
1619 5302 1709 5367 15,

111 5418 186 5470 ἰϐ
214 5435 232 5470 :
272 5431 298 5466 ε
330 5412 512 5466 Inter
532 5419 592 5459 se
619 5404 844 5458 invicem
882 5397 1284 5469 cogitationibus
1317 5393 1711 5457 accusantibus,

111 5514 220 5560 aut
249 5499 459 5557 etiam
492 5491 908 5552 defendentibus,
937 5489 990 5542 in
1021 5487 1108 5540 die
1133 5499 1250 5540 cum
1279 5480 1542 5551 judicabit
1573 5478 1713 5533 Deus

108 5592 363 5652 οωυιω
394 5582 687 5639 hominum
707 5582 778 5649 ι),
807 5587 1032 5634 mentem
1056 5575 1166 5645 ejus
1191 5569 1419 5630 stimulis
1445 5581 1708 5641 pungere,

195 5770 249 5802 ι·
281 5771 302 5792 ·
351 5753 526 5816 Psal.
559 5767 751 5818 Lxxxv,
777 5753 863 5806 15.
933 5750 975 5780 ’⁷
1011 5749 1105 5802 Isa.
1130 5761 1241 5801 ιιιί
1262 5784 1279 5812 ,
1309 5741 1405 5797 24.

493 5849 756 5907 Paeon.
795 5847 906 5906 Gn.
941 5843 1121 5906 XVII.

1872 4579 2017 4635 Alias
2046 4581 2216 4647 ignem
2251 4590 2467 4650 peccata
2499 4580 2838 4635 excedentem
2864 4589 2918 4634 et
2951 4589 3328 4644 assumentem,

1808 4667 1970 4722 Deum
2006 4669 2176 4737 ipsum
2205 4682 2325 4722 esse
2366 4668 2495 4732 vult,
2530 4676 2743 4736 propter
2772 4668 2872 4722 hoc
2906 4668 3115 4722 Deum.
3141 4683 3214 4730 ιν,
3237 4668 3330 4734 24,

1813 4778 1831 4810 ι
1863 4757 2114 4812 Dominus
2147 4759 2287 4812 Deus
2325 4766 2445 4812 tuus
2485 4758 2621 4826 ignis
2665 4772 2980 4813 consumens
3011 4768 3114 4814 est.
3143 4778 3162 4811 ι
3207 4759 3334 4814 Inde

1809 4847 2018 4901 homilia
2057 4849 2112 4900 in
2146 4847 2338 4902 lenm.
2374 4847 2438 4912 2,
2473 4863 2617 4901 num.
2641 4848 2706 4913 2,
2747 4859 2801 4902 et
2828 4849 2914 4912 I6,
2951 4863 3098 4904 num.
3141 4849 3174 4902 5
3197 4859 3253 4902 et
3275 4848 3330 4909 6,

1808 4939 1927 5007 igne
1957 4939 2057 4992 hoc
2093 4939 2253 5008 ligna,
2283 4937 2461 4992 fenum
2507 4948 2560 4992 et
2595 4939 2870 5007 stipulam,
2914 4939 3106 4994 Christi
3144 4937 3334 4990 funda-

1811 5036 1986 5082 mento
2026 5036 2426 5096 superstructa,
2468 5042 2627 5096 opera
2675 5043 2859 5098 nempe
2907 5028 3107 5097 peccati
3151 5033 3335 5078 narrat

1811 5117 2033 5179 absumi,
2060 5127 2338 5186 postquam
2366 5119 2540 5171 anima
2565 5117 2724 5171 fuerit
2749 5132 2780 5170 a
2805 5131 3024 5186 corpore
3049 5115 3286 5181 sejuncta
3313 5127 3328 5163 :

1809 5221 1995 5260 aurum
2025 5221 2170 5270 vero,
2213 5216 2513 5276 argentum
2549 5217 2602 5261 ct
2648 5219 2902 5276 gemmas,
2932 5207 3152 5256 virtutes
3188 5196 3334 5250 scili-

1811 5305 1923 5362 cet,
1970 5307 2022 5352 et
2053 5306 2194 5350 recte
2235 5307 2385 5362 acta,
2431 5296 2626 5350 illibata
2659 5306 2713 5349 et
2758 5298 2951 5348 intacta
2997 5284 3219 5341 servari.
3263 5283 3334 5335 At

1811 5384 1941 5439 iib.t
1975 5385 2111 5452 Περὶ
2139 5385 2354 5454 ἀρχῶν,
2393 5400 2509 5454 cap.
2537 5385 2587 5451 1,
2632 5400 2777 5439 num.
2801 5383 2868 5447 2,
2915 5378 3016 5431 alio
3054 5375 3338 5436 detorquet

1811 5477 1981 5531 locum
2035 5476 2173 5530 hunc
2218 5476 2637 5539 Deuteronoutii,
2677 5489 2772 5527 nec
2822 5482 2914 5538 pro
2966 5463 3157 5558 IIII-um
3209 5459 3340 5558 νίιέ

1810 5566 2128 5637 Pursalione
2156 5566 2367 5637 accipit,
2408 5567 2500 5624 sed
2529 5578 2625 5649 pro
2654 5557 2926 5634 praesentis
2965 5552 3122 5627 hujus
3161 5552 3344 5610 gratia

2978 5804 3056 5863 32
