  <div class='ocr_page' id='page_1' title='image "/cluster/home/n/w/nwhite01/storage/ocr_20150623/17 (Origenes, pt. 7)/nyp.33433081862348/524.png"; bbox 0 0 3920 6460; ppageno 0'>
   <div class='ocr_carea' id='block_1_1' title="bbox 282 409 435 468">
    <p class='ocr_par' dir='ltr' id='par_1_1' title="bbox 282 409 435 468">
     <span class='ocr_line' id='line_1_1' title="bbox 282 409 435 468; baseline -0.013 -1"><span class='ocrx_word' id='word_1_1' title='bbox 282 409 435 468; x_wconf 71' lang='grc'>1005</span> 
     </span>
    </p>
   </div>
   <div class='ocr_carea' id='block_1_2' title="bbox 1137 403 2672 497">
    <p class='ocr_par' dir='ltr' id='par_1_2' title="bbox 1137 403 2672 497">
     <span class='ocr_line' id='line_1_2' title="bbox 1137 403 2672 497; baseline 0.003 -13"><span class='ocrx_word' id='word_1_2' title='bbox 1137 421 1684 486; x_wconf 71' lang='grc' dir='ltr'><strong>οιιιρΕΝιΑΝοιιιιιι</strong></span> <span class='ocrx_word' id='word_1_3' title='bbox 1715 424 1845 481; x_wconf 84' lang='lat' dir='ltr'><strong>Lm.</strong></span> <span class='ocrx_word' id='word_1_4' title='bbox 1882 426 1946 493; x_wconf 91' lang='grc' dir='ltr'><strong>ιι,</strong></span> <span class='ocrx_word' id='word_1_5' title='bbox 1981 429 2128 484; x_wconf 63' lang='lat' dir='ltr'><strong>esp.</strong></span> <span class='ocrx_word' id='word_1_6' title='bbox 2166 430 2231 494; x_wconf 94' lang='grc' dir='ltr'><strong>ιι,</strong></span> <span class='ocrx_word' id='word_1_7' title='bbox 2273 431 2539 497; x_wconf 62' lang='lat' dir='ltr'><strong>QUIEST.</strong></span> <span class='ocrx_word' id='word_1_8' title='bbox 2579 403 2672 489; x_wconf 76' lang='lat' dir='ltr'><strong>x’t.</strong></span> 
     </span>
    </p>
   </div>
   <div class='ocr_carea' id='block_1_3' title="bbox 3311 439 3455 494">
    <p class='ocr_par' dir='ltr' id='par_1_3' title="bbox 3311 439 3455 494">
     <span class='ocr_line' id='line_1_3' title="bbox 3311 439 3455 494; baseline 0 0"><span class='ocrx_word' id='word_1_9' title='bbox 3311 439 3455 494; x_wconf 60' lang='lat' dir='ltr'><strong>JOOGx</strong></span> 
     </span>
    </p>
   </div>
   <div class='ocr_carea' id='block_1_4' title="bbox 279 529 3447 606">
    <p class='ocr_par' dir='ltr' id='par_1_4' title="bbox 279 529 3447 606">
     <span class='ocr_line' id='line_1_4' title="bbox 279 529 3447 606; baseline 0.008 -22"><span class='ocrx_word' id='word_1_10' title='bbox 279 529 348 584; x_wconf 85' lang='lat' dir='ltr'><strong>in</strong></span> <span class='ocrx_word' id='word_1_11' title='bbox 397 538 505 597; x_wconf 86' lang='lat' dir='ltr'><strong>qua</strong></span> <span class='ocrx_word' id='word_1_12' title='bbox 532 537 662 584; x_wconf 88' lang='lat' dir='ltr'><strong>sunt</strong></span> <span class='ocrx_word' id='word_1_13' title='bbox 691 536 949 602; x_wconf 70' lang='lat' dir='ltr'><strong>tenebrae,</strong></span> <span class='ocrx_word' id='word_1_14' title='bbox 987 541 1194 595; x_wconf 84' lang='lat' dir='ltr'><strong>nemine</strong></span> <span class='ocrx_word' id='word_1_15' title='bbox 1220 556 1317 596; x_wconf 86' lang='lat' dir='ltr'><strong>eas</strong></span> <span class='ocrx_word' id='word_1_16' title='bbox 1341 541 1683 606; x_wconf 89' lang='lat' dir='ltr'><strong>illuminante,</strong></span> <span class='ocrx_word' id='word_1_17' title='bbox 1713 557 1834 597; x_wconf 89' lang='lat' dir='ltr'><strong>cum</strong></span> <span class='ocrx_word' id='word_1_18' title='bbox 1861 542 1910 598; x_wconf 76' lang='grc' dir='ltr'><strong>Δ</strong></span> <span class='ocrx_word' id='word_1_19' title='bbox 2007 538 2132 592; x_wconf 75' lang='grc' dir='ltr'><strong>ἯΙΙο</strong></span> <span class='ocrx_word' id='word_1_20' title='bbox 2179 540 2526 599; x_wconf 81' lang='lat' dir='ltr'><strong>Nihilominus</strong></span> <span class='ocrx_word' id='word_1_21' title='bbox 2568 553 2741 600; x_wconf 85' lang='lat' dir='ltr'><strong>tamen</strong></span> <span class='ocrx_word' id='word_1_22' title='bbox 2783 544 3062 600; x_wconf 71' lang='lat' dir='ltr'><strong>multorum</strong></span> <span class='ocrx_word' id='word_1_23' title='bbox 3103 550 3447 606; x_wconf 79' lang='lat' dir='ltr'><strong>consensione</strong></span> 
     </span>
    </p>
   </div>
   <div class='ocr_carea' id='block_1_5' title="bbox 275 622 1143 683">
    <p class='ocr_par' dir='ltr' id='par_1_5' title="bbox 275 622 1143 683">
     <span class='ocr_line' id='line_1_5' title="bbox 275 622 1143 683; baseline 0.005 -7"><span class='ocrx_word' id='word_1_24' title='bbox 275 622 406 676; x_wconf 73' lang='lat' dir='ltr'><strong>sint</strong></span> <span class='ocrx_word' id='word_1_25' title='bbox 430 627 588 675; x_wconf 90' lang='lat' dir='ltr'><strong>extra</strong></span> <span class='ocrx_word' id='word_1_26' title='bbox 616 629 792 678; x_wconf 89' lang='lat' dir='ltr'><strong>totum</strong></span> <span class='ocrx_word' id='word_1_27' title='bbox 823 631 1097 683; x_wconf 88' lang='lat' dir='ltr'><strong>mundum.</strong></span> <span class='ocrx_word' id='word_1_28' title='bbox 1125 649 1143 680; x_wconf 70' lang='grc' dir='ltr'>ι</span> 
     </span>
    </p>
   </div>
   <div class='ocr_carea' id='block_1_6' title="bbox 337 710 1834 790">
    <p class='ocr_par' dir='ltr' id='par_1_6' title="bbox 337 710 1834 790">
     <span class='ocr_line' id='line_1_6' title="bbox 337 710 1834 790; baseline 0.009 -23"><span class='ocrx_word' id='word_1_29' title='bbox 337 710 732 783; x_wconf 80' lang='lat' dir='ltr'><strong>Cujuscunque</strong></span> <span class='ocrx_word' id='word_1_30' title='bbox 755 731 915 782; x_wconf 89' lang='lat' dir='ltr'><strong>porro</strong></span> <span class='ocrx_word' id='word_1_31' title='bbox 930 721 1136 790; x_wconf 90' lang='lat' dir='ltr'><strong>generis</strong></span> <span class='ocrx_word' id='word_1_32' title='bbox 1151 721 1256 774; x_wconf 91' lang='lat' dir='ltr'><strong>sint</strong></span> <span class='ocrx_word' id='word_1_33' title='bbox 1273 735 1458 790; x_wconf 69' lang='lat' dir='ltr'><strong>ptenaa,</strong></span> <span class='ocrx_word' id='word_1_34' title='bbox 1476 722 1834 780; x_wconf 76' lang='lat' dir='ltr'><strong>vehementius</strong></span> 
     </span>
    </p>
   </div>
   <div class='ocr_carea' id='block_1_7' title="bbox 268 803 1832 881">
    <p class='ocr_par' dir='ltr' id='par_1_7' title="bbox 268 803 1832 881">
     <span class='ocr_line' id='line_1_7' title="bbox 268 803 1832 881; baseline 0.008 -24"><span class='ocrx_word' id='word_1_35' title='bbox 268 803 352 857; x_wconf 90' lang='lat' dir='ltr'><strong>iis</strong></span> <span class='ocrx_word' id='word_1_36' title='bbox 402 803 710 858; x_wconf 87' lang='lat' dir='ltr'><strong>cruciatum</strong></span> <span class='ocrx_word' id='word_1_37' title='bbox 743 805 806 858; x_wconf 91' lang='lat' dir='ltr'><strong>iri</strong></span> <span class='ocrx_word' id='word_1_38' title='bbox 839 821 1057 875; x_wconf 90' lang='lat' dir='ltr'><strong>corpora</strong></span> <span class='ocrx_word' id='word_1_39' title='bbox 1087 817 1253 874; x_wconf 91' lang='lat' dir='ltr'><strong>putat,</strong></span> <span class='ocrx_word' id='word_1_40' title='bbox 1281 810 1467 878; x_wconf 86' lang='lat' dir='ltr'><strong>quibus</strong></span> <span class='ocrx_word' id='word_1_41' title='bbox 1496 823 1832 881; x_wconf 79' lang='lat' dir='ltr'><strong>resurgentes</strong></span> 
     </span>
    </p>
   </div>
   <div class='ocr_carea' id='block_1_8' title="bbox 268 892 1832 972">
    <p class='ocr_par' dir='ltr' id='par_1_8' title="bbox 268 892 1832 972">
     <span class='ocr_line' id='line_1_8' title="bbox 268 892 1832 972; baseline 0.01 -28"><span class='ocrx_word' id='word_1_42' title='bbox 268 892 624 958; x_wconf 87' lang='lat' dir='ltr'><strong>induemur;</strong></span> <span class='ocrx_word' id='word_1_43' title='bbox 651 902 834 963; x_wconf 84' lang='lat' dir='ltr'><strong>utpote</strong></span> <span class='ocrx_word' id='word_1_44' title='bbox 857 896 1124 952; x_wconf 86' lang='lat' dir='ltr'><strong>subtiliora</strong></span> <span class='ocrx_word' id='word_1_45' title='bbox 1153 907 1206 951; x_wconf 89' lang='lat' dir='ltr'><strong>et</strong></span> <span class='ocrx_word' id='word_1_46' title='bbox 1233 899 1506 967; x_wconf 81' lang='lat' dir='ltr'><strong>spiritalia,</strong></span> <span class='ocrx_word' id='word_1_47' title='bbox 1531 916 1686 968; x_wconf 82' lang='lat' dir='ltr'><strong>quam</strong></span> <span class='ocrx_word' id='word_1_48' title='bbox 1714 919 1832 972; x_wconf 70' lang='lat' dir='ltr'><strong>qua:</strong></span> 
     </span>
    </p>
   </div>
   <div class='ocr_carea' id='block_1_9' title="bbox 263 982 1831 1062">
    <p class='ocr_par' dir='ltr' id='par_1_9' title="bbox 263 982 1831 1062">
     <span class='ocr_line' id='line_1_9' title="bbox 263 982 1831 1062; baseline 0.008 -27"><span class='ocrx_word' id='word_1_49' title='bbox 263 982 392 1035; x_wconf 80' lang='lat' dir='ltr'><strong>hac</strong></span> <span class='ocrx_word' id='word_1_50' title='bbox 421 982 486 1036; x_wconf 86' lang='lat' dir='ltr'><strong>in</strong></span> <span class='ocrx_word' id='word_1_51' title='bbox 509 985 623 1037; x_wconf 90' lang='lat' dir='ltr'><strong>vita</strong></span> <span class='ocrx_word' id='word_1_52' title='bbox 646 993 944 1052; x_wconf 79' lang='lat' dir='ltr'><strong>gestamus;</strong></span> <span class='ocrx_word' id='word_1_53' title='bbox 969 989 1400 1055; x_wconf 84' lang='lat' dir='ltr'><strong>quemadmodum</strong></span> <span class='ocrx_word' id='word_1_54' title='bbox 1423 992 1618 1044; x_wconf 91' lang='lat' dir='ltr'><strong>nudum</strong></span> <span class='ocrx_word' id='word_1_55' title='bbox 1641 1006 1831 1062; x_wconf 89' lang='lat' dir='ltr'><strong>corpus</strong></span> 
     </span>
    </p>
   </div>
   <div class='ocr_carea' id='block_1_10' title="bbox 263 1071 1829 1150">
    <p class='ocr_par' dir='ltr' id='par_1_10' title="bbox 263 1071 1829 1150">
     <span class='ocr_line' id='line_1_10' title="bbox 263 1071 1829 1150; baseline 0.008 -27"><span class='ocrx_word' id='word_1_56' title='bbox 263 1071 513 1128; x_wconf 88' lang='lat' dir='ltr'><strong>mollius</strong></span> <span class='ocrx_word' id='word_1_57' title='bbox 543 1082 625 1127; x_wconf 89' lang='lat' dir='ltr'><strong>est</strong></span> <span class='ocrx_word' id='word_1_58' title='bbox 652 1075 718 1128; x_wconf 90' lang='lat' dir='ltr'><strong>ad</strong></span> <span class='ocrx_word' id='word_1_59' title='bbox 747 1077 988 1138; x_wconf 88' lang='lat' dir='ltr'><strong>verbera,</strong></span> <span class='ocrx_word' id='word_1_60' title='bbox 1014 1078 1180 1144; x_wconf 89' lang='lat' dir='ltr'><strong>iisque</strong></span> <span class='ocrx_word' id='word_1_61' title='bbox 1206 1079 1376 1133; x_wconf 89' lang='lat' dir='ltr'><strong>aerius</strong></span> <span class='ocrx_word' id='word_1_62' title='bbox 1398 1079 1642 1147; x_wconf 78' lang='lat' dir='ltr'><strong>afficitur,</strong></span> <span class='ocrx_word' id='word_1_63' title='bbox 1674 1097 1829 1150; x_wconf 91' lang='lat' dir='ltr'><strong>quam</strong></span> 
     </span>
    </p>
   </div>
   <div class='ocr_carea' id='block_1_11' title="bbox 257 1159 1829 1233">
    <p class='ocr_par' dir='ltr' id='par_1_11' title="bbox 257 1159 1829 1233">
     <span class='ocr_line' id='line_1_11' title="bbox 257 1159 1829 1233; baseline 0.007 -19"><span class='ocrx_word' id='word_1_64' title='bbox 257 1159 312 1214; x_wconf 83' lang='lat' dir='ltr'><strong>si</strong></span> <span class='ocrx_word' id='word_1_65' title='bbox 352 1171 530 1215; x_wconf 82' lang='lat' dir='ltr'><strong>veste</strong></span> <span class='ocrx_word' id='word_1_66' title='bbox 554 1171 889 1230; x_wconf 74' lang='lat' dir='ltr'><strong>contegatur.</strong></span> <span class='ocrx_word' id='word_1_67' title='bbox 919 1166 1089 1219; x_wconf 83' lang='lat' dir='ltr'><strong>Verba</strong></span> <span class='ocrx_word' id='word_1_68' title='bbox 1117 1166 1356 1233; x_wconf 87' lang='lat' dir='ltr'><strong>Origenis</strong></span> <span class='ocrx_word' id='word_1_69' title='bbox 1381 1182 1410 1222; x_wconf 94' lang='lat' dir='ltr'><strong>e</strong></span> <span class='ocrx_word' id='word_1_70' title='bbox 1448 1168 1829 1226; x_wconf 73' lang='lat' dir='ltr'><strong>Commentario</strong></span> 
     </span>
    </p>
   </div>
   <div class='ocr_carea' id='block_1_12' title="bbox 257 1249 1832 1330">
    <p class='ocr_par' dir='ltr' id='par_1_12' title="bbox 257 1249 1832 1330">
     <span class='ocr_line' id='line_1_12' title="bbox 257 1249 1832 1330; baseline 0.011 -30"><span class='ocrx_word' id='word_1_71' title='bbox 257 1249 320 1301; x_wconf 82' lang='lat' dir='ltr'><strong>in</strong></span> <span class='ocrx_word' id='word_1_72' title='bbox 356 1251 571 1316; x_wconf 75' lang='lat' dir='ltr'><strong>psalm.</strong></span> <span class='ocrx_word' id='word_1_73' title='bbox 619 1267 706 1316; x_wconf 79' lang='lat' dir='ltr'><strong>vt,</strong></span> <span class='ocrx_word' id='word_1_74' title='bbox 750 1269 871 1323; x_wconf 77' lang='lat' dir='ltr'><strong>pag.</strong></span> <span class='ocrx_word' id='word_1_75' title='bbox 897 1253 1015 1318; x_wconf 84' lang='lat'><strong>580,</strong></span> <span class='ocrx_word' id='word_1_76' title='bbox 1058 1257 1356 1325; x_wconf 84' lang='lat' dir='ltr'><strong>Pamphilus</strong></span> <span class='ocrx_word' id='word_1_77' title='bbox 1388 1260 1440 1312; x_wconf 93' lang='lat' dir='ltr'><strong>in</strong></span> <span class='ocrx_word' id='word_1_78' title='bbox 1471 1261 1716 1330; x_wconf 83' lang='lat' dir='ltr'><strong>Apologia</strong></span> <span class='ocrx_word' id='word_1_79' title='bbox 1747 1279 1832 1318; x_wconf 84' lang='lat' dir='ltr'><strong>re-</strong></span> 
     </span>
    </p>
   </div>
   <div class='ocr_carea' id='block_1_13' title="bbox 259 1338 1831 1417">
    <p class='ocr_par' dir='ltr' id='par_1_13' title="bbox 259 1338 1831 1417">
     <span class='ocr_line' id='line_1_13' title="bbox 259 1338 1831 1417; baseline 0.009 -25"><span class='ocrx_word' id='word_1_80' title='bbox 259 1338 504 1394; x_wconf 80' lang='lat' dir='ltr'><strong>citavit.</strong></span> <span class='ocrx_word' id='word_1_81' title='bbox 554 1340 794 1410; x_wconf 87' lang='lat' dir='ltr'><strong>Denique</strong></span> <span class='ocrx_word' id='word_1_82' title='bbox 836 1344 1183 1415; x_wconf 86' lang='lat' dir='ltr'><strong>Hieronymus</strong></span> <span class='ocrx_word' id='word_1_83' title='bbox 1226 1348 1279 1401; x_wconf 92' lang='lat' dir='ltr'><strong>in</strong></span> <span class='ocrx_word' id='word_1_84' title='bbox 1312 1349 1466 1417; x_wconf 88' lang='lat' dir='ltr'><strong>epist.</strong></span> <span class='ocrx_word' id='word_1_85' title='bbox 1492 1350 1582 1414; x_wconf 85' lang='lat'><strong>95,</strong></span> <span class='ocrx_word' id='word_1_86' title='bbox 1608 1353 1672 1404; x_wconf 90' lang='lat' dir='ltr'><strong>ad</strong></span> <span class='ocrx_word' id='word_1_87' title='bbox 1703 1355 1831 1407; x_wconf 86' lang='lat' dir='ltr'><strong>Avi-</strong></span> 
     </span>
    </p>
   </div>
   <div class='ocr_carea' id='block_1_14' title="bbox 257 1431 1828 1504">
    <p class='ocr_par' dir='ltr' id='par_1_14' title="bbox 257 1431 1828 1504">
     <span class='ocr_line' id='line_1_14' title="bbox 257 1431 1828 1504; baseline 0.01 -23"><span class='ocrx_word' id='word_1_88' title='bbox 257 1437 416 1492; x_wconf 89' lang='lat' dir='ltr'><strong>tum,</strong></span> <span class='ocrx_word' id='word_1_89' title='bbox 456 1444 586 1498; x_wconf 89' lang='lat' dir='ltr'><strong>cap.</strong></span> <span class='ocrx_word' id='word_1_90' title='bbox 611 1431 663 1495; x_wconf 78' lang='grc'><strong>1,</strong></span> <span class='ocrx_word' id='word_1_91' title='bbox 695 1433 973 1499; x_wconf 84' lang='lat' dir='ltr'><strong>scripsisse</strong></span> <span class='ocrx_word' id='word_1_92' title='bbox 999 1435 1278 1504; x_wconf 90' lang='lat' dir='ltr'><strong>Origenem</strong></span> <span class='ocrx_word' id='word_1_93' title='bbox 1307 1437 1470 1493; x_wconf 80' lang='lat' dir='ltr'><strong>refert</strong></span> <span class='ocrx_word' id='word_1_94' title='bbox 1498 1441 1549 1494; x_wconf 92' lang='lat' dir='ltr'><strong>in</strong></span> <span class='ocrx_word' id='word_1_95' title='bbox 1583 1441 1686 1496; x_wconf 82' lang='lat' dir='ltr'><strong>line</strong></span> <span class='ocrx_word' id='word_1_96' title='bbox 1709 1441 1828 1497; x_wconf 90' lang='lat' dir='ltr'><strong>libri</strong></span> 
     </span>
    </p>
   </div>
   <div class='ocr_carea' id='block_1_15' title="bbox 252 1517 1828 1599">
    <p class='ocr_par' dir='ltr' id='par_1_15' title="bbox 252 1517 1828 1599">
     <span class='ocr_line' id='line_1_15' title="bbox 252 1517 1828 1599; baseline 0.011 -29"><span class='ocrx_word' id='word_1_97' title='bbox 252 1517 446 1585; x_wconf 89' lang='lat' dir='ltr'><strong>primi</strong></span> <span class='ocrx_word' id='word_1_98' title='bbox 491 1520 639 1587; x_wconf 83' lang='lat' dir='ltr'><strong>Hepl</strong></span> <span class='ocrx_word' id='word_1_99' title='bbox 688 1521 904 1590; x_wconf 73' lang='grc' dir='ltr'><strong>ἀρχῶν,</strong></span> <span class='ocrx_word' id='word_1_100' title='bbox 937 1525 1161 1577; x_wconf 90' lang='lat' dir='ltr'><strong>animam</strong></span> <span class='ocrx_word' id='word_1_101' title='bbox 1201 1529 1511 1596; x_wconf 87' lang='lat' dir='ltr'><strong>quandoque</strong></span> <span class='ocrx_word' id='word_1_102' title='bbox 1555 1548 1572 1580; x_wconf 77' lang='grc' dir='ltr'>ι</span> <span class='ocrx_word' id='word_1_103' title='bbox 1603 1546 1698 1599; x_wconf 85' lang='lat' dir='ltr'><strong>pro</strong></span> <span class='ocrx_word' id='word_1_104' title='bbox 1728 1531 1828 1586; x_wconf 86' lang='lat' dir='ltr'><strong>do-</strong></span> 
     </span>
    </p>
   </div>
   <div class='ocr_carea' id='block_1_16' title="bbox 255 1606 1829 1689">
    <p class='ocr_par' dir='ltr' id='par_1_16' title="bbox 255 1606 1829 1689">
     <span class='ocr_line' id='line_1_16' title="bbox 255 1606 1829 1689; baseline 0.011 -30"><span class='ocrx_word' id='word_1_105' title='bbox 255 1606 390 1662; x_wconf 85' lang='lat' dir='ltr'><strong>lore</strong></span> <span class='ocrx_word' id='word_1_106' title='bbox 436 1623 730 1677; x_wconf 67' lang='lat' dir='ltr'><strong>poenarum</strong></span> <span class='ocrx_word' id='word_1_107' title='bbox 777 1621 831 1666; x_wconf 90' lang='lat' dir='ltr'><strong>et</strong></span> <span class='ocrx_word' id='word_1_108' title='bbox 883 1611 1016 1681; x_wconf 88' lang='lat' dir='ltr'><strong>ignis</strong></span> <span class='ocrx_word' id='word_1_109' title='bbox 1059 1614 1267 1678; x_wconf 91' lang='lat' dir='ltr'><strong>ardore,</strong></span> <span class='ocrx_word' id='word_1_110' title='bbox 1307 1618 1476 1687; x_wconf 88' lang='lat' dir='ltr'><strong>magis</strong></span> <span class='ocrx_word' id='word_1_111' title='bbox 1519 1619 1712 1689; x_wconf 88' lang='lat' dir='ltr'><strong>eligere</strong></span> <span class='ocrx_word' id='word_1_112' title='bbox 1769 1632 1829 1676; x_wconf 87' lang='lat' dir='ltr'><strong>ut</strong></span> 
     </span>
    </p>
   </div>
   <div class='ocr_carea' id='block_1_17' title="bbox 254 1695 1826 1771">
    <p class='ocr_par' dir='ltr' id='par_1_17' title="bbox 254 1695 1826 1771">
     <span class='ocr_line' id='line_1_17' title="bbox 254 1695 1826 1771; baseline 0.009 -22"><span class='ocrx_word' id='word_1_113' title='bbox 254 1695 512 1751; x_wconf 85' lang='lat' dir='ltr'><strong>brutum</strong></span> <span class='ocrx_word' id='word_1_114' title='bbox 563 1697 764 1753; x_wconf 87' lang='lat' dir='ltr'><strong>animal</strong></span> <span class='ocrx_word' id='word_1_115' title='bbox 797 1698 888 1764; x_wconf 85' lang='lat' dir='ltr'><strong>sit,</strong></span> <span class='ocrx_word' id='word_1_116' title='bbox 928 1708 982 1754; x_wconf 88' lang='lat' dir='ltr'><strong>et</strong></span> <span class='ocrx_word' id='word_1_117' title='bbox 1016 1701 1065 1755; x_wconf 93' lang='lat' dir='ltr'><strong>in</strong></span> <span class='ocrx_word' id='word_1_118' title='bbox 1102 1704 1252 1771; x_wconf 87' lang='lat' dir='ltr'><strong>aquis</strong></span> <span class='ocrx_word' id='word_1_119' title='bbox 1289 1705 1516 1768; x_wconf 81' lang='lat' dir='ltr'><strong>habitet,</strong></span> <span class='ocrx_word' id='word_1_120' title='bbox 1559 1717 1614 1760; x_wconf 89' lang='lat' dir='ltr'><strong>et</strong></span> <span class='ocrx_word' id='word_1_121' title='bbox 1652 1707 1826 1763; x_wconf 84' lang='lat' dir='ltr'><strong>ﬂucti-</strong></span> 
     </span>
    </p>
   </div>
   <div class='ocr_carea' id='block_1_18' title="bbox 250 1783 1826 1866">
    <p class='ocr_par' dir='ltr' id='par_1_18' title="bbox 250 1783 1826 1866">
     <span class='ocr_line' id='line_1_18' title="bbox 250 1783 1826 1866; baseline 0.01 -29"><span class='ocrx_word' id='word_1_122' title='bbox 250 1783 415 1850; x_wconf 85' lang='lat' dir='ltr'><strong>bus,</strong></span> <span class='ocrx_word' id='word_1_123' title='bbox 468 1799 538 1840; x_wconf 87' lang='lat' dir='ltr'><strong>ac</strong></span> <span class='ocrx_word' id='word_1_124' title='bbox 582 1800 778 1856; x_wconf 90' lang='lat' dir='ltr'><strong>corpus</strong></span> <span class='ocrx_word' id='word_1_125' title='bbox 823 1801 1091 1846; x_wconf 86' lang='lat' dir='ltr'><strong>assumere</strong></span> <span class='ocrx_word' id='word_1_126' title='bbox 1138 1792 1294 1862; x_wconf 83' lang='lat' dir='ltr'><strong>hujus</strong></span> <span class='ocrx_word' id='word_1_127' title='bbox 1343 1793 1427 1848; x_wconf 94' lang='lat' dir='ltr'><strong>vel</strong></span> <span class='ocrx_word' id='word_1_128' title='bbox 1475 1793 1614 1851; x_wconf 88' lang='lat' dir='ltr'><strong>illius</strong></span> <span class='ocrx_word' id='word_1_129' title='bbox 1666 1811 1826 1866; x_wconf 87' lang='lat' dir='ltr'><strong>peco-</strong></span> 
     </span>
    </p>
   </div>
   <div class='ocr_carea' id='block_1_19' title="bbox 250 1873 363 1928">
    <p class='ocr_par' dir='ltr' id='par_1_19' title="bbox 250 1873 363 1928">
     <span class='ocr_line' id='line_1_19' title="bbox 250 1873 363 1928; baseline -0.018 0"><span class='ocrx_word' id='word_1_130' title='bbox 250 1873 363 1928; x_wconf 79' lang='lat' dir='ltr'><strong>ris.</strong></span> 
     </span>
    </p>
   </div>
   <div class='ocr_carea' id='block_1_20' title="bbox 324 1963 1824 2046">
    <p class='ocr_par' dir='ltr' id='par_1_20' title="bbox 324 1963 1824 2046">
     <span class='ocr_line' id='line_1_20' title="bbox 324 1963 1824 2046; baseline 0.009 -28"><span class='ocrx_word' id='word_1_131' title='bbox 324 1963 468 2018; x_wconf 79' lang='lat' dir='ltr'><strong>VII.</strong></span> <span class='ocrx_word' id='word_1_132' title='bbox 511 1965 862 2035; x_wconf 81' lang='lat' dir='ltr'><strong>Multiplicem</strong></span> <span class='ocrx_word' id='word_1_133' title='bbox 895 1980 1302 2028; x_wconf 85' lang='lat' dir='ltr'><strong>commemorata</strong></span> <span class='ocrx_word' id='word_1_134' title='bbox 1331 1973 1575 2044; x_wconf 83' lang='lat' dir='ltr'><strong>dogmata</strong></span> <span class='ocrx_word' id='word_1_135' title='bbox 1614 1974 1824 2046; x_wconf 85' lang='lat' dir='ltr'><strong>Origeni</strong></span> 
     </span>
    </p>
   </div>
   <div class='ocr_carea' id='block_1_21' title="bbox 246 2054 1820 2130">
    <p class='ocr_par' dir='ltr' id='par_1_21' title="bbox 246 2054 1820 2130">
     <span class='ocr_line' id='line_1_21' title="bbox 246 2054 1820 2130; baseline 0.008 -24"><span class='ocrx_word' id='word_1_136' title='bbox 246 2054 761 2121; x_wconf 79' lang='lat' dir='ltr'><strong>exprobrationem</strong></span> <span class='ocrx_word' id='word_1_137' title='bbox 809 2073 1079 2127; x_wconf 84' lang='lat' dir='ltr'><strong>peperere.</strong></span> <span class='ocrx_word' id='word_1_138' title='bbox 1125 2059 1266 2116; x_wconf 91' lang='lat' dir='ltr'><strong>lnter</strong></span> <span class='ocrx_word' id='word_1_139' title='bbox 1313 2063 1412 2116; x_wconf 90' lang='lat' dir='ltr'><strong>alia</strong></span> <span class='ocrx_word' id='word_1_140' title='bbox 1470 2062 1730 2130; x_wconf 91' lang='lat' dir='ltr'><strong>objectum</strong></span> <span class='ocrx_word' id='word_1_141' title='bbox 1772 2065 1820 2120; x_wconf 90' lang='lat' dir='ltr'><strong>ei</strong></span> 
     </span>
    </p>
   </div>
   <div class='ocr_carea' id='block_1_22' title="bbox 249 2144 1822 2220">
    <p class='ocr_par' dir='ltr' id='par_1_22' title="bbox 249 2144 1822 2220">
     <span class='ocr_line' id='line_1_22' title="bbox 249 2144 1822 2220; baseline 0.008 -24"><span class='ocrx_word' id='word_1_142' title='bbox 249 2155 475 2197; x_wconf 84' lang='lat' dir='ltr'><strong>narrat</strong></span> <span class='ocrx_word' id='word_1_143' title='bbox 532 2144 843 2214; x_wconf 83' lang='lat' dir='ltr'><strong>Pamphilus</strong></span> <span class='ocrx_word' id='word_1_144' title='bbox 901 2149 953 2203; x_wconf 93' lang='lat' dir='ltr'><strong>in</strong></span> <span class='ocrx_word' id='word_1_145' title='bbox 1013 2149 1355 2220; x_wconf 82' lang='lat' dir='ltr'><strong>Apologetico,</strong></span> <span class='ocrx_word' id='word_1_146' title='bbox 1402 2159 1626 2220; x_wconf 83' lang='lat' dir='ltr'><strong>negasse</strong></span> <span class='ocrx_word' id='word_1_147' title='bbox 1677 2153 1822 2208; x_wconf 88' lang='lat' dir='ltr'><strong>illum</strong></span> 
     </span>
    </p>
   </div>
   <div class='ocr_carea' id='block_1_23' title="bbox 251 2235 1820 2310">
    <p class='ocr_par' dir='ltr' id='par_1_23' title="bbox 251 2235 1820 2310">
     <span class='ocr_line' id='line_1_23' title="bbox 251 2235 1820 2310; baseline 0.007 -22"><span class='ocrx_word' id='word_1_148' title='bbox 251 2235 541 2290; x_wconf 80' lang='lat' dir='ltr'><strong>scelestis</strong></span> <span class='ocrx_word' id='word_1_149' title='bbox 580 2236 853 2292; x_wconf 82' lang='lat' dir='ltr'><strong>inferenda</strong></span> <span class='ocrx_word' id='word_1_150' title='bbox 887 2240 1169 2308; x_wconf 87' lang='lat' dir='ltr'><strong>supplicia;</strong></span> <span class='ocrx_word' id='word_1_151' title='bbox 1215 2242 1352 2309; x_wconf 91' lang='lat' dir='ltr'><strong>quod</strong></span> <span class='ocrx_word' id='word_1_152' title='bbox 1384 2256 1592 2310; x_wconf 75' lang='lat' dir='ltr'><strong>poenam</strong></span> <span class='ocrx_word' id='word_1_153' title='bbox 1618 2258 1820 2309; x_wconf 86' lang='lat' dir='ltr'><strong>sensus,</strong></span> 
     </span>
    </p>
   </div>
   <div class='ocr_carea' id='block_1_24' title="bbox 245 2327 1826 2401">
    <p class='ocr_par' dir='ltr' id='par_1_24' title="bbox 245 2327 1826 2401">
     <span class='ocr_line' id='line_1_24' title="bbox 245 2327 1826 2401; baseline 0.007 -24"><span class='ocrx_word' id='word_1_154' title='bbox 245 2333 312 2378; x_wconf 92' lang='lat' dir='ltr'><strong>ut</strong></span> <span class='ocrx_word' id='word_1_155' title='bbox 349 2333 612 2391; x_wconf 84' lang='lat' dir='ltr'><strong>vocant,</strong></span> <span class='ocrx_word' id='word_1_156' title='bbox 661 2327 903 2382; x_wconf 88' lang='lat' dir='ltr'><strong>videatur</strong></span> <span class='ocrx_word' id='word_1_157' title='bbox 947 2328 1250 2395; x_wconf 88' lang='lat' dir='ltr'><strong>sustulisse,</strong></span> <span class='ocrx_word' id='word_1_158' title='bbox 1295 2345 1415 2384; x_wconf 90' lang='lat' dir='ltr'><strong>cum</strong></span> <span class='ocrx_word' id='word_1_159' title='bbox 1452 2331 1626 2401; x_wconf 90' lang='lat' dir='ltr'><strong>ignem</strong></span> <span class='ocrx_word' id='word_1_160' title='bbox 1672 2343 1826 2388; x_wconf 70' lang='lat' dir='ltr'><strong>aeter-</strong></span> 
     </span>
    </p>
   </div>
   <div class='ocr_carea' id='block_1_25' title="bbox 247 2415 1826 2489">
    <p class='ocr_par' dir='ltr' id='par_1_25' title="bbox 247 2415 1826 2489">
     <span class='ocr_line' id='line_1_25' title="bbox 247 2415 1826 2489; baseline 0.007 -21"><span class='ocrx_word' id='word_1_161' title='bbox 247 2430 400 2469; x_wconf 88' lang='lat' dir='ltr'><strong>num</strong></span> <span class='ocrx_word' id='word_1_162' title='bbox 471 2415 860 2484; x_wconf 86' lang='lat' dir='ltr'><strong>interpretatus</strong></span> <span class='ocrx_word' id='word_1_163' title='bbox 913 2427 994 2472; x_wconf 90' lang='lat' dir='ltr'><strong>est</strong></span> <span class='ocrx_word' id='word_1_164' title='bbox 1053 2419 1478 2488; x_wconf 82' lang='lat' dir='ltr'><strong>perturbationes</strong></span> <span class='ocrx_word' id='word_1_165' title='bbox 1530 2423 1726 2489; x_wconf 89' lang='lat' dir='ltr'><strong>animi,</strong></span> <span class='ocrx_word' id='word_1_166' title='bbox 1771 2433 1826 2480; x_wconf 90' lang='lat' dir='ltr'><strong>et</strong></span> 
     </span>
    </p>
   </div>
   <div class='ocr_carea' id='block_1_26' title="bbox 244 2504 1823 2581">
    <p class='ocr_par' dir='ltr' id='par_1_26' title="bbox 244 2504 1823 2581">
     <span class='ocr_line' id='line_1_26' title="bbox 244 2504 1823 2581; baseline 0.004 -22"><span class='ocrx_word' id='word_1_167' title='bbox 244 2504 635 2559; x_wconf 70' lang='lat' dir='ltr'><strong>conscientia:</strong></span> <span class='ocrx_word' id='word_1_168' title='bbox 676 2505 935 2560; x_wconf 87' lang='lat' dir='ltr'><strong>stimulos.</strong></span> <span class='ocrx_word' id='word_1_169' title='bbox 974 2506 1047 2562; x_wconf 85' lang='lat' dir='ltr'><strong>Eo</strong></span> <span class='ocrx_word' id='word_1_170' title='bbox 1088 2516 1326 2576; x_wconf 88' lang='lat' dir='ltr'><strong>spectant</strong></span> <span class='ocrx_word' id='word_1_171' title='bbox 1373 2509 1475 2563; x_wconf 90' lang='lat' dir='ltr'><strong>ista</strong></span> <span class='ocrx_word' id='word_1_172' title='bbox 1522 2506 1823 2581; x_wconf 84' lang='lat' dir='ltr'><strong>Hieronymi</strong></span> 
     </span>
    </p>
   </div>
   <div class='ocr_carea' id='block_1_27' title="bbox 242 2591 1826 2669">
    <p class='ocr_par' dir='ltr' id='par_1_27' title="bbox 242 2591 1826 2669">
     <span class='ocr_line' id='line_1_27' title="bbox 242 2591 1826 2669; baseline 0.006 -23"><span class='ocrx_word' id='word_1_173' title='bbox 242 2592 348 2648; x_wconf 89' lang='lat' dir='ltr'><strong>lib.</strong></span> <span class='ocrx_word' id='word_1_174' title='bbox 380 2608 460 2646; x_wconf 81' lang='grc' dir='ltr'>ιιι</span> <span class='ocrx_word' id='word_1_175' title='bbox 506 2593 567 2646; x_wconf 84' lang='lat' dir='ltr'><strong>in</strong></span> <span class='ocrx_word' id='word_1_176' title='bbox 601 2591 770 2661; x_wconf 77' lang='lat' dir='ltr'><strong>Epist.</strong></span> <span class='ocrx_word' id='word_1_177' title='bbox 799 2596 865 2647; x_wconf 84' lang='lat' dir='ltr'><strong>ad</strong></span> <span class='ocrx_word' id='word_1_178' title='bbox 892 2595 1080 2663; x_wconf 81' lang='lat' dir='ltr'><strong>Epltes‘.</strong></span> <span class='ocrx_word' id='word_1_179' title='bbox 1102 2605 1154 2661; x_wconf 70' lang='grc' dir='ltr'><strong>ν,</strong></span> <span class='ocrx_word' id='word_1_180' title='bbox 1187 2597 1257 2652; x_wconf 84' lang='lat'><strong>6:</strong></span> <span class='ocrx_word' id='word_1_181' title='bbox 1295 2608 1314 2650; x_wconf 81' lang='lat' dir='ltr'><strong>t</strong></span> <span class='ocrx_word' id='word_1_182' title='bbox 1341 2596 1472 2663; x_wconf 87' lang='lat' dir='ltr'><strong>Quia</strong></span> <span class='ocrx_word' id='word_1_183' title='bbox 1510 2599 1669 2669; x_wconf 77' lang='lat' dir='ltr'><strong>igitur</strong></span> <span class='ocrx_word' id='word_1_184' title='bbox 1705 2611 1826 2655; x_wconf 90' lang='lat' dir='ltr'><strong>sunt</strong></span> 
     </span>
    </p>
   </div>
   <div class='ocr_carea' id='block_1_28' title="bbox 239 2681 1824 2758">
    <p class='ocr_par' dir='ltr' id='par_1_28' title="bbox 239 2681 1824 2758">
     <span class='ocr_line' id='line_1_28' title="bbox 239 2681 1824 2758; baseline 0.007 -22"><span class='ocrx_word' id='word_1_185' title='bbox 239 2681 551 2752; x_wconf 73' lang='lat' dir='ltr'><strong>plerique,</strong></span> <span class='ocrx_word' id='word_1_186' title='bbox 591 2685 683 2752; x_wconf 89' lang='lat' dir='ltr'><strong>qui</strong></span> <span class='ocrx_word' id='word_1_187' title='bbox 720 2685 902 2740; x_wconf 90' lang='lat' dir='ltr'><strong>dicunt</strong></span> <span class='ocrx_word' id='word_1_188' title='bbox 946 2700 1049 2740; x_wconf 92' lang='lat' dir='ltr'><strong>non</strong></span> <span class='ocrx_word' id='word_1_189' title='bbox 1095 2685 1268 2741; x_wconf 82' lang='lat' dir='ltr'><strong>futura</strong></span> <span class='ocrx_word' id='word_1_190' title='bbox 1300 2702 1398 2756; x_wconf 90' lang='lat' dir='ltr'><strong>pro</strong></span> <span class='ocrx_word' id='word_1_191' title='bbox 1429 2691 1662 2758; x_wconf 88' lang='lat' dir='ltr'><strong>peccatis</strong></span> <span class='ocrx_word' id='word_1_192' title='bbox 1708 2707 1824 2747; x_wconf 89' lang='lat' dir='ltr'><strong>esse</strong></span> 
     </span>
    </p>
   </div>
   <div class='ocr_carea' id='block_1_29' title="bbox 240 2775 1823 2844">
    <p class='ocr_par' dir='ltr' id='par_1_29' title="bbox 240 2775 1823 2844">
     <span class='ocr_line' id='line_1_29' title="bbox 240 2775 1823 2844; baseline 0.004 -15"><span class='ocrx_word' id='word_1_193' title='bbox 240 2775 568 2843; x_wconf 87' lang='lat' dir='ltr'><strong>supplicia,</strong></span> <span class='ocrx_word' id='word_1_194' title='bbox 601 2786 700 2830; x_wconf 87' lang='lat' dir='ltr'><strong>nec</strong></span> <span class='ocrx_word' id='word_1_195' title='bbox 729 2776 1064 2830; x_wconf 80' lang='lat' dir='ltr'><strong>extrinsecus</strong></span> <span class='ocrx_word' id='word_1_196' title='bbox 1089 2776 1381 2831; x_wconf 84' lang='lat' dir='ltr'><strong>adhibenda</strong></span> <span class='ocrx_word' id='word_1_197' title='bbox 1413 2785 1700 2844; x_wconf 87' lang='lat' dir='ltr'><strong>tormenta,</strong></span> <span class='ocrx_word' id='word_1_198' title='bbox 1729 2783 1823 2836; x_wconf 88' lang='lat' dir='ltr'><strong>sed</strong></span> 
     </span>
    </p>
   </div>
   <div class='ocr_carea' id='block_1_30' title="bbox 239 2865 1823 2940">
    <p class='ocr_par' dir='ltr' id='par_1_30' title="bbox 239 2865 1823 2940">
     <span class='ocr_line' id='line_1_30' title="bbox 239 2865 1823 2940; baseline 0.006 -23"><span class='ocrx_word' id='word_1_199' title='bbox 239 2865 451 2933; x_wconf 89' lang='lat' dir='ltr'><strong>ipsum</strong></span> <span class='ocrx_word' id='word_1_200' title='bbox 507 2871 784 2933; x_wconf 90' lang='lat' dir='ltr'><strong>peceatum</strong></span> <span class='ocrx_word' id='word_1_201' title='bbox 810 2903 824 2928; x_wconf 93' lang='lat'><strong>,</strong></span> <span class='ocrx_word' id='word_1_202' title='bbox 867 2871 921 2918; x_wconf 90' lang='lat' dir='ltr'><strong>et</strong></span> <span class='ocrx_word' id='word_1_203' title='bbox 963 2865 1334 2920; x_wconf 88' lang='lat' dir='ltr'><strong>conscientiam</strong></span> <span class='ocrx_word' id='word_1_204' title='bbox 1366 2868 1542 2924; x_wconf 88' lang='lat' dir='ltr'><strong>delicti</strong></span> <span class='ocrx_word' id='word_1_205' title='bbox 1583 2885 1701 2926; x_wconf 90' lang='lat' dir='ltr'><strong>esse</strong></span> <span class='ocrx_word' id='word_1_206' title='bbox 1728 2886 1823 2940; x_wconf 91' lang='lat' dir='ltr'><strong>pro</strong></span> 
     </span>
    </p>
   </div>
   <div class='ocr_carea' id='block_1_31' title="bbox 238 2953 1820 3026">
    <p class='ocr_par' dir='ltr' id='par_1_31' title="bbox 238 2953 1820 3026">
     <span class='ocr_line' id='line_1_31' title="bbox 238 2953 1820 3026; baseline 0.005 -18"><span class='ocrx_word' id='word_1_207' title='bbox 238 2968 472 3024; x_wconf 63' lang='lat' dir='ltr'><strong>poena,</strong></span> <span class='ocrx_word' id='word_1_208' title='bbox 506 2953 635 3008; x_wconf 87' lang='lat' dir='ltr'><strong>dum</strong></span> <span class='ocrx_word' id='word_1_209' title='bbox 683 2955 882 3008; x_wconf 83' lang='lat' dir='ltr'><strong>vermis</strong></span> <span class='ocrx_word' id='word_1_210' title='bbox 927 2954 979 3007; x_wconf 93' lang='lat' dir='ltr'><strong>in</strong></span> <span class='ocrx_word' id='word_1_211' title='bbox 1023 2957 1180 3010; x_wconf 89' lang='lat' dir='ltr'><strong>corde</strong></span> <span class='ocrx_word' id='word_1_212' title='bbox 1213 2971 1315 3011; x_wconf 91' lang='lat' dir='ltr'><strong>non</strong></span> <span class='ocrx_word' id='word_1_213' title='bbox 1367 2959 1609 3026; x_wconf 86' lang='lat' dir='ltr'><strong>moritur,</strong></span> <span class='ocrx_word' id='word_1_214' title='bbox 1661 2970 1715 3015; x_wconf 87' lang='lat' dir='ltr'><strong>et</strong></span> <span class='ocrx_word' id='word_1_215' title='bbox 1767 2963 1820 3016; x_wconf 91' lang='lat' dir='ltr'><strong>in</strong></span> 
     </span>
    </p>
   </div>
   <div class='ocr_carea' id='block_1_32' title="bbox 239 3041 1809 3111">
    <p class='ocr_par' dir='ltr' id='par_1_32' title="bbox 239 3041 1809 3111">
     <span class='ocr_line' id='line_1_32' title="bbox 239 3041 1809 3111; baseline 0.004 -15"><span class='ocrx_word' id='word_1_216' title='bbox 239 3043 456 3098; x_wconf 82' lang='lat' dir='ltr'><strong>animo</strong></span> <span class='ocrx_word' id='word_1_217' title='bbox 502 3041 646 3111; x_wconf 82' lang='lat' dir='ltr'><strong>ignis</strong></span> <span class='ocrx_word' id='word_1_218' title='bbox 692 3042 1022 3106; x_wconf 87' lang='lat' dir='ltr'><strong>accenditur,</strong></span> <span class='ocrx_word' id='word_1_219' title='bbox 1070 3043 1123 3096; x_wconf 93' lang='lat' dir='ltr'><strong>in</strong></span> <span class='ocrx_word' id='word_1_220' title='bbox 1174 3044 1574 3101; x_wconf 88' lang='lat' dir='ltr'><strong>similitudinem</strong></span> <span class='ocrx_word' id='word_1_221' title='bbox 1625 3046 1809 3111; x_wconf 83' lang='lat' dir='ltr'><strong>febris,</strong></span> 
     </span>
    </p>
   </div>
   <div class='ocr_carea' id='block_1_33' title="bbox 237 3131 1820 3202">
    <p class='ocr_par' dir='ltr' id='par_1_33' title="bbox 237 3131 1820 3202">
     <span class='ocr_line' id='line_1_33' title="bbox 237 3131 1820 3202; baseline 0.004 -18"><span class='ocrx_word' id='word_1_222' title='bbox 237 3147 373 3202; x_wconf 61' lang='lat' dir='ltr'><strong>qua</strong></span> <span class='ocrx_word' id='word_1_223' title='bbox 410 3146 533 3184; x_wconf 89' lang='lat' dir='ltr'><strong>non</strong></span> <span class='ocrx_word' id='word_1_224' title='bbox 572 3138 785 3199; x_wconf 86' lang='lat' dir='ltr'><strong>torquet</strong></span> <span class='ocrx_word' id='word_1_225' title='bbox 810 3131 1140 3185; x_wconf 80' lang='lat' dir='ltr'><strong>extrinsecus</strong></span> <span class='ocrx_word' id='word_1_226' title='bbox 1166 3143 1532 3201; x_wconf 65' lang='lat' dir='ltr'><strong>aegrotantem,</strong></span> <span class='ocrx_word' id='word_1_227' title='bbox 1571 3137 1662 3190; x_wconf 90' lang='lat' dir='ltr'><strong>sed</strong></span> <span class='ocrx_word' id='word_1_228' title='bbox 1700 3151 1820 3191; x_wconf 87' lang='lat' dir='ltr'><strong>cor-</strong></span> 
     </span>
    </p>
   </div>
   <div class='ocr_carea' id='block_1_34' title="bbox 1931 629 3449 706">
    <p class='ocr_par' dir='ltr' id='par_1_34' title="bbox 1931 629 3449 706">
     <span class='ocr_line' id='line_1_34' title="bbox 1931 629 3449 706; baseline 0.008 -23"><span class='ocrx_word' id='word_1_229' title='bbox 1931 635 1987 683; x_wconf 88' lang='lat' dir='ltr'><strong>et</strong></span> <span class='ocrx_word' id='word_1_230' title='bbox 2029 629 2324 696; x_wconf 88' lang='lat' dir='ltr'><strong>patrocinio</strong></span> <span class='ocrx_word' id='word_1_231' title='bbox 2376 640 2553 687; x_wconf 88' lang='lat' dir='ltr'><strong>noster</strong></span> <span class='ocrx_word' id='word_1_232' title='bbox 2589 633 2841 702; x_wconf 83' lang='lat' dir='ltr'><strong>Origenes</strong></span> <span class='ocrx_word' id='word_1_233' title='bbox 2885 633 3202 698; x_wconf 78' lang='lat' dir='ltr'><strong>defenditur,</strong></span> <span class='ocrx_word' id='word_1_234' title='bbox 3249 651 3449 706; x_wconf 88' lang='lat' dir='ltr'><strong>suaque</strong></span> 
     </span>
    </p>
   </div>
   <div class='ocr_carea' id='block_1_35' title="bbox 1930 714 3448 792">
    <p class='ocr_par' dir='ltr' id='par_1_35' title="bbox 1930 714 3448 792">
     <span class='ocr_line' id='line_1_35' title="bbox 1930 714 3448 792; baseline 0.011 -26"><span class='ocrx_word' id='word_1_235' title='bbox 1930 714 2188 782; x_wconf 86' lang='lat' dir='ltr'><strong>imprimis</strong></span> <span class='ocrx_word' id='word_1_236' title='bbox 2209 715 2552 782; x_wconf 90' lang='lat' dir='ltr'><strong>dubitatione,</strong></span> <span class='ocrx_word' id='word_1_237' title='bbox 2577 733 2692 773; x_wconf 91' lang='lat' dir='ltr'><strong>cum</strong></span> <span class='ocrx_word' id='word_1_238' title='bbox 2718 721 2809 775; x_wconf 94' lang='lat' dir='ltr'><strong>lib.</strong></span> <span class='ocrx_word' id='word_1_239' title='bbox 2837 737 2854 774; x_wconf 94' lang='grc' dir='ltr'>ι</span> <span class='ocrx_word' id='word_1_240' title='bbox 2891 723 3026 790; x_wconf 83' lang='grc' dir='ltr'><strong>Περὶ</strong></span> <span class='ocrx_word' id='word_1_241' title='bbox 3056 724 3273 792; x_wconf 82' lang='grc' dir='ltr'><strong>ἀρχῶν,</strong></span> <span class='ocrx_word' id='word_1_242' title='bbox 3300 727 3448 782; x_wconf 85' lang='lat' dir='ltr'><strong>initio</strong></span> 
     </span>
    </p>
   </div>
   <div class='ocr_carea' id='block_1_36' title="bbox 1930 800 3447 884">
    <p class='ocr_par' dir='ltr' id='par_1_36' title="bbox 1930 800 3447 884">
     <span class='ocr_line' id='line_1_36' title="bbox 1930 800 3447 884; baseline 0.011 -30"><span class='ocrx_word' id='word_1_243' title='bbox 1930 800 2114 868; x_wconf 87' lang='lat' dir='ltr'><strong>capitis</strong></span> <span class='ocrx_word' id='word_1_244' title='bbox 2159 803 2325 869; x_wconf 88' lang='lat' dir='ltr'><strong>sexti,</strong></span> <span class='ocrx_word' id='word_1_245' title='bbox 2376 804 2440 858; x_wconf 92' lang='lat' dir='ltr'><strong>de</strong></span> <span class='ocrx_word' id='word_1_246' title='bbox 2493 820 2666 860; x_wconf 89' lang='lat' dir='ltr'><strong>rerum</strong></span> <span class='ocrx_word' id='word_1_247' title='bbox 2727 813 3221 876; x_wconf 89' lang='lat' dir='ltr'><strong>consummatione,</strong></span> <span class='ocrx_word' id='word_1_248' title='bbox 3277 815 3447 884; x_wconf 86' lang='lat' dir='ltr'><strong>deque</strong></span> 
     </span>
    </p>
   </div>
   <div class='ocr_carea' id='block_1_37' title="bbox 1929 891 3448 968">
    <p class='ocr_par' dir='ltr' id='par_1_37' title="bbox 1929 891 3448 968">
     <span class='ocr_line' id='line_1_37' title="bbox 1929 891 3448 968; baseline 0.009 -24"><span class='ocrx_word' id='word_1_249' title='bbox 1929 891 2101 958; x_wconf 63' lang='lat' dir='ltr'><strong>poenis</strong></span> <span class='ocrx_word' id='word_1_250' title='bbox 2139 893 2534 958; x_wconf 85' lang='lat' dir='ltr'><strong>damnatorum,</strong></span> <span class='ocrx_word' id='word_1_251' title='bbox 2563 910 2624 950; x_wconf 92' lang='lat' dir='ltr'><strong>ac</strong></span> <span class='ocrx_word' id='word_1_252' title='bbox 2654 897 2924 952; x_wconf 88' lang='lat' dir='ltr'><strong>beatorum</strong></span> <span class='ocrx_word' id='word_1_253' title='bbox 2971 901 3204 968; x_wconf 70' lang='lat' dir='ltr'><strong>prmmiis</strong></span> <span class='ocrx_word' id='word_1_254' title='bbox 3234 909 3448 958; x_wconf 82' lang='lat' dir='ltr'><strong>acturus</strong></span> 
     </span>
    </p>
   </div>
   <div class='ocr_carea' id='block_1_38' title="bbox 1930 983 3445 1056">
    <p class='ocr_par' dir='ltr' id='par_1_38' title="bbox 1930 983 3445 1056">
     <span class='ocr_line' id='line_1_38' title="bbox 1930 983 3445 1056; baseline 0.008 -20"><span class='ocrx_word' id='word_1_255' title='bbox 1930 983 2006 1037; x_wconf 91' lang='lat' dir='ltr'><strong>sic</strong></span> <span class='ocrx_word' id='word_1_256' title='bbox 2043 984 2336 1052; x_wconf 70' lang='lat' dir='ltr'><strong>prazl&#39;atur:</strong></span> <span class='ocrx_word' id='word_1_257' title='bbox 2376 1003 2394 1037; x_wconf 75' lang='grc' dir='ltr'>ι</span> <span class='ocrx_word' id='word_1_258' title='bbox 2424 985 2550 1052; x_wconf 68' lang='lat' dir='ltr'><strong>Quae</strong></span> <span class='ocrx_word' id='word_1_259' title='bbox 2593 988 2802 1056; x_wconf 89' lang='lat' dir='ltr'><strong>quidem</strong></span> <span class='ocrx_word' id='word_1_260' title='bbox 2851 1006 2880 1044; x_wconf 91' lang='lat' dir='ltr'><strong>a</strong></span> <span class='ocrx_word' id='word_1_261' title='bbox 2920 992 3070 1046; x_wconf 89' lang='lat' dir='ltr'><strong>nobis</strong></span> <span class='ocrx_word' id='word_1_262' title='bbox 3123 995 3282 1047; x_wconf 89' lang='lat' dir='ltr'><strong>etiam</strong></span> <span class='ocrx_word' id='word_1_263' title='bbox 3326 1009 3445 1048; x_wconf 93' lang='lat' dir='ltr'><strong>eum</strong></span> 
     </span>
    </p>
   </div>
   <div class='ocr_carea' id='block_1_39' title="bbox 1928 1075 3444 1142">
    <p class='ocr_par' dir='ltr' id='par_1_39' title="bbox 1928 1075 3444 1142">
     <span class='ocr_line' id='line_1_39' title="bbox 1928 1075 3444 1142; baseline 0.007 -18"><span class='ocrx_word' id='word_1_264' title='bbox 1928 1085 2118 1140; x_wconf 87' lang='lat' dir='ltr'><strong>magno</strong></span> <span class='ocrx_word' id='word_1_265' title='bbox 2160 1081 2302 1126; x_wconf 90' lang='lat' dir='ltr'><strong>metu</strong></span> <span class='ocrx_word' id='word_1_266' title='bbox 2365 1083 2419 1126; x_wconf 87' lang='lat' dir='ltr'><strong>et</strong></span> <span class='ocrx_word' id='word_1_267' title='bbox 2471 1075 2672 1129; x_wconf 86' lang='lat' dir='ltr'><strong>cautela</strong></span> <span class='ocrx_word' id='word_1_268' title='bbox 2709 1077 2988 1142; x_wconf 81' lang='lat' dir='ltr'><strong>dicuntur,</strong></span> <span class='ocrx_word' id='word_1_269' title='bbox 3037 1077 3444 1136; x_wconf 88' lang='lat' dir='ltr'><strong>diseutientibus</strong></span> 
     </span>
    </p>
   </div>
   <div class='ocr_carea' id='block_1_40' title="bbox 1928 1165 3448 1238">
    <p class='ocr_par' dir='ltr' id='par_1_40' title="bbox 1928 1165 3448 1238">
     <span class='ocr_line' id='line_1_40' title="bbox 1928 1165 3448 1238; baseline 0.007 -23"><span class='ocrx_word' id='word_1_270' title='bbox 1928 1165 2096 1233; x_wconf 87' lang='lat' dir='ltr'><strong>magis</strong></span> <span class='ocrx_word' id='word_1_271' title='bbox 2127 1173 2180 1218; x_wconf 92' lang='lat' dir='ltr'><strong>et</strong></span> <span class='ocrx_word' id='word_1_272' title='bbox 2212 1167 2674 1232; x_wconf 83' lang='lat' dir='ltr'><strong>pertractantibus,</strong></span> <span class='ocrx_word' id='word_1_273' title='bbox 2713 1181 2870 1234; x_wconf 84' lang='lat' dir='ltr'><strong>quam</strong></span> <span class='ocrx_word' id='word_1_274' title='bbox 2902 1185 2996 1238; x_wconf 89' lang='lat' dir='ltr'><strong>pro</strong></span> <span class='ocrx_word' id='word_1_275' title='bbox 3024 1182 3169 1227; x_wconf 89' lang='lat' dir='ltr'><strong>certo</strong></span> <span class='ocrx_word' id='word_1_276' title='bbox 3212 1187 3274 1227; x_wconf 88' lang='lat' dir='ltr'><strong>ac</strong></span> <span class='ocrx_word' id='word_1_277' title='bbox 3318 1173 3448 1228; x_wconf 84' lang='lat' dir='ltr'><strong>deli-</strong></span> 
     </span>
    </p>
   </div>
   <div class='ocr_carea' id='block_1_41' title="bbox 1929 1253 3450 1326">
    <p class='ocr_par' dir='ltr' id='par_1_41' title="bbox 1929 1253 3450 1326">
     <span class='ocr_line' id='line_1_41' title="bbox 1929 1253 3450 1326; baseline 0.007 -21"><span class='ocrx_word' id='word_1_278' title='bbox 1929 1253 2039 1306; x_wconf 91' lang='lat' dir='ltr'><strong>nito</strong></span> <span class='ocrx_word' id='word_1_279' title='bbox 2061 1255 2428 1310; x_wconf 86' lang='lat' dir='ltr'><strong>statuentibus.</strong></span> <span class='ocrx_word' id='word_1_280' title='bbox 2450 1273 2467 1305; x_wconf 78' lang='grc' dir='ltr'>ι</span> <span class='ocrx_word' id='word_1_281' title='bbox 2511 1254 2575 1307; x_wconf 87' lang='grc' dir='ltr'><strong>Ει</strong></span> <span class='ocrx_word' id='word_1_282' title='bbox 2605 1257 2672 1307; x_wconf 86' lang='lat' dir='ltr'><strong>ita</strong></span> <span class='ocrx_word' id='word_1_283' title='bbox 2700 1256 2908 1310; x_wconf 91' lang='lat' dir='ltr'><strong>demum</strong></span> <span class='ocrx_word' id='word_1_284' title='bbox 2943 1271 3098 1326; x_wconf 85' lang='lat' dir='ltr'><strong>caput</strong></span> <span class='ocrx_word' id='word_1_285' title='bbox 3126 1261 3263 1316; x_wconf 91' lang='lat' dir='ltr'><strong>idem</strong></span> <span class='ocrx_word' id='word_1_286' title='bbox 3299 1262 3450 1316; x_wconf 74' lang='lat' dir='ltr'><strong>clau~</strong></span> 
     </span>
    </p>
   </div>
   <div class='ocr_carea' id='block_1_42' title="bbox 1927 1341 3444 1412">
    <p class='ocr_par' dir='ltr' id='par_1_42' title="bbox 1927 1341 3444 1412">
     <span class='ocr_line' id='line_1_42' title="bbox 1927 1341 3444 1412; baseline 0.008 -18"><span class='ocrx_word' id='word_1_287' title='bbox 1927 1341 2048 1395; x_wconf 87' lang='lat' dir='ltr'><strong>dit:</strong></span> <span class='ocrx_word' id='word_1_288' title='bbox 2096 1361 2114 1392; x_wconf 85' lang='grc'><em>‹</em></span> <span class='ocrx_word' id='word_1_289' title='bbox 2140 1343 2347 1399; x_wconf 89' lang='lat' dir='ltr'><strong>Certius</strong></span> <span class='ocrx_word' id='word_1_290' title='bbox 2381 1353 2552 1398; x_wconf 89' lang='lat' dir='ltr'><strong>tamen</strong></span> <span class='ocrx_word' id='word_1_291' title='bbox 2598 1346 2820 1412; x_wconf 91' lang='lat' dir='ltr'><strong>qualiter</strong></span> <span class='ocrx_word' id='word_1_292' title='bbox 2871 1355 2928 1401; x_wconf 79' lang='lat' dir='ltr'><strong>se“</strong></span> <span class='ocrx_word' id='word_1_293' title='bbox 2971 1349 3214 1404; x_wconf 91' lang='lat' dir='ltr'><strong>habitura</strong></span> <span class='ocrx_word' id='word_1_294' title='bbox 3251 1353 3319 1406; x_wconf 88' lang='lat' dir='ltr'><strong>sit</strong></span> <span class='ocrx_word' id='word_1_295' title='bbox 3361 1367 3444 1406; x_wconf 90' lang='lat' dir='ltr'><strong>res</strong></span> 
     </span>
    </p>
   </div>
   <div class='ocr_carea' id='block_1_43' title="bbox 1927 1431 3444 1508">
    <p class='ocr_par' dir='ltr' id='par_1_43' title="bbox 1927 1431 3444 1508">
     <span class='ocr_line' id='line_1_43' title="bbox 1927 1431 3444 1508; baseline 0.006 -23"><span class='ocrx_word' id='word_1_296' title='bbox 1927 1432 2026 1485; x_wconf 90' lang='lat' dir='ltr'><strong>scit</strong></span> <span class='ocrx_word' id='word_1_297' title='bbox 2059 1431 2202 1486; x_wconf 91' lang='lat' dir='ltr'><strong>solus</strong></span> <span class='ocrx_word' id='word_1_298' title='bbox 2228 1434 2383 1498; x_wconf 91' lang='lat' dir='ltr'><strong>Deus,</strong></span> <span class='ocrx_word' id='word_1_299' title='bbox 2410 1442 2464 1487; x_wconf 89' lang='lat' dir='ltr'><strong>et</strong></span> <span class='ocrx_word' id='word_1_300' title='bbox 2490 1437 2532 1490; x_wconf 91' lang='lat' dir='ltr'><strong>si</strong></span> <span class='ocrx_word' id='word_1_301' title='bbox 2561 1437 2647 1506; x_wconf 88' lang='lat' dir='ltr'><strong>qui</strong></span> <span class='ocrx_word' id='word_1_302' title='bbox 2671 1438 2784 1504; x_wconf 85' lang='lat' dir='ltr'><strong>ejus</strong></span> <span class='ocrx_word' id='word_1_303' title='bbox 2815 1436 3082 1490; x_wconf 89' lang='lat' dir='ltr'><strong>Christum</strong></span> <span class='ocrx_word' id='word_1_304' title='bbox 3109 1451 3163 1491; x_wconf 91' lang='lat' dir='ltr'><strong>et</strong></span> <span class='ocrx_word' id='word_1_305' title='bbox 3189 1438 3444 1508; x_wconf 85' lang='lat' dir='ltr'><strong>Spiritum</strong></span> 
     </span>
    </p>
   </div>
   <div class='ocr_carea' id='block_1_44' title="bbox 1926 1525 3448 1594">
    <p class='ocr_par' dir='ltr' id='par_1_44' title="bbox 1926 1525 3448 1594">
     <span class='ocr_line' id='line_1_44' title="bbox 1926 1525 3448 1594; baseline 0.006 -21"><span class='ocrx_word' id='word_1_306' title='bbox 1926 1529 2166 1574; x_wconf 88' lang='lat' dir='ltr'><strong>sanctum</strong></span> <span class='ocrx_word' id='word_1_307' title='bbox 2215 1525 2371 1576; x_wconf 91' lang='lat' dir='ltr'><strong>amici</strong></span> <span class='ocrx_word' id='word_1_308' title='bbox 2427 1534 2568 1578; x_wconf 91' lang='lat' dir='ltr'><strong>sunt.</strong></span> <span class='ocrx_word' id='word_1_309' title='bbox 2601 1545 2618 1575; x_wconf 77' lang='grc' dir='ltr'>ι</span> <span class='ocrx_word' id='word_1_310' title='bbox 2669 1525 2788 1579; x_wconf 89' lang='lat' dir='ltr'><strong>Pari</strong></span> <span class='ocrx_word' id='word_1_311' title='bbox 2837 1540 3045 1594; x_wconf 89' lang='lat' dir='ltr'><strong>quoque</strong></span> <span class='ocrx_word' id='word_1_312' title='bbox 3095 1529 3250 1580; x_wconf 93' lang='lat' dir='ltr'><strong>modo</strong></span> <span class='ocrx_word' id='word_1_313' title='bbox 3295 1529 3448 1582; x_wconf 88' lang='lat' dir='ltr'><strong>initio</strong></span> 
     </span>
    </p>
   </div>
   <div class='ocr_carea' id='block_1_45' title="bbox 1925 1609 3448 1678">
    <p class='ocr_par' dir='ltr' id='par_1_45' title="bbox 1925 1609 3448 1678">
     <span class='ocr_line' id='line_1_45' title="bbox 1925 1609 3448 1678; baseline 0.009 -18"><span class='ocrx_word' id='word_1_314' title='bbox 1925 1609 2111 1676; x_wconf 90' lang='lat' dir='ltr'><strong>capitis</strong></span> <span class='ocrx_word' id='word_1_315' title='bbox 2161 1612 2430 1678; x_wconf 83' lang='lat' dir='ltr'><strong>sequentis</strong></span> <span class='ocrx_word' id='word_1_316' title='bbox 2473 1613 2853 1668; x_wconf 65' lang='lat' dir='ltr'><strong>haesitationem</strong></span> <span class='ocrx_word' id='word_1_317' title='bbox 2899 1630 3047 1668; x_wconf 88' lang='lat' dir='ltr'><strong>suam</strong></span> <span class='ocrx_word' id='word_1_318' title='bbox 3091 1613 3342 1670; x_wconf 88' lang='lat' dir='ltr'><strong>declarat.</strong></span> <span class='ocrx_word' id='word_1_319' title='bbox 3385 1616 3448 1673; x_wconf 79' lang='lat' dir='ltr'><strong>id</strong></span> 
     </span>
    </p>
   </div>
   <div class='ocr_carea' id='block_1_46' title="bbox 1925 1697 3444 1773">
    <p class='ocr_par' dir='ltr' id='par_1_46' title="bbox 1925 1697 3444 1773">
     <span class='ocr_line' id='line_1_46' title="bbox 1925 1697 3444 1773; baseline 0.008 -23"><span class='ocrx_word' id='word_1_320' title='bbox 1925 1709 1992 1750; x_wconf 87' lang='lat' dir='ltr'><strong>ne</strong></span> <span class='ocrx_word' id='word_1_321' title='bbox 2022 1697 2134 1766; x_wconf 90' lang='lat' dir='ltr'><strong>ipse</strong></span> <span class='ocrx_word' id='word_1_322' title='bbox 2185 1701 2398 1767; x_wconf 90' lang='lat' dir='ltr'><strong>quidem</strong></span> <span class='ocrx_word' id='word_1_323' title='bbox 2452 1702 2714 1755; x_wconf 86' lang='lat' dir='ltr'><strong>inliciatus</strong></span> <span class='ocrx_word' id='word_1_324' title='bbox 2769 1711 2854 1756; x_wconf 89' lang='lat' dir='ltr'><strong>est</strong></span> <span class='ocrx_word' id='word_1_325' title='bbox 2899 1702 3277 1773; x_wconf 85' lang='lat' dir='ltr'><strong>Hieronymus,</strong></span> <span class='ocrx_word' id='word_1_326' title='bbox 3321 1722 3444 1762; x_wconf 91' lang='lat' dir='ltr'><strong>cum</strong></span> 
     </span>
    </p>
   </div>
   <div class='ocr_carea' id='block_1_47' title="bbox 1925 1783 3446 1858">
    <p class='ocr_par' dir='ltr' id='par_1_47' title="bbox 1925 1783 3446 1858">
     <span class='ocr_line' id='line_1_47' title="bbox 1925 1783 3446 1858; baseline 0.009 -22"><span class='ocrx_word' id='word_1_327' title='bbox 1925 1783 2078 1850; x_wconf 88' lang='lat' dir='ltr'><strong>epist.</strong></span> <span class='ocrx_word' id='word_1_328' title='bbox 2104 1785 2188 1848; x_wconf 80' lang='lat'><strong>59,</strong></span> <span class='ocrx_word' id='word_1_329' title='bbox 2220 1787 2284 1839; x_wconf 94' lang='lat' dir='ltr'><strong>ad</strong></span> <span class='ocrx_word' id='word_1_330' title='bbox 2313 1788 2475 1854; x_wconf 84' lang='lat' dir='ltr'><strong>Avit.,</strong></span> <span class='ocrx_word' id='word_1_331' title='bbox 2507 1803 2624 1856; x_wconf 90' lang='lat' dir='ltr'><strong>cap.</strong></span> <span class='ocrx_word' id='word_1_332' title='bbox 2651 1789 2700 1852; x_wconf 83' lang='lat' dir='ltr'><strong>l,</strong></span> <span class='ocrx_word' id='word_1_333' title='bbox 2733 1789 3008 1858; x_wconf 82' lang='lat' dir='ltr'><strong>Origenem</strong></span> <span class='ocrx_word' id='word_1_334' title='bbox 3039 1792 3102 1844; x_wconf 91' lang='lat' dir='ltr'><strong>de</strong></span> <span class='ocrx_word' id='word_1_335' title='bbox 3138 1796 3320 1848; x_wconf 88' lang='lat' dir='ltr'><strong>eodem</strong></span> <span class='ocrx_word' id='word_1_336' title='bbox 3357 1810 3446 1849; x_wconf 83' lang='lat' dir='ltr'><strong>ar-</strong></span> 
     </span>
    </p>
   </div>
   <div class='ocr_carea' id='block_1_48' title="bbox 1853 1860 3442 1950">
    <p class='ocr_par' dir='ltr' id='par_1_48' title="bbox 1853 1860 3442 1950">
     <span class='ocr_line' id='line_1_48' title="bbox 1853 1860 3442 1950; baseline 0.013 -30"><span class='ocrx_word' id='word_1_337' title='bbox 1853 1860 2171 1940; x_wconf 81' lang='lat' dir='ltr'><strong>Bgumento</strong></span> <span class='ocrx_word' id='word_1_338' title='bbox 2226 1876 2386 1928; x_wconf 90' lang='lat' dir='ltr'><strong>multa</strong></span> <span class='ocrx_word' id='word_1_339' title='bbox 2437 1886 2838 1932; x_wconf 88' lang='lat' dir='ltr'><strong>commentatum</strong></span> <span class='ocrx_word' id='word_1_340' title='bbox 2902 1882 3178 1950; x_wconf 87' lang='lat' dir='ltr'><strong>scripsisse</strong></span> <span class='ocrx_word' id='word_1_341' title='bbox 3232 1886 3442 1939; x_wconf 88' lang='lat' dir='ltr'><strong>tandem</strong></span> 
     </span>
    </p>
   </div>
   <div class='ocr_carea' id='block_1_49' title="bbox 1923 1962 3440 2032">
    <p class='ocr_par' dir='ltr' id='par_1_49' title="bbox 1923 1962 3440 2032">
     <span class='ocr_line' id='line_1_49' title="bbox 1923 1962 3440 2032; baseline 0.01 -17"><span class='ocrx_word' id='word_1_342' title='bbox 1923 1962 2039 2019; x_wconf 91' lang='lat' dir='ltr'><strong>ait:</strong></span> <span class='ocrx_word' id='word_1_343' title='bbox 2079 1981 2097 2014; x_wconf 77' lang='grc' dir='ltr'>ι</span> <span class='ocrx_word' id='word_1_344' title='bbox 2125 1963 2244 2019; x_wconf 75' lang='lat' dir='ltr'><strong>Haec</strong></span> <span class='ocrx_word' id='word_1_345' title='bbox 2272 1965 2422 2032; x_wconf 83' lang='lat' dir='ltr'><strong>juxta</strong></span> <span class='ocrx_word' id='word_1_346' title='bbox 2455 1977 2692 2022; x_wconf 88' lang='lat' dir='ltr'><strong>nostram</strong></span> <span class='ocrx_word' id='word_1_347' title='bbox 2728 1971 3040 2024; x_wconf 86' lang='lat' dir='ltr'><strong>sententiam</strong></span> <span class='ocrx_word' id='word_1_348' title='bbox 3077 1989 3176 2028; x_wconf 92' lang='lat' dir='ltr'><strong>non</strong></span> <span class='ocrx_word' id='word_1_349' title='bbox 3209 1977 3314 2029; x_wconf 90' lang='lat' dir='ltr'><strong>sint</strong></span> <span class='ocrx_word' id='word_1_350' title='bbox 3347 1977 3440 2030; x_wconf 81' lang='lat' dir='ltr'><strong>do-</strong></span> 
     </span>
    </p>
   </div>
   <div class='ocr_carea' id='block_1_50' title="bbox 1923 2055 3449 2133">
    <p class='ocr_par' dir='ltr' id='par_1_50' title="bbox 1923 2055 3449 2133">
     <span class='ocr_line' id='line_1_50' title="bbox 1923 2055 3449 2133; baseline 0.012 -30"><span class='ocrx_word' id='word_1_351' title='bbox 1923 2060 2119 2120; x_wconf 86' lang='lat' dir='ltr'><strong>gmata,</strong></span> <span class='ocrx_word' id='word_1_352' title='bbox 2157 2055 2247 2108; x_wconf 90' lang='lat' dir='ltr'><strong>sed</strong></span> <span class='ocrx_word' id='word_1_353' title='bbox 2279 2056 2498 2123; x_wconf 69' lang='lat' dir='ltr'><strong>quaesita</strong></span> <span class='ocrx_word' id='word_1_354' title='bbox 2536 2066 2758 2123; x_wconf 90' lang='lat' dir='ltr'><strong>tantum,</strong></span> <span class='ocrx_word' id='word_1_355' title='bbox 2789 2069 2946 2127; x_wconf 89' lang='lat' dir='ltr'><strong>atque</strong></span> <span class='ocrx_word' id='word_1_356' title='bbox 2974 2062 3227 2132; x_wconf 84' lang='lat' dir='ltr'><strong>projecta,</strong></span> <span class='ocrx_word' id='word_1_357' title='bbox 3257 2079 3322 2119; x_wconf 89' lang='lat' dir='ltr'><strong>ne</strong></span> <span class='ocrx_word' id='word_1_358' title='bbox 3352 2080 3449 2133; x_wconf 76' lang='lat' dir='ltr'><strong>pe-</strong></span> 
     </span>
    </p>
   </div>
   <div class='ocr_carea' id='block_1_51' title="bbox 1923 2143 2753 2202">
    <p class='ocr_par' dir='ltr' id='par_1_51' title="bbox 1923 2143 2753 2202">
     <span class='ocr_line' id='line_1_51' title="bbox 1923 2143 2753 2202; baseline 0.005 -7"><span class='ocrx_word' id='word_1_359' title='bbox 1923 2143 2064 2196; x_wconf 90' lang='lat' dir='ltr'><strong>nitus</strong></span> <span class='ocrx_word' id='word_1_360' title='bbox 2089 2144 2364 2199; x_wconf 90' lang='lat' dir='ltr'><strong>intractata</strong></span> <span class='ocrx_word' id='word_1_361' title='bbox 2394 2147 2710 2202; x_wconf 90' lang='lat' dir='ltr'><strong>viderentur.</strong></span> <span class='ocrx_word' id='word_1_362' title='bbox 2735 2167 2753 2199; x_wconf 79' lang='grc' dir='ltr'>ι</span> 
     </span>
    </p>
   </div>
   <div class='ocr_carea' id='block_1_52' title="bbox 1989 2233 3440 2311">
    <p class='ocr_par' dir='ltr' id='par_1_52' title="bbox 1989 2233 3440 2311">
     <span class='ocr_line' id='line_1_52' title="bbox 1989 2233 3440 2311; baseline 0.011 -25"><span class='ocrx_word' id='word_1_363' title='bbox 1989 2233 2247 2288; x_wconf 61' lang='lat' dir='ltr'><strong>(laterum</strong></span> <span class='ocrx_word' id='word_1_364' title='bbox 2275 2236 2325 2289; x_wconf 89' lang='lat' dir='ltr'><strong>in</strong></span> <span class='ocrx_word' id='word_1_365' title='bbox 2356 2240 2640 2291; x_wconf 78' lang='lat' dir='ltr'><strong>asserenda</strong></span> <span class='ocrx_word' id='word_1_366' title='bbox 2671 2239 2790 2309; x_wconf 85' lang='lat' dir='ltr'><strong>igne</strong></span> <span class='ocrx_word' id='word_1_367' title='bbox 2817 2242 2904 2296; x_wconf 94' lang='lat' dir='ltr'><strong>illo</strong></span> <span class='ocrx_word' id='word_1_368' title='bbox 2929 2258 3017 2311; x_wconf 76' lang='lat' dir='ltr'><strong>qui</strong></span> <span class='ocrx_word' id='word_1_369' title='bbox 3042 2243 3214 2309; x_wconf 80' lang='lat' dir='ltr'><strong>iustos</strong></span> <span class='ocrx_word' id='word_1_370' title='bbox 3251 2245 3305 2299; x_wconf 91' lang='lat' dir='ltr'><strong>in</strong></span> <span class='ocrx_word' id='word_1_371' title='bbox 3333 2245 3440 2302; x_wconf 84' lang='lat' dir='ltr'><strong>ﬁne</strong></span> 
     </span>
    </p>
   </div>
   <div class='ocr_carea' id='block_1_53' title="bbox 1923 2323 3443 2403">
    <p class='ocr_par' dir='ltr' id='par_1_53' title="bbox 1923 2323 3443 2403">
     <span class='ocr_line' id='line_1_53' title="bbox 1923 2323 3443 2403; baseline 0.011 -28"><span class='ocrx_word' id='word_1_372' title='bbox 1923 2337 2098 2376; x_wconf 90' lang='lat' dir='ltr'><strong>rerum</strong></span> <span class='ocrx_word' id='word_1_373' title='bbox 2125 2323 2302 2378; x_wconf 85' lang='lat' dir='ltr'><strong>itidem</strong></span> <span class='ocrx_word' id='word_1_374' title='bbox 2331 2336 2387 2379; x_wconf 88' lang='lat' dir='ltr'><strong>ut</strong></span> <span class='ocrx_word' id='word_1_375' title='bbox 2419 2327 2605 2395; x_wconf 89' lang='lat' dir='ltr'><strong>impios</strong></span> <span class='ocrx_word' id='word_1_376' title='bbox 2643 2330 2923 2386; x_wconf 87' lang='lat' dir='ltr'><strong>invasurus</strong></span> <span class='ocrx_word' id='word_1_377' title='bbox 2964 2333 3031 2386; x_wconf 89' lang='lat' dir='ltr'><strong>ab</strong></span> <span class='ocrx_word' id='word_1_378' title='bbox 3070 2333 3294 2403; x_wconf 84' lang='lat' dir='ltr'><strong>Origene</strong></span> <span class='ocrx_word' id='word_1_379' title='bbox 3339 2335 3443 2390; x_wconf 84' lang='lat' dir='ltr'><strong>lin-</strong></span> 
     </span>
    </p>
   </div>
   <div class='ocr_carea' id='block_1_54' title="bbox 1923 2412 3440 2489">
    <p class='ocr_par' dir='ltr' id='par_1_54' title="bbox 1923 2412 3440 2489">
     <span class='ocr_line' id='line_1_54' title="bbox 1923 2412 3440 2489; baseline 0.01 -25"><span class='ocrx_word' id='word_1_380' title='bbox 1923 2412 2081 2482; x_wconf 90' lang='lat' dir='ltr'><strong>gitur,</strong></span> <span class='ocrx_word' id='word_1_381' title='bbox 2133 2414 2226 2482; x_wconf 89' lang='lat' dir='ltr'><strong>ipsi</strong></span> <span class='ocrx_word' id='word_1_382' title='bbox 2278 2419 2540 2470; x_wconf 87' lang='lat' dir='ltr'><strong>consentit</strong></span> <span class='ocrx_word' id='word_1_383' title='bbox 2602 2419 2905 2475; x_wconf 87' lang='lat' dir='ltr'><strong>Lactantius</strong></span> <span class='ocrx_word' id='word_1_384' title='bbox 2958 2421 3134 2476; x_wconf 81' lang='lat' dir='ltr'><strong>quit.</strong></span> <span class='ocrx_word' id='word_1_385' title='bbox 3189 2425 3284 2480; x_wconf 93' lang='lat' dir='ltr'><strong>lib.</strong></span> <span class='ocrx_word' id='word_1_386' title='bbox 3342 2440 3440 2489; x_wconf 78' lang='lat' dir='ltr'><strong>vn,</strong></span> 
     </span>
    </p>
   </div>
   <div class='ocr_carea' id='block_1_55' title="bbox 1922 2500 3442 2581">
    <p class='ocr_par' dir='ltr' id='par_1_55' title="bbox 1922 2500 3442 2581">
     <span class='ocr_line' id='line_1_55' title="bbox 1922 2500 3442 2581; baseline 0.011 -25"><span class='ocrx_word' id='word_1_387' title='bbox 1922 2516 2038 2570; x_wconf 89' lang='lat' dir='ltr'><strong>cap.</strong></span> <span class='ocrx_word' id='word_1_388' title='bbox 2088 2503 2151 2557; x_wconf 77' lang='grc'><strong>21</strong></span> <span class='ocrx_word' id='word_1_389' title='bbox 2194 2521 2209 2560; x_wconf 91' lang='lat'><strong>:</strong></span> <span class='ocrx_word' id='word_1_390' title='bbox 2252 2504 2448 2569; x_wconf 85' lang='lat' dir='ltr'><strong>Justos,</strong></span> <span class='ocrx_word' id='word_1_391' title='bbox 2512 2509 2702 2576; x_wconf 91' lang='lat' dir='ltr'><strong>inquit,</strong></span> <span class='ocrx_word' id='word_1_392' title='bbox 2767 2527 2884 2565; x_wconf 93' lang='lat' dir='ltr'><strong>cum</strong></span> <span class='ocrx_word' id='word_1_393' title='bbox 2910 2500 3236 2581; x_wconf 77' lang='lat' dir='ltr'><strong>iudicaverit,</strong></span> <span class='ocrx_word' id='word_1_394' title='bbox 3283 2518 3442 2572; x_wconf 83' lang='lat' dir='ltr'><strong>etiam</strong></span> 
     </span>
    </p>
   </div>
   <div class='ocr_carea' id='block_1_56' title="bbox 1923 2590 3443 2672">
    <p class='ocr_par' dir='ltr' id='par_1_56' title="bbox 1923 2590 3443 2672">
     <span class='ocr_line' id='line_1_56' title="bbox 1923 2590 3443 2672; baseline 0.013 -29"><span class='ocrx_word' id='word_1_395' title='bbox 1923 2590 2030 2659; x_wconf 88' lang='lat' dir='ltr'><strong>igni</strong></span> <span class='ocrx_word' id='word_1_396' title='bbox 2074 2607 2166 2647; x_wconf 90' lang='lat' dir='ltr'><strong>eos</strong></span> <span class='ocrx_word' id='word_1_397' title='bbox 2219 2597 2541 2651; x_wconf 87' lang='lat' dir='ltr'><strong>examinabit</strong></span> <span class='ocrx_word' id='word_1_398' title='bbox 2595 2616 2610 2652; x_wconf 92' lang='lat'><strong>:</strong></span> <span class='ocrx_word' id='word_1_399' title='bbox 2669 2609 2777 2652; x_wconf 90' lang='lat' dir='ltr'><strong>tum</strong></span> <span class='ocrx_word' id='word_1_400' title='bbox 2825 2616 3046 2668; x_wconf 90' lang='lat' dir='ltr'><strong>quorum</strong></span> <span class='ocrx_word' id='word_1_401' title='bbox 3091 2617 3307 2672; x_wconf 82' lang='lat' dir='ltr'><strong>peccata</strong></span> <span class='ocrx_word' id='word_1_402' title='bbox 3359 2609 3443 2662; x_wconf 86' lang='lat' dir='ltr'><strong>vel</strong></span> 
     </span>
    </p>
   </div>
   <div class='ocr_carea' id='block_1_57' title="bbox 1920 2682 3443 2764">
    <p class='ocr_par' dir='ltr' id='par_1_57' title="bbox 1920 2682 3443 2764">
     <span class='ocr_line' id='line_1_57' title="bbox 1920 2682 3443 2764; baseline 0.012 -31"><span class='ocrx_word' id='word_1_403' title='bbox 1920 2682 2182 2748; x_wconf 83' lang='lat' dir='ltr'><strong>pondere,</strong></span> <span class='ocrx_word' id='word_1_404' title='bbox 2241 2683 2320 2737; x_wconf 89' lang='lat' dir='ltr'><strong>vel</strong></span> <span class='ocrx_word' id='word_1_405' title='bbox 2369 2699 2587 2739; x_wconf 89' lang='lat' dir='ltr'><strong>numero</strong></span> <span class='ocrx_word' id='word_1_406' title='bbox 2643 2689 3027 2756; x_wconf 84' lang='lat' dir='ltr'><strong>praevaluerint,</strong></span> <span class='ocrx_word' id='word_1_407' title='bbox 3083 2697 3443 2764; x_wconf 73' lang='lat' dir='ltr'><strong>perstringeno</strong></span> 
     </span>
    </p>
   </div>
   <div class='ocr_carea' id='block_1_58' title="bbox 1922 2767 3442 2853">
    <p class='ocr_par' dir='ltr' id='par_1_58' title="bbox 1922 2767 3442 2853">
     <span class='ocr_line' id='line_1_58' title="bbox 1922 2767 3442 2853; baseline 0.014 -35"><span class='ocrx_word' id='word_1_408' title='bbox 1922 2773 2007 2820; x_wconf 92' lang='lat' dir='ltr'><strong>tur</strong></span> <span class='ocrx_word' id='word_1_409' title='bbox 2031 2767 2135 2835; x_wconf 85' lang='lat' dir='ltr'><strong>igni</strong></span> <span class='ocrx_word' id='word_1_410' title='bbox 2165 2777 2323 2836; x_wconf 90' lang='lat' dir='ltr'><strong>atque</strong></span> <span class='ocrx_word' id='word_1_411' title='bbox 2355 2773 2741 2828; x_wconf 85' lang='lat' dir='ltr'><strong>amburentur:</strong></span> <span class='ocrx_word' id='word_1_412' title='bbox 2778 2792 2914 2843; x_wconf 89' lang='lat' dir='ltr'><strong>quos</strong></span> <span class='ocrx_word' id='word_1_413' title='bbox 2958 2787 3130 2834; x_wconf 89' lang='lat' dir='ltr'><strong>autem</strong></span> <span class='ocrx_word' id='word_1_414' title='bbox 3170 2781 3318 2849; x_wconf 83' lang='lat' dir='ltr'><strong>plena</strong></span> <span class='ocrx_word' id='word_1_415' title='bbox 3355 2785 3442 2853; x_wconf 81' lang='lat' dir='ltr'><strong>ju-</strong></span> 
     </span>
    </p>
   </div>
   <div class='ocr_carea' id='block_1_59' title="bbox 1923 2856 3440 2937">
    <p class='ocr_par' dir='ltr' id='par_1_59' title="bbox 1923 2856 3440 2937">
     <span class='ocr_line' id='line_1_59' title="bbox 1923 2856 3440 2937; baseline 0.012 -29"><span class='ocrx_word' id='word_1_416' title='bbox 1923 2856 2064 2910; x_wconf 87' lang='lat' dir='ltr'><strong>stitia</strong></span> <span class='ocrx_word' id='word_1_417' title='bbox 2104 2865 2158 2910; x_wconf 90' lang='lat' dir='ltr'><strong>et</strong></span> <span class='ocrx_word' id='word_1_418' title='bbox 2210 2859 2486 2913; x_wconf 85' lang='lat' dir='ltr'><strong>maturitas</strong></span> <span class='ocrx_word' id='word_1_419' title='bbox 2529 2861 2738 2916; x_wconf 88' lang='lat' dir='ltr'><strong>virtutis</strong></span> <span class='ocrx_word' id='word_1_420' title='bbox 2767 2863 3043 2928; x_wconf 82' lang='lat' dir='ltr'><strong>incoxcrit,</strong></span> <span class='ocrx_word' id='word_1_421' title='bbox 3091 2868 3260 2937; x_wconf 89' lang='lat' dir='ltr'><strong>ignem</strong></span> <span class='ocrx_word' id='word_1_422' title='bbox 3295 2872 3440 2926; x_wconf 89' lang='lat' dir='ltr'><strong>illum</strong></span> 
     </span>
    </p>
   </div>
   <div class='ocr_carea' id='block_1_60' title="bbox 1920 2945 3442 3022">
    <p class='ocr_par' dir='ltr' id='par_1_60' title="bbox 1920 2945 3442 3022">
     <span class='ocr_line' id='line_1_60' title="bbox 1920 2945 3442 3022; baseline 0.012 -25"><span class='ocrx_word' id='word_1_423' title='bbox 1920 2958 2022 2998; x_wconf 88' lang='lat' dir='ltr'><strong>non</strong></span> <span class='ocrx_word' id='word_1_424' title='bbox 2053 2945 2298 3000; x_wconf 90' lang='lat' dir='ltr'><strong>sentient.</strong></span> <span class='ocrx_word' id='word_1_425' title='bbox 2339 2966 2358 2998; x_wconf 71' lang='grc' dir='ltr'>ι</span> <span class='ocrx_word' id='word_1_426' title='bbox 2391 2946 2618 3004; x_wconf 88' lang='lat' dir='ltr'><strong>Hilarius</strong></span> <span class='ocrx_word' id='word_1_427' title='bbox 2648 2964 2854 3020; x_wconf 91' lang='lat' dir='ltr'><strong>quoque</strong></span> <span class='ocrx_word' id='word_1_428' title='bbox 2883 2967 3002 3022; x_wconf 90' lang='lat' dir='ltr'><strong>cap.</strong></span> <span class='ocrx_word' id='word_1_429' title='bbox 3039 2955 3074 3007; x_wconf 70' lang='lat'><strong>2</strong></span> <span class='ocrx_word' id='word_1_430' title='bbox 3114 2957 3169 3011; x_wconf 79' lang='lat' dir='ltr'><strong>in</strong></span> <span class='ocrx_word' id='word_1_431' title='bbox 3202 2958 3392 3014; x_wconf 79' lang='lat' dir='ltr'><strong>Matth.</strong></span> <span class='ocrx_word' id='word_1_432' title='bbox 3421 2974 3442 3014; x_wconf 68' lang='grc' dir='ltr'>ι</span> 
     </span>
    </p>
   </div>
   <div class='ocr_carea' id='block_1_61' title="bbox 1925 3035 3440 3112">
    <p class='ocr_par' dir='ltr' id='par_1_61' title="bbox 1925 3035 3440 3112">
     <span class='ocr_line' id='line_1_61' title="bbox 1925 3035 3440 3112; baseline 0.013 -25"><span class='ocrx_word' id='word_1_433' title='bbox 1925 3049 1946 3087; x_wconf 69' lang='grc' dir='ltr'>ι</span> <span class='ocrx_word' id='word_1_434' title='bbox 1980 3035 2270 3105; x_wconf 86' lang='lat' dir='ltr'><strong>Baptizatis</strong></span> <span class='ocrx_word' id='word_1_435' title='bbox 2293 3039 2343 3091; x_wconf 92' lang='lat' dir='ltr'><strong>in</strong></span> <span class='ocrx_word' id='word_1_436' title='bbox 2373 3039 2572 3107; x_wconf 90' lang='lat' dir='ltr'><strong>Spiritu</strong></span> <span class='ocrx_word' id='word_1_437' title='bbox 2601 3051 2788 3094; x_wconf 88' lang='lat' dir='ltr'><strong>sancto</strong></span> <span class='ocrx_word' id='word_1_438' title='bbox 2824 3042 3083 3112; x_wconf 90' lang='lat' dir='ltr'><strong>reliquum</strong></span> <span class='ocrx_word' id='word_1_439' title='bbox 3119 3064 3138 3098; x_wconf 76' lang='grc' dir='ltr'>ι</span> <span class='ocrx_word' id='word_1_440' title='bbox 3167 3063 3286 3103; x_wconf 84' lang='lat' dir='ltr'><strong>esse</strong></span> <span class='ocrx_word' id='word_1_441' title='bbox 3310 3051 3440 3105; x_wconf 88' lang='lat' dir='ltr'><strong>dicit</strong></span> 
     </span>
    </p>
   </div>
   <div class='ocr_carea' id='block_1_62' title="bbox 1925 3125 3439 3202">
    <p class='ocr_par' dir='ltr' id='par_1_62' title="bbox 1925 3125 3439 3202">
     <span class='ocr_line' id='line_1_62' title="bbox 1925 3125 3439 3202; baseline 0.013 -30"><span class='ocrx_word' id='word_1_442' title='bbox 1925 3137 1945 3170; x_wconf 74' lang='grc' dir='ltr'>ι</span> <span class='ocrx_word' id='word_1_443' title='bbox 1976 3125 2328 3177; x_wconf 80' lang='lat' dir='ltr'><strong>consummari</strong></span> <span class='ocrx_word' id='word_1_444' title='bbox 2358 3125 2474 3194; x_wconf 90' lang='lat' dir='ltr'><strong>igne</strong></span> <span class='ocrx_word' id='word_1_445' title='bbox 2501 3125 2710 3194; x_wconf 88' lang='lat' dir='ltr'><strong>judicii,</strong></span> <span class='ocrx_word' id='word_1_446' title='bbox 2752 3145 2771 3178; x_wconf 74' lang='grc' dir='ltr'>ι</span> <span class='ocrx_word' id='word_1_447' title='bbox 2799 3137 2958 3194; x_wconf 92' lang='lat' dir='ltr'><strong>atque</strong></span> <span class='ocrx_word' id='word_1_448' title='bbox 2996 3147 3062 3184; x_wconf 89' lang='lat' dir='ltr'><strong>ne</strong></span> <span class='ocrx_word' id='word_1_449' title='bbox 3099 3133 3200 3186; x_wconf 79' lang='lat' dir='ltr'><strong>hac</strong></span> <span class='ocrx_word' id='word_1_450' title='bbox 3227 3136 3439 3202; x_wconf 86' lang='lat' dir='ltr'><strong>quidem</strong></span> 
     </span>
    </p>
   </div>
   <div class='ocr_carea' id='block_1_63' title="bbox 239 3184 3442 3290">
    <p class='ocr_par' dir='ltr' id='par_1_63' title="bbox 239 3184 3442 3290">
     <span class='ocr_line' id='line_1_63' title="bbox 239 3184 3442 3290; baseline 0.009 -41"><span class='ocrx_word' id='word_1_451' title='bbox 450 3219 572 3286; x_wconf 68' lang='lat' dir='ltr'><strong>ipsa</strong></span> <span class='ocrx_word' id='word_1_452' title='bbox 617 3184 921 3285; x_wconf 67' lang='lat' dir='ltr'><strong>_c,;&quot;ipiens</strong></span> <span class='ocrx_word' id='word_1_453' title='bbox 977 3218 1156 3286; x_wconf 51' lang='lat' dir='ltr'><strong>punit,</strong></span> <span class='ocrx_word' id='word_1_454' title='bbox 1705 3184 1818 3279; x_wconf 28' lang='lat' dir='ltr'><strong>Exi-</strong></span> <span class='ocrx_word' id='word_1_455' title='bbox 1847 3184 1888 3240; x_wconf 65' lang='grc' dir='ltr'><strong>δ</strong></span> <span class='ocrx_word' id='word_1_456' title='bbox 1919 3208 2032 3278; x_wconf 90' lang='lat' dir='ltr'><strong>lege</strong></span> <span class='ocrx_word' id='word_1_457' title='bbox 2061 3209 2345 3266; x_wconf 90' lang='lat' dir='ltr'><strong>immunem</strong></span> <span class='ocrx_word' id='word_1_458' title='bbox 2375 3184 2662 3281; x_wconf 47' lang='lat' dir='ltr'><strong>iore&#39;putat</strong></span> <span class='ocrx_word' id='word_1_459' title='bbox 2705 3213 2762 3267; x_wconf 86' lang='grc' dir='ltr'><strong>Β.</strong></span> <span class='ocrx_word' id='word_1_460' title='bbox 2787 3211 3075 3284; x_wconf 82' lang='lat' dir='ltr'><strong>Virginem.</strong></span> <span class='ocrx_word' id='word_1_461' title='bbox 3109 3184 3261 3276; x_wconf 59' lang='lat' dir='ltr'><strong>Iden:</strong></span> <span class='ocrx_word' id='word_1_462' title='bbox 3282 3224 3442 3280; x_wconf 87' lang='lat' dir='ltr'><strong>habet</strong></span> 
     </span>
    </p>
   </div>
   <div class='ocr_carea' id='block_1_64' title="bbox 244 3308 1818 3384">
    <p class='ocr_par' dir='ltr' id='par_1_64' title="bbox 244 3308 1818 3384">
     <span class='ocr_line' id='line_1_64' title="bbox 244 3308 1818 3384; baseline 0.001 -16"><span class='ocrx_word' id='word_1_463' title='bbox 244 3312 557 3368; x_wconf 84' lang='lat' dir='ltr'><strong>trinsecus</strong></span> <span class='ocrx_word' id='word_1_464' title='bbox 593 3308 942 3374; x_wconf 88' lang='lat' dir='ltr'><strong>adhibitione,</strong></span> <span class='ocrx_word' id='word_1_465' title='bbox 983 3322 1115 3378; x_wconf 87' lang='lat' dir='ltr'><strong>quos</strong></span> <span class='ocrx_word' id='word_1_466' title='bbox 1147 3311 1403 3378; x_wconf 89' lang='lat' dir='ltr'><strong>possidet.</strong></span> <span class='ocrx_word' id='word_1_467' title='bbox 1429 3331 1446 3363; x_wconf 74' lang='grc' dir='ltr'>ι</span> <span class='ocrx_word' id='word_1_468' title='bbox 1490 3313 1650 3368; x_wconf 75' lang='lat' dir='ltr'><strong>Notat</strong></span> <span class='ocrx_word' id='word_1_469' title='bbox 1679 3329 1818 3384; x_wconf 66' lang='lat' dir='ltr'><strong>pra:-</strong></span> 
     </span>
    </p>
   </div>
   <div class='ocr_carea' id='block_1_65' title="bbox 244 3389 1816 3474">
    <p class='ocr_par' dir='ltr' id='par_1_65' title="bbox 244 3389 1816 3474">
     <span class='ocr_line' id='line_1_65' title="bbox 244 3389 1816 3474; baseline -0.001 -12"><span class='ocrx_word' id='word_1_470' title='bbox 244 3413 423 3462; x_wconf 85' lang='lat' dir='ltr'><strong>terea</strong></span> <span class='ocrx_word' id='word_1_471' title='bbox 467 3389 835 3471; x_wconf 71' lang='lat' dir='ltr'><strong>Hieronymus</strong></span> <span class='ocrx_word' id='word_1_472' title='bbox 877 3404 929 3456; x_wconf 94' lang='lat' dir='ltr'><strong>in</strong></span> <span class='ocrx_word' id='word_1_473' title='bbox 966 3404 1119 3472; x_wconf 88' lang='lat' dir='ltr'><strong>epist.</strong></span> <span class='ocrx_word' id='word_1_474' title='bbox 1144 3404 1231 3471; x_wconf 84' lang='lat'><strong>59,</strong></span> <span class='ocrx_word' id='word_1_475' title='bbox 1271 3405 1336 3459; x_wconf 90' lang='lat' dir='ltr'><strong>ad</strong></span> <span class='ocrx_word' id='word_1_476' title='bbox 1367 3405 1532 3470; x_wconf 90' lang='lat' dir='ltr'><strong>Avit.,</strong></span> <span class='ocrx_word' id='word_1_477' title='bbox 1563 3421 1679 3474; x_wconf 88' lang='lat' dir='ltr'><strong>cap.</strong></span> <span class='ocrx_word' id='word_1_478' title='bbox 1707 3403 1816 3462; x_wconf 73' lang='grc'><strong>1-4.</strong></span> 
     </span>
    </p>
   </div>
   <div class='ocr_carea' id='block_1_66' title="bbox 240 3490 1820 3563">
    <p class='ocr_par' dir='ltr' id='par_1_66' title="bbox 240 3490 1820 3563">
     <span class='ocr_line' id='line_1_66' title="bbox 240 3490 1820 3563; baseline -0.001 -13"><span class='ocrx_word' id='word_1_479' title='bbox 240 3495 573 3563; x_wconf 67' lang='lat' dir='ltr'><strong>Origenem</strong></span> <span class='ocrx_word' id='word_1_480' title='bbox 604 3490 810 3546; x_wconf 84' lang='lat' dir='ltr'><strong>dixisse</strong></span> <span class='ocrx_word' id='word_1_481' title='bbox 845 3492 1046 3548; x_wconf 86' lang='lat' dir='ltr'><strong>animas</strong></span> <span class='ocrx_word' id='word_1_482' title='bbox 1072 3508 1167 3562; x_wconf 88' lang='lat' dir='ltr'><strong>pro</strong></span> <span class='ocrx_word' id='word_1_483' title='bbox 1195 3495 1471 3549; x_wconf 79' lang='lat' dir='ltr'><strong>criminum</strong></span> <span class='ocrx_word' id='word_1_484' title='bbox 1502 3496 1654 3550; x_wconf 92' lang='lat' dir='ltr'><strong>modo</strong></span> <span class='ocrx_word' id='word_1_485' title='bbox 1678 3511 1820 3556; x_wconf 84' lang='lat' dir='ltr'><strong>cras-</strong></span> 
     </span>
    </p>
   </div>
   <div class='ocr_carea' id='block_1_67' title="bbox 245 3582 1822 3652">
    <p class='ocr_par' dir='ltr' id='par_1_67' title="bbox 245 3582 1822 3652">
     <span class='ocr_line' id='line_1_67' title="bbox 245 3582 1822 3652; baseline -0.002 -8"><span class='ocrx_word' id='word_1_486' title='bbox 245 3586 528 3644; x_wconf 81' lang='lat' dir='ltr'><strong>sioribus</strong></span> <span class='ocrx_word' id='word_1_487' title='bbox 559 3582 856 3648; x_wconf 89' lang='lat' dir='ltr'><strong>hominum,</strong></span> <span class='ocrx_word' id='word_1_488' title='bbox 891 3583 974 3637; x_wconf 85' lang='lat' dir='ltr'><strong>vel</strong></span> <span class='ocrx_word' id='word_1_489' title='bbox 997 3584 1374 3652; x_wconf 88' lang='lat' dir='ltr'><strong>jumentorum,</strong></span> <span class='ocrx_word' id='word_1_490' title='bbox 1414 3586 1496 3638; x_wconf 90' lang='lat' dir='ltr'><strong>vel</strong></span> <span class='ocrx_word' id='word_1_491' title='bbox 1522 3587 1678 3640; x_wconf 85' lang='lat' dir='ltr'><strong>etiam</strong></span> <span class='ocrx_word' id='word_1_492' title='bbox 1712 3588 1822 3641; x_wconf 68' lang='lat' dir='ltr'><strong>daa-</strong></span> 
     </span>
    </p>
   </div>
   <div class='ocr_carea' id='block_1_68' title="bbox 237 3675 1818 3746">
    <p class='ocr_par' dir='ltr' id='par_1_68' title="bbox 237 3675 1818 3746">
     <span class='ocr_line' id='line_1_68' title="bbox 237 3675 1818 3746; baseline -0.006 -8"><span class='ocrx_word' id='word_1_493' title='bbox 237 3696 496 3738; x_wconf 84' lang='lat' dir='ltr'><strong>monum</strong></span> <span class='ocrx_word' id='word_1_494' title='bbox 563 3677 876 3746; x_wconf 88' lang='lat' dir='ltr'><strong>corporibus</strong></span> <span class='ocrx_word' id='word_1_495' title='bbox 943 3675 1192 3738; x_wconf 90' lang='lat' dir='ltr'><strong>immitti,</strong></span> <span class='ocrx_word' id='word_1_496' title='bbox 1246 3677 1566 3742; x_wconf 86' lang='lat' dir='ltr'><strong>easdemque</strong></span> <span class='ocrx_word' id='word_1_497' title='bbox 1625 3677 1818 3742; x_wconf 82' lang='lat' dir='ltr'><strong>resipi-</strong></span> 
     </span>
    </p>
   </div>
   <div class='ocr_carea' id='block_1_69' title="bbox 236 3760 1818 3834">
    <p class='ocr_par' dir='ltr' id='par_1_69' title="bbox 236 3760 1818 3834">
     <span class='ocr_line' id='line_1_69' title="bbox 236 3760 1818 3834; baseline -0.008 -7"><span class='ocrx_word' id='word_1_498' title='bbox 236 3781 490 3827; x_wconf 89' lang='lat' dir='ltr'><strong>sce‘ntes</strong></span> <span class='ocrx_word' id='word_1_499' title='bbox 535 3766 601 3820; x_wconf 91' lang='lat' dir='ltr'><strong>ad</strong></span> <span class='ocrx_word' id='word_1_500' title='bbox 651 3763 955 3834; x_wconf 85' lang='lat' dir='ltr'><strong>angelorum</strong></span> <span class='ocrx_word' id='word_1_501' title='bbox 990 3764 1228 3816; x_wconf 86' lang='lat' dir='ltr'><strong>naturam</strong></span> <span class='ocrx_word' id='word_1_502' title='bbox 1261 3760 1436 3816; x_wconf 85' lang='lat' dir='ltr'><strong>redire</strong></span> <span class='ocrx_word' id='word_1_503' title='bbox 1475 3779 1489 3814; x_wconf 88' lang='lat'><strong>:</strong></span> <span class='ocrx_word' id='word_1_504' title='bbox 1538 3765 1675 3830; x_wconf 89' lang='lat' dir='ltr'><strong>quod</strong></span> <span class='ocrx_word' id='word_1_505' title='bbox 1707 3763 1818 3829; x_wconf 87' lang='lat' dir='ltr'><strong>jam</strong></span> 
     </span>
    </p>
   </div>
   <div class='ocr_carea' id='block_1_70' title="bbox 234 3849 1816 3920">
    <p class='ocr_par' dir='ltr' id='par_1_70' title="bbox 234 3849 1816 3920">
     <span class='ocr_line' id='line_1_70' title="bbox 234 3849 1816 3920; baseline -0.008 -4"><span class='ocrx_word' id='word_1_506' title='bbox 234 3855 706 3915; x_wconf 84' lang='lat' dir='ltr'><strong>observavimus.</strong></span> <span class='ocrx_word' id='word_1_507' title='bbox 733 3849 889 3907; x_wconf 79' lang='lat' dir='ltr'><strong>Addit</strong></span> <span class='ocrx_word' id='word_1_508' title='bbox 915 3867 1029 3918; x_wconf 89' lang='lat' dir='ltr'><strong>cap.</strong></span> <span class='ocrx_word' id='word_1_509' title='bbox 1053 3851 1089 3902; x_wconf 72' lang='lat'><strong>2</strong></span> <span class='ocrx_word' id='word_1_510' title='bbox 1119 3860 1379 3904; x_wconf 88' lang='lat' dir='ltr'><strong>tormenta</strong></span> <span class='ocrx_word' id='word_1_511' title='bbox 1408 3863 1527 3904; x_wconf 87' lang='lat' dir='ltr'><strong>eum</strong></span> <span class='ocrx_word' id='word_1_512' title='bbox 1559 3860 1614 3904; x_wconf 91' lang='lat' dir='ltr'><strong>et</strong></span> <span class='ocrx_word' id='word_1_513' title='bbox 1644 3851 1816 3920; x_wconf 83' lang='lat' dir='ltr'><strong>ignem</strong></span> 
     </span>
    </p>
   </div>
   <div class='ocr_carea' id='block_1_71' title="bbox 235 3935 1817 4020">
    <p class='ocr_par' dir='ltr' id='par_1_71' title="bbox 235 3935 1817 4020">
     <span class='ocr_line' id='line_1_71' title="bbox 235 3935 1817 4020; baseline -0.007 -15"><span class='ocrx_word' id='word_1_514' title='bbox 235 3952 535 4020; x_wconf 75' lang='lat' dir='ltr'><strong>gehenna:</strong></span> <span class='ocrx_word' id='word_1_515' title='bbox 574 3943 628 3998; x_wconf 91' lang='lat' dir='ltr'><strong>in</strong></span> <span class='ocrx_word' id='word_1_516' title='bbox 676 3943 998 3998; x_wconf 69' lang='lat' dir='ltr'><strong>Conscientia</strong></span> <span class='ocrx_word' id='word_1_517' title='bbox 1035 3949 1368 4009; x_wconf 88' lang='lat' dir='ltr'><strong>peccatorum</strong></span> <span class='ocrx_word' id='word_1_518' title='bbox 1418 3940 1552 3993; x_wconf 92' lang='lat' dir='ltr'><strong>libro</strong></span> <span class='ocrx_word' id='word_1_519' title='bbox 1593 3951 1630 3994; x_wconf 89' lang='grc' dir='ltr'>ιι</span> <span class='ocrx_word' id='word_1_520' title='bbox 1678 3935 1817 4008; x_wconf 74' lang='grc' dir='ltr'><strong>Περὶ</strong></span> 
     </span>
    </p>
   </div>
   <div class='ocr_carea' id='block_1_72' title="bbox 231 4023 1815 4116">
    <p class='ocr_par' dir='ltr' id='par_1_72' title="bbox 231 4023 1815 4116">
     <span class='ocr_line' id='line_1_72' title="bbox 231 4023 1815 4116; baseline -0.005 -25"><span class='ocrx_word' id='word_1_521' title='bbox 231 4023 474 4109; x_wconf 72' lang='grc' dir='ltr'><strong>ἀρχῶν</strong></span> <span class='ocrx_word' id='word_1_522' title='bbox 507 4034 772 4105; x_wconf 86' lang='lat' dir='ltr'><strong>posuisse,</strong></span> <span class='ocrx_word' id='word_1_523' title='bbox 797 4031 936 4116; x_wconf 81' lang='lat' dir='ltr'><strong>quod</strong></span> <span class='ocrx_word' id='word_1_524' title='bbox 977 4031 1131 4084; x_wconf 90' lang='lat' dir='ltr'><strong>iterat</strong></span> <span class='ocrx_word' id='word_1_525' title='bbox 1159 4029 1306 4116; x_wconf 78' lang='lat' dir='ltr'><strong>Apol.</strong></span> <span class='ocrx_word' id='word_1_526' title='bbox 1333 4032 1404 4093; x_wconf 79' lang='lat' dir='ltr'><strong>it‘,</strong></span> <span class='ocrx_word' id='word_1_527' title='bbox 1439 4040 1554 4096; x_wconf 86' lang='lat' dir='ltr'><strong>cap.</strong></span> <span class='ocrx_word' id='word_1_528' title='bbox 1583 4029 1634 4092; x_wconf 85' lang='lat' dir='ltr'><strong>l,</strong></span> <span class='ocrx_word' id='word_1_529' title='bbox 1674 4038 1729 4082; x_wconf 89' lang='lat' dir='ltr'><strong>et</strong></span> <span class='ocrx_word' id='word_1_530' title='bbox 1761 4031 1815 4083; x_wconf 92' lang='lat' dir='ltr'><strong>in</strong></span> 
     </span>
    </p>
   </div>
   <div class='ocr_carea' id='block_1_73' title="bbox 237 4110 1815 4189">
    <p class='ocr_par' dir='ltr' id='par_1_73' title="bbox 237 4110 1815 4189">
     <span class='ocr_line' id='line_1_73' title="bbox 237 4110 1815 4189; baseline -0.009 -2"><span class='ocrx_word' id='word_1_531' title='bbox 237 4117 685 4188; x_wconf 74' lang='lat' dir='ltr'><strong>Commentariis</strong></span> <span class='ocrx_word' id='word_1_532' title='bbox 739 4123 795 4175; x_wconf 82' lang='lat' dir='ltr'><strong>in</strong></span> <span class='ocrx_word' id='word_1_533' title='bbox 850 4110 1016 4189; x_wconf 79' lang='lat' dir='ltr'><strong>Epist.</strong></span> <span class='ocrx_word' id='word_1_534' title='bbox 1058 4119 1124 4172; x_wconf 86' lang='lat' dir='ltr'><strong>ad</strong></span> <span class='ocrx_word' id='word_1_535' title='bbox 1164 4110 1385 4186; x_wconf 54' lang='lat' dir='ltr'><strong>Epiron,</strong></span> <span class='ocrx_word' id='word_1_536' title='bbox 1427 4134 1544 4186; x_wconf 90' lang='lat' dir='ltr'><strong>cap.</strong></span> <span class='ocrx_word' id='word_1_537' title='bbox 1588 4118 1620 4172; x_wconf 82' lang='lat'><strong>5</strong></span> <span class='ocrx_word' id='word_1_538' title='bbox 1655 4128 1708 4172; x_wconf 86' lang='lat' dir='ltr'><strong>et</strong></span> <span class='ocrx_word' id='word_1_539' title='bbox 1761 4117 1815 4173; x_wconf 89' lang='lat'><strong>6.</strong></span> 
     </span>
    </p>
   </div>
   <div class='ocr_carea' id='block_1_74' title="bbox 239 4207 1817 4290">
    <p class='ocr_par' dir='ltr' id='par_1_74' title="bbox 239 4207 1817 4290">
     <span class='ocr_line' id='line_1_74' title="bbox 239 4207 1817 4290; baseline -0.011 -14"><span class='ocrx_word' id='word_1_540' title='bbox 239 4220 542 4290; x_wconf 82' lang='lat' dir='ltr'><strong>Queritur</strong></span> <span class='ocrx_word' id='word_1_541' title='bbox 569 4217 780 4282; x_wconf 88' lang='lat' dir='ltr'><strong>quoque</strong></span> <span class='ocrx_word' id='word_1_542' title='bbox 805 4209 940 4280; x_wconf 90' lang='lat' dir='ltr'><strong>apud</strong></span> <span class='ocrx_word' id='word_1_543' title='bbox 972 4209 1318 4276; x_wconf 86' lang='lat' dir='ltr'><strong>Augustinum</strong></span> <span class='ocrx_word' id='word_1_544' title='bbox 1345 4207 1564 4262; x_wconf 88' lang='lat' dir='ltr'><strong>Orosius</strong></span> <span class='ocrx_word' id='word_1_545' title='bbox 1592 4208 1644 4261; x_wconf 90' lang='lat' dir='ltr'><strong>in</strong></span> <span class='ocrx_word' id='word_1_546' title='bbox 1674 4207 1817 4261; x_wconf 85' lang='lat' dir='ltr'><strong>Com-</strong></span> 
     </span>
    </p>
   </div>
   <div class='ocr_carea' id='block_1_75' title="bbox 232 4291 1812 4368">
    <p class='ocr_par' dir='ltr' id='par_1_75' title="bbox 232 4291 1812 4368">
     <span class='ocr_line' id='line_1_75' title="bbox 232 4291 1812 4368; baseline -0.011 -3"><span class='ocrx_word' id='word_1_547' title='bbox 232 4305 583 4366; x_wconf 75' lang='lat' dir='ltr'><strong>monitorio,</strong></span> <span class='ocrx_word' id='word_1_548' title='bbox 628 4301 836 4368; x_wconf 89' lang='lat' dir='ltr'><strong>jactare</strong></span> <span class='ocrx_word' id='word_1_549' title='bbox 896 4298 1077 4350; x_wconf 87' lang='lat' dir='ltr'><strong>solitos</strong></span> <span class='ocrx_word' id='word_1_550' title='bbox 1143 4291 1469 4366; x_wconf 79' lang='lat' dir='ltr'><strong>Origenistas</strong></span> <span class='ocrx_word' id='word_1_551' title='bbox 1519 4297 1812 4365; x_wconf 81' lang='lat' dir='ltr'><strong>quosdam,</strong></span> 
     </span>
    </p>
   </div>
   <div class='ocr_carea' id='block_1_76' title="bbox 235 4387 1811 4465">
    <p class='ocr_par' dir='ltr' id='par_1_76' title="bbox 235 4387 1811 4465">
     <span class='ocr_line' id='line_1_76' title="bbox 235 4387 1811 4465; baseline -0.01 -14"><span class='ocrx_word' id='word_1_552' title='bbox 235 4415 260 4451; x_wconf 71' lang='grc' dir='ltr'>α</span> <span class='ocrx_word' id='word_1_553' title='bbox 308 4391 526 4465; x_wconf 81' lang='lat' dir='ltr'><strong>Ignem</strong></span> <span class='ocrx_word' id='word_1_554' title='bbox 572 4393 829 4442; x_wconf 84' lang='lat' dir='ltr'><strong>aeternum</strong></span> <span class='ocrx_word' id='word_1_555' title='bbox 869 4397 972 4452; x_wconf 89' lang='lat' dir='ltr'><strong>quo</strong></span> <span class='ocrx_word' id='word_1_556' title='bbox 1005 4394 1308 4452; x_wconf 90' lang='lat' dir='ltr'><strong>peccatores</strong></span> <span class='ocrx_word' id='word_1_557' title='bbox 1358 4387 1662 4452; x_wconf 89' lang='lat' dir='ltr'><strong>puniantur,</strong></span> <span class='ocrx_word' id='word_1_558' title='bbox 1708 4399 1811 4438; x_wconf 92' lang='lat' dir='ltr'><strong>non</strong></span> 
     </span>
    </p>
   </div>
   <div class='ocr_carea' id='block_1_77' title="bbox 1919 3297 3444 3371">
    <p class='ocr_par' dir='ltr' id='par_1_77' title="bbox 1919 3297 3444 3371">
     <span class='ocr_line' id='line_1_77' title="bbox 1919 3297 3444 3371; baseline 0.012 -20"><span class='ocrx_word' id='word_1_559' title='bbox 1919 3297 1970 3351; x_wconf 88' lang='lat' dir='ltr'><strong>in</strong></span> <span class='ocrx_word' id='word_1_560' title='bbox 2022 3297 2305 3354; x_wconf 82' lang='lat' dir='ltr'><strong>Comment.</strong></span> <span class='ocrx_word' id='word_1_561' title='bbox 2375 3305 2445 3354; x_wconf 85' lang='lat' dir='ltr'><strong>ad</strong></span> <span class='ocrx_word' id='word_1_562' title='bbox 2491 3304 2675 3369; x_wconf 77' lang='lat' dir='ltr'><strong>psalm.</strong></span> <span class='ocrx_word' id='word_1_563' title='bbox 2727 3321 2923 3371; x_wconf 74' lang='lat' dir='ltr'><strong>cxvul,</strong></span> <span class='ocrx_word' id='word_1_564' title='bbox 2989 3307 3079 3362; x_wconf 70' lang='lat' dir='ltr'><strong>eo.</strong></span> <span class='ocrx_word' id='word_1_565' title='bbox 3130 3311 3444 3370; x_wconf 84' lang='lat' dir='ltr'><strong>Ambrosius</strong></span> 
     </span>
    </p>
   </div>
   <div class='ocr_carea' id='block_1_78' title="bbox 1917 3389 3442 3468">
    <p class='ocr_par' dir='ltr' id='par_1_78' title="bbox 1917 3389 3442 3468">
     <span class='ocr_line' id='line_1_78' title="bbox 1917 3389 3442 3468; baseline 0.011 -28"><span class='ocrx_word' id='word_1_566' title='bbox 1917 3403 2078 3441; x_wconf 89' lang='lat' dir='ltr'><strong>serm.</strong></span> <span class='ocrx_word' id='word_1_567' title='bbox 2110 3389 2163 3441; x_wconf 85' lang='lat' dir='ltr'><strong>in</strong></span> <span class='ocrx_word' id='word_1_568' title='bbox 2193 3389 2378 3457; x_wconf 77' lang='lat' dir='ltr'><strong>psalm.</strong></span> <span class='ocrx_word' id='word_1_569' title='bbox 2413 3406 2568 3446; x_wconf 68' lang='lat' dir='ltr'><strong>xxxv:</strong></span> <span class='ocrx_word' id='word_1_570' title='bbox 2612 3411 2624 3446; x_wconf 74' lang='grc' dir='ltr'><strong>ε</strong></span> <span class='ocrx_word' id='word_1_571' title='bbox 2670 3409 2690 3444; x_wconf 78' lang='lat' dir='ltr'><strong>t</strong></span> <span class='ocrx_word' id='word_1_572' title='bbox 2735 3395 2857 3462; x_wconf 82' lang='lat' dir='ltr'><strong>Igne</strong></span> <span class='ocrx_word' id='word_1_573' title='bbox 2908 3411 3032 3466; x_wconf 85' lang='lat' dir='ltr'><strong>ergo</strong></span> <span class='ocrx_word' id='word_1_574' title='bbox 3077 3401 3442 3468; x_wconf 89' lang='lat' dir='ltr'><strong>purgabuntur</strong></span> 
     </span>
    </p>
   </div>
   <div class='ocr_carea' id='block_1_79' title="bbox 1917 3480 3438 3555">
    <p class='ocr_par' dir='ltr' id='par_1_79' title="bbox 1917 3480 3438 3555">
     <span class='ocr_line' id='line_1_79' title="bbox 1917 3480 3438 3555; baseline 0.01 -22"><span class='ocrx_word' id='word_1_575' title='bbox 1917 3481 2006 3534; x_wconf 84' lang='lat' dir='ltr'><strong>lilii</strong></span> <span class='ocrx_word' id='word_1_576' title='bbox 2034 3480 2178 3545; x_wconf 89' lang='lat' dir='ltr'><strong>Levi,</strong></span> <span class='ocrx_word' id='word_1_577' title='bbox 2208 3482 2326 3552; x_wconf 90' lang='lat' dir='ltr'><strong>igne</strong></span> <span class='ocrx_word' id='word_1_578' title='bbox 2355 3485 2614 3547; x_wconf 83' lang='lat' dir='ltr'><strong>Ezechiel,</strong></span> <span class='ocrx_word' id='word_1_579' title='bbox 2641 3484 2760 3555; x_wconf 89' lang='lat' dir='ltr'><strong>igne</strong></span> <span class='ocrx_word' id='word_1_580' title='bbox 2792 3487 3005 3552; x_wconf 89' lang='lat' dir='ltr'><strong>Daniel;</strong></span> <span class='ocrx_word' id='word_1_581' title='bbox 3055 3507 3074 3540; x_wconf 75' lang='grc' dir='ltr'>ι</span> <span class='ocrx_word' id='word_1_582' title='bbox 3121 3502 3174 3544; x_wconf 90' lang='lat' dir='ltr'><strong>et</strong></span> <span class='ocrx_word' id='word_1_583' title='bbox 3197 3491 3388 3548; x_wconf 90' lang='lat' dir='ltr'><strong>deinde</strong></span> <span class='ocrx_word' id='word_1_584' title='bbox 3421 3511 3438 3548; x_wconf 90' lang='lat'><strong>:</strong></span> 
     </span>
    </p>
   </div>
   <div class='ocr_carea' id='block_1_80' title="bbox 1921 3572 3438 3651">
    <p class='ocr_par' dir='ltr' id='par_1_80' title="bbox 1921 3572 3438 3651">
     <span class='ocr_line' id='line_1_80' title="bbox 1921 3572 3438 3651; baseline 0.011 -29"><span class='ocrx_word' id='word_1_585' title='bbox 1921 3588 1941 3622; x_wconf 90' lang='grc'><em>‹</em></span> <span class='ocrx_word' id='word_1_586' title='bbox 1981 3572 2122 3626; x_wconf 87' lang='lat' dir='ltr'><strong>Salvi</strong></span> <span class='ocrx_word' id='word_1_587' title='bbox 2154 3573 2351 3628; x_wconf 86' lang='lat' dir='ltr'><strong>erimus</strong></span> <span class='ocrx_word' id='word_1_588' title='bbox 2392 3590 2486 3643; x_wconf 91' lang='lat' dir='ltr'><strong>per</strong></span> <span class='ocrx_word' id='word_1_589' title='bbox 2531 3576 2706 3638; x_wconf 80' lang='lat' dir='ltr'><strong>ﬁdem,</strong></span> <span class='ocrx_word' id='word_1_590' title='bbox 2751 3578 2829 3630; x_wconf 89' lang='lat' dir='ltr'><strong>sic</strong></span> <span class='ocrx_word' id='word_1_591' title='bbox 2883 3585 3058 3632; x_wconf 89' lang='lat' dir='ltr'><strong>tamen</strong></span> <span class='ocrx_word' id='word_1_592' title='bbox 3116 3583 3245 3635; x_wconf 85' lang='lat' dir='ltr'><strong>salvi</strong></span> <span class='ocrx_word' id='word_1_593' title='bbox 3288 3585 3438 3651; x_wconf 90' lang='lat' dir='ltr'><strong>quasi</strong></span> 
     </span>
    </p>
   </div>
   <div class='ocr_carea' id='block_1_81' title="bbox 1915 3663 3435 3732">
    <p class='ocr_par' dir='ltr' id='par_1_81' title="bbox 1915 3663 3435 3732">
     <span class='ocr_line' id='line_1_81' title="bbox 1915 3663 3435 3732; baseline 0.007 -16"><span class='ocrx_word' id='word_1_594' title='bbox 1915 3675 2010 3728; x_wconf 89' lang='lat' dir='ltr'><strong>per</strong></span> <span class='ocrx_word' id='word_1_595' title='bbox 2041 3663 2249 3731; x_wconf 88' lang='lat' dir='ltr'><strong>ignem;</strong></span> <span class='ocrx_word' id='word_1_596' title='bbox 2291 3666 2389 3718; x_wconf 89' lang='lat' dir='ltr'><strong>etsi</strong></span> <span class='ocrx_word' id='word_1_597' title='bbox 2427 3680 2529 3719; x_wconf 91' lang='lat' dir='ltr'><strong>non</strong></span> <span class='ocrx_word' id='word_1_598' title='bbox 2563 3681 2866 3732; x_wconf 83' lang='lat' dir='ltr'><strong>exuremur,</strong></span> <span class='ocrx_word' id='word_1_599' title='bbox 2913 3679 3084 3724; x_wconf 87' lang='lat' dir='ltr'><strong>tamen</strong></span> <span class='ocrx_word' id='word_1_600' title='bbox 3136 3685 3370 3726; x_wconf 90' lang='lat' dir='ltr'><strong>uremur.</strong></span> <span class='ocrx_word' id='word_1_601' title='bbox 3413 3691 3435 3725; x_wconf 75' lang='grc' dir='ltr'>ι</span> 
     </span>
    </p>
   </div>
   <div class='ocr_carea' id='block_1_82' title="bbox 1916 3747 3438 3822">
    <p class='ocr_par' dir='ltr' id='par_1_82' title="bbox 1916 3747 3438 3822">
     <span class='ocr_line' id='line_1_82' title="bbox 1916 3747 3438 3822; baseline 0.01 -21"><span class='ocrx_word' id='word_1_602' title='bbox 1916 3747 2041 3814; x_wconf 64' lang='lat' dir='ltr'><strong>Quae</strong></span> <span class='ocrx_word' id='word_1_603' title='bbox 2083 3762 2408 3819; x_wconf 89' lang='lat' dir='ltr'><strong>sequuntur,</strong></span> <span class='ocrx_word' id='word_1_604' title='bbox 2453 3768 2519 3807; x_wconf 90' lang='lat' dir='ltr'><strong>ex</strong></span> <span class='ocrx_word' id='word_1_605' title='bbox 2571 3755 2795 3822; x_wconf 84' lang='lat' dir='ltr'><strong>Origene</strong></span> <span class='ocrx_word' id='word_1_606' title='bbox 2853 3760 3130 3814; x_wconf 81' lang='lat' dir='ltr'><strong>manifeste</strong></span> <span class='ocrx_word' id='word_1_607' title='bbox 3185 3761 3438 3816; x_wconf 82' lang='lat' dir='ltr'><strong>translata</strong></span> 
     </span>
    </p>
   </div>
   <div class='ocr_carea' id='block_1_83' title="bbox 1916 3839 3437 3918">
    <p class='ocr_par' dir='ltr' id='par_1_83' title="bbox 1916 3839 3437 3918">
     <span class='ocr_line' id='line_1_83' title="bbox 1916 3839 3437 3918; baseline 0.009 -27"><span class='ocrx_word' id='word_1_608' title='bbox 1916 3847 2041 3891; x_wconf 89' lang='lat' dir='ltr'><strong>sunt</strong></span> <span class='ocrx_word' id='word_1_609' title='bbox 2066 3857 2079 3891; x_wconf 88' lang='lat'><strong>:</strong></span> <span class='ocrx_word' id='word_1_610' title='bbox 2105 3859 2122 3889; x_wconf 76' lang='grc' dir='ltr'>ι</span> <span class='ocrx_word' id='word_1_611' title='bbox 2151 3839 2424 3905; x_wconf 84' lang='lat' dir='ltr'><strong>Quomodo</strong></span> <span class='ocrx_word' id='word_1_612' title='bbox 2455 3853 2628 3898; x_wconf 89' lang='lat' dir='ltr'><strong>tamen</strong></span> <span class='ocrx_word' id='word_1_613' title='bbox 2656 3845 2743 3898; x_wconf 90' lang='lat' dir='ltr'><strong>alii</strong></span> <span class='ocrx_word' id='word_1_614' title='bbox 2771 3859 3078 3902; x_wconf 87' lang='lat' dir='ltr'><strong>remaneant</strong></span> <span class='ocrx_word' id='word_1_615' title='bbox 3105 3850 3154 3903; x_wconf 93' lang='lat' dir='ltr'><strong>in</strong></span> <span class='ocrx_word' id='word_1_616' title='bbox 3184 3850 3322 3918; x_wconf 78' lang='lat' dir='ltr'><strong>igne,</strong></span> <span class='ocrx_word' id='word_1_617' title='bbox 3348 3851 3437 3904; x_wconf 88' lang='lat' dir='ltr'><strong>alii</strong></span> 
     </span>
    </p>
   </div>
   <div class='ocr_carea' id='block_1_84' title="bbox 1917 3932 3436 4008">
    <p class='ocr_par' dir='ltr' id='par_1_84' title="bbox 1917 3932 3436 4008">
     <span class='ocr_line' id='line_1_84' title="bbox 1917 3932 3436 4008; baseline 0.009 -28"><span class='ocrx_word' id='word_1_618' title='bbox 1917 3932 2471 3996; x_wconf 88' lang='lat' dir='ltr'><strong>pertranseant,docet</strong></span> <span class='ocrx_word' id='word_1_619' title='bbox 2491 3948 2587 3986; x_wconf 88' lang='lat' dir='ltr'><strong>nos</strong></span> <span class='ocrx_word' id='word_1_620' title='bbox 2611 3935 2788 3990; x_wconf 87' lang='lat' dir='ltr'><strong>divina</strong></span> <span class='ocrx_word' id='word_1_621' title='bbox 2824 3937 3096 4006; x_wconf 88' lang='lat' dir='ltr'><strong>Scriptura</strong></span> <span class='ocrx_word' id='word_1_622' title='bbox 3127 3955 3350 4008; x_wconf 89' lang='lat' dir='ltr'><strong>:nempe</strong></span> <span class='ocrx_word' id='word_1_623' title='bbox 3383 3943 3436 3994; x_wconf 91' lang='lat' dir='ltr'><strong>in</strong></span> 
     </span>
    </p>
   </div>
   <div class='ocr_carea' id='block_1_85' title="bbox 1917 4015 3434 4097">
    <p class='ocr_par' dir='ltr' id='par_1_85' title="bbox 1917 4015 3434 4097">
     <span class='ocr_line' id='line_1_85' title="bbox 1917 4015 3434 4097; baseline 0.01 -30"><span class='ocrx_word' id='word_1_624' title='bbox 1917 4029 2060 4069; x_wconf 90' lang='lat' dir='ltr'><strong>mare</strong></span> <span class='ocrx_word' id='word_1_625' title='bbox 2092 4015 2326 4071; x_wconf 80' lang='lat' dir='ltr'><strong>Rubrum</strong></span> <span class='ocrx_word' id='word_1_626' title='bbox 2360 4020 2635 4076; x_wconf 89' lang='lat' dir='ltr'><strong>demersus</strong></span> <span class='ocrx_word' id='word_1_627' title='bbox 2665 4033 2750 4077; x_wconf 91' lang='lat' dir='ltr'><strong>est</strong></span> <span class='ocrx_word' id='word_1_628' title='bbox 2783 4026 3003 4093; x_wconf 88' lang='lat' dir='ltr'><strong>pepulus</strong></span> <span class='ocrx_word' id='word_1_629' title='bbox 3041 4026 3434 4097; x_wconf 68' lang='lat' dir='ltr'><strong>Egyptiorum,</strong></span> 
     </span>
    </p>
   </div>
   <div class='ocr_carea' id='block_1_86' title="bbox 1915 4105 3438 4183">
    <p class='ocr_par' dir='ltr' id='par_1_86' title="bbox 1915 4105 3438 4183">
     <span class='ocr_line' id='line_1_86' title="bbox 1915 4105 3438 4183; baseline 0.011 -25"><span class='ocrx_word' id='word_1_630' title='bbox 1915 4105 2156 4160; x_wconf 86' lang='lat' dir='ltr'><strong>transivit</strong></span> <span class='ocrx_word' id='word_1_631' title='bbox 2180 4115 2303 4160; x_wconf 89' lang='lat' dir='ltr'><strong>ante</strong></span> <span class='ocrx_word' id='word_1_632' title='bbox 2333 4109 2556 4176; x_wconf 86' lang='lat' dir='ltr'><strong>populus</strong></span> <span class='ocrx_word' id='word_1_633' title='bbox 2596 4111 2956 4169; x_wconf 65' lang='lat' dir='ltr'><strong>Hebraeorum.</strong></span> <span class='ocrx_word' id='word_1_634' title='bbox 3007 4134 3027 4167; x_wconf 73' lang='grc' dir='ltr'>ι</span> <span class='ocrx_word' id='word_1_635' title='bbox 3065 4116 3276 4183; x_wconf 84' lang='lat' dir='ltr'><strong>lgneam</strong></span> <span class='ocrx_word' id='word_1_636' title='bbox 3309 4133 3438 4174; x_wconf 88' lang='lat' dir='ltr'><strong>vero</strong></span> 
     </span>
    </p>
   </div>
   <div class='ocr_carea' id='block_1_87' title="bbox 1913 4197 3436 4270">
    <p class='ocr_par' dir='ltr' id='par_1_87' title="bbox 1913 4197 3436 4270">
     <span class='ocr_line' id='line_1_87' title="bbox 1913 4197 3436 4270; baseline 0.009 -21"><span class='ocrx_word' id='word_1_637' title='bbox 1913 4197 2170 4266; x_wconf 87' lang='lat' dir='ltr'><strong>ejusmodi</strong></span> <span class='ocrx_word' id='word_1_638' title='bbox 2200 4200 2566 4269; x_wconf 77' lang='lat' dir='ltr'><strong>purgationem</strong></span> <span class='ocrx_word' id='word_1_639' title='bbox 2597 4202 2771 4270; x_wconf 88' lang='lat' dir='ltr'><strong>gladio</strong></span> <span class='ocrx_word' id='word_1_640' title='bbox 2798 4203 3040 4258; x_wconf 81' lang='lat' dir='ltr'><strong>ﬂammeo</strong></span> <span class='ocrx_word' id='word_1_641' title='bbox 3067 4206 3210 4259; x_wconf 80' lang='lat' dir='ltr'><strong>circa</strong></span> <span class='ocrx_word' id='word_1_642' title='bbox 3243 4209 3436 4262; x_wconf 90' lang='lat' dir='ltr'><strong>ostium</strong></span> 
     </span>
    </p>
   </div>
   <div class='ocr_carea' id='block_1_88' title="bbox 1914 4287 3439 4362">
    <p class='ocr_par' dir='ltr' id='par_1_88' title="bbox 1914 4287 3439 4362">
     <span class='ocr_line' id='line_1_88' title="bbox 1914 4287 3439 4362; baseline 0.005 -22"><span class='ocrx_word' id='word_1_643' title='bbox 1914 4287 2143 4357; x_wconf 89' lang='lat' dir='ltr'><strong>paradisi</strong></span> <span class='ocrx_word' id='word_1_644' title='bbox 2181 4289 2502 4344; x_wconf 85' lang='lat' dir='ltr'><strong>circumacto</strong></span> <span class='ocrx_word' id='word_1_645' title='bbox 2543 4299 2596 4344; x_wconf 89' lang='lat' dir='ltr'><strong>et</strong></span> <span class='ocrx_word' id='word_1_646' title='bbox 2635 4301 2804 4348; x_wconf 86' lang='lat' dir='ltr'><strong>rotato</strong></span> <span class='ocrx_word' id='word_1_647' title='bbox 2833 4293 3119 4362; x_wconf 82' lang='lat' dir='ltr'><strong>signiﬁcari</strong></span> <span class='ocrx_word' id='word_1_648' title='bbox 3170 4296 3245 4348; x_wconf 93' lang='lat' dir='ltr'><strong>ait</strong></span> <span class='ocrx_word' id='word_1_649' title='bbox 3285 4295 3439 4348; x_wconf 80' lang='lat' dir='ltr'><strong>Com—</strong></span> 
     </span>
    </p>
   </div>
   <div class='ocr_carea' id='block_1_89' title="bbox 1913 4379 3440 4452">
    <p class='ocr_par' dir='ltr' id='par_1_89' title="bbox 1913 4379 3440 4452">
     <span class='ocr_line' id='line_1_89' title="bbox 1913 4379 3440 4452; baseline 0.005 -21"><span class='ocrx_word' id='word_1_650' title='bbox 1913 4387 2072 4432; x_wconf 82' lang='lat' dir='ltr'><strong>ment.</strong></span> <span class='ocrx_word' id='word_1_651' title='bbox 2123 4379 2174 4433; x_wconf 88' lang='lat' dir='ltr'><strong>in</strong></span> <span class='ocrx_word' id='word_1_652' title='bbox 2215 4380 2397 4446; x_wconf 79' lang='lat' dir='ltr'><strong>psalm.</strong></span> <span class='ocrx_word' id='word_1_653' title='bbox 2443 4395 2626 4434; x_wconf 87' lang='lat' dir='ltr'><strong>cxvm.</strong></span> <span class='ocrx_word' id='word_1_654' title='bbox 2669 4381 2735 4435; x_wconf 86' lang='lat' dir='ltr'><strong>Et</strong></span> <span class='ocrx_word' id='word_1_655' title='bbox 2761 4381 3104 4452; x_wconf 80' lang='lat' dir='ltr'><strong>Hieronymus</strong></span> <span class='ocrx_word' id='word_1_656' title='bbox 3159 4383 3249 4438; x_wconf 85' lang='lat' dir='ltr'><strong>lib.</strong></span> <span class='ocrx_word' id='word_1_657' title='bbox 3287 4399 3346 4439; x_wconf 89' lang='grc' dir='ltr'>ιιι</span> <span class='ocrx_word' id='word_1_658' title='bbox 3383 4388 3440 4439; x_wconf 82' lang='lat' dir='ltr'><strong>in</strong></span> 
     </span>
    </p>
   </div>
   <div class='ocr_carea' id='block_1_90' title="bbox 229 4467 3438 4550">
    <p class='ocr_par' dir='ltr' id='par_1_90' title="bbox 229 4467 3438 4550">
     <span class='ocr_line' id='line_1_90' title="bbox 229 4467 3438 4550; baseline -0.004 -8"><span class='ocrx_word' id='word_1_659' title='bbox 229 4503 374 4542; x_wconf 79' lang='lat' dir='ltr'><strong>esse</strong></span> <span class='ocrx_word' id='word_1_660' title='bbox 437 4482 623 4550; x_wconf 73' lang='lat' dir='ltr'><strong>ignem</strong></span> <span class='ocrx_word' id='word_1_661' title='bbox 671 4484 890 4537; x_wconf 76' lang='lat' dir='ltr'><strong>verum.</strong></span> <span class='ocrx_word' id='word_1_662' title='bbox 933 4473 1164 4528; x_wconf 82' lang='lat' dir='ltr'><strong>dicentes</strong></span> <span class='ocrx_word' id='word_1_663' title='bbox 1224 4475 1419 4529; x_wconf 91' lang='lat' dir='ltr'><strong>dictum</strong></span> <span class='ocrx_word' id='word_1_664' title='bbox 1468 4491 1584 4530; x_wconf 83' lang='lat' dir='ltr'><strong>esse</strong></span> <span class='ocrx_word' id='word_1_665' title='bbox 1640 4474 1810 4544; x_wconf 75' lang='lat' dir='ltr'><strong>ignem</strong></span> <span class='ocrx_word' id='word_1_666' title='bbox 1845 4486 1890 4544; x_wconf 77' lang='grc' dir='ltr'>ι)</span> <span class='ocrx_word' id='word_1_667' title='bbox 1915 4468 2070 4521; x_wconf 78' lang='lat' dir='ltr'><strong>Amos</strong></span> <span class='ocrx_word' id='word_1_668' title='bbox 2101 4483 2194 4534; x_wconf 86' lang='lat' dir='ltr'><strong>vn,</strong></span> <span class='ocrx_word' id='word_1_669' title='bbox 2225 4467 2278 4532; x_wconf 74' lang='grc'><strong>4,</strong></span> <span class='ocrx_word' id='word_1_670' title='bbox 2313 4480 2529 4524; x_wconf 87' lang='lat' dir='ltr'><strong>sanctos</strong></span> <span class='ocrx_word' id='word_1_671' title='bbox 2556 4478 2608 4523; x_wconf 89' lang='lat' dir='ltr'><strong>et</strong></span> <span class='ocrx_word' id='word_1_672' title='bbox 2649 4471 2838 4539; x_wconf 90' lang='lat' dir='ltr'><strong>impios</strong></span> <span class='ocrx_word' id='word_1_673' title='bbox 2889 4472 3100 4542; x_wconf 87' lang='lat' dir='ltr'><strong>ignibus</strong></span> <span class='ocrx_word' id='word_1_674' title='bbox 3124 4475 3324 4537; x_wconf 90' lang='lat' dir='ltr'><strong>pariter</strong></span> <span class='ocrx_word' id='word_1_675' title='bbox 3343 4491 3438 4530; x_wconf 88' lang='lat' dir='ltr'><strong>ex-</strong></span> 
     </span>
    </p>
   </div>
   <div class='ocr_carea' id='block_1_91' title="bbox 228 4563 1812 4648">
    <p class='ocr_par' dir='ltr' id='par_1_91' title="bbox 228 4563 1812 4648">
     <span class='ocr_line' id='line_1_91' title="bbox 228 4563 1812 4648; baseline -0.007 -17"><span class='ocrx_word' id='word_1_676' title='bbox 228 4572 505 4648; x_wconf 75' lang='lat' dir='ltr'><strong>propria:</strong></span> <span class='ocrx_word' id='word_1_677' title='bbox 536 4563 879 4621; x_wconf 67' lang='lat' dir='ltr'><strong>conscientiae</strong></span> <span class='ocrx_word' id='word_1_678' title='bbox 909 4564 1263 4630; x_wconf 91' lang='lat' dir='ltr'><strong>punitionem;</strong></span> <span class='ocrx_word' id='word_1_679' title='bbox 1293 4581 1354 4618; x_wconf 91' lang='lat' dir='ltr'><strong>ac</strong></span> <span class='ocrx_word' id='word_1_680' title='bbox 1377 4566 1452 4620; x_wconf 91' lang='lat' dir='ltr'><strong>sic</strong></span> <span class='ocrx_word' id='word_1_681' title='bbox 1480 4576 1664 4620; x_wconf 82' lang='lat' dir='ltr'><strong>omnes</strong></span> <span class='ocrx_word' id='word_1_682' title='bbox 1696 4582 1812 4635; x_wconf 87' lang='lat' dir='ltr'><strong>pee-</strong></span> 
     </span>
    </p>
   </div>
   <div class='ocr_carea' id='block_1_92' title="bbox 227 4653 1811 4722">
    <p class='ocr_par' dir='ltr' id='par_1_92' title="bbox 227 4653 1811 4722">
     <span class='ocr_line' id='line_1_92' title="bbox 227 4653 1811 4722; baseline -0.006 -4"><span class='ocrx_word' id='word_1_683' title='bbox 227 4671 520 4722; x_wconf 90' lang='lat' dir='ltr'><strong>catorum</strong></span> <span class='ocrx_word' id='word_1_684' title='bbox 572 4655 777 4708; x_wconf 89' lang='lat' dir='ltr'><strong>animas</strong></span> <span class='ocrx_word' id='word_1_685' title='bbox 821 4661 936 4720; x_wconf 88' lang='lat' dir='ltr'><strong>post</strong></span> <span class='ocrx_word' id='word_1_686' title='bbox 976 4653 1336 4722; x_wconf 84' lang='lat' dir='ltr'><strong>purgatiOnem</strong></span> <span class='ocrx_word' id='word_1_687' title='bbox 1381 4655 1712 4709; x_wconf 69' lang='lat' dir='ltr'><strong>conscientia:</strong></span> <span class='ocrx_word' id='word_1_688' title='bbox 1753 4659 1811 4709; x_wconf 83' lang='grc' dir='ltr'><strong>ιη</strong></span> 
     </span>
    </p>
   </div>
   <div class='ocr_carea' id='block_1_93' title="bbox 225 4737 1814 4810">
    <p class='ocr_par' dir='ltr' id='par_1_93' title="bbox 225 4737 1814 4810">
     <span class='ocr_line' id='line_1_93' title="bbox 225 4737 1814 4810; baseline -0.01 0"><span class='ocrx_word' id='word_1_689' title='bbox 225 4753 538 4809; x_wconf 82' lang='lat' dir='ltr'><strong>unitatem</strong></span> <span class='ocrx_word' id='word_1_690' title='bbox 575 4739 816 4809; x_wconf 87' lang='lat' dir='ltr'><strong>corporis</strong></span> <span class='ocrx_word' id='word_1_691' title='bbox 855 4737 1052 4792; x_wconf 87' lang='lat' dir='ltr'><strong>Christi</strong></span> <span class='ocrx_word' id='word_1_692' title='bbox 1096 4755 1213 4794; x_wconf 91' lang='lat' dir='ltr'><strong>esse</strong></span> <span class='ocrx_word' id='word_1_693' title='bbox 1261 4741 1589 4796; x_wconf 68' lang='lat' dir='ltr'><strong>redituras.»</strong></span> <span class='ocrx_word' id='word_1_694' title='bbox 1625 4743 1814 4810; x_wconf 85' lang='lat' dir='ltr'><strong>Arguit</strong></span> 
     </span>
    </p>
   </div>
   <div class='ocr_carea' id='block_1_94' title="bbox 225 4828 1812 4898">
    <p class='ocr_par' dir='ltr' id='par_1_94' title="bbox 225 4828 1812 4898">
     <span class='ocr_line' id='line_1_94' title="bbox 225 4828 1812 4898; baseline -0.01 0"><span class='ocrx_word' id='word_1_695' title='bbox 225 4845 387 4898; x_wconf 88' lang='lat' dir='ltr'><strong>item</strong></span> <span class='ocrx_word' id='word_1_696' title='bbox 417 4833 689 4892; x_wconf 85' lang='lat' dir='ltr'><strong>circuitus</strong></span> <span class='ocrx_word' id='word_1_697' title='bbox 718 4829 834 4885; x_wconf 91' lang='lat' dir='ltr'><strong>illos</strong></span> <span class='ocrx_word' id='word_1_698' title='bbox 859 4828 1199 4884; x_wconf 86' lang='lat' dir='ltr'><strong>beatitudinis</strong></span> <span class='ocrx_word' id='word_1_699' title='bbox 1221 4837 1274 4883; x_wconf 91' lang='lat' dir='ltr'><strong>et</strong></span> <span class='ocrx_word' id='word_1_700' title='bbox 1305 4830 1654 4883; x_wconf 89' lang='lat' dir='ltr'><strong>damnationis</strong></span> <span class='ocrx_word' id='word_1_701' title='bbox 1680 4845 1812 4883; x_wconf 89' lang='lat' dir='ltr'><strong>sem-</strong></span> 
     </span>
    </p>
   </div>
   <div class='ocr_carea' id='block_1_95' title="bbox 221 4917 1806 5004">
    <p class='ocr_par' dir='ltr' id='par_1_95' title="bbox 221 4917 1806 5004">
     <span class='ocr_line' id='line_1_95' title="bbox 221 4917 1806 5004; baseline -0.001 -30"><span class='ocrx_word' id='word_1_702' title='bbox 221 4932 283 5004; x_wconf 75' lang='lat' dir='ltr'><strong>pi</strong></span> <span class='ocrx_word' id='word_1_703' title='bbox 297 4939 518 4984; x_wconf 61' lang='lat' dir='ltr'><strong>remos</strong></span> <span class='ocrx_word' id='word_1_704' title='bbox 541 4921 865 4985; x_wconf 75' lang='lat' dir='ltr'><strong>Augustinus</strong></span> <span class='ocrx_word' id='word_1_705' title='bbox 896 4917 1093 4972; x_wconf 76' lang='lat' dir='ltr'><strong>Hazrer.</strong></span> <span class='ocrx_word' id='word_1_706' title='bbox 1121 4933 1247 4971; x_wconf 82' lang='lat' dir='ltr'><strong>me</strong></span> <span class='ocrx_word' id='word_1_707' title='bbox 1273 4919 1336 4972; x_wconf 91' lang='lat' dir='ltr'><strong>ad</strong></span> <span class='ocrx_word' id='word_1_708' title='bbox 1363 4918 1806 4985; x_wconf 84' lang='lat' dir='ltr'><strong>Quodvultdeum,</strong></span> 
     </span>
    </p>
   </div>
   <div class='ocr_carea' id='block_1_96' title="bbox 222 5005 1809 5080">
    <p class='ocr_par' dir='ltr' id='par_1_96' title="bbox 222 5005 1809 5080">
     <span class='ocr_line' id='line_1_96' title="bbox 222 5005 1809 5080; baseline -0.01 0"><span class='ocrx_word' id='word_1_709' title='bbox 222 5035 288 5080; x_wconf 91' lang='lat' dir='ltr'><strong>et</strong></span> <span class='ocrx_word' id='word_1_710' title='bbox 329 5022 444 5077; x_wconf 88' lang='lat' dir='ltr'><strong>lib.</strong></span> <span class='ocrx_word' id='word_1_711' title='bbox 484 5031 580 5071; x_wconf 74' lang='lat' dir='ltr'><strong>xxi</strong></span> <span class='ocrx_word' id='word_1_712' title='bbox 625 5013 699 5068; x_wconf 84' lang='lat' dir='ltr'><strong>De</strong></span> <span class='ocrx_word' id='word_1_713' title='bbox 741 5014 881 5068; x_wconf 83' lang='lat' dir='ltr'><strong>civit.</strong></span> <span class='ocrx_word' id='word_1_714' title='bbox 906 5011 1021 5075; x_wconf 86' lang='lat' dir='ltr'><strong>Dei,</strong></span> <span class='ocrx_word' id='word_1_715' title='bbox 1054 5025 1170 5079; x_wconf 87' lang='lat' dir='ltr'><strong>cap.</strong></span> <span class='ocrx_word' id='word_1_716' title='bbox 1198 5011 1286 5064; x_wconf 80' lang='lat' dir='ltr'><strong>l7.</strong></span> <span class='ocrx_word' id='word_1_717' title='bbox 1323 5005 1392 5063; x_wconf 75' lang='lat' dir='ltr'><strong>At</strong></span> <span class='ocrx_word' id='word_1_718' title='bbox 1428 5009 1636 5064; x_wconf 77' lang='lat' dir='ltr'><strong>Nicetas</strong></span> <span class='ocrx_word' id='word_1_719' title='bbox 1669 5008 1809 5065; x_wconf 87' lang='lat' dir='ltr'><strong>Cho-</strong></span> 
     </span>
    </p>
   </div>
   <div class='ocr_carea' id='block_1_97' title="bbox 223 5096 1808 5169">
    <p class='ocr_par' dir='ltr' id='par_1_97' title="bbox 223 5096 1808 5169">
     <span class='ocr_line' id='line_1_97' title="bbox 223 5096 1808 5169; baseline -0.011 0"><span class='ocrx_word' id='word_1_720' title='bbox 223 5115 330 5169; x_wconf 84' lang='lat' dir='ltr'><strong>nia</strong></span> <span class='ocrx_word' id='word_1_721' title='bbox 344 5122 442 5165; x_wconf 92' lang='lat' dir='ltr'><strong>tes</strong></span> <span class='ocrx_word' id='word_1_722' title='bbox 490 5103 588 5158; x_wconf 93' lang='lat' dir='ltr'><strong>lib.</strong></span> <span class='ocrx_word' id='word_1_723' title='bbox 612 5117 666 5156; x_wconf 81' lang='lat' dir='ltr'><strong>1v</strong></span> <span class='ocrx_word' id='word_1_724' title='bbox 705 5101 857 5155; x_wconf 80' lang='lat' dir='ltr'><strong>Thes.</strong></span> <span class='ocrx_word' id='word_1_725' title='bbox 884 5099 1085 5153; x_wconf 83' lang='lat' dir='ltr'><strong>orthod.</strong></span> <span class='ocrx_word' id='word_1_726' title='bbox 1116 5098 1234 5165; x_wconf 82' lang='lat' dir='ltr'><strong>ﬁd.,</strong></span> <span class='ocrx_word' id='word_1_727' title='bbox 1268 5099 1396 5151; x_wconf 63' lang='lat' dir='ltr'><strong>hatr.</strong></span> <span class='ocrx_word' id='word_1_728' title='bbox 1420 5111 1581 5158; x_wconf 74' lang='lat' dir='ltr'><strong>xxxx,</strong></span> <span class='ocrx_word' id='word_1_729' title='bbox 1613 5096 1808 5151; x_wconf 84' lang='lat' dir='ltr'><strong>dixisse</strong></span> 
     </span>
    </p>
   </div>
   <div class='ocr_carea' id='block_1_98' title="bbox 225 5183 1808 5264">
    <p class='ocr_par' dir='ltr' id='par_1_98' title="bbox 225 5183 1808 5264">
     <span class='ocr_line' id='line_1_98' title="bbox 225 5183 1808 5264; baseline -0.012 -5"><span class='ocrx_word' id='word_1_730' title='bbox 225 5205 318 5258; x_wconf 87' lang='lat' dir='ltr'><strong>ait</strong></span> <span class='ocrx_word' id='word_1_731' title='bbox 363 5197 692 5264; x_wconf 88' lang='lat' dir='ltr'><strong>Origenem,</strong></span> <span class='ocrx_word' id='word_1_732' title='bbox 734 5187 970 5244; x_wconf 82' lang='lat' dir='ltr'><strong>futurum</strong></span> <span class='ocrx_word' id='word_1_733' title='bbox 1003 5198 1060 5242; x_wconf 91' lang='lat' dir='ltr'><strong>ut</strong></span> <span class='ocrx_word' id='word_1_734' title='bbox 1103 5189 1275 5240; x_wconf 87' lang='lat' dir='ltr'><strong>anima</strong></span> <span class='ocrx_word' id='word_1_735' title='bbox 1313 5186 1566 5251; x_wconf 85' lang='lat' dir='ltr'><strong>tantisper</strong></span> <span class='ocrx_word' id='word_1_736' title='bbox 1603 5183 1654 5238; x_wconf 90' lang='lat' dir='ltr'><strong>in</strong></span> <span class='ocrx_word' id='word_1_737' title='bbox 1687 5187 1808 5255; x_wconf 89' lang='lat' dir='ltr'><strong>igne</strong></span> 
     </span>
    </p>
   </div>
   <div class='ocr_carea' id='block_1_99' title="bbox 230 5279 1808 5350">
    <p class='ocr_par' dir='ltr' id='par_1_99' title="bbox 230 5279 1808 5350">
     <span class='ocr_line' id='line_1_99' title="bbox 230 5279 1808 5350; baseline -0.013 -1"><span class='ocrx_word' id='word_1_738' title='bbox 230 5296 512 5350; x_wconf 84' lang='lat' dir='ltr'><strong>maneat,</strong></span> <span class='ocrx_word' id='word_1_739' title='bbox 538 5284 662 5337; x_wconf 93' lang='lat' dir='ltr'><strong>dum</strong></span> <span class='ocrx_word' id='word_1_740' title='bbox 681 5282 928 5336; x_wconf 88' lang='lat' dir='ltr'><strong>vitiorum</strong></span> <span class='ocrx_word' id='word_1_741' title='bbox 952 5279 1195 5334; x_wconf 87' lang='lat' dir='ltr'><strong>sordibus</strong></span> <span class='ocrx_word' id='word_1_742' title='bbox 1225 5284 1581 5346; x_wconf 85' lang='lat' dir='ltr'><strong>expurgetur;</strong></span> <span class='ocrx_word' id='word_1_743' title='bbox 1613 5282 1667 5327; x_wconf 90' lang='lat' dir='ltr'><strong>at</strong></span> <span class='ocrx_word' id='word_1_744' title='bbox 1691 5287 1808 5329; x_wconf 87' lang='lat' dir='ltr'><strong>ver-</strong></span> 
     </span>
    </p>
   </div>
   <div class='ocr_carea' id='block_1_100' title="bbox 231 5371 1807 5440">
    <p class='ocr_par' dir='ltr' id='par_1_100' title="bbox 231 5371 1807 5440">
     <span class='ocr_line' id='line_1_100' title="bbox 231 5371 1807 5440; baseline -0.014 0"><span class='ocrx_word' id='word_1_745' title='bbox 231 5396 407 5440; x_wconf 87' lang='lat' dir='ltr'><strong>mem</strong></span> <span class='ocrx_word' id='word_1_746' title='bbox 453 5385 637 5430; x_wconf 89' lang='lat' dir='ltr'><strong>tamen</strong></span> <span class='ocrx_word' id='word_1_747' title='bbox 685 5371 800 5426; x_wconf 89' lang='lat' dir='ltr'><strong>sine</strong></span> <span class='ocrx_word' id='word_1_748' title='bbox 836 5371 939 5424; x_wconf 81' lang='lat' dir='ltr'><strong>ﬁne</strong></span> <span class='ocrx_word' id='word_1_749' title='bbox 972 5380 1393 5439; x_wconf 88' lang='lat' dir='ltr'><strong>permansurum,</strong></span> <span class='ocrx_word' id='word_1_750' title='bbox 1433 5377 1533 5418; x_wconf 89' lang='lat' dir='ltr'><strong>nec</strong></span> <span class='ocrx_word' id='word_1_751' title='bbox 1574 5377 1807 5431; x_wconf 88' lang='lat' dir='ltr'><strong>unquam</strong></span> 
     </span>
    </p>
   </div>
   <div class='ocr_carea' id='block_1_101' title="bbox 232 5455 1806 5548">
    <p class='ocr_par' dir='ltr' id='par_1_101' title="bbox 232 5455 1806 5548">
     <span class='ocr_line' id='line_1_101' title="bbox 232 5455 1806 5548; baseline -0.015 -16"><span class='ocrx_word' id='word_1_752' title='bbox 232 5477 578 5548; x_wconf 67' lang='lat' dir='ltr'><strong>gehennam</strong></span> <span class='ocrx_word' id='word_1_753' title='bbox 625 5464 940 5519; x_wconf 83' lang='lat' dir='ltr'><strong>exstinctum</strong></span> <span class='ocrx_word' id='word_1_754' title='bbox 979 5459 1074 5524; x_wconf 90' lang='lat' dir='ltr'><strong>iri,</strong></span> <span class='ocrx_word' id='word_1_755' title='bbox 1124 5477 1143 5509; x_wconf 86' lang='grc'><strong>‹</strong></span> <span class='ocrx_word' id='word_1_756' title='bbox 1173 5467 1230 5511; x_wconf 83' lang='grc' dir='ltr'>ιιι</span> <span class='ocrx_word' id='word_1_757' title='bbox 1274 5457 1375 5512; x_wconf 90' lang='lat' dir='ltr'><strong>hoc</strong></span> <span class='ocrx_word' id='word_1_758' title='bbox 1421 5461 1572 5548; x_wconf 78' lang='lat' dir='ltr'><strong>pacto</strong></span> <span class='ocrx_word' id='word_1_759' title='bbox 1615 5455 1806 5548; x_wconf 47' lang='lat' dir='ltr'><strong>stimu-i</strong></span> 
     </span>
    </p>
   </div>
   <div class='ocr_carea' id='block_1_102' title="bbox 233 5544 1806 5624">
    <p class='ocr_par' dir='ltr' id='par_1_102' title="bbox 233 5544 1806 5624">
     <span class='ocr_line' id='line_1_102' title="bbox 233 5544 1806 5624; baseline -0.016 -2"><span class='ocrx_word' id='word_1_760' title='bbox 233 5544 410 5622; x_wconf 62' lang='lat' dir='ltr'><strong>letor</strong></span> <span class='ocrx_word' id='word_1_761' title='bbox 450 5557 508 5611; x_wconf 89' lang='lat' dir='ltr'><strong>in</strong></span> <span class='ocrx_word' id='word_1_762' title='bbox 547 5563 850 5624; x_wconf 89' lang='lat' dir='ltr'><strong>posterum,</strong></span> <span class='ocrx_word' id='word_1_763' title='bbox 905 5550 1284 5617; x_wconf 84' lang='lat' dir='ltr'><strong>refriceturque</strong></span> <span class='ocrx_word' id='word_1_764' title='bbox 1315 5544 1566 5600; x_wconf 88' lang='lat' dir='ltr'><strong>memoria</strong></span> <span class='ocrx_word' id='word_1_765' title='bbox 1615 5545 1806 5602; x_wconf 69' lang='lat' dir='ltr'><strong>divinae</strong></span> 
     </span>
    </p>
   </div>
   <div class='ocr_carea' id='block_1_103' title="bbox 234 5634 1809 5712">
    <p class='ocr_par' dir='ltr' id='par_1_103' title="bbox 234 5634 1809 5712">
     <span class='ocr_line' id='line_1_103' title="bbox 234 5634 1809 5712; baseline -0.006 -8"><span class='ocrx_word' id='word_1_766' title='bbox 234 5644 627 5712; x_wconf 76' lang='lat' dir='ltr'><strong>humanitatis</strong></span> <span class='ocrx_word' id='word_1_767' title='bbox 684 5643 738 5696; x_wconf 91' lang='lat' dir='ltr'><strong>in</strong></span> <span class='ocrx_word' id='word_1_768' title='bbox 788 5641 1008 5703; x_wconf 90' lang='lat' dir='ltr'><strong>animis,</strong></span> <span class='ocrx_word' id='word_1_769' title='bbox 1053 5653 1170 5706; x_wconf 64' lang='lat' dir='ltr'><strong>quae</strong></span> <span class='ocrx_word' id='word_1_770' title='bbox 1215 5652 1244 5693; x_wconf 89' lang='lat' dir='ltr'><strong>a</strong></span> <span class='ocrx_word' id='word_1_771' title='bbox 1289 5634 1611 5708; x_wconf 81' lang='lat' dir='ltr'><strong>perennibus</strong></span> <span class='ocrx_word' id='word_1_772' title='bbox 1657 5634 1809 5694; x_wconf 78' lang='lat' dir='ltr'><strong>hisce</strong></span> 
     </span>
    </p>
   </div>
   <div class='ocr_carea' id='block_1_104' title="bbox 239 5728 1104 5811">
    <p class='ocr_par' dir='ltr' id='par_1_104' title="bbox 239 5728 1104 5811">
     <span class='ocr_line' id='line_1_104' title="bbox 239 5728 1104 5811; baseline -0.028 -10"><span class='ocrx_word' id='word_1_773' title='bbox 239 5734 557 5811; x_wconf 77' lang='lat' dir='ltr'><strong>suppliciis</strong></span> <span class='ocrx_word' id='word_1_774' title='bbox 585 5731 817 5789; x_wconf 81' lang='lat' dir='ltr'><strong>liberata:</strong></span> <span class='ocrx_word' id='word_1_775' title='bbox 846 5728 1057 5784; x_wconf 80' lang='lat' dir='ltr'><strong>fuerint.</strong></span> <span class='ocrx_word' id='word_1_776' title='bbox 1083 5743 1104 5777; x_wconf 73' lang='grc' dir='ltr'>ι</span> 
     </span>
    </p>
   </div>
   <div class='ocr_carea' id='block_1_105' title="bbox 1538 5814 1779 5836">
    <p class='ocr_par' dir='ltr' id='par_1_105' title="bbox 1538 5814 1779 5836">
     <span class='ocr_line' id='line_1_105' title="bbox 1538 5814 1779 5836; baseline 0.008 -6"><span class='ocrx_word' id='word_1_777' title='bbox 1538 5815 1597 5830; x_wconf 69' lang='grc' dir='ltr'><strong><em>ον’·</em></strong></span> <span class='ocrx_word' id='word_1_778' title='bbox 1619 5820 1698 5836; x_wconf 52' lang='grc' dir='ltr'><strong>σωκ-</strong></span> <span class='ocrx_word' id='word_1_779' title='bbox 1721 5814 1779 5825; x_wconf 26' lang='grc' dir='ltr'><strong>’θ’</strong></span> 
     </span>
    </p>
   </div>
   <div class='ocr_carea' id='block_1_106' title="bbox 1918 4556 3436 4634">
    <p class='ocr_par' dir='ltr' id='par_1_106' title="bbox 1918 4556 3436 4634">
     <span class='ocr_line' id='line_1_106' title="bbox 1918 4556 3436 4634; baseline 0.006 -24"><span class='ocrx_word' id='word_1_780' title='bbox 1918 4556 2215 4627; x_wconf 88' lang='lat' dir='ltr'><strong>purgandos</strong></span> <span class='ocrx_word' id='word_1_781' title='bbox 2247 4573 2365 4613; x_wconf 90' lang='lat' dir='ltr'><strong>esse</strong></span> <span class='ocrx_word' id='word_1_782' title='bbox 2395 4560 2470 4613; x_wconf 90' lang='lat' dir='ltr'><strong>ait</strong></span> <span class='ocrx_word' id='word_1_783' title='bbox 2495 4561 2686 4628; x_wconf 91' lang='lat' dir='ltr'><strong>quibus</strong></span> <span class='ocrx_word' id='word_1_784' title='bbox 2719 4562 2966 4616; x_wconf 90' lang='lat' dir='ltr'><strong>omnibus</strong></span> <span class='ocrx_word' id='word_1_785' title='bbox 2996 4563 3230 4632; x_wconf 65' lang='lat' dir='ltr'><strong>prtelusit</strong></span> <span class='ocrx_word' id='word_1_786' title='bbox 3267 4563 3436 4634; x_wconf 53' lang='lat' dir='ltr'><strong>Sipylo</strong></span> 
     </span>
    </p>
   </div>
   <div class='ocr_carea' id='block_1_107' title="bbox 1916 4647 2977 4717">
    <p class='ocr_par' dir='ltr' id='par_1_107' title="bbox 1916 4647 2977 4717">
     <span class='ocr_line' id='line_1_107' title="bbox 1916 4647 2977 4717; baseline 0.007 -19"><span class='ocrx_word' id='word_1_787' title='bbox 1916 4647 2136 4699; x_wconf 77' lang='lat' dir='ltr'><strong>linort’tm</strong></span> <span class='ocrx_word' id='word_1_788' title='bbox 2163 4649 2485 4700; x_wconf 86' lang='lat' dir='ltr'><strong>oraculorum</strong></span> <span class='ocrx_word' id='word_1_789' title='bbox 2513 4652 2742 4717; x_wconf 87' lang='lat' dir='ltr'><strong>scriptor</strong></span> <span class='ocrx_word' id='word_1_790' title='bbox 2770 4652 2862 4705; x_wconf 92' lang='lat' dir='ltr'><strong>lib.</strong></span> <span class='ocrx_word' id='word_1_791' title='bbox 2888 4667 2925 4706; x_wconf 92' lang='grc' dir='ltr'>ιι</span> <span class='ocrx_word' id='word_1_792' title='bbox 2965 4670 2977 4705; x_wconf 93' lang='lat'>:</span> 
     </span>
    </p>
   </div>
   <div class='ocr_carea' id='block_1_108' title="bbox 1983 4735 3366 4812">
    <p class='ocr_par' dir='ltr' id='par_1_108' title="bbox 1983 4735 3366 4812">
     <span class='ocr_line' id='line_1_108' title="bbox 1983 4735 3366 4812; baseline 0.009 -26"><span class='ocrx_word' id='word_1_793' title='bbox 1983 4735 2090 4812; x_wconf 55' lang='grc' dir='ltr'><strong>ζιξαξ</strong></span> <span class='ocrx_word' id='word_1_794' title='bbox 2123 4735 2253 4812; x_wconf 58' lang='lat' dir='ltr'><strong>adre</strong></span> <span class='ocrx_word' id='word_1_795' title='bbox 2275 4735 2350 4812; x_wconf 66' lang='grc' dir='ltr'><strong>ᾷὴ</strong></span> <span class='ocrx_word' id='word_1_796' title='bbox 2381 4736 2594 4812; x_wconf 47' lang='lat' dir='ltr'><strong>artiﬁce</strong></span> <span class='ocrx_word' id='word_1_797' title='bbox 2624 4739 2716 4792; x_wconf 80' lang='grc' dir='ltr'><strong>διὰ</strong></span> <span class='ocrx_word' id='word_1_798' title='bbox 2736 4740 3044 4812; x_wconf 59' lang='grc' dir='ltr'><em>σεϐομένου</em></span> <span class='ocrx_word' id='word_1_799' title='bbox 3071 4735 3366 4812; x_wconf 58' lang='grc' dir='ltr'><em>ποταμοῖο,</em></span> 
     </span>
    </p>
   </div>
   <div class='ocr_carea' id='block_1_109' title="bbox 1983 4805 3438 4872">
    <p class='ocr_par' dir='ltr' id='par_1_109' title="bbox 1983 4805 3438 4872">
     <span class='ocr_line' id='line_1_109' title="bbox 1983 4805 3438 4872; baseline 0.006 -16"><span class='ocrx_word' id='word_1_800' title='bbox 1983 4805 2091 4857; x_wconf 84' lang='lat' dir='ltr'><strong>Kal.</strong></span> <span class='ocrx_word' id='word_1_801' title='bbox 2127 4805 2346 4872; x_wconf 73' lang='grc' dir='ltr'><em>φλογὸς</em></span> <span class='ocrx_word' id='word_1_802' title='bbox 2391 4805 2684 4863; x_wconf 78' lang='grc' dir='ltr'><em>ἀσϐέστου</em></span> <span class='ocrx_word' id='word_1_803' title='bbox 2723 4805 3080 4865; x_wconf 78' lang='grc' dir='ltr'><strong>διελέύσονθ’</strong></span> <span class='ocrx_word' id='word_1_804' title='bbox 3101 4827 3116 4842; x_wconf 74' lang='grc' dir='ltr'><strong>ο</strong></span> <span class='ocrx_word' id='word_1_805' title='bbox 3159 4805 3231 4866; x_wconf 74' lang='grc' dir='ltr'><strong>οῖ’</strong></span> <span class='ocrx_word' id='word_1_806' title='bbox 3253 4829 3317 4866; x_wconf 79' lang='grc' dir='ltr'><strong>τε</strong></span> <span class='ocrx_word' id='word_1_807' title='bbox 3352 4805 3438 4865; x_wconf 73' lang='grc' dir='ltr'><strong>δί-</strong></span> 
     </span>
    </p>
   </div>
   <div class='ocr_carea' id='block_1_110' title="bbox 1981 4879 3438 5012">
    <p class='ocr_par' dir='ltr' id='par_1_110' title="bbox 1981 4879 3438 5012">
     <span class='ocr_line' id='line_1_110' title="bbox 1981 4879 3438 5012; baseline 0.003 -17"><span class='ocrx_word' id='word_1_808' title='bbox 1981 4943 2203 5008; x_wconf 79' lang='grc' dir='ltr'><em>Πάντες</em></span> <span class='ocrx_word' id='word_1_809' title='bbox 2266 4931 2589 5010; x_wconf 65' lang='grc' dir='ltr'><em>σωθήσονῖ*</em></span> <span class='ocrx_word' id='word_1_810' title='bbox 2605 4983 2621 5006; x_wconf 87' lang='grc'><em>,</em></span> <span class='ocrx_word' id='word_1_811' title='bbox 2673 4945 2904 5012; x_wconf 78' lang='grc' dir='ltr'><strong>ἀσεϐεῖς</strong></span> <span class='ocrx_word' id='word_1_812' title='bbox 2971 4945 3032 4999; x_wconf 75' lang='grc' dir='ltr'><strong>δ”</strong></span> <span class='ocrx_word' id='word_1_813' title='bbox 3085 4943 3182 5002; x_wconf 71' lang='grc' dir='ltr'><strong>ἐπὶ</strong></span> <span class='ocrx_word' id='word_1_814' title='bbox 3250 4879 3438 5000; x_wconf 50' lang='grc' dir='ltr'><strong>ἑέὶςὲῗιξ</strong></span> 
     </span>
    </p>
   </div>
   <div class='ocr_carea' id='block_1_111' title="bbox 3142 5017 3436 5086">
    <p class='ocr_par' dir='ltr' id='par_1_111' title="bbox 3142 5017 3436 5086">
     <span class='ocr_line' id='line_1_111' title="bbox 3142 5017 3436 5086; baseline -0.014 -18"><span class='ocrx_word' id='word_1_815' title='bbox 3142 5017 3436 5086; x_wconf 62' lang='grc' dir='ltr'><strong>[ὀλοῦιςται</strong></span> 
     </span>
    </p>
   </div>
   <div class='ocr_carea' id='block_1_112' title="bbox 1978 5079 3434 5218">
    <p class='ocr_par' dir='ltr' id='par_1_112' title="bbox 1978 5079 3434 5218">
     <span class='ocr_line' id='line_1_112' title="bbox 1978 5079 3434 5218; baseline 0.001 -85"><span class='ocrx_word' id='word_1_816' title='bbox 1978 5081 2080 5145; x_wconf 76' lang='grc' dir='ltr'><strong>Εἷς</strong></span> <span class='ocrx_word' id='word_1_817' title='bbox 2110 5079 2320 5148; x_wconf 72' lang='grc' dir='ltr'><strong>αἰῶνας</strong></span> <span class='ocrx_word' id='word_1_818' title='bbox 2351 5084 2547 5148; x_wconf 76' lang='grc' dir='ltr'><em>ὅλους,</em></span> <span class='ocrx_word' id='word_1_819' title='bbox 2581 5084 2803 5137; x_wconf 81' lang='grc' dir='ltr'><strong>ὀπόσοι·</strong></span> <span class='ocrx_word' id='word_1_820' title='bbox 2833 5083 2985 5138; x_wconf 80' lang='grc' dir='ltr'><strong><em>κακὰ</em></strong></span> <span class='ocrx_word' id='word_1_821' title='bbox 3022 5079 3434 5218; x_wconf 63' lang='grc' dir='ltr'><strong>ειιζρόῖγθενΙ</strong></span> 
     </span>
    </p>
   </div>
   <div class='ocr_carea' id='block_1_113' title="bbox 1911 5259 2229 5316">
    <p class='ocr_par' dir='ltr' id='par_1_113' title="bbox 1911 5259 2229 5316">
     <span class='ocr_line' id='line_1_113' title="bbox 1911 5259 2229 5316; baseline 0 -2"><span class='ocrx_word' id='word_1_822' title='bbox 1911 5259 1977 5314; x_wconf 85' lang='lat' dir='ltr'><strong>Et</strong></span> <span class='ocrx_word' id='word_1_823' title='bbox 1996 5259 2184 5316; x_wconf 87' lang='lat' dir='ltr'><strong>deinde</strong></span> <span class='ocrx_word' id='word_1_824' title='bbox 2214 5277 2229 5314; x_wconf 94' lang='lat'><strong>:</strong></span> 
     </span>
    </p>
   </div>
   <div class='ocr_carea' id='block_1_114' title="bbox 1984 5343 3434 5488">
    <p class='ocr_par' dir='ltr' id='par_1_114' title="bbox 1984 5343 3434 5488">
     <span class='ocr_line' id='line_1_114' title="bbox 1984 5343 3434 5418; baseline -0.006 -16"><span class='ocrx_word' id='word_1_825' title='bbox 1984 5348 2124 5414; x_wconf 83' lang='grc' dir='ltr'><em>Τοὺς</em></span> <span class='ocrx_word' id='word_1_826' title='bbox 2146 5351 2197 5403; x_wconf 82' lang='grc' dir='ltr'><strong>δ’</strong></span> <span class='ocrx_word' id='word_1_827' title='bbox 2221 5350 2465 5418; x_wconf 72' lang='grc' dir='ltr'><em>ἄλλους,</em></span> <span class='ocrx_word' id='word_1_828' title='bbox 2496 5353 2739 5418; x_wconf 79' lang='grc' dir='ltr'><strong>ὁπόσοις</strong></span> <span class='ocrx_word' id='word_1_829' title='bbox 2762 5367 2824 5405; x_wconf 82' lang='grc' dir='ltr'><strong>τε</strong></span> <span class='ocrx_word' id='word_1_830' title='bbox 2847 5352 3001 5415; x_wconf 79' lang='grc' dir='ltr'><strong>δίκη,</strong></span> <span class='ocrx_word' id='word_1_831' title='bbox 3033 5345 3184 5400; x_wconf 75' lang='grc' dir='ltr'><strong>καλὰ</strong></span> <span class='ocrx_word' id='word_1_832' title='bbox 3217 5343 3265 5395; x_wconf 77' lang='grc' dir='ltr'><strong><em>τ’</em></strong></span> <span class='ocrx_word' id='word_1_833' title='bbox 3292 5343 3434 5411; x_wconf 75' lang='grc' dir='ltr'><strong>ἔργα</strong></span> 
     </span>
     <span class='ocr_line' id='line_1_115' title="bbox 2320 5411 3431 5488; baseline -0.003 -5"><span class='ocrx_word' id='word_1_834' title='bbox 2320 5487 2323 5488; x_wconf 18' lang='grc' dir='ltr'><em>γ</em></span> <span class='ocrx_word' id='word_1_835' title='bbox 2898 5477 2910 5488; x_wconf 85' lang='lat'><strong>_.</strong></span> <span class='ocrx_word' id='word_1_836' title='bbox 3122 5411 3431 5488; x_wconf 66' lang='grc' dir='ltr'><strong>[ιιέμτιλενν</strong></span> 
     </span>
    </p>
   </div>
   <div class='ocr_carea' id='block_1_115' title="bbox 1983 5451 3431 5559">
    <p class='ocr_par' dir='ltr' id='par_1_115' title="bbox 1983 5451 3431 5559">
     <span class='ocr_line' id='line_1_116' title="bbox 1983 5451 3431 5559; baseline 0.005 -18"><span class='ocrx_word' id='word_1_837' title='bbox 1983 5488 2237 5559; x_wconf 40' lang='lat' dir='ltr'><strong>&quot;Amice</strong></span> <span class='ocrx_word' id='word_1_838' title='bbox 2275 5487 2562 5559; x_wconf 73' lang='grc' dir='ltr'><strong>αὶρόμενοι</strong></span> <span class='ocrx_word' id='word_1_839' title='bbox 2588 5490 2684 5544; x_wconf 80' lang='grc' dir='ltr'><strong>διὰ</strong></span> <span class='ocrx_word' id='word_1_840' title='bbox 2713 5477 3020 5554; x_wconf 74' lang='grc' dir='ltr'><em>αἰθομένου</em></span> <span class='ocrx_word' id='word_1_841' title='bbox 3055 5451 3385 5546; x_wconf 41' lang='grc' dir='ltr'><em>ποιῖἇὲδέἴ,</em></span> <span class='ocrx_word' id='word_1_842' title='bbox 3414 5451 3431 5480; x_wconf 54' lang='grc'><strong><em>’</em></strong></span> 
     </span>
    </p>
   </div>
   <div class='ocr_carea' id='block_1_116' title="bbox 1978 5557 2485 5626">
    <p class='ocr_par' dir='ltr' id='par_1_116' title="bbox 1978 5557 2485 5626">
     <span class='ocr_line' id='line_1_117' title="bbox 1978 5557 2485 5626; baseline 0.006 -16"><span class='ocrx_word' id='word_1_843' title='bbox 1978 5560 2080 5623; x_wconf 82' lang='grc' dir='ltr'><strong>Εἰς</strong></span> <span class='ocrx_word' id='word_1_844' title='bbox 2105 5557 2227 5626; x_wconf 70' lang='grc' dir='ltr'><strong>φῶς</strong></span> <span class='ocrx_word' id='word_1_845' title='bbox 2255 5557 2485 5622; x_wconf 79' lang='grc' dir='ltr'><strong>ἄξουσι.</strong></span> 
     </span>
    </p>
   </div>
   <div class='ocr_carea' id='block_1_117' title="bbox 1983 5639 3230 5720">
    <p class='ocr_par' dir='ltr' id='par_1_117' title="bbox 1983 5639 3230 5720">
     <span class='ocr_line' id='line_1_118' title="bbox 1983 5639 3230 5720; baseline -0.008 -20"><span class='ocrx_word' id='word_1_846' title='bbox 1983 5646 2124 5720; x_wconf 58' lang='lat' dir='ltr'><strong>Iunt:</strong></span> <span class='ocrx_word' id='word_1_847' title='bbox 2144 5665 2259 5702; x_wconf 84' lang='lat' dir='ltr'><strong>vero</strong></span> <span class='ocrx_word' id='word_1_848' title='bbox 2281 5666 2449 5702; x_wconf 85' lang='lat' dir='ltr'><strong>omnes</strong></span> <span class='ocrx_word' id='word_1_849' title='bbox 2486 5663 2586 5720; x_wconf 77' lang='lat' dir='ltr'><strong>per.</strong></span> <span class='ocrx_word' id='word_1_850' title='bbox 2604 5648 2862 5701; x_wconf 84' lang='lat' dir='ltr'><strong>ardentem</strong></span> <span class='ocrx_word' id='word_1_851' title='bbox 2889 5639 3127 5720; x_wconf 51' lang='lat' dir='ltr'><strong>ﬂuvium,</strong></span> <span class='ocrx_word' id='word_1_852' title='bbox 3198 5707 3230 5720; x_wconf 28' lang='grc' dir='ltr'><strong>Δ.</strong></span> 
     </span>
    </p>
   </div>
   <div class='ocr_carea' id='block_1_118' title="bbox 1984 5709 3436 5775">
    <p class='ocr_par' dir='ltr' id='par_1_118' title="bbox 1984 5709 3436 5775">
     <span class='ocr_line' id='line_1_119' title="bbox 1984 5709 3436 5775; baseline -0.005 -6"><span class='ocrx_word' id='word_1_853' title='bbox 1984 5715 2050 5771; x_wconf 88' lang='lat' dir='ltr'><strong>Et</strong></span> <span class='ocrx_word' id='word_1_854' title='bbox 2078 5719 2333 5774; x_wconf 74' lang='lat' dir='ltr'><strong>flammam</strong></span> <span class='ocrx_word' id='word_1_855' title='bbox 2362 5709 2718 5772; x_wconf 73' lang='lat' dir='ltr'><strong>inexstinstam</strong></span> <span class='ocrx_word' id='word_1_856' title='bbox 2747 5709 3037 5766; x_wconf 77' lang='lat' dir='ltr'><strong>transibunt</strong></span> <span class='ocrx_word' id='word_1_857' title='bbox 3067 5723 3087 5771; x_wconf 92' lang='lat'><strong>:_</strong></span> <span class='ocrx_word' id='word_1_858' title='bbox 3099 5709 3230 5775; x_wconf 77' lang='lat' dir='ltr'><strong>justi</strong></span> <span class='ocrx_word' id='word_1_859' title='bbox 3262 5716 3436 5762; x_wconf 62' lang='lat' dir='ltr'><strong>autem</strong></span> 
     </span>
    </p>
   </div>
  </div>
