3920 6462
415 424 545 478 ΙῦθῚ

1653 404 1713 460 P.
1753 399 2057 455 DANIELIS
2088 394 2317 452 llUETlI

3588 368 3738 426 £008

478 535 659 587 Omnes
693 528 902 581 salutem
934 526 1325 593 adipiscentur;
1363 522 1504 593 impii
1532 536 1647 574 vero
1682 518 1912 585 peribunt
1943 518 1985 572 A
2014 516 2145 575 dies,
2175 513 2218 566 si
2251 512 2352 565 hoc
2394 505 2684 574 temporis
2738 496 3071 555 intervallo
3117 493 3382 593 spiritus
3426 488 3742 543 defuncto-

478 601 541 653 ιη
571 600 738 652 omnia
788 594 1000 657 swcula,
1035 591 1332 663 quicunque
1387 591 1523 644 malet
1577 599 1693 641 ante
1733 601 1915 725 lgenuf-

1759 672 1852 706 run
1899 668 1915 704 :

1759 668 1873 706 runt
1899 668 1916 704 ἔ

410 760 473 813 Ει
499 755 687 812 deinde
710 774 723 808 :

473 849 613 902 Alios
647 862 782 909 vero,
826 843 1007 913 quibus
1042 841 1266 911 justitia,
1308 846 1353 892 et
1390 847 1527 891 recta
1577 852 1729 973 opef’a
1781 849 1918 951 curis

1714 918 1874 956 uerun
1902 938 1916 963 ,

1714 918 1916 963 uerunt,

473 982 655 1049 Angeli
684 982 909 1033 tollentes
929 995 1029 1042 .per
1057 980 1311 1030 ardentem
1339 974 1550 1043 [luvium

474 1053 540 1105 In
567 1052 731 1102 lucem
755 1051 1023 1101 deducent.

477 1143 652 1209 Ignem
693 1142 745 1193 in
772 1134 1353 1193 conscientizeafacibns
1396 1142 1449 1186 et
1481 1130 1698 1201 ﬂagellis
1741 1129 1919 1182 itidem

406 1240 462 1284 ut
504 1230 754 1297 Origenes
797 1225 1072 1280 constituit
1111 1222 1419 1277 Ambrosius
1447 1221 1537 1274 lib.
1574 1235 1644 1273 vlt
1681 1220 1736 1270 in
1768 1217 1918 1275 Luc..

404 1335 521 1388 cap.
566 1319 654 1381 14,
693 1317 874 1370 iisdem
924 1314 1034 1366 fere
1091 1313 1253 1381 ipsius
1310 1311 1486 1365 verbis
1527 1328 1541 1363 :
1587 1311 1745 1376 Ergo,
1784 1326 1803 1357 ι
1840 1308 1920 1357 in-

405 1411 539 1477 quit,
586 1421 754 1474 neque
800 1402 1150 1471 corporalium
1186 1402 1382 1453 stridor
1430 1398 1617 1468 aliquis
1656 1396 1919 1457 dentium,

406 1513 573 1565 neque
601 1495 735 1564 ignis
763 1494 952 1562 aliquis
984 1501 1266 1561 perpetuus
1301 1490 1627 1542 flammarum
1670 1499 1921 1553 corpora—

406 1589 553 1653 lium,
578 1600 747 1655 neque
778 1585 970 1639 vermis
1004 1592 1083 1635 est
1127 1579 1439 1648 corporalis.
1494 1577 1595 1631 Sed
1642 1577 1754 1630 hate
1784 1574 1919 1635 ideo,

406 1681 528 1748 quia
562 1680 701 1733 sicut
730 1691 794 1730 ex
821 1673 980 1727 multa
1002 1672 1259 1726 cruditate
1282 1677 1335 1723 et
1356 1668 1530 1723 febres
1559 1675 1848 1720 nascuntur
1870 1672 1925 1719 et

407 1782 645 1831 vermes;
670 1767 740 1819 ita
767 1766 809 1817 si
843 1765 959 1833 quis
981 1778 1082 1816 non
1109 1763 1364 1829 decoquat
1394 1766 1610 1826 peccata
1642 1772 1761 1819 sua,
1782 1757 1923 1808 velut

410 1857 634 1924 quadam
678 1853 981 1921 interposita
1011 1851 1293 1905 sobrietate
1319 1847 1668 1910 abstinentiae,
1697 1845 1787 1899 sed
1822 1844 1921 1897 mi-

407 1947 601 2000 scendo
630 1953 847 2012 peccata
870 1942 1115 2012 peccatis,
1144 1951 1388 2008 tanquam
1408 1938 1719 1992 cruditatem
1745 1949 1924 2002 quam-

405 2036 524 2087 dam
564 2033 837 2087 contrahat
882 2040 1114 2084 veterum
1159 2038 1212 2082 et
1246 2027 1539 2081 recentium
1585 2024 1919 2088 delictorum,

407 2125 527 2192 igne
565 2123 811 2175 aduretur
844 2120 1071 2189 proprio,
1105 2119 1294 2171 etsuis
1327 2115 1598 2168 vermibus
1641 2127 1924 2167 consume-

405 2223 508 2265 tur.
544 2230 563 2262 ι
597 2211 941 2278 Hieronymus
970 2207 1222 2262 doctrinae
1268 2204 1390 2259 huic
1420 2204 1551 2257 alias
1578 2205 1710 2257 satis
1751 2201 1924 2255 infen-

404 2317 514 2364 sus,
546 2302 599 2354 in
630 2315 745 2353 eam
790 2307 962 2351 tamen
994 2295 1219 2361 benigne
1260 2308 1318 2349 se
1361 2295 1494 2364 gerit
1544 2293 1643 2347 sub
1674 2290 1829 2345 finem
1854 2289 1923 2342 li-

406 2392 483 2445 bri
516 2404 645 2443 xvnt
680 2391 957 2442 Comment.
990 2385 1045 2436 in
1070 2384 1265 2436 Isaiam
1285 2399 1304 2437 :
1333 2401 1352 2434 ι
1388 2382 1594 2437 Vermis
1622 2389 1796 2435 autem
1832 2377 1923 2446 qui

410 2495 509 2533 non
530 2478 800 2542 morietur,
834 2487 890 2530 et
915 2476 1046 2545 ignis
1070 2474 1156 2542 qui
1194 2487 1298 2525 non
1331 2472 1715 2540 exstinguetur,
1757 2483 1786 2523 a
1812 2468 1925 2536 ple-

410 2576 585 2642 risque
611 2571 934 2627 conscientia
975 2569 1233 2637 accipitur
1262 2576 1617 2636 peccatorum,
1657 2576 1775 2631 qute
1811 2570 1925 2613 tor-

407 2674 563 2732 queat
588 2665 639 2717 in
678 2660 946 2729 suppliciis
974 2660 1307 2721 constitutos,
1331 2669 1495 2722 quare
1533 2652 1659 2706 vitio
1705 2663 1801 2705 suo
1843 2656 1927 2702 at-

406 2768 509 2824 que
534 2760 750 2820 peccato
788 2748 1055 2803 caruerint
1091 2747 1377 2801 electorum
1413 2744 1584 2806 bono;
1622 2759 1641 2792 ι
1676 2748 1731 2795 et
1769 2738 1927 2809 paulo

410 2851 563 2911 post:
600 2857 618 2890 ι
665 2840 721 2894 Si
749 2839 867 2908 quis
907 2838 1067 2907 igitur
1110 2835 1303 2889 habeat
1352 2834 1404 2887 in
1456 2830 1781 2886 conscientia
1828 2843 1925 2883 sua

409 2932 627 2996 zizania,
664 2944 780 2999 qua:
820 2926 1064 2981 inimicus
1089 2926 1265 2987 homo,
1291 2922 1582 2977 dormiente
1614 2918 1929 2989 patrefami-

411 3024 529 3085 lias,
562 3014 1021 3088 superseminavit,
1040 3014 1151 3067 haec
1175 3012 1314 3081 ignis
1346 3023 1550 3075 exuret,
1577 3009 1690 3063 haec
1722 3007 1930 3062 vorabit

407 3111 727 3165 incendium.
761 3126 780 3159 ι
814 3106 1027 3159 Minime
1050 3103 1260 3172 quidem
1286 3102 1438 3154 fidem
1464 3098 1546 3153 his
1572 3113 1600 3151 a
1626 3113 1683 3153 se
1711 3096 1925 3167 adjungi

410 3209 662 3263 testatur;
694 3199 786 3252 sed
813 3210 912 3250 nec
941 3209 1002 3249 ea
1041 3194 1143 3248 sibi
1183 3190 1467 3260 improbari
1498 3188 1793 3259 signiﬁcat;
1828 3203 1925 3244 nec

408 3291 504 3345 sub
549 3290 741 3353 aliena,
778 3286 869 3340 sed
904 3283 1000 3338 sub
1030 3297 1123 3337 sua
1175 3281 1342 3349 ipsius
1380 3294 1603 3347 persona
1659 3281 1923 3348 proponit.

415 3377 625 3430 Diversa
666 3388 790 3427 vero
829 3381 912 3426 est
966 3367 1242 3438 Augustini
1296 3366 1452 3429 ratio,
1506 3381 1628 3419 nam
1685 3366 1931 3435 quamvis

410 3467 501 3518 lib.
528 3479 614 3517 xxi
640 3463 711 3515 De
732 3461 869 3517 civit.
897 3460 1010 3524 Dei,
1039 3473 1158 3527 cap.
1185 3456 1239 3520 9,
1277 3470 1457 3509 eorum
1498 3455 1798 3523 opinionem
1845 3471 1932 3511 re-

409 3553 612 3623 probet,
642 3550 731 3618 qui
783 3551 957 3617 ignem
1007 3548 1374 3600 damnatorum
1430 3543 1792 3611 metaphorice
1841 3560 1932 3599 su-

413 3650 581 3702 munt,
610 3652 834 3705 eumque
871 3648 1180 3703 corporeum
1232 3632 1467 3687 fateatur
1513 3631 1633 3685 libri
1694 3633 1931 3698 ejusdem

411 3746 530 3799 cap.
555 3729 620 3782 10
647 3738 699 3782 et
731 3726 866 3782 libro
890 3739 963 3777 xn
992 3723 1064 3776 De
1089 3721 1268 3776 Cenes.
1300 3721 1367 3775 ad
1402 3720 1583 3785 titter.,
1612 3734 1732 3788 cap.
1772 3720 1841 3773 52
1879 3730 1935 3776 et

410 3822 500 3885 33,
544 3830 697 3888 neget
740 3815 1026 3872 inferorum
1053 3811 1400 3867 substantiam
1441 3823 1562 3864 esse
1598 3809 1927 3877 spiritalem;

410 3922 464 3967 et
485 3926 546 3965 ea
575 3911 763 3979 quibus
798 3908 988 3961 anima:
1027 3904 1338 3974 corporibus
1379 3909 1549 3958 exutae
1594 3900 1930 3969 afﬁciuntur,

409 4005 595 4057 doceat
615 4015 717 4055 non
744 4012 863 4054 esse
903 3995 1219 4066 corporalia,
1264 3993 1356 4049 sed
1397 3993 1591 4047 similia
1634 3994 1931 4061 corporali-

412 4093 541 4155 bus;
570 4098 742 4143 tamen
763 4089 897 4142 libro
922 4102 991 4139 xx
1020 4084 1091 4139 De
1115 4084 1252 4140 civit.
1294 4081 1411 4145 Dei,
1450 4095 1566 4151 cap.
1616 4080 1704 4145 16,
1750 4081 1929 4150 ignem

416 4181 559 4234 illum
588 4179 716 4234 dicit
749 4192 807 4232 se
836 4194 857 4229 ι
895 4176 1210 4245 cuiusmodi,
1238 4183 1291 4230 et
1314 4174 1365 4227 in
1395 4188 1498 4242 qua
1531 4171 1713 4226 mundi
1736 4171 1819 4225 vel
1842 4186 1932 4226 re-

415 4285 531 4324 rum
559 4279 707 4337 parte
737 4268 944 4321 futurus
981 4267 1051 4320 sit
1077 4265 1345 4319 hominem
1374 4263 1512 4317 scire
1546 4260 1793 4315 arbitrari
1837 4274 1929 4313 ne-

415 4358 629 4419 minem,
656 4356 752 4409 nisi
787 4354 922 4408 forte
963 4354 1048 4407 cui
1094 4353 1302 4407 divinus
1338 4349 1566 4419 Spiritus
1603 4347 1861 4401 ostendit.
1905 4364 1926 4397 ι

414 4445 596 4512 Capite
618 4444 687 4496 26
719 4444 837 4497 libri
874 4442 1141 4511 sequentis
1183 4442 1296 4495 hac
1341 4437 1601 4508 Apostoli,
1635 4435 1653 4488 l
1687 4436 1811 4490 Cor.
1840 4452 1928 4502 nt,

416 4534 513 4586 15:
544 4550 562 4582 ι
578 4530 1003 4599 .Uniuscujusque
1022 4546 1152 4601 opus
1166 4529 1320 4600 quale
1339 4529 1429 4592 sit,
1452 4527 1588 4594 ignis
1605 4526 1874 4596 probabit;
1909 4546 1930 4578 ›

416 4630 625 4674 ctvers.
655 4618 761 4671 l5:
804 4637 822 4669 ι
857 4618 971 4686 ipse
1014 4629 1192 4673 autem
1247 4617 1424 4673 salvus
1465 4616 1585 4682 erit,
1638 4616 1716 4669 sic
1758 4625 1931 4670 tamen

417 4708 566 4779 quasi
599 4720 693 4773 per
734 4707 901 4772 ignem
923 4746 938 4769 ,
969 4726 987 4760 ι
1014 4708 1308 4775 signiﬁcare
1362 4713 1510 4774 putat
1561 4706 1836 4773 angustias
1870 4720 1931 4760 ac

416 4809 691 4859 maerores,
712 4796 899 4863 quibus
926 4796 1080 4849 homo
1102 4794 1420 4863 percellitur,
1447 4809 1565 4849 cum
1607 4795 1764 4848 rebus
1809 4795 1929 4848 ani-

416 4903 502 4942 mo
529 4899 624 4940 suo
662 4893 853 4952 printer
888 4898 1088 4952 mquum
1115 4885 1288 4938 charis
1326 4893 1380 4938 et
1420 4883 1745 4953 complacitis
1770 4883 1930 4936 orba-

417 4989 546 5034 tur:
599 4994 618 5026 ‹
649 4973 799 5041 Quod
843 4975 1005 5037 enim,
1051 4974 1241 5041 inquit,
1289 4974 1402 5027 sine
1446 4974 1695 5027 illiciente
1750 4989 1932 5029 amore

417 5082 521 5121 non
557 5064 759 5123 habuit,
797 5060 912 5114 sine
948 5070 1133 5115 urente
1164 5061 1345 5115 dolore
1389 5077 1491 5115 non
1534 5063 1736 5131 perdet.
1774 5083 1792 5115 ι
1822 5062 1932 5117 lloc

419 5169 626 5224 quoque
674 5154 795 5221 igne
836 5157 1058 5204 mortem
1101 5149 1271 5201 notari
1331 5149 1628 5217 conjectat,
1677 5151 1934 5207 Ecclesia:

419 5247 833 5315 persecutiones.
865 5236 1148 5306 martyria;
1176 5252 1237 5289 ac
1260 5252 1375 5290 eum
1405 5239 1622 5305 proinde
1648 5241 1714 5293 ab
1737 5249 1935 5296 aeterno

420 5338 522 5390 hoc
551 5337 669 5403 igne
696 5329 985 5399 distinguit,
1026 5326 1077 5379 in
1115 5338 1269 5393 quem
1308 5325 1536 5380 damnati
1593 5330 1791 5385 Christi
1838 5330 1934 5385 de-

420 5435 566 5479 creto
596 5423 830 5479 mittendi
863 5425 1004 5475 sunt.
1037 5418 1103 5469 At
1129 5412 1255 5468 illud
1283 5412 1480 5466 adverti
1503 5417 1717 5471 omnino
1736 5417 1932 5472 velim:

428 5532 445 5562 ε
478 5513 604 5567 Post
633 5513 782 5566 istius
817 5522 943 5563 sane
982 5502 1221 5572 corporis
1267 5506 1507 5562 mortem,
1553 5503 1719 5558 donec
1751 5506 1815 5558 ad
1866 5506 1932 5558 il.

350 5596 351 5603 “
423 5602 527 5653 lum
577 5604 838 5664 veniatur,
889 5597 977 5670 qui
1024 5603 1143 5665 post
1174 5592 1614 5647 resurrectionem
1650 5607 1928 5660 corporum

426 5688 629 5744 futurus
652 5699 733 5744 est
772 5685 1122 5745 damnationis
1151 5694 1202 5741 et
1230 5681 1675 5738 remunerationis
1718 5681 1935 5738 ultimus

2015 619 2128 658 rum
2159 598 2423 667 ejusmodi
2466 597 2663 665 ignem
2710 592 3007 644 dicuntur
3064 582 3338 653 perpeti.
3385 593 3574 647 quem
3628 592 3743 631 non

2016 692 2245 747 sentiant
2275 688 2351 740 illi
2382 686 2480 755 qui
2523 698 2639 736 non
2666 681 3024 734 habuerunt
3059 673 3213 727 tales
3249 683 3468 724 mores
3499 677 3561 722 et
3587 682 3745 720 amo-

2017 782 2191 835 resin
2238 778 2401 845 hujus
2437 770 2711 842 corporis
2758 768 2910 829 vita,
2957 773 3028 818 ut
3074 775 3300 817 eorum
3347 759 3548 825 ligna,
3580 765 3641 811 et
3672 754 3749 809 fe-

2017 885 2165 931 num,
2219 876 2273 921 et
2320 861 2530 930 stipula
2562 864 3008 914 consumantur
3045 869 3059 904 :
3103 849 3209 903 alii
3262 861 3425 900 vero
3476 845 3748 904 sentiant,

2018 960 2107 1027 qui
2138 956 2402 1026 ejusmodi
2432 967 2629 1009 secum
2668 947 2928 1005 aedificia
2988 944 3463 1011 portaverunt;
3519 936 3644 990 sive
3678 934 3751 988 ibi

2020 1026 2264 1110 tantum;
2289 1046 2405 1099 sive
2436 1052 2493 1097 et
2523 1042 2619 1096 hic
2655 1050 2715 1095 et
2744 1039 2851 1102 ibi,
2892 1036 3033 1089 sive
3073 1033 3224 1086 ideo
3259 1030 3372 1082 hic
3409 1037 3479 1080 ut
3510 1042 3625 1080 non
3657 1026 3751 1089 ibi,

2019 1137 2320 1198 saecularia,
2349 1132 2607 1203 quamvis
2635 1145 2668 1183 a
2698 1125 3104 1183 damnatione
3160 1116 3457 1172 venialia
3510 1128 3751 1167 concre-

2020 1235 2258 1279 mantem
2299 1224 2479 1291 ignem
2507 1216 2866 1273 transitoria;
2923 1205 3379 1266 tribulationis
3427 1203 3751 1265 inveniant,

2021 1329 2125 1368 non
2155 1290 2446 1379 redarguo,
2480 1307 2613 1377 quia
2654 1304 2908 1359 forsitan
2968 1310 3201 1352 verum
3267 1303 3396 1346 est.
3459 1310 3484 1343 ι
3525 1290 3646 1344 Nec
3680 1290 3753 1344 le-

2020 1402 2135 1453 vius
2165 1401 2216 1452 in
2241 1397 2450 1451 Grmcis
2484 1392 2871 1461 scriptoribus
2906 1386 3199 1458 positum
3261 1380 3532 1450 Origeni
3564 1381 3751 1446 przesi-

2019 1491 2163 1542 ditnn
2196 1497 2281 1542 est
2305 1504 2319 1540 :
2343 1484 2504 1539 Philo
2531 1485 2586 1537 in
2616 1483 2763 1536 libro
2795 1477 2957 1546 Περὶ
3005 1475 3144 1543 τῆς
3206 1475 3320 1536 εὶς
3370 1471 3458 1523 τὰ
3498 1482 3756 1537 προπαι-

2020 1581 2280 1648 δεύματα
2299 1576 2595 1631 συνόδουε
2629 1574 2748 1643 Τὴν
2785 1572 2999 1625 ἄδικον
3042 1570 3162 1621 καὶ
3211 1566 3406 1620 ἄθεον
3438 1563 3637 1633 ψυχὴν
3666 1581 3759 1631 φυ-

2020 1671 2262 1739 γαδεύων
2295 1668 2389 1736 ἀφ’
2437 1663 2638 1719 ἑαυτοῦ
2682 1662 3070 1733 πορρωτάτω
3128 1657 3515 1726 διέσπειρεν
3554 1655 3637 1716 εἰς
3673 1653 3758 1703 τὸν

2022 1760 2221 1831 ἡδονῶν
2252 1759 2348 1811 καὶ
2387 1754 2701 1826 ἐπιθυμιῶν
2748 1754 2851 1807 καὶ
2886 1747 3336 1819 ἀδικημάτων
3376 1746 3614 1816 χῶρον·
3650 1746 3679 1796 ὁ
3705 1743 3756 1795 δὲ

2022 1844 2194 1914 χῶρος
2226 1840 2382 1905 οὗτος
2415 1840 2858 1911 προσφυὲστατα
2905 1836 3179 1891 ἀσεϐῶν
3234 1834 3550 1897 καλεῖται,
3604 1831 3703 1900 οὐχ
3730 1832 3757 1881 ὁ

2023 1932 2386 2003 μυθευόμενος
2407 1932 2465 1982 ὲν
2498 1930 2649 2000 ᾄδοιν
2680 1930 2782 1981 καὶ
2816 1928 2943 1998 γὰρ
2979 1930 3015 1981 ὁ
3054 1925 3239 1995 πρὸς
3279 1923 3582 1994 ἀλήθειαν
3610 1922 3755 1993 ᾅδης,

2018 2025 2047 2075 ὁ
2077 2023 2169 2075 τοῦ
2195 2020 2473 2091 μοχθηροῦ
2509 2019 2625 2089 βίος
2668 2020 2850 2079 ἐστιν,
2890 2020 2927 2071 ὁ
2978 2016 3338 2086 ἀλάστωρ,
3384 2016 3494 2067 καὶ
3546 2013 3760 2083 παλαμ-

2019 2116 2186 2177 ναῖος,
2228 2113 2322 2165 καὶ
2357 2112 2565 2173 πάσαις
2592 2111 2765 2181 ἀραῖς
2807 2108 3051 2178 ἔνοχος.
3107 2125 3131 2157 ι
3192 2105 3509 2173 [injustam
3548 2115 3609 2159 et
3661 2105 3755 2158 itn~

2020 2204 2163 2275 piam
2195 2203 2434 2256 animam
2459 2201 2707 2271 iugatam
2737 2215 2768 2253 a
2795 2200 3002 2268 seipso
3046 2198 3263 2267 longe
3294 2196 3517 2266 procul
3552 2196 3757 2264 disper-

2022 2294 2099 2363 git
2130 2291 2314 2363 (Deus)
2340 2292 2394 2346 in
2426 2292 2811 2360 voluptatum,
2856 2298 2922 2344 et
2958 2288 3451 2359 cupiditatum,
3478 2295 3541 2341 et
3575 2284 3757 2341 crimi-

2022 2398 2149 2437 num
2189 2382 2393 2438 locum.
2448 2382 2550 2436 Hic
2590 2391 2784 2435 autem
2830 2381 3014 2435 locus
3058 2379 3426 2447 aptissime
3470 2378 3761 2446 impiorum

2023 2466 2344 2535 appellatur,
2372 2482 2479 2522 non
2512 2469 2611 2537 qni
2639 2468 2793 2538 apud
2846 2467 3109 2521 inferos
3158 2465 3464 2521 fabulose
3521 2464 3759 2535 fingitur.

2024 2554 2197 2610 Verus
2245 2558 2390 2611 enim
2448 2557 2721 2622 infernus,
2779 2558 2904 2612 vita
2956 2568 3074 2613 est
3142 2557 3443 2612 hominis
3502 2572 3757 2625 nequam,

2024 2646 2363 2712 perniciosa,
2426 2648 2846 2711 conscelerata,
2912 2657 2978 2702 et
3074 2652 3277 2704 omni
3360 2648 3759 2705 exsecratione

2025 2736 2205 2803 digna.
2241 2752 2260 2786 ι
2291 2735 2635 2803 Corporeum
2672 2751 2912 2807 quoque
2973 2748 3210 2807 negat
3272 2753 3424 2795 esse
3488 2738 3758 2792 infernum

2025 2821 2314 2892 Gregorius
2348 2822 2634 2893 Nyssenus
2690 2825 2791 2878 lib.
2850 2824 2940 2878 De
2996 2827 3254 2879 anima
3326 2838 3389 2880 et
3452 2836 3761 2889 resurrect.,

2026 2913 2472 2981 quemadmodum
2514 2914 2701 2983 ignem
2758 2924 3079 2969 asternurn
3168 2919 3447 2972 materia
3518 2929 3763 2975 constare

2027 3002 2295 3057 inﬁciatur
2321 3002 2557 3058 Joannes
2616 3005 3038 3062 Damascenus
3106 3009 3180 3062 in
3240 3009 3373 3063 ﬁne
3427 3009 3567 3063 libri
3600 3024 3655 3062 tv
3696 3006 3763 3061 De

2027 3094 2231 3147 orthod.
2254 3094 2375 3162 ﬁd.,
2402 3093 2563 3162 cujus
2607 3102 2800 3148 tamen
2846 3099 3275 3153 sententiam
3331 3100 3573 3155 mollire
3607 3114 3764 3153 cona-

2032 3192 2117 3237 tur
2170 3182 2229 3236 S.
2282 3183 2549 3249 Thomas,
2601 3194 2667 3238 ut
2716 3192 2809 3238 est
2859 3187 3030 3252 apud
3116 3187 3390 3244 Sixtum
3457 3189 3761 3246 Senensem

2031 3269 2281 3327 Bibliotb.
2318 3270 2412 3324 lib.
2451 3286 2505 3334 v,
2557 3272 2754 3327 adnot.
2809 3273 2951 3328 141.
3010 3275 3265 3347 Ignem
3313 3290 3381 3335 et
3433 3282 3762 3336 vermemin

2031 3360 2289 3414 scelerum
2319 3360 2582 3412 memoria
2601 3362 2766 3429 ponit
2796 3360 3359 3437 Theophylactus
3387 3372 3449 3424 in
3474 3386 3534 3425 tx
3555 3369 3722 3424 Marc.
3743 3382 3762 3419 .-

2032 3450 2247 3518 Σκώληξ
2276 3449 2331 3501 δὲ
2360 3450 2456 3502 καὶ
2497 3448 2618 3521 πῦρ
2656 3452 2991 3518 κολάζοντα
3046 3460 3227 3524 τοὺς
3286 3462 3691 3534 ἁμαρτωλοὺς
3734 3463 3764 3529 ἡ

2036 3539 2326 3609 συνείδησις
2353 3540 2501 3591 ἐστιν
2528 3540 2800 3604 ἑκάστου,
2822 3544 2930 3595 acati.
2962 3545 3002 3614 ἡ
3046 3550 3303 3620 μνήμη
3336 3552 3466 3605 τῶν
3499 3551 3767 3626 πραχθέν.

2033 3648 2138 3684 των
2168 3631 2224 3682 ὲν
2258 3628 2332 3698 τῷ
2362 3628 2464 3697 βίῳ
2489 3630 2671 3701 τούτῳ
2720 3635 3022 3704 αἰσχρῶνο
3083 3640 3247 3710 ἥτις
3288 3642 3516 3715 ὥσπερ
3554 3642 3764 3712 σκώληξ

2036 3719 2379 3788 καταδαπανᾷ
2406 3719 2501 3771 καὶ
2524 3718 2601 3781 ὡς
2629 3719 2750 3792 πῦρ
2773 3722 3017 3791 φλέγει.
3066 3745 3094 3777 ι
3157 3710 3419 3785 vermis
3474 3710 3663 3787 autem
3715 3710 3764 3784 et

2037 3808 2205 3878 ῘΒιιίεν
2270 3810 2359 3876 (ιυῑ
2431 3809 2672 3878 Plinium
2744 3826 3169 3885 peccatores,
3256 3824 3645 3880 conscientia
3694 3833 3767 3878 est

2037 3898 2458 3968 uniuscujusque
2488 3908 2544 3952 et
2586 3903 2871 3956 memoria
2933 3910 3251 3976 turpium
3293 3913 3359 3967 in
3404 3917 3519 3967 hac
3548 3916 3656 3968 vita
3688 3930 3768 3981 ge-

2037 4004 2239 4047 storum
2266 4007 2280 4050 ;
2309 4006 2427 4059 qua:
2474 3991 2620 4045 sicut
2659 3996 2879 4048 vermis
2916 3996 3263 4068 absumit,
3313 4014 3381 4060 et
3429 4007 3588 4061 sicut
3640 4007 3769 4077 ignis

2036 4083 2160 4135 urit.
2206 4099 2223 4132 ι
2259 4081 2473 4135 Nicetes
2508 4081 2605 4135 lib.
2635 4097 2692 4135 tv
2728 4083 2900 4141 Thes.
2945 4093 3228 4149 art/eod.
3263 4098 3413 4166 ﬁd.,
3441 4101 3589 4154 har.
3624 4114 3765 4160 xxxi,

2036 4171 2200 4224 Deum
2227 4170 2366 4238 ignis
2418 4171 2564 4224 illius
2618 4175 2859 4228 nomine
2910 4186 3145 4240 notari
3219 4189 3615 4258 suspicatur,
3651 4190 3767 4259 quia

2042 4278 2063 4311 ι
2096 4260 2626 4327 vitimn.consumit,
2685 4272 2745 4316 et
2792 4264 2852 4318 in
2910 4267 3222 4331 favillam
3281 4283 3622 4336 ροιινεηίι,
3667 4300 3685 4333 ,
3717 4281 3765 4333 In

2035 4351 2316 4443 statuendo
2344 4349 2645 4405 inferorum
2675 4353 2803 4407 loco
2845 4368 3028 4413 extra
3081 4371 3329 4426 mundi
3374 4371 3561 4443 hujus
3608 4382 3769 4428 metas

2036 4441 2251 4511 Origeni
2296 4441 2639 4510 suffragatur
2686 4444 3211 4518 Chrysostomus
3295 4441 3524 4518 ιιοιιιίι,
3590 4466 3655 4520 3t
3720 4466 3766 4515 in

2040 4531 2213 4599 Epist.
2241 4532 2308 4583 ad
2348 4530 2529 4599 Rom.,
2553 4536 2886 4602 gehennam
2913 4542 2977 4595 in
3014 4550 3271 4615 spatiis
3310 4554 3391 4607 alt
3417 4555 3538 4611 hoc
3573 4557 3768 4611 mundo

2037 4621 2263 4676 secretis
2290 4630 2536 4715 statuens
2586 4624 2693 4679 hoc
2735 4642 3150 4705 argumento,
3199 4647 3382 4712 quod
3420 4663 3625 4715 regum
3655 4662 3767 4701 επ.

2038 4723 2189 4807 ceres
2211 4718 2267 4807 et
2292 4711 2513 4765 metalla
2545 4726 2760 4767 remota
2791 4730 2932 4773 esse
2970 4711 3274 4784 soleant.
3318 4711 3699 4807 Suﬂ‘ragatur
3719 4746 3766 4791 et

2034 4801 2502 4896 augustinuslib.
2552 4819 2627 4858 ιιι
2669 4805 2755 4860 De
2796 4806 3015 4868 Cenes.
3086 4823 3179 4873 ad
3226 4825 3459 4892 litter.,
3504 4801 3636 4896 cap.
3681 4830 3764 4887 55.

2037 4890 2126 4984 3:4,
2154 4905 2275 4984 cum
2317 4892 2530 4984 inferos
2567 4905 2731 4950 extra
2774 4908 3011 4958 terram
3046 4912 3392 4984 collocat;
3442 4890 3515 4975 ret
3568 4890 3672 4975 lib.
3707 4940 3763 4976 sx

2037 5085 2148 5173 scum
2175 5086 2290 5173 qua
2316 5076 2503 5171 mundi
2540 5076 2627 5173 vel
2663 5092 2863 5173 rerum
2918 5099 3108 5153 parte
3165 5093 3442 5157 futurus
3494 5102 3575 5157 sit
3632 5103 3764 5173 ignis

2036 5153 2146 5253 ille.
2195 5173 2214 5206 ι
2248 5155 2514 5223 Quamvis
2544 5162 2642 5217 lib.
2677 5180 2717 5221 ll
2748 5166 3049 5243 Retract._.
3103 5185 3265 5253 ca‘p.
3310 5153 3434 5253 24,
3472 5153 3589 5245 sub

2036 5243 2178 5335 hunc
2197 5260 2322 5301 esse
2359 5252 2577 5305 tandem
2607 5259 2913 5314 concedat.
2943 5264 3144 5322 Certe
3184 5243 3269 5328 de
3300 5243 3447 5334 loco
3481 5243 3759 5335 vel—natura

2035 5331 2175 5439 ignis
2207 5336 2402 5439 hujus,
2432 5341 2561 5439 licet
2591 5346 2805 5400 nullum
2837 5352 3044 5410 adhuc
3071 5361 3339 5420 editum
3372 5331 3458 5424 sit

2040 5421 2350 5494 decre‘um.
2407 5433 2608 5490 nedum
2665 5436 2999 5496 Adamantii
3063 5459 3300 5520 astate,
3348 5421 3759 5515 .{riiie'r'saia

2043 5526 2169 5569 tuen
2195 5533 2502 5583 consensus
2532 5527 2787 5583 Ecclesia:
2816 5534 2962 5587 satis
2988 5545 3319 5613 ostendit,
3368 5553 3518 5619 quid
3556 5552 3756 5605 υηεειιῖ.

2044 5618 2498 5714 altene-nendum
2546 5620 2639 5677 sit.
2701 5623 2952 5693 Denique
3009 5626 3320 5694 Joannes
3388 5642 3751 5714 l‘hiloponus,

2042 5693 2404 5783 tibristianus
2429 5713 2803 5785 philosomtus,
2846 5716 3095 5779 animus
3138 5693 3748 5802 corporibus—exem-l
