3920 6478
237 444 387 500 1009

1083 443 1632 502 ΟΙὶΙϐΕΝΙΑΝΟΒυΜ
1671 442 1798 494 LIB.
1838 442 1901 505 ll,
1939 442 2086 495 CAP.
2127 442 2189 503 ll,
2228 445 2492 508 QUAZST.
2532 445 2622 502 XI.

3251 441 3390 498 ιοιοι

226 567 356 626 ptas
385 556 538 609 circa
579 569 911 611 monumenta
942 559 1160 610 volutari
1198 573 1316 611 cum
1348 557 1566 622 Origene
1601 556 1780 610 decre-
1806 553 1850 608 Α
1880 552 2123 604 vitiorum
2157 551 2284 604 faece
2325 563 2565 622 purgata,
2619 551 2748 606 nihil
2786 551 2926 604 aliud
2973 550 3050 604 vel
3092 550 3382 620 intelligere

222 645 305 698 vit
339 661 355 696 :
409 659 538 698 nam
582 646 850 700 hominem
879 647 1067 712 triplici
1102 648 1414 700 instructum
1457 644 1650 704 anima,
1689 657 1777 695 ve-

218 733 492 801 getativa.
551 734 802 786 sensitiva
847 744 898 786 et
956 735 1236 794 rationali.
1283 732 1542 800 prioribus
1574 730 1774 784 duabus

217 836 321 888 per
356 829 598 873 mortem
628 821 821 888 privari
864 821 1018 886 dixit,
1049 822 1250 874 tertiam
1291 836 1416 874 vero
1463 834 1770 886 superesse;

211 925 342 978 qua:
366 910 416 963 si
453 911 753 964 sceleribus
781 911 1050 977 inquinata
1083 913 1172 974 sit,
1199 912 1474 978 expiandis
1498 913 1561 965 iis
1581 914 1772 980 spiritu

213 999 371 1052 tenui
415 998 631 1063 vestiri,
677 998 730 1051 in
763 1013 928 1060 eoque
989 1001 1326 1053 commeritas
1371 1017 1552 1069 poenas
1608 1005 1768 1065 dare;

209 1089 466 1156 alioquin
491 1089 857 1155 incorpoream
888 1088 1134 1151 animam,
1161 1091 1426 1156 corporeis
1452 1093 1609 1146 rebus
1637 1093 1769 1146 allici

210 1191 322 1230 non
369 1191 571 1245 posse;
609 1177 842 1245 spiritale
890 1178 1063 1246 itaque
1121 1181 1266 1248 istud,
1293 1195 1480 1248 corpus
1505 1183 1770 1250 suppliciis

209 1266 665 1332 torqueri;etin
705 1264 1010 1332 sepulcretis
1052 1266 1258 1320 interim
1281 1254 1489 1337 degere,
1509 1271 1770 1338 variisque

209 1353 371 1405 indui
423 1352 638 1416 formis,
684 1363 736 1408 et
780 1355 1056 1421 vaporibus
1099 1355 1315 1420 nutriri;
1354 1370 1522 1424 eoque
1559 1359 1766 1411 tandem

205 1441 538 1507 absumpto,
593 1451 702 1494 tum
749 1442 958 1496 demum
985 1442 1248 1512 expiatam
1279 1445 1510 1498 animam
1541 1445 1762 1509 absolvi,

203 1543 256 1588 et
283 1534 346 1585 in
385 1533 590 1587 caelum
617 1532 767 1586 ferri.

273 1620 439 1675 Nihil
473 1637 638 1690 porro
669 1623 860 1677 iterare
879 1624 1087 1688 attinet,
1119 1625 1261 1693 quod
1288 1624 1505 1694 suojam
1527 1626 1763 1692 disputa-

204 1715 398 1768 vimus
451 1715 592 1774 loco.
646 1728 938 1781 ecquonam
987 1723 1220 1782 tempore
1273 1715 1596 1768 daemonibus
1641 1715 1766 1768 infe-

202 1804 386 1858 renda
451 1803 717 1872 supplicia
779 1803 1036 1871 Origenes
1087 1805 1370 1871 putaverit.
1423 1803 1760 1869 Perspicuum

201 1893 358 1944 enim
392 1890 629 1945 fecimus
659 1890 850 1954 nullas,
883 1891 1045 1960 ipsius
1076 1891 1338 1958 opinione,
1366 1907 1550 1962 poenas
1588 1894 1650 1947 iis
1677 1894 1761 1945 in-

200 1980 342 2048 ﬂigi,
395 1978 578 2048 quoad
634 1989 898 2046 postremo
953 1978 1148 2047 iudicio
1199 1982 1248 2034 in
1292 1981 1460 2050 ignem
1508 1991 1758 2034 a-ternum

197 2069 450 2137 conjecti
477 2069 621 2134 sint;
652 2070 947 2136 multosque
971 2085 1001 2123 e
1031 2071 1227 2124 sanctis
1261 2070 1499 2125 Patribus
1529 2086 1760 2139 pmnam,

199 2163 275 2215 uti
309 2161 650 2230 appellatur,
677 2174 861 2213 sensus
888 2163 953 2212 ab
977 2159 1037 2212 iis
1061 2161 1367 2215 removisse.

218 2241 222 2243 ’
268 2251 376 2308 lx.
406 2249 568 2304 Nunc
592 2249 716 2317 quid
744 2249 810 2303 de
849 2249 1094 2303 beatitale
1115 2258 1444 2304 commentus
1473 2251 1558 2313 sit.
1585 2251 1761 2319 explo-

197 2355 424 2394 remus.
464 2339 615 2392 llanc
646 2339 698 2390 in
725 2353 789 2392 eo
819 2338 1042 2405 positam
1069 2338 1260 2398 sensit.
1303 2348 1358 2392 ut
1385 2340 1622 2407 quisquis
1642 2355 1758 2392 eam

196 2432 268 2484 sit
324 2430 590 2496 adeptus,
645 2442 779 2480 unus
828 2442 944 2481 cum
994 2427 1101 2480 Deo
1140 2426 1414 2490 eliiciatur,
1443 2428 1589 2494 juxta
1637 2429 1760 2482 illud

195 2520 372 2574 Joan.
412 2533 552 2581 xvn,
600 2516 671 2570 24
719 2525 773 2571 et
803 2515 865 2569 21
902 2537 914 2570 :
955 2533 973 2566 ι
1021 2515 1176 2596 Pater
1211 2531 1343 2583 quos
1389 2516 1575 2570 dedisti
1605 2518 1756 2583 mild,

195 2609 329 2664 volo
356 2617 424 2662 ut
457 2607 552 2661 ubi
584 2622 700 2661 sum
736 2621 857 2676 ego,
888 2613 942 2660 et
981 2605 1054 2659 illi
1087 2605 1194 2660 sint
1226 2620 1461 2670 mecum;
1499 2616 1556 2660 ut
1583 2623 1764 2662 omnes

197 2713 381 2754 unum
421 2698 555 2760 sint,
592 2695 732 2750 sicut
761 2704 814 2748 tu
843 2694 998 2748 Pater
1020 2694 1072 2748 in
1103 2709 1205 2758 me,
1239 2704 1295 2748 et
1327 2708 1424 2764 ego
1445 2695 1496 2748 in
1533 2704 1602 2759 te,
1628 2705 1684 2748 ut
1712 2705 1766 2749 et

197 2788 304 2856 ipsi
335 2787 397 2840 in
430 2784 592 2839 nobis
637 2799 798 2837 unum
845 2783 970 2836 sint.
1019 2799 1040 2833 ›
1085 2781 1166 2835 Ad
1197 2781 1246 2834 id
1276 2790 1448 2834 autem
1501 2780 1764 2836 felicitatis

193 2879 432 2933 culmen
461 2890 572 2930 non
606 2873 786 2928 statim
828 2873 1033 2940 putavit
1083 2869 1372 2940 perveniri,
1419 2872 1512 2926 sed
1547 2886 1640 2939 per
1666 2886 1762 2926 co-

1875 639 1958 692 vel
1979 639 2174 693 sentire
2200 649 2388 706 potest,
2425 656 2580 708 quam
2618 640 2817 706 Deum;
2848 654 2944 694 nec
2966 640 3189 706 amplius
3212 655 3275 693 ex
3304 656 3386 693 ar-

1874 728 2000 782 bore
2032 729 2262 782 scientia:
2303 729 2422 780 boni
2469 738 2522 781 et
2563 729 2686 782 mali
2720 730 2997 797 decerptos
3047 729 3251 783 fructus
3293 730 3383 782 de-

1875 825 2083 882 gustare
2109 815 2452 884 concupiscit,
2479 830 2594 868 cum
2619 832 2825 884 semper
2853 819 2902 870 in
2936 818 3071 872 bono
3103 819 3191 882 sit,
3217 834 3314 874 nec
3335 820 3383 873 ei

1872 905 2063 960 malum
2105 915 2410 974 perpetrare
2461 915 2763 974 promptum
2815 908 2912 971 sit;
2963 923 3128 977 eoque
3171 910 3382 963 tandem

1870 1005 2022 1063 pacto
2073 995 2222 1049 finem
2287 995 2519 1062 reparari
2578 995 2628 1047 in
2694 997 3042 1064 principium,
3106 1014 3383 1068 rerumque

1868 1089 2039 1141 exitus
2076 1087 2240 1140 initiis
2280 1085 2530 1152 conferri,
2563 1100 2681 1140 cum
2725 1088 2774 1138 in
2818 1087 2958 1140 ilhun
2995 1096 3188 1141 statum
3231 1090 3384 1144 resti-

1872 1185 2048 1230 tuetur
2080 1178 2278 1239 anima,
2310 1191 2465 1244 quem
2513 1191 2631 1230 cum
2681 1185 2904 1240 teneret,
2957 1178 3097 1246 ligno
3150 1179 3381 1233 scientia:

1866 1265 1987 1317 boni
2020 1274 2071 1317 et
2105 1267 2223 1318 mali
2251 1281 2352 1318 non
2387 1265 2600 1333 egebat;
2635 1275 2758 1321 tunc
2783 1280 2897 1319 eam
2922 1268 3073 1319 morti
3100 1269 3382 1322 obnoxiam

1869 1369 1969 1408 non
2003 1355 2250 1418 futuram,
2281 1358 2547 1410 detersum
2575 1355 2642 1410 iri
2669 1371 2875 1412 omnem
2901 1355 3114 1409 malitia:
3144 1371 3378 1420 sensum,

1868 1443 2132 1512 Deumque
2159 1460 2281 1498 vere
2309 1444 2542 1497 futurum
2573 1447 2748 1499 omnia
2791 1447 2840 1498 in
2864 1446 3128 1499 omnibus.
3169 1447 3246 1499 Ad
3269 1448 3382 1500 hate

1865 1533 2018 1600 quale
2056 1533 2284 1586 futurum
2307 1534 2374 1587 sit
2405 1534 2642 1600 spiritale
2669 1535 2794 1588 illud
2815 1549 3008 1604 corpus
3035 1549 3137 1602 quo
3162 1536 3385 1588 circum.

1865 1623 2116 1675 vestiemli
2142 1633 2264 1675 sunt
2304 1625 2462 1687 beati,
2495 1624 2766 1690 patefecit,
2791 1625 3113 1690 splendidius
3137 1624 3381 1676 nimirum

1863 1720 1914 1765 et
1942 1712 2280 1767 excellentius
2301 1713 2603 1780 corporibus
2629 1713 2840 1780 reliquis
2868 1729 2984 1781 qua:
3001 1713 3100 1768 sub
3118 1723 3382 1782 aspectum

1862 1801 2050 1855 cadere
2077 1809 2330 1868 possunt;
2379 1817 2443 1856 eo
2478 1816 2600 1856 vero
2624 1803 2742 1871 plus
2770 1803 3075 1857 subtilitatis
3104 1818 3166 1856 ac
3207 1802 3386 1871 splen-

1862 1891 2004 1945 doris
2034 1893 2364 1960 adepturum,
2394 1908 2498 1961 quo
2543 1895 2746 1948 ratione
2782 1896 3036 1948 instructa
3065 1895 3241 1948 anima
3271 1893 3387 1963 plus

1861 1981 2060 2034 meritis
2088 1981 2198 2034 suis
2222 1997 2282 2036 ac
2305 1983 2582 2037 virtutibus
2612 1985 2927 2052 poposcerit.
2957 1983 3152 2049 Quaerit
3177 1985 3384 2038 demum

1861 2077 2033 2119 utrmn
2064 2079 2178 2136 post
2216 2083 2390 2124 rerum
2433 2072 2956 2136 consummationem,
2988 2087 3106 2126 cum
3133 2072 3269 2127 Deus
3287 2075 3386 2126 erit

1858 2156 2031 2208 omnia
2073 2156 2124 2210 in
2173 2158 2456 2222 omnibus,
2517 2157 2652 2212 idem
2694 2160 2796 2212 erit
2837 2174 3115 2228 corporum
3152 2160 3382 2214 omnium

1862 2244 2032 2311 fulgor
2076 2254 2129 2298 et
2169 2247 2364 2314 gloria;
2403 2249 2786 2316 respondetque
2838 2263 3098 2302 summum
3146 2249 3290 2302 illum
3331 2259 3387 2304 et

1861 2335 2148 2402 perfectum
2197 2346 2390 2389 statum
2431 2338 2740 2405 adepturam
2775 2353 3080 2407 corpoream
3123 2347 3383 2401 naturam.

1858 2431 2134 2490 postquam
2185 2425 2384 2478 sanctis
2422 2425 2677 2480 doctrinis
2735 2428 2967 2482 cruditas
3015 2429 3220 2482 animas
3279 2427 3386 2482 Deo

1860 2509 2000 2564 Patri
2045 2513 2285 2566 Christus
2339 2513 2643 2582 subjecerit.
2701 2517 2872 2584 Atque
2910 2518 3022 2571 haec
3081 2519 3193 2571 fere
3231 2517 3389 2572 habet

1863 2599 2207 2670 HierOnyqus
2261 2601 2417 2668 epist.
2479 2601 2578 2665 59,
2625 2604 2687 2655 ad
2731 2605 2896 2669 Avit.,
2947 2620 3063 2673 cap.
3115 2606 3180 2670 3,
3226 2616 3280 2661 et
3321 2607 3387 2660 ad

1861 2688 2016 2742 finem
2049 2689 2164 2742 libri
2200 2690 2354 2758 hujus
2378 2691 2521 2742 tertii
2567 2692 2704 2758 Περὶ
2736 2692 2932 2761 ἀρχῶν
2981 2695 3076 2748 ista
3109 2693 3386 2763 Origenem

1861 2777 2102 2832 intulisse
2126 2779 2199 2831 ait
2229 2795 2242 2831 :
2277 2797 2295 2829 ι
2342 2777 2403 2831 Et
2437 2780 2542 2834 erit
2582 2779 2716 2834 Deus
2738 2783 2915 2836 omnia
2947 2783 2998 2836 in
3026 2785 3292 2849 omnibus,
3329 2793 3389 2838 ut

1862 2869 2104 2921 universa
2130 2877 2316 2921 natura
2345 2884 2597 2937 corporea
2639 2873 2904 2940 redigatur
2927 2873 2976 2925 in
3005 2888 3120 2926 eam
3141 2875 3390 2928 substan-

194 2968 518 3038 gnitionem
549 2963 780 3029 primum
811 2969 865 3016 et
884 2959 1256 3018 eruditionem.
1287 2974 1390 3027 qua
1416 2973 1656 3013 errorum
1713 2969 1767 3014 et
1861 2957 1984 3010 tiam
2019 2971 2138 3037 qua;
2161 2958 2407 3012 omnibus
2446 2959 2634 3013 melior
2659 2969 2762 3024 est,
2805 2961 2857 3012 in
2901 2962 3130 3014 divinam
3161 2962 3381 3027 scilicet,

195 3055 546 3129 ignorantiae
571 3051 747 3119 caligo
788 3048 1100 3112 discutitur;
1150 3061 1213 3100 ac
1239 3046 1428 3100 deinde
1455 3062 1546 3117 per
1574 3047 1664 3100 Dei
1695 3048 1769 3101 si-
1863 3059 1965 3110 qua
1994 3043 2132 3097 nulla
2158 3053 2240 3099 est
2277 3045 2494 3113 melior;
2527 3066 2546 3098 ι
2580 3048 2721 3116 quod
2764 3047 2985 3104 Rufinus
3020 3049 3385 3104 dissimulavit.

195 3144 614 3204 ,ηίιειυάεηεηις
665 3146 720 3193 ει
768 3138 975 3191 demum
1028 3150 1123 3205 per
1178 3137 1416 3190 intimam
1468 3151 1608 3190 cum.
1658 3137 1831 3207 Deoc
1865 3131 2226 3185 Dissimulavit
2260 3141 2313 3186 et
2356 3134 2458 3188 hoc
2503 3135 2746 3201 alterum,
2794 3137 2932 3204 quod
2961 3151 3024 3190 ex
3052 3138 3237 3208 eodem
3269 3137 3390 3191 Ori-
3483 3198 3488 3204 η

195 3232 662 3302 coniunctionem
693 3235 746 3278 et
769 3225 1049 3289 unitatem,
1084 3239 1185 3291 qua
1223 3237 1521 3289 supremum
1571 3223 1761 3276 bonum

195 3321 560 3378 continetur.
594 3313 774 3368 Multis
806 3313 916 3366 haec
937 3311 1267 3380 explicantur
1296 3311 1391 3364 lib.
1435 3326 1476 3364 ιι
1516 3310 1588 3364 De
1625 3313 1774 3379 prin-

193 3417 330 3483 cip.,
365 3423 499 3477 cap.
536 3405 626 3470 11,
663 3418 806 3457 num.
841 3404 894 3462 5.
922 3411 975 3456 et
1011 3403 1101 3455 lib.
1123 3417 1208 3464 tu,
1257 3416 1372 3469 cap.
1406 3400 1457 3462 6,
1493 3415 1637 3453 num.
1669 3401 1699 3454 1‘
1721 3410 1774 3454 et

195 3518 322 3571 seq.
361 3517 377 3553 :
421 3511 552 3552 nam
586 3494 766 3563 priore
793 3491 908 3544 loco
935 3491 1160 3543 ostendit
1186 3488 1438 3558 Origenes
1453 3497 1774 3542 comesturos

195 3600 436 3647 sanctos
463 3605 483 3636 ι
517 3580 712 3655 panem
735 3581 874 3643 vitae,
896 3580 985 3647 qui
1016 3579 1252 3632 veritatis
1267 3588 1316 3634 et
1345 3579 1614 3645 sapientia:
1641 3577 1772 3632 cibis

195 3681 425 3736 nutriat
450 3676 716 3734 animam,
740 3681 796 3724 et
818 3667 1072 3722 illuminet
1103 3677 1353 3731 mentem,
1395 3676 1446 3720 et
1484 3678 1625 3736 potet
1655 3683 1770 3721 eam

194 3770 414 3822 divina:
445 3759 728 3831 sapientia:
757 3757 1047 3824 poculis....
1092 3755 1282 3820 quibus
1331 3755 1600 3822 sapientia:
1633 3755 1770 3809 escis

195 3855 419 3909 nutrita
448 3863 608 3903 meus
628 3847 692 3899 ad
721 3846 976 3912 integrum
1001 3851 1053 3895 et
1072 3840 1376 3908 perfectum,
1395 3841 1605 3894 sicutex
1625 3844 1770 3895 initio

197 3947 392 4001 factus
427 3951 516 3996 est
547 3940 731 3997 homo,
764 3934 828 3986 ad
854 3933 1134 3998 imaginem
1161 3941 1215 3983 et
1253 3929 1651 3984 similitudinem
1677 3930 1766 3983 Dei

195 4054 333 4106 repa
347 4044 528 4090 retur.
559 4048 578 4079 ι
603 4027 738 4080 llinc
767 4022 1045 4088 unicuique
1082 4037 1110 4072 a
1142 4019 1248 4072 Deo
1279 4019 1530 4072 insertum
1555 4032 1672 4071 esse
1697 4019 1771 4070 ait

195 4123 467 4185 discendi
517 4130 781 4177 amorem,
839 4112 926 4179 qui
978 4120 1086 4162 tum
1136 4106 1449 4176 explebitur,
1497 4121 1614 4160 cum
1652 4115 1770 4175 post

195 4221 513 4287 diligenter
541 4206 821 4277 quaesitam
852 4203 904 4255 in
944 4201 1044 4254 hac
1093 4199 1199 4250 vita
1233 4197 1474 4251 veritatis
1504 4196 1768 4260 notitiam,

195 4312 516 4367 clariorem
545 4313 725 4353 rerum
752 4293 1141 4365 perceptionem
1188 4289 1435 4358 consequi
1465 4303 1770 4358 promerue-

196 4403 416 4458 rimus.
453 4389 802 4458 Multiplicem
829 4383 1014 4436 deinde
1046 4395 1221 4434 rerum
1253 4379 1529 4432 scientiam
1554 4393 1771 4432 enume-

1870 3222 2016 3289 genis
2045 3220 2178 3274 libro
2207 3236 2322 3290 cap.
2359 3222 2412 3286 6,
2442 3239 2564 3276 num
2592 3225 2646 3287 5,
2677 3225 2889 3278 adducit
2923 3225 3112 3281 ibidem
3137 3226 3382 3296 Hierony-

1870 3326 1985 3366 mus
2020 3329 2034 3364 :
2079 3328 2098 3360 ι
2137 3310 2242 3364 Nec
2275 3313 2487 3365 dubium
2528 3322 2610 3366 est
2639 3315 2764 3382 quin
2799 3325 2915 3384 post
2945 3317 3183 3383 quasdam
3225 3317 3388 3370 inter-

1868 3400 2001 3453 valla
2038 3411 2328 3470 temporum
2352 3417 2537 3456 rursus
2556 3404 2774 3457 materia
2795 3407 3065 3469 subsistat,
3093 3415 3144 3460 et
3167 3420 3390 3474 corpora

1869 3489 2028 3552 fiant,
2079 3498 2134 3542 et
2188 3488 2368 3543 mundi
2430 3489 2710 3545 diversitas
2774 3503 3134 3558 construatur;
3181 3503 3392 3562 propter

1867 3579 2042 3630 varias
2071 3577 2373 3633 voluntates
2412 3580 2800 3634 rationabilium
2842 3589 3228 3644 creaturarum,
3275 3597 3392 3651 qua:

1866 3677 1983 3736 post
2012 3667 2300 3736 perfectam
2353 3669 2727 3724 beatitudinem
2769 3684 2934 3737 usque
2983 3672 3048 3724 ad
3095 3671 3249 3725 tinem
3280 3687 3393 3724 om-

1850 3757 2011 3809 "hium
2047 3773 2221 3810 rerum
2264 3759 2513 3825 paulatim
2554 3759 2618 3811 ad
2661 3759 2908 3812 inferiora
2947 3759 3157 3826 dilapsa:
3193 3769 3388 3812 tantam

1869 3846 2120 3899 malitiam
2148 3857 2485 3915 receperunt,
2510 3857 2568 3898 ut
2601 3847 2651 3898 in
2679 3849 3004 3900 contrarium
3037 3857 3388 3912 verterentur,

1867 3939 1988 3989 dum
2039 3937 2219 3990 nolunt
2265 3949 2483 3988 serVare
2539 3935 2889 4003 principium,
2937 3945 2991 3988 et
3038 3935 3388 4002 incorruptam
3441 3988 3451 4000 ,

1866 4027 2240 4080 beatitudinem
2289 4025 2576 4092 possidere.
2615 4043 2634 4076 ›
2677 4025 2727 4076 Id
2789 4025 2980 4091 quippe
3028 4024 3387 4093 pervulgatum

1831 4112 2112 4179 .Origenis
2159 4111 2344 4180 dogma
2400 4111 2464 4163 de
2489 4111 2766 4164 beatorum
2821 4113 3116 4162 animorum
3159 4112 3390 4179 peccatis

1867 4210 1920 4252 ct
1954 4200 2202 4268 lapsibus.
2249 4202 2298 4253 in
2341 4200 2472 4253 alios
2510 4199 2763 4252 transfert
2813 4201 3249 4269 interpretatione
3295 4216 3388 4252 sua

1871 4289 2090 4344 Rufinus
2130 4290 2266 4344 libro
2293 4292 2474 4343 eodem
2526 4306 2582 4344 ιιι
2628 4289 2703 4342 De
2756 4290 2996 4358 princip.,
3045 4305 3158 4358 cap.
3205 4289 3258 4343 6.
3302 4291 3390 4345 Sic

1871 4382 2011 4434 enim
2041 4380 2201 4434 habet
2233 4397 2247 4434 :
2285 4398 2303 4430 ‹
2341 4379 2532 4433 Verum
2562 4379 2718 4433 istam
2750 4380 3125 4448 perfectionem
3157 4395 3219 4433 ac
3262 4381 3389 4434 bea-

197 4504 319 4555 ιιειι,
355 4501 472 4554 qna
501 4489 617 4534 tum
643 4490 792 4530 mens
842 4471 1202 4535 illustrabitur,
1243 4483 1346 4521 non
1389 4468 1610 4537 simplici
1649 4469 1766 4537 qui-
1799 4477 1840 4533 ι)
1870 4467 2141 4519 titudinem
2192 4467 2580 4519 rationabilium
2620 4477 3002 4530 creaturarum,
3053 4467 3134 4519 vel
3177 4478 3390 4520 natura-

195 4583 334 4635 dem
368 4585 433 4630 et
461 4569 743 4638 repentina
764 4561 1176 4622 collustratione,
1207 4560 1297 4612 sed
1328 4559 1557 4621 diversa,
1588 4568 1641 4612 et
1670 4573 1763 4626 pro

197 4668 426 4723 mentis
475 4667 638 4727 captu
663 4665 719 4710 et
749 4665 1029 4722 progressu
1084 4648 1380 4703 continenti
1429 4648 1766 4702 successione

200 4754 531 4828 impertita.
582 4745 885 4801 Posteriore
933 4751 1109 4794 autem
1148 4739 1263 4792 loco
1311 4738 1464 4792 docet
1502 4753 1764 4790 summum

200 4826 458 4906 bonum,
487 4854 585 4894 seu
621 4838 776 4888 linem
803 4830 1057 4889 omnium.
1084 4829 1150 4882 ad
1187 4843 1340 4896 quem
1376 4836 1561 4879 natura
1609 4826 1768 4878 ratio-

201 4938 364 4994 nalis
421 4929 680 4985 universa
737 4922 925 4986 tendit,
979 4920 1119 4973 hunc
1176 4931 1316 4979 esse,
1367 4915 1592 4969 similem
1639 4913 1766 4978 Deo,

201 5025 406 5096 quoad
444 5019 570 5086 ejus
603 5014 714 5068 fieri
751 5019 942 5080 potest,
975 5008 1230 5071 evadere;
1280 5014 1436 5096 atque
1464 5020 1526 5058 ex
1561 5004 1660 5056 hac
1696 5005 1770 5058 si-

204 5095 546 5172 militudine
594 5105 645 5156 in
687 5101 872 5155 melius
915 5097 1276 5166 proficientem
1324 5095 1552 5146 animam
1611 5109 1770 5146 unum

197 5207 330 5272 jam
387 5195 513 5251 ﬁeri
556 5206 677 5247 cum
724 5191 849 5253 Deo,
894 5194 1048 5256 prout
1097 5184 1360 5252 pollicitus
1404 5191 1488 5236 est
1529 5182 1774 5237 Christus

203 5271 391 5347 Joan.
426 5299 566 5346 xvn,
589 5281 660 5332 24
687 5288 741 5332 et
766 5278 857 5342 21,
890 5286 1045 5344 atque
1073 5275 1140 5326 ita
1171 5287 1330 5342 porro
1359 5271 1410 5324 in
1443 5272 1545 5325 fine
1572 5273 1770 5340 omnia,

205 5394 276 5436 et
310 5381 366 5432 in
395 5371 656 5429 omnibus
688 5368 846 5420 Deum
891 5365 1123 5419 futurum
1165 5377 1300 5416 esse.
1350 5361 1576 5430 Exponit
1623 5371 1771 5428 post-

209 5467 458 5525 modum
493 5459 586 5526 qui
636 5456 810 5508 omnia
843 5464 894 5508 et
927 5454 978 5506 in
1027 5451 1267 5505 omnibus
1321 5450 1456 5503 Deus
1499 5465 1612 5503 esse
1649 5465 1766 5516 pos-

211 5560 303 5614 sit
338 5556 427 5618 “;
464 5560 660 5615 nempe
707 5559 825 5598 cum
877 5542 1093 5600 rationis
1148 5541 1346 5610 pollens
1389 5539 1582 5604 anima,
1621 5541 1763 5594 omni

313 5752 360 5784 ³⁸
391 5749 409 5803 l
439 5747 570 5801 Cor.
597 5755 686 5804 xv,
719 5738 802 5792 28.

1865 4571 2000 4620 rum,
2036 4557 2106 4608 ita
2132 4556 2341 4609 demum
2363 4557 2574 4624 quidam
2601 4569 2910 4622 permanere
2931 4556 2982 4610 in
3012 4557 3196 4610 eodem
3225 4566 3388 4620 statu,

1863 4661 1968 4714 quo
1993 4661 2150 4713 supra
2180 4646 2428 4712 diximus,
2461 4655 2667 4714 putant,
2703 4647 2752 4699 id
2792 4656 2872 4700 est
2922 4657 2978 4700 ut
3008 4648 3172 4701 Deum
3214 4648 3387 4702 omnia

1866 4735 2117 4799 habeant,
2144 4744 2198 4788 et
2225 4735 2360 4789 Deus
2384 4737 2464 4789 eis
2507 4736 2576 4788 sit
2607 4738 2813 4801 omnia,
2860 4738 2903 4791 si
2954 4737 3258 4790 nullatenus
3302 4753 3391 4790 eas

1865 4822 2092 4876 societas
2169 4833 2368 4876 natura:
2436 4823 2724 4890 corporalis
2797 4834 3058 4877 amoveat.
3144 4824 3389 4888 Alioquin

1871 4911 2173 4964 existimant
2219 4912 2441 4982 gloriam
2481 4927 2699 4966 summa:
2745 4912 3085 4968 beatitudinis
3129 4911 3392 4978 impediri,

1873 5002 1918 5054 si
1966 5002 2252 5056 matcrialis
2299 5004 2606 5056 substantia:
2652 5002 2999 5057 interseralur
3043 5001 3314 5054 admistio.
3369 5017 3388 5048 ι

1875 5093 2008 5158 Quin
2032 5093 2190 5145 etiam
2225 5095 2360 5161 quod
2383 5095 2502 5148 aliis
2527 5095 2882 5149 ascribeutcm
2908 5091 3275 5146 Adamantium
3309 5088 3392 5141 in-

1877 5183 2018 5235 ducit
2045 5181 2286 5247 Rufinus,
2308 5181 2360 5236 id
2391 5183 2745 5238 confutantem
2771 5184 2941 5251 ipsum
2983 5180 3193 5234 exhibet
3222 5175 3399 5238 capite

1877 5269 2058 5324 eodem
2086 5287 2228 5324 num.
2252 5272 2283 5324 6
2315 5291 2327 5324 :
2363 5291 2381 5322 ι
2411 5275 2463 5327 ln
2501 5289 2604 5341 quo
2634 5282 2773 5328 statu
2803 5262 3184 5342 (beatitudinis)
3230 5260 3400 5310 etiam

1875 5375 2181 5430 permanere
2213 5377 2420 5432 semper
2453 5375 2506 5419 et
2552 5364 2950 5419 immutabiliter
2993 5347 3260 5407 Creatoris
3299 5363 3403 5444 vo-

1872 5454 2067 5505 luntate
2091 5463 2173 5508 est
2196 5455 2545 5520 credendum,
2581 5455 2737 5508 tidem
2777 5453 2850 5505 rei
2883 5446 3108 5500 faciente
3132 5444 3410 5488 sententia

1871 5541 2099 5611 Apostoli
2148 5541 2369 5598 dicentis
2401 5565 2412 5599 :
2445 5543 2657 5598 Domum
2708 5543 2950 5594 habmus
3010 5543 3105 5581 non
3148 5521 3416 5588 manufa‘
