3920 6476
387 518 512 573 1011

389 721 638 786 Origenes
668 715 760 775 lib.
794 729 808 765 ι
846 711 920 764 De
947 711 1185 778 princip.,
1209 724 1323 776 cap.
1354 707 1407 770 6,
1443 719 1588 757 num.
1615 703 1665 762 l,
1700 701 1754 763 2,
1793 712 1906 751 om-

1618 491 1676 543 P.
1718 485 2024 543 DANIELIS
2049 477 2274 537 HUETII

387 646 537 695 ctam,
563 636 800 680 a’ternam
828 623 880 673 in
899 621 1035 673 caelis
1059 622 1152 671 ³⁷.»
1172 621 1241 674 De
1264 618 1582 684 [inequoque
1606 624 1777 664 rerum
1803 606 1907 677 agit
1933 608 1979 664 Α
2007 609 2301 658 summum,
2337 603 2511 659 quem
2563 585 2620 690 di

2007 693 2147 751 rint;
2178 702 2242 740 ac
2273 656 2523 754 primum
2563 677 2623 730 in
2658 680 2827 727 certo
2858 665 3130 736 quodam
3163 669 3339 714 terra:
3362 656 3504 709 loco
3527 662 3717 707 terre-

3554 446 3705 499 10H.

2628 583 2847 645 ximus,
2898 569 3203 629 felicitatis
3233 566 3470 634 apicem
3500 576 3708 615 evase-

393 746 475 776 Ul'l
515 746 638 771 cuos
668 746 760 775 nu.
794 746 808 765 ι
846 746 919 764 νο
947 746 1185 778 μιιηυιμυ,
1209 746 1323 776 υυιγ.
1356 746 1407 770 ν,
1444 746 1588 757 ........
1621 746 1665 762 .,
1704 746 1754 763 _,
1798 746 1877 751 --η
2134 746 2145 751 ,
2274 746 2289 754 _

393 746 582 874 niazue
626 802 751 856 dicit
779 800 843 853 ad
873 814 1032 853 unum
1086 799 1239 851 finem
1293 792 1607 853 revocanda,
1655 786 1908 858 quemad-
2007 795 2101 835 nas
2126 780 2307 839 faeces,
2342 782 2404 827 et
2428 764 2824 837 ignorantiam
2878 752 3131 874 depogi,
3185 758 3368 817 atque
3396 746 3565 874 hunc
3591 757 3720 874 (esse

2154 869 2185 874 --
2388 863 2402 874 -
2468 863 2480 874 -
2551 859 2564 872 ·
2645 869 2771 874 Α---
2836 859 2891 874 Αι
2928 849 2988 874 ξ.-
3083 840 3298 874 ςποηῖα
3335 850 3454 874 nnc
3486 850 3587 874 mn
3629 849 3720 874 nm

391 897 602 949 modum
629 892 695 945 ab
720 905 824 944 uno
846 890 995 943 initio
1021 888 1247 956 profecta
1275 893 1416 946 sunt,
1449 888 1725 951 postquam
1767 874 1909 929 scili-

390 990 474 1038 cet
526 980 824 1051 regnaverit
868 977 1133 1041 Christus,
1181 986 1465 1040 omnesque
1511 968 1750 1023 inimicos
1807 962 1909 1017 sibi

391 1072 695 1139 subiecerit,
719 1072 994 1137 ipsumque
1013 1065 1351 1119 novissimum
1380 1060 1649 1114 inimicum
1681 1064 1909 1110 mortem

391 1160 738 1223 destruxerit,
761 1168 814 1212 et
833 1156 975 1210 Patri
1007 1168 1222 1222 regnum
1257 1149 1529 1204 tradiderit
1551 1158 1781 1214 tuncque
1807 1157 1916 1198 ete-

395 1253 568 1316 lestia,
602 1247 867 1303 terrestria
896 1255 949 1299 et
979 1243 1180 1297 inferna
1230 1240 1293 1295 ad
1334 1254 1491 1292 unum
1521 1238 1674 1289 finem
1723 1235 1916 1288 deven-

398 1353 535 1405 tnra,
572 1360 590 1391 ι
623 1354 716 1408 per
738 1337 1021 1391 bonitatem
1058 1334 1171 1398 Dei,
1205 1340 1257 1385 et
1295 1328 1671 1395 subjectionem
1693 1323 1913 1382 Christi,

397 1440 556 1498 atque
586 1427 837 1479 unitatem
869 1422 1098 1491 Spiritus
1127 1418 1317 1473 sancti.
1349 1436 1367 1470 ι
1397 1417 1556 1470 Addit
1584 1416 1798 1481 insuper
1819 1411 1915 1465 soli

399 1508 646 1571 Trinitati
685 1501 970 1567 bonitatem
1002 1507 1426 1565 substantialiter
1465 1506 1655 1566 inesse,
1698 1513 1920 1557 caeteros

398 1606 519 1660 inde
546 1613 833 1659 mutuatam
866 1609 918 1655 et
942 1599 1228 1654 derivatam
1259 1596 1489 1657 habere;
1527 1611 1544 1645 ι
1574 1603 1627 1648 et
1654 1601 1777 1645 tunc
1803 1604 1923 1645 esse

400 1696 453 1747 in
485 1692 825 1753 beatitudine,
858 1704 976 1742 cum
1020 1689 1084 1741 de
1119 1686 1420 1747 sanctitate,
1463 1697 1525 1737 ac
1559 1680 1840 1749 sapientia,
1869 1686 1923 1732 et

402 1782 468 1835 de
493 1781 607 1850 ipsa
640 1779 912 1833 divinitate
940 1774 1255 1844 participant
1297 1790 1311 1826 :
1364 1790 1381 1823 ι
1436 1770 1575 1839 quod
1626 1770 1925 1837 quicunque

403 1870 692 1939 negligunt,
722 1867 948 1937 propriae
996 1865 1207 1919 desidia:
1246 1862 1373 1915 vitio
1409 1861 1664 1915 felicitate
1694 1859 1794 1912 hac
1834 1872 1926 1912 eos

402 1960 667 2019 excidere.
714 1966 766 2011 et
798 1973 828 2011 a
861 1956 968 2009 Deo
1006 1970 1104 2024 pro
1139 1954 1303 2022 culpae
1344 1951 1498 2007 modo
1527 1949 1787 2003 adhiberi.
1821 1946 1929 2000 Nec

404 2050 473 2102 ab
512 2048 595 2102 his
620 2046 923 2114 discrepant
952 2058 1069 2112 quae
1101 2058 1167 2097 ex
1215 2041 1441 2111 Origene
1484 2039 1690 2109 profert
1731 2036 1929 2090 Catena

406 2136 727 2192 Corderiana
753 2135 804 2189 in
841 2133 1092 2195 Psalmos,
1113 2133 1177 2186 ad
1205 2131 1391 2199 psalm.
1421 2146 1510 2193 1.x,
1541 2130 1574 2183 5
1598 2168 1612 2192 ,
1655 2142 1774 2196 pag.
1807 2125 1929 2189 7'59,

409 2227 496 2281 ubi
530 2224 772 2280 Christus
809 2238 927 2279 esse
973 2224 1166 2278 dicitur
1209 2220 1630 2283 tabernaculum,
1681 2226 1734 2271 et
1782 2230 1935 2271 mons

409 2326 646 2377 sanctus,
677 2316 727 2368 in
764 2329 869 2382 quo
893 2312 1110 2381 perfecti
1136 2311 1559 2379 conquiescunt;
1600 2308 1789 2361 deinde
1810 2305 1937 2359 sub.

404 2408 521 2473 jieit
552 2424 565 2459 :
607 2405 750 2475 Πλὴν
780 2405 827 2457 εἰ
854 2404 944 2455 καὶ⁸
971 2402 1108 2455 οὕτω
1133 2401 1461 2471 τελειότητος
1508 2399 1619 2469 ἔχει
1649 2400 1683 2468 ἡ
1717 2396 1935 2466 τοιαύτη

411 2495 601 2573 σκηνὴ,
631 2494 704 2557 ὡς
728 2494 821 2546 καὶ
850 2491 979 2560 ἃγια
1014 2492 1178 2560 ἁγίων
1209 2486 1363 2555 εἶναι²
1397 2489 1506 2542 ἀλλ’
1539 2485 1630 2542 οὖν
1673 2489 1787 2539 ἐστι
1825 2489 1938 2556 μετ’

319 2584 331 2599 ⁸
411 2576 574 2654 αὐτὴν
618 2582 938 2645 κατάστασις
995 2580 1327 2650 ὑπερέχουσα
1374 2578 1479 2632 τῶν
1524 2577 1776 2646 λογικῶν,
1819 2575 1940 2629 καθ’

409 2674 478 2745 ἢν
508 2664 712 2726 ἔσονται
740 2674 796 2724 ὲν
827 2671 998 2740 Πατρὶ
1031 2673 1119 2724 καὶ
1158 2670 1290 2739 Υἱῷ,
1333 2668 1524 2739 μᾶλλον
1559 2669 1614 2721 δὲ
1642 2670 1706 2738 τῇ
1736 2666 1938 2739 τριάδι·

411 2762 491 2816 διὸ
519 2762 793 2831 παροικεῖν
827 2760 905 2822 εἰς
945 2758 1068 2822 τοὺς
1104 2759 1320 2821 αἰῶνας,
1359 2756 1470 2810 ἀλλ’
1499 2756 1559 2808 οὐ
1589 2757 1855 2808 κατοικεῖν
1888 2755 1944 2806 ὲν

411 2853 489 2924 τῷ
521 2852 824 2922 σκηνώματι
851 2850 1057 2921 εἴρηται
1076 2863 1088 2876 ⁸
1114 2852 1142 2901 ὁ
1168 2851 1224 2902 ὲν
1248 2848 1415 2918 τούτῳ
1441 2848 1517 2917 τῷ
1547 2847 1677 2917 οἴκῳ
1712 2843 1945 2914 γεγονὼς

417 2942 841 3012 σκεπασθήσεται
909 2942 967 2993 ἐν
1037 2943 1102 3011 τῇ
1159 2940 1266 2993 τῶν
1339 2937 1614 3008 πτερύγων
1660 2936 1752 2989 τοῦ
1811 2934 1946 2989 Θεοῦ

417 3034 612 3106 σκέπῃ.
635 3031 745 3086 lioc
770 3039 852 3085 est
881 3049 893 3083 :
918 3030 961 3083 E
982 3028 1339 3095 tabernaculo,
1377 3029 1516 3096 quod
1569 3035 1650 3080 est
1681 3025 1946 3091 Christus,

418 3122 643 3193 digressi
706 3122 873 3177 sancti
936 3121 988 3174 in
1033 3119 1290 3173 Trinitate
1360 3116 1781 3186 conquiescent,
1827 3130 1947 3173 cum

2007 835 2351 942 paradisum;
2388 835 2519 916 inde
2549 859 2606 914 in
2638 869 2799 914 aere,
2831 859 2894 905 et
2926 849 2989 902 in
3037 840 3300 898 diversis
3335 835 3722 942 postmo'dum

2010 925 2130 1017 caeli
2154 958 2292 1013 locis
2324 925 2528 1008 novam
2566 956 2877 1016 capessere
2906 932 3324 1004 disciplinam,
3360 936 3427 981 et
3466 925 3725 1017 perfecta

2012 1054 2226 1107 demum
2251 1044 2522 1102 beatitate
2556 1013 2710 1102 frui;
2746 1034 2805 1087 in
2840 1024 3109 1098 singulis
3150 1030 3357 1075 autem
3401 1013 3728 1068 mansioni-

2011 1145 2116 1199 bus
2157 1155 2226 1196 eo
2279 1133 2694 1191 diuturniorem
2750 1138 2934 1193 agere
2996 1129 3242 1174 moram
3303 1111 3588 1169 animas,
3624 1120 3732 1173 quo

2016 1232 2283 1302 pluribus,
2328 1229 2460 1282 dum
2498 1219 2727 1289 corpori
2760 1216 3080 1283 adjuncta:
3111 1213 3348 1267 essent,
3386 1214 3532 1255 sese
3570 1198 3736 1251 noxis

2018 1294 2488 1379 contaminarunt.
2518 1311 2898 1383 pluribusque
2956 1294 3469 1383 inquinamentis
3518 1304 3729 1383 expur-

2019 1376 2207 1482 ganda:
2257 1415 2407 1461 sunt.
2458 1376 2820 1469 Frequentes
2884 1397 3149 1445 exstant
3208 1380 3519 1438 doctrina:
3580 1376 3738 1444 hujus

2022 1468 2200 1557 notae;
2263 1508 2367 1548 nos
2412 1468 2727 1559 przecipuas
2759 1489 3203 1548 excerpemus.
3257 1469 3533 1525 Homilia
3565 1468 3640 1520 26
3691 1469 3743 1517 in

2025 1587 2213 1650 Num.,
2246 1597 2400 1636 num.
2439 1581 2496 1637 4.
2528 1578 2850 1645 digressum
2894 1567 3133 1621 animae
3167 1576 3204 1615 a
3246 1571 3544 1626 corpore,
3569 1553 3741 1608 lsrae-

2025 1644 2243 1730 litarum
2279 1671 2431 1727 exitu
2457 1669 2523 1721 de
2555 1644 2803 1734 Egypto
2837 1654 3117 1724 exprimi
3159 1650 3385 1714 tradit,
3430 1662 3595 1706 cum,
3622 1644 3745 1697 reli-

2025 1766 2127 1821 ctis
2158 1761 2346 1817 mundi
2398 1758 2562 1827 hujus
2601 1750 2886 1813 tenebris,
2924 1756 2992 1801 et
3034 1741 3332 1812 corporis
3369 1737 3665 1799 caecitate,
3696 1735 3747 1789 in

2027 1862 2191 1916 alium
2220 1858 2408 1911 orbem
2440 1852 2645 1908 transit
2671 1848 2868 1903 anima
2900 1885 2919 1910 ,
2963 1842 3081 1911 qui
3116 1839 3220 1893 vel
3258 1839 3448 1892 sinus
3476 1834 3744 1893 Abrahae,

2034 1951 2175 2005 utin
2222 1945 2415 2002 Lazari
2448 1941 2724 2005 historia;
2758 1936 2852 1991 vel
2892 1932 3273 2004 paradisus,
3315 1937 3391 1982 ut
3434 1927 3496 1981 in
3552 1923 3644 1978 illa
3674 1922 3752 1976 lar

2033 2041 2228 2103 tronis,
2254 2045 2637 2103 nuncupatur;
2679 2048 2699 2081 ι
2745 2028 2842 2081 vel
2873 2026 3105 2087 etiam,
3138 2020 3389 2089 inquit,
3422 2018 3476 2072 si
3512 2030 3625 2085 qua
3659 2030 3753 2066 no-

2033 2131 2110 2185 vit
2137 2130 2276 2184 Deus
2305 2140 2429 2181 esse
2457 2124 2564 2177 alia
2590 2121 2736 2182 loca,
2759 2118 2855 2173 vel
2888 2115 3057 2171 alias
3094 2110 3501 2171 mansiones,
3522 2120 3627 2176 per
3642 2118 3757 2173 qua:

2036 2221 2306 2275 transiens
2340 2216 2523 2269 anima
2572 2213 2687 2266 Deo
2716 2209 2986 2265 credens
3009 2246 3027 2269 ,
3072 2216 3139 2260 et
3175 2201 3565 2271 perveniens
3594 2212 3758 2266 usque

2036 2313 2102 2365 ad
2129 2309 2329 2363 ﬂumen
2357 2306 2511 2371 illud,
2549 2304 2702 2373 quod
2751 2299 3034 2354 laetificat
3093 2295 3432 2349 civitatem
3465 2290 3595 2353 Dei,
3628 2290 3760 2342 intra

2043 2403 2213 2471 ipsam
2248 2408 2453 2453 sortem
2505 2393 2804 2464 promissae
2840 2388 3154 2443 Patribus
3197 2383 3593 2439 liaereditatis
3626 2381 3759 2434 accio

2036 2492 2179 2562 piat;
2220 2510 2237 2541 ι
2270 2498 2325 2544 et
2371 2488 2660 2556 aliquanto
2712 2491 2847 2553 post
2875 2520 2895 2546 ,
2950 2493 3140 2533 num.
3176 2476 3219 2531 5
3266 2494 3285 2529 :
3334 2494 3357 2527 ι
3425 2474 3601 2528 Istius
3639 2485 3760 2541 ergo

2040 2593 2197 2639 terrae
2240 2582 2621 2637 haereditatem
2648 2618 2664 2644 ,
2712 2585 3137 2647 posteaquam
3207 2572 3297 2627 de
3357 2571 3573 2625 mundi
3616 2567 3763 2635 huius

2041 2675 2278 2745 Egypto
2311 2671 2536 2734 exierit,
2570 2668 2689 2724 Deo
2724 2666 2991 2721 credens
3055 2664 3285 2717 anima
3336 2660 3760 2729 consequitur:

2043 2774 2098 2821 et
2124 2764 2250 2818 alibi
2279 2762 2498 2831 quidem
2527 2759 2566 2813 ii
2591 2758 2686 2827 qui
2713 2757 2822 2811 sub
2853 2756 2997 2825 lege
3032 2754 3389 2816 vixerunt;
3426 2752 3566 2805 alibi
3595 2759 3763 2802 autem

2044 2856 2133 2925 qui
2178 2868 2272 2926 per
2314 2850 2442 2907 Jesu
2491 2848 2703 2904 Christi
2756 2845 2940 2900 fidem
2998 2855 3069 2899 et
3128 2844 3427 2912 gratiam
3470 2838 3765 2910 dispensati

2046 2954 2191 3010 sunt.
2239 2961 2258 2995 ι
2288 2940 2522 2999 Homilia
2548 2937 2755 2993 deinde
2777 2936 3071 3005 sequenti
3120 2935 3370 3003 repetit
3404 2935 3534 2988 haec
3560 2931 3765 2993 eadem,

2046 3046 2099 3093 et
2128 3035 2357 3090 diversis
2410 3028 2809 3085 mansionibus
2863 3027 3329 3082 lsraelitarum
3401 3026 3466 3079 in
3520 3024 3767 3081 deserto,

2050 3128 2241 3181 animae
2288 3122 2607 3177 mansiones
2640 3118 2833 3174 notari
2877 3118 3157 3181 scribit;
3203 3126 3281 3171 ut
3315 3125 3385 3172 et
3443 3115 3547 3170 illo
3574 3111 3769 3169 Christi

418 3234 580 3290 regno
608 3218 800 3274 Christi
854 3217 1120 3280 absoluto,
1164 3214 1325 3268 Pater
1356 3213 1467 3281 ipse
1512 3226 1729 3286 regnum
1769 3225 1949 3265 susce-
1976 3228 2020 3290 ο
2049 3216 2205 3272 Joan.
2255 3229 2370 3277 xtv,
2400 3213 2437 3266 2
2473 3229 2489 3265 :
2535 3230 2555 3263 ι
2609 3209 2674 3264 In
2724 3209 2909 3264 domo
2968 3207 3208 3263 Patris
3273 3208 3403 3261 mei
3461 3205 3773 3260 mansiones

418 3310 577 3380 perit.
607 3309 719 3365 Hac
736 3309 979 3364 doctrina
1004 3306 1235 3362 imbutus
1257 3304 1564 3357 Theodorus
1584 3300 1824 3364 Ascidas,
1841 3299 1952 3365 Cae-

423 3412 587 3461 sareae
621 3399 967 3466 Cappadociae
1000 3397 1295 3470 episcopus,
1336 3393 1757 3467 Origcnistarum
1790 3391 1954 3446 Justi-

423 3485 569 3552 niani
600 3494 753 3549 {etate
776 3498 1048 3559 patronus,
1080 3483 1211 3538 dixit
1247 3502 1260 3536 :
1312 3484 1375 3535 Ei
1422 3482 1515 3535 νῦν
1556 3484 1603 3534 οἱ
1647 3481 1953 3547 ἀπόστολοι,

426 3576 517 3629 καὶ
534 3575 582 3627 οῑ
612 3574 880 3657 μάρτυρες
900 3573 1381 3645 θαυματουργοῦσι,
1418 3572 1509 3624 καὶ
1537 3573 1593 3623 ὲν
1632 3574 1698 3642 τῇ
1729 3571 1960 3643 τοσαύτῃ

425 3667 558 3735 τιμῇ
590 3665 933 3734 ὑπάρχουσιν,
963 3666 1019 3715 ἐν
1038 3668 1102 3734 τῇ
1127 3662 1553 3716 ἀποκαταστάσει
1584 3661 1722 3732 εἰμὴ
1751 3662 1854 3714 ῐσοι
1878 3661 1962 3729 γέ-

428 3772 599 3809 νοιντο
660 3754 735 3824 τῷ
802 3752 1053 3824 Χριστῷ,
1114 3753 1239 3805 ποια
1300 3750 1731 3814 ἀποκατάστασις
1781 3751 1962 3815 αὐτοῖς

430 3850 606 3912 tactv;
649 3863 668 3897 ι
713 3846 770 3900 Si
823 3860 961 3901 nunc
1007 3844 1230 3914 apostoli
1284 3854 1337 3899 et
1383 3852 1649 3913 martyres
1702 3844 1960 3899 miracula

431 3939 612 4002 edunt,
642 3945 695 3992 et
721 3937 774 3991 in
811 3946 959 3992 tanto
996 3946 1120 3991 sunt
1163 3939 1403 3999 honore;
1438 3936 1491 3988 in
1546 3936 1883 3991 restitutione
1915 3938 1960 3991 si

432 4027 663 4097 aequales
692 4027 900 4082 Christo
923 4043 1025 4082 non
1057 4026 1307 4090 evadant,
1337 4024 1507 4093 qualis
1536 4039 1718 4080 eorum
1745 4025 1963 4079 restitu-

432 4119 507 4168 tio
561 4114 738 4170 futura
788 4118 909 4171 est?
956 4135 974 4168 ι
1020 4116 1187 4181 Quam
1212 4129 1393 4170 vocem
1442 4116 1496 4168 in
1545 4114 1731 4183 quinta
1761 4115 1962 4183 synodo

434 4207 732 4261 damnatam
765 4207 929 4263 fuisse
954 4215 1175 4262 testatur
1200 4206 1458 4274 Evagrius
1495 4203 1588 4257 lib.
1617 4219 1690 4269 tv,
1717 4218 1838 4271 cap.
1872 4204 1962 4260 ‘58.

435 4292 811 4358 Verumtamen
855 4297 905 4350 in
951 4296 1257 4366 przefatione
1304 4295 1588 4357 Comment.
1640 4293 1692 4345 in
1737 4292 1896 4352 Joan.
1934 4309 1964 4347 a

437 4389 697 4442 communi
744 4389 1102 4457 theologorum
1152 4385 1415 4443 sententia
1470 4384 1688 4447 minime
1766 4384 1968 4438 recedit

439 4471 711 4547 Origenes,
743 4476 794 4529 in
821 4477 911 4529 Dei
942 4477 1242 4545 cognitione
1271 4484 1325 4529 et
1355 4473 1804 4540 contemplatione
1835 4473 1963 4527 bea-

2052 3306 2232 3369 multaa
2286 3310 2444 3365 sunt;
2512 3318 2531 3352 ι
2598 3313 2668 3353 ac
2709 3298 2895 3352 variis
2971 3306 3317 3367 prmterea
3378 3297 3772 3366 prophetarum

2054 3393 2394 3455 testimoniis,
2430 3404 2556 3458 quae
2598 3390 2847 3444 subinde
2898 3398 3261 3444 enumerat
3302 3407 3321 3447 ;
3361 3404 3479 3459 per
3508 3388 3633 3442 haec
3658 3399 3774 3453 ergo

2054 3482 2169 3535 loca
2204 3477 2644 3548 peregrinantem
2678 3477 2943 3530 animam
2977 3479 3063 3531 ad
3135 3478 3389 3547 quietis
3427 3477 3621 3534 locum
3667 3490 3775 3530 cum

2055 3570 2252 3644 gemitu
2282 3576 2338 3623 et
2365 3565 2557 3622 dolore
2581 3566 2900 3633 anhelare;
2927 3567 3317 3626 hebescere
3344 3572 3563 3635 etiam,
3580 3576 3637 3625 et
3660 3566 3779 3622 cali-

2056 3676 2199 3733 gare,
2230 3658 2407 3731 quoad
2437 3656 2662 3712 itineris
2692 3657 2783 3712 sui
2816 3666 3059 3715 metam
3114 3671 3431 3717 assecuta
3465 3663 3547 3718 sit
3581 3677 3595 3713 :
3633 3679 3653 3711 ι
3689 3657 3779 3712 Per

2057 3751 2289 3822 singulas
2324 3762 2572 3818 quasque
2595 3787 2611 3813 ,
2645 3767 2666 3800 ι
2702 3748 2904 3816 inquit
2958 3765 3159 3806 num.
3207 3753 3278 3819 4,
3321 3770 3470 3823 pag.
3502 3753 3637 3814 577,
3670 3750 3779 3802 «ᾱὶ-

2059 3842 2305 3913 grediens
2337 3839 2659 3892 mansiones
2685 3879 2703 3903 ,
2736 3837 2871 3892 illas
2903 3840 3172 3896 scilicet
3220 3845 3463 3899 multas
3483 3887 3501 3911 ,
3560 3859 3683 3914 quae
3708 3842 3780 3897 di-

2058 3937 2250 3985 cuntur
2291 3942 2413 3981 esse
2453 3927 2597 3995 apud
2654 3927 2921 3994 Patrem,
2968 3929 3405 3988 illuminatur
3439 3935 3686 4004 amplius
3725 3947 3783 3987 ex

2059 4034 2165 4075 una
2198 4018 2263 4072 ad
2291 4016 2451 4071 aliam
2480 4016 2738 4081 veniens,
2774 4017 3015 4085 majora
3040 4036 3330 4093 semper
3356 4023 3785 4081 ίιιιιωῑηεηίοιιξς

2060 4113 2343 4176 augmenta
2393 4105 2686 4172 conquirit
2714 4145 2729 4167 ,
2764 4121 3107 4177 usquequo
3177 4124 3452 4169 assueta
3509 4115 3587 4168 sit
3634 4113 3786 4183 ipsius

2060 4197 2174 4252 veri
2202 4194 2442 4258 luminis,
2485 4194 2635 4261 quod
2685 4193 2995 4250 illuminat
3029 4215 3316 4258 omnem
3354 4206 3683 4270 hominem,
3714 4202 3787 4258 in.

2062 4288 2254 4341 tuitum
2287 4286 2423 4357 pati,
2474 4295 2531 4339 et
2561 4284 2722 4338 mirae
2774 4286 3144 4352 maiestatis
3202 4294 3386 4350 ferre
3427 4296 3731 4365 fulgorem.
3765 4310 3781 4343 ι

2064 4376 2297 4442 Inculcat
2320 4377 2462 4431 idem
2508 4375 2565 4428 in
2591 4375 3016 4442 sequentibus,
3056 4395 3258 4438 num.
3297 4385 3338 4439 6
3362 4402 3380 4439 :
3414 4402 3437 4436 ι
3460 4384 3605 4441 Post
3625 4396 3789 4439 resur-

2062 4467 2356 4521 rectionem
2388 4478 2689 4518 ascensura
2734 4464 2809 4519 ad
2860 4467 3065 4523 caelos
3108 4472 3406 4545 (anima)
3444 4490 3569 4529 non
3603 4473 3787 4529 subito.

440 4560 712 4614 titudinem
747 4564 901 4627 sitam
929 4580 1045 4619 esse
1072 4566 1289 4629 docens,
1333 4573 1390 4616 et
1411 4564 1585 4629 :iinem
1614 4575 1732 4615 esse
1757 4560 1817 4617 τὸ
1840 4560 1965 4614 Θεω-
1995 4549 2037 4602 Ι)
2071 4571 2170 4610 nec
2201 4557 2508 4621 importune
2539 4553 2608 4611 ad
2640 4568 2871 4608 summa
2902 4563 3336 4630 conscendit,
3378 4566 3489 4621 sed
3528 4578 3634 4636 per
3670 4560 3794 4619 mul-

441 4648 677 4725 ρητικδν,
701 4652 779 4713 εἰς
801 4652 828 4702 ὃ
866 4654 1182 4723 καταλήγειν
1217 4652 1275 4704 τὸ
1308 4652 1454 4714 τέλος
1491 4649 1607 4704 ὀδοῦ
1641 4652 1781 4721 ἑντῇ
1812 4651 1965 4722 λεγο-

443 4738 578 4808 μένῃ
604 4739 1049 4794 ἁποκαταστάσει.

514 4825 580 4880 Χ.
605 4827 718 4882 Νοη
743 4830 922 4882 statim
946 4841 1117 4886 autem
1141 4815 1537 4902 ad‘supremam
1562 4831 1966 4895 beatitudinem,

441 4915 535 4969 sed
572 4916 889 4981 pedetentim
940 4933 1004 4971 ac
1052 4935 1149 4987 per
1180 4920 1421 4974 diversos
1473 4920 1663 4989 gradus
1707 4919 1971 4985 perveniri

443 5004 627 5058 voluit.
662 5003 793 5059 Nam
823 5004 1023 5059 animas
1049 5007 1429 5061 beatitudinem
1472 5006 1793 5075 promeritas
1817 5045 1833 5070 ,
1877 5006 1971 5060 sed

445 5105 778 5149 terrenarum
825 5092 1001 5159 rerum
1054 5107 1282 5169 contage.
1319 5097 1608 5157 etiamnum
1650 5094 1971 5161 laborantes,

444 5195 722 5256 postquam
754 5197 977 5262 corpore
1028 5186 1233 5240 emissae
1269 5196 1434 5250 sunt,
1478 5201 1572 5254 per
1604 5185 1749 5237 varia
1784 5184 1971 5241 deduci

444 5277 558 5330 loca
593 5276 764 5339 finxit,
795 5274 845 5327 in
874 5274 1067 5343 quibus
1100 5285 1437 5355 expurgatas,
1464 5285 1517 5329 et
1540 5277 1605 5329 ab
1626 5274 1828 5344 angelis
1850 5275 1972 5328 huic

447 5364 741 5419 ministerio
768 5363 1049 5419 destinatis
1078 5366 1336 5428 eruditas,
1385 5374 1438 5417 et
1467 5380 1707 5418 errorum
1736 5362 1973 5417 tenebris

447 5453 754 5518 exsolutas,
805 5454 1216 5524 splendidiorem
1253 5471 1316 5517 ac
1372 5455 1650 5509 celsiorem
1706 5453 1977 5520 regionem

448 5547 837 5613 conscendere;
906 5547 1081 5614 ibique
1136 5547 1285 5600 novis
1336 5546 1621 5613 instructas
1680 5540 1976 5607 doctrinisf,

453 5629 674 5698 aliisque
702 5650 825 5690 usas
854 5637 1122 5704 magistris
1152 5638 1203 5692 in
1232 5634 1507 5692 sublimius
1536 5633 1687 5700 ferri,
1727 5631 1890 5687 donec
1914 5631 1980 5686 ad

524 5821 564 5852 ³⁷
596 5822 633 5872 ΙΙ
659 5826 775 5878 Cor.
806 5842 852 5889 v,
880 5829 925 5885 ι.

2072 4658 2153 4699 tas
2175 4645 2461 4699 deducitur
2491 4645 2848 4709 mansiones,
2885 4646 2948 4700 in
2984 4651 3244 4718 quibus
3304 4656 3657 4711 illuminata
3710 4667 3795 4723 per

2072 4731 2318 4799 singulas
2345 4770 2359 4795 ,
2406 4739 2463 4784 et
2486 4740 2796 4800 augmento
2825 4748 3089 4804 semper
3121 4742 3506 4810 splendoris
3558 4752 3791 4814 accepto.

2075 4823 2126 4875 in
2155 4835 2480 4890 unaquaque
2517 4822 2821 4878 mansione
2854 4824 3197 4886 illustrata
3237 4836 3577 4903 sapientia:
3605 4836 3795 4890 lumine

2078 4925 2251 4979 usque
2285 4914 2353 4966 ad
2380 4911 2559 4986 ipsum
2582 4914 2890 4983 perveniat
2924 4916 3261 4978 luminum
3297 4926 3582 4984 Patrem.
3628 4945 3649 4979 ι
3685 4924 3794 4979 Pes

2072 5003 2189 5057 haec
2230 5004 2579 5059 mansionum
2614 5005 2842 5059 illarum
2888 5008 3141 5069 deserti
3182 5019 3458 5074 nomina
3501 5018 3795 5076 mansioni-

2072 5093 2173 5146 bus
2196 5094 2594 5160 accommodat,
2620 5110 2775 5171 quas.
2798 5099 3009 5155 anima
3040 5103 3107 5159 in
3138 5108 3393 5165 ccelum
3413 5112 3655 5167 abitura
3689 5122 3790 5179 per-

2080 5191 2255 5249 agrat,
2296 5186 2645 5254 ostenditque
2693 5187 2845 5242 hanc
2876 5193 3077 5248 etiam
3113 5206 3260 5254 tum
3294 5203 3649 5258 daemonum
3674 5201 3790 5256 insi-

2077 5272 2184 5372 diis
2211 5284 2268 5328 et
2295 5279 2649 5332 tentamentis
2677 5293 2804 5334 esse
2840 5281 3198 5344 obnoxiam
3231 5332 3252 5357 ,
3293 5296 3665 5365 laboresque
3689 5304 3791 5345 sus-

2082 5368 2281 5429 tinere,
2329 5378 2387 5423 at
2410 5381 2513 5423 non
2555 5368 2781 5422 invitam
2809 5409 2824 5435 ,
2859 5385 2979 5427 nec
3024 5384 3294 5436 tantum
3336 5385 3419 5440 iis
3458 5383 3747 5453 defatigati
3773 5420 3786 5442 ι

2085 5466 2359 5521 quantum
2400 5476 2495 5541 spe
2526 5461 2880 5528 sublevatur;
2911 5466 3031 5519 sed
3064 5480 3134 5524 et
3173 5473 3539 5547 refrigeriis
3566 5479 3786 5529 animam

2090 5547 2296 5620 foveri,
2328 5556 2695 5640 paulatimque
2724 5552 2795 5607 ad
2835 5555 3216 5619 caelestium
3253 5570 3675 5640 cognitionem
3709 5578 3788 5616 ἓν

2093 5651 2351 5716 “Were.
2373 5648 2591 5720 iamque
2620 5646 2828 5717 Plenam
2866 5644 2932 5699 in
2962 5663 3212 5721 corpus
3234 5673 3542 5717 exercere
3565 5661 3788 5733 potest»
