3920 6470
165 400 332 469 ωιῠ

1161 407 1714 468 ORIGENIANORUM
1754 407 1880 496 LlB.
1920 409 1984 472 ll,
2017 408 2164 463 CAP.
2207 407 2267 471 ΙΙ,
2309 410 2572 475 ΟυΑΞδΤ.
2613 412 2698 467 XI.

3313 415 3444 468 1014

201 531 355 573 \em,
391 490 459 590 εξ
487 493 611 590 tum
643 511 926 571 curriculi
957 529 1148 574 metam
1184 522 1460 590 stringere,
1493 536 1610 574 cum
1643 535 1830 588 perve-
1861 523 1902 576 Α
1930 520 2218 571 certamina
2247 526 2298 570 et
2324 534 2517 588 agones
2540 523 2816 576 exsistunt.
2859 521 2988 574 Tum
3013 523 3166 575 docet
3214 524 3262 577 in
3305 540 3442 590 pra:-

214 608 302 658 nit
356 579 446 646 οδ
486 579 698 690 “limen
727 598 864 669 Dei,
901 617 958 660 et
986 609 1258 676 sapientite
1291 579 1533 674 fluentis,
1564 579 1818 677 nudisque

234 687 460 746 divina!
494 685 750 740 scientiae
801 694 1082 764 irrigatur.
1112 698 1186 750 Ex
1229 700 1418 767 quibus
1446 699 1574 753 satis
1600 708 1822 768 apparet

241 798 351 836 sen
373 770 563 827 tentia)
588 773 719 831 huic
748 779 1002 853 Origenis
1030 787 1133 839 vim
1169 787 1357 842 aﬂ‘erre
1380 790 1584 844 Sixtum
1615 773 1819 843 Senen-

250 885 386 926 sem
411 864 512 921 lib.
547 880 578 918 ν
608 866 892 938 Biblioth.,
933 879 1106 930 adnot.
1134 877 1253 940 428,
1268 893 1384 932 cum
1419 879 1494 932 ait
1520 880 1820 934 mansiones

259 960 419 1026 illas,
452 973 564 1014 non
592 959 656 1013 ad
680 960 895 1016 diversa
935 965 1301 1019 ascensionum
1343 975 1598 1032 tempora,
1634 969 1724 1020 sed
1755 968 1820 1021 ad

256 1049 532 1103 diversos
568 1051 914 1119 praemiorum
952 1053 1141 1122 gradus
1165 1066 1284 1106 esse
1310 1053 1630 1108 referendas.
1661 1057 1819 1109 Deni-

255 1151 377 1207 que
409 1138 572 1192 hom.
601 1138 671 1195 28
701 1141 753 1192 in
781 1138 968 1206 Νιιιιι..
1012 1156 1158 1195 num.
1185 1142 1244 1207 2,
1273 1143 1326 1207 5,
1355 1143 1581 1211 aliquem
1613 1145 1763 1200 nobis
1791 1160 1819 1198 a

251 1229 384 1282 Deo
413 1229 604 1283 locum
627 1231 917 1299 praeparari
945 1232 1378 1297 comminiscitur,
1416 1234 1501 1288 ubi
1524 1235 1592 1289 ad
1620 1244 1819 1290 certum

255 1328 498 1386 tempus
527 1319 856 1382 habitemus,
884 1322 927 1375 si
968 1335 1083 1390 quae
1105 1331 1314 1389 peccata
1343 1323 1697 1390 imprudentes
1730 1326 1822 1377 ad-

253 1408 571 1472 misimus;
631 1411 1068 1478 quemadmodum
1112 1419 1282 1466 certas
1321 1412 1508 1482 refugii
1563 1413 1719 1466 urbes
1759 1414 1822 1466 iis

248 1496 590 1565 assignavit
618 1497 848 1567 Moyses,
900 1500 991 1566 qui
1023 1500 1366 1554 homicidium
1409 1515 1540 1554 casu
1566 1509 1620 1554 et
1644 1501 1825 1554 incon-

246 1586 418 1642 sulto
448 1587 894 1650 commisissent;
927 1598 980 1643 et
1001 1604 1429 1657 unumquemque
1457 1589 1508 1642 in
1552 1590 1649 1642 hac
1671 1589 1824 1642 illave

250 1677 404 1731 cali
454 1686 615 1745 parte
656 1693 685 1730 a
735 1678 952 1732 Christo
993 1693 1089 1747 pro
1130 1679 1332 1733 meritis
1368 1678 1638 1733 constitui.
1671 1678 1826 1730 Addit

245 1767 470 1822 homil.
498 1767 574 1820 25
601 1769 657 1820 in
691 1767 868 1833 Iosue,
887 1783 1030 1822 num.
1058 1769 1115 1833 Δ,
1141 1770 1277 1824 ﬁlios
1308 1771 1569 1824 Abraham
1601 1770 1822 1823 locatum

1935 607 2070 660 senti
2102 617 2154 659 et
2183 608 2232 658 in
2271 609 2444 661 futuro
2480 611 2672 664 saeculo
2718 611 2957 677 singulas
2989 612 3208 664 diversis
3231 615 3446 682 castiga-

1927 705 2006 748 tas
2031 696 2599 764 suppliciis,‘augelicis
2635 699 2924 764 disciplinis
2961 701 3247 761 emendari,
3280 701 3446 755 donec

1924 787 1987 837 ad
2021 786 2246 862 perfecta
2277 796 2329 838 et
2365 795 2556 837 aeterna
2585 789 2922 852 perveniant;
2951 804 3106 858 quem
3133 791 3304 844 locum
3341 808 3444 846 non

1924 873 2084 927 semel
2109 889 2262 941 supra
2298 875 2630 927 adduximus.
2653 875 2886 930 Tandem
2909 878 2960 932 in
2994 894 3058 932 eo
3090 879 3304 946 desinit,
3343 897 3460 960 non.

1926 965 2255 1018 interituram
2285 964 2492 1032 quidem
2521 963 2572 1016 in
2621 963 2725 1016 ﬁne
2757 980 2932 1018 rerum
2967 968 3294 1033 corporalem
3353 985 3446 1022 na-

1925 1060 2119 1116 turam,
2145 1051 2235 1104 sed
2283 1059 2541 1102 mutatum
2589 1048 2656 1101 iri
2685 1051 2894 1104 aetheris
2916 1051 2966 1104 in
2997 1055 3224 1115 modum,
3249 1064 3302 1109 ct
3334 1069 3446 1108 co:-

1925 1141 2105 1196 lestem
2139 1141 2419 1209 quamdam
2455 1138 2799 1192 subtilitatem
2846 1154 2905 1192 ac
2956 1142 3284 1208 splendorem
3325 1146 3448 1197 ade-

1924 1241 2149 1299 pturam.
2185 1229 2362 1282 Multis
2406 1229 2564 1282 etiam
2607 1237 2971 1296 argumentum
3015 1231 3150 1283 istud
3201 1233 3448 1300 explanat

1926 1320 2015 1374 lib.
2043 1335 2082 1372 ιι
2112 1318 2248 1385 Περὶ
2269 1316 2466 1385 ἀρχῶν
2487 1331 2602 1384 cap.
2631 1317 2680 1376 5,
2724 1315 2930 1383 sibique
2960 1319 3294 1384 quaerendum
3327 1336 3447 1387 pro-

1926 1407 2092 1476 ponit,
2119 1418 2293 1459 utrutn
2327 1415 2444 1473 post
2483 1405 2622 1458 hunc
2652 1406 2900 1458 mundum
2952 1407 3155 1459 curatio
3193 1408 3366 1476 aliqua
3395 1417 3450 1462 et

1926 1497 2227 1550 emendatio
2257 1497 2434 1547 futura
2466 1496 2555 1559 sit,
2599 1496 2838 1563 asperior
2886 1495 3096 1562 quidem
3150 1495 3202 1548 in
3238 1511 3328 1549 eos
3357 1498 3448 1565 qui

1929 1586 2101 1638 Verbo
2121 1586 2208 1637 Dei
2236 1600 2432 1638 rnorem
2459 1599 2562 1638 non
2589 1594 2897 1652 gesserunt;
2928 1600 3049 1653 erga
3076 1596 3295 1640 caeteros
3323 1602 3448 1640 vero

1927 1675 2133 1727 mollior
2166 1683 2219 1728 et
2251 1674 2438 1737 lenior,
2469 1674 2554 1740 qui
2573 1673 2682 1738 jam
2723 1674 2774 1727 in
2799 1675 2973 1727 studio
3017 1675 3277 1737 veritatis,
3323 1676 3444 1729 dum

1929 1764 2190 1824 viverent,
2219 1761 2448 1825 subacti,
2478 1761 2668 1815 divina:
2693 1763 2964 1829 sapientia:
2989 1765 3295 1828 capaciores
3321 1762 3448 1819 elle-

249 1856 332 1908 iri
364 1856 422 1908 in
454 1857 605 1912 cmlo
643 1859 931 1910 secundum
957 1858 1192 1913 ordinem
1220 1858 1490 1914 stellarum
1520 1866 1570 1910 et
1599 1857 1824 1924 partium
1859 1843 1897 1907 Β
1925 1853 1992 1908 cti
2024 1862 2145 1906 sunt
2174 1869 2187 1904 :
2216 1863 2390 1904 utrum
2426 1851 2584 1904 etiam
2617 1852 2735 1904 linis
2769 1851 3001 1904 omnium
3037 1851 3174 1904 hanc
3198 1852 3358 1905 vitam
3378 1853 3450 1906 sit

245 1947 433 2009 cmli;
468 1949 768 2014 datumque
804 1947 872 2000 iri
888 1946 1006 2000 aliis
1047 1956 1242 2001 sortem
1285 1947 1348 1999 ad
1383 1947 1658 2012 orientem,
1711 1946 1827 2000 aliis

249 2038 335 2090 ad
367 2037 720 2090 occidentem
750 2073 765 2098 ,
798 2036 863 2089 ad
892 2047 1128 2090 austrum
1160 2036 1300 2101 aliis,
1355 2036 1472 2088 aliis
1515 2043 1687 2087 autem
1736 2037 1823 2103 qui

251 2127 384 2181 Deo
417 2127 603 2196 magis
631 2127 742 2178 noti
792 2135 918 2179 sunt
946 2125 1009 2176 ad
1054 2125 1374 2193 aquilonem.
1409 2124 1559 2178 Facit
1603 2125 1668 2178 ad
1717 2141 1824 2177 rem

247 2215 404 2270 illud
437 2229 508 2268 ex
538 2215 727 2269 homil.
757 2215 781 2267 1
811 2215 863 2267 in
890 2215 1020 2282 psal.
1065 2229 1282 2279 xxxvm,
1323 2229 1466 2267 num.
1495 2213 1567 2267 8:
1606 2231 1624 2264 ‹
1652 2213 1824 2267 Alium

251 2303 408 2360 facit
437 2305 588 2358 diem
624 2303 756 2358 solis
780 2304 878 2356 iste
907 2317 1093 2356 cursus
1122 2302 1288 2356 nostri
1315 2301 1468 2370 hujus
1497 2302 1618 2357 eteli
1641 2303 1826 2370 spatiis

259 2395 654 2459 terminatus;
687 2393 848 2446 alium
884 2393 1042 2446 habet
1070 2392 1208 2445 diem
1240 2391 1327 2445 ille
1373 2393 1461 2459 qui
1497 2392 1562 2446 ad
1584 2392 1825 2444 ‘secuudi

257 2483 405 2536 caeli
451 2482 746 2551 pervenire
771 2489 1008 2534 meretur
1032 2495 1332 2534 ascensum.
1357 2479 1520 2533 Multo
1559 2479 1698 2533 enim
1721 2479 1828 2532 cla-

262 2574 488 2625 riorem
523 2569 670 2624 diem
702 2571 848 2623 ducit
875 2569 962 2623 ille
992 2570 1080 2637 qui
1101 2583 1268 2637 usque
1299 2569 1363 2622 ad
1395 2569 1609 2623 tertium
1637 2572 1826 2624 caelum

257 2659 354 2713 vel
386 2661 542 2728 rapi,
565 2657 650 2711 vel
673 2657 948 2725 pervenire
967 2659 1214 2724 potuerit,
1247 2657 1336 2711 ubi
1370 2671 1472 2711 non
1501 2660 1667 2710 solum
1698 2657 1828 2709 inef-

257 2744 448 2800 fabile
471 2743 662 2800 lumen
695 2743 948 2808 inveniet,
976 2759 1160 2798 verum
1194 2743 1356 2807 etiam
1383 2746 1540 2798 verba
1587 2759 1705 2813 qua:
1735 2745 1829 2797 ho-

261 2839 412 2894 mini
445 2837 602 2906 loqui
634 2851 738 2890 non
763 2836 942 2899 liceat,
976 2835 1174 2886 audiet.
1219 2833 1350 2887 Novi
1398 2842 1452 2888 et
1503 2834 1634 2888 alios
1679 2834 1825 2898 dies,

261 2941 521 2995 quorum
555 2937 838 2976 numerum
869 2919 1113 2974 fortassis
1153 2921 1406 2987 pr0pheta
1436 2921 1623 2974 merito
1654 2920 1829 2987 requi-

266 3017 368 3068 rit.
412 3033 434 3065 ι
466 3010 852 3067 Clarissimum
890 3021 1013 3060 vero
1047 3006 1184 3060 istud
1205 3009 1343 3074 quod
1385 3007 1574 3074 legitur
1614 3016 1828 3062 tractat.

1924 1953 2230 2010 exceptura,
2259 1942 2394 1994 alius
2426 1955 2552 1993 vero
2601 1943 2827 1993 mundus
2871 1940 3081 1994 futurus
3134 1941 3206 1994 sit
3261 1943 3325 1995 ad
3355 1958 3447 1996 eos

1923 2035 2280 2103 corrigendos,
2314 2033 2403 2099 qui
2456 2032 2507 2084 id
2557 2032 2729 2084 meriti
2763 2041 2902 2085 sunt.
2936 2031 3082 2086 Hanc
3129 2033 3316 2087 deinde
3357 2048 3448 2087 ex-

1925 2125 2057 2177 cutit
2085 2123 2387 2191 opinionem
2434 2136 2550 2189 qua:
2601 2135 2908 2190 corpoream
2958 2132 3199 2175 naturam
3246 2123 3297 2175 in
3345 2123 3450 2176 line

1926 2226 2099 2264 rerum
2149 2210 2358 2278 penitus
2410 2211 2461 2262 in
2497 2208 2717 2262 nihilum
2770 2209 3109 2278 redigendam
3139 2219 3445 2275 asseverat;

1925 2316 2082 2368 quam
2112 2301 2412 2354 edisserens
2437 2300 2510 2354 ait
2539 2313 2681 2352 num.
2702 2298 2736 2350 2
2769 2317 2780 2352 :
2810 2317 2828 2350 ι
2871 2298 2993 2353 Ηωο
3015 2301 3235 2353 materia
3263 2314 3449 2369 corpo-

1926 2393 2020 2455 ris,
2050 2405 2167 2458 qua:
2189 2405 2327 2444 nunc
2357 2390 2721 2458 corruptibilis
2759 2399 2860 2455 est,
2891 2391 3072 2444 induet
3100 2391 3450 2456 incorruptio-

1925 2495 2067 2543 nem,
2106 2496 2224 2535 cum
2265 2480 2492 2548 perfecta
2526 2481 2720 2546 anima,
2764 2490 2819 2533 et
2864 2481 3190 2550 dogmatibus
3214 2482 3452 2535 incorru-

1926 2571 2120 2639 ptionis
2151 2572 2403 2624 instructa
2439 2570 2510 2623 uti
2529 2585 2591 2623 eo
2609 2573 2860 2639 ceperit;
2897 2591 2914 2622 ι
2935 2573 3188 2640 docetque
3222 2573 3450 2625 animam

1927 2658 2166 2728 corporis
2198 2659 2559 2712 indumentum
2615 2659 2870 2721 futuram,
2922 2676 3040 2724 qua:
3080 2662 3192 2728 ipsa
3235 2661 3450 2714 Christo

1928 2748 2194 2812 induetur,
2219 2748 2356 2800 unde
2394 2748 2700 2815 incorrupta
2745 2749 2951 2802 evadet.
2978 2750 3320 2803 Postmodum
3352 2750 3446 2801 ad-

1927 2839 2042 2890 dit:
2079 2856 2098 2888 ι
2131 2837 2462 2904 lncorruptio
2477 2846 2652 2891 autem
2679 2847 2732 2891 et
2765 2839 3134 2892 immortalitas
3159 2841 3285 2907 quid
3312 2839 3451 2892 aliud

1927 2929 2051 2990 erit,
2080 2926 2184 2980 nisi
2211 2927 2504 2996 Sapientia,
2535 2937 2587 2979 et
2619 2925 2865 2990 Verbum,
2897 2936 2949 2980 et
2973 2927 3181 2981 Justitia
3215 2928 3453 2997 Dei,qu:e

1930 3016 2159 3071 formant
2186 3017 2440 3082 animam,
2467 3027 2520 3070 et
2553 3016 2797 3083 induunt,
2829 3025 2882 3069 et
2917 3019 3225 3071 exornant?
3262 3038 3281 3070 ι
3323 3019 3450 3072 Eam

266 3121 385 3159 xxx
416 3105 475 3155 in
532 3099 748 3164 Matth"
782 3112 928 3150 num.
961 3095 1048 3158 5|,
1097 3111 1214 3164 pag.
1249 3095 1344 3149 871
1378 3115 1390 3149 :
1429 3115 1447 3147 ι
1491 3097 1833 3166 Unumquod.

1933 3115 2105 3160 autem
2136 3107 2471 3171 sententiam,
2499 3122 2614 3173 qua:
2655 3107 2890 3160 futurum
2920 3108 3127 3171 statuit,
3172 3118 3230 3160 ut
3276 3109 3453 3161 incor-

267 3189 622 3262 que-caalum
646 3203 756 3242 suae
795 3185 1142 3240 institutionis
1169 3195 1222 3238 et
1252 3187 1399 3238 initia
1425 3186 1602 3250 habet,
1627 3195 1680 3238 et
1708 3201 1830 3254 per-

269 3283 578 3344 fectiones,
611 3278 663 3331 id
692 3285 775 3332 est
805 3278 1078 3329 terminos.
1119 3275 1186 3329 Ut
1238 3287 1360 3342 puta
1401 3284 1520 3343 post
1551 3291 1834 3330 conversa-

272 3378 494 3432 tionem
555 3385 818 3428 summam
848 3383 965 3439 quze
1013 3369 1112 3422 l‘uit
1139 3383 1300 3439 super
1331 3379 1526 3424 terram
1552 3409 1569 3434 ,
1614 3372 1837 3440 suscipit

273 3468 488 3519 iterum
539 3463 815 3516 hominem
856 3461 1183 3514 conversatio
1213 3462 1369 3516 unius
1412 3462 1553 3525 cteli,
1593 3472 1643 3516 et
1664 3463 1836 3531 perfe-

276 3556 396 3611 ctio
428 3568 562 3622 qua:
587 3552 641 3605 in
677 3564 740 3604 ea
771 3557 872 3604 est.
897 3549 1094 3602 lterum
1115 3551 1333 3618 suscipit
1363 3565 1482 3604 eum
1527 3553 1682 3608 tertia
1709 3567 1837 3608 con-

275 3644 539 3700 versatio
570 3640 714 3694 tertii
743 3638 866 3693 ρωιὶ
892 3677 908 3701 ,
939 3647 992 3691 et
1029 3639 1281 3705 perfectio
1312 3655 1429 3708 quae
1466 3643 1518 3694 in
1543 3657 1602 3696 ea
1626 3653 1726 3697 est.
1771 3644 1838 3697 Et

278 3739 370 3792 sic
391 3733 646 3800 intelligo
680 3732 810 3784 mihi
841 3728 1123 3781 multorum
1151 3729 1407 3783 ctelorum
1428 3732 1587 3790 multa
1621 3749 1836 3788 conver.

274 3825 568 3878 sationum
610 3820 758 3873 initia
782 3831 902 3871 esse
933 3825 988 3870 et
1033 3816 1306 3881 terminos,
1342 3820 1394 3872 id
1445 3829 1524 3874 est
1556 3824 1838 3888 perfectio-

281 3933 410 3982 nes,
446 3929 481 3967 a
516 3911 720 3981 quibus
748 3909 912 3962 initiis
939 3918 991 3960 et
1032 3908 1274 3961 terminis
1314 3909 1646 3964 diversorum
1682 3914 1838 3966 ccelo-

281 4020 410 4060 rum
461 4007 762 4069 congregat
802 3997 940 4051 Deus
983 4010 1108 4051 suos
1151 3997 1372 4053 electos.
1416 4018 1434 4049 ι
1471 3999 1610 4052 Idem
1642 3999 1777 4054 libro
1820 4017 1835 4054 I

280 4097 363 4149 De
399 4091 666 4161 princip.,
691 4104 808 4156 cap.
840 4087 892 4152 6,
923 4087 1074 4140 docet
1115 4088 1181 4141 ad
1229 4103 1387 4141 unum
1419 4087 1575 4141 ﬁnem
1609 4090 1836 4144 reditura

280 4184 508 4244 omnia,
542 4175 989 4247 quemadmodum
1015 4176 1195 4230 eadem
1224 4177 1369 4229 initia
1392 4177 1834 4240 habuerunt,tum

282 4271 516 4328 scilicet.
550 4280 673 4319 cum
718 4263 996 4330 imperium
1025 4264 1252 4317 tenuerit
1279 4265 1544 4330 Christus,
1584 4276 1639 4319 et
1663 4266 1842 4335 prolli-

285 4361 436 4431 gatis
494 4353 752 4415 inimicis,
812 4353 1014 4421 sibique
1058 4353 1332 4422 subjectis,
1390 4369 1452 4409 ac
1510 4356 1620 4422 ipsa
1678 4357 1837 4409 etiam

1934 3211 2090 3263 porea
2118 3196 2225 3249 vita
2257 3197 2456 3264 agenda
2489 3197 2578 3259 sit,
2613 3211 2730 3249 cum
2753 3195 2968 3249 Christo
3008 3197 3245 3265 subjecta
3275 3197 3453 3251 omnia

1934 3286 2162 3350 fuerint;
2202 3285 2281 3338 vel
2315 3285 2530 3339 alteram
2575 3287 2710 3339 hanc
2741 3301 2857 3352 qua:
2882 3301 3185 3353 corpoream
3215 3289 3454 3340 substan-

1935 3372 2060 3424 tiam
2092 3372 2390 3439 purissimis
2422 3373 2699 3442 spiritibus
2736 3389 2833 3442 pro
2861 3374 3065 3426 meritis
3115 3376 3415 3429 sociandam
3437 3413 3452 3437 ,

1933 3471 1987 3515 et
2039 3461 2106 3514 in
2135 3463 2420 3516 aethereum
2463 3472 2657 3517 statum
2704 3464 3159 3518 transmutandam
3185 3465 3454 3526 decernit;

1935 3560 2024 3604 aut
2053 3553 2258 3605 tertiam
2311 3553 2554 3620 denique,
2586 3567 2704 3622 quae
2745 3554 3037 3607 desiturum
3071 3554 3249 3606 mundi
3303 3553 3456 3618 hujus

1936 3639 2173 3694 habitum
2215 3640 2427 3704 deﬁnit,
2455 3651 2509 3696 et
2541 3657 2694 3710 supra
2729 3644 2987 3711 sphaeram
3016 3641 3223 3712 ἀπλανῆ
3258 3643 3309 3695 in
3344 3652 3458 3694 luto

1935 3730 2294 3786 collocandam
2316 3733 2522 3800 piorum
2557 3733 2860 3796 stationem,
2894 3743 3002 3786 tum
3032 3734 3122 3801 qui
3149 3733 3457 3800 castigatio-

1936 3821 2088 3873 nibus
2111 3820 2300 3874 delicta
2323 3821 2626 3888 expiarunt,
2663 3830 2770 3873 tum
2804 3824 2893 3889 qui
2920 3822 3200 3874 virtutibus
3233 3835 3296 3873 eo
3339 3835 3458 3888 per-

1935 3908 2115 3960 venire
2148 3917 2476 3971 meruerunt,
2504 3911 2754 3977 proponit
2783 3911 3086 3977 unicuique,
3120 3917 3178 3961 ut
3208 3923 3324 3974 qua:
3345 3907 3460 3958 ani-

1937 4009 2022 4046 mo
2050 4009 2148 4047 suo
2187 3994 2484 4048 collibuerit
2514 3996 2681 4063 magis
2702 4034 2716 4059 ,
2742 4011 2858 4049 eam
2882 4011 2978 4063 pro
3007 3995 3230 4047 arbitrio
3257 3993 3457 4058 ample-

1937 4094 2130 4138 ctatur.
2161 4085 2347 4151 Capite
2375 4087 2432 4141 ll
2461 4086 2578 4139 libri
2601 4086 2857 4152 ejusdem,
2903 4103 3045 4141 num.
3083 4088 3135 4151 6,
3174 4098 3362 4155 putare
3400 4103 3460 4143 se

1939 4177 2240 4243 pronuntiat
2264 4177 2548 4243 migrantes
2584 4191 2648 4229 ex
2689 4179 2786 4230 hac
2819 4179 2924 4229 vita
2955 4179 3160 4231 animas
3193 4180 3244 4230 in
3285 4179 3458 4231 locum

1937 4265 2162 4334 aliquem
2185 4267 2236 4319 in
2272 4275 2409 4319 terra
2439 4267 2658 4334 positum
2685 4268 2950 4330 secedere,
2976 4282 3129 4336 quem
3156 4269 3458 4335 paradisum

1943 4355 2213 4423 Scriptura
2244 4356 2512 4424 appellat,
2554 4357 2731 4424 ibique
2762 4359 2840 4410 sic
2871 4366 3120 4424 tanquam
3169 4358 3220 4410 in
3254 4359 3456 4421 schola,

289 4457 502 4510 morte,
547 4458 770 4514 regnum
819 4441 962 4495 Patri
1021 4445 1315 4498 tradiderit.
1365 4444 1605 4499 Ostendit
1652 4446 1837 4500 deinde
1869 4455 1910 4509 ι)
1941 4460 2118 4499 rerum
2145 4459 2279 4514 quas
2307 4447 2359 4498 in
2395 4445 2550 4499 terris
2595 4446 2854 4512 viderant,
2886 4462 2948 4500 ac
2976 4447 3270 4500 futurorum
3299 4447 3461 4501 etiam

284 4541 408 4596 suis
434 4535 724 4592 ordinibus
749 4531 989 4599 delapsas
1019 4533 1270 4600 quasdam
1299 4534 1580 4588 rationales
1604 4545 1839 4599 naturas,

286 4627 421 4682 aliis
445 4624 623 4677 fuisse
652 4620 717 4672 ad
751 4619 1034 4687 regendum
1077 4621 1296 4674 traditas
1339 4636 1456 4688 quae
1486 4622 1655 4676 locum
1688 4637 1839 4675 suum

290 4716 651 4774 tenuissent,
703 4723 1000 4776 earumque.
1014 4710 1311 4764 salubribus
1339 4713 1627 4778 disciplinis
1674 4713 1840 4767 refor-

295 4815 480 4859 matas
531 4799 786 4852 amissam
835 4797 1217 4851 beatitudinem
1269 4812 1582 4866 recuperare
1629 4814 1784 4867 posse
1823 4818 1838 4855 ε

301 4915 321 4946 ι
360 4895 445 4948 Ex
505 4889 738 4958 quibus,
785 4905 804 4938 ι
850 4886 1023 4953 inquit
1051 4902 1195 4938 nunt.
1229 4887 1281 4950 2,
1315 4906 1332 4936 ι
1376 4889 1642 4951 existimo,
1689 4901 1844 4958 prout

293 5000 402 5053 ego
424 4979 642 5036 sentire
674 4990 886 5045 possum
916 5013 931 5037 ,
963 4976 1102 5028 hunc
1127 4977 1363 5030 ordinem
1392 4977 1604 5030 humani
1635 4981 1844 5045 generis

294 5075 642 5130 institutum,
667 5068 758 5136 qui
783 5068 964 5134 utique
1010 5069 1060 5119 in
1094 5066 1270 5120 futuro
1300 5067 1516 5132 sreculo,
1543 5067 1622 5120 vel
1656 5085 1845 5137 snper-

295 5161 657 5220 venientibus
707 5158 938 5221 saeculis,
992 5174 1111 5212 cum
1161 5160 1350 5213 cmlum
1386 5173 1576 5210 novum
1606 5168 1660 5212 et
1703 5170 1839 5215 terra

297 5268 446 5309 nova
504 5247 796 5304 secundum
850 5249 1035 5302 Isaiam
1067 5249 1206 5312 erit,
1259 5248 1566 5302 restituetur
1593 5248 1646 5300 in
1701 5249 1843 5305 illam

301 5343 614 5400 unitatem,
643 5353 800 5405 quam
833 5338 1092 5406 promittit
1126 5338 1374 5390 Dominus
1405 5335 1580 5389 Jesus.
1621 5356 1639 5389 ι
1678 5339 1848 5403 Quas-

302 5436 432 5487 dam
476 5435 734 5495 przeterea
768 5426 819 5478 in
851 5436 1044 5479 tantam
1081 5426 1155 5478 ait
1202 5425 1476 5479 devenisse
1520 5427 1846 5496 nequitiam,

305 5532 368 5575 ut
416 5521 683 5573 virtutum
733 5517 1025 5570 ccelestium
1078 5517 1418 5569 eruditionem
1480 5516 1692 5581 penitus
1752 5535 1842 5574 re-

306 5616 542 5678 spuant,
594 5604 765 5672 iisque
794 5613 1110 5671 repugnent;
1159 5614 1310 5670 atque
1345 5601 1464 5654 illas
1486 5603 1551 5655 ab
1581 5608 1847 5672 apostolis

310 5705 554 5754 virtutes
585 5693 875 5749 contrarias
913 5693 1192 5762 appellari,
1225 5691 1356 5747 unde
1386 5692 1686 5749 mortalium
1721 5697 1848 5754 vitae

1939 4551 2130 4590 causas
2178 4537 2509 4590 condiscere.
2538 4536 2652 4599 Quo
2692 4538 2935 4590 mundior
2969 4549 3166 4600 autem,
3189 4547 3241 4590 et
3267 4539 3462 4591 exerci-

1950 4626 2108 4679 tatior
2129 4625 2304 4693 aliqua
2353 4625 2531 4690 luerit,
2558 4641 2622 4679 eo
2668 4627 2833 4694 magis
2876 4626 3257 4694 proﬁcientem,
3305 4629 3460 4682 citius

1941 4713 1992 4765 iu
2019 4726 2192 4766 aerem
2226 4727 2651 4776 conscensuram,
2683 4713 2807 4766 hinc
2828 4715 2894 4766 ad
2925 4715 3161 4782 sphaeras
3197 4716 3458 4778 ccelestes,

1943 4805 1994 4856 iu
2018 4802 2209 4869 quibus
2237 4802 2386 4855 novis
2409 4801 2724 4856 eruditionis
2755 4804 3149 4858 accessionibus
3177 4804 3461 4872 locupleta-

1942 4890 2102 4942 bitur.
2150 4889 2344 4942 Eadem
2384 4890 2642 4942 habentur
2676 4891 2766 4944 lib.
2797 4908 2853 4946 ιιι
2893 4893 3030 4959 Περὶ
3079 4893 3296 4959 ἀρχῶν,
3335 4907 3453 4960 cap.

1941 4978 1994 5041 6,
2049 4993 2196 5030 num.
2224 4979 2276 5040 6,
2309 4978 2566 5045 docetque
2605 4995 2697 5047 per
2729 4982 2980 5034 immensa
3016 4997 3272 5034 annorum
3297 4982 3462 5033 curri-

1943 5067 2058 5120 cula
2095 5068 2302 5121 animas
2325 5069 2435 5121 suis
2460 5069 2510 5120 in
2544 5069 2674 5124 locis
2698 5071 2990 5134 emendari,
3016 5069 3456 5137 praecurrentibus

1943 5162 2083 5224 aliis,
2107 5170 2160 5215 et
2189 5162 2350 5215 citato
2373 5177 2532 5216 cursu
2581 5163 2646 5216 ad
2668 5179 2872 5217 summa
2901 5163 3240 5220 enitentibus,
3287 5159 3464 5210 subse-

1944 5250 2224 5318 quentibus
2267 5253 2506 5319 proxime
2530 5253 2669 5316 aliis,
2722 5253 2990 5305 nonnullis
3020 5249 3254 5308 tardius;
3291 5255 3346 5296 et
3388 5246 3466 5296 sic

1943 5357 2036 5408 per
2058 5341 2292 5395 diversos
2314 5343 2526 5396 ordines
2549 5345 2830 5411 prolicere,
2863 5356 2927 5394 ac
2976 5341 3078 5390 Deo
3107 5333 3472 5395 reconciliari.

1942 5431 2108 5484 donec
2137 5431 2435 5486 destruatur
2462 5441 2756 5500 postremus
2774 5430 3037 5484 inimicus,
3065 5435 3208 5472 mors
3234 5420 3476 5488 scilicet;

1949 5535 2010 5574 ac
2039 5520 2292 5575 restitutis
2330 5525 2540 5576 tandem
2569 5523 2618 5575 in
2662 5524 2801 5576 hunc
2839 5524 3034 5569 statum
3071 5507 3295 5567 animis.
3333 5519 3489 5560 natu-

1952 5625 2062 5663 ram
2095 5609 2421 5677 corporalem
2456 5613 2519 5664 ad
2550 5610 2769 5678 gloriam
2800 5599 3110 5670 perductum
3151 5589 3259 5678 iri;
3288 5596 3499 5645 omnia-

1957 5711 2056 5768 que
2083 5676 2240 5754 unutn
2265 5697 2460 5768 futura,
2487 5676 2605 5755 cuin
2638 5696 2775 5750 Deus
2825 5684 2990 5740 fuerit
3032 5677 3213 5751 φί¹¹¹¹ί³
3249 5676 3311 5729 ί¹¹
3343 5681 3510 5732 θιιιιιῖ·
