3920 6462
456 334 591 388 1915

1710 342 1763 395 P.
1805 342 2109 398 DANIELIS
2147 312 2379 400 num!

3611 341 3747 396 10ιῦ

451 451 571 507 bus.
622 452 730 504 Sub
777 453 929 504 tinem
962 454 1146 520 capitis
1195 453 1425 518 ejusdem
1476 473 1617 511 num.
1666 461 1698 515 8
1737 462 1999 530 idipsuml

2202 464 2394 517 latitia:
2448 478 2655 517 eorum
2695 461 3008 530 particeps
3054 458 3219 512 fiam.
3250 457 3452 527 Neque
3478 462 3629 513 enim
3658 466 3750 514 de-

451 541 697 601 iuculcat,
737 539 979 606 additque
1007 543 1057 593 in
1088 542 1183 594 alia
1214 552 1351 597 terra
1382 558 1589 601 sanctos
1610 564 1728 603 esse
1763 552 1961 619 angeli-

447 631 527 681 cis
559 628 973 682 institutionibus
1019 630 1398 688 informandos.
1452 638 1518 689 At
1565 638 1777 693 homilia
1814 642 1870 695 ll
1909 642 1963 694 iu

449 714 633 778 Nam,
664 731 807 769 num.
839 718 892 782 4,
921 720 985 770 ad
1009 722 1280 786 superiora
1312 726 1490 792 adjicit
1523 729 1735 797 angelos
1786 731 1851 783 iis
1881 745 1965 784 re-

444 800 625 867 gendis
650 802 698 853 in
724 802 899 857 futuro
926 807 1118 860 saeculo
1154 808 1269 864 fore
1296 813 1590 882 prmfectos,
1624 833 1755 884 quos
1784 813 1963 874 labore

436 896 539 943 ‘suo
568 903 629 941 ac
668 892 958 947 ministerio
1007 908 1037 948 e
1079 897 1302 954 diversis
1333 904 1574 970 gentibus
1619 919 1963 976 congregatos

439 978 506 1031 ad
554 978 750 1032 Christi
804 983 1043 1037 notitiam
1088 987 1434 1058 adduxerim;
1470 993 1599 1048 adeo
1636 1004 1693 1048 ut
1724 998 1963 1051 Christus

441 1079 542 1118 non
579 1074 682 1119 tam
735 1084 827 1123 rex
872 1070 1080 1128 futurus
1132 1077 1223 1143 sit,
1273 1094 1428 1148 quam
1474 1098 1493 1131 t
1537 1082 1647 1137 Rex
1683 1100 1883 1154 regum,
1907 1096 1960 1139 ct

438 1154 690 1211 Dominus
711 1159 1087 1216 dominantium
1120 1165 1183 1231 ³⁸,
1217 1187 1235 1219 ι
1270 1178 1319 1222 et
1351 1172 1626 1227 nonnullos
1658 1173 1727 1225 ab
1758 1174 1961 1240 angelis

434 1244 646 1298 Christo
672 1246 875 1314 oll‘erri,
902 1251 1109 1320 aliquos
1138 1271 1266 1311 vero
1297 1260 1631 1330 arcbangelis
1680 1265 1955 1318 duntaxat.

434 1328 670 1399 Denique
720 1334 799 1389 sic
846 1340 1110 1394 concludit
1150 1360 1296 1401 num.
1330 1347 1363 1400 5
1395 1365 1408 1401 :
1436 1366 1458 1413 ν(
1500 1328 1647 1403 Sicut
1689 1366 1753 1405 ex
1804 1352 1959 1407 initio

433 1419 609 1472 saeculi
660 1420 836 1490 hujus,
883 1440 1002 1481 cum
1034 1431 1360 1501 dispergeret
1408 1438 1550 1492 Deus
1584 1440 1719 1495 ﬁlios
1766 1443 1956 1507 Adam,

430 1506 614 1559 statuit
654 1508 783 1564 fines
811 1516 1040 1580 gentium
1093 1524 1377 1578 secundum
1419 1542 1696 1584 numerum
1736 1533 1956 1601 angelo-

430 1608 546 1648 rum
577 1596 702 1663 Dei,
731 1611 781 1654 et
818 1617 1146 1676 unaquaeque
1175 1625 1303 1678 gens
1355 1617 1451 1669 sub
1486 1617 1572 1673 illo
1600 1621 1787 1691 angelo
1812 1596 1955 1678 facta

429 1694 509 1737 cst
530 1722 546 1748 ,
578 1701 676 1740 una
709 1699 884 1745 autem
912 1693 1011 1749 fuit
1037 1707 1089 1752 et
1114 1700 1279 1756 electa
1303 1719 1432 1773 gens
1456 1706 1639 1772 Israel,
1678 1726 1794 1779 quae
1829 1728 1954 1780 por-

2061 552 2313 606 cedentes
2355 553 2486 607 hinc
2541 553 2737 606 sancti
2779 550 3076 605 continuo
3134 549 3365 617 integra
3420 549 3749 606 meritorum

2062 654 2273 693 suorum
2294 642 2523 709 prtemia
2557 651 3042 709 consequuntur,
3074 638 3181 691 sed
3215 647 3567 705 exspectant
3591 644 3749 695 etiam

2060 742 2189 792 nos,
2225 728 2353 782 licet
2383 741 2728 796 morantes,
2774 730 2917 782 licet
2967 729 3234 783 desides.
3276 726 3411 781 Non
3464 729 3620 781 enim
3674 743 3753 787 est

2061 813 2163 866 illis
2206 814 2454 882 perfecta
2497 816 2699 869 laetitia
2732 855 2751 882 ,
2804 816 3004 869 donec
3051 831 3163 883 pro
3204 815 3524 871 erroribus
3559 822 3754 874 nostris

2062 903 2263 968 dolent,
2311 916 2368 960 et
2418 908 2620 975 lugent
2680 918 2885 962 nostra
2925 917 3214 975 peccata.
3262 927 3286 960 ι
3325 908 3443 963 Cui
3478 911 3755 976 probando

2060 994 2230 1047 utitur
2260 995 2369 1049 hoc
2420 998 2680 1065 Apostoli
2715 997 2895 1052 llebr.
2941 1014 3036 1063 xl,
3078 998 3181 1063 59,
3211 998 3293 1053 40
3325 1017 3343 1053 :
3385 1018 3407 1051 ‹
3458 999 3527 1053 Hi
3573 1019 3755 1058 omnes

2063 1082 2376 1143 testimonio
2409 1084 2540 1138 fidei
2572 1086 2825 1153 probati,
2867 1102 2994 1140 non
3035 1098 3427 1155 acceperunt
3458 1095 3755 1159 repromis-

2063 1172 2271 1225 sionem
2300 1192 2313 1227 :
2349 1174 2464 1228 Deo
2500 1190 2605 1244 pro
2640 1177 2807 1232 nobis
2850 1176 3078 1231 melius
3112 1178 3355 1247 aliquid
3406 1184 3755 1250 providente,

2060 1271 2120 1313 ut
2160 1276 2267 1316 non
2304 1264 2426 1317 sine
2463 1265 2629 1319 nobis
2663 1278 3277 1322 consummarentur.
3319 1287 3344 1321 ι
3407 1271 3587 1325 Addit
3615 1285 3754 1339 post-

2059 1353 2276 1405 modum
2312 1363 2540 1409 sanctos
2576 1357 2895 1423 perfectam
2948 1358 3296 1413 nobiscum
3352 1360 3415 1413 in
3450 1363 3549 1417 die
3575 1364 3754 1431 judicii

2060 1461 2167 1499 una
2196 1448 2598 1505 beatitudinem
2625 1463 2940 1522 capturos,
2997 1463 3342 1521 propterea
3387 1458 3549 1523 quod
3596 1468 3754 1513 totum

2058 1537 2217 1590 simul
2257 1554 2458 1607 corpus
2493 1544 2889 1598 suscitandum
2951 1546 3082 1610 sit,
3148 1546 3447 1602 homines
3505 1550 3751 1606 nimirum

2058 1628 2295 1683 universi
2332 1649 2345 1684 :
2388 1634 2536 1700 quod
2567 1647 2777 1702 corpus
2800 1649 2954 1689 cum
3024 1635 3253 1690 multis
3304 1648 3548 1692 constet
3598 1656 3754 1693 mem-

2057 1716 2193 1780 bris,
2224 1719 2456 1788 singulis
2485 1723 2750 1778 videlicet
2785 1726 3187 1791 hominibus,
3236 1726 3518 1781 futurum
3553 1732 3752 1787 scilicet

431 1776 502 1829 tio
530 1776 735 1833 Domini
763 1782 877 1848 fuit,
899 1798 951 1841 et
981 1788 1244 1848 funiculus
1267 1796 1592 1856 hmreditatis
1625 1774 1736 1869 ejus
1765 1807 1843 1871 ³⁹;
1876 1809 1948 1863 ita
1986 1774 2028 1827 Β
2066 1815 2317 1861 truncum
2359 1825 2563 1880 corpus
2590 1824 2645 1867 el
2684 1814 3176 1883 ἰωρετΐεοιυηιο.
3224 1818 3279 1871 Si
3331 1832 3452 1886 (ιιιει
3498 1821 3584 1873 sui
3616 1834 3754 1887 Ρθηε

431 1866 578 1887 μμ.-
620 1878 660 1887 -.
696 1872 709 1884 ο
774 1873 801 1887 η
902 1878 914 1887 -
974 1877 986 1887 -
1239 1886 1267 1887 ρ

426 1866 583 1920 credo
612 1878 665 1921 et
695 1872 744 1924 in
772 1873 874 1930 fine
900 1877 1053 1946 hujus
1090 1886 1294 1951 mundi,
1326 1897 1483 1956 atque
1520 1894 1571 1944 in
1603 1866 1749 1949 initio
1769 1900 1946 1953 saeculi

426 1955 664 2023 alterius,
699 1962 931 2019 futurum
972 1980 1030 2023 ut
1069 1972 1258 2029 iterum
1312 1955 1509 2034 dividat
1536 1981 1787 2039 Excelsns
1815 1988 1947 2044 filios

422 2047 612 2113 Adam,
636 2059 689 2103 et
724 2054 811 2120 qui
843 2071 946 2109 non
976 2064 1247 2127 potuerint
1291 2065 1361 2118 ita
1407 2072 1584 2127 mundi
1624 2088 1739 2127 esse
1766 2077 1942 2143 corde,

423 2146 481 2187 ut
512 2137 678 2204 ipsum
708 2142 921 2198 videant
961 2147 1265 2216 Dominum,
1289 2164 1344 2207 et
1378 2170 1498 2211 esse
1520 2161 1691 2227 portio
1717 2161 1942 2231 Domini,

421 2226 636 2281 videant
671 2241 884 2287 sanctos
932 2238 1170 2302 angelos,
1206 2250 1258 2294 et
1298 2244 1405 2296 sint
1437 2226 1725 2303 secundum
1757 2268 1942 2308 nume-

421 2328 536 2370 rum
564 2319 864 2386 angelorum
890 2325 1002 2380 Dei.
1034 2327 1135 2381 Sed
1166 2331 1350 2386 beatus
1374 2346 1456 2388 est
1501 2338 1591 2404 qui
1616 2338 1805 2409 dignus
1828 2342 1945 2397 fue-

418 2410 489 2461 rit
528 2408 579 2462 in
609 2410 695 2462 illa
726 2411 831 2464 vita
862 2428 980 2468 esse
1007 2418 1181 2484 portio
1208 2419 1435 2483 Domini,
1469 2431 1524 2476 et
1576 2408 1797 2494 populus
1824 2428 1942 2498 ejus

417 2496 583 2553 Iacob
606 2537 622 2563 ,
666 2515 730 2555 ac
763 2500 1027 2559 funiculus
1059 2508 1381 2564 hereditatis
1408 2527 1517 2566 sua:
1543 2514 1721 2570 Israel.
1758 2534 1778 2568 ›
1806 2496 1941 2573 Ger-

415 2601 628 2640 manum
665 2587 851 2641 horum
881 2599 961 2645 est
988 2595 1126 2661 quod
1164 2595 1356 2664 legitur
1386 2600 1528 2652 hom.
1570 2601 1635 2654 21
1671 2605 1724 2657 in
1751 2603 1937 2671 Num.,

415 2693 564 2732 nmn.
599 2679 650 2743 l,
687 2680 774 2734 ubi
806 2682 946 2738 aliud
974 2686 1243 2742 beatitatis
1288 2703 1453 2757 genus
1480 2693 1545 2748 iis
1568 2696 1825 2766 assignat,
1849 2698 1939 2766 qui

415 2766 591 2819 civina
640 2766 929 2824 ministeria
976 2772 1030 2827 in
1076 2775 1211 2831 vivis
1263 2777 1521 2846 obierint;
1569 2783 1710 2838 aliud
1750 2787 1814 2841 iis
1844 2791 1938 2857 qui

412 2859 659 2913 virtutem
698 2866 911 2931 segnius
953 2866 1283 2922 excoluerint
1315 2890 1326 2923 :
1358 2870 1475 2925 illos
1525 2876 1722 2945 quippe
1752 2882 1940 2937 scribit

413 2953 719 3019 supergredi
747 2969 952 3009 summa
981 2958 1101 3012 οωιί
1138 2957 1346 3027 fastigia
1370 2997 1386 3024 ,
1422 2970 1475 3014 et
1525 2962 1591 3017 ibi
1626 2980 1838 3037 semper
1882 2972 1934 3025 in

413 3036 658 3109 Domino,
683 3058 891 3115 semper
924 3048 975 3101 in
1000 3047 1171 3102 Verbo
1194 3050 1307 3118 ejus
1332 3065 1393 3107 ac
1424 3052 1689 3119 Sapientia
1719 3036 1937 3116 versan-

410 3136 491 3182 tes
540 3134 764 3188 summis
794 3134 996 3191 deliciis
1020 3136 1161 3203 frui;
1219 3141 1316 3193 hos
1359 3155 1483 3194 vero
1513 3150 1668 3199 terra:
1716 3150 1938 3220 alicujus

410 3218 734 3278 sublimioris
765 3235 818 3279 et
856 3228 1191 3295 potentioris,
1225 3240 1377 3286 terra:
1423 3252 1609 3306 nempe
1643 3218 1935 3298 viventium

409 3306 771 3366 hacreditatem
798 3324 1067 3384 capturos.
1102 3319 1298 3374 Scribit
1324 3334 1579 3388 prmterea
1605 3325 1795 3384 homil.
1822 3333 1857 3387 5
1882 3335 1937 3388 in

406 3394 560 3462 Lua,
593 3399 647 3451 in
694 3400 870 3458 futura
915 3406 1021 3459 vita
1055 3423 1156 3463 non
1193 3425 1377 3466 omnes
1409 3415 1588 3469 statim
1621 3427 1779 3486 atque
1813 3436 1936 3477 cor-

406 3497 538 3551 pore
574 3488 829 3556 exierint,
863 3494 1027 3550 Deum
1083 3502 1368 3568 angelosve
1410 3504 1619 3559 visuros
1644 3547 1660 3570 ,
1712 3511 1807 3566 sed
1843 3529 1936 3571 eos

412 3582 615 3628 tantum
642 3579 733 3645 qui
773 3584 1025 3638 munditie
1063 3587 1237 3642 cordis
1267 3590 1451 3659 dignos
1482 3608 1541 3647 se
1587 3595 1679 3650 Dei
1714 3614 1933 3669 aspectu

410 3663 780 3733 praebuerint;
817 3674 1058 3737 quamvis
1095 3685 1271 3729 autem
1320 3678 1372 3730 in
1407 3682 1591 3736 eodem
1624 3683 1739 3740 loco
1769 3663 1931 3745 futuri

406 3751 515 3805 sint
546 3761 601 3807 et
629 3757 717 3823 qui
741 3772 873 3825 puro
900 3763 1058 3817 corde
1078 3776 1255 3831 erunt,
1279 3775 1333 3822 et
1358 3771 1446 3838 qui
1476 3773 1721 3830 sordibus
1756 3778 1932 3833 fmda-

404 3840 467 3905 ti,
494 3841 761 3910 disparem
797 3856 967 3905 tamen
996 3862 1344 3926 utrorumque
1370 3860 1601 3917 futuram
1628 3874 1844 3934 sortem,
1875 3880 1931 3923 et

402 3931 520 3986 illos
549 3932 639 3989 Dei
667 3936 857 3993 intuitu
879 3939 1153 4008 fruituros,
1178 3962 1283 4014 quo
1309 3950 1359 4003 hi
1390 3952 1662 4010 carebunt.
1698 3931 1927 4014 llomilia

400 4021 470 4075 l7
488 4036 742 4092 sequente
769 4044 1039 4087 asseverat
1072 4036 1138 4089 ab
1167 4036 1406 4095 Ecclesia
1439 4042 1641 4099 ctelesti
1665 4045 1924 4112 deiectum

399 4109 465 4164 iri
497 4114 755 4180 digamos,
785 4123 1224 4186 quemadmodum
1261 4128 1314 4181 in
1349 4139 1485 4185 terra
1518 4132 1585 4187 ab
1603 4136 1927 4193 ecclesiasti-

394 4569 516 4610 men
568 4556 813 4626 Domini,
869 4576 923 4621 et
972 4571 1060 4638 qui
1111 4556 1645 4646 salvanturiquidem
1704 4581 1757 4635 in
1819 4599 1918 4638 no-

396 4644 536 4698 mine
582 4643 707 4700 Jesu
749 4650 981 4723 Christi,
1014 4674 1343 4731 nequaquam
1375 4675 1552 4722 tamen
1586 4684 1921 4730 coronantur

391 4735 459 4790 ab
486 4750 571 4790 eo.
598 4754 619 4790 ι

459 4825 538 4878 Ad
568 4836 891 4894 postremum
940 4839 1190 4903 quoniam
1222 4845 1286 4898 ad
1332 4860 1592 4903 summam
1632 4850 1915 4917 perfectio-

389 4929 510 4968 nem
545 4931 629 4970 res
657 4928 849 4973 creatze
881 4926 1107 4981 nondum
1132 4931 1371 4988 adducta:
1393 4948 1536 5003 sunt,
1574 4939 1774 4996 idcirco
1791 4958 1917 4997 non-

386 5003 510 5057 dum
541 5005 725 5059 beatos
746 5006 953 5073 plenam
982 5018 1247 5084 recepisse
1294 5020 1548 5092 laetitiam,
1576 5043 1674 5083 nec
1707 5045 1914 5088 summo

384 5093 579 5160 gaudio
611 5095 712 5149 frui
743 5095 1043 5165 allirmavit,
1071 5120 1137 5158 ne
1180 5108 1323 5174 ipsos
1347 5115 1558 5179 quidem
1605 5123 1911 5190 prophetas,

383 5181 467 5234 vel
491 5186 797 5253 apostolos,
822 5187 930 5243 imo
955 5206 1018 5243 uo
1044 5193 1215 5258 ipsum
1244 5201 1455 5267 quidem
1481 5181 1771 5265 Christum.
1792 5181 1914 5266 Ver;

382 5267 447 5321 ba
479 5272 644 5341 ipsius
689 5276 800 5333 haec
848 5287 971 5333 sunt
1019 5281 1198 5339 homil.
1271 5288 1301 5339 7
1366 5293 1420 5342 in
1462 5293 1645 5361 Levit.,
1680 5315 1824 5355 num.
1856 5303 1911 5367 2,

385 5359 557 5427 p.222
585 5378 601 5415 :
633 5383 651 5416 ι
694 5365 936 5422 Nondum
964 5371 1104 5424 enim
1132 5387 1437 5441 receperunt
1469 5359 1706 5441 laetitiam
1737 5359 1909 5455 suam,

386 5457 452 5498 ne
483 5452 704 5516 apostoli
752 5457 962 5525 quidem
989 5499 1004 5527 ,
1054 5460 1147 5515 sed
1182 5472 1237 5517 et
1267 5464 1364 5532 ipsi
1407 5481 1717 5540 exspectant
1768 5489 1823 5534 ut
1856 5452 1910 5535 et

453 5620 494 5651 ³⁸
526 5625 685 5695 Apoc.
711 5646 820 5702 xix,
854 5637 935 5693 l6.
1014 5639 1058 5672 3°
1089 5639 1234 5696 Deut.
1265 5654 1433 5711 uxr,
1467 5644 1516 5713 8,
1550 5652 1597 5703 9.

2054 1905 2281 1961 careat,
2337 1915 2439 1955 nec
2472 1903 2716 1970 perfecta
2774 1905 3046 1973 proinde
3100 1922 3182 1962 ac
3245 1908 3433 1977 plena
3469 1910 3750 1968 fruiturum

2054 1985 2267 2053 laetitia,
2297 1994 2476 2057 quoad
2501 1992 2891 2063 integritatem
2930 2010 3120 2049 suam
3164 2001 3509 2066 receperit.
3539 2002 3609 2056 Et
3628 2015 3755 2073 post-

2057 2092 2119 2130 ea
2152 2095 2165 2130 :
2198 2096 2217 2129 ι
2257 2081 2409 2146 Quod
2450 2083 2495 2136 si
2537 2084 2658 2149 tibi,
2706 2086 2803 2153 qui
2853 2088 3230 2142 membrum
3265 2103 3363 2155 es,
3412 2107 3529 2146 non
3553 2095 3752 2152 videtur

2052 2179 2173 2220 esse
2208 2166 2449 2233 perlecta
2500 2170 2735 2238 laetitia,
2792 2176 2844 2229 si
2894 2175 3068 2231 desit
3133 2178 3316 2234 aliud
3377 2184 3690 2241 membrum
3732 2205 3748 2242 :

2054 2266 2254 2323 quanto
2296 2260 2468 2326 magis
2495 2262 2769 2319 Dominus
2798 2273 2863 2319 et
2902 2266 3224 2324 Salvator
3264 2284 3506 2340 noster,
3546 2278 3640 2346 qui
3673 2294 3753 2333 ca-

2052 2354 2145 2412 put
2191 2358 2248 2401 et
2290 2360 2486 2405 auctor
2532 2361 2620 2405 est
2662 2355 2841 2410 totius
2893 2361 3243 2429 corporis,
3284 2378 3412 2419 non
3446 2367 3555 2421 sibi
3588 2369 3752 2435 perfe-

2048 2445 2191 2488 ctam
2227 2436 2359 2490 dicit
2396 2454 2519 2494 esse
2567 2441 2826 2497 laetitiam
2855 2484 2873 2508 ,
2909 2447 3123 2504 donec
3185 2451 3433 2522 aliquid
3478 2470 3549 2510 ex
3593 2473 3751 2513 mem-

2048 2523 2161 2577 bris
2185 2526 2375 2582 deesse
2402 2531 2623 2598 corpori
2657 2546 2763 2587 suo
2805 2535 2980 2589 videt
3016 2539 3046 2590 ?
3092 2558 3117 2591 ι
3149 2539 3508 2601 Laboranti
3538 2547 3749 2618 Origeai

2045 2628 2364 2672 succurrere
2390 2632 2626 2675 conatur
2660 2622 3110 2683 Genebrardus
3157 2632 3226 2685 in
3267 2634 3522 2690 Collect.
3553 2653 3673 2709 cap.
3699 2641 3745 2703 6.

2045 2712 2100 2756 et
2129 2707 2243 2760 haec
2283 2709 2515 2764 scribit:
2552 2729 2573 2762 α
2619 2715 2798 2783 Atqui
2858 2717 2919 2771 id
2975 2722 3060 2775 de
3098 2723 3363 2795 integra
3414 2739 3479 2783 et
3513 2707 3745 2787 absoluta

2043 2792 2393 2850 beatitudinis
2425 2805 2935 2862 consummatione
2956 2848 2976 2874 ,
3020 2825 3226 2879 quam
3254 2792 3542 2876 nondum
3585 2826 3746 2880 sancti

2043 2886 2095 2939 iu
2129 2887 2451 2954 corporibus
2477 2904 2862 2962 receperunt,
2921 2910 3141 2967 potest
3187 2908 3525 2977 explicari.
3570 2934 3591 2967 ι
3620 2916 3747 2982 Quid

2035 2976 2188 3045 juvat
2215 2990 2395 3034 autem
2430 2985 2714 3038 recusanti
2750 3001 2928 3055 opem
2973 2990 3154 3048 ferre
3180 3038 3204 3063 ,
3245 2976 3393 3054 cum
3426 3003 3541 3060 hac
3576 3008 3747 3062 neuti-

1965 3098 2004 3157 c
2039 3080 2199 3135 quam
2244 3069 2310 3122 de
2336 3079 2542 3136 causa,
2595 3088 2765 3143 quam
2798 3092 3289 3143 commemorat.
3320 3091 3741 3168 Genebrardus,

2039 3164 2254 3210 sanctos
2303 3159 2585 3214 existimet
2639 3165 2900 3220 noridum
2967 3174 3273 3238 perfecta
3334 3179 3459 3236 frui
3514 3159 3743 3245 laetitia;

2042 3262 2061 3294 ι
2094 3245 2211 3299 Non
2241 3249 2384 3301 enim
2416 3260 2502 3302 est
2528 3250 2664 3318 illis,
2700 3254 2783 3308 ait
2817 3255 2979 3324 ipse,
3017 3264 3332 3331 perfecta
3370 3271 3613 3342 latitia,
3659 3281 3747 3334 do-

2037 3350 2136 3391 nec
2164 3352 2261 3405 pro
2302 3340 2587 3394 erroribus
2637 3346 2862 3403 nostris
2908 3351 3140 3412 dolent
3206 3373 3275 3417 et
3332 3365 3546 3437 lugent
3570 3340 3743 3428 nostra

2035 3438 2272 3496 peccata.
2297 3447 2316 3480 ι

2101 3518 2233 3572 Cum
2264 3522 2342 3573 ait
2367 3531 2555 3578 autem
2589 3527 2878 3598 Origenes
2912 3547 3079 3596 tom.
3138 3559 3190 3599 ι
3226 3548 3296 3602 in
3322 3549 3571 3621 Matth,
3599 3572 3741 3610 num.

2032 3607 2143 3661 2et
2173 3609 2224 3672 3,
2251 3612 2485 3677 animas,
2518 3631 2825 3690 posujuam
2856 3644 2976 3696 pro
3014 3638 3327 3696 sordium
3378 3654 3444 3700 et
3498 3607 3747 3718 inquina-

2032 3700 2196 3753 menti
2231 3702 2480 3770 ratione,
2529 3708 2655 3775 plus
2707 3714 2994 3776 minusve
3049 3725 3309 3786 fuerint
3372 3700 3746 3807 expurgatae,

2029 3789 2241 3843 tandem
2276 3806 2438 3847 unum
2468 3799 2655 3856 solare
2685 3803 2881 3861 lumen
2916 3810 3191 3874 futuras
3222 3861 3242 3886 ,
3276 3836 3345 3879 et
3380 3789 3747 3888 inferioribus

2031 3877 2201 3934 lucem
2251 3896 2403 3937 suam
2453 3891 2799 3955 praebituras
2838 3917 2857 3953 :
2897 3902 2959 3955 id
2996 3908 3136 3963 sibi
3170 3877 3313 3969 vult
3351 3957 3371 3983 ,
3423 3935 3744 3990 snpremnm

2031 3967 2144 3990 ει.--
2563 3979 2575 3990 .

2028 3967 2146 4022 illas
2172 3969 2445 4028 felicitatis
2488 3979 2703 4046 apicem
2760 4002 3239 4058 consecuturas
3267 4045 3289 4071 ,
3351 3967 3541 4082 supr;
3593 4030 3746 4083 quem

3427 4567 3749 4610 ΙΙΙΕΕΙΙΙΠΒΙΙο

2147 4557 2173 4559 ,,
2286 4557 2537 4571 ---.....ν..
2568 4557 2989 4589 opm-usuum.
3028 4557 3374 4605 attnuiter
3427 4557 3744 4627 intelligam

2023 4593 2123 4647 dus
2157 4605 2284 4663 est,
2316 4616 2443 4657 cum
2497 4608 2572 4663 ait
2610 4609 2864 4671 futurum
2897 4622 3273 4695 aliquando
3315 4639 3516 4696 Deum
3564 4648 3744 4704 oninia

3006 4681 3026 4695 ι
3130 4681 3270 4690 τ--ν
3315 4681 3516 4696 "vt-III
3565 4681 3744 4704 υιιιιιψ

2024 4681 2077 4734 iu
2107 4688 2385 4760 omnibus,
2404 4711 2640 4768 cumque
2666 4718 3007 4773 supremum
3037 4717 3235 4777 illum
3277 4729 3472 4786 finem
3494 4735 3569 4789 ad
3587 4752 3745 4806 quem

2024 4776 2198 4806 ηηιιιῖη
2235 4794 2404 4806 ιιιιι---ιΔ
2454 4789 2465 4800 ⁸
2548 4800 2560 4806 -

2021 4785 2199 4828 omnia
2235 4789 2603 4857 pervenient,
2648 4809 2962 4869 rerumque
3009 4812 3487 4878 universarum
3523 4785 3746 4883 ἀξοκαο

2024 4862 2149 4883 ,ι,,

2022 4862 2288 4923 τάστασιν
2323 4891 2741 4940 commemorat.
2783 4890 2852 4941 At
2896 4907 3041 4951 cum
3075 4911 3265 4960 tomu
3300 4926 3387 4965 xv
3420 4916 3485 4968 in
3515 4916 3570 4970 ,υ

2022 4965 2150 4983 ιιι-ιη
2205 4958 2277 4983 713
2336 4982 2355 4983 η
2494 4973 2596 4983 ...Αι-
2744 4976 2774 4983 ..
2801 4978 2812 4983 -
2898 4980 2909 4983 -

2860 4862 2875 4869 -
3088 4862 3127 4866 κ-
3152 4862 3486 4878 ---υ-...ηπ
3523 4862 3746 4883 ..συκ-

2280 4888 2288 4917 ν
2323 4891 2741 4940 commemorat.
2783 4890 2852 4941 At
2896 4907 3041 4951 cum
3075 4911 3265 4960 tomu
3300 4926 3387 4965 xv
3420 4916 3485 4968 in
3515 4916 3742 4983 ﬂaui,
3800 4942 3828 4963 '-

2022 4965 2172 5063 nttlm-
2205 4958 2304 5029 '56,
2334 4982 2469 5040 pag.
2494 4973 2622 5039 706,
2650 4976 2843 5031 scribit
2896 4980 2959 5036 in
3018 4958 3743 5063 remdse;su5i:n:;;

2422 5038 2442 5040 _
2612 5038 2616 5039 ,
3020 5038 3031 5039 κ
3062 5038 3533 5059 ------σνιιιιιιιιο
3643 5038 3739 5062 IIII-

2021 5038 2207 5109 ηίυυδ,
2237 5054 2554 5121 voluntatis
2583 5068 2847 5121 duntaxat
2888 5067 3185 5139 ipsorum
3228 5100 3311 5142 ac
3342 5093 3540 5148 studii
3560 5038 3739 5152 lltitia-

2019 5143 2146 5229 uem
2178 5138 2409 5242 habere
2441 5157 2613 5217 Deum
2638 5204 2656 5231 ,
2691 5176 2794 5216 non
2834 5170 3133 5232 temporis
3168 5183 3349 5245 quod
3389 5192 3734 5244 exercendis

2019 5231 2167 5348 nitu
2179 5230 2338 5348 tibus
2355 5230 2763 5323 impenderunt,
2779 5253 3072 5312 acidcirco
3089 5271 3464 5335 aequalibus
3482 5281 3729 5348 praemiis

2446 5306 2471 5323 τ
2491 5306 2640 5311 ﬂ---
2658 5306 2763 5320 γη,
2822 5306 2833 5308 -
2919 5306 2947 5308 ν
2964 5306 2979 5308 τ
3002 5306 3067 5312 ν-
3089 5306 3464 5335 «quau-uua
3482 5306 3722 5348 prauum

2019 5306 2326 5432 fonhandos
2366 5344 2693 5422 quicunque
2736 5358 2834 5416 pro
2876 5344 3027 5401 Virili
3060 5349 3504 5432 laborarunt,
3562 5370 3617 5423 id
3650 5370 3722 5423 ita

2608 5411 2624 5422 .
2742 5411 2756 5416 -
3233 5411 3243 5412 ί
3269 5411 3330 5415 *⁷
3351 5411 3463 5419 vn"
3484 5411 3504 5432 ’
3562 5411 3616 5423 "-
3650 5411 3718 5423 η*

2016 5411 2541 5516 exnsuperioribus
2566 5437 2926 5516 explicandum
2957 5451 3050 5494 est
3080 5481 3100 5507 ,
3144 5455 3450 5512 eamdem
3503 5461 3576 5516 iis
3617 5463 3718 5515 tri-

2038 5502 2041 5503 ,
2377 5485 2541 5501 ---κα
2566 5485 2925 5516 νλγιιν--η---ν
2963 5485 3050 5494 --ν
3080 5485 3100 5507 ν
3145 5485 3450 5512 w-uucul
3503 5485 3576 5516 us
3617 5485 3714 5515 ιη·

2018 5485 2328 5573 buendam
2352 5539 2495 5593 esse
2528 5535 2842 5599 mercedem,
2865 5527 3097 5586 salutem
3136 5539 3454 5602 nimirum
3484 5586 3505 5617 ,
3526 5558 3586 5604 at
3608 5564 3714 5605 nee
