3920 6470
191 396 327 452 illi?

1025 397 1576 458 OltIGENlANORUM
1614 401 1737 455 LIB.
1780 401 1844 465 ιι,
1882 403 2031 460 CAP.
2073 406 2138 470 ιι,
2165 408 2432 473 eumsr.
2473 396 2573 467 XL
2639 387 2658 396 ”

3215 424 3347 481 1018

189 512 435 570 eauidem
467 511 709 567 adhiberi
740 513 1122 582 purgationem,
1142 515 1184 569 si
1219 515 1305 567 diu
1329 514 1400 567 illi
1432 513 1482 566 in
1515 515 1726 576 virtute,
1755 519 1802 573 Α
1830 531 1917 570 mo
1950 517 2069 572 loco
2101 521 2419 588 moriuntur,
2453 524 2689 595 ablegari
2734 529 2785 582 in
2822 529 3228 599 ﬁrmamentum,
3262 540 3344 594 Vt'l

191 615 380 670 parum
417 599 507 652 isti
542 601 890 665 desudaruut,
919 603 1176 656 similibus
1205 602 1326 656 licet
1354 605 1404 656 in
1431 601 1594 655 Deum
1615 610 1726 656 stu-

187 694 288 748 diis
320 690 452 745 elati
483 692 648 745 vitam
695 691 1018 757 clauserint;
1071 695 1163 747 sed
1205 694 1428 747 diversis
1471 703 1725 762 utrosque

185 781 496 850 disciplinis
522 821 538 845 ,
575 791 631 836 et
657 781 1112 836 emendationibus
1150 784 1415 851 reparari,
1442 791 1722 852 antequam

185 876 234 929 iu
262 887 529 940 supremo
561 872 835 926 beatitatis
885 870 1114 924 culmine
1153 872 1497 926 collocentur.
1544 871 1724 941 Itaque

182 963 703 1033 subjicit'Origenes
752 980 900 1018 num.
946 963 1034 1023 57.
1068 979 1185 1032 pag.
1233 965 1368 1020 707:
1429 964 1722 1032 Ἐχέτωσαν

185 1054 410 1124 μὲνγὰρ
443 1055 534 1107 διὰ
560 1055 657 1124 τὴν
687 1055 962 1123 μετάνοιαν
995 1055 1084 1106 καὶ
1127 1052 1186 1106 τὸ
1226 1053 1723 1122 καταλαμϐάνεσθαι

179 1149 233 1199 ὲν
259 1145 709 1216 ὲπεστραμμένῳ
737 1144 834 1214 βίῳ
865 1145 1135 1214 κρείττονα
1185 1143 1290 1196 τῶν
1319 1143 1721 1212 καταλαμϐανο-

181 1234 354 1304 μένων
386 1235 449 1286 ὲν
476 1237 595 1295 τατς
638 1234 943 1304 ἁμαρτίαις,
967 1233 1026 1284 οὐ
1056 1232 1157 1303 μὴν
1189 1232 1290 1302 χρὴ
1337 1232 1722 1300 ὑπολαμϐάνειν

179 1321 298 1390 περὶ
333 1320 527 1372 αὐτῶν
553 1321 634 1374 ὅτι
665 1322 834 1391 ὅμοιοί
868 1322 969 1373 εἰσι
991 1323 1099 1383 τοῖς
1121 1322 1264 1388 παρὰ
1293 1320 1444 1372 τοῦτο
1480 1323 1721 1391 ἡμαρτη-

176 1413 318 1466 κόσιν
353 1413 418 1464 ὲν
453 1415 521 1482 τῇ
545 1412 772 1481 νεότητι,
803 1412 948 1482 παρὰ
970 1413 1028 1464 τὸ
1051 1411 1180 1482 μηδὲ
1206 1411 1301 1480 τὴν
1327 1411 1494 1482 ἀρχὴν
1534 1411 1600 1463 τὰ
1627 1411 1722 1482 τῆς

177 1504 420 1565 πίστεως
472 1502 865 1574 μεμαθηκέναι.
922 1502 1206 1555 Plurimum
1257 1517 1380 1569 ergo
1426 1503 1535 1555 hmc
1587 1501 1722 1556 inter

178 1591 436 1660 Origenis
497 1591 684 1645 deliria
736 1605 798 1645 ac
856 1589 1116 1645 Joviniani
1170 1592 1410 1646 haeresim
1475 1593 1718 1658 interest,

173 1684 256 1751 qui
311 1681 560 1735 virtutes
593 1694 658 1733 ae
687 1691 902 1748 peccata
927 1694 1044 1734 esse
1074 1680 1296 1748 arqualia
1323 1719 1340 1746 ,
1381 1694 1440 1734 ac
1465 1680 1717 1748 aequalem

173 1771 404 1840 proinde
454 1770 758 1824 mercedem
810 1778 865 1824 et
900 1784 1109 1839 pmnam
1159 1771 1270 1823 fore
1323 1770 1715 1832 arbitrabatur,

172 1861 390 1914 Stoicos
421 1868 649 1912 secutus
683 1858 772 1926 qui
801 1875 820 1908 ι
857 1859 921 1912 de
947 1857 1213 1927 parilitate
1236 1869 1596 1926 peccatorum,
1624 1878 1644 1911 ι
1665 1870 1721 1914 ιιι

157 1945 241 2005 ait
269 1943 625 2012 Augustinus
664 1943 824 2011 epist.
869 1943 936 1996 29
963 1983 978 2008 ,
1035 1943 1118 2006 ad.
1147 1944 1455 2013 llieronym.
1481 1984 1496 2009 ,
1553 1964 1571 1997 ι
1622 1948 1716 2001 soli

172 2033 280 2088 ausi
317 2043 462 2087 sunt
497 2033 776 2101 disputare
799 2043 985 2087 contra
1011 2047 1223 2088 omnem
1266 2049 1479 2089 sensum
1508 2039 1718 2104 generis

168 2120 420 2175 humani.
461 2137 482 2172 ι

232 2210 326 2264 XI.
370 2208 632 2263 Emensis
661 2208 766 2263 illis
799 2223 862 2264 ac
893 2211 1185 2278 peragratis
1213 2212 1420 2281 spatiis,
1453 2230 1570 2283 qua:
1597 2215 1714 2269 ani-

167 2316 277 2356 mas
312 2301 594 2370 purgandi
623 2313 786 2355 causa
808 2299 1090 2356 decurrere
1121 2303 1272 2356 tinxit
1301 2301 1576 2372 Origenes,
1613 2321 1717 2373 quo

164 2404 252 2446 eas
289 2391 615 2446 subsistere
653 2392 773 2446 loco
798 2407 860 2446 ac
887 2393 1265 2462 conquiescere
1308 2403 1456 2448 ratus
1489 2395 1580 2458 sit,
1632 2396 1716 2449 vi-

163 2481 408 2536 dendum
439 2490 546 2534 est.
581 2479 786 2535 Novum
816 2483 1024 2550 quidem
1054 2482 1268 2546 cmlum,
1299 2497 1362 2537 ac
1390 2490 1584 2536 terram
1617 2498 1716 2537 no»

166 2585 281 2624 vam
338 2569 605 2624 felicitati
651 2579 706 2623 et
751 2569 916 2638 quieti
955 2577 1075 2638 post
1121 2568 1260 2623 banc
1307 2569 1466 2624 vitam
1501 2569 1716 2638 deputat

163 2660 251 2714 lib.
296 2676 315 2714 ι
368 2659 518 2727 Περὶ
559 2659 779 2728 ἀρχῶν,
818 2673 935 2727 cap.
969 2659 1024 2724 6,
1068 2674 1216 2713 num.
1247 2659 1300 2724 2,
1333 2669 1546 2729 propter
1586 2661 1715 2714 illud

165 2751 308 2806 Isaia:
346 2765 488 2814 ιη,
526 2751 629 2804 l7:
684 2766 704 2800 ι
741 2748 875 2803 Ecce
907 2749 1046 2802 enim
1101 2763 1200 2818 ego
1242 2764 1366 2804 creo
1410 2749 1574 2803 cmlos
1621 2765 1717 2804 no-

162 2854 250 2894 vet:
303 2847 368 2893 et
420 2847 627 2892 terram
691 2851 915 2902 novam;
948 2845 1002 2890 et
1042 2851 1144 2890 non
1177 2845 1332 2892 erunt
1377 2838 1429 2891 in
1459 2837 1713 2892 memoria

161 2928 374 2996 priora,
422 2936 483 2980 et
527 2941 634 2979 non
673 2926 965 2979 aseendent
1018 2939 1178 2992 super
1228 2938 1355 2990 cor;
1389 2943 1408 2976 ι
1456 2925 1596 2994 quod
1632 2938 1715 2978 re-

159 3025 532 3087 praesentatur
578 3012 621 3066 ιι
672 3013 818 3068 Petr.
865 3029 945 3071 ιιι.
997 3015 1095 3078 15,
1148 3022 1204 3067 et
1253 3013 1468 3082 Apocal.
1503 3028 1613 3080 xxi,
1661 3014 1712 3071 l.

1824 606 1877 660 in
1915 614 2130 671 terram,
2177 616 2229 662 et
2267 613 2410 664 varia
2453 614 2522 668 ibi
2571 615 2683 669 loca
2721 618 2992 672 nancisci:
3037 636 3099 676 ac
3133 638 3342 681 rursum

1823 693 2268 762 quemadmodum
2313 697 2602 765 migrantes
2635 717 2697 754 ex
2731 701 2916 757 inferis
2945 705 3155 774 animae,
3191 718 3245 762 et
3277 711 3344 764 ob

1821 792 1966 838 recte
1997 794 2143 853 gesta
2181 786 2233 838 in
2267 795 2458 840 terrain
2508 803 2827 856 remeantes,
2869 796 3016 849 nasci
3062 797 3339 864 dicuntur;

1821 872 1894 926 ita
1934 874 2112 928 varios
2139 875 2432 928 animarum
2472 887 2620 931 ortus
2662 879 2714 932 in
2762 882 3108 948 firmamento,
3151 895 3206 940 et
3247 902 3342 942 su-

1821 976 2002 1029 premo
2031 963 2154 1024 item
2189 964 2332 1018 caelo
2361 965 2682 1034 contingere.
2723 968 2890 1024 Verba
2931 972 3042 1040 ipsa
3079 973 3338 1045 Origenis,

1819 1051 2013 1118 quibus
2052 1051 2166 1106 haec
2202 1055 2504 1108 continetur
2541 1056 2801 1120 doctrina,
2839 1053 3048 1116 adducit
3087 1063 3338 1138 Hieronyo

1820 1151 1938 1190 mus
1970 1140 2144 1207 capite
2185 1139 2220 1193 2
2248 1149 2301 1193 et
2347 1141 2381 1194 4
2412 1142 2566 1209 epist.
2609 1143 2713 1206 59,
2743 1145 2808 1198 ad
2838 1146 3011 1212 Avit.,
3051 1165 3081 1203 e
3115 1151 3248 1208 libro
3291 1170 3341 1208 tv

1819 1229 1958 1292 Περὶ
1986 1226 2201 1294 ἀρχῶν,
2237 1245 2382 1283 ιιιιηι.
2430 1230 2519 1284 25.
2559 1231 2722 1300 llujus
2751 1243 2893 1287 certe
2929 1235 3045 1290 libri
3093 1255 3239 1298 num.
3271 1241 3342 1297 22

1821 1317 1981 1369 tradit
2011 1316 2264 1388 Origenes
2285 1317 2682 1390 Jerosolymam,
2713 1324 2803 1376 sed
2831 1331 2885 1377 et
2922 1325 3148 1395 reliquas
3177 1331 3334 1384 etiam

1820 1411 1972 1458 terrae
2030 1408 2304 1473 regiones,
2362 1407 2492 1462 alias
2553 1411 2652 1463 sibi
2697 1413 3030 1479 cognomines
3082 1415 3134 1468 in
3189 1417 3342 1474 caelis

1819 1492 2034 1558 habere,
2079 1495 2255 1563 ibique
2301 1495 2603 1566 Egyptum,
2641 1497 3000 1568 Babyloniam,
3049 1501 3242 1572 Tyrum
3286 1515 3342 1559 et

1822 1583 2071 1639 Sidonem
2111 1587 2373 1654 reperiri;
2418 1588 2685 1657 multaque
2725 1590 2789 1642 de
2837 1589 2964 1645 locis
3012 1592 3114 1647 illis
3157 1593 3341 1651 vatici-

1823 1680 1980 1728 natos
2008 1688 2122 1729 esse
2151 1676 2457 1743 prophetas,
2499 1693 2616 1744 quae
2653 1679 2694 1732 si
2730 1679 2850 1746 quis
2885 1681 2948 1733 ad
2988 1691 3194 1736 terrena
3223 1682 3337 1738 loca

1821 1763 2036 1828 referat,
2084 1763 2240 1818 valde
2277 1779 2394 1818 eum
2430 1766 2760 1820 hallucinari.
2795 1767 3020 1825 Plurima
3053 1773 3122 1827 ibi
3168 1776 3218 1828 in
3249 1789 3338 1830 sa-

1819 1849 1929 1904 cris
1959 1850 2313 1906 voluminibus
2343 1866 2633 1908 memorata
2677 1868 2933 1923 recenset,
2983 1875 3102 1929 quae
3137 1862 3335 1933 allego-

1788 1942 1791 1943 ⁷
1821 1938 1931 1991 rice
1961 1938 2380 2008 interpretanda,
2426 1955 2479 1998 et
2509 1945 2572 1996 ad
2603 1946 2838 2000 cmlcstia
2864 1947 3217 2017 detorquenda
3255 1967 3339 2006 ar-

1819 2027 2070 2082 bitratur.
2101 2029 2326 2083 llomilia
2357 2032 2426 2087 28
2453 2033 2506 2085 in
2545 2031 2733 2100 Num.,
2764 2049 2908 2090 num.
2939 2036 2996 2100 2,
3021 2037 3254 2094 Iudaeam
3282 2041 3336 2094 in

1821 2118 1956 2172 caelo
2001 2119 2113 2174 suis
2141 2120 2439 2174 distinctam
2474 2124 2761 2185 montibus,
2807 2126 2918 2179 suis
2957 2120 3257 2181 civitatibus
3281 2138 3337 2181 et

1817 2209 1973 2272 vicis,
2010 2208 2123 2263 suis
2143 2210 2303 2263 etiam
2336 2211 2574 2266 tribubus
2604 2214 2807 2276 statuit,
2854 2215 2907 2267 in
2947 2229 3112 2283 eaque
3155 2217 3332 2270 sedem

1816 2300 2112 2366 positurum
2153 2301 2398 2370 pepulum
2437 2303 2552 2369 Dei,
2594 2313 2650 2358 et
2677 2321 2858 2359 verum
2892 2305 3160 2371 lsraelem,
3206 2307 3330 2365 lem

1816 2387 1972 2454 duce,
2001 2387 2148 2455 cujus
2169 2391 2446 2457 imaginem
2471 2395 2637 2460 gessit
2657 2394 2812 2450 Jesus
2836 2398 2968 2452 alter
2993 2398 3131 2452 Illius
3158 2399 3332 2464 Nave;

1818 2490 2253 2547 unumquemque
2284 2488 2456 2532 autem
2508 2483 2558 2534 in
2603 2482 2740 2537 hanc
2788 2484 2997 2540 illamve
3034 2488 3225 2542 tribum
3267 2489 3336 2544 iri

1821 2565 2119 2634 ablegatum
2148 2581 2243 2634 pro
2287 2569 2490 2623 meritis
2519 2583 2582 2624 ac
2625 2571 2946 2640 virtutibus;
2983 2591 3001 2626 ι
3039 2591 3209 2644 neque
3246 2592 3335 2632 so-

1817 2654 1923 2708 lum
1954 2670 2050 2724 pro
2077 2656 2280 2710 meritis
2316 2672 2496 2712 eorum
2542 2659 2632 2727 qui
2663 2660 3052 2728 dispensantur,
3099 2682 3121 2714 ι
3165 2666 3335 2734 inquit

1815 2759 1962 2798 num.
1987 2744 2043 2809 4,
2064 2762 2083 2796 ι
2107 2747 2198 2800 sed
2229 2755 2282 2800 et
2299 2760 2394 2815 pro
2421 2747 2693 2801 novissimi
2718 2750 2902 2812 Adam,
2933 2751 2990 2805 in
3018 2767 3124 2820 quo
3149 2767 3334 2810 omnes

1817 2832 2119 2888 viviﬁcandi
2151 2834 2420 2900 dicuntur,
2444 2837 2905 2906 contemplatione.
2943 2859 2963 2892 ι
2995 2839 3190 2894 ibidem
3230 2842 3336 2896 col-

1814 2923 1952 2978 locat
1983 2924 2296 2990 Jerusalem,
2328 2937 2381 2982 et
2410 2937 2640 2982 montem
2673 2930 2824 2992 Sion,
2847 2930 2998 2998 juxta
3025 2931 3330 3000 Apostolum

1811 3013 1930 3068 Gal.
1965 3030 2039 3080 ιν,
2068 3015 2156 3082 26,
2189 3025 2242 3071 et
2277 3016 2435 3070 Hebr.
2477 3031 2574 3080 xu,
2605 3015 2715 3088 22,,
2738 3029 2792 3072 et
2832 3018 3083 3073 Joannem
3112 3019 3330 3087 Apocal.

159 3111 399 3179 Propter
433 3108 571 3162 illud
618 3118 795 3161 autem
824 3107 973 3160 Pauli
1007 3107 1024 3160 Ι
1066 3107 1188 3161 Cor.
1230 3121 1336 3172 vn,
1368 3107 1457 3172 5|,
1493 3126 1512 3159 ι
1565 3108 1708 3162 Prae-
1736 3115 1779 3174 c
1813 3120 1895 3169 ιιι,
1924 3105 2008 3170 l2,
2036 3115 2090 3159 et
2119 3120 2228 3171 xxI,
2256 3107 2312 3170 2,
2343 3116 2396 3160 et
2437 3107 2684 3176 templum
2725 3107 2846 3172 Dei;
2889 3109 3104 3176 diesque
3141 3108 3330 3162 ibidem

157 3200 281 3253 terit
319 3199 478 3253 enim
517 3196 686 3264 ﬁgura
734 3196 887 3262 hujus
933 3195 1138 3260 mundi,
1177 3213 1198 3248 ι
1229 3205 1302 3250 ει·
1332 3197 1469 3252 istud
1500 3197 1712 3252 Davidis

157 3289 353 3358 psalm.
389 3302 471 3351 cr,
499 3286 591 3350 27,
632 3303 652 3336 ι
687 3284 818 3339 Οωιί
861 3285 1137 3354 peribunt,
1185 3293 1239 3338 tu
1281 3297 1456 3341 autem
1503 3301 1712 3355 perma-

157 3395 273 3444 nes,
309 3389 372 3434 et
401 3392 602 3432 omnes
629 3378 772 3430 sicut
801 3376 1170 3429 vestimentum
1205 3386 1566 3443 veterascent;
1604 3397 1623 3428 ι
1657 3387 1712 3434 et

157 3472 260 3530 hoc
295 3471 545 3524 fortasse
575 3466 723 3520 Isaiae
756 3479 828 3527 LI,
859 3463 911 3526 6,
952 3481 972 3514 ι
1001 3462 1134 3518 Caeli
1160 3465 1297 3518 sicut
1330 3464 1504 3521 fumus
1537 3467 1708 3535 lique-

152 3567 344 3624 scent,
387 3567 448 3612 ct
477 3564 627 3611 terra
673 3554 813 3608 sicut
849 3553 1222 3607 vestimentum
1252 3565 1530 3620 atteretur,
1566 3575 1586 3609 ι
1621 3572 1710 3612 ea-

152 3662 314 3706 tenus
367 3662 578 3702 novum
615 3644 807 3698 caelum
847 3651 901 3696 et
937 3657 1125 3697 novam
1157 3653 1347 3698 terram
1377 3657 1612 3701 creatum
1644 3649 1709 3703 iri

150 3743 337 3804 docet,
371 3747 652 3808 quatenus
682 3735 737 3788 in
769 3731 871 3786 line
901 3747 1077 3786 rerum
1108 3733 1410 3788 destruetur
1439 3737 1535 3790 iste
1561 3753 1710 3792 mun-

145 3835 272 3896 dus,
313 3840 374 3884 et
423 3829 484 3883 in
519 3839 714 3880 novam
755 3833 972 3887 terram,
1001 3837 1063 3878 ac
1100 3838 1290 3877 novum
1320 3824 1513 3878 cmlum
1553 3841 1707 3894 repa-

147 3923 416 3975 rabitur:
457 3936 478 3968 ‹
515 3914 818 3977 lnnovatio,
847 3933 866 3965 ι
900 3912 1072 3980 inquit
1106 3913 1254 3975 ibid.,
1284 3929 1428 3966 num.
1451 3913 1506 3979 4,
1534 3931 1553 3964 ι
1587 3916 1706 3968 cmli

141 4019 200 4065 et
232 4020 429 4071 terrae,
463 4014 522 4060 et
552 4002 928 4059 transmutatio
964 4000 1173 4055 habitus
1221 4001 1380 4070 hujus
1421 4003 1620 4066 mundi,
1653 4013 1708 4056 et

144 4097 473 4152 immutatio
512 4094 776 4148 caelorum
819 4091 903 4144 his
944 4091 1058 4144 sine
1096 4089 1254 4144 dubio
1303 4091 1705 4158 prazparabitur,

138 4190 240 4258 qui
283 4203 393 4257 per
429 4185 584 4240 illam
627 4183 791 4244 viam,
826 4193 984 4247 quam
1024 4193 1186 4248 supra
1217 4180 1562 4242 ostendimus,
1607 4180 1708 4233 iter

141 4286 386 4347 agentes
429 4274 500 4328 ad
557 4271 705 4325 illum
741 4268 899 4322 finem
941 4267 1278 4322 beatitudinis
1328 4269 1582 4335 tendunt,
1618 4269 1702 4324 cui

136 4369 320 4423 etiam
358 4365 466 4434 ipsi
498 4359 702 4416 inimici
736 4355 1045 4426 subjiciendi
1078 4357 1344 4419 dicuntur,
1382 4359 1433 4412 in
1463 4374 1568 4428 quo
1601 4358 1704 4413 line

1811 3194 1982 3249 fesms
2011 3195 2331 3249 celebratum
2371 3196 2434 3248 iri
2481 3206 2649 3266 putat,
2679 3206 2734 3253 et
2772 3212 3093 3266 quaecunque
3118 3198 3329 3250 dentom

1809 3285 2193 3354 praecipiuntur
2236 3287 2288 3338 in
2324 3287 2456 3355 lege,
2488 3301 2646 3354 quam
2675 3288 2913 3341 umbram
2954 3287 3226 3342 continere
3249 3287 3332 3340 di-

1811 3377 1887 3428 cit
1930 3374 2210 3444 Apostolus
2255 3377 2550 3430 l'uturorum
2606 3378 2886 3436 bonorum.
2935 3379 3128 3434 Eadem
3175 3377 3334 3438 habet
3417 3437 3421 3444 ,

1810 3466 1992 3520 bomil.
2040 3466 2111 3520 23
2147 3469 2200 3521 in
2235 3468 2412 3533 Iosue,
2463 3485 2610 3524 num.
2657 3470 2730 3536 4,
2780 3485 2950 3540 eoque
2987 3473 3146 3527 refert
3192 3475 3332 3530 istud

1806 3551 1960 3608 Joan.
2003 3569 2112 3619 xlv,
2161 3555 2232 3622 2,
2282 3573 2302 3608 ι
2362 3557 2416 3610 lu
2469 3558 2625 3611 domo
2673 3558 2844 3612 Patris
2883 3558 2986 3613 mei
3033 3561 3334 3617 mansiones

1807 3645 1987 3700 multat
2023 3654 2169 3711 sunt,
2203 3665 2222 3699 ι
2252 3655 2305 3701 et
2337 3661 2496 3716 super
2519 3649 2760 3702 civitates
2814 3648 2930 3704 illas
2954 3649 3201 3706 ctelestes
3237 3667 3335 3719 po-

1808 3743 2050 3790 testatem
2077 3736 2377 3790 habiturum
2419 3738 2686 3792 existimat
2728 3754 2940 3794 servum
2981 3741 3126 3794 illum
3169 3740 3330 3812 frugi,

1807 3823 1898 3892 qui
1933 3825 2267 3878 commissam
2299 3824 2397 3878 sibi
2444 3828 2719 3893 pecuniam
2755 3827 2952 3881 utiliter
2990 3830 3185 3897 posuit.
3223 3829 3331 3883 Has

1809 3926 1938 3980 ergo
1970 3915 2106 3966 inter
2138 3915 2430 3966 animarum
2459 3917 2614 3969 sedes
2649 3931 2765 3969 eam
2800 3918 3192 3984 proportionem
3216 3927 3327 3972 sta-

1808 4001 1909 4054 tuit
1949 4011 2006 4054 et
2045 4001 2443 4055 similitudinem
2497 4003 2771 4072 Origenes,
2807 4015 2864 4058 ut
2890 4007 3180 4060 cmlestium
3213 4023 3329 4061 um-

1805 4093 1958 4143 bram
2001 4104 2119 4144 esse
2144 4099 2196 4144 et
2227 4091 2510 4158 imaginem
2541 4092 2667 4145 velit
2699 4103 2894 4146 terram
2925 4094 3080 4158 hanc,
3108 4108 3328 4162 quaequo

1805 4180 1859 4233 in
1910 4181 2069 4234 terris
2098 4190 2372 4248 geruntur,
2403 4180 2553 4245 juxta
2591 4181 2892 4248 Apostolum
2929 4181 3088 4237 Hebr.
3123 4197 3240 4248 vui,
3267 4182 3323 4241 5.

1807 4268 2164 4323 Memorabilis
2197 4283 2320 4323 vero
2359 4283 2466 4336 prae
2499 4271 2706 4324 caneris
2740 4270 2825 4324 ille
2867 4269 3014 4325 locus
3043 4286 3199 4348 quem
3227 4273 3328 4335 bo-

1812 4358 1924 4412 mil.
1955 4359 1988 4412 5
2017 4359 2071 4410 in
2098 4360 2283 4431 psalm.
2327 4373 2508 4429 um,
2533 4361 2846 4434 remri‘mus,
2893 4369 2980 4422 ubi
3011 4369 3110 4422 hoc
3151 4369 3328 4439 expla-

134 4424 458 4521 ..ωιιῐε,ἐι
512 4453 566 4506 in
601 4424 847 4503 omnibus
888 4445 1080 4499 dicitur
1122 4460 1242 4501 esse
1270 4445 1429 4502 Deus.
1470 4424 1494 4501 ἑ
1528 4448 1708 4520 Itaque
1738 4424 1946 4504 Dnans
1975 4424 2156 4520 psalmi
2185 4467 2366 4516 xxxvi,
2395 4424 2534 4517 54,}
2572 4424 2635 4505 ἐι
2673 4424 2923 4510 exaltabit
2964 4467 3032 4526 te,
3063 4467 3118 4512 ut
3163 4424 3330 4514 luere-

132 4551 530 4618 llieronymus
573 4543 729 4612 epist.
761 4539 846 4604 59,
877 4541 941 4593 ad
986 4539 1151 4602 Avit.,
1196 4554 1310 4609 cap.
1347 4541 1398 4605 l,
1442 4545 1708 4598 censuisse

135 4644 458 4714 Origenem
495 4635 760 4706 queritur,
797 4631 1034 4685 futurum
1069 4638 1124 4684 ut
1163 4648 1226 4686 ex
1267 4633 1459 4687 animis
1489 4635 1708 4702 quibus-

130 4735 275 4788 dam
332 4749 354 4783 ι
405 4727 688 4784 hominum
740 4728 948 4776 constet
993 4735 1158 4788 genus
1202 4721 1252 4772 in
1293 4737 1397 4773 uno
1432 4722 1606 4791 aliquo
1638 4741 1701 4779 ex

134 4822 410 4884 inrindis,
456 4814 672 4886 quando
691 4811 844 4882 juxta
877 4811 1063 4864 Isaiam
1091 4810 1282 4865 cmlum
1320 4823 1373 4864 et
1403 4819 1541 4866 terra
1569 4831 1704 4870 nova

128 4917 304 4970 ﬁent.
357 4929 380 4964 ι

212 5001 415 5068 Supra
469 4995 575 5048 hoc
615 4992 775 5046 etiam
829 4987 1186 5058 conspicabile
1230 4988 1454 5049 caelum,
1508 4999 1702 5046 terram

131 5105 356 5146 novam
409 5099 480 5138 ac
511 5081 705 5136 cmlutu
752 5093 944 5133 novum
986 5076 1300 5144 quandoque
1346 5075 1603 5143 collocat;
1652 5090 1705 5133 et

126 5180 355 5236 summi
408 5173 560 5229 illius
595 5185 660 5222 ac
709 5169 828 5223 novi
889 5167 1007 5220 cmli
1051 5164 1256 5218 ratione
1313 5165 1704 5222 ﬁrmamentum

1811 4541 1982 4596 ditate
2011 4543 2193 4610 capias
2225 4553 2442 4606 terram,
2484 4561 2504 4594 ι
2533 4553 2724 4597 terram
2756 4547 2889 4600 hanc
2920 4561 3039 4603 esse
3071 4549 3181 4602 vult
3206 4551 3328 4603 dor-

1811 4645 1926 4684 sum
1958 4629 2125 4699 ipsius
2173 4631 2488 4684 firmamenti
2519 4645 2532 4682 :
2584 4649 2603 4681 ι
2641 4631 2808 4699 Uude,
2839 4653 2856 4685 ι
2895 4636 3062 4706 inquit
3096 4654 3241 4691 num.
3269 4640 3327 4705 4,

1815 4733 1958 4786 «ego
2005 4720 2254 4782 arbitror,
2312 4721 2430 4788 quia
2477 4723 2612 4774 sicut
2643 4724 2760 4776 (εωΙὶ
2810 4724 2992 4792 ipsius,
3029 4727 3078 4780 id
3123 4735 3204 4781 est
3233 4727 3325 4781 flr-

1808 4809 2060 4862 marneuti
2097 4808 2322 4863 inferius
2351 4810 2522 4862 solum
2565 4811 2709 4864 arida
2740 4814 2848 4866 hmc
2874 4813 2925 4866 in
2961 4830 3062 4883 qua
3104 4832 3198 4870 nos
3236 4820 3328 4870 ha-

1801 4899 2036 4950 bitamus
2058 4936 2074 4961 ,
2123 4909 2260 4951 terra
2285 4897 2402 4964 ejus
2431 4899 2664 4966 dicitur;
2708 4902 2778 4954 ita
2826 4915 2880 4957 et
2910 4906 3048 4960 illius
3085 4906 3326 4976 superiu-

1802 4987 1897 5050 ris,
1949 4988 2089 5053 quod
2131 4988 2491 5056 principaliter
2526 4991 2721 5045 dicitur
2770 4993 2991 5050 inl'erius
3037 4996 3225 5060 solum,
3271 4997 3325 5051 in

1802 5089 1909 5142 quo
1945 5075 2273 5130 habitatores
2320 5077 2391 5130 illi
2441 5079 2683 5134 cwlestes
2727 5093 3123 5147 conversantur,
3154 5094 3226 5147 et,
3267 5094 3324 5136 ut

1801 5166 1874 5220 ita
1913 5164 2103 5229 dicam,
2131 5168 2340 5220 dorsum
2371 5167 2544 5236 ipsum
2573 5169 2888 5226 ﬁrmamenti
2917 5173 3085 5241 hujus,
3114 5172 3324 5235 merito,

125 5284 273 5324 esse
309 5264 527 5321 inferos
555 5259 650 5320 ait,
679 5255 1120 5326 quemadmodum
1154 5253 1358 5307 ratione
1387 5256 1707 5311 ﬁrmamenti
1801 5261 1860 5308 ut
1911 5252 2043 5318 dixi,
2078 5263 2220 5308 terra
2274 5255 2414 5311 illius
2442 5259 2561 5313 cmli
2601 5275 2720 5314 esse
2755 5261 2982 5316 dicitur:
3034 5261 3124 5312 sed
3181 5265 3322 5311 terra

126 5371 305 5414 terra
345 5357 470 5410 haec
517 5360 724 5411 nostra,
752 5361 909 5415 quam
953 5343 1165 5414 proprie
1202 5343 1403 5395 aridam
1434 5346 1708 5414 appellan-
1808 5349 1968 5412 bona,
2011 5356 2154 5401 terra
2201 5359 2402 5417 sancta,
2449 5359 2586 5406 terra
2638 5351 2822 5416 multa,
2873 5360 3009 5403 terra
3059 5346 3322 5410 vivorum,

127 5454 278 5504 dam
316 5449 546 5506 censet,
595 5437 751 5490 inferi
804 5446 958 5498 sunt;
1010 5432 1297 5486 inferorum
1334 5447 1463 5489 vero
1505 5438 1708 5494 ratione
1805 5446 1946 5490 terra
1981 5434 2150 5490 ﬂuens
2181 5437 2262 5490 lae
2286 5446 2339 5490 et
2367 5443 2489 5493 mel.
2525 5457 2544 5489 ι
2573 5439 2708 5492 Fuso
2735 5447 2897 5491 totum
2932 5431 3182 5488 doctrinae
3213 5446 3330 5486 sua:

126 5539 362 5595 calum
417 5532 540 5600 ipsa
600 5535 716 5588 est;
773 5533 828 5577 et
883 5521 1318 5590 quemadmodum
1363 5523 1705 5582 discedentes

126 5643 212 5683 ex
255 5623 355 5678 bis
387 5613 623 5674 terrenis
655 5611 864 5664 sedibus
892 5611 1082 5662 anima:
1118 5623 1209 5664 ιντο
1236 5610 1341 5664 suis
1384 5612 1597 5666 meritis.
1624 5615 1704 5668 di-

131 5726 324 5772 versa
365 5704 513 5777 apud
545 5699 750 5758 inferos
782 5697 1016 5752 obtinent
1043 5697 1174 5764 loca,
1210 5697 1275 5754 ita
1302 5713 1412 5770 qua.
1485 5717 1520 5757 ιι
1555 5717 1699 5760 sum-

1806 5631 1954 5670 num.
1993 5615 2047 5681 6,
2079 5615 2132 5681 7,
2171 5626 2328 5685 atque
2373 5631 2549 5671 rerum
2599 5615 2833 5669 omnium
2884 5605 3286 5664 universitatem
3315 5651 3330 5676 ,

1804 5703 2154 5770 infernarum,
2193 5714 2540 5770 terrenarum,
2569 5699 2880 5768 cmlestium,
2910 5707 2963 5753 et
2999 5706 3116 5766 qua
3161 5706 3340 5764 supra

1807 5534 2110 5580 contextum
2161 5527 2388 5595 explicat
2426 5529 2516 5582 lib.
2562 5543 2599 5580 ιι
2651 5525 2786 5592 Περὶ
2826 5522 3043 5590 ἀρχῶν,
3090 5532 3213 5586 cap.
3271 5521 3330 5586 5,
3427 5555 3430 5558 ~
