3920 6480
438 472 570 528 4019

438 590 631 648 caelum
667 593 812 646 sunt,
847 580 1079 651 generati
1122 578 1334 632 nomine
1367 574 1614 628 mundum
1645 572 1741 633 ait,
1780 567 1959 637 appel-
1988 575 2031 626 Α
2064 571 2172 626 tur,

441 678 555 735 lari.
589 688 692 742 quo
740 668 917 724 caueri
967 666 1145 719 tnundi
1196 663 1568 721 continentur;
1611 665 1665 709 et
1699 652 1954 723 quemad-

442 767 650 822 modum
693 761 1081 814 ﬁrmamentum
1113 763 1305 808 terram
1350 751 1488 802 banc
1517 747 1813 813 capacitate
1862 755 1956 794 sua

442 851 830 920 complectitur,
871 848 942 899 ita
995 844 1256 911 sphaeram
1286 838 1564 906 quamdam
1607 835 1956 902 superiorem,

441 957 556 1012 qua:
597 941 650 992 in
683 936 972 1006 Scripturis
1021 944 1158 986 terra
1214 930 1374 991 bona,
1409 934 1464 980 et
1495 935 1635 978 terra
1669 921 1958 974 viventium

442 1010 763 1090 nominatur,
809 1035 864 1080 et
911 1023 1128 1079 mitibus
1173 1033 1234 1073 ac
1282 1015 1570 1070 mansuetis
1611 1010 1958 1079 promittitur,

445 1135 541 1175 suo
562 1115 848 1183 constringi
874 1111 1030 1172 caelo,
1063 1111 1114 1160 in
1157 1119 1262 1174 quo
1304 1114 1608 1157 sanctorum
1637 1099 1846 1151 nomina
1873 1098 1964 1148 de-

353 1254 355 1256 .
448 1212 648 1277 scripta
686 1215 846 1268 sunt;
889 1216 951 1255 ex
983 1201 1084 1254 hoc
1113 1207 1282 1250 autem
1314 1194 1470 1250 cado.
1517 1207 1578 1245 ex
1607 1204 1772 1254 caque
1801 1196 1963 1248 terra,

448 1311 603 1354 terra:
643 1311 702 1349 ac
731 1294 851 1348 caeli
885 1288 1184 1345 nominibus
1227 1284 1414 1337 aﬁecta
1448 1282 1611 1334 fuisse
1655 1279 1962 1330 ﬁrmamen-

452 1399 559 1440 tum
605 1393 658 1439 et
702 1381 932 1442 aridam;
983 1376 1226 1442 aliudque
1276 1384 1392 1424 esse
1439 1368 1628 1422 coelum
1683 1375 1735 1420 et
1769 1375 1964 1418 terram

450 1491 567 1544 qua:
613 1472 762 1526 initio
802 1485 832 1523 a
879 1469 981 1522 Deo
1023 1472 1198 1517 creata
1251 1469 1402 1522 sunt,
1459 1471 1522 1511 ac
1577 1457 1966 1508 ﬁrmamentum

453 1565 592 1633 quod
619 1563 704 1616 die
734 1558 965 1614 secundo
987 1553 1251 1609 conditum
1286 1549 1513 1604 dicitur:
1545 1546 1795 1598 mundum
1828 1544 1971 1597 hunc

455 1632 628 1708 autem
668 1647 1016 1716 superiorem,
1058 1657 1176 1695 eum
1210 1653 1351 1701 esse,
1382 1637 1518 1689 unde
1558 1635 1780 1688 missum
1811 1647 1867 1685 se
1899 1632 1971 1684 si-

455 1737 668 1807 gniﬁcat
698 1734 934 1788 Christus
979 1729 1158 1782 dicens
1185 1725 1337 1780 Joan.
1368 1738 1483 1785 vm,
1508 1722 1613 1774 25:
1648 1740 1666 1771 ‹
1716 1719 1826 1787 Ego
1867 1733 1970 1772 non

455 1805 569 1881 sum
597 1825 660 1878 de
690 1825 786 1876 hoc
815 1817 1029 1880 mundo,
1061 1834 1079 1866 ι
1113 1810 1438 1880 corruptioni
1469 1807 1768 1875 neutiquam
1799 1805 1971 1873 ipsum

1681 452 1737 504 Ρ.
1782 445 2090 502 DANIELIS
2130 440 2220 496 [1U
2230 436 2367 492 ET“

3690 401 3847 453 1020

2227 550 2555 623 temporalia
2615 551 2788 607 sunt;
2828 553 2969 610 qua:
3028 541 3246 588 autem
3316 540 3460 580 non
3521 521 3849 585 videntur,

2063 663 2265 707 κιαι-πει
2302 655 2454 701 511111.
2490 660 2509 692 ι

2293 700 2376 790 Ad
2409 733 2742 803 paradisum
2795 721 2959 794 quod
3018 717 3296 775 attinet,
3365 721 3408 760 ει
3465 715 3723 803 summo
3760 700 3853 802 illo

2066 841 2121 887 et
2145 791 2424 898 supremo.
2447 823 2594 878 caelo
2643 831 2780 873 eum
2816 791 3261 865 VAdamantius
3308 793 3671 853 distinxit,
3709 801 3765 844 et
3799 791 3851 843 in

2067 931 2219 977 certo
2251 919 2441 985 aliquo
2470 924 2637 968 terra:
2684 911 2813 964 loco
2843 897 3220 959 collocavit;
3287 903 3453 944 cum
3509 893 3853 938 terrentem

2069 1008 2384 1065 econtrario
2440 1002 2771 1072 paradisum
2797 1036 2814 1059 ,
2846 1006 3036 1062 quem
3090 989 3156 1042 in
3203 994 3410 1039 terra
3448 977 3647 1032 situm
3683 972 3852 1027 fuisse

2071 1099 2448 1155 certissimum
2492 1103 2604 1155 est,
2638 1086 2965 1158 allegorice
3006 1087 3369 1148 exponens
3410 1082 3613 1135 supra
3651 1065 3853 1119 coelum

2073 1187 2442 1250 constituerit,
2484 1191 2546 1236 ut
2591 1156 3020 1237 ostendemus.
3084 1169 3177 1222 Ac
3231 1165 3327 1220 de
3395 1161 3622 1232 priore
3681 1156 3854 1211 maui-

2227 1293 2275 1330 m
2299 1284 2385 1330 est
2416 1247 2808 1328 testimonium
2841 1265 2958 1319 lib.
2993 1278 3037 1315 ιι
3072 1257 3248 1325 Περὶ
3288 1251 3584 1322 ἀρχῶν,
3613 1263 3745 1316 cap.
3774 1247 3858 1310 Il,

2075 1384 2204 1424 num
2243 1367 2320 1421 6:
2377 1383 2397 1417 ι
2435 1363 2580 1417 Ρυιο
2606 1361 2788 1422 enim,
2822 1353 3066 1423 inquit,
3111 1346 3302 1417 quod
3369 1341 3595 1400 sancti
3655 1339 3856 1407 quique

2077 1458 2424 1513 discedentes
2451 1454 2523 1506 de
2549 1452 2660 1505 hac
2689 1449 2814 1502 vita
2853 1439 3364 1514 permanebunt
3406 1435 3477 1486 in
3517 1432 3660 1484 loco
3683 1430 3858 1496 aliquo

2076 1546 2134 1602 in
2168 1557 2312 1601 terra
2345 1544 2548 1612 posito,
2577 1555 2748 1611 quem
2778 1534 3165 1608 paradisum
3200 1527 3387 1583 dicit
3424 1523 3752 1592 Scriptura
3785 1523 3859 1576 di-

2076 1639 2238 1700 vina,
2294 1635 2445 1688 velut
2495 1633 2552 1686 in
2598 1630 2857 1700 quodam
2920 1618 3343 1678 eruditionis
3400 1616 3583 1670 loco.
3629 1631 3650 1664 ι
3695 1613 3859 1680 Atque

2080 1727 2222 1780 hanc
2253 1725 2490 1794 primam
2516 1733 2642 1775 esse
2677 1718 2802 1771 vult
2835 1712 3304 1772 mansionem,
3355 1707 3426 1761 in
3464 1718 3596 1774 qua
3634 1716 3857 1769 corpore

2079 1825 2342 1870 exeuntes
2393 1812 2595 1865 anima:
2660 1805 2934 1862 terrenis
3013 1800 3350 1856 sordibus
3415 1804 3854 1864 expurgantur;

458 1929 577 1970 esse
618 1910 928 1971 obnoxium,
980 1920 1077 1959 nec
1121 1903 1290 1958 oculis
1336 1897 1726 1970 aspectabilem,
1781 1895 1976 1948 sanctis

2227 1903 2504 1957 tetidem
2547 1913 2680 1953 esse
2712 1896 2843 1949 vult
2882 1909 2965 1948 ac
3031 1894 3267 1946 sinum
3339 1885 3652 1941 Abralun.
3689 1902 3709 1936 ι
3763 1883 3858 1937 Sed

459 2013 630 2057 autem
675 2009 728 2052 et
776 1997 1025 2066 perfectis
1061 1992 1236 2047 sedem
1279 1992 1416 2044 hanc
1470 2002 1589 2041 esse
1637 1984 1974 2045 destinatam,

459 2103 516 2145 et
542 2100 737 2144 terram
763 2086 972 2156 quidem
1017 2082 1195 2136 mundi
1229 2081 1366 2134 illius
1408 2077 1475 2131 iis
1497 2077 1585 2144 qui
1617 2072 1980 2141 castigationi-

463 2182 559 2233 bus
616 2186 669 2230 et
717 2163 1178 2229 emendationibus
1238 2167 1457 2221 fuerunt
1505 2162 1818 2231 expurgati,
1862 2159 1982 2214 aliis

461 2283 588 2323 vero
625 2266 838 2330 ctelum,
881 2263 970 2330 qui
1016 2263 1136 2314 dum
1172 2259 1223 2311 in
1253 2256 1410 2310 terris
1439 2263 1656 2323 agerent
1710 2252 1801 2305 Dei
1835 2265 1982 2335 man-

464 2361 603 2413 datis
627 2358 1082 2424 obtemperarnnt,
1110 2350 1200 2404 sed
1230 2348 1301 2402 ita
1334 2356 1507 2400 tamen
1536 2353 1592 2398 ut
1635 2344 1701 2397 ab
1732 2341 1818 2395 illa
1845 2350 1984 2394 terra

467 2449 533 2502 ad
575 2445 766 2499 cmlum
805 2453 1105 2510 supremum
1137 2438 1386 2490 transitus
1431 2442 1628 2501 pateat.
1679 2429 1986 2486 Consimilia

467 2545 594 2592 sunt
624 2549 741 2602 qua:
763 2532 1027 2586 habentur
1053 2527 1291 2596 ejusdem
1336 2524 1455 2577 libri
1497 2537 1612 2590 cap.
1641 2521 1695 2586 9,
1741 2535 1888 2574 num.
1931 2521 1985 2584 5,

469 2635 524 2679 et
560 2639 676 2692 quae
705 2620 876 2688 capite
912 2626 1177 2686 postremo
1223 2615 1341 2669 libri
1385 2629 1466 2678 tu,
1519 2627 1664 2665 num.
1707 2611 1760 2673 8,
1794 2610 1849 2674 9,
1899 2609 1988 2662 ubi

470 2723 525 2766 et
552 2711 678 2766 illud
719 2707 923 2774 adjicit,
956 2719 1132 2758 rerum
1169 2702 1388 2755 istarum
1419 2698 1736 2758 cmlestium,
1764 2712 1882 2766 qua:
1910 2697 1991 2749 in-

475 2799 729 2853 feriorum
770 2797 1020 2849 harumce
1068 2801 1246 2862 typum
1295 2798 1502 2858 gerunt,
1551 2788 1778 2841 formam
1828 2785 1992 2854 Moysi

473 2890 527 2944 in
585 2895 762 2940 monte
803 2885 965 2938 fuisse
1005 2888 1388 2943 monstratam;
1448 2878 1512 2930 ad
1557 2878 1774 2946 ejusque
1815 2888 1996 2927 exemo

473 2977 615 3048 plum
636 2973 1020 3030 tabernaculiet
1042 2970 1423 3026 sacriﬁciorum
1447 2969 1798 3021 instrumenta
1825 2965 1994 3032 ipsum

474 3077 826 3134 comparasse,
857 3061 1140 3116 secundum
1169 3067 1489 3128 praeceptum
1527 3057 1652 3109 illud
1685 3054 1777 3108 Dei
1828 3052 1996 3107 Exod.

478 3170 610 3219 xxv,
672 3153 774 3207 40:
821 3169 841 3203 ι
894 3151 1097 3218 Inspice
1151 3158 1204 3203 et
1259 3147 1341 3202 fac
1386 3147 1673 3201 secundum
1731 3145 2000 3211 exemplar

478 3246 618 3315 quod
655 3244 745 3297 tibi
822 3243 876 3294 in
927 3247 1102 3294 monte
1162 3244 1505 3291 monstratum
1576 3243 1676 3288 est.
1727 3252 1745 3284 ι
1811 3219 2075 3300 AdjicitC
2105 3232 2280 3301 capiet
2331 3232 2679 3299 voluptatem
2740 3233 2997 3288 Domini

477 3335 634 3388 etiam
680 3332 733 3384 in
771 3343 976 3385 summo
1026 3327 1116 3380 illo
1160 3324 1295 3378 cmlo
1348 3323 1578 3376 futurum
1625 3323 1750 3376 illud
1796 3341 1816 3371 ι
1864 3322 2004 3391 quod

480 3429 734 3472 aeternum
763 3417 954 3470 dicitur
981 3411 1318 3480 Evangelium
1352 3419 1405 3462 et
1450 3408 1843 3462 Testamentum
1877 3423 2011 3463 sem-

483 3522 578 3576 per
604 3504 974 3572 novum,quod
1010 3515 1274 3569 nunquam
1315 3507 1648 3551 veterascet:
1685 3515 1704 3549 ι
1736 3498 1790 3552 in
1838 3513 2010 3566 caque

486 3597 692 3665 piorum
719 3605 858 3647 terra
883 3593 1141 3647 eruditum
1168 3591 1231 3644 iri
1259 3590 1324 3644 ab
1356 3590 1554 3657 angelis
1577 3589 1802 3651 animas,
1823 3604 2012 3658 quem-

487 3684 762 3739 admodum
794 3693 846 3736 et
876 3683 926 3735 in
966 3679 1397 3735 commemoratis
1431 3693 1589 3744 supra
1618 3680 2007 3750 mansionibus,

485 3773 653 3828 donec
687 3783 986 3838 supremum
1017 3766 1220 3834 adeptis
1244 3765 1434 3818 coelum
1467 3765 1535 3817 sit
1564 3763 1702 3818 Deus
1738 3767 1918 3821 omnia
1955 3770 2008 3824 in

487 3859 752 3917 omnibus.
784 3855 890 3911 Nec
921 3859 987 3909 ab
1025 3855 1106 3909 bis
1144 3855 1343 3908 abludit
1380 3853 1563 3907 homil.
1628 3855 1653 3908 I
1709 3855 1765 3909 in
1803 3855 2011 3926 Cenem,

491 3965 636 4008 num.
667 3949 724 4012 2,
755 3963 872 4002 cum
907 3945 1092 4001 scribit
1123 3943 1314 4000 cadum
1359 3943 1484 3996 illud
1516 3957 1817 4011 supremum
1858 3957 1912 4001 et
1934 3949 2014 4000 in-

494 4054 840 4109 corporeum,
886 4037 1026 4104 quod
1073 4036 1166 4089 Dei
1213 4035 1366 4088 sedes
1413 4041 1526 4095 est,
1569 4033 1796 4100 primum
1842 4050 1870 4086 a
1906 4036 2014 4090 Deo

493 4130 762 4186 conditum
785 4167 802 4192 ,
845 4128 1034 4182 deinde
1059 4141 1369 4194 corporeum
1400 4123 1613 4187 coelum,
1664 4123 1767 4177 hoc
1805 4133 1886 4178 est
1923 4126 2015 4178 ﬁr-

495 4226 860 4272 mamentum:
909 4231 1030 4269 nam
1073 4217 1439 4282 incorporeum
1483 4211 1730 4281 appellat,
1765 4223 1824 4266 ut
1857 4228 2016 4282 supra

495 4307 846 4368 ostendimus,
869 4306 1006 4373 quod
1035 4313 1248 4372 propter
1283 4301 1535 4356 eximiam
1577 4301 1882 4355 tenuitatem
1919 4303 2016 4356 sub

497 4409 686 4449 sensus
727 4409 828 4447 non
871 4395 1028 4448 cadit.
1068 4392 1193 4446 Item
1227 4391 1398 4460 capite
1423 4389 1608 4442 ultimo
1647 4388 1768 4443 libri
1810 4405 1847 4446 ιι
1876 4390 2015 4457 Περὶ

2077 2003 2132 2046 et
2161 1992 2308 2044 illam
2335 1990 2591 2059 ﬁguram,
2630 2005 2650 2037 ι
2691 1983 2899 2054 inquit
2942 1980 3183 2035 homil.
3220 1977 3320 2031 26
3355 1978 3427 2029 in
3460 1975 3684 2036 Νωη..
3719 1990 3857 2026 num.

2077 2082 2134 2146 4,
2178 2099 2197 2132 ι
2233 2094 2356 2133 esse
2389 2077 2634 2130 diximus
2682 2071 2959 2128 exeundi
3000 2070 3092 2123 de
3132 2067 3481 2138 Aﬂgypto,
3521 2079 3662 2118 cum
3710 2064 3860 2118 relin-

2081 2171 2198 2238 quit
2227 2168 2414 2220 anima
2455 2164 2647 2219 mundi
2702 2162 2889 2229 hujus
2930 2162 3301 2225 tenebras,
3349 2173 3432 2212 ac
3479 2168 3714 2210 natura:
3747 2172 3859 2208 cor-

2084 2271 2258 2327 porea:
2285 2257 2621 2312 cmcitatem.
2650 2262 2710 2305 et
2757 2251 3173 2304 transfertur
3214 2249 3306 2302 ad
3356 2249 3543 2301 aliud
3586 2247 3864 2309 smcuium,

2083 2341 2224 2412 quod
2261 2341 2343 2395 vel
2386 2341 2544 2394 sinus
2589 2339 2874 2401 Abrahae,
2935 2349 3012 2390 ut
3062 2338 3134 2389 in
3190 2336 3514 2401 Lazaro;
3573 2336 3666 2390 re!
3721 2350 3865 2404 para-

2085 2433 2258 2508 disus,
2300 2439 2358 2482 ut
2391 2431 2443 2482 in
2486 2429 2708 2482 latrone
2741 2429 2845 2496 qui
2889 2428 2976 2482 de
3017 2441 3240 2481 cruce
3311 2426 3640 2487 credidit,
3680 2425 3864 2477 indica-

2089 2529 2194 2573 tur.
2237 2538 2256 2570 ι
2291 2519 2594 2586 Aliquibus
2629 2519 2809 2572 etiam
2868 2517 3289 2585 paradisum
3350 2515 3728 2572 differentiis
3769 2516 3865 2568 di:-

2088 2609 2341 2661 criminat
2391 2608 2589 2662 homil.
2624 2609 2697 2661 15
2741 2608 2803 2660 in
2844 2606 3134 2670 Ezech.,
3185 2622 3394 2660 num.
3431 2605 3501 2670 2,
3564 2621 3702 2676 pag.
3751 2604 3862 2664 ωδ,

2091 2698 2218 2765 404,
2252 2707 2310 2752 ut
2346 2698 2492 2752 alter
2521 2699 2598 2753 sit
2632 2698 2997 2766 paradisus,
3045 2697 3244 2752 alter
3293 2697 3682 2752 deliciarum
3720 2712 3862 2765 para-

2091 2789 2265 2842 disus.
2293 2789 2476 2857 Atque
2497 2789 2650 2843 hunc
2669 2787 3055 2842 deliciarum
3086 2790 3530 2857 paradisum,
3555 2805 3691 2843 cum
3715 2789 3863 2850 Edcn.

2094 2877 2194 2932 lioc
2219 2886 2322 2943 est,
2359 2878 2611 2932 terrestri
2640 2880 2927 2948 paradiso
2964 2879 3360 2936 confundit
3409 2881 3529 2936 Iib.
3572 2897 3621 2946 ι,
3656 2884 3712 2934 in
3741 2879 3862 2934 Can-

2095 2969 2210 3029 tic.,
2241 2981 2362 3035 pag.
2389 2966 2506 3032 ης
2543 2967 2624 3021 ait
2654 2967 2816 3021 enim
2839 2985 2857 3022 :
2900 2987 2924 3019 ς
2973 2969 3117 3036 Qui
3170 2981 3416 3026 autem
3463 2972 3688 3040 dignus
3724 2972 3866 3025 luerit

2097 3056 2276 3156 redire
2301 3063 2356 3108 et
2381 3068 2510 3109 esse
2543 3069 2672 3109 cum
2715 3056 3008 3124 Christo,
3054 3060 3340 3128 quique
3378 3060 3446 3114 in
3487 3077 3676 3130 parvo
3713 3062 3864 3114 ﬁdelis

2100 3143 2347 3198 inventus
2377 3143 2767 3198 constituetur
2802 3160 3009 3214 super
3056 3150 3326 3214 multa,
3377 3149 3489 3204 ille
3524 3150 3796 3219 gustabit,
3822 3158 3865 3202 et

3034 3279 3056 3302 ,
3127 3240 3519 3306 perductus
3585 3239 3656 3292 ad
3708 3239 3864 3293 locum

2103 3323 2410 3392 quemdam,
2439 3324 2536 3390 qui
2569 3338 2672 3392 pro
2704 3323 3078 3392 hujusmodi
3114 3330 3446 3384 ciborum
3487 3333 3683 3402 capiis
3709 3342 3765 3386 et
3792 3346 3868 3381 va-

2104 3412 2416 3477 rietatibus,
2472 3413 2811 3467 deliciarum
2877 3417 3311 3475 nominatur
3383 3423 3588 3481 locus.
3663 3424 3870 3492 l-‘ropter

2103 3501 2243 3568 quod
2277 3508 2331 3553 et
2370 3501 2426 3552 in
2466 3500 2620 3554 Eden
2662 3504 2898 3569 positus
2935 3504 3252 3570 dicitur.
3299 3516 3486 3580 quod
3541 3515 3774 3570 delicias
3801 3515 3871 3565 in-

2107 3591 2268 3642 dicat.
2301 3608 2320 3640 »
2355 3589 2476 3654 Quo
2520 3590 2594 3644 de
2644 3596 2917 3649 terrestri
2967 3601 3331 3666 paradiso
3393 3606 3552 3675 quid
3610 3606 3870 3667 senserit,

2109 3678 2243 3731 intra
2273 3677 2716 3746 explorabimus.

2178 3767 2313 3822 XIII.
2355 3768 2564 3823 Hausta
2609 3782 2746 3826 sunt
2791 3782 2854 3828 et
2913 3775 3034 3831 illa
3105 3781 3268 3838 fere
3323 3799 3366 3840 e
3407 3784 3687 3842 Platonis
3732 3784 3870 3841 ἰουιί-

2109 3859 2247 3912 bus:
2284 3873 2408 3912 nam
2451 3859 2866 3916 beatitudinem
2909 3869 2976 3918 in
3037 3868 3175 3926 Dei
3245 3875 3682 3932 similitudine
3732 3877 3870 3930 sitam

2112 3945 2201 4000 ille
2230 3945 2418 4001 voluit.
2450 3946 2651 4004 Testes
2689 3949 2975 4008 Laertius
3023 3957 3104 4012 in
3171 3961 3500 4032 Platone,
3533 3979 3598 4022 et
3645 3966 3873 4020 Clemens

2111 4036 2506 4092 Alexandrinus
2549 4039 2762 4095 Strom.
2803 4043 2913 4098 lib.
2961 4062 3053 4112 ιι,
3095 4055 3226 4120 qui
3264 4066 3337 4110 et
3373 4059 3440 4112 in
3479 4061 3693 4114 eadem
3729 4058 3872 4110 luisse

2230 4140 2326 4214 cos
2359 4129 2638 4180 sententia
2672 4132 3081 4192 demonstrat
3111 4181 3133 4204 ,
3199 4153 3281 4198 et
3335 4147 3694 4202 Abammon
3727 4144 3872 4214 Egy-

2115 4215 2258 4282 ptius
2291 4213 2344 4266 in
2365 4216 2735 4307 responsione
2786 4222 2861 4272 ad
2914 4225 3308 4291 epistolam
3332 4235 3696 4307 Porphyrii.
3739 4213 3868 4288 Plato

2116 4308 2375 4394 praiterea
2409 4300 2824 4394 idP/iamiam,
2881 4323 3275 4382 postquam
3340 4300 3589 4379 inferni
3644 4334 3872 4394 topogra-

2116 4391 2300 4459 pliiam
2329 4391 2648 4483 descripsit,
2688 4407 2898 4450 narrat
2933 4405 3261 4476 animas,
3307 4429 3463 4483 qua
3498 4391 3870 4472 νίι-ιυιέωίίη-

497 4477 1736 4586 ‘E‘Bi‘fi’i:PT:FF:B‘!§‘3“?.‘I‘.§“EE§?§‘i’flif‘f
1764 4478 2016 4586 :‘Efftf'ff'
2043 4528 2092 4586 υ
2229 4489 2284 4586 οξ
2315 4481 2509 4586 alia"
2532 4485 2793 4586 ,ῐηεαίίυξι
3293 4477 3508 4570 viam.
3567 4518 3702 4577 ροει
3736 4508 3874 4562 Im

506 4565 752 4619 cedentes
795 4567 846 4617 in
876 4566 1155 4634 quemdam
1185 4574 1337 4617 terra:
1371 4564 1526 4633 hujus
1558 4563 1728 4616 locum
1761 4563 2017 4618 deventu-

503 4666 587 4706 ros
617 4652 769 4715 dixit,
793 4655 881 4720 qui
900 4654 1174 4721 paradisus
1203 4650 1512 4721 appellatur,
1542 4649 1663 4703 inde
1695 4651 1833 4704 aeris
1863 4667 2014 4704 man-

499 4739 739 4794 sionibus
776 4755 839 4794 ac
874 4742 1178 4796 coelestibus
1217 4739 1528 4808 transgressi
1561 4741 1625 4793 ad
1670 4753 1732 4792 ea
1757 4755 1876 4807 quae
1911 4756 2016 4796 non

500 4830 765 4896 videntur,
810 4841 862 4885 et
899 4848 1015 4900 qua:
1064 4835 1278 4888 nomine
1320 4833 1577 4888 duntaxat
1619 4831 1768 4887 nobis
1805 4833 2016 4900 cognita

500 4927 644 4982 sunt,
673 4918 894 4974 aﬁirmat
930 4936 1262 4976 ascensuros.
1307 4921 1440 4976 Hinc
1477 4922 1612 4975 libro
1651 4935 1720 4973 vu
1749 4921 1805 4973 in
1845 4920 2012 4987 Epist.

498 5016 569 5066 ad
601 5011 771 5080 Rom.,
812 5028 954 5066 num.
990 5013 1042 5079 5,
1080 5030 1196 5084 pag.
1230 5014 1351 5081 600,
1386 5029 1450 5068 ea
1495 5029 1612 5083 qum
1658 5013 1826 5068 oculis
1860 5027 2016 5065 usur-

471 5113 714 5176 Ipantur,
749 5101 950 5154 aridam
984 5104 1229 5157 nimirum
1274 5103 1352 5158 vel
1391 5105 1778 5158 ﬁrmamentum
1814 5101 2018 5169 sperari

500 5200 664 5259 vetat,
705 5189 797 5244 sed
821 5205 936 5258 qua:
966 5191 1020 5243 in
1061 5193 1241 5247 oculos
1272 5208 1376 5247 non
1409 5193 1711 5256 incurrunt,
1747 5201 1798 5244 et
1821 5199 2020 5243 :cterna

502 5287 646 5344 sunt,
685 5293 874 5346 nempe
920 5277 1142 5334 coelum:
1180 5299 1198 5331 ι
1241 5281 1348 5334 lmo
1387 5281 1560 5349 potius
1587 5319 1602 5343 ,
1627 5279 1818 5346 inquit,
1858 5275 2022 5331 caelos

505 5373 671 5425 multo
707 5367 1079 5424 eminentiores
1119 5378 1174 5423 et
1208 5369 1529 5424 excelsiores
1574 5383 1731 5437 quam
1775 5376 1856 5420 est
1897 5365 2023 5419 illud

506 5463 892 5512 ﬁrmamentum
929 5457 1066 5523 quod
1115 5459 1280 5511 videri
1315 5457 1482 5511 oculis
1529 5465 1724 5524 potest,
1776 5472 1795 5505 ›
1836 5461 1890 5507 et
1925 5461 2027 5507 ter-

506 5561 616 5600 ram
673 5548 963 5601 mansuetis
1011 5548 1367 5616 assignatam,
1420 5547 1658 5598 ediccute
1699 5541 1947 5610 Apostolo
1986 5543 2028 5596 ll

509 5636 632 5688 Cor.
661 5651 735 5700 tv,
766 5637 864 5690 l8:
903 5654 921 5686 ‹
955 5635 1067 5690 Non
1105 5633 1584 5701 contemplantibus
1615 5631 1770 5685 nobis
1795 5643 1912 5696 qua:
1954 5630 2030 5682 vi-

510 5722 717 5790 dentur,
755 5727 844 5780 sed
885 5740 1000 5790 qua:
1050 5742 1154 5782 non
1198 5727 1467 5779 videnlur:
1513 5735 1628 5790 qua:
1673 5719 1813 5772 enim
1852 5718 2034 5773 viden-

2118 4573 2182 4624 de
2219 4572 2666 4672 se.sententi_a.m
2710 4577 2781 4672 ad
2834 4577 3321 4646 Acberontem
3386 4572 3728 4665 profectas,
3767 4615 3876 4654 con-

2129 4660 2339 4758 scensis
2367 4661 2643 4759 vehiculis
2675 4666 2746 4718 ad
2776 4641 3329 4736 Acberusiadem

2127 4748 2252 4847 “iri:
2281 4748 2628 4847 εκιξίειιῖείιιξθ
2658 4751 2776 4806 illic
2807 4769 2919 4822 ρετ
2957 4769 3321 4833 supplicia
3361 4748 3716 4835 sceleribus
3743 4748 3856 4833 solvi

2120 4844 2174 4888 et
2205 4837 2426 4936 praemia
2459 4840 2694 4936 tandem
2747 4857 2957 4899 rerum
3027 4818 3219 4912 tie'ne

2119 4934 2174 4977 οι
2199 4925 2637 5028 aii-animalium
2675 4930 2860 5028 etiam
2910 4925 3449 5008 generationem
3489 4974 3868 5028 nonnunquﬂ“

2121 5021 2368 5069 remitti:
2403 5031 2528 5084 qua:
2573 5032 2711 5074 vero
2768 5021 3278 5096 insanabilibus
3335 5061 3488 5100 sese
3551 5021 3869 5104 facinoribus

2125 5105 2434 5172 alligarunt,
2473 5105 2530 5160 in
2564 5105 2882 5166 Tartarum
2952 5121 3231 5194 absque
3291 5133 3431 5188 una
3477 5137 3675 5194 futuri
3727 5140 3869 5194 emus

2125 5195 2592 5294 ερθξρτεεοῐρίξπὶ
2624 5209 2765 5294 tutu
2822 5217 3111 5272 quorum
3178 5222 3478 5278 crimina
3532 5230 3734 5283 sanari
3774 5241 3867 5294 p06—

2318 5284 2606 5382 projici‘et
2665 5289 2794 5346 illas
2853 5295 2915 5349 in
2974 5299 3416 5378 Tartarum,
3467 5318 3581 5372 sed
3621 5284 3871 5373 trans-arm

2133 5371 2243 5425 illic
2267 5387 2424 5462 anno
2451 5412 2467 5437 ,
2512 5372 2688 5431 [luctu
2729 5379 2870 5435 inde
2935 5355 3416 5459 ejici,'_e-tua-d,

2135 5458 2362 5524 revolvi,
2397 5473 2502 5514 nec
2533 5473 2666 5519 ante
2715 5467 2996 5534 liberari,
3050 5458 3269 5545 quam
3334 5458 3871 5546 eoé‘éxb‘riimm,

2136 5563 2272 5651 quos
2319 5549 2522 5651 injuria
2563 5553 2654 5608 vel
2692 5566 2880 5612 morte
2921 5560 3311 5629 affecerunt
3343 5595 3360 5630 :
3401 5595 3545 5650 qua:
3572 5598 3770 5651 puram
3797 5594 3868 5630 ειυ-

2140 5644 2248 5688 tem
2300 5646 2359 5741 et
2405 5640 2689 5699 insontem
2742 5648 3053 5706 duxerunt
3121 5661 3344 5720 vitam
3375 5708 3394 5732 ,
3423 5640 3871 5741 -cas-regioncm

2139 5727 2440 5791 quamdam
2489 5735 2866 5806 superiorem,
2919 5752 2983 5796 ct
3027 5747 3312 5811 deliciis
3354 5727 3727 5824 amucnteni,
3771 5767 3870 5822 φη
