3920 6474
477 482 609 535 1025

1705 471 1762 525 Ρ.
1805 466 2109 522 DANlELlS
2148 463 2387 518 HUETII

3755 440 3892 491 10ῗὶ

475 595 664 653 bitror,
695 600 746 644 et
775 589 1019 644 luunauis
1060 589 1233 644 adhuc
1284 589 1686 660 cogitationibus
1723 598 1777 642 et
1806 588 1992 640 menti-
2020 592 2065 645 Α
2098 596 2237 644 ram,
2274 594 2406 632 cum
2441 579 2602 629 Deus
2643 572 2766 626 erit
2798 568 3011 660 omnia
3051 565 3117 619 in
3153 560 3475 660 omnibus
3506 573 3528 621 ;
3583 570 3893 660 consequt-

471 682 568 735 bus
611 680 917 733 inusitatum
957 695 974 743 ;
1007 698 1027 730 ι
1084 679 1272 733 deinde
1311 681 1503 747 triplici
1548 681 1612 734 de
1662 692 1839 732 rerum
1867 691 1994 728 cou-

469 770 818 824 summatioue
857 778 910 825 et
960 784 1166 824 summa
1203 771 1526 825 beatitudine
1575 768 1841 839 proposita
1877 781 1995 819 sen-

468 860 661 921 tentia,
730 860 795 911 ad
864 858 1153 926 quamlibet
1221 862 1636 928 persequendam
1712 856 1997 923 unicuique

464 948 669 1001 arbitrii
724 949 807 1001 sui
868 948 1164 1003 libertatem
1225 950 1503 1018 permittit.
1558 948 1625 1001 Et
1671 955 1994 1015 postremum

469 1037 680 1090 tandem
737 1046 897 1105 caput
944 1037 1062 1091 libri
1099 1052 1182 1100 Ill,
1231 1037 1307 1090 De
1362 1037 1608 1104 princip.,
1638 1036 1776 1101 quod
1807 1042 1887 1086 est
1922 1030 1996 1083 De

464 1127 911 1178 consummatione
936 1126 1133 1189 mundi,
1164 1124 1360 1180 claudit
1386 1126 1467 1180 his
1503 1125 1715 1178 verbis:
1743 1142 1763 1175 ι
1801 1123 1994 1176 Hacte-

465 1230 566 1268 nus
599 1215 750 1267 nohis
775 1215 932 1267 etiam
965 1229 1231 1282 corporeae
1248 1227 1453 1269 natura:
1485 1215 1563 1267 vel
1588 1213 1843 1281 spiritalis
1872 1226 1993 1266 cor-

466 1299 609 1366 poris
642 1298 843 1351 ratione
889 1298 1148 1362 discussa,
1200 1301 1423 1353 arbitrio
1474 1300 1695 1365 legentis
1737 1300 1990 1366 relinqui.

464 1404 604 1447 mus.
650 1402 715 1441 ex
755 1399 977 1451 utroque
1030 1392 1170 1459 quod
1218 1391 1407 1445 melius
1453 1392 1770 1459 iudicaverit
1798 1391 1994 1459 eligen-

462 1477 606 1529 dum.
638 1495 657 1528 ι
714 1476 933 1531 llomilia
975 1478 1045 1531 23
1098 1479 1149 1531 in
1192 1475 1388 1543 Iosue,
1436 1495 1582 1534 num.
1625 1481 1678 1544 4,
1712 1489 1991 1547 postquam

469 1581 577 1620 .oca
630 1568 865 1621 cmlestia
921 1569 1003 1623 his
1054 1569 1395 1624 terrestribus
1441 1570 1633 1624 similia
1676 1571 1989 1636 assignavit,

460 1656 719 1723 ejusmodi
781 1658 1035 1727 mysteria
1092 1660 1434 1714 veneratione
1489 1660 1645 1729 digna
1688 1668 1742 1713 et
1782 1660 1991 1713 silentio

461 1760 580 1799 esse
609 1745 870 1811 declarat,
902 1763 1000 1801 nec
1039 1762 1067 1799 a
1099 1748 1402 1803 mortalium
1459 1762 1747 1816 quoquam,
1773 1763 1840 1801 ne
1862 1749 1991 1815 ipsis

459 1835 673 1902 quidem
722 1837 981 1903 apostolis
1026 1838 1260 1905 perfecte
1305 1838 1532 1906 proferri
1569 1852 1741 1906 posse.
1789 1837 1989 1903 Quam-

2097 679 2182 722 tur
2213 667 2369 719 illinc
2409 662 2763 717 necessario
2805 657 3086 711 desitura
3148 654 3632 705 damnatorum
3680 649 3888 713 suppli-

2093 762 2199 821 cia,
2230 771 2413 825 eaque
2442 767 2740 810 noxarum
2797 751 3108 803 duntaxat
3161 737 3597 811 expurgandi
3654 751 3825 790 causa
3860 755 3887 790 a

2094 850 2204 903 Deo
2239 845 2574 900 hominibus
2607 839 2820 909 inﬂigi.
2844 834 3142 891 Hominis
3168 840 3365 885 esset
3407 829 3884 894 intemperantis,

2094 957 2273 1011 neque
2306 940 2448 994 satis
2484 935 2741 1004 tempori
2769 928 3099 1002 parcentis
3133 939 3289 989 suo,
3330 932 3745 1018 quascunque
3789 934 3883 973 re-

2094 1031 2248 1084 sauia
2288 1029 2396 1080 hac
2430 1025 2615 1080 oblita
2672 1023 2731 1076 in
2789 1016 3213 1088 Origeuianis
3275 1016 3774 1065 commentariis
3814 1023 3885 1061 re-

2096 1120 2409 1188 periuntur,
2448 1116 2653 1170 lectori
2698 1107 3103 1169 recensenda
3151 1105 3510 1174 objicere;
3566 1099 3722 1152 adeo
3752 1100 3883 1152 mul-

2096 1217 2180 1261 tus
2206 1217 2294 1261 est
2322 1209 2377 1260 in
2406 1209 2515 1262 hoc
2543 1208 2825 1274 dogmate
2856 1198 3237 1271 prodendo,
3309 1202 3385 1247 et
3435 1193 3697 1246 odiosus
3746 1193 3881 1244 Ads-

2095 1301 2359 1355 mantius.
2397 1299 2509 1352 Sed
2570 1312 2644 1351 ne
2688 1311 2797 1349 nos
2864 1304 3097 1346 tamen
3154 1303 3189 1340 a
3257 1300 3462 1339 more
3523 1281 3884 1335 deﬂectamtts

2095 1399 2306 1449 nostro,
2342 1387 2587 1440 illustria
2623 1385 2813 1439 solum
2841 1381 2996 1435 tidei
3028 1392 3237 1432 causa
3279 1387 3711 1444 seponetnus.
3739 1371 3881 1425 Prior

2093 1478 2338 1533 occurrit
2396 1477 2553 1530 locus
2603 1473 2808 1529 bomil.
2868 1472 2908 1524 7
2980 1473 3053 1523 in
3104 1469 3355 1529 Levit.,
3422 1466 3491 1517 in
3532 1478 3657 1531 qua
3689 1463 3884 1530 prolixe

2095 1568 2339 1636 disputat
2366 1565 2648 1636 quomodo
2678 1561 2844 1616 Patri
2886 1559 3248 1627 subjectus
3291 1555 3516 1611 Filius
3542 1554 3663 1607 dici
3703 1556 3878 1623 possit,

2096 1657 2450 1723 ostenditque
2502 1653 2710 1708 Filium
2778 1660 3069 1706 eatenus
3142 1645 3284 1700 dici
3358 1643 3552 1697 Patri
3612 1657 3728 1696 non
3775 1659 3880 1697 esse

2094 1751 2429 1818 subjectum,
2455 1754 2749 1815 quatenus
2782 1755 2931 1805 nos,
2972 1739 3091 1807 qui
3157 1750 3412 1791 sumus
3444 1733 3685 1789 Christi
3720 1748 3876 1788 mem-

2094 1840 2213 1901 bra,
2249 1836 2395 1891 Patri
2428 1835 2667 1888 minime
2712 1830 2992 1897 subjecti
3056 1841 3330 1882 sumus.
3387 1843 3411 1875 ι
3473 1823 3637 1878 Cum
3668 1838 3815 1885 vero,
3856 1841 3875 1874 ι

455 1927 636 1977 obrem
660 1934 713 1978 et
736 1925 869 1978 libro
914 1942 965 1979 tv
1007 1928 1144 1995 Περὶ
1169 1926 1385 1995 ἀρχῶν,
1419 1942 1562 1981 num.
1599 1927 1689 1991 25,
1716 1942 1836 1996 pag.
1867 1928 1989 1991 186,
2021 1913 2064 1966 Β
2096 1930 2294 1997 inquit,
2319 1940 2471 1979 num.
2502 1924 2559 1986 2,
2608 1938 2747 1992 pag.
2794 1921 2957 1986 222,
3044 1937 3071 1971 e
3124 1915 3701 1972 consummaverit
3755 1931 3875 1983 opus

456 2028 675 2082 regnum
703 2016 957 2071 caelorum
991 2018 1242 2072 thesauro
1272 2019 1323 2071 in
1356 2032 1485 2085 agro
1518 2018 1828 2073 abscondito
1853 2032 1993 2072 com-

456 2113 698 2174 paratum
732 2105 897 2159 fuisse
924 2116 1093 2174 putat.

528 2193 929 2256 Verumtamen,
977 2196 1219 2264 quamvis
1255 2197 1457 2266 liquido
1508 2206 1562 2253 et
1612 2199 1728 2254 sine
1771 2200 1991 2266 ambage

454 2294 830 2349 asseverasset,
874 2300 991 2353 quae
1034 2286 1269 2340 incertus
1325 2292 1623 2356 proposuit,
1686 2300 1989 2343 sanctorum

456 2373 656 2440 aliquot
681 2373 915 2426 virorum
949 2373 1215 2443 suffragiis
1247 2386 1300 2429 et
1326 2391 1587 2431 consensu
1623 2378 1987 2446 adjuvaretur.

452 2462 696 2517 Clemens
739 2463 1123 2517 Alexandrinus
1168 2464 1259 2518 lib.
1325 2482 1363 2519 ll
1419 2466 1611 2521 Strom.
1658 2468 1708 2521 id
1756 2467 1991 2523 Platonis

454 2553 683 2620 axioma,
730 2569 833 2623 quo
889 2564 997 2608 tum
1043 2556 1253 2609 beatum
1308 2557 1572 2611 hominem
1621 2572 1736 2612 esse
1782 2558 1987 2625 definit,

452 2658 573 2696 cum
619 2643 724 2698 Deo
774 2644 961 2697 similis
1004 2655 1104 2708 est,
1147 2646 1437 2714 Scriptura:
1468 2662 1634 2700 sacrae
1671 2648 1991 2702 auctoritate

452 2732 708 2788 defendit.
746 2733 819 2786 De
847 2738 1003 2788 modo
1048 2751 1108 2790 ac
1144 2737 1257 2791 loco
1292 2738 1561 2791 felicitatis
1594 2747 1916 2802 sanctorum,
1959 2756 1988 2794 a

450 2822 635 2890 primis
691 2839 857 2891 usque
912 2825 1157 2879 Ecclesiae
1220 2827 1538 2894 temporibus
1594 2827 1660 2879 ad
1727 2828 1989 2882 Innocen-

453 2913 582 2966 tium
605 2911 670 2965 Ill
697 2920 750 2967 et
778 2913 1108 2969 Benedictum
1130 2914 1217 2981 XI,
1241 2930 1303 2969 ac
1322 2898 1673 2968 Florentinam
1699 2918 1987 2987 synodum,

448 3001 580 3056 nihil
611 3003 741 3057 certi
768 3002 865 3055 fuit
891 3004 957 3056 ab
992 3003 1232 3058 Ecclesia
1258 3005 1653 3073 praescriptum,
1684 3009 1817 3060 adeo
1848 3016 1905 3059 ut
1934 3006 1986 3060 in

451 3090 667 3145 diversa
697 3090 883 3146 Patres
917 3094 1163 3148 abierint.
1201 3094 1394 3147 Eorum
1418 3097 1714 3150 sententias
1744 3105 1795 3150 et
1835 3096 1987 3151 testi-

448 3182 624 3234 monia
650 3182 860 3247 collegit
894 3181 1078 3236 Sixtus
1122 3184 1374 3238 Senensis
1415 3184 1508 3237 lib.
1538 3200 1573 3238 v
1630 3184 1790 3251 Bibl.,
1820 3191 1985 3242 adno-

452 3276 547 3321 tat.
582 3269 704 3333 545,
735 3280 792 3323 ut
817 3270 869 3323 in
902 3271 1089 3324 iisdem
1117 3271 1221 3324 huc
1248 3274 1565 3339 reponendis
1587 3288 1981 3342 supervacanea

444 3359 621 3414 omnis
647 3374 765 3415 esse
804 3374 962 3428 opera
1010 3361 1272 3414 videatur.
1316 3362 1513 3416 Praeter
1534 3378 1626 3418 eos
1659 3366 1747 3435 qui
1772 3368 1839 3421 ab
1871 3369 1985 3439 ipso

446 3450 849 3503 commemorati
888 3459 1031 3515 sunt,
1060 3451 1191 3503 adiri
1224 3450 1380 3503 velim
1410 3452 1665 3520 Cypriani
1697 3458 1984 3522 epistolam

449 3533 537 3596 52,
569 3535 635 3588 ad
688 3536 1071 3604 Antonianum,
1124 3537 1470 3592 Novatianum
1518 3541 1609 3600 lib.
1665 3543 1742 3598 De
1769 3545 1984 3612 Trinit.,

447 3636 565 3691 cap.
595 3627 663 3687 1;
706 3626 1049 3679 Athanasium
1092 3627 1145 3679 in
1204 3626 1534 3694 Expositione
1586 3632 1729 3699 ﬁdei,
1773 3639 1986 3702 paradi-

444 3727 561 3766 sum
586 3712 772 3766 latroni
796 3728 825 3765 a
854 3713 1066 3767 Christo
1096 3714 1147 3767 in
1175 3729 1334 3769 cruce
1356 3718 1696 3784 promissum,
1719 3735 1840 3775 eum
1867 3739 1985 3781 esse

446 3811 752 3855 censentem
793 3803 929 3857 unde
960 3804 1192 3858 Adamus
1236 3805 1438 3874 ejectus
1482 3817 1584 3871 est,
1630 3824 1749 3864 cum
1785 3812 1984 3883 Cyrillo

444 3891 882 3962 Jerosolymitano
936 3893 1142 3950 Cateclt.
1171 3907 1387 3965 mystag.
1430 3914 1470 3962 ι,
1523 3898 1717 3954 Basilio
1757 3902 1808 3956 in
1844 3905 1982 3961 libro

448 3982 524 4035 De
553 3982 817 4048 paradiso,
868 3991 923 4036 et
966 3999 1084 4045 cap.
1119 3985 1184 4039 27
1221 3986 1341 4041 libri
1391 3988 1467 4041 De
1516 3986 1715 4055 Spiritu
1759 4005 1979 4062 sancto;

445 4071 701 4138 Gregorio
725 4072 965 4142 Nysseno
995 4075 1045 4128 in
1072 4086 1212 4132 orat.
1250 4078 1304 4129 in
1328 4078 1670 4147 quadraginta
1703 4095 1977 4153 martyres,

446 4169 500 4213 et
519 4159 740 4215 Paulino
763 4162 982 4229 Nolano,
999 4165 1134 4217 idem
1158 4167 1511 4220 sentientibus
1531 4183 1591 4221 ac
1619 4171 1789 4224 sensit
1814 4175 1979 4227 Attia—

444 4249 647 4302 nasius.
679 4251 913 4303 Adeatur
939 4258 991 4305 et
1022 4252 1353 4321 Epiphanius
1397 4253 1448 4306 in
1496 4254 1651 4322 epist.
1702 4261 1767 4310 ad
1819 4260 1974 4315 Joau.

441 4333 778 4406 Jerosolym.,
809 4354 925 4406 cap.
974 4341 1029 4407 4,
1075 4349 1127 4394 et
1180 4343 1230 4394 in
1259 4343 1536 4408 Ancorato,
1572 4358 1687 4413 cap.
1722 4346 1814 4411 54,
1846 4349 1971 4403 alibi

443 4426 742 4490 paradisum
769 4429 1055 4493 collocaris,
1105 4431 1231 4484 alibi
1271 4431 1505 4494 caelum;
1546 4442 1602 4486 et
1647 4434 1976 4502 Augustinus

2093 2030 2274 2077 suum,
2311 2022 2367 2067 et
2406 2012 2737 2066 universam
2775 2018 3175 2063 creaturam
3250 2021 3454 2059 suam
3496 2006 3577 2060 ad
3615 2021 3875 2059 summum

2091 2103 2448 2173 perfectionis
2473 2100 2816 2165 adduxerit,
2853 2108 3023 2153 tunc
3080 2099 3233 2167 ipse
3280 2098 3562 2152 dicetur
3609 2096 3877 2165 subjectus

2094 2194 2145 2246 in
2182 2192 2269 2246 his
2295 2206 2434 2261 quos
2457 2191 2713 2245 subdidit
2741 2189 2953 2251 Patri,
2999 2198 3074 2242 et
3121 2189 3188 2240 in
3248 2188 3515 2257 quibus
3555 2202 3708 2255 opus
3748 2190 3878 2256 quod

2091 2284 2138 2337 ei
2168 2283 2333 2336 Pater
2361 2281 2595 2336 dederat
2624 2278 3146 2344 consummavit,
3187 2288 3268 2331 ut
3310 2280 3371 2333 si
3411 2276 3587 2333 Deus
3620 2280 3805 2332 omnia
3833 2282 3879 2331 in

2089 2374 2363 2425 omnibus.
2402 2389 2420 2422 ι
2468 2368 2782 2436 Subjungit
2816 2369 3071 2424 deinde
3124 2370 3493 2423 Christum
3546 2380 3675 2423 tum
3706 2371 3875 2423 vinum

2090 2463 2412 2525 bibiturum,
2460 2478 2479 2511 ι
2535 2475 2667 2514 cum
2716 2458 3017 2526 subjecta
3116 2460 3183 2513 ei
3236 2459 3505 2514 fuerint
3565 2460 3783 2525 omnia,
3828 2472 3873 2515 et

2090 2549 2314 2604 salvatis
2350 2550 2615 2603 omnibus
2646 2562 2717 2601 ac
2748 2548 3102 2602 destructa
3146 2559 3386 2603 morte
3418 2552 3697 2618 peccati,
3748 2551 3868 2603 ultra

2084 2640 2195 2709 jam
2237 2641 2611 2695 necessarium
2651 2654 2766 2693 non
2813 2642 2948 2694 erit
3000 2640 3272 2697 offerre
3310 2645 3575 2699 hostias
3609 2659 3715 2715 pro
3753 2659 3867 2713 pec-

2089 2740 2233 2786 cato.
2268 2749 2287 2782 ι
2322 2732 2489 2785 Addit
2512 2729 2681 2799 paulo
2724 2739 2866 2797 post
2898 2749 2919 2786 :
2966 2748 2998 2783 α
3038 2733 3342 2797 Quanto
3374 2737 3592 2805 magis
3626 2737 3866 2790 Dominus

2089 2831 2145 2876 et
2169 2821 2425 2875 Salvator
2464 2830 2681 2885 noster,
2733 2824 2842 2893 qui
2907 2834 3131 2893 caput
3200 2835 3273 2880 et
3309 2835 3555 2882 auctor
3607 2826 3865 2882 esttoties

2090 2911 2356 2981 corporis,
2406 2928 2517 2965 non
2553 2913 2660 2967 sibi
2701 2912 3073 2982 perfectam
3147 2916 3335 2971 dicit
3398 2932 3552 2973 esse
3610 2920 3860 2982 lmtitiam,

2088 3001 2258 3056 donec
2284 3002 2492 3070 aliquid
2538 3019 2608 3059 ex
2664 3007 2977 3062 membris
3048 3007 3322 3065 deesse
3365 3012 3633 3081 corpori
3670 3024 3770 3065 suo
3804 3010 3868 3065 vi-

2086 3089 2233 3144 det?
2281 3109 2301 3143 ι
2358 3091 2784 3162 Subjectionem
2875 3099 3069 3152 illam
3128 3101 3359 3157 simili
3411 3104 3605 3157 modo
3657 3103 3864 3171 exponit

2086 3180 2181 3235 lib.
2226 3196 2286 3234 Ill
2323 3183 2466 3249 Περὶ
2496 3184 2734 3253 ἀρχῶν,
2773 3202 2917 3254 cap.
2964 3190 3041 3253 5,
3104 3207 3323 3246 num.
3384 3194 3456 3259 6,
3516 3208 3634 3249 cun

2323 3183 2466 3249 Περὶ
2496 3184 2734 3253 ἀρχῶν,
2773 3202 2917 3254 cap.
2964 3190 3041 3253 5,
3104 3207 3323 3246 num.
3384 3194 3456 3259 6,
3516 3208 3657 3249 cum
3696 3194 3862 3249 scribit

2086 3269 2361 3325 Christum
2402 3273 2457 3326 iu
2488 3277 2805 3344 semetipso
2838 3280 3458 3348 complectentem
3492 3301 3709 3340 omnes
3745 3300 3863 3354 quos

2085 3359 2313 3428 subjecit
2350 3360 2526 3427 Patri,
2565 3374 2625 3417 et
2648 3366 2745 3434 qui
2780 3367 2975 3437 hujus
3030 3387 3189 3442 ope
3241 3376 3537 3432 salutem
3593 3379 3862 3434 consecuti

2082 3458 2225 3540 sunt,
2277 3463 2402 3540 cum
2436 3451 2579 3519 ipsis
2609 3463 2671 3509 et
2723 3457 2782 3510 in
2817 3458 2977 3526 ipsis
3043 3463 3263 3520 Patri
3334 3468 3694 3540 subjectum
3747 3470 3863 3523 dici.

2084 3538 2362 3592 Subnectit
2390 3551 2583 3609 postea
2606 3559 2770 3600 num.
2804 3548 2840 3600 7
2872 3565 2890 3602 :
2923 3568 2944 3601 ι
2978 3550 3057 3606 Si
3103 3567 3296 3623 ergo
3328 3538 3506 3613 bona
3544 3570 3608 3614 et
3629 3559 3868 3613 salutaris

2082 3628 2348 3697 accipitur
2376 3629 2483 3684 ista
2516 3633 2832 3703 subjectio,
2864 3654 2994 3707 qua
3050 3645 3446 3715 subjectus
3485 3666 3631 3706 esse
3674 3652 3866 3705 dicitur

2084 3716 2249 3771 Filius
2270 3717 2442 3783 Patri,
2469 3722 2631 3776 valde
2685 3739 3109 3797 consequens
3168 3746 3243 3790 ct
3299 3742 3645 3795 cohaerens
3674 3752 3781 3803 est,
3817 3751 3863 3791 ut

2084 3805 2428 3859 inimicorum
2496 3824 2624 3876 qua:
2676 3813 2904 3869 dicitur
2949 3818 3156 3877 Filio
3206 3826 3339 3881 Dei
3390 3843 3545 3884 esse
3579 3832 3861 3901 subiectio.

2082 3895 2336 3949 salutaris
2397 3900 2651 3965 quaedam
2708 3902 3115 3976 intelligatur
3202 3927 3279 3971 et
3328 3921 3570 3975 utilis:
3629 3895 3706 3975 ut‘
3733 3928 3860 3975 sicut

2081 4000 2202 4039 cum
2244 3986 2446 4039 dicitur
2480 3988 2660 4044 Filius
2715 3991 2886 4049 Patri
2949 4002 3377 4073 subjectus,
3428 4014 3706 4081 perfecta
3755 4015 3858 4066 uui-

3100 4458 3181 4509 κ.
3260 4461 3406 4518 Sed
3456 4478 3528 4521 et
3588 4470 3858 4539 aliquade

444 4510 537 4627 tib,
591 4528 658 4612 xx.
707 4514 782 4568 De
828 4519 967 4617 civit.
1009 4518 1126 4585 Dei,
1171 4520 1473 4627 cap.'1‘nel
1510 4520 1598 4619 lii,
1627 4521 1680 4575 iu
1708 4523 1972 4627 aliquibus
2008 4540 2050 4593 ι)
2075 4518 2544 4627 subjectionedlla
2584 4528 2715 4584 Filii
2761 4533 3025 4594 disserit
3105 4510 3542 4627 “aclis-3:,

442 4597 656 4667 Origeni
688 4606 1045 4672 consentiens,
1080 4617 1134 4661 et
1165 4617 1350 4663 auctor
1381 4608 1735 4673 Qumtionum
1761 4613 1830 4663 ad
1859 4617 1968 4669 An.

441 4687 686 4750 tiochum,
724 4689 1022 4747 hominibus
1053 4695 1423 4749 absconditum
1470 4695 1591 4760 hoc,
1641 4704 1695 4748 et
1734 4696 1966 4764 ignomm

440 4792 558 4834 esse
586 4783 892 4849 mysterium
919 4787 1151 4846 ediceus.

518 4870 655 4924 XVI.
692 4871 832 4926 Satis
873 4890 936 4928 ex
975 4879 1356 4944 superioribus,
1401 4880 1562 4935 etiam
1619 4895 1705 4934 me
1750 4881 1963 4945 silente,

440 4960 713 5029 colligitur
738 4961 1103 5018 damnatorum
1130 4970 1301 5032 poenis
1334 4973 1546 5024 modum
1591 4970 1877 5037 aliquando
1915 4982 1970 5026 et

441 5053 596 5106 finem
646 5066 713 5104 ex
763 5052 978 5106 decreto
1031 5054 1276 5121 Origenis
1324 5059 1625 5126 impositum
1686 5060 1790 5115 iri:
1844 5076 1964 5115 cum

437 5146 578 5198 enim
623 5143 858 5197 futurum
903 5151 1051 5194 ratus
1089 5142 1181 5206 sit,
1227 5154 1285 5198 ut
1330 5163 1701 5218 quemcunque
1755 5160 1967 5204 teneant

437 5246 632 5288 statum
672 5230 883 5292 anitum,
913 5242 1137 5296 peccare
1185 5234 1407 5298 possint,
1439 5244 1492 5289 et
1524 5238 1699 5305 reipsa
1732 5252 1965 5306 persarpe

436 5332 680 5396 peccent,
718 5335 779 5374 ac
819 5334 917 5388 pro
954 5320 1186 5388 peccatis
1224 5321 1305 5374 vel
1351 5326 1555 5379 meritis
1583 5337 1834 5394 perpetuo
1855 5329 1963 5381 cir-

436 5418 577 5471 zaitu
606 5414 673 5468 ab
695 5412 814 5467 imis
846 5410 912 5464 ad
946 5424 1173 5471 summa,
1200 5425 1227 5462 a
1255 5414 1477 5469 summis
1523 5418 1587 5469 ad
1632 5418 1735 5469 ima
1788 5418 1963 5472 revol-

448 5514 660 5567 vantur,
691 5504 960 5572 ipsiusque
1004 5497 1196 5554 diaboli
1250 5513 1433 5553 aversa
1485 5516 1516 5555 a
1559 5502 1668 5559 Deo
1715 5504 1964 5561 voluntas

438 5592 561 5645 olim
592 5596 908 5648 conterenda
942 5592 1030 5656 sit,
1060 5597 1115 5643 et
1137 5587 1245 5641 Deo
1278 5586 1421 5642 Patri
1462 5606 1681 5661 regnum
1718 5592 1962 5650 Christus

440 5681 507 5731 sit
534 5681 839 5743 traditurus,
886 5692 1101 5753 tumque
1149 5676 1534 5733 exiSlimaverit
1585 5681 1793 5747 plenam
1845 5697 1959 5737 0m-

444 5766 583 5820 nium
621 5770 1045 5831 ἀποκατάστασιν
1071 5789 1131 5829 at:
1156 5769 1438 5844 perfectam
1476 5769 1782 5825 felicitatem
1809 5772 1956 5843 futu-

2098 5197 2539 5266 ;.ζζζ.”ἐ.ζὶζζίζζέ’ῗ
2575 5197 2783 5266 ’,’ῗ’“’¹¹“³
2815 5197 3077 5266 Ϊ¹¹Ἳ¹¹υ¹ν
3126 5198 3300 5242 cm"
3346 5197 3686 5260 Plenitudo
3722 5216 3843 5266 scn-

2101 5245 2104 5246 ν
2241 5245 2252 5251 ,
2394 5245 2405 5255 ,
2481 5245 2491 5255 .
2815 5257 2827 5267 .
3346 5245 3364 5260 ¹
3427 5245 3681 5253 in"---
3722 5245 3814 5266 βψ

2072 5245 2208 5359 .l‘l'l'lllll:
2240 5250 2864 5359 inn-tnrpterit,‘etcum-ts
2906 5262 3123 5323 Israel
3184 5278 3429 5339 salvus
3477 5290 3629 5355 erit,
3661 5290 3847 5359 ﬁetque

2070 5338 2211 5434 uitus
2242 5345 2416 5434 grex,
2437 5345 2494 5390 et
2519 5352 2665 5394 unus
2688 5354 2922 5414 pastor,
2958 5364 3027 5408 et
3066 5358 3299 5422 Deum
3344 5372 3440 5427 ita

2070 5415 2306 5521 clusisse
2333 5427 2437 5482 sub
2463 5442 2715 5499 peccato,
2756 5448 2823 5491 ut
2853 5449 3161 5508 omnium
3198 5415 3843 5527 (ωηιυηῖ

2067 5521 2713 5633 Eliercreturzillustris
2733 5532 2933 5633 etii-le
2966 5537 3169 5633 locus
3207 5566 3253 5605 e
3281 5556 3543 5615 Catena
3573 5562 3754 5633 Regia
3792 5564 3840 5614 in

2452 5618 2705 5725 lia-pag:
2743 5621 2929 5725 fis:
2967 5631 3108 5689 Καὶ
3187 5618 3771 5725 συντελεσθήσεῗται
3813 5653 3841 5704 ὁ

2068 5687 2242 5815 (ipf;
2275 5722 2440 5815 Poti-
2483 5711 2634 5814 ἷοῡτο
2675 5710 2849 5815 δηλιοῖ.
2874 5718 2970 5771 ὅτι
3002 5726 3239 5815 πέρας
3285 5738 3429 5803 ἕξει
3457 5745 3494 5795 ὁ
3530 5687 3717 5815 θιέμὸς
3748 5746 3837 5797 τοῦ

2065 5778 2108 5833 Θ
2174 5784 2201 5794 .-
2392 5801 2417 5811 ~
2498 5802 2521 5814 υ
2727 5778 2737 5782 ,
3097 5778 3236 5798 ι--ν
3285 5778 3429 5803 *τι-ν·
3457 5778 3494 5795 ν
3530 5778 3712 5815 νυμυι»
3752 5778 3831 5797 λψδ

2112 5798 2230 5855 sou,
2271 5794 2421 5868 ὁμου
2466 5820 2559 5874 της
2608 5802 2930 5872 συντελείας
2973 5814 3089 5869 τοῦ
3148 5823 3421 5897 κόσμου
3451 5850 3463 5863 °
3522 5844 3584 5892 ct
3632 5834 3728 5893 hic
3772 5845 3831 5889 εδ
