3920 6488
127 373 282 437 1025
935 387 1485 446 ORIGENMNORUM
1520 388 1643 442 LIB.
1680 386 1741 450 ll,
1781 386 1933 440 CAP.
1969 387 2030 450 ll,
2074 388 2344 452 QUAEST.
2382 390 2476 446 XI.
3161 389 3301 448 {0‘26

124 492 331 547 oomil.
370 490 411 545 4
456 489 510 546 in
534 495 784 553 eumdem
822 502 1155 569 prophetam,
1205 517 1349 555 num.
1380 502 1412 555 8
1442 519 1456 554 :
1498 521 1516 551 ι
1550 499 1690 552 Talis
1718 500 1760 556 Α
1788 497 2096 565 perfectum,
2129 498 2182 551 in
2217 513 2520 553 mensuram
2554 500 2726 555 aetatis
2768 499 3112 569 plenitudinis
3142 500 3302 556 ειπε-

116 592 205 637 est
223 585 471 652 justus:
510 583 650 638 vidit
689 592 942 643 mundum
990 600 1113 644 ante
1138 591 1419 653 diluvium,
1458 591 1555 644 hoc
1606 599 1676 643 est

1784 584 1885 645 sti;
1913 602 1931 634 ι
1962 597 2061 636 nec
2097 583 2362 638 daemones
2388 585 2598 652 quidem
2644 588 2784 654 ipsos
2825 586 3179 641 restitutionis
3206 588 3304 640 hu-

117 678 251 723 ante
288 673 838 728 consummationem
878 694 892 730 :
952 678 1082 730 vidit
1114 678 1363 731 mundum
1391 680 1443 730 in
1472 677 1684 739 diluvio,
1781 672 1867 739 jus
1895 670 2152 725 beneficio
2215 672 2481 725 carituros
2522 688 2638 729 esse
2664 684 2831 742 putat.
2863 674 3061 739 Qumrit
3097 674 3163 727 ad
3193 675 3303 729 hanc

115 758 168 810 in
208 758 599 825 corruptione
646 771 699 814 et
745 763 798 815 in
852 762 1068 816 interitu
1100 774 1459 831 peccatorum,
1494 778 1608 830 quae
1636 764 1687 816 in
1788 771 1914 814 tom.
1981 776 2015 813 x
2060 761 2114 811 in
2146 758 2355 824 Matth,
2393 776 2539 813 num.
2586 764 2639 825 5,
2699 778 2817 830 pag.
2868 763 2991 825 445,
3040 763 3303 829 quomodo

110 844 202 896 die
233 854 392 896 sunt
434 854 696 899 eventura
730 846 946 913 iudicii:
980 863 1185 901 rursum
1214 848 1411 901 videbit
1443 846 1687 899 mundum
1786 847 1990 900 diversa
2036 846 2136 899 erit
2193 847 2244 899 iii
2301 848 2689 901 resurrectione
2739 849 3009 901 hominum
3062 850 3302 915 claritas,

109 930 162 981 in
226 932 673 985 resurrectione
727 935 959 986 omnium
1009 945 1387 1003 peccatorum;
1428 954 1446 986 ι
1502 944 1555 988 et
1604 934 1690 987 ille
1780 935 1929 1004 juxta
1977 936 2305 1004 Apostolum,
2340 934 2357 986 Ι
2388 937 2509 989 Cor.
2554 951 2638 998 xv,
2665 936 2754 999 41,
2794 953 2911 991 cum
2943 939 3134 1012 dixerit
3178 938 3303 992 Ser—

105 1033 354 1086 quoque
395 1034 469 1072 ex
502 1022 686 1075 homil.
719 1012 804 1087 10,
856 1033 1107 1091 sequente
1162 1039 1305 1078 num.
1346 1025 1424 1076 5:
1476 1041 1494 1074 ι
1527 1023 1690 1078 Aiunt
1784 1036 1971 1079 valor:
2011 1025 2187 1079 «διιειί
2235 1025 2507 1093 fulgebunt
2558 1026 2697 1079 sicut
2743 1027 2843 1090 sol,
2891 1046 2909 1079 ι
2964 1027 3149 1081 Matth.
3179 1044 3299 1094 xui,

106 1107 344 1161 Hebraei
382 1109 685 1164 Sodomam
715 1112 767 1165 in
794 1114 1030 1167 eumdem
1067 1124 1260 1169 statum
1284 1113 1685 1173 restituendam,
1784 1117 1889 1180 43;
1923 1124 2031 1170 tum
2059 1115 2340 1184 respondet
2380 1115 2432 1167 in
2474 1115 2590 1182 ipso
2630 1113 2970 1169 beatitudinis
3011 1117 3182 1182 initio,
3220 1118 3303 1170 fu-

104 1198 157 1250 in
188 1213 321 1265 quo
352 1209 422 1251 et
452 1208 613 1252 antea
661 1204 917 1266 constitit,
952 1213 1009 1256 ut
1048 1220 1253 1258 rursum
1308 1204 1559 1272 paradiso
1597 1203 1686 1256 Dei

102 1297 156 1340 st
192 1296 390 1342 terrae
418 1289 644 1359 Egypti
674 1302 1032 1360 comparetur.
1064 1293 1125 1346 ει
1162 1295 1263 1347 hoc
1302 1306 1359 1346 se
1405 1293 1481 1346 sic
1509 1292 1685 1354 habet,

103 1387 158 1431 et
181 1377 320 1431 sive
359 1378 621 1433 futurum
653 1389 756 1444 est,
790 1382 905 1435 sive
930 1396 1032 1435 non
1068 1399 1082 1447 ;
1122 1387 1427 1449 quaerentur
1446 1380 1584 1433 enim
1612 1379 1685 1431 is-

103 1466 401 1519 tiusmodi
443 1481 539 1521 res
568 1468 706 1536 apud
745 1483 840 1523 eos
868 1469 954 1536 qui
980 1469 1269 1523 doctissimi
1297 1477 1454 1522 sunt:
1501 1476 1557 1521 ut
1591 1481 1686 1520 au-

99 1564 209 1607 tem
246 1553 367 1606 fiat
406 1556 561 1622 quod
586 1557 804 1617 dicitur,
832 1558 1232 1624 complebuntur
1260 1558 1389 1611 mihi
1424 1570 1683 1610 annorum

99 1641 207 1693 tria
258 1642 496 1706 millia,
552 1652 609 1699 et
658 1653 783 1697 tunc
829 1645 1135 1698 restituetur
1180 1644 1478 1697 excruciata
1518 1642 1687 1696 tribus

99 1729 374 1785 millibus
435 1747 707 1787 annorum
760 1733 1007 1796 Sodoma,
1059 1734 1109 1786 id
1168 1742 1249 1787 est
1300 1734 1476 1787 anima
1522 1746 1682 1787 mea:

99 1818 397 1883 Sodoma,
440 1822 582 1875 meis
616 1835 775 1889 paena
814 1820 1063 1887 peccatis.
1106 1821 1316 1875 Grande
1348 1822 1679 1878 intervallum

97 1908 403 1975 temporis
463 1910 614 1962 inter
669 1910 1052 1963 restitutionem
1096 1920 1150 1963 et
1204 1910 1411 1965 ruinam
1452 1914 1677 1981 positum

94 2006 201 2050 est.
244 2015 272 2048 ι
342 1997 577 2051 Anium
605 1998 937 2067 postmodum
986 2000 1156 2053 noxia:
1208 2001 1425 2069 ﬁguram
1462 2016 1579 2056 esse
1607 2003 1680 2056 ait

95 2085 467 2153 Samariam,
524 2101 646 2155 quae
684 2101 801 2140 'non
857 2086 989 2141 alias
1033 2089 1355 2143 restituenda
1398 2092 1483 2153 sit,
1522 2107 1678 2160 quam

92 2188 218 2227 cam
265 2173 495 2227 decem
553 2173 724 2228 tribus
764 2175 961 2228 fuerint
1009 2188 1256 2239 reversae,
1289 2187 1395 2231 tum
1418 2179 1530 2232 ait:
1578 2179 1677 2232 «Si

91 2272 293 2319 autem
333 2272 514 2317 tanto
544 2271 667 2330 post
707 2272 939 2331 tempore
963 2266 1267 2320 restituetur
1296 2266 1346 2320 id
1372 2268 1511 2334 quod
1537 2282 1678 2335 prae-

90 2355 269 2410 cessit
334 2353 401 2406 in
448 2355 695 2421 signum,
725 2355 935 2421 quando
981 2364 1034 2407 ιιι
1078 2357 1395 2423 restitueris,
1430 2358 1474 2411 si
1502 2366 1676 2411 tamen

92 2442 462 2505 restitueris,
509 2440 854 2494 Samaritana
879 2449 933 2494 et
964 2442 1208 2498 hairetica
1242 2445 1438 2498 anima.
1477 2461 1577 2513 qua
1610 2446 1679 2498 si-

93 2533 387 2588 mulacris
421 2538 481 2583 et
514 2529 667 2584 feriis
691 2545 796 2583 non
830 2530 993 2595 veris,
1027 2545 1091 2585 ac
1125 2532 1388 2601 figmentis
1426 2534 1491 2587 de
1527 2532 1677 2588 Jero-

92 2622 258 2673 beam
296 2618 494 2674 corde
514 2616 853 2672 venientibus
876 2617 1186 2671 credidisti?
1207 2636 1226 2670 ι
1256 2618 1522 2685 Ejusmodi
1548 2635 1679 2675 non-

93 2708 245 2761 nulla
314 2706 382 2760 in
437 2704 795 2773 sequentibus
838 2704 1017 2759 videre
1056 2713 1159 2769 est,
1210 2706 1404 2774 quibus
1438 2710 1676 2763 doctrina

89 2795 297 2850 eadem
342 2792 690 2847 inculcatur.
713 2790 816 2845 Sed
842 2791 893 2844 in
919 2791 1221 2846 Adamantii
1253 2802 1424 2849 tamen
1454 2798 1675 2863 gratiam

93 2895 337 2940 notetur
372 2883 557 2947 istud,
594 2898 614 2932 ι
649 2882 706 2935 Si
731 2892 901 2935 tamen
933 2881 1245 2945 restitueris,
1271 2901 1291 2934 ι
1318 2899 1423 2952 quo
1446 2886 1677 2940 incertus

90 2975 217 3044 ejus
244 2982 318 3029 et
346 2972 639 3026 ﬂuctuans
666 2971 877 3026 animus
906 2972 1175 3041 proditur:
1211 2975 1254 3029 si
1286 2976 1442 3030 modo
1492 2975 1676 3046 Orige-

90 3067 341 3119 nianum
379 3062 572 3131 reipsa
605 3062 707 3115 hoc
747 3070 847 3126 est,
886 3075 987 3115 non
1020 3062 1375 3119 Ruﬁnianum.
1417 3064 1676 3120 lllustrius

88 3157 265 3209 etiam
304 3152 477 3207 istud
508 3160 564 3204 et
595 3150 719 3204 libri
756 3166 774 3204 ι
813 3152 946 3218 Περὶ
970 3151 1190 3219 ἀρχῶν,
1220 3168 1333 3221 cap.
1365 3155 1418 3219 ϐ,
1453 3171 1599 3209 num.
1622 3156 1674 3221 l,

84 3246 143 3309 2,
171 3245 231 3298 in
285 3256 422 3310 quo
458 3240 652 3308 probat
679 3240 779 3293 hoc
810 3239 1096 3307 Scriptura:
1130 3242 1466 3298 testimonio:
1495 3261 1514 3294 ι
1538 3243 1679 3297 Dixit

90 3334 389 3388 Dominus
419 3330 654 3383 Domino
678 3343 793 3382 meo
822 3345 836 3381 :
870 3327 1006 3382 Sede
1034 3342 1062 3381 a
1089 3330 1287 3384 dextris
1314 3332 1479 3386 meis:
1507 3332 1679 3386 Donec

86 3438 306 3492 ponam
359 3420 625 3473 inimicos
657 3427 773 3471 tuos
805 3418 1095 3472 scabellum
1127 3421 1317 3489 pedum
1346 3430 1551 3475 tuorum
1572 3421 1670 3486 “,i

84 3524 142 3565 et
173 3513 283 3566 illo
324 3511 346 3564 Ι
395 3509 534 3563 Cor.
562 3524 655 3571 xv,
706 3508 795 3573 24,
821 3508 890 3562 25
917 3525 931 3561 :
974 3525 993 3559 ι
1026 3507 1223 3563 Deinde
1250 3511 1391 3576 linis,
1425 3526 1542 3565 cum
1573 3521 1678 3565 tra-

84 3604 312 3656 diderit
356 3612 598 3668 regnum
623 3597 732 3651 Deo
753 3606 805 3649 et
826 3596 1003 3650 Patri:
1033 3611 1151 3650 cum
1193 3600 1529 3653 evacuaverit
1559 3614 1677 3654 om-

83 3706 218 3744 nem
301 3688 721 3757 principatum,
777 3695 830 3738 et
882 3692 1230 3752 potestatem,
1286 3695 1339 3742 et
1406 3688 1673 3742 virtutem.

84 3780 347 3848 Oportet
415 3785 605 3828 autem
641 3774 787 3827 illum
824 3790 1069 3843 regnare,
1109 3778 1275 3830 donec
1309 3786 1468 3845 ponat
1494 3792 1677 3832 omnes

80 3867 382 3921 inimicos
434 3864 543 3918 sub
594 3862 817 3931 pedibus
845 3863 979 3929 ejus,
1009 3881 1028 3914 ι
1058 3879 1177 3917 cum
1210 3866 1588 3933 sequentibus;
1622 3876 1680 3920 et

81 3960 198 4013 isto
267 3955 499 4025 psalm.
556 3965 669 4015 LXI,
708 3952 743 4004 2
789 3969 801 4004 :
846 3969 865 4002 ι
914 3950 1097 4005 Nonne
1143 3952 1248 4007 Deo
1298 3953 1534 4019 subjecta
1575 3956 1678 4009 erit

76 4050 292 4102 anima
332 4058 470 4097 mea
494 4041 519 4093 ῗ
547 4042 614 4094 ab
645 4041 760 4108 ipso
788 4042 925 4094 enim
968 4041 1204 4096 salutare
1254 4057 1467 4106 meum;
1506 4060 1526 4095 ι
1572 4043 1673 4106 his,

77 4140 371 4207 inquam,
420 4131 728 4199 Scriptura:
758 4129 1072 4186 testimoniis
1108 4131 1339 4186 futurum
1367 4133 1574 4203 probat,
1621 4143 1677 4187 ut

72 4227 366 4284 subactis
401 4222 611 4276 Christi
644 4219 871 4272 inimicis
898 4219 948 4272 in
974 4235 1133 4275 unum
1154 4222 1308 4276 finem
1330 4236 1423 4287 per
1452 4221 1672 4285 Filium,

73 4318 336 4372 bonitas
374 4311 479 4365 Dei
510 4317 813 4362 creaturam
864 4316 1074 4360 revocet
1120 4309 1461 4362 universam:
1498 4308 1673 4376 subje-

68 4411 355 4463 ctionem
417 4408 602 4454 autem
623 4399 766 4451 illam
805 4397 1027 4465 idipsum
1056 4412 1171 4452 esse
1198 4399 1327 4463 vult,
1345 4414 1446 4466 quo
1463 4398 1674 4452 Christo

66 4501 573 4554 adharescentes
602 4488 858 4543 efﬁcimur
881 4489 1063 4551 sancti,
1092 4499 1144 4542 et
1168 4489 1385 4543 salutem
1426 4490 1673 4557 adipisci-

65 4604 264 4646 mur;
306 4584 496 4639 talem
542 4588 723 4633 autem
753 4577 986 4631 futurum
1046 4579 1221 4639 finem,
1255 4579 1429 4646 qualia
1464 4579 1673 4631 fuerunt

66 4682 285 4737 initia,
338 4687 481 4728 cum
534 4683 721 4723 omnes
760 4667 852 4721 Dei
898 4668 1111 4721 nutibus
1166 4668 1588 4734 obtemperantes
1619 4670 1671 4720 in

62 4782 276 4824 urnam
314 4759 747 4829 conspirabant.
797 4757 852 4809 ln
888 4756 1226 4823 sequentibus
1260 4757 1446 4809 deinde
1493 4758 1670 4810 omnia

66 4864 130 4914 in
176 4868 388 4912 unum
423 4848 729 4917 reparanda
776 4859 893 4899 esse
941 4846 1267 4897 demonstrat
1294 4858 1359 4896 ex
1391 4845 1492 4897 hoc
1521 4845 1671 4898 Citri-

63 4953 150 5006 sti
190 4950 253 4983 δ’
286 4965 305 5002 :
367 4962 393 4994 ς
436 4940 515 4993 Ut
562 4952 747 4992 omnes
798 4950 961 4989 unum
1009 4934 1135 4998 sint,
1177 4935 1312 4988 sicut
1353 4944 1404 4988 tu
1432 4935 1589 4987 Pater
1619 4936 1669 4988 in

64 5054 173 5093 me
208 5046 278 5090 et
308 5044 429 5101 ego
463 5028 517 5080 in
548 5038 618 5091 te,
654 5035 711 5079 ut
745 5035 800 5079 et
841 5024 938 5090 ipsi
978 5023 1034 5074 in
1063 5022 1223 5075 nobis
1261 5038 1418 5075 unum
1448 5024 1575 5077 sint.
1611 5023 1672 5076 Et

64 5144 199 5198 ego
261 5121 603 5179 claritatem
648 5130 803 5182 quam
852 5111 1043 5166 dedisti
1100 5111 1250 5172 mihi,
1305 5111 1423 5198 dedi
1460 5113 1559 5175 eis,
1617 5122 1673 5166 ut

62 5196 205 5272 sint
244 5222 467 5269 unum,
518 5206 842 5257 sicutetnos
871 5214 1037 5253 unum
1066 5211 1248 5251 sumus
1292 5214 1305 5247 :
1346 5196 1455 5266 Ego
1490 5199 1542 5251 in
1573 5200 1674 5260 eis,

58 5318 127 5360 ei
167 5316 243 5356 tu
286 5302 351 5353 in
390 5308 510 5351 me,
545 5298 605 5343 ut
631 5289 735 5342 sint
758 5285 1109 5342 consummati
1145 5285 1196 5337 in
1223 5299 1417 5349 unum;
1442 5302 1465 5336 ι
1506 5296 1559 5338 et
1584 5285 1676 5337 illo

60 5391 260 5450 Pan“
293 5386 521 5452 Ερυεεο
564 5393 634 5441 IV,
658 5378 749 5431 43:
782 5395 800 5428 ι
828 5377 1007 5429 Donec
1028 5388 1360 5428 occurramus
1393 5387 1585 5427 omnes
1618 5376 1668 5426 ίη

52 5484 397 5543 ciuitatem
450 5469 601 5534 ﬁdei,
639 5476 692 5521 et
743 5464 1032 5533 agnitionis
1076 5462 1195 5517 Filii
1231 5463 1339 5528 Dei,
1385 5464 1439 5517 in
1491 5463 1665 5517 virum

146 5684 207 5716 δι
251 5672 423 5735 Psal.
446 5664 627 5729 c1x,l.
701 5664 744 5694 δ’
771 5662 929 5717 Joan.
961 5674 1087 5727 xvii,
1115 5661 1285 5719 2l-25.

1786 1214 1959 1259 turum
2000 1213 2056 1257 ut
2098 1205 2304 1259 diversa
2352 1206 2421 1258 sit
2473 1205 2744 1258 hominum
2787 1206 3021 1269 claritas,
3069 1208 3301 1261 nondum

1783 1294 2027 1347 omnibus
2052 1293 2392 1361 expurgatis;
2426 1302 2481 1346 at
2510 1303 2789 1361 postquam
2835 1295 3056 1349 collecta
3106 1298 3304 1350 fuerint

1783 1395 1813 1434 e
1838 1396 1995 1449 regno
2016 1379 2212 1435 Christi
2252 1380 2523 1445 scandala,
2550 1390 2605 1435 et
2632 1382 2753 1450 igne
2781 1383 3073 1450 absumpta:
3115 1383 3305 1451 nequi-

1785 1470 1890 1531 tia),
1922 1480 2046 1524 tune
2073 1485 2259 1524 omnes
2289 1487 2450 1524 unum
2478 1472 2655 1525 solare
2694 1472 2870 1524 lumen
2920 1470 3149 1525 futuros.
3186 1471 3302 1524 Non

1782 1559 1913 1613 satis
1941 1574 2070 1613 vero
2099 1561 2366 1614 cohaerere
2392 1561 2603 1615 videtur
2629 1561 2767 1627 quod
2811 1561 3085 1628 sequitur;
3116 1560 3306 1615 scribit

1782 1649 1920 1702 enim
1970 1650 2084 1703 fore
2125 1658 2182 1702 ut
2216 1648 2344 1715 ju'sti
2395 1660 2519 1703 tunc
2546 1649 2889 1703 inferioribus
2929 1649 3180 1717 fulgeant,
3212 1649 3306 1718 qui

1784 1734 1915 1789 lucis
1958 1750 2139 1789 eorum
2203 1738 2488 1805 participes
2542 1737 2689 1801 ﬁent,
2743 1740 3179 1805 quemadmodum
3225 1740 3305 1793 sol

1713 1796 1756 1852 Β
1785 1833 1938 1877 terra;
1968 1823 2136 1878 lucem
2163 1840 2313 1878 suam
2344 1827 2561 1894 prazbet.
2605 1826 2736 1879 Nam
2767 1827 2810 1891 si
2842 1827 2909 1879 ita
2943 1827 3176 1881 omnium
3205 1843 3304 1881 ex-
3379 1873 3388 1883 .

1782 1920 1997 1980 purgata
2030 1921 2154 1966 tunc
2184 1924 2338 1967 erunt
2366 1926 2599 1982 peccata,
2633 1924 2693 1968 ut
2734 1914 2875 1969 nullo
2907 1916 3164 1970 claritatis
3196 1918 3307 1971 dis-

1782 2002 2003 2055 crimine
2037 2002 2296 2071 fulgeant,
2336 2006 2556 2072 quinam
2587 2006 2863 2061 inferiores
2890 2016 3062 2072 erunt,
3090 2008 3303 2075 quinam

1783 2087 2127 2154 superiores?
2150 2088 2345 2157 Nempe
2378 2090 2603 2144 neminis
2649 2091 2957 2148 beatitatem
2989 2106 3045 2145 ut
3067 2092 3172 2159 jam
3212 2107 3307 2147 su-

1780 2190 1874 2242 pra
1907 2176 2084 2229 monui
2114 2190 2280 2244 usque
2308 2180 2440 2229 adeo
2470 2177 2736 2245 propriam
2764 2192 2883 2231 esse
2908 2185 3075 2247 putat,
3114 2186 3172 2232 ut
3197 2193 3303 2233 non

1781 2263 1929 2317 novis
1954 2264 2160 2318 delictis
2186 2266 2251 2317 ad
2279 2265 2531 2318 inferiora
2556 2279 2766 2333 semper
2791 2267 2961 2321 delabi
2987 2267 3192 2336 possit:
3236 2269 3302 2322 ad

1780 2353 1882 2405 ima
1909 2353 2070 2423 igitur
2103 2354 2561 2408 retrocedentibus
2613 2369 2822 2423 semper
2868 2356 3156 2425 aliquibus,
3208 2358 3301 2426 qui

1780 2439 1950 2493 locum
1983 2456 2131 2493 suum
2165 2443 2449 2506 tenuerint,
2478 2443 2653 2496 lumen
2696 2443 2762 2497 iis
2808 2459 2961 2498 suum
2992 2446 3302 2515 impartien-

1782 2537 1885 2581 tur.
1925 2526 2169 2595 Ejusdem
2215 2537 2269 2580 et
2314 2528 2450 2581 istud
2500 2536 2583 2581 est
2628 2528 2813 2581 farina
2876 2542 2907 2582 e
2953 2538 3082 2584 tom.
3130 2545 3200 2583 xv
3248 2532 3305 2583 in

1780 2614 1990 2679 ΠαειΙι..
2022 2630 2164 2669 num.
2190 2615 2281 2678 27,
2305 2630 2421 2685 pag.
2451 2614 2551 2670 695
2585 2632 2598 2668 :
2638 2614 2795 2668 Ἀλλὰ
2825 2618 2961 2671 κατὰ
3006 2618 3099 2687 μὲν
3134 2617 3303 2671 ταῦτα

1778 2703 2016 2774 πρώτους
2034 2702 2437 2773 ἀποδεδώκαμεν
2467 2705 2589 2765 τοὺς
2613 2703 3305 2774 σωθησομένους,ξὲσχάτους

1777 2794 1834 2846 δὲ
1875 2796 1995 2855 τοὺς
2026 2793 2097 2863 μὴ
2125 2794 2304 2858 ἀξίους
2351 2794 2446 2863 τῆς
2483 2794 2733 2863 τοιαύτης
2774 2795 2880 2847 τῶν
2920 2796 3304 2866 σωθησομενων

1776 2882 1992 2945 τάξεως,
2036 2881 2166 2934 ἀλλὰ
2209 2882 2493 2945 κολάσεως,
2534 2882 2624 2935 καὶ
2674 2880 2766 2934 τοῦ
2817 2883 3301 2952 ἐγκαταληφθῆναι,

1776 2972 1890 3040 ἦτοι
1962 2972 2064 3034 ἕως
2123 2972 2183 3024 τὸ
2246 2972 2509 3043 πλήρωμα
2573 2972 2679 3025 τῶν
2752 2973 2915 3026 ἐθνῶν
2972 2975 3178 3045 εἰσέλθῃ
3201 3012 3219 3037 ,
3264 2975 3299 3045 ἢ

1776 3058 1878 3121 ἕως
1945 3058 2328 3129 ὲκπληρώσωσι
2386 3060 2452 3114 τὰ
2504 3061 2629 3130 περὶ
2686 3060 2790 3114 τῶν
2868 3062 3007 3115 ἰδίων
3053 3065 3300 3134 ἁμαρτη-

1778 3148 1957 3217 μάτων
1980 3163 1993 3176 ·
2042 3157 2093 3201 et
2126 3149 2262 3202 istud
2291 3162 2321 3202 e
2347 3158 2558 3204 tractat.
2589 3164 2761 3204 xxxiii
2802 3151 2856 3203 in
2905 3152 3117 3217 ﬂatile,
3154 3169 3299 3215 num.

1774 3236 1873 3291 69:
1911 3253 1931 3287 ι
1962 3240 2068 3291 Iste
2095 3247 2268 3291 autem
2299 3239 2389 3307 qui
2419 3254 2580 3293 unum
2623 3249 2904 3308 acceperat
2933 3242 3211 3306 talentum,
3247 3254 3303 3299 et

1774 3326 2120 3379 absconderat
2148 3327 2316 3393 ipsum
2349 3328 2401 3381 in
2452 3337 2609 3392 terra,
2642 3343 2755 3383 non
2797 3329 2969 3383 solum
3003 3331 3151 3398 quasi
3187 3347 3304 3386 ma-

1773 3414 1855 3468 lus
1884 3424 1937 3468 et
1971 3416 2120 3484 piger
2148 3417 2407 3484 arguitur,
2435 3419 2525 3471 sed
2555 3419 2708 3485 quasi
2754 3418 2960 3472 inutilis
2990 3419 3218 3472 mittitur
3246 3421 3299 3473 in

1775 3504 2023 3557 tenebras
2064 3504 2384 3567 exteriores,
2417 3505 2507 3559 ubi
2543 3505 2684 3559 nulla
2715 3505 3035 3562 illuminatio
3064 3516 3164 3569 est,
3196 3507 3301 3561 for-

1772 3591 1911 3645 sitan
1940 3604 2037 3646 nec
2087 3592 2404 3659 corporalis,
2442 3608 2541 3648 nec
2585 3602 2669 3648 est
2711 3594 2975 3662 respectio
3020 3595 3113 3649 Dei
3154 3596 3301 3663 illic;

1771 3682 1864 3736 sed
1888 3683 2038 3749 quasi
2075 3683 2276 3752 indigni
2306 3683 2666 3752 speculatione
2714 3684 2803 3738 Dei
2841 3685 2930 3751 qui
2962 3685 3084 3738 talia
3113 3700 3305 3754 pecca‘

1771 3780 1979 3834 verunt,
2012 3773 2428 3825 coudemnantur
2458 3774 2508 3825 in
2546 3774 2627 3827 his
2650 3788 2767 3843 quae
2799 3777 3104 3834 exteriores
3142 3786 3294 3831 tene-

1773 3860 1881 3913 brae
1925 3860 2293 3928 ppellantur;
2338 3860 2559 3915 forsitan
2606 3863 2777 3916 donee
2826 3864 3202 3929 intellexerint,
3240 3874 3302 3921 ut

1771 3958 2164 4013 convertantur,
2188 3959 2242 4004 et
2269 3950 2410 4016 digni
2442 3949 2735 4005 elﬁciantnr
2784 3953 2931 4006 exire
2961 3953 3029 4007 ab
3060 3954 3144 4018 iis,
3190 3956 3301 4008 for-

1771 4039 1906 4092 sitan
1948 4047 2001 4091 et
2038 4048 2254 4105 propter
2292 4037 2450 4090 aliam
2489 4053 2703 4091 causam
2731 4054 2891 4106 quam
2943 4054 3043 4094 nos
3080 4041 3298 4109 ignora-

1772 4138 1917 4186 mus;
1951 4141 1972 4176 ι
2001 4132 2053 4177 et
2081 4123 2179 4177 hoc
2210 4138 2416 4191 quoque
2447 4124 2588 4191 quod
2628 4124 2881 4178 scribitur
2911 4126 3002 4180 lib.
3048 4142 3143 4181 vut
3179 4144 3303 4182 con-

1771 4222 1852 4266 tra
1883 4211 2204 4277 Cels.,num.
2232 4214 2318 4275 72,
2342 4214 2439 4266 sub
2470 4214 2679 4267 easdem
2707 4214 2849 4282 leges
2880 4216 3295 4271 concludendum

1772 4301 2055 4368 aliquando
2106 4301 2358 4369 quidquid
2407 4309 2493 4356 cst
2544 4301 2767 4357 rationis
2817 4305 3112 4374 particeps,
3174 4321 3298 4360 eum

1703 4414 1749 4470 υ
1772 4392 1938 4446 verbo
1960 4391 2049 4444 Dei
2082 4391 2132 4445 in
2163 4390 2451 4460 perfectum
2479 4398 2675 4444 statum
2706 4392 3039 4450 restituetur.
3064 4393 3119 4447 In
3146 4393 3296 4460 cujus

1774 4490 2138 4548 argumentum
2191 4479 2343 4533 atl‘ert
2394 4481 2519 4533 illud
2551 4481 2831 4548 Sophonise
2873 4498 2958 4547 ιιι,
2993 4484 3063 4538 9:
3099 4501 3122 4535 ο
3150 4484 3295 4536 Tunc

1774 4569 1990 4621 reddam
2019 4568 2222 4637 populis
2249 4569 2443 4623 labium
2480 4570 2730 4637 electum,
2756 4581 2815 4624 ut
2837 4572 3082 4626 invocent
3109 4586 3299 4627 omnes

1776 4658 1828 4710 in
1863 4658 2072 4712 nomine
2108 4659 2333 4723 Domini,
2358 4669 2414 4712 et
2444 4660 2679 4713 serviant
2705 4660 2754 4714 ei
2779 4660 3003 4714 humero
3023 4675 3145 4714 uno.
3176 4681 3195 4713 ι

1842 4757 2005 4811 XVII.
2044 4757 2379 4827 Perspicuum
2416 4760 2536 4813 hinc
2581 4768 2665 4814 est
2696 4774 2805 4814 non
2849 4761 2977 4815 alias
3020 4762 3295 4817 admisisse

1776 4861 1956 4917 ptenas
1985 4844 2287 4915 Origenem,
2315 4863 2473 4915 quam
2506 4849 2799 4915 piaculares
2830 4858 2884 4902 et
2910 4853 3283 4917 temporarias;

1773 4936 2067 5004 cujusmodi
2090 4944 2211 4989 sunt
2242 4937 2558 5004 purgatoria:
2593 4938 2711 4999 illae,
2739 4953 2871 5006 quas
2913 4937 3142 4992 Ecclesia
3194 4955 3289 4993 ca-

1778 5024 1971 5076 tholica
2000 5025 2256 5091 agnoscit.
2303 5025 2408 5077 Sed
2438 5035 2491 5079 et
2518 5026 2848 5080 manifestius
2876 5026 3000 5079 illud
3038 5037 3119 5079 est
3143 5041 3205 5078 ex
3230 5042 3299 5078 eo

1776 5110 1910 5179 quod
1939 5110 2162 5163 habetur
2188 5110 2365 5163 homil.
2399 5112 2431 5165 8
2464 5113 2517 5163 in
2551 5110 2733 5176 Levia,
2753 5111 2839 5163 ubi
2862 5125 3030 5178 agens
3048 5111 3114 5162 de
3131 5122 3293 5174 puer-

1775 5214 1924 5266 pera,
1963 5199 2111 5265 juxta
2140 5200 2334 5252 veteris
2387 5199 2517 5267 legis
2544 5201 2942 5268 praiscriptum,
2969 5213 3060 5265 per
3092 5201 3293 5259 septem

1775 5290 1888 5342 dies
1915 5288 2202 5351 immunda,
2237 5289 2280 5341 si
2324 5290 2613 5343 masculum
2649 5291 2985 5358 peperisset;
3032 5296 3125 5351 per
3163 5293 3304 5345 qua-

1777 5375 2088 5437 tuordecini,
2106 5377 2151 5429 si
2176 5378 2441 5442 feminam,
2466 5380 2814 5447 septimanam
2853 5378 2994 5428 hanc
3018 5364 3308 5437 pmsentis

1777 5466 1892 5520 vita:
1950 5476 2152 5538 tempus
2205 5483 2322 5522 esse
2381 5470 2530 5534 dicit,
2584 5486 2676 5538 per
2722 5466 2864 5536 quod
2923 5464 3313 5527 υείιυαιιιιυιιιε

1703 3113 1743 3171 C
