3920 6460
185 431 352 519 κυιθ

1041 441 1598 522 oatcsutmomm
1637 456 1768 514 LIB.
1807 459 1869 522 ll,
1907 459 2056 513 car.
2095 457 2156 522 ιι,
2189 458 2458 522 QUASST.
2500 458 2585 512 XI.

3182 423 3188 427 ’
3282 459 3418 515 i050

229 564 602 629 convellatur,
633 567 803 628 etiam
831 583 887 630 tu
917 579 1006 646 qui
1034 579 1161 649 legis
1178 580 1404 649 probato,
1445 565 1496 620 si
1521 575 1786 629 omnitno-
1814 586 1857 638 Α
1886 586 2026 644 ptam
2057 576 2432 629 beatitudinem
2483 575 2770 644 possidere.
2815 592 2836 627 ι
2883 574 3080 641 Quibus
3115 583 3170 630 et
3194 575 3303 630 haec
3324 577 3416 631 ad-

230 659 297 712 de
327 668 509 724 neque
534 653 590 710 in
620 656 710 713 his
741 678 861 731 qua:
888 667 1132 721 videntur
1157 663 1530 736 temporalibus
1556 665 1786 728 Sieculis,

203 825 205 829 ι
229 760 414 817 neque
455 748 515 804 in
538 748 625 804 his
655 765 773 819 quae
799 770 904 809 non
937 757 1198 823 videntur,
1226 769 1279 812 et
1302 767 1500 812 acterna
1529 767 1672 823 sunt,
1706 774 1790 826 pe-

198 836 384 926 ;nitus
438 853 571 907 pars
616 841 718 896 ista
757 845 824 896 ab
848 844 934 897 illa
957 845 1114 899 etiam
1148 847 1288 901 ﬁnali
1347 848 1570 911 unitate,
1630 855 1800 918 atque

218 929 623 983 convenientia
652 930 991 1001 discrepabit.
1019 951 1037 985 ι
1069 932 1217 988 Jacet
1235 935 1414 989 eadem
1442 935 1702 988 sententia
1735 936 1788 990 in

211 1019 348 1074 istis
369 1035 403 1074 e
429 1019 765 1075 Corderiana
791 1022 990 1078 Catena
1020 1025 1071 1078 in
1117 1025 1389 1087 Joannem,
1417 1025 1481 1077 ad
1505 1023 1659 1078 Joan.
1689 1041 1786 1089 xtt,

209 1110 278 1164 51
327 1127 343 1163 :
386 1111 469 1163 Τὸ
511 1113 574 1163 ἐν
632 1111 711 1181 τῷ
754 1113 966 1184 σταυρῷ
1023 1114 1243 1184 πάθημα
1293 1114 1454 1167 αὐτοῦ
1498 1116 1674 1186 κρίσις
1720 1113 1789 1186 ἦν

201 1198 310 1251 τοῦ
350 1199 574 1270 κόσμου
632 1203 816 1255 τούτου
869 1205 1092 1267 παντός·
1126 1205 1346 1276 ἐπείπερ
1384 1206 1790 1276 εἰρηνοποιήσας

201 1286 303 1339 διὰ
336 1287 442 1341 τοῦ
469 1290 706 1358 αἵματος
719 1293 812 1344 τοῦ
836 1295 1062 1363 σταυροῦ
1091 1295 1300 1356 ἐαυτοῦ,
1330 1294 1437 1346 εἴτε
1461 1295 1528 1347 τὰ
1552 1296 1642 1347 ἐπὶ
1666 1296 1786 1365 γῆς,

198 1377 325 1429 εἴτε
353 1378 432 1430 τὰ
458 1379 520 1431 ἐν
543 1381 811 1450 οὐρανοῖς,
847 1383 982 1452 μετὰ
1013 1384 1412 1455 θριαμϐεύσεως
1442 1387 1498 1438 ἐν
1521 1385 1598 1455 τῷ
1628 1386 1785 1456 ξύλῳ,

193 1466 274 1528 ἃς
301 1468 666 1522 ἐπεκδύσατο
701 1472 871 1541 ἀρχὰς
899 1473 989 1524 καὶ
1014 1473 1273 1538 ἐξουσίας,
1312 1475 1559 1528 ἐκάθισεν
1587 1477 1645 1527 ἐν
1677 1477 1788 1535 τοῖς

195 1558 601 1627 ἐπουρανίοις,
641 1561 1004 1625 ἀποκαθιστὰς
1051 1563 1222 1615 πάντα
1252 1564 1340 1616 ἐπὶ
1370 1565 1429 1617 τὸ
1462 1564 1671 1634 ἑκάστῳ
1694 1565 1788 1633 ἀρο

194 1645 386 1716 μόζον
429 1647 533 1699 καὶ
578 1648 786 1718 πρέπον
815 1651 978 1712 τέλος.
1019 1669 1037 1702 ι
1060 1651 1199 1706 Mors
1237 1651 1371 1720 ejus,
1403 1667 1495 1707 seu
1541 1654 1592 1705 in
1631 1668 1789 1707 cruce

191 1736 431 1804 passio,
458 1737 728 1804 judicium
776 1750 891 1793 erat
922 1741 1151 1796 universi
1180 1743 1381 1806 mundi,
1414 1744 1662 1811 quoniam
1705 1743 1785 1796 ef-

193 1824 334 1880 fuso
364 1826 425 1879 in
468 1841 640 1882 cruce
664 1829 923 1897 sanguine
943 1845 1038 1884 suo
1065 1845 1245 1898 pacem
1271 1832 1572 1886 conciliavit
1597 1817 1781 1887 tamin

1883 667 2148 735 jungenda
2175 680 2205 719 e
2235 665 2368 718 libro
2391 667 2595 728 eodem,
2622 683 2739 735 cap.
2771 669 2824 731 1,
2855 682 3003 720 num.
3032 667 3092 719 2|
3126 685 3138 720 :
3172 685 3188 715 ε
3210 666 3286 719 Ex
3311 681 3419 734 quo

1887 753 2183 821 dpinamur,
2211 753 2460 821 quoniam
2487 755 2719 820 quidem,
2762 766 2820 808 ut
2843 755 3146 823 frequenter
3168 755 3419 819 diximus,

1888 840 2202 895 immortalis
2241 850 2324 894 est
2351 841 2530 893 anima
2559 851 2612 894 et
2640 852 2856 907 aeterna,
2890 845 3030 912 quod
3063 844 3114 897 in
3155 844 3336 898 multis
3365 855 3422 899 et

1887 932 2000 986 sine
2021 931 2120 984 fine
2153 931 2337 1000 spatiis
2365 945 2459 998 per
2485 931 2741 986 immensa
2763 942 2816 986 et
2840 934 3046 988 diversa
3076 934 3268 987 saecula
3295 949 3418 1003 pos-

1887 1021 2038 1076 sibile
2069 1031 2169 1085 est,
2197 1031 2253 1074 ttt
2279 1038 2306 1074 a
2344 1037 2550 1075 summo
2577 1023 2715 1076 bono
2740 1025 2804 1076 ad
2833 1023 3010 1076 iniima
3043 1024 3177 1076 mala
3203 1024 3419 1078 descen-

1885 1113 1997 1175 dat,
2033 1122 2088 1167 et
2127 1112 2192 1165 ab
2236 1112 2435 1166 ultimis
2474 1112 2624 1166 malis
2665 1113 2732 1166 ad
2779 1128 2981 1166 summa
3025 1115 3162 1168 bona
3207 1129 3420 1182 repare—

1887 1209 1990 1252 tur.
2017 1219 2035 1250 ι

1953 1288 2068 1343 XX.
2103 1290 2248 1356 Quod
2301 1291 2346 1344 si
2402 1290 2522 1358 quis
2571 1290 2878 1358 dogmatttm
2921 1291 3140 1344 istorum
3185 1291 3417 1358 requirat

1886 1379 2163 1446 originem,
2194 1381 2330 1433 sciat
2359 1381 2446 1433 ille
2475 1391 2665 1448 praeter
2689 1381 2930 1449 quaedam
2960 1371 3246 1448 Scriptura:
3272 1382 3417 1434 testi-

1887 1469 2086 1532 monia,
2117 1484 2234 1537 qua:
2264 1484 2385 1522 mox
2410 1485 2437 1521 a
2464 1470 2614 1522 nobis
2657 1479 3071 1522 commemorata
3108 1480 3247 1532 sunt,
3281 1471 3418 1523 Ada-

1887 1558 2142 1610 mantium
2171 1573 2379 1626 quoque
2410 1560 2460 1610 in
2503 1573 2740 1611 errorem
2781 1559 3053 1611 induxisse
3079 1558 3215 1610 male
3252 1558 3417 1610 inter-

1885 1655 2148 1710 pretatum
2198 1645 2347 1708 illud,
2404 1644 2544 1712 quod
2582 1653 2756 1698 exstat
2801 1642 2946 1697 Isaiae
2976 1661 3125 1708 xxw,
3167 1643 3258 1710 22,
3310 1643 3418 1697 «Et

1885 1735 2198 1789 claudentur
2222 1735 2292 1788 ibi
2322 1737 2373 1788 itt
2417 1751 2658 1799 carcere,
2685 1746 2738 1788 et
2781 1745 2897 1804 post
2943 1735 3135 1789 multos
3159 1735 3271 1788 dies
3291 1734 3421 1788 visi-

1888 1827 2178 1889 tabttntur;
2211 1844 2230 1877 ι
2276 1837 2328 1879 et
2360 1826 2458 1879 hoc
2495 1825 2650 1878 Joan.
2683 1842 2736 1890 x,
2764 1826 2848 1886 16,
2881 1846 2897 1876 ι
2925 1825 3040 1878 Fiet
3075 1841 3234 1878 unum
3264 1825 3420 1890 ovile,

192 1923 364 1970 terra
398 1930 576 1984 quam
611 1917 663 1971 in
696 1918 866 1984 cmliS,
898 1919 1018 1972 dum
1051 1930 1167 1988 post
1198 1922 1512 1989 triumphum
1541 1923 1593 1975 in
1621 1922 1780 1991 ligno,
1811 1903 1854 1956 Β
1881 1923 1933 1968 et
1961 1930 2095 1968 unus
2113 1924 2316 1982 pastor,
2343 1934 2361 1966 ι
2391 1917 2529 1983 quod
2556 1916 2666 1982 ipse
2689 1915 2738 1966 in
2768 1915 3027 1981 dogmatis
3049 1914 3128 1967 sui
3153 1914 3422 1968 fulcimen-

191 2020 351 2074 qnos
393 2015 640 2060 exuerat
669 2007 999 2075 principatus
1024 2023 1085 2062 ac
1112 2017 1412 2076 {potestates
1439 2011 1707 2063 constituit
1731 2012 1780 2064 in

191 2095 568 2156 caelestibus,
617 2094 868 2148 universa
901 2095 966 2149 ad
1007 2097 1402 2151 convenientem
1438 2097 1690 2167 cujusque
1717 2101 1780 2152 [i-

191 2198 334 2237 nern
360 2184 697 2251 perducens.
723 2201 742 2234 ι
1719 2245 1723 2248 ι

285 2271 437 2326 XIX.
477 2272 750 2327 Caeterum
788 2288 894 2328 non
921 2288 1192 2341 poenarum
1223 2276 1507 2341 'duntaxat,
1549 2277 1638 2331 sed
1668 2277 1782 2331 feli-

192 2361 405 2416 citatis
450 2361 622 2414 etiam
659 2371 864 2430 tempus
895 2365 1057 2417 certis
1093 2364 1553 2434 circumscriptum
1599 2369 1780 2421 termi-

191 2451 292 2505 nis
333 2465 470 2506 esse
513 2451 706 2516 voluit,
745 2452 1058 2520 animasque
1097 2455 1162 2507 ad
1195 2455 1541 2523 perfectionis
1571 2457 1778 2510 culmen

193 2551 461 2606 evectas,
487 2551 546 2596 et
576 2541 790 2608 peccati
821 2556 884 2595 ac
912 2556 1179 2611 corporeae
1227 2543 1380 2598 molis
1409 2546 1654 2600 sordibus
1683 2562 1779 2600 ex-

193 2642 504 2702 purgatas,
536 2631 718 2684 statim
757 2639 917 2699 atque
956 2646 984 2684 a
1028 2633 1223 2686 virtute
1253 2633 1304 2686 in
1345 2635 1527 2688 vitium
1549 2635 1778 2690 deﬂexe-

198 2723 342 2785 rint,
380 2723 440 2774 in
470 2720 758 2775 crassioris
776 2721 1306 2788 corporislcarcerem
1341 2725 1623 2794 compingi.
1650 2723 1779 2779 Ver-

194 2810 273 2864 ba
299 2808 586 2877 .Origenis
621 2822 651 2862 e
675 2807 770 2860 lib.
819 2822 856 2860 tt
891 2806 965 2860 De
989 2808 1208 2876 princip.
1243 2808 1396 2863 atl‘ert
1429 2811 1776 2878 Justinianus,

199 2901 417 2970 quibus
445 2912 682 2968 corpora
723 2899 1001 2952 interitura
1039 2899 1304 2964 dicuntur,
1353 2915 1471 2954 cum
1501 2902 1608 2956 Deo
1655 2903 1778 2956 sub-

195 2991 350 3058 jecta
396 2989 607 3043 fuerint
637 2987 835 3052 omnia,
865 2986 964 3055 τῆς
991 2986 1095 3039 τῶν
1126 2988 1387 3056 σωμάτων
1414 2988 1622 3057 φύσεως
1653 2991 1778 3044 ὑπο-

202 3078 571 3150 στησομένης
602 3076 869 3144 δεύτερον,
906 3077 998 3127 ἐὰν
1035 3077 1193 3129 πάλιν
1224 3076 1412 3144 λογικὰ
1447 3080 1775 3151 ὑποκαταόῇ,

206 3185 230 3220 ι
253 3183 389 3224 cum
453 3168 656 3222 iterum
716 3167 1010 3236 reparanda
1041 3167 1110 3220 sit
1139 3181 1420 3236 corporum
1477 3181 1690 3235 natura,
1728 3173 1772 3225 si

204 3273 442 3313 rursum
502 3255 787 3311 rationalia
820 3257 1161 3312 descendant.
1187 3276 1206 3309 ι
1249 3257 1416 3313 Aﬂ‘ert
1458 3268 1512 3314 et
1557 3261 1657 3314 alia
1709 3277 1774 3316 ex

203 3355 414 3414 quarto
434 3346 614 3413 libro,
652 3345 844 3412 quibus
879 3359 1159 3412 corporum
1197 3356 1442 3401 naturam
1475 3363 1570 3417 per
1610 3350 1777 3404 inter-

202 3435 350 3489 valla
381 3434 658 3488 exsistere
678 3433 854 3496 docet,
887 3433 974 3487 διά
993 3451 1109 3488 τινα
1130 3435 1501 3507 συμπτώματα
1526 3440 1778 3510 γινόμενα,

203 3528 342 3596 περὶ
401 3524 476 3578 τὰ
508 3523 722 3592 λογικὰ,
759 3524 982 3594 δεόμενα
1032 3527 1323 3595 σωμάτων·
1364 3531 1456 3582 καὶ
1494 3530 1653 3584 πάλιν
1682 3531 1779 3600 τῆς

203 3614 652 3688 ἐπανορθώσεως
677 3615 893 3676 τελείως
912 3616 1193 3685 γινομένης
1216 3619 1294 3679 εἰς
1309 3618 1368 3670 τὸ
1399 3619 1469 3689 μὴ
1493 3616 1628 3673 εἶναι
1655 3622 1780 3674 ἀνα-

204 3706 442 3759 λύεσθαι
501 3705 698 3769 ταῦτα,
743 3704 880 3757 ὥστε
904 3704 1059 3757 τοῦτο
1093 3706 1178 3758 ἀεὶ
1203 3707 1460 3774 γίνεσθαι.
1517 3725 1536 3760 t
1559 3709 1780 3779 Propter

206 3797 490 3866 quosdam
538 3795 720 3864 lapsus
758 3795 916 3849 rebus
962 3795 1168 3850 ratione
1208 3797 1528 3863 pollentibus
1568 3803 1777 3854 contin-

207 3898 432 3954 gentes.
494 3901 618 3954 quae
639 3885 948 3954 corporibus
983 3884 1253 3953 indigent;
1312 3895 1366 3940 et
1400 3903 1610 3942 rursum
1641 3890 1778 3944 facta

207 3977 614 4032 emendatione
639 3976 897 4043 perfecta,
927 3974 1141 4028 dissolvi
1172 3975 1258 4029 illa
1293 3975 1344 4029 in
1381 3977 1622 4041 nihilttm,
1649 3980 1780 4032 adeo

209 4073 275 4121 ut
302 4067 357 4120 id
390 4079 615 4133 semper
644 4063 752 4116 fiat.
777 4081 796 4114 ι
829 4063 993 4118 Ail'ert
1013 4073 1064 4119 et
1091 4064 1192 4118 ista
1214 4079 1245 4119 e
1273 4065 1364 4120 lib.
1392 4080 1408 4118 ι
1434 4065 1782 4136 Hieronymus

206 4158 378 4226 epist.
413 4154 514 4219 59,
545 4155 613 4207 ad
645 4153 814 4217 Avit.,
845 4167 963 4221 cap.
990 4153 1016 4206 1
1052 4172 1067 4208 :
1100 4172 1118 4205 ι
1140 4152 1195 4207 In
1224 4155 1328 4209 line
1349 4162 1508 4223 atque
1534 4170 1781 4211 consum-

205 4249 467 4303 matione
507 4244 759 4298 mundi...
787 4242 897 4312 (50)
926 4258 1042 4298 cum
1082 4257 1265 4298 omnes
1304 4243 1528 4316 (animm)
1562 4245 1780 4300 liberum

191 4339 468 4397 habeant
501 4335 807 4397 arbitrium,
852 4343 906 4388 et
932 4343 1114 4402 sponte
1148 4349 1239 4389 sua
1281 4334 1362 4390 vel
1401 4336 1624 4390 virtutes
1661 4350 1783 4406 pos-

180 4427 318 4487 sint
357 4440 592 4498 capere,
618 4425 704 4479 vel
737 4425 885 4489 vitia,
909 4424 1008 4478 illae
1026 4425 1191 4479 multo
1219 4425 1273 4479 in
1295 4425 1458 4495 pejori
1482 4427 1783 4482 conditione

1802 3210 1844 3266 ϐ

1883 2013 1990 2057 ιιιιιι
2035 2015 2254 2072 usurpat
2295 2005 2348 2056 in
2377 2005 2478 2058 line
2505 2003 2684 2058 homil.
2721 2003 2753 2056 6
2796 2005 2847 2056 in
2876 2003 3035 2055 Nunt.
3074 2004 3202 2058 Item
3236 2004 3358 2058 illud
3391 2021 3422 2058 e

1879 2093 2125 2164 parabola
2170 2109 2327 2161 quam
2364 2096 2608 2164 proponit
2650 2095 2894 2148 Christus
2941 2093 3127 2148 Matth.
3156 2095 3420 2159 xvttt,15,

1880 2199 2000 2238 cum
2035 2197 2248 2236 servum
2277 2198 2500 2250 nequam
2534 2168 2703 2237 iratus
2741 2185 2982 2237 dominus
3007 2184 3172 2251 jussit
3194 2184 3416 2238 tortori-

1879 2269 1977 2324 bus
2001 2271 2154 2332 tradi,
2187 2273 2360 2339 quoad
2391 2272 2629 2325 debitum
2657 2273 2918 2341 integrum
2947 2275 3271 2328 refunderet.
3299 2273 3411 2327 Un-

1879 2361 1942 2415 de
1966 2359 2220 2428 Origenes
2245 2361 2425 2414 homil.
2453 2361 2521 2413 55
2548 2362 2601 2414 in
2631 2361 2783 2425 Luc.,
2829 2381 2846 2413 ‹
2875 2362 3002 2428 Qua:
3027 2373 3107 2417 est
3130 2363 3208 2416 lex
3238 2378 3421 2417 carce-

1879 2450 1952 2504 ris
1980 2449 2129 2504 istius
2158 2449 2441 2519 (inferni)?
2470 2450 2582 2504 Non
2628 2453 2870 2518 egredior
2919 2467 2984 2505 ex
3025 2467 3111 2517 eo,
3143 2467 3310 2522 neque
3336 2467 3422 2507 me

1877 2550 2093 2596 exactor
2125 2541 2327 2608 patitur
2354 2541 2522 2606 exire,
2559 2544 2657 2596 nisi
2699 2543 2932 2596 debitum
2963 2559 3119 2598 omne
3151 2544 3421 2612 persolve-

1878 2646 2000 2685 το.»
2043 2631 2240 2685 Fraudi
2287 2632 2336 2687 ei
2393 2633 2491 2686 fuit
2533 2647 2808 2701 perperam
2862 2645 3132 2704 acceptum
3177 2643 3233 2689 et
3272 2634 3418 2688 istud

1876 2721 2117 2788 Apostoli
2147 2721 2302 2778 Rom.
2325 2736 2399 2785 ιιι,
2435 2721 2524 2777 25.
2551 2721 2640 2785 26,
2690 2740 2706 2772 ι
2727 2721 2947 2776 Caecitas
2979 2739 3041 2777 ex
3072 2733 3223 2790 parte.
3249 2725 3418 2777 conti-

1876 2813 1952 2880 git
1991 2813 2041 2865 in
2089 2811 2270 2872 Israel,
2319 2812 2490 2865 donec
2553 2810 2822 2879 plenitudo
2870 2812 3104 2880 gentium
3148 2813 3420 2879 intraret,

1875 2909 1927 2954 et
1949 2901 2027 2955 sic
2058 2901 2234 2954 omnis
2258 2899 2422 2954 Israel
2449 2900 2626 2954 salvus
2650 2901 2819 2955 ﬁeret.
2846 2920 2864 2952 ι
2900 2900 3200 2954 Piaculares
3221 2911 3418 2965 autem,

1875 3006 2008 3060 quas
2037 2991 2166 3056 dixi,
2194 3000 2248 3046 et
2269 2990 2602 3060 purgatorias
2629 3005 2814 3059 pmnas
2860 2991 2945 3046 his
2968 2991 3205 3045 defendit
3237 2991 3419 3044 verbis

1874 3095 1939 3134 ex
1984 3080 2158 3134 iCor.
2205 3095 2286 3144 ιιι,
2323 3079 2409 3145 12,
2463 3081 2514 3134 in
2575 3082 2766 3149 quibus
2825 3080 3240 3150 uniuscujusque
3287 3095 3421 3150 opus

1877 3171 1997 3239 igne
2032 3171 2390 3225 examinatum
2427 3171 2492 3225 iri
2527 3170 2723 3225 Paulus
2756 3169 3003 3225 afﬁrmat.
3035 3172 3168 3226 Aliis
3200 3171 3420 3240 quibus-

1875 3260 1998 3314 dam
2025 3261 2287 3328 opinionis
2323 3261 2477 3329 hujus
2498 3261 2908 3332 propugnaculis
2933 3262 3006 3315 uti
3039 3261 3211 3315 solere
3234 3260 3422 3330 Orige-

1876 3351 2044 3405 nistas
2081 3350 2241 3404 tradit
2275 3350 2630 3422 Hieronymus
2671 3351 2738 3405 ad
2784 3351 2981 3406 calcem
3010 3349 3422 3404 Commentario-

1876 3454 1990 3492 runt
2027 3441 2082 3493 in
2119 3439 2350 3503 Isaiam;
2395 3440 2495 3494 hoc
2542 3440 2789 3494 nimirum
2831 3437 2980 3494 Pauli
3020 3439 3178 3494 Rom.
3204 3456 3281 3506 xt,
3328 3441 3420 3504 52,

1883 3529 2191 3583 «Conclusit
2231 3528 2373 3584 Deus
2417 3529 2596 3584 omnia
2648 3531 2746 3584 sub
2797 3539 3038 3598 peccato,
3086 3538 3144 3583 ut
3175 3531 3423 3586 omnibus

1879 3617 2226 3681 misereatur;
2254 3635 2273 3668 ι
2302 3625 2358 3671 et
2397 3617 2486 3672 illo
2527 3618 2687 3673 Mich.
2716 3629 2809 3684 vn,
2849 3619 2882 3672 9
2929 3636 2943 3671 :
2988 3637 3006 3669 ι
3032 3617 3167 3672 Iram
3213 3618 3421 3672 Domini

1877 3707 2177 3772 sustinebo,
2205 3707 2327 3774 quia
2355 3707 2570 3775 peccavi
2593 3708 2643 3762 ei
2676 3723 2691 3760 :
2729 3707 2899 3762 donec
2920 3707 3177 3778 justiﬁcet
3203 3722 3419 3763 causam

1878 3811 2070 3860 meam,
2102 3805 2156 3850 et
2197 3795 2408 3850 auferat
2446 3796 2704 3864 judicium
2733 3813 2930 3864 meum,
2969 3808 3022 3852 et
3043 3798 3231 3854 educat
3258 3812 3341 3851 me
3368 3801 3419 3851 in

1877 3886 2129 3952 lucemp
2169 3887 2358 3957 etzhoc
2398 3887 2559 3941 etiam
2605 3889 2756 3943 lsaia:
2790 3889 2945 3952 xtt,i
2990 3906 3004 3942 :
3059 3906 3078 3940 ι
3104 3888 3420 3942 Benedicatn

1880 3987 1951 4043 te,
1977 3979 2214 4040 Domine,
2237 3979 2480 4046 quoniam
2502 3979 2667 4033 iratus
2697 3993 2752 4033 es
2768 3979 2894 4032 mihi
2921 3994 2934 4030 :
2966 3978 3200 4032 avertisti
3234 3977 3418 4031 faciem

1880 4075 2024 4119 tuam
2045 4081 2074 4119 a
2104 4079 2208 4130 me,
2233 4075 2287 4120 et
2318 4067 2566 4120 misertus
2603 4082 2660 4121 es
2689 4066 2822 4131 mei;
2868 4085 2887 4118 ι
2914 4080 3116 4120 necnon
3145 4074 3200 4118 et
3223 4066 3323 4120 isto
3345 4064 3419 4119 0-

1879 4169 1983 4209 seaz
2005 4169 2116 4220 xtv,
2145 4155 2178 4206 5
2205 4171 2221 4207 :
2250 4170 2270 4204 ι
2299 4154 2430 4208 Cum
2466 4155 2544 4208 ira
2588 4155 2785 4209 furoris
2832 4157 2933 4209 mei
2963 4154 3252 4218 transierit,
3299 4170 3420 4208 rur-

1880 4260 1994 4300 sum
2051 4247 2315 4308 sanabo,»
2363 4257 2520 4314 atque
2568 4245 2748 4299 itidem
2797 4245 2885 4300 illo
2931 4245 3118 4314 psalm.
3152 4259 3286 4309 xxx,
3327 4245 3420 4308 20,

1887 4355 1906 4388 ι
1929 4337 2098 4401 Quam
2153 4336 2369 4404 grandis
2400 4335 2680 4390 multitudo
2706 4335 2961 4391 bonitatis
2999 4343 3119 4399 tuae,
3175 4334 3418 4400 Domine.

1883 4441 2040 4494 quam
2072 4425 2390 4481 abscondisti
2422 4425 2729 4479 timentibus
2762 4426 2844 4480 te!
2881 4445 2900 4476 ι

179 4528 410 4584 erunt,
456 4531 623 4586 quam
669 4528 810 4569 nunc
855 4523 1012 4577 sunt;
1050 4514 1131 4568 ha:
1175 4516 1239 4568 ad
1271 4514 1539 4570 meliorem
1584 4526 1776 4572 statum
1809 4521 1852 4576 Ι)
1950 4517 2144 4571 Verum
2182 4531 2287 4570 non
2325 4517 2494 4570 sacris
2522 4515 2781 4570 duntaxat
2806 4516 3137 4583 auctoribus,
3171 4519 3262 4572 sed
3304 4533 3420 4587 pro-

179 4607 553 4678 pervenient
585 4622 598 4658 :
631 4604 754 4674 quia
781 4603 976 4658 diversi
1015 4613 1208 4667 motus,
1229 4614 1282 4657 et
1299 4605 1461 4660 varia:
1487 4606 1780 4661 voluntates

183 4700 246 4754 in
281 4709 606 4764 utramque
641 4701 844 4764 partem
879 4694 1144 4747 diversum
1177 4695 1435 4763 accipient
1481 4705 1699 4763 statum,
1727 4697 1778 4750 id

184 4801 314 4857 est,
347 4796 417 4843 nt
443 4785 646 4854 angeli,
690 4783 932 4838 homines
977 4786 1059 4837 vel
1084 4785 1365 4849 daemones,
1402 4795 1454 4840 et
1476 4802 1681 4840 rursum
1711 4802 1776 4842 ex

186 4881 291 4938 his
350 4877 657 4941 homines;
693 4875 774 4930 vel
831 4875 1000 4943 angeli
1048 4874 1253 4941 ﬁantp
1312 4885 1365 4929 et
1406 4875 1492 4930 illa
1520 4891 1550 4931 e
1581 4878 1671 4937 lib.
1698 4894 1778 4944 ιιι,

189 4982 336 5038 cap.
374 4966 435 5029 6,
469 4978 619 5017 num.
650 4963 704 5029 5,
757 4980 776 5013 ι
799 4961 908 5016 Nec
933 4961 1148 5014 dubium
1191 4971 1270 5015 est
1305 4963 1428 5030 quin
1471 4971 1588 5030 post
1635 4978 1780 5032 qna:-

194 5060 342 5114 datn
385 5053 676 5110 intervalla
704 5062 1001 5122 temporum
1033 5066 1217 5105 rursus
1245 5052 1462 5104 materia
1501 5052 1774 5116 subsistat,

193 5161 260 5203 et
305 5159 558 5214 corpora
603 5145 752 5208 llant,
794 5153 849 5197 et
884 5142 1064 5196 mundi
1106 5142 1385 5196 diversitas
1421 5150 1776 5206 construatur,

202 5246 458 5306 propter
499 5233 680 5287 varias
715 5233 1014 5286 voluntates
1069 5231 1459 5284 rationabilium
1503 5241 1776 5284 creatura-

215 5344 370 5393 rum,
402 5338 528 5394 quae
561 5333 677 5391 post
698 5321 983 5389 perfectam
1016 5319 1388 5373 beatitudinem
1426 5334 1591 5387 usque
1622 5321 1684 5371 ad
1715 5322 1778 5374 fi-

219 5431 352 5470 nem
395 5412 642 5468 omnium
674 5424 849 5462 rerum
892 5407 1146 5475 paulatim
1173 5410 1237 5462 ad
1277 5408 1526 5462 inferiora
1554 5407 1780 5476 delapsa:

222 5517 440 5560 tantam
466 5495 718 5555 malitiam
741 5505 1075 5564 receperunt,
1107 5507 1163 5550 ut
1183 5500 1233 5552 in
1267 5498 1586 5552 contrarium
1609 5508 1783 5554 verte-

224 5603 451 5658 rentur,
487 5592 616 5646 dum
641 5587 825 5641 nolunt
847 5599 1060 5642 servare
1085 5589 1424 5659 principium,
1451 5596 1504 5644 et
1531 5588 1776 5647 incorru-

289 5789 410 5861 (50)
436 5783 573 5842 Vide
603 5781 754 5836 ﬁnem
777 5778 870 5834 lib.
899 5793 916 5832 ι
952 5775 1021 5835 De
1049 5783 1265 5853 princip.

1878 4608 2016 4662 fanis
2047 4607 2207 4661 etiam
2253 4608 2542 4676 regendum
2579 4621 2697 4662 sese
2740 4607 2949 4662 videtur
2974 4605 3231 4678 Origenes
3261 4610 3422 4662 tradi-

1877 4699 2016 4752 disse
2047 4714 2062 4751 :
2089 4696 2291 4750 Platoni
2324 4697 2600 4765 imprimis,
2629 4697 2720 4765 qui
2761 4697 2812 4750 in
2849 4695 3112 4751 Phtzdone
3137 4695 3410 4753 Socratem

1877 4787 2076 4841 inducit
2101 4788 2173 4839 ita
2203 4786 2555 4841 disserentem
2593 4804 2605 4838 :
2637 4787 2908 4841 hominum
2931 4788 3020 4856 qui
3049 4801 3166 4842 sesc
3193 4789 3418 4842 terrenis

1885 4875 2262 4943 cupiditatibus
2283 4876 2604 4942 dediderint,
2655 4878 2861 4931 animas
2882 4878 3024 4932 circa
3057 4878 3299 4947 sepulcra
3325 4893 3417 4929 va-

1885 4975 2069 5033 gantes
2097 4966 2327 5031 pendere
2350 4980 2552 5033 punias,
2579 4968 2749 5035 quoad
2779 4983 2960 5023 rursus
2973 4970 3282 5038 corporibus
3305 4970 3418 5022 alli-

1884 5064 2095 5122 gentur.
2123 5052 2283 5107 Docet
2323 5054 2518 5109 ibidem
2562 5055 2836 5119 Socrates,
2864 5069 3104 5113 mortuos
3141 5058 3208 5111 ab
3229 5072 3291 5110 eo
3313 5059 3416 5110 da:-

1884 5157 2064 5208 mone,
2097 5145 2186 5211 qui
2229 5145 2524 5200 viventibus
2553 5147 2679 5214 ipsis
2718 5148 3001 5218 obtigerat,
3032 5147 3214 5203 deduci
3243 5147 3308 5198 ad
3333 5146 3414 5196 in-

1884 5235 2044 5295 t'eros,
2071 5245 2122 5285 et
2147 5242 2264 5300 post
2304 5233 2456 5303 longa
2485 5236 2675 5290 deinde
2711 5237 2961 5304 temporis
3009 5234 3174 5302 spatia
3219 5231 3282 5282 ab
3310 5229 3415 5282 alio

1885 5323 2016 5376 duce
2043 5324 2298 5379 revocari.
2323 5324 2412 5378 Ait
2435 5327 2765 5393 postmodum
2793 5327 2860 5380 ad
2882 5321 3292 5380 Aeberusiadem
3319 5334 3413 5386 pa-

1885 5411 2059 5464 ludem
2095 5413 2376 5468 convenire
2427 5416 2618 5470 multas
2641 5425 2967 5471 mortuorum
3011 5409 3235 5471 animas,
3293 5421 3414 5472 quin

1885 5510 2006 5570 post
2031 5503 2299 5559 breviores
2330 5505 2410 5560 vel
2436 5507 2793 5561 diuturniores
2823 5513 3115 5569 temporum
3157 5496 3411 5558 ambitus,

1887 5606 2100 5648 rursum
2154 5595 2220 5651 ad
2265 5596 2570 5652 animalium
2625 5592 3011 5664 generationem
3070 5583 3412 5648 emittantur;
