3920 6464
521 413 645 466 1631

1748 413 1808 470 Ρ.
1846 414 2149 471 DANIELlS
2185 416 2415 473 HUETII

3736 419 3889 477 1032

515 529 835 585 sanabilibus
866 529 1021 582 modo
1049 530 1199 584 noxis
1231 531 1517 601 inquinata:
1555 533 1664 587 sint
1693 550 1708 587 :
1753 549 1870 604 quae
1905 549 2033 589 vero
2065 540 2110 595 Α
2135 535 2245 589 bnit
2274 535 2688 602 paenitentiam,
2724 534 2876 604 quid
2908 534 2987 587 ad
3023 547 3144 587 nos
3169 532 3198 587 ἳ
3230 550 3253 585 s
3289 542 3355 588 et
3390 532 3508 590 lib.
3535 547 3597 588 γι
3632 534 3693 587 in
3723 534 3888 589 [sane

511 622 698 674 ἀνίατα
742 618 959 673 crimina
1010 621 1337 688 admiserint,
1392 626 1597 678 detrudi
1633 626 1686 679 in
1732 625 2035 690 Tartarum,

511 711 646 763 unde
684 709 821 763 nulla
852 724 971 777 spes
1009 713 1233 765 exeundi
1273 716 1520 783 supersit.
1558 715 1767 783 Repetit
1807 718 2031 786 idipsum

508 802 559 854 in
586 800 796 868 Gorgia,
822 816 1113 870 ptenasque
1144 796 1486 871 temporarias
1517 807 1804 861 levioribus
1850 808 2023 875 culpis

506 890 886 944 insanabilibus
913 906 1038 944 vero
1074 905 1317 959 anernas,
1346 903 1397 946 et
1438 895 1539 949 line
1559 898 1822 952 carituras
1847 900 2032 953 decer-

506 979 602 1031 nit.
625 979 762 1033 ldem
793 980 888 1034 lib.
914 997 944 1033 x
968 981 1040 1033 De
1077 983 1269 1050 republ.
1305 998 1368 1034 ex
1397 984 1519 1037 lleri
1553 988 1823 1051 cujusdam
1848 989 2034 1042 Arme-

505 1070 574 1122 nii
624 1084 847 1137 persona
889 1073 1090 1125 animas
1121 1084 1299 1127 narrat
1339 1091 1402 1128 ex
1438 1077 1573 1131 caelo
1614 1080 1710 1131 sub
1744 1087 1931 1143 terras,
1971 1096 2033 1133 ac

501 1160 757 1223 vicissim,
785 1162 922 1213 ultro
962 1162 1202 1229 citroque
1232 1178 1503 1230 remeare;
1545 1182 1661 1232 qua:
1686 1168 1818 1221 malo
1846 1168 2032 1221 fruun-

503 1259 607 1312 tur,
640 1250 840 1303 deliciis
866 1251 966 1304 illic
992 1260 1044 1303 et
1077 1252 1266 1318 gaudio
1312 1253 1581 1319 perfundi;
1610 1271 1728 1324 qua:
1752 1259 1849 1310 sub
1874 1260 2030 1313 terris

498 1341 717 1410 agitant,
744 1340 849 1394 illic
868 1339 1070 1410 χιλιετῆ
1098 1342 1315 1411 πορείαν
1346 1358 1642 1410 capessere.
1676 1362 1737 1400 ac
1768 1347 1885 1401 inde
1912 1357 2029 1401 tan-

497 1432 612 1485 dem
647 1433 815 1484 exire.
844 1431 909 1483 Et
952 1432 1002 1483 in
1036 1432 1247 1498 Tima’o,
1276 1434 1503 1485 animam
1541 1450 1656 1505 (pias
1679 1446 1824 1491 recte
1858 1438 1941 1491 hic
1967 1453 2026 1493 se

496 1520 739 1586 gesserit,
776 1518 963 1573 sideris
1001 1519 1053 1572 in
1083 1536 1356 1574 numerum
1400 1522 1586 1576 referri
1631 1526 1851 1587 asserit;
1908 1540 2026 1593 quae

495 1607 646 1671 male,
671 1609 720 1661 in
747 1609 1001 1662 muliebre
1027 1624 1218 1679 corpus
1243 1610 1444 1665 demitti
1470 1628 1484 1675 ;
1519 1613 1726 1682 utrique
1758 1628 1883 1667 vero
1907 1624 2025 1682 post

498 1699 638 1753 mille
671 1714 925 1751 annorum
959 1701 1274 1754 curriculum
1302 1717 1449 1755 novre
1480 1703 1601 1755 vita:
1625 1704 1891 1770 cptiouem
1933 1707 2024 1756 da-

493 1788 570 1851 ri;
599 1798 794 1858 etquae
821 1790 972 1843 novis
1009 1805 1125 1844 sese
1169 1792 1540 1845 contaminarit
1564 1793 1727 1855 vitiis,
1765 1794 1814 1846 in
1862 1808 2021 1861 pecn-

492 1884 613 1934 dum
649 1897 866 1950 corpora
913 1881 1205 1951 relegatum
1246 1883 1348 1946 iri;
1380 1898 1546 1951 neque
1581 1885 1834 1937 malorum
1865 1886 2022 1938 linem

490 1982 612 2026 ante
657 1973 974 2034 habituram,
1016 1987 1174 2039 quam
1216 1973 1639 2027 adhazrescentes
1674 1975 1772 2027 sibi
1809 1989 1872 2026 ex
1904 1975 2026 2027 ele-

488 2070 783 2115 mentorum
829 2061 1050 2114 collnvie
1103 2062 1287 2113 sordes
1336 2062 1538 2114 ratione
1578 2062 1853 2129 depulerit.
1895 2062 2022 2128 Quae

488 2154 538 2205 in
565 2152 698 2205 libro
732 2153 803 2206 De
840 2153 1168 2205 universitate
1205 2167 1231 2202 a
1269 2151 1440 2204 Tullio
1487 2151 1671 2205 Latine
1706 2153 1929 2217 reddita,
1967 2164 2023 2208 et

485 2244 551 2297 ab
582 2244 805 2297 Alcinoo
833 2258 950 2309 cap.
979 2243 1044 2295 16
1069 2241 1289 2309 repetita
1319 2250 1550 2293 exstant.

552 2334 825 2387 Postremo
869 2330 1086 2383 nimium
1120 2328 1422 2382 obterendze
1449 2327 1828 2383 Valentinianre
1851 2331 2020 2384 hatre-

482 2440 603 2478 seos
630 2422 948 2476 desiderium
994 2418 1209 2485 Origeni
1265 2418 1474 2474 errandi
1526 2433 1745 2473 causam
1794 2418 2006 2482 obtulit,

481 2528 602 2566 nam
632 2527 751 2565 cum
778 2510 851 2563 illi
895 2508 1130 2563 damnari
1158 2523 1257 2561 non
1282 2522 1435 2574 posse
1469 2509 1768 2574 crederent,
1801 2510 1890 2577 qui
1926 2523 2015 2563 es-

478 2612 595 2658 sent
624 2602 874 2670 spiritalis
909 2611 1143 2665 naturas;
1186 2600 1411 2664 servari,
1444 2600 1532 2667 qui
1564 2609 1820 2666 terrente;
1849 2610 1902 2653 et
1930 2601 2014 2654 ia-

479 2702 559 2747 ter
614 2692 710 2746 hos
742 2691 1004 2745 diabolum
1054 2698 1354 2753 censerent,
1404 2689 1621 2756 angelos
1669 2689 1806 2743 inter
1850 2689 2009 2743 illos:

476 2782 728 2850 Origenes
760 2782 809 2834 in
844 2782 1047 2835 diversa
1084 2781 1271 2835 abiens
1304 2779 1604 2848 cespitavit,
1638 2793 1884 2833 asserens
1913 2794 2011 2831 an-

475 2870 619 2941 gelos
650 2869 889 2924 damnari
937 2884 1109 2937 posse,
1164 2878 1217 2924 et
1247 2868 1453 2937 aliquos
1490 2869 1668 2937 reipsa
1690 2869 2010 2938 quandoque

474 2961 747 3023 damnari;
790 2959 1057 3013 diabolum
1088 2957 1288 3013 servari
1320 2972 1497 3027 posse,
1530 2966 1585 3012 et
1614 2972 2011 3026 reveraserva-

471 3059 583 3104 tum
613 3050 895 3116 aliquando
922 3050 1009 3103 iri.

2136 639 2245 689 xlv,
2274 624 2367 687 20,
2404 641 2423 673 ι
2455 622 2559 677 Ubi
2587 635 2726 677 sunt
2765 638 2916 692 ergo
2951 623 3062 691 qui
3093 621 3250 674 dant
3306 622 3572 677 diabolo
3606 626 3890 691 poeniten-

2137 714 2283 775 tiam,
2310 722 2367 765 et
2401 714 2608 767 dicunt
2638 712 2808 766 illum
2859 728 3048 782 posse
3101 714 3451 767 mundari?
3478 733 3501 765 ι
3563 724 3625 768 et
3666 716 3767 769 lib.
3796 734 3889 771 vui

2133 804 2187 856 in
2221 801 2382 854 Isaite
2438 816 2568 870 cap.
2602 818 2789 869 xxvu,
2819 818 2985 856 vers.
3018 803 3085 865 1,
3128 821 3151 854 ‹
3184 802 3305 868 Qui
3349 802 3583 856 dicunt
3610 805 3890 862 diabolum

2134 900 2383 943 acturum
2445 891 2890 956 paenitentiam,
2962 901 3029 944 et
3081 893 3336 943 veniam
3408 902 3881 949 consecuturum

2134 978 2565 1045 interpretentur
2609 980 2779 1032 nobis
2808 978 3127 1047 quomodo
3163 979 3288 1033 hoc
3332 980 3693 1048 accipiant,
3750 986 3891 1051 quod

2133 1069 2397 1135 scriptum
2443 1077 2533 1120 est
2586 1084 2601 1120 :
2638 1067 2711 1120 Et
2763 1068 3096 1121 interliciet
3153 1068 3516 1121 draconem
3560 1069 3665 1135 qui
3710 1080 3797 1123 est
3843 1072 3891 1123 in

2132 1157 2355 1217 marip
2402 1156 2586 1211 etlib.
2622 1172 2641 1210 ι
2686 1157 2743 1209 in
2782 1157 2931 1209 Dan.
2972 1172 3072 1218 ιιι,
3104 1156 3189 1210 96
3219 1174 3236 1209 :
3265 1175 3288 1207 ι
3326 1156 3616 1222 Quidam
3661 1160 3893 1227 pessime

2130 1247 2197 1299 ad
2244 1246 2524 1301 diabolum
2572 1246 2853 1311 referunt,
2910 1247 3080 1315 quod
3128 1248 3191 1299 iu
3246 1250 3801 1305 consummatione
3845 1265 3893 1306 et

2129 1334 2237 1388 line
2264 1334 2453 1389 mundi
2481 1336 2657 1388 etiam
2691 1336 2811 1404 ipse
2843 1336 3110 1404 recipiat
3146 1336 3458 1390 notitiam
3500 1336 3640 1401 Dei,
3687 1346 3747 1393 et
3784 1354 3892 1394 om-

2129 1440 2227 1479 nes
2252 1426 2318 1477 ad
2349 1426 2740 1493 paenitentiam
2766 1426 3166 1480 cohortetur.
3206 1446 3231 1478 s
3297 1427 3651 1482 Acerrime
3678 1445 3810 1485 vero
3842 1436 3893 1487 in

2123 1513 2279 1567 Jomr
2308 1529 2389 1577 Ill,
2422 1515 2479 1577 6,
2524 1516 2803 1569 adversus
2865 1515 3239 1569 doctrinam
3302 1514 3486 1570 banc
3557 1515 3888 1574 invehitur:

2130 1602 2457 1671 «Alioquin,
2505 1604 2714 1673 inquit,
2752 1605 2800 1659 si
2853 1618 3084 1658 omnes
3144 1604 3591 1661 rationabiles
3626 1620 3890 1664 creatura:

2123 1692 2365 1759 :equales
2416 1702 2565 1758 sunt,
2620 1703 2677 1747 et
2734 1693 2820 1748 vel
2860 1708 2939 1747 ex
3000 1694 3407 1757 virtutibus,
3454 1696 3559 1750 vel
3612 1712 3690 1751 ex
3752 1701 3889 1755 vitiis

2126 1790 2319 1848 sponte
2353 1784 2577 1852 propria
2627 1792 2728 1835 aut
2789 1797 3042 1836 sursum
3089 1783 3487 1853 eriguntur,
3547 1798 3652 1841 aut
3705 1789 3760 1844 in
3791 1790 3887 1843 ima

2062 1850 2479 1936 Bmerguntnr,
2522 1879 2575 1923 et
2613 1869 2784 1938 longo
2834 1879 2974 1938 post
3035 1850 3335 1924 circuitu
3420 1884 3616 1944 atque
3665 1876 3887 1931 infinitis

2128 1956 2364 2021 sareulis,
2398 1960 2647 2011 omnium
2700 1973 2896 2012 rerum
2961 1958 3314 2014 restitutio
3370 1960 3518 2027 (iet,
3572 1974 3634 2018 et
3670 1982 3781 2019 una
3809 1968 3884 2021 di-

2126 2047 2308 2113 gnitas
2340 2048 2747 2111 militantium;
2798 2063 2933 2116 qua:
2962 2046 3301 2103 distantia
3353 2054 3484 2106 erit
3538 2054 3701 2110 inter
3734 2058 3885 2125 virgi-

2126 2150 2249 2188 nem
2283 2146 2335 2187 et
2379 2137 2745 2203 prostibulum
2771 2138 2795 2190 ?
2820 2155 2958 2207 quae
3000 2140 3405 2198 diﬂerentia
3433 2145 3558 2199 erit
3598 2147 3749 2202 inter
3778 2149 3881 2201 lla-

2124 2234 2261 2278 trem
2292 2226 2531 2291 Domini,
2569 2238 2624 2281 et
2653 2228 2826 2296 (quod
2863 2232 3035 2285 dictu
3084 2245 3376 2304 Quoque
3422 2238 3635 2291 scelus
3680 2242 3786 2307 est)
3815 2243 3883 2293 vi-

2119 2316 2316 2369 ctimas
2348 2316 2636 2369 libidinum
2663 2318 3040 2386 publicarum
3063 2323 3095 2376 ?
3148 2325 3438 2380 idemne
3492 2328 3617 2382 erit
3645 2327 3879 2394 Gabriel,

2118 2413 2173 2457 et
2197 2404 2487 2461 diabolus?
2528 2408 2750 2462 idemne
2774 2412 3061 2477 apostoli,
3128 2424 3208 2467 et
3247 2416 3641 2472 daemones?
3674 2420 3880 2475 idemne

2118 2494 2416 2561 propheta,
2456 2505 2514 2549 et
2558 2498 3154 2569 pseudoprophetm?
3223 2504 3418 2561 idem
3469 2518 3786 2582 martyres,
3830 2523 3878 2568 et

2115 2586 2546 2673 persecutores?
2594 2585 2774 2658 Finge
2820 2592 3163 2661 qualibet,
3241 2613 3467 2653 annos
3537 2611 3599 2655 et
3646 2612 3876 2673 tempora

2113 2670 2346 2739 duplica,
2379 2686 2437 2726 et
2484 2675 2736 2730 inﬁnitas
2766 2690 2977 2735 aetates
3019 2698 3348 2754 congere
3398 2670 3806 2759 cruciatibus;
3837 2694 3875 2749 si

2113 2758 2237 2813 ﬁnis
2264 2764 2505 2816 omnium
2546 2766 2751 2820 similis
2792 2778 2909 2832 est,
2950 2777 3396 2840 praeteritum
3436 2795 3630 2838 omne
3681 2758 3872 2852 proni-

2111 2846 2222 2901 hilo
2242 2860 2341 2915 est,
2377 2853 2504 2917 quia
2555 2870 2667 2909 nou
2704 2859 3037 2925 quaerimus
3086 2868 3296 2931 quod
3341 2846 3873 2941 aliquando-fueri-

2109 2954 2250 3005 mus,
2296 2943 2391 2995 sed
2421 2943 2555 3010 quid
2597 2960 2830 3015 semper
2864 2950 3059 3005 futuri
3113 2968 3404 3016 sumus.
3438 2979 3464 3013 ι
3523 2963 3675 3018 Aliis
3704 2964 3873 3031 hujus-

2108 3030 2560 3127 modi-plerisque
2591 3035 2917 3094 referendis
2967 3050 3437 3111 supersedeo.
3486 3052 3675 3109 Miror
3703 3056 3871 3127 itaque

544 3139 678 3193 XXI.
709 3138 924 3192 Minime
948 3153 1074 3208 ergo
1096 3139 1287 3192 mirum
1325 3148 1403 3193 est
1430 3137 1680 3201 Platonis,
1702 3136 2007 3194 Platonico-
2034 3156 2075 3214 ο
2109 3118 2236 3214 (1⁸⁸Ῐά
2266 3121 2319 3173 in
2352 3131 2592 3214 “lentem
2627 3128 2850 3182 Venerit
2885 3128 3232 3200 Hauoxioo
3279 3155 3409 3195 cur
3440 3155 3693 3214 ηεεπει
3716 3118 3868 3200 "5:"

470 3246 692 3299 rumque
737 3232 931 3284 dictata
976 3232 1275 3283 audientem
1323 3229 1722 3297 Adamantium,
1758 3238 1812 3284 et
1849 3231 2008 3285 Chri-

468 3320 653 3373 stianis
674 3321 855 3371 eadem
899 3334 1000 3372 non
1030 3319 1159 3372 satis
1193 3326 1348 3372 caute
1384 3328 1789 3386 proponentem,
1824 3319 2007 3386 explo-

467 3421 584 3460 sum
618 3423 644 3459 a
680 3408 928 3461 Patribus
969 3424 1032 3462 ac
1061 3408 1314 3476 reiectum
1361 3408 1539 3460 fuisse.
1580 3406 1831 3460 Futuram
1859 3409 2003 3462 illam

466 3494 661 3547 diaboli
688 3496 1085 3549 conversionem
1117 3506 1170 3549 et
1212 3495 1435 3548 salutem
1462 3509 1640 3548 amare
1663 3496 1787 3549 huic
1814 3511 2007 3566 expro-

465 3583 584 3637 brat
608 3584 929 3649 Epiphanius
963 3586 1014 3638 in
1055 3586 1206 3652 epist.
1235 3586 1298 3637 ad
1324 3583 1475 3636 Joan.
1501 3582 1764 3648 Jerosol.,
1796 3599 1913 3654 cap.
1946 3588 2000 3651 5,

462 3682 518 3726 et
546 3672 597 3725 in
653 3674 862 3743 synopsi
900 3674 1070 3726 tomil
1120 3673 1355 3736 I'anarii,
1404 3672 1493 3726 lib.
1525 3687 1585 3737 ιι,
1626 3687 1741 3741 cap.
1776 3674 1863 3730 18.
1897 3675 2001 3729 Ex-

462 3762 680 3830 probrat
712 3772 765 3815 et
789 3762 1109 3830 Theophilus
1130 3761 1376 3816 Paschal.
1406 3777 1445 3815 ιι
1477 3762 1558 3815 bis
1589 3764 1764 3816 verbis
1796 3778 1811 3817 :
1851 3783 1870 3815 ι
1898 3765 2001 3819 Ta-

464 3848 530 3903 lis
553 3858 732 3917 pastor
757 3850 930 3918 gregis
980 3850 1201 3903 morbidi
1232 3849 1499 3903 Cbristum
1535 3850 1729 3919 ubique
1755 3854 2001 3922 suggillat

461 3937 687 4005 injuriis,
728 3948 781 3992 et
821 3939 1080 3992 diabolum
1111 3940 1312 3992 honore
1379 3937 1627 3999 sustollit,
1684 3941 1807 3994 dum
1852 3943 1995 3997 illum

458 4028 645 4080 asserit
673 4036 950 4096 purgatum
974 4027 1116 4081 vitiis
1138 4037 1293 4094 atque
1321 4027 1557 4095 peccatis
1585 4027 1867 4095 pristinam
1900 4033 1998 4085 ali-

456 4117 666 4183 quando
696 4116 913 4182 gloriam
944 4126 1293 4185 recepturam,
1337 4127 1391 4171 et
1420 4117 1563 4171 hunc
1590 4132 1810 4185 regnare
1847 4120 1995 4174 desi-

456 4217 615 4268 stere,
647 4207 905 4275 simulque
926 4222 1045 4261 cum
1077 4207 1284 4261 diabolo
1312 4209 1409 4261 sub
1438 4207 1618 4261 Patris
1650 4209 1871 4276 imperio
1903 4226 1991 4264 re-

455 4294 757 4361 digendum.
784 4317 800 4347 ι
824 4296 1169 4364 Hieronymus
1197 4298 1351 4365 epist.
1378 4296 1469 4358 59,
1497 4297 1560 4347 ad
1593 4297 1758 4359 Avit.,
1785 4314 1902 4366 cap.
1938 4302 1988 4365 Ι,

455 4384 651 4437 dixisse
694 4400 811 4438 eum
850 4386 1110 4454 queritur,
1165 4400 1412 4439 «omnem
1448 4394 1745 4439 creaturam
1798 4402 1989 4443 secun-

454 4474 576 4527 dum
606 4475 930 4542 Apostolum,
958 4477 1174 4529 vanitati
1201 4491 1318 4530 esse
1345 4474 1660 4542 subiectam,
1688 4483 1742 4528 et
1768 4476 1984 4533 liberari
2015 4463 2061 4521 Ῐ)
2090 4458 2256 4561 hem.“
2316 4471 2461 4564 δυηξν
2522 4466 2624 4564 ἔιδ-
2658 4468 2782 4525 11330
2845 4476 3009 4531 maia
3069 4458 3319 4546 denuo

453 4566 504 4618 iu
541 4565 907 4619 revelationem
947 4568 1168 4621 ﬁliorum
1196 4568 1311 4632 Dei,
1342 4587 1359 4619 ι
1397 4576 1451 4622 ct
1488 4568 1539 4621 in
1585 4568 1740 4634 epist.
1773 4568 1862 4635 61,
1920 4572 1988 4625 ad

451 4653 780 4717 Pammacb.,
834 4672 947 4724 cap.
970 4658 1238 4727 5,-«quod
1287 4660 1429 4713 dicat
1474 4668 1527 4713 et
1584 4657 1881 4722 diabolum,
1932 4670 1987 4715 et

448 4746 711 4799 dazmones
760 4754 968 4799 acturos
1015 4748 1371 4813 paenitentiam
1421 4748 1725 4817 aliquando,
1759 4756 1814 4800 et
1863 4762 1982 4801 cum

446 4833 644 4888 sanctis
669 4832 852 4884 ultimo
881 4841 1113 4899 tempore
1141 4846 1480 4904 regnaturos;
1508 4856 1525 4887 ι
1563 4837 1699 4904 quod
1730 4845 1783 4889 et
1812 4835 1983 4892 fusius

443 4922 670 4993 explicat
699 4935 813 4987 cap.
839 4920 872 4972 ὅ
896 4931 949 4973 et
986 4923 1037 4974 in
1082 4924 1237 4988 epist.
1269 4925 1356 4989 65,
1397 4926 1461 4979 ad
1488 4926 1801 4979 Pammach.
1828 4936 1881 4979 et
1906 4926 1981 4979 O-

441 5026 617 5074 ceau.,
659 5022 774 5076 cap.
796 5007 851 5068 2,
880 5007 1105 5060 sensisse
1147 5009 1288 5061 illmn
1320 5012 1394 5064 ait
1424 5027 1438 5064 :
1471 5031 1490 5063 ι
1518 5012 1646 5066 Post
1673 5013 1838 5066 multa
1877 5028 1980 5067 sa:-

441 5103 580 5166 cula,
638 5110 795 5166 atque
836 5111 991 5148 uuam
1024 5099 1257 5150 omnium
1289 5102 1702 5163 restitutionem,
1750 5104 1975 5171 idipsum

438 5191 553 5246 fore
581 5187 901 5247 Gabrielem,
923 5185 1062 5251 quod
1088 5186 1389 5251 diabolum;
1415 5188 1661 5253 Paulum,
1684 5192 1821 5258 quod
1856 5191 1978 5244 Cai-

438 5283 632 5351 pham;
664 5278 918 5346 virgines,
939 5273 1079 5342 quod
1106 5275 1421 5341 prostibulas
1447 5293 1461 5339 ;
1485 5296 1503 5328 ι
1534 5288 1589 5331 et
1620 5280 1670 5332 in
1701 5279 1854 5346 epist.
1883 5278 1970 5344 75,

437 5375 501 5427 ad
540 5373 904 5442 Vigilantium,
928 5363 1113 5420 scribit
1147 5364 1353 5415 veniam
1381 5372 1505 5419 tunc
1528 5368 1829 5423 hominibus
1851 5384 1971 5423 con-

438 5461 730 5515 donandam
773 5458 1102 5515 existimasse
1148 5450 1450 5521 Origenem,
1498 5459 1711 5522 quando
1758 5460 1968 5512 diabolo

437 5550 820 5602 condonabitur
849 5563 864 5603 :
895 5554 949 5600 et
990 5543 1081 5597 lib.
1109 5556 1125 5594 ι
1165 5541 1367 5592 advers.
1404 5537 1733 5608 Pelagianos,
1765 5560 1884 5611 cap.
1909 5546 1964 5609 9,

442 5630 544 5683 «Si
597 5645 793 5700 autem,
850 5633 1038 5702 inquit,
1080 5629 1336 5697 Origenes
1392 5640 1575 5681 omnes
1625 5631 1962 5686 rationabiles

436 5732 707 5779 creaturas
731 5726 861 5780 dicit
891 5739 995 5780 non
1038 5735 1154 5779 esse
1185 5715 1500 5788 perdendus,
1536 5727 1585 5773 et
1624 5718 1835 5773 diabolo
1865 5722 1959 5774 tri-

2109 3209 2617 3306 primm-deferte,
2657 3226 2864 3284 quiest.
2914 3219 2975 3287 5,
3027 3209 3556 3300 Epiphanium:
3604 3234 3869 3306 Theophi-

2107 3300 2237 3397 lum,
2265 3312 2317 3355 et
2346 3301 2748 3373 Hieronymum
2778 3311 3131 3380 quidquam
3178 3320 3277 3375 de
3312 3337 3393 3377 ea
3430 3341 3502 3380 re
3537 3300 3865 3397 prodidisse.

2103 3390 2235 3445 Cum
2260 3400 2455 3445 caetera
2485 3404 2672 3448 autem
2697 3397 2975 3467 Origenis
3004 3420 3424 3468 commenta
3450 3390 3695 3472 defendi
3725 3432 3868 3488 posse

2104 3480 2246 3533 dicat
2304 3482 2650 3549 Augustinus
2709 3488 2855 3545 δίεπ’.
2923 3508 3119 3560 xuii,
3208 3505 3304 3558 ad
3370 3480 3866 3573 Quodvultdeutn,

2103 3571 2240 3625 istud
2288 3570 2491 3624 frustra
2538 3576 2611 3629 ab
2668 3577 2797 3646 ejus
2847 3584 3340 3649 defensoribus
3392 3570 3685 3655 excusari
3734 3570 3866 3656 fate;

2102 3669 2189 3757 tur
2223 3675 2237 3710 :
2267 3677 2285 3710 ς
2308 3660 2449 3757 ¹(ὶαῑει
2471 3663 2622 3757 enim
2646 3665 2995 3727 Catholicus
3020 3675 3491 3743 Christianus
3524 3690 3725 3757 (verba
3750 3701 3869 3747 Sum

2100 3749 2403 3817 Augustini)
2433 3750 2519 3804 vel
2550 3752 2776 3820 doctus,
2808 3759 2901 3813 vel
2934 3762 3272 3823 indoctus
3309 3790 3447 3829 non
3502 3749 3864 3834 vehementer

2097 3837 2384 3891 exhorreat
2407 3854 2529 3893 eam
2550 3858 2723 3910 quam
2755 3846 2903 3902 dicit
2928 3861 3430 3923 purgationem
3464 3870 3758 3925 malorum
3777 3912 3792 3933 .
3817 3872 3863 3924 id

2096 3936 2197 3990 est,
2217 3929 2375 4024 etiam
2390 3945 2485 4024 eos
2501 3935 2593 4000 qui
2612 3934 2761 3990 hanc
2779 3938 2966 3993 vitam
2986 3943 3047 3996 iu
3071 3947 3379 4020 ﬂagitiis
3410 3968 3477 4010 ει
3499 3929 3861 4024 facinoribus,

2096 4024 2148 4110 et
2178 4017 2502 4084 sacrilegiis,
2527 4029 2697 4089 atque
2732 4017 3594 4110 impietatibus‘quamlibet
3619 4017 3862 4105 maximis

2096 4106 2346 4159 tinicrunt
2385 4126 2398 4160 :
2434 4108 2614 4176 ipsum
2660 4113 2835 4167 etiam
2898 4106 3266 4185 postremo
3335 4135 3665 4192 diabolum
3711 4150 3860 4211 atque

2092 4196 2310 4265 angelos
2335 4198 2472 4265 ejus,
2505 4204 2770 4268 quamvis
2799 4218 2933 4273 post
2962 4210 3390 4283 longissima
3438 4238 3719 4301 tempora
3746 4196 3861 4302 pur-

2090 4292 2243 4349 gatos
2270 4294 2433 4353 atque
2463 4288 2731 4345 liberatos
2754 4332 2770 4356 ,
2810 4310 2999 4366 regno
3037 4302 3174 4359 Dei
3200 4351 3223 4373 ,
3294 4288 3595 4387 lucique.
3614 4288 3857 4385 festam;

2091 4379 2145 4484 ft
2187 4386 2373 4471 rursus
2416 4386 2541 4443 post
2576 4378 2935 4484 ‘longissima
2998 4399 3336 4465 tempora
3395 4378 3630 4468 omnes
3661 4414 3755 4484 qui
3810 4378 3861 4469 li.

2208 4549 2220 4561 .
2525 4513 2592 4520 ν...
2658 4513 2782 4525 ..νυν
2846 4513 3009 4531 -ι--ιει
3069 4513 3319 4546 ucuuo
3393 4513 3630 4564 PCRN",
3678 4513 3735 4557 et
3780 4517 3859 4555 ΓΘ-

2086 4558 2259 4613 veru,
2298 4560 2354 4605 et
2419 4553 2519 4609 has
2572 4556 2727 4612 vices
2800 4562 3219 4632 alternantes
3284 4581 3755 4645 beatitudinum
3814 4601 3863 4646 et

2088 4746 2299 4834 semper
2327 4733 2481 4789 fore?
2515 4737 2590 4791 De
2615 4754 2727 4807 qua
2770 4746 3118 4807 vanissima
3192 4733 3859 4834 ῑιῃρῖειδιξείςάξηξιξέιέξ

2089 4822 2456 4929 ιὲιίιοξοριιοε,
2488 4842 2521 4929 Ξ
2554 4831 2762 4929 quibus
2802 4835 2913 4929 ista
2941 4841 3191 4902 didicit
3246 4822 3858 4929 drigeiies—inlibr;

2088 4912 2170 5015 De
2210 4915 2418 4968 civitate
2477 4917 2577 4971 Dei
2629 4922 3098 4993 diligentissime
3165 4912 3557 5020 disputavi:

2088 4958 2170 5015 -ς
2210 4958 2417 4968 *πη-’ν
2477 4958 2577 4971 νυ*
2630 4958 3098 4993 “mou-"33m":
3165 4958 3557 5020 disputavi;
3620 4976 3642 5009 ι
3706 4958 3855 5023 libra,

2086 5018 2298 5104 opinor,
2350 5008 2612 5107 secundo,
2675 5026 2800 5080 cap.
2846 5017 2921 5070 t7
2968 5033 3034 5076 et
3066 5026 3197 5094 ‘25,
3261 5040 3381 5093 ubi
3440 5045 3671 5115 dogma
3728 5051 3853 5102 idem

2087 5095 2315 5193 excutit,
2345 5105 2400 5148 et
2422 5097 2558 5193 ejus.
2577 5114 2748 5193 causa
2794 5110 3019 5165 merito
3066 5095 3855 5193 τρρι-οωιιιηέιέζεξξίέῖ

2080 5183 2708 5295 ξίῇρξξεθξῖῗωηίωξξῗ
2763 5208 3025 5295 Win";
3087 5219 3170 5261 ιιι
3223 5223 3297 5268 et
3362 5218 3541 5277 libro
3581 5226 3669 5280 De
3704 5229 3853 5295 gestis

2078 5271 2304 5371 ρειςσϋ,
2333 5276 2552 5371 (ξιιμ-5.
2597 5281 2697 5333 Adi
2728 5293 2788 5337 et
2818 5284 3041 5345 librum
3090 5297 3319 5366 ipsius

2074 5361 2316 5464 lianistas
2363 5377 2434 5464 et“
2456 5367 2833 5464 Origeru'stas,
2885 5394 3023 5450 cap.
3069 5361 3223 5447 Siet
3264 5397 3338 5464 6,

2398 5458 2585 5564 Orosu
2630 5460 3178 5564 commonitorium
3256 5490 3347 5559 ad
3418 5497 3847 5564 Augustinum.

2072 5542 2340 5642 §uggillat
2381 5554 2644 5609 eumdem
2685 5557 2807 5627 ipsa
2865 5563 2979 5619 hac
3014 5568 3088 5621 de
3141 5544 3364 5634 causa

2070 5634 2145 5735 Pe
2179 5646 2449 5696 communi
2480 5652 2752 5720 essentia,
2788 5654 2890 5710 lib.
2916 5674 3009 5723 tu,
3046 5677 3196 5734 cap.
3234 5672 3309 5735 6,
3350 5686 3423 5729 et
3467 5691 3691 5735 auctor
3716 5683 3833 5735 Dia~

2064 5724 2306 5795 logorum
2358 5738 2456 5805 qui
2517 5740 2763 5802 Cmsario
2832 5748 3101 5824 Gregorii
3195 5758 3612 5827 Nazianzeni
3676 5773 3840 5827 fratri
