3920 6462
87 400 292 515 ιιιῦίν

94 513 524 626 ποτε
551 515 697 626 (5:).
723 544 1011 600 quamvis
1037 546 1265 608 Maximi,
1298 547 1384 615 qui
1417 545 1642 600 Caesario
1686 559 1772 596 re-

99 610 104 625 ,
181 595 300 622 -ν,
485 601 498 612 .
743 595 759 599 -
907 595 1009 600 η--
1302 595 1383 615 γ-
1426 595 1633 600 η--τρ-
1689 595 1736 596 η

99 595 562 712 ἒζςεξῨ-ἷξξηξν
603 609 1000 712 ίγξδβιιιρηιιιιη
1034 635 1332 689 exhibeant.
1376 633 1515 688 lnler
1549 633 1769 685 anathe-

115 693 474 801 ᾆφθῗξφδ
496 693 813 801 δξῗίίθίθῐιῖ
845 724 1094 788 epistolae
1133 726 1196 778 ad
1231 724 1436 777 Menam
1480 723 1768 784 snbnexos,

127 791 624 897 gffeIYS-ljle
637 809 736 897 ρει
770 821 798 897 ε.
832 809 907 864 Et
931 831 1016 876 τις
1054 815 1195 881 λέγει
1225 815 1258 883 ἢ
1300 815 1410 884 ἔχει
1452 815 1771 886 πρόσκαιρον

158 904 223 956 εχ,
271 890 338 930 at
364 871 467 971 ἣν
493 877 608 971 τῷν
633 881 918 958 δαιμόνων
948 900 1039 951 και
1059 900 1262 952 ἀσεσῶν
1295 871 1587 971 ἀνθρώτὲων
1621 901 1773 953 κόλα-

195 1001 315 1040 σιν,
340 966 434 1023 καὶ
464 969 621 1036 τέλος
646 980 797 1034 κατὰ
825 1001 948 1038 τινα
979 990 1161 1058 χρόνον
1185 989 1349 1059 αὐτὴν
1384 990 1521 1054 ἕξειν
1538 1028 1553 1051 ,
1609 988 1772 1058 ὴγοῦν

206 1062 659 1128 ἀποκατάστασιν
686 1074 944 1139 γενέσθαι
974 1079 1254 1148 δαιμόνων,
1282 1079 1540 1149 ἢάσεϐὧν
1568 1079 1774 1151 ἀνθρώ-

223 1173 359 1222 πων,
391 1154 641 1228 ἀνάθεμα
677 1159 842 1217 ἔστω.
883 1183 902 1217 ι
937 1166 992 1221 Si
1024 1169 1141 1235 quis
1166 1169 1290 1222 dicit
1324 1178 1416 1223 aut
1450 1171 1608 1224 sentit
1643 1181 1773 1224 tem-

219 1251 494 1322 porariam
534 1264 658 1306 esse
697 1256 999 1310 daemonum
1049 1257 1131 1312 v'el
1175 1259 1454 1328 impiorum
1501 1261 1771 1315 hominum

214 1342 590 1413 punitionem,
630 1343 898 1414 ﬁnemque
943 1347 1118 1416 aliquo
1154 1359 1387 1416 tempore
1437 1351 1570 1404 hanc
1627 1351 1774 1405 habi-

208 1445 399 1487 turam
423 1472 442 1499 ,
479 1435 737 1488 nimirum
767 1437 1150 1491 restitutionem
1190 1437 1421 1492 futuram
1457 1440 1769 1499 daemonum.

203 1523 292 1575 Vel
327 1523 634 1590 impiorum
663 1523 960 1589 hominum,
989 1527 1266 1580 anathema
1307 1529 1395 1581 sit.
1436 1547 1456 1579 ι
1493 1527 1557 1580 Ει
1589 1529 1638 1581 in
1676 1529 1776 1582 bac

198 1611 324 1680 ipsa
361 1625 596 1679 quoque
623 1611 868 1680 epistola,
902 1616 1340 1682 quemadmodum
1369 1623 1422 1670 et
1449 1616 1499 1668 in
1523 1616 1686 1669 altera
1709 1615 1776 1668 ad

195 1701 490 1770 synodum
548 1700 819 1769 quintam,
854 1704 1096 1755 eumdem
1130 1717 1369 1756 errorem
1418 1712 1600 1766 notat,
1629 1710 1681 1755 et
1709 1704 1775 1754 ad

194 1790 429 1844 calcem
459 1791 580 1843 loca
612 1792 863 1844 nonnulla
889 1790 1135 1860 Origenis
1162 1804 1226 1845 eo
1261 1791 1576 1858 pertinentia
1611 1792 1775 1844 addu-

193 1879 298 1932 cit.
329 1877 486 1944 Quin
515 1878 683 1932 etiam
714 1882 944 1949 synodus
985 1881 1171 1947 quinta
1213 1881 1350 1934 hanc
1397 1881 1638 1935 haeresim
1687 1881 1778 1934 de-

192 1977 366 2020 creto
411 1962 524 2021 'suo
542 1967 829 2037 iugulavit,
872 1968 916 2023 si
965 1970 1091 2036 quid
1129 1969 1390 2033 Cedreno,
1417 1979 1470 2023 et
1501 1970 1686 2024 Photio
1717 1971 1773 2023 in

191 2057 399 2112 libello
436 2057 518 2111 De
547 2059 780 2126 synodt's,
806 2066 859 2112 et
884 2073 1148 2129 anonymo
1178 2059 1378 2112 auctori
1406 2059 1523 2113 libri
1559 2059 1634 2112 De
1655 2075 1776 2112 con-

189 2149 356 2202 ciliis
380 2150 750 2212 aecumenicis,
776 2159 830 2204 et
856 2149 1152 2217 Nieephoro
1196 2151 1484 2203 credimus.
1531 2150 1666 2215 Quid
1685 2165 1778 2218 ap-

190 2237 412 2305 pellem
465 2239 789 2308 Gregorium
844 2238 1102 2308 Magnum,
1139 2240 1229 2308 qui
1256 2239 1345 2292 lib.
1389 2253 1550 2293 xxxw
1584 2239 1774 2292 Moral.

191 2341 330 2394 cap.
373 2326 474 2389 19,
529 2337 583 2380 et
615 2327 708 2380 lib.
747 2342 806 2380 ιιι
853 2327 1086 2395 Εατμοιίε.
1132 2329 1185 2381 in
1225 2326 1256 2380 Ι
1287 2326 1406 2397 Reg.
1447 2345 1560 2396 cap.
1591 2345 1649 2392 ιι,
1679 2330 1779 2384 hoc

191 2413 669 2482 Origenistarum
713 2415 1114 2468 deliramentum
1158 2415 1364 2483 prolixe
1408 2417 1614 2483 arguit?
1653 2418 1780 2486 quid

195 2503 548 2566 Maximum,
591 2504 682 2571 qui
738 2505 793 2558 in
847 2505 1063 2559 scholiis
1099 2505 1165 2558 ad
1205 2506 1439 2574 Dionysii
1482 2506 1676 2560 librum
1703 2507 1779 2559 De

196 2594 420 2646 σαίρειὶ
483 2592 784 2655 ΙιὶρναντΙι..
834 2608 952 2661 cap.
1001 2593 1052 2657 6,
1113 2594 1271 2646 verba
1326 2595 1437 2647 haec
1463 2593 1708 2660 Origenis
1749 2608 1780 2647 e

201 2682 312 2735 lib.
355 2698 376 2736 ι
409 2682 560 2748 Περὶ
579 2681 780 2750 ἀρχῶν
806 2683 992 2736 recitat
1022 2701 1034 2736 :
1067 2682 1217 2735 Μετὰ
1244 2683 1301 2735 δὲ
1329 2683 1388 2735 τὸ
1420 2685 1511 2735 ἐπὶ
1537 2685 1667 2735 πᾶσι
1695 2683 1781 2735 τέ-

192 2772 298 2835 λος
325 2773 507 2826 πάλιν
529 2773 858 2843 ἀπόρῥευσις
878 2772 967 2824 καὶ
999 2773 1338 2835 κατάπτωσις
1386 2773 1586 2841 γίνεται
1611 2791 1624 2838 ;
1656 2775 1780 2840 quid

196 2861 623 2931 Theophanem
643 2864 974 2925 Cerameum,
1003 2865 1091 2930 qui
1121 2864 1301 2916 homil.
1330 2863 1508 2931 2,haec
1535 2865 1778 2917 disserit:

198 2953 284 3005 Τὸ
312 2952 534 3021 μέντοι,
564 2951 672 3013 ἕως
693 2951 872 3021 ἀποδῷ
900 2955 1004 3006 πᾶν
1029 2953 1087 3005 τὺ
1123 2953 1457 3022 ὀφειλόμενον
1482 2992 1496 3015 ,
1527 2953 1585 3002 οὺ
1609 2969 1784 3022 χρονιο

201 3043 316 3112 κὴν
373 3042 662 3114 σημασίαν
701 3042 866 3112 δηλοῖ,
913 3042 1049 3095 κατὰ
1086 3043 1182 3112 τὴν
1222 3042 1430 3113 μυθώδη
1488 3043 1782 3113 Ὠριγένους

199 3132 697 3195 ἀποκατάστασιν,
735 3129 868 3182 ἀλλὰ
909 3131 969 3182 τὸ
1014 3131 1256 3200 ἀόριστον
1299 3133 1391 3182 καὶ
1441 3131 1783 3199 ἀτελεύτητον

203 3224 319 3292 τῆς
363 3221 654 3282 κολάσεως
687 3231 706 3250 ·
759 3237 778 3271 ι
821 3219 930 3273 Hoc
972 3228 1115 3274 certe
1169 3238 1182 3273 :
1236 3220 1408 3274 Donec
1466 3221 1782 3289 persolverit

205 3325 390 3365 omne
437 3310 720 3371 debitum,
759 3323 865 3362 non
917 3309 1290 3375 temporarium
1333 3311 1458 3378 quid
1501 3311 1780 3380 signiﬁcat,

201 3401 376 3469 juxta
416 3398 728 3452 fabulosam
761 3396 1005 3466 Origenis
1037 3398 1448 3465 restitutionem,
1480 3401 1570 3455 sed
1598 3413 1783 3468 poenas

206 3491 331 3545 line
365 3488 666 3544 carentes?
702 3504 722 3537 ι
754 3487 880 3554 quid
913 3487 1105 3542 Bedam
1134 3490 1224 3556 qui
1252 3489 1344 3544 lib.
1377 3504 1393 3543 ι
1433 3489 1784 3556 Expositionis

207 3583 276 3634 in
308 3579 608 3642 Proverb.,
643 3593 761 3646 quae
789 3577 1105 3646 Hieronymo
1132 3578 1264 3633 falso
1286 3579 1551 3641 tribuitur,
1570 3581 1634 3632 ad
1663 3594 1780 3648 cap.

209 3685 282 3738 ιι,
314 3672 410 3734 19,
440 3679 500 3726 et
529 3669 626 3723 lib.
665 3684 723 3731 ιι,
750 3669 816 3722 ad
843 3681 960 3734 cap.
997 3682 1072 3728 χι,
1106 3668 1157 3732 7,
1185 3677 1239 3722 et
1260 3669 1312 3721 in
1338 3669 1711 3722 Retractatione
1733 3671 1786 3722 in

208 3765 356 3819 Acta
380 3772 584 3831 apem,
615 3759 680 3813 ad
711 3773 832 3827 cap.
856 3773 939 3821 ιιι,
962 3758 1096 3812 hanc
1115 3759 1448 3825 reprehendit
1467 3760 1784 3823 doctrinam,

209 3864 463 3919 eamque
489 3849 569 3902 ait
594 3846 948 3915 Origenianos
969 3845 1067 3898 hoc
1094 3844 1240 3898 Isaia:
1266 3846 1567 3900 testimonio
1608 3847 1788 3898 delen-

211 3944 357 3998 dere
384 3959 400 3995 :
436 3957 457 3990 ι
501 3939 572 3993 Ει
596 3937 909 3992 claudentur
930 3935 1000 3989 ibi
1030 3936 1081 3989 in
1111 3950 1345 3998 carcere,
1368 3945 1420 3988 et
1445 3945 1562 4002 post
1592 3935 1784 3989 multos

213 4034 344 4089 dies
363 4030 738 4086 visitabuntur
750 4026 834 4080 ⁸θῖ
859 4043 877 4077 ι
894 4026 1018 4095 quid
1035 4025 1358 4095 Stephanum
1375 4025 1635 4080 Gobarum
1654 4025 1784 4094 (52),

211 4125 316 4193 qui
337 4124 395 4177 in
415 4118 872 4190 questionibusin
894 4125 1168 4184 utramque
1187 4115 1421 4169 excussis
1437 4125 1657 4182 partem,
1673 4128 1790 4182 quae

213 4214 342 4268 fere
368 4208 686 4265 Adamantii
706 4204 909 4273 placitis
927 4204 1284 4266 eonstant,sic
1306 4203 1493 4257 habet:
1519 4204 1637 4254 Ὅτι
1659 4204 1707 4254 οἱ
1733 4205 1789 4255 ὲν

208 4306 290 4374 τῇ
316 4300 553 4355 κολάσει
579 4293 987 4366 παραδιδόμενα
1007 4291 1112 4344 τῶν
1144 4289 1472 4362 ἁμαρτωλῶν
1518 4290 1792 4361 καθαίρον-

209 4409 317 4447 ται
339 4392 446 4462 τῆς
467 4387 672 4447 κακίας
697 4386 752 4436 ὲν
777 4383 933 4452 αὐτῇ,
960 4381 1053 4433 καὶ
1084 4379 1218 4450 μετὰ
1253 4380 1347 4449 τὴν
1368 4379 1628 4452 κάθαρσιν
1657 4382 1789 4432 ἀπο-

211 4482 452 4536 λύονται
480 4478 584 4547 τῆς
604 4473 870 4533 κολάσεως
891 4486 904 4500 ο
939 4470 1109 4522 καίτοι
1140 4469 1200 4522 οὐ
1235 4469 1427 4530 πάντες
1473 4471 1521 4521 οἱ
1551 4469 1785 4539 παραδο-

213 4575 422 4634 οὲντες
558 4564 776 4619 κολάσει
801 4561 1139 4629 καθαίρονται
1161 4562 1250 4612 καὶ
1270 4560 1605 4622 ἀπολύονται,
1653 4560 1788 4612 ἀλλά

208 4683 395 4729 τινες,
413 4662 518 4717 καὶ
545 4661 648 4720 ὅτι,
674 4657 808 4724 ὅπερ
832 4655 974 4706 ἐστὶν
999 4652 1190 4722 ἀληθὲς
1212 4653 1310 4720 τῆς
1331 4651 1790 4722 Ἐκκλησίαςφρό-

207 4774 382 4828 νημα.
408 4793 425 4817 ,
449 4749 630 4811 οὐδεὶς
655 4745 942 4800 ἀπολύεται
977 4745 1076 4813 τῆς
1109 4743 1391 4807 κολάσεως.
1427 4759 1446 4793 ι
1477 4743 1789 4796 Peccatores

205 4847 414 4916 poenis
444 4840 680 4896 traditos
703 4852 732 4889 a
761 4833 995 4904 nequitia
1021 4835 1300 4902 expurgari
1328 4833 1379 4886 in
1403 4832 1564 4898 ipsis;
1592 4840 1646 4884 et
1670 4839 1790 4899 post

209 4931 692 5006 expurgationem
734 4925 905 4994 pinnis
945 4921 1097 4977 solvi.
1127 4921 1235 4976 Nec
1253 4921 1467 4991 purgari
1517 4930 1694 4975 tamen
1735 4929 1791 4975 et

213 5025 448 5084 absolvi
475 5033 666 5076 omnes
691 5019 778 5086 qui
812 5015 1085 5084 suppliciis
1110 5013 1301 5067 addicti
1339 5019 1500 5075 sunt,
1522 5012 1624 5064 sed
1656 5026 1791 5065 non-

212 5116 441 5171 nullos.
500 5109 567 5162 Et
619 5107 881 5160 neminem
929 5102 1185 5171 supplicio
1223 5100 1467 5163 liberari,
1499 5114 1620 5168 qua:
1664 5115 1789 5153 vera

212 5218 312 5260 est
343 5198 612 5256 Ecclesia:
642 5193 950 5250 sententia?
985 5209 1003 5243 ι
1055 5190 1180 5260 quid
1227 5188 1460 5242 Nicetam
1506 5187 1794 5242 Acomina-

220 5306 373 5355 tum,
422 5289 520 5359 qui
569 5287 664 5339 lib.
696 5301 747 5338 tv
777 5282 1026 5338 Thesauri
1074 5281 1269 5334 orlhod.
1308 5279 1425 5346 ﬁd.,
1475 5279 1610 5332 haer.
1646 5293 1788 5340 XXXI,

217 5386 534 5453 Origenem
583 5377 719 5430 male
769 5377 1000 5430 sensisse
1028 5373 1267 5443 prardicat
1297 5370 1363 5423 de
1403 5383 1696 5436 pinnarum
1728 5382 1789 5421 ac

214 5472 596 5545 praemiorum
619 5466 966 5534 perennitate,
997 5465 1319 5527 futurumque
1352 5459 1554 5520 dixisse
1595 5468 1662 5513 ut
1702 5473 1791 5512 ex-

309 5607 361 5643 ⁵⁶
395 5607 502 5660 lsa.
537 5616 686 5663 xxw,
722 5600 809 5652 22.

318 5746 431 5817 (Si)
467 5740 673 5804 DiaIOg.
701 5753 779 5801 ιιι,
813 5753 944 5806 τεερ.
970 5737 1081 5790 HO.

568 5832 828 5894 PATROL.
871 5829 975 5885 Gn.
1021 5824 1188 5884 XV“.

1041 429 1596 491 ORIGENIANORUM
1633 428 1757 483 LIB.
1795 428 1856 491 ll,
1891 426 2038 512 CAP.
2079 425 2142 488 ll,
2182 425 2450 491 ρυΑ-Ζδτ.
2494 426 2588 479 XI.

3263 421 3397 476 1054

1801 550 1848 604 Α
1874 543 2173 610 stinguatur
2191 540 2399 607 quidem
2424 539 2587 608 ignis.
2630 536 2876 592 sordibus
2912 535 3234 604 absumptis;
3278 551 3399 590 ver-

1875 629 1977 681 mis
2001 635 2177 680 autem
2202 630 2316 680 sine
2349 627 2452 680 line
2475 635 2780 694 permaneat
2803 625 2826 676 2
2855 624 2979 692 quid
3015 623 3240 690 denique
3257 623 3398 677 Gen-

1874 718 2084 774 nadium
2102 715 2178 767 De
2197 715 2448 782 dogmat.,
2464 730 2582 782 cap.
2610 715 2671 778 9;
2705 713 2980 766 Leontium
3005 713 3120 764 Act.
3141 727 3173 764 x
3191 728 3208 778 ;
3226 710 3402 767 'Joan—

1874 823 1992 863 nem
2010 804 2413 868 Scholasticum,
2432 812 2774 870 cognomento
2787 801 3098 862 Climacum,
3114 801 3256 853 Scal.
3283 816 3399 868 par.

1873 913 1989 966 cap.
2017 897 2077 961 5;
2112 908 2430 963 anonymum
2454 891 2621 944 letii
2655 892 2773 947 cod.
2807 906 2970 957 cxvu,
3009 892 3162 947 toties
3199 891 3309 960 jam
3345 890 3401 943 in

1875 997 2054 1056 partes
2107 995 2382 1048 vocatum;
2429 981 2780 1049 Sophronium
2816 983 2868 1035 in
2914 983 3073 1051 epist.
3110 983 3175 1034 ad
3223 981 3402 1050 Serg.,

1874 1085 1979 1132 act.
2031 1078 2089 1129 ll
2153 1089 2269 1143 syn.
2312 1088 2394 1137 vr;
2449 1070 2898 1138 Theophylactum
2937 1073 2992 1123 in
3035 1069 3222 1123 Matth.
3255 1083 3318 1123 ιιι
3349 1077 3407 1123 et

1876 1179 1998 1230 xxv,
2029 1173 2082 1216 et
2101 1161 2270 1215 Marc.
2300 1174 2424 1222 vm;
2458 1157 2807 1224 Freculphum
2831 1154 3231 1220 Lexoviensem,
3261 1157 3407 1210 Ana-

1877 1253 2097 1306 stasium
2133 1248 2602 1304 Bibliothecarium
2634 1244 2800 1308 Hist,
2829 1259 2956 1298 ann.
3006 1245 3187 1298 mundi
3227 1245 3405 1309 57l5;

1874 1341 2168 1396 Cedrenum
2195 1340 2244 1393 in
2264 1338 2450 1405 ‘Comp.
2479 1338 2636 1399 Ιιὶιι.;
2665 1335 2922 1387 Zonaram
2949 1333 3040 1388 lib.
3071 1349 3109 1385 ιι
3134 1349 3148 1396 ;
3188 1323 3406 1402 Glycam

1876 1431 2010 1482 Ann.
2040 1437 2176 1496 part.
2203 1442 2263 1480 ιιι
2291 1437 2345 1481 et
2382 1441 2465 1489 IV;
2496 1423 2906 1478 Constantinum
2959 1418 3406 1488 HarmenOpulum

1876 1519 1951 1573 De
1980 1520 2168 1579 sectis;
2201 1517 2551 1584 Nicephorum
2599 1515 2688 1568 lib.
2723 1527 2856 1576 xvn,
2892 1526 3009 1578 cap.
3037 1509 3139 1574 27;
3185 1507 3410 1561 Vincen-

1879 1610 2005 1664 tium
2028 1608 2448 1663 Bellovacensem
2481 1603 2625 1672 Spec.
2653 1606 2818 1657 doctr.
2849 1601 2944 1654 lib.
2974 1613 3103 1653 xvm
3124 1637 3139 1661 ,
3164 1612 3286 1666 cap.
3316 1595 3409 1660 45,

1876 1723 1929 1767 et
1954 1712 2248 1768 Guidonem
2281 1707 2621 1764 Carmelitam
2667 1706 2722 1760 in
2755 1705 2883 1759 Iacer.
2921 1702 3130 1770 Origen.
3166 1699 3410 1755 eamdem

1881 1803 2123 1858 haeresim
2154 1800 2507 1856 insectantes?

1806 1881 1848 1934 Β
1948 1893 2106 1948 XXII.
2156 1892 2248 1946 His
2301 1892 2673 1959 praetermissis
2727 1891 2779 1944 in
2830 1890 3034 1943 Joanne
3085 1889 3411 1940 Damasceno

1876 1983 2031 2036 ﬁnem
2060 1981 2216 2044 facio,
2251 1982 2338 2049 qui
2371 1981 2421 2033 in
2462 1980 2594 2032 libro
2633 1979 2708 2032 De
2762 1979 3038 2031 hwresibus
3083 1976 3411 2044 Origenistas

1874 2086 2094 2127 censere
2114 2071 2188 2123 ait
2216 2087 2234 2120 ι
2270 2068 2470 2123 Christi
2500 2082 2719 2137 regnum
2750 2068 2956 2120 tandem
2995 2065 3279 2134 aliquando
3320 2065 3412 2116 de-

1874 2163 2130 2225 siturum,
2154 2168 2205 2213 et
2237 2158 2398 2213 simul
2438 2156 2652 2224 angelos
2680 2157 2974 2218 desituros,
3013 2173 3032 2205 ι
3077 2168 3264 2220 nempe
3290 2167 3410 2205 eum

1874 2249 2047 2302 omnia
2073 2263 2231 2302 unum
2261 2261 2378 2301 cum
2412 2247 2517 2300 Deo
2550 2245 2707 2310 ﬂent;
2743 2255 2796 2298 et
2831 2245 2922 2298 lib.
2979 2259 3018 2296 ιι
3075 2242 3149 2296 De
3183 2242 3284 2309 ﬁde
3327 2256 3413 2292 or-

1875 2339 2042 2401 tltod.,
2071 2351 2190 2404 cap.
2225 2337 2278 2398 1,
2307 2335 2677 2404 Origenianam
2713 2335 2849 2387 hanc
2882 2334 2933 2386 in
2963 2334 3222 2401 integrum
3258 2332 3415 2385 resti-

1878 2425 2130 2478 tutionem
2157 2425 2349 2492 arguit,
2385 2439 2541 2490 quam
2572 2433 2689 2491 post
2720 2422 2858 2476 mille
2883 2435 3141 2474 annorum
3182 2418 3412 2488 spatium

1881 2515 2105 2567 futuram
2151 2512 2442 2566 credidisse
2485 2501 2859 2564 Adamantium
2911 2511 3122 2565 asserit.
3175 2508 3416 2563 Gobarus

1877 2615 2088 2669 quoque
2126 2600 2383 2653 Tritheita
2439 2601 2576 2668 apud
2635 2599 2788 2654 l’hot.
2836 2599 2955 2652 cod.
2997 2613 3232 2662 ccxxx",
3277 2599 3417 2651 inter

1879 2691 2172 2756 disputatas
2220 2689 2536 2756 quaestiones
2592 2689 2732 2742 hanc
2803 2690 2962 2742 etiam
3023 2690 3200 2754 posuit
3242 2705 3256 2739 :
3293 2687 3415 2738 Ὅτι

1880 2780 2131 2850 πρότερον
2170 2781 2216 2830 οἱ
2271 2779 2461 2830 δίκαιοι
2519 2779 2922 2848 ἀναστήσονται,
2965 2777 3056 2828 καλ⁵
3108 2777 3204 2827 σὺν
3238 2777 3416 2836 αὐτοῖς

1880 2869 2054 2920 πάντα
2080 2865 2149 2917 τὰ
2174 2865 2304 2929 ζῶα,
2331 2867 2423 2917 καὶ
2461 2865 2549 2916 ἐπὶ
2581 2864 2723 2934 χίλια
2768 2863 2860 2932 ἐτη
2902 2863 3230 2932 τρυφήσουσι
3255 2897 3269 2921 ,
3323 2861 3416 2911 καὶ

1881 2951 2158 3016 ἐσθίοντες,
2186 2955 2277 3006 καὶ
2300 2953 2632 3015 τεκνοῦντες,
2674 2952 2764 3003 καὶ
2799 2949 2932 3020 μετὰ
2963 2950 3118 3002 τοῦτο
3149 2951 3181 3019 ἡ
3210 2947 3419 3001 καθολι-

1882 3048 1951 3116 κὴ
1977 3049 2320 3116 ἐπιστήσεται
2353 3046 2663 3106 ἀνάστασις.
2719 3061 2738 3094 ι
2780 3042 2958 3097 Justos
2983 3043 3210 3110 primum
3243 3054 3418 3093 resur-

1885 3147 2140 3198 recturos,
2165 3146 2218 3188 et
2247 3150 2365 3188 cum
2401 3134 2530 3202 ipsis
2559 3132 2734 3186 omnia
2763 3131 3009 3185 animalia
3031 3167 3047 3191 ,
3081 3137 3133 3182 et
3157 3143 3250 3197 per
3276 3128 3420 3180 mille

1883 3239 2050 3278 annos
2084 3224 2287 3278 deliciis
2312 3223 2564 3276 lruituros
2583 3261 2599 3285 ,
2633 3231 2685 3276 et
2708 3221 2952 3284 edentes,
2981 3229 3034 3272 et
3061 3219 3300 3272 bibentes
3324 3257 3340 3280 ,
3367 3226 3422 3270 et

1880 3315 2190 3384 gignentes,
2227 3321 2513 3381 posteaque
2572 3312 2802 3364 futuram
2848 3309 3202 3364 universalem
3243 3320 3421 3361 resur-

1883 3405 2190 3458 rectionem.
2225 3421 2245 3455 ι
2278 3405 2332 3456 Si
2369 3404 2418 3456 in
2463 3404 2560 3456 hac
2613 3403 2712 3456 fuit
2739 3401 2994 3472 Origenes
3027 3401 3324 3465 sententia,
3355 3398 3420 3451 il-

1881 3494 1985 3548 lam
2015 3493 2245 3546 Platonis
2275 3491 2477 3562 χιλιετῆ
2530 3492 2780 3562 πορείαν,
2836 3505 2996 3560 quam
3053 3491 3320 3551 diximus,
3365 3488 3422 3543 itl

1885 3583 2241 3638 Christianam
2276 3580 2430 3635 Iidem
2470 3581 2761 3634 transferre
2789 3590 3009 3633 conatus
3039 3578 3233 3642 luerit,
3264 3587 3424 3647 atque

1885 3675 1954 3726 ita
1983 3674 2234 3727 Chiliasta
2269 3673 2371 3725 dici
2409 3672 2596 3739 possit.
2631 3671 2944 3738 Quanquam
2995 3668 3096 3721 alia
3150 3668 3252 3721 fuit
3299 3667 3425 3723 Chi-

1884 3763 2157 3816 liaslarum
2185 3762 2393 3830 proprie
2418 3763 2676 3815 dictorum
2692 3761 2929 3824 haeresis,
2952 3775 2982 3813 a
3008 3759 3283 3821 Cerintho,
3313 3758 3421 3819 vel,

1887 3863 1944 3905 ut
1970 3852 2082 3918 alii,
2114 3867 2144 3905 a
2172 3851 2330 3919 Papia
2349 3849 2749 3917 Hierapolitano
2777 3851 3026 3918 episcopo
3050 3858 3190 3904 orta.
3210 3847 3426 3917 iAuctor

1885 3943 2078 4010 quippe
2098 3950 2177 3994 est
2201 3941 2459 3994 Eusebius
2480 3941 2571 3993 lib.
2598 3955 2658 3992 ιιι
2686 3939 2821 3992 Hist.
2845 3940 3003 3992 eccles
3033 3977 3050 4000 ,
3071 3951 3190 4005 cap.
3216 3936 3422 3999 ultimo,

1887 4029 2100 4098 Papiam
2129 4029 2293 4089 illum,
2325 4027 2576 4081 mediocri
2617 4036 2675 4080 ut
2721 4037 2838 4080 erat
2879 4026 3132 4094 praeditus
3184 4024 3418 4092 ingenio,

1885 4135 2072 4188 parum
2103 4129 2255 4172 acute
2286 4119 2570 4170 intellectis
2601 4119 2958 4185 apostolorum
3003 4114 3218 4182 scriptis
3255 4113 3422 4182 (vice-

1890 4211 2025 4263 simo
2065 4223 2253 4275 nempe
2285 4204 2678 4275 Apocalypseos
2701 4203 2922 4272 capite),
2965 4217 3187 4270 regnum
3219 4200 3421 4255 Christi

1889 4306 2010 4368 post
2040 4297 2480 4351 resurrectionem
2514 4306 2611 4363 per
2641 4292 2783 4346 mille
2811 4305 2978 4344 annos
3015 4292 3153 4344 inter
3189 4303 3423 4342 summas

1890 4402 2172 4455 corporum
2209 4385 2507 4452 voluptates
2543 4383 2596 4436 in
2623 4383 2780 4435 terris
2823 4391 3284 4449 perseveraturum
3327 4393 3424 4447 pu-

1817 4479 1858 4533 D
1888 4486 2055 4541 tasse,
2081 4491 2142 4529 ac
2178 4475 2345 4543 ipsius
2375 4471 2566 4527 deinde
2620 4469 2987 4524 auctoritatem
3038 4469 3177 4522 idem
3225 4467 3423 4522 lrcnzco

1889 4567 2235 4636 persuasisse.
2290 4563 2503 4618 Sectam
2551 4574 2761 4630 quoque
2811 4560 2952 4611 illam
2997 4557 3259 4627 persecuti
3301 4565 3425 4612 sunt

1888 4654 1976 4706 alii
2007 4653 2298 4706 eruditione
2329 4652 2531 4704 nobiles
2564 4651 2666 4703 viri
2697 4648 3055 4702 Tertullianus
3075 4685 3092 4710 ,
3123 4646 3424 4699 Victorinus

1888 4741 2317 4803 Petabiouensis,
2362 4750 2417 4794 et
2467 4740 2816 4803 Lactantius,
2867 4738 3036 4793 donec
3086 4736 3140 4790 in
3183 4745 3421 4804 apertam

1889 4831 2063 4898 erupit
2102 4830 2367 4892 haeresim,
2416 4829 2469 4883 in
2517 4827 2841 4897 Apollinario
2880 4827 3183 4881 damnatam
3241 4838 3272 4877 a
3318 4823 3423 4874 Da-

1889 4935 2040 4975 maso
2093 4933 2250 4988 papa.
2300 4920 2550 4973 Attamen
2589 4919 2677 4971 vix
2729 4918 2829 4972 sibi
2879 4918 3200 4984 persuadere
3252 4919 3426 4983 potest

1889 5012 2221 5081 Epiphanius
2247 5019 2567 5064 assertorem
2601 5008 2764 5062 fuisse
2788 5007 3172 5075 Apollinarium
3203 5005 3424 5071 dogma-

1892 5102 1962 5152 tis
1987 5097 2304 5165 huiusmodi,
2340 5097 2491 5166 cujus
2535 5111 2634 5151 nec
2681 5095 2888 5148 afﬁnem
2936 5094 3100 5147 fuisse
3140 5089 3422 5157 Origenem

1837 5207 1840 5211 ·
1891 5190 2226 5256 perspicuum
2257 5198 2428 5240 estex
2478 5185 2559 5240 his
2608 5186 2784 5238 verbis
2821 5195 2950 5238 tom.
2992 5196 3098 5235 xvn
3126 5181 3177 5231 in
3208 5173 3418 5228 Matth..

1893 5292 2037 5330 num.
2065 5277 2132 5328 55
2152 5316 2166 5338 ,
2198 5291 2316 5343 pag.
2354 5275 2458 5329 8‘17
2489 5297 2501 5329 :
2531 5276 2640 5328 Καὶ
2680 5275 2864 5344 ὥσπερ
2911 5269 3206 5326 πλανῶνται
3242 5263 3291 5312 οἱ
3333 5262 3422 5312 διὰ

1893 5368 1952 5422 τὸ
1985 5367 2056 5438 μὴ
2081 5368 2418 5438 τροπολογεῖν
2465 5367 2532 5419 τὰ
2571 5363 2877 5438 προφητικὰ
2929 5361 3155 5428 οἰόμενοι
3210 5351 3422 5420 μέλλειν

1846 5469 1849 5474 ’
1894 5459 2034 5528 ἡμᾶς
2066 5459 2198 5527 μετὰ
2227 5458 2322 5528 τὴν
2359 5458 2645 5510 ἀνάστασιν
2683 5455 2874 5508 ἐσθίειν
2901 5452 2991 5503 καὶ
3027 5445 3194 5496 πίνειν
3233 5455 3419 5508 σωμα-

1810 3179 1850 3235 C

1973 5731 2079 5798 (δῇ)
2112 5731 2256 5799 Apud
2289 5730 2461 5794 Pliot.,
2494 5731 2612 5782 cod.
2645 5738 2872 5781 ccxxxn.
3119 5797 3194 5851 33
