3920 6450
442 399 465 451 1
477 398 579 451 055

1664 378 1722 434 Ρ.
1757 376 2061 431 DANIELIS
2098 377 2326 433 HUETII

3608 362 3738 422 1035

442 513 564 565 τικὰ
594 507 871 579 βρώματα,
910 500 1025 553 ἐπεὶ
1060 500 1112 552 αἱ
1152 498 1317 559 λέξεις
1353 496 1458 547 τῶν
1499 496 1716 565 γραφῶν
1750 495 1965 547 τοιαῦτα

2080 498 2147 563 fut
2171 504 2351 548 tamen
2402 488 2770 546 concedatur
2815 483 2950 553 quia
3005 480 3209 548 aliqua
3246 477 3533 545 videmus)
3569 479 3743 532 media

444 600 774 670 περιέχουσιν
792 609 806 623 ο
850 591 987 643 οὕτω
1029 589 1119 641 καὶ
1146 587 1213 639 τὰ
1241 587 1362 657 περὶ
1380 586 1566 655 γάμων
1593 584 1962 655 γεγραμμένα,

444 693 534 745 καὶ
558 685 756 755 ἀνδρῶν
782 683 872 735 καὶ
906 678 1171 747 γυναικῶν
1209 677 1491 747 τηροῦντες
1528 677 1617 729 ἐπὶ
1658 676 1749 728 τοῦ
1783 674 1965 746 ῥητοῦ,

444 782 534 836 καὶ
560 777 786 843 οἰόμενοι
813 770 1108 829 συνουσίαις
1132 769 1270 837 ἡμᾶς
1298 768 1390 820 καὶ
1416 766 1532 819 τότε
1567 766 1877 835 χρήσεσθαι,
1902 764 1968 815 δι’

443 871 506 930 ἃς
530 865 647 918 οὐδὲ
674 862 943 931 σχολάζειν
964 859 1077 910 ἐστὶ
1108 860 1170 926 τῇ
1216 858 1478 926 προσευχῇ
1520 855 1732 907 δυνατόν
1751 872 1764 885 ι
1797 854 1853 905 ἐν
1879 869 1971 922 μο-

446 952 628 1023 λυσμῷ
660 968 773 1012 πως
797 951 960 1001 ὄντων
987 946 1076 999 καὶ
1122 944 1424 1014 ἀκαθαρσίᾳ
1466 946 1571 998 τινὶ
1613 942 1718 995 τῶν
1758 940 1972 1013 χρωμέ..

446 1061 548 1097 νων
577 1040 917 1111 ἀφροδισίοις.
959 1036 1223 1089 Adversus
1269 1034 1508 1086 eamdem
1560 1033 1803 1085 haeresim
1856 1032 1972 1100 pari

442 1134 599 1188 modo
652 1127 989 1196 excandescit
1035 1125 1121 1178 lib.
1193 1138 1229 1176 ιι
1284 1122 1419 1189 Περὶ
1462 1121 1691 1188 ἀρχῶν,
1737 1135 1854 1185 cap.
1885 1120 1969 1182 ll,

441 1238 587 1277 num.
617 1221 674 1283 2,
718 1227 771 1272 et
804 1216 1018 1286 prologo
1059 1215 1112 1266 in
1145 1211 1371 1275 Cantia,
1406 1227 1527 1281 pag.
1570 1211 1637 1265 28
1669 1226 1681 1261 :
1720 1228 1738 1260 ι
1768 1211 1975 1264 Accidit

442 1321 501 1366 ut
522 1310 868 1379 simpliciores
892 1306 1105 1373 quidam
1128 1304 1424 1356 nescientes
1447 1287 1771 1369 distinguere
1797 1314 1860 1353 ac
1885 1314 1971 1352 se-

442 1415 662 1455 cernere
683 1413 803 1466 qum
828 1397 931 1450 sint
964 1410 1078 1460 qua:
1106 1394 1156 1446 in
1184 1391 1476 1461 Scripturis
1505 1391 1701 1446 divinis
1730 1390 1971 1445 interiori

442 1488 663 1552 homini,
699 1500 816 1553 quae
857 1497 983 1535 vero
1020 1479 1267 1541 exteriori
1308 1479 1603 1546 deputanda
1639 1479 1776 1542 sint,
1816 1491 1975 1530 voca-

440 1578 685 1634 bulorum
716 1570 1145 1628 similitudinibus
1190 1568 1307 1622 falsi
1354 1569 1419 1622 ad
1463 1569 1669 1637 ineptas
1713 1567 1970 1637 quasdam

441 1666 650 1722 fabulas
674 1674 727 1718 et
762 1665 1005 1732 ﬁgmenta
1038 1661 1213 1715 inania
1243 1674 1300 1714 se
1324 1659 1679 1720 contulerint;
1722 1656 1970 1731 utetiam

441 1764 567 1825 post
609 1752 1051 1807 resurrectionem
1103 1750 1238 1805 cibis
1299 1747 1666 1816 corporalibus
1721 1745 1969 1798 utendum

443 1846 737 1903 crederent,
771 1851 1057 1911 potumque
1080 1840 1390 1893 sumendum
1421 1853 1525 1890 non
1581 1836 1747 1890 solum
1792 1849 1855 1886 ex
1884 1833 1970 1886 illa

442 1935 549 1988 vite
580 1948 700 1986 vera
732 1942 780 1984 et
804 1932 1012 1984 vivente
1038 1930 1089 1983 in
1113 1928 1336 1991 saecula,
1366 1942 1548 1980 verum
1574 1937 1628 1981 et
1668 1940 1734 1979 ex
1768 1926 1851 1979 his
1888 1924 1969 1977 vi-

443 2025 586 2076 tibus
612 2021 758 2091 ligni.
791 2039 809 2071 i
849 2019 920 2072 Ea
951 2028 1209 2089 praeterea
1252 2016 1317 2070 de
1345 2015 1736 2070 resurrectione
1757 2053 1773 2076 ,
1804 2012 1973 2079 deque

442 2109 615 2177 pmnis
640 2108 1001 2162 damnatorum
1028 2105 1276 2172 opinatus
1321 2111 1432 2167 est,
1460 2117 1576 2168 quae
1601 2100 1972 2154 Chilionetita-

445 2213 562 2251 rum
601 2198 825 2251 vesania:
863 2211 924 2250 ex
984 2199 1206 2249 adverso
1251 2199 1561 2260 repugnant.
1614 2189 1739 2243 Inde
1783 2187 1973 2240 Hiero-

445 2304 633 2359 nymus
660 2289 710 2341 in
745 2287 946 2357 prtefat.
980 2287 1098 2339 libri
1134 2299 1261 2337 xvnt
1293 2282 1636 2336 Commentar.
1669 2264 1723 2333 ai
1755 2279 1974 2342 Isaiam,

446 2393 562 2446 qua:
586 2386 666 2431 est
693 2379 757 2429 ad
784 2375 1147 2436 Eustochium,
1173 2373 1426 2426 adversus
1454 2369 1773 2424 Millenarios
1797 2369 1975 2436 dispu-

445 2478 585 2532 tans,
614 2476 851 2525 errorem
875 2464 1080 2516 illorum
1107 2476 1288 2514 eorum
1312 2459 1481 2515 errori
1510 2461 1600 2528 qui
1631 2458 1977 2513 resurrectio-

444 2573 566 2611 nem
598 2557 786 2610 tollunt
810 2554 1134 2609 contrarium
1159 2561 1211 2605 et
1231 2550 1527 2618 oppositum
1551 2564 1667 2603 esse
1694 2548 1931 2616 agnoscit
1959 2563 1972 2599 :

444 2656 497 2700 et
515 2645 844 2700 Justinianus
868 2643 917 2695 in
951 2640 1169 2710 epistola
1200 2639 1263 2692 ad
1283 2639 1512 2705 quintam
1540 2640 1792 2707 synodum
1819 2651 1977 2703 quam

444 2737 659 2791 exhibet
681 2732 969 2797 Cedrenus,
990 2731 1282 2784 doctrinam
1305 2728 1612 2797 Pythagoran
1636 2736 1689 2781 et
1721 2727 1975 2789 Platonis,

446 2825 707 2893 hujusque
734 2822 863 2874 adeo
892 2819 1048 2873 verba
1086 2833 1242 2885 super
1291 2817 1375 2871 his
1408 2816 1550 2869 mille
1601 2830 1858 2869 annorum
1889 2828 1980 2883 pe-

443 2915 608 2970 riodis
640 2925 927 2980 exponens,
952 2923 1067 2962 eam
1103 2909 1311 2977 Origeni
1349 2921 1607 2975 nusquam
1639 2903 1843 2957 tribuit.

513 2999 695 3053 XXIII.
730 2996 987 3063 Quamvis
1011 3005 1184 3049 autem
1213 2993 1547 3048 manifestum
1568 2991 1767 3044 erroris
1802 2972 1979 3044 tenea-

445 3105 562 3143 mus
591 3090 865 3158 Origeneui
909 3088 961 3140 in
994 3084 1284 3153 quaestione
1312 3083 1377 3136 de
1401 3096 1671 3151 poenarum
1714 3090 1767 3134 et
1810 3082 1980 3136 beati-

445 3181 571 3234 tatis
600 3179 953 3247 perennitate,
985 3175 1148 3229 multa
1180 3184 1353 3226 tamen
1386 3173 1436 3225 in
1461 3172 1574 3241 ejus
1620 3171 1979 3225 defensiOuem

444 3268 628 3321 adduci
659 3277 913 3335 possunt,
962 3280 1080 3320 cum
1122 3279 1188 3317 cx
1236 3265 1350 3331 ejus
1402 3262 1709 3331 deprompta
1745 3263 1980 3332 scriptis,

446 3367 556 3410 tum
612 3358 747 3424 apud
812 3357 1051 3418 laudatos
1118 3355 1401 3421 scriptores
1472 3353 1788 3420 conquisita.
1853 3354 1984 3418 Quae

445 3449 752 3516 priusquam
778 3448 1120 3515 attingamus,
1141 3446 1355 3511 dignum
1380 3443 1505 3494 illud
1523 3443 1984 3498 animadversione

446 3546 528 3591 est
554 3536 690 3602 quod
733 3545 1109 3588 commemorat
1160 3543 1343 3586 auctor
1382 3531 1778 3596 Prwdestinati,
1821 3548 1982 3601 quem

446 3626 611 3679 edidit
641 3622 869 3677 Jacobus
890 3623 1224 3684 Sirmoudus,
1259 3623 1384 3674 hair.
1409 3634 1557 3682 xuii,
1587 3619 1982 3686 Ampullianum

447 3714 726 3783 quemdam
765 3714 1073 3766 haereticum
1110 3712 1392 3778 Bithynum
1435 3710 1485 3761 in
1525 3724 1642 3782 eam
1692 3709 1983 3765 incurrisse

447 3805 712 3868 haeresim,
742 3821 761 3854 ι
792 3812 850 3857 ut
879 3803 1075 3857 diceret
1114 3818 1297 3857 omnes
1340 3800 1652 3853 critninosos
1700 3813 1820 3852 cum
1864 3801 1981 3855 dia-

445 3895 567 3950 bolo
594 3905 649 3949 et
671 3894 945 3949 daemoniis
969 3907 1035 3947 eo
1061 3906 1226 3959 usque
1268 3890 1322 3943 in
1356 3889 1592 3956 gehenna
1622 3888 1865 3957 decoqui,
1893 3907 1984 3947 us-

446 4001 656 4058 quequo
682 3986 800 4054 puri
836 3984 1025 4038 redditi
1053 3983 1255 4050 possint
1287 3980 1407 4033 inde
1433 3980 1609 4033 mundi
1644 3989 1693 4033 et
1725 3981 1981 4034 immacu-

445 4068 780 4145 Iatiegredi;
810 4092 830 4124 i
862 4081 1184 4142 quapropter
1216 4084 1334 4123 cum
1362 4068 1658 4122 universam
1686 4067 1978 4122 Eeclesiam

446 4167 722 4219 adversum
754 4179 811 4219 se
848 4164 1240 4225 commovisset,
1264 4162 1479 4215 vitiatos
1510 4175 1539 4213 a
1574 4174 1633 4213 se
1656 4159 1818 4213 libros
1856 4158 1981 4214 Ori-

446 4254 614 4323 genis,
658 4260 717 4308 et
762 4267 854 4307 eos
896 4253 1160 4321 praecipue
1203 4251 1291 4321 qui
1340 4260 1462 4303 sunt
1506 4248 1643 4316 Περὶ
1680 4247 1877 4316 ἀρχῶν
1925 4249 1978 4301 in

446 4342 722 4397 sententia:
750 4357 858 4397 sua:
901 4342 1196 4410 praesidium
1231 4339 1538 4407 protulisse.
1579 4334 1736 4405 Addit
1791 4338 1980 4391 deinde

448 4429 610 4484 libelli
644 4440 824 4485 auctor
852 4441 869 4484 ξ
910 4449 928 4481 ι
962 4431 1065 4484 Sed
1094 4431 1182 4497 qui
1227 4428 1343 4483 sani
1386 4441 1572 4482 sensus
1596 4437 1705 4488 est,
1736 4436 1794 4492 et
1821 4427 1981 4479 habet
2011 4426 2054 4478 D

449 4518 747 4585 splendidus
774 4522 973 4582 oculos,
1011 4521 1090 4573 sic
1113 4519 1255 4572 videt
1283 4518 1458 4571 addita
1483 4517 1535 4570 in
1559 4515 1800 4583 Origenis
1845 4530 1979 4582 opu-

449 4608 609 4663 sculis
637 4609 771 4661 mala
795 4611 915 4674 ista,
940 4620 1094 4677 atque
1122 4608 1407 4677 cognoscit,
1428 4607 1562 4659 sicut
1592 4606 1636 4659 si
1670 4606 1719 4658 in
1750 4606 1981 4673 stragulo

451 4691 703 4752 coccineo
728 4713 937 4764 pannos
966 4699 1146 4762 albos,
1180 4708 1271 4751 aut
1307 4697 1560 4766 cujusque
1583 4694 1803 4747 alterius
1831 4696 1977 4748 colo-

448 4789 526 4845 ris
558 4796 742 4842 cernat
769 4788 1000 4843 adsutos.
1038 4809 1057 4842 ι
1110 4788 1260 4843 Nunc
1304 4804 1421 4858 qua:
1456 4801 1551 4857 pro
1585 4800 1643 4839 se
1695 4785 1806 4853 ipse
1846 4783 1982 4835 Ada-

447 4881 684 4934 mantius
729 4881 1057 4946 suppeditat,
1085 4881 1410 4949 colligamus.
1458 4877 1697 4937 Primum
1729 4874 1910 4929 homil.
1946 4872 1978 4926 8

448 4971 505 5025 in
532 4969 713 5031 Levit.,
748 4984 894 5021 num.
918 4971 970 5032 5,
1005 4985 1121 5025 esse
1147 4971 1219 5024 ait
1246 4980 1460 5039 peccata
1493 4967 1732 5038 quaedam
1756 5003 1772 5029 ,
1811 4983 1828 5015 ι
1861 4978 1979 5033 qua:

450 5072 574 5131 post
598 5062 737 5114 hanc
781 5060 939 5112 vitam
988 5062 1258 5115 nobiscum
1304 5066 1609 5121 transeunt,
1655 5066 1713 5111 et
1761 5068 1878 5109 esse
1924 5056 1978 5107 in

454 5150 581 5219 ipsis
607 5148 844 5215 quaedam
874 5147 942 5199 ita
970 5148 1244 5201 animabus
1269 5148 1449 5210 inﬁxa,
1477 5154 1536 5198 ut
1567 5140 1980 5213 nequeantabo‘

451 5238 567 5293 leri.
601 5258 619 5291 ι
655 5236 878 5293 Humilia
903 5237 937 5289 4
965 5237 1019 5289 in
1038 5234 1253 5299 Isaiam,
1285 5251 1428 5289 num.
1460 5236 1511 5299 1,
1535 5233 1722 5288 nesciri
1749 5246 1981 5299 pronun-

450 5327 567 5391 tiat,
598 5343 713 5396 qua:
734 5335 851 5396 post
876 5326 1123 5379 mundum
1148 5334 1399 5379 eventura
1416 5325 1528 5378 sint
1559 5340 1571 5375 :
1605 5339 1624 5372 ι
1653 5320 1976 5380 Novissime,

452 5413 644 5479 inquit,
669 5426 725 5467 ut
756 5424 899 5478 sunt,
944 5430 1045 5468 non
1083 5414 1261 5467 valent
1298 5412 1558 5464 enarrari.
1601 5410 1729 5471 Quis
1767 5423 1976 5460 annun-

450 5499 595 5551 tiavit
624 5504 684 5553 de
718 5503 1039 5556 novissimis?
1066 5504 1140 5556 ait
1157 5501 1434 5568 Scriptura
1467 5501 1532 5553 δί.
1566 5499 1692 5563 Quae
1732 5497 1976 5551 videmus

2065 597 2231 641 sunt:
2270 599 2395 653 quae
2423 591 2559 636 ante
2596 576 2881 632 mundum
2927 572 3195 633 fuerint,
3234 568 3602 638 ignoramus;
3639 568 3747 624 lue.

2066 682 2191 727 runt
2216 686 2381 742 porro
2426 668 2688 737 quaedam
2740 673 2881 717 ante
2917 660 3237 714 mundum.
3269 656 3416 723 Quae
3446 666 3575 723 post
3602 672 3747 710 mun-

2068 767 2190 820 dum
2220 772 2481 819 secutura
2514 766 2674 823 sunt,
2706 758 2780 809 ad
2809 762 3045 808 certum
3074 765 3196 803 non
3230 747 3709 816 apprehendimus
3734 768 3747 803 :

2068 862 2225 906 erunt
2277 859 2467 903 autem
2521 846 2632 900 alia
2682 852 2814 914 post
2866 839 3191 895 mundum.
3238 855 3262 889 ι
3320 835 3474 890 Tum
3525 847 3747 905 postea:

2076 962 2096 993 ι
2131 942 2202 995 Ea
2231 956 2356 1009 quze
2388 947 2519 1007 post
2548 946 2879 990 extremum
2938 928 3244 985 saeculum
3289 926 3493 980 futura
3534 935 3659 981 sunt
3704 929 3751 981 in

2070 1031 2262 1086 szecula
2303 1029 2669 1089 saeculorum,
2723 1024 2859 1093 quis
2916 1028 3127 1089 potest
3173 1017 3530 1086 exponere?
3561 1015 3754 1070 Garru-

2070 1123 2244 1175 lorum
2262 1128 2345 1174 est
2365 1119 2657 1172 hominum
2673 1116 2879 1169 horum
2900 1112 3191 1166 notitiam
3215 1108 3511 1177 polliceri,
3528 1108 3759 1163 nescien-

2074 1213 2203 1266 tium
2240 1209 2365 1279 quia
2397 1209 2566 1262 bomo
2592 1221 2657 1259 ea
2695 1214 2924 1257 tantum
2958 1209 3173 1270 potest
3213 1213 3439 1267 capere
3461 1235 3479 1259 ,
3508 1212 3630 1265 quae
3652 1212 3756 1250 me-
3786 1207 3794 1217 '

2070 1302 2156 1355 dia
2190 1309 2333 1361 sunt,
2360 1307 2416 1352 et
2445 1312 2511 1349 ea
2536 1310 2663 1364 quae
2691 1305 2822 1362 post
2848 1292 3153 1345 mundum
3187 1302 3387 1357 usque
3413 1286 3488 1341 ad
3508 1301 3754 1342 consum-

2073 1392 2363 1445 mationem
2394 1390 2446 1442 in
2470 1388 2684 1455 judicio
2718 1396 2857 1441 sunt
2888 1388 3101 1436 futura
3137 1383 3222 1435 de
3254 1379 3481 1448 poenis,
3512 1378 3584 1433 de
3610 1378 3757 1433 retrio

2071 1481 2311 1534 butione.
2366 1479 2435 1532 Et
2477 1480 2678 1532 borum
2729 1487 2977 1545 quoque
3026 1463 3237 1527 multa
3297 1469 3591 1524 absconsa
3652 1477 3761 1524 sunt

2074 1570 2252 1633 nobis,
2280 1578 2338 1621 ut
2367 1577 2595 1636 propter
2625 1569 2736 1622 hoc
2757 1566 3006 1634 quidem
3042 1563 3362 1630 scriptum
3398 1560 3478 1615 sit
3509 1578 3527 1614 :
3554 1558 3759 1613 Duabus

2072 1658 2312 1711 vetabant
2354 1660 2543 1725 faciem
2584 1659 2653 1711 ⁸³.
2698 1676 2717 1709 ι
2768 1655 2940 1710 Unde
3000 1667 3108 1707 res
3161 1667 3280 1706 cas
3328 1659 3759 1718 pertractaturus

2072 1747 2165 1802 lib.
2192 1762 2207 1800 ι
2239 1748 2381 1814 Περὶ
2417 1747 2647 1816 ἀρχῶν,
2682 1761 2809 1815 cap.
2839 1748 2899 1809 6,
2934 1760 3119 1797 num.
3157 1743 3227 1806 1,
3263 1742 3382 1794 hac
3409 1742 3763 1795 obtestatione

2072 1837 2288 1891 lectoris
2321 1848 2560 1892 mentem
2608 1845 2861 1906 occupat
2899 1852 2916 1888 :
2966 1853 2988 1885 ι
3032 1834 3200 1900 Qua:
3261 1832 3509 1901 quidem
3553 1845 3584 1883 a
3628 1830 3763 1884 nobis

2071 1929 2239 1983 etiam
2267 1943 2392 1982 cum
2426 1943 2626 1997 magno
2654 1935 2815 1981 metu
2843 1918 2911 1980 iet
2946 1924 3218 1980 cautela
3241 1923 3537 1977 dicuntur
3561 1938 3576 1986 ;
3606 1923 3767 1976 discu-

2074 2018 2336 2072 tientibus
2366 2017 2542 2085 magis
2570 2025 2626 2071 et
2662 2014 3204 2084 pertractanlibus
3235 2053 3254 2079 .
3289 2028 3473 2080 quam
3503 2028 3602 2082 pro
3633 2025 3765 2066 ceno

2071 2122 2137 2162 ac
2174 2108 2395 2162 deﬁnito
2417 2107 2821 2162 statuentibus.
2855 2106 3230 2161 lndicatum
3268 2119 3531 2174 namque
3564 2119 3595 2157 a
3627 2103 3763 2156 nobis

2076 2198 2128 2251 lu
2158 2199 2535 2266 superioribus
2559 2207 2665 2262 est,
2696 2212 2828 2267 quae
2881 2198 3017 2253 sint
3066 2198 3151 2254 de
3185 2197 3451 2273 .quibus
3496 2192 3765 2249 manifesto

2073 2293 2326 2361 dogmate
2352 2293 2764 2347 terminandum
2802 2292 2922 2355 sit,
2967 2293 3151 2361 quod
3185 2270 3257 2346 et
3284 2304 3399 2361 pro
3438 2270 3765 2343 viribuS‘nos

2074 2380 2270 2436 fecisse
2314 2390 2446 2450 puto
2495 2397 2623 2436 cum
2665 2382 2737 2437 de
2779 2381 3104 2437 Trinitate
3166 2382 3586 2451 loqueremur.
3631 2377 3767 2431 Nunc

2081 2483 2259 2526 autem
2283 2471 2598 2541 disputandi
2649 2471 2845 2539 specie
2905 2472 3168 2542 magis.
3229 2486 3417 2540 quam
3472 2470 3764 2533 deﬁniendi,

2075 2570 2237 2630 prout
2262 2575 2591 2628 possumus,
2625 2575 3012 2616 exercemur.
3062 2579 3086 2612 ι
3132 2562 3352 2630 Atque
3387 2562 3499 2615 bac
3540 2560 3764 2614 admoni-

2079 2651 2223 2704 tione
2245 2650 2631 2718 praemunitam
2678 2650 3201 2706 dissertationem
3254 2652 3452 2707 altera
3496 2654 3601 2707 hac
3640 2651 3766 2706 exci-

2076 2740 2175 2806 pit,
2228 2739 2383 2791 initio
2428 2739 2626 2806 capitis
2672 2740 2986 2808 sequentis
3038 2758 3057 2793 :
3124 2759 3152 2794 ι
3180 2742 3361 2803 llaec
3398 2742 3627 2811 quidem
3663 2755 3766 2810 qua:

2079 2827 2331 2896 superius
2369 2827 2759 2893 disseruimus,
2805 2828 3096 2897 generali
3154 2831 3353 2886 nobis
3398 2844 3659 2900 sermone
3698 2829 3768 2885 di-

2082 2926 2231 2985 gesta
2256 2916 2385 2980 sint,
2421 2930 2520 2983 per
2554 2918 3068 2985 consequentiam
3122 2923 3338 2990 magis
3382 2914 3764 2980 intellectuum.

2081 3023 2237 3075 quam
2290 3008 2516 3062 deﬁnito
2554 3010 2821 3078 dogmate
2867 3022 3279 3079 pertractata
3332 3027 3513 3085 atque
3544 3016 3766 3071 discussa

2008 3126 2050 3183 ο
2084 3100 2147 3152 de
2197 3098 2611 3153 rationabilibus
2650 3103 2912 3161 naturis,
2979 3112 3133 3170 post
3200 3120 3353 3160 eum
3407 3107 3598 3161 locum
3628 3120 3766 3174 quem

2082 3187 2149 3241 de
2176 3185 2355 3253 Patre,
2410 3196 2467 3240 et
2500 3186 2683 3254 Filio,
2718 3200 2778 3244 et
2822 3192 3071 3262 Spiritu
3144 3205 3380 3252 sancto
3432 3211 3537 3266 pro
3590 3195 3771 3252 nostris

2082 3276 2287 3330 viribus
2313 3277 2689 3345 exposuimus.
2735 3279 2906 3337 Nunc
2954 3298 3117 3354 ergo
3173 3286 3507 3343 videamus
3533 3302 3652 3357 qua
3675 3288 3770 3341 sint

2083 3366 2149 3420 de
2171 3366 2362 3433 quibus
2400 3366 2682 3422 disserere
2722 3371 2780 3423 In
2813 3378 3375 3443 consequentibus
3416 3378 3676 3433 convenit
3704 3390 3772 3431 se-

2082 3452 2311 3507 cundum
2358 3453 2551 3520 dogma
2600 3466 2899 3524 nostrum,
2943 3458 3009 3517 i‘d
3063 3475 3196 3533 est,
3248 3471 3579 3524 secundum
3613 3468 3771 3523 Eccle-

2080 3542 2173 3596 siae
2192 3541 2367 3597 ﬁdem.
2393 3559 2412 3593 ι
2434 3541 2608 3612 Magis
2631 3547 2809 3601 etiam
2831 3548 3101 3609 ﬂuctuat
3125 3566 3290 3612 tom.
3311 3576 3502 3613 xxvm
3520 3561 3577 3613 in
3594 3558 3769 3623 ,Ιοοιιη

2082 3631 2585 3700 ηυωοτιίιιιεετθιιε
2628 3650 2706 3716 aq
2750 3639 3098 3708 aliquando
3167 3650 3445 3705 vinculis
3496 3652 3772 3707 solvendus

2080 3721 2180 3783 sit,
2207 3735 2403 3785 necne,
2436 3722 2602 3795 homo
2644 3725 2740 3779 ille
2797 3731 3171 3803 impudens,
3245 3742 3359 3810 qui
3416 3757 3549 3797 cum
3591 3741 3773 3810 absque

2081 3811 2304 3880 nuptiali
2328 3822 2493 3901 veste
2522 3815 2590 3867 ad
2626 3819 2973 3876 convivium
3018 3832 3454 3901 accessisset,
3508 3836 3650 3889 mitti
3675 3834 3773 3900 jus-

2081 3915 2173 3953 sus
2200 3908 2282 3991 est
2325 3900 2378 3953 in
2425 3902 2687 3959 tenebras
2728 3911 3112 3982 exteriores,
3176 3918 3395 3987 ligatis
3440 3900 3771 3991 pedibusque

2081 3990 2429 4081 manibusque
2474 4008 2489 4043 :
2542 3994 2620 4046 Οὐ
2648 3996 2764 4064 γὰρ
2812 3999 3231 4074 ἐμφαίνεται,
3278 4012 3516 4080 inquit,
3548 4012 3621 4066 τὰ
3664 4012 3771 4081 mp!

2079 4080 2385 4175 ambigam;
2446 4082 2717 4175 ἐσομένης
2768 4098 3202 4166 γεγραμμένα
3267 4105 3419 4175 περὶ
3470 4104 3674 4158 αὐτοῦ·
3719 4080 3771 4155 at

2077 4170 2223 4268 δοξεῖ
2259 4170 2347 4268 δέ..
2368 4188 2459 4238 μοι
2505 4174 2755 4268 ἀσφαλὲς
2788 4175 2946 4234 εἶναι
3003 4187 3095 4259 μὴ
3127 4170 3568 4249 καταλᾷὅόντα
3610 4200 3775 4249 ortm-

2077 4259 2221 4357 ‘Wl'nii
2257 4259 2491 4357 μάλισῖῇ
2517 4263 2597 4333 τῷ
2626 4266 2704 4335 μὴ
2733 4273 3101 4343 γεγράφθαι
3142 4284 3299 4353 περὶ
3338 4287 3548 4351 αὐτοῦ,
3578 4289 3773 4357 ἀποφή-

2079 4347 2403 4441 νασθαιῗᾲει
2438 4351 2533 4406 lib.
2571 4370 2699 4421 VIII,
2734 4358 2795 4411 in
2837 4361 3044 4430 Epist.
3090 4374 3178 4425 ad
3225 4347 3440 4441 Ῐῖοηι..
3493 4347 3649 4434 num.

2083 4452 2203 4506 pag.
2240 4438 2341 4491 640
2379 4456 2394 4490 :
2444 4460 2462 4492 ι
2498 4442 2703 4539 Verum
2742 4447 2803 4502 in
2857 4452 2980 4510 hac
3040 4460 3183 4528 ipsa
3238 4438 3627 4537 purgatione,
3670 4438 3774 4539 quae

2083 4543 2177 4594 per
2228 4543 2446 4629 poenam
2505 4533 2649 4629 ignis
2683 4538 3013 4599 adhibetur
3036 4588 3053 4609 .
3090 4533 3773 4628 quantis—temporibus.

2082 4625 2403 4720 quantisque
2451 4625 2670 4679 saeculis
2706 4628 2777 4682 de
2823 4645 3279 4702 peccatoribus
3332 4625 3615 4720 exigatur
3660 4668 3775 4706 cru-

2082 4708 2283 4808 θξίίωδν
2319 4708 2468 4813 ⁵2¹¹ξ⁸
2498 4716 2642 4769 seire
2667 4729 2858 4786 DOleSl
2889 4725 2991 4783 ille
3038 4735 3146 4788 cui
3197 4738 3386 4796 Pater
3428 4708 3611 4799 Smne
3646 4743 3775 4813 judi-

2080 4797 2222 4851 Cium
2246 4800 2467 4855 tradidit
2492 4803 2561 4859 ω,
2596 4824 2617 4855 ,
3202 4790 3225 4792 r
3252 4790 3375 4796 --π

2136 4884 2304 4998 facit
2325 4898 2385 4998 et
2403 4891 2546 4998 illud
2580 4912 2688 4998 pro
2719 4899 2987 4973 Origene
3022 4920 3199 4983 quod
3237 4922 3341 4979 lib.
3384 4941 3452 4981 ιιι
3492 4928 3647 4998 Περὶ
3688 4928 3776 4995 ἀρ-

2084 4981 2376 5074 κῶνζθθρ·
2401 4981 2458 5047 δ’
2490 4986 2693 5057 ιθεῑιιιν
2722 5010 2737 5046 :
2783 4994 2921 5052 cum
2945 4981 3123 5063 enim
3154 5015 3363 5069 taudin
3398 4981 3773 5074 Deuaiirdisis-

2084 5067 2463 5173 setfutupum
2507 5093 2702 5173 omnia
2759 5101 2815 5138 in
2869 5095 3210 5167 omnibus,
3263 5110 3541 5173 quandiu
3590 5111 3775 5165 anima!

2084 5154 2294 5267 absque
2318 5159 2426 5267 ulla
2448 5170 2709 5267 Inlaterite
2731 5184 3068 5245 corporalis
3119 5154 3496 5252 ad'mistione

2086 5254 2318 5353 fussent,
2352 5250 2509 5307 addit
2531 5255 2751 5315 demum
2782 5280 2945 5322 nutu.
2972 5272 3009 5326 6
3037 5291 3055 5327 :
3112 5295 3135 5329 ι
3170 5279 3231 5335 In
3262 5250 3768 5353 quolstatrunetiam

2436 5358 2674 5465 semper.
2700 5361 2760 5407 et
2811 5342 3295 5427 immutabiliter.
3328 5375 3641 5432 Creatoris
3682 5393 3767 5430 νο·

2102 5430 2297 5520 untate
2323 5440 2409 5485 est
2436 5439 2801 5511 credendum,
2854 5448 3027 5507 ﬁdem
3084 5460 3174 5513 rei
3226 5430 3492 5520 faciente

2188 5479 2801 5586 Ap'os'tvo—‘iv'dt‘wu‘1W'2"
2854 5479 3027 5507 HUCIII
3084 5479 3174 5513 ret
3226 5479 3492 5520 Ιθθιεηιθ
3544 5479 3764 5522 8801811·

2514 5541 2713 5586 lCCIlllB
2765 5534 2787 5568 δ
2824 5561 2840 5586 1
2889 5540 3138 5586 Dninnm
3174 5552 3457 5586 Ιιηιιιικ..-
3508 5576 3615 5586 ..,...
3653 5573 3735 5586 ..ι-

2514 5534 2713 5590 iceutis
2738 5534 2787 5568 "’
2824 5561 2841 5596 -.
2888 5540 3139 5603 Domum
3170 5552 3457 5612 habemus
3505 5576 3616 5613 non
3653 5573 3760 5610 aur

518 5672 562 5703 "
601 5674 698 5728 lsa.
731 5691 836 5741 xm,
867 5680 956 5733 26.
1029 5681 1071 5712 "
1116 5680 1212 5735 lsa.
1250 5694 1322 5746 v1,
1360 5680 1410 5736 2,
1486 5680 1532 5713 ⁸³
1562 5677 1715 5735 Joan.
1759 5694 1807 5745 v,
1838 5678 1924 5737 ‘22.

2084 5682 2125 5738 Π
2165 5688 2305 5756 Cor.
2336 5718 2393 5775 ν,
2429 5710 2481 5768 ί,
