3920 6480
204 395 228 448 1
241 383 348 442 03"

1028 389 1580 455 ORIGE‘NIANORUH
1614 390 1746 453 LIB.
1785 395 1850 459 11,
1886 393 2035 447 CAP.
2077 391 2143 460 ll,
2181 390 2452 458 QUEST.
2497 395 2590 450 X-l.

3250 397 3385 453 1058

205 505 501 577 anfractus,
531 517 783 564 artemam
803 512 859 564 in
878 513 1038 566 caelis.
1075 531 1094 563 ι
1124 512 1235 567 Nisi
1256 513 1376 566 haec
1401 509 1532 563 forte
1562 509 1628 564 de
1657 524 1754 565 suo
1782 515 1828 571 Α
1854 507 1962 561 lum
1994 508 2239 577 pessimae
2265 522 2382 564 esse
2408 516 2633 573 natura).
2667 516 2720 564 et
2747 523 2863 580 quae
2888 508 3081 565 salvari
3112 525 3378 581 nunquam

205 597 435 652 Ruﬁnus
463 596 729 666 interpres
759 603 1006 656 attesuit.
1035 603 1100 656 Et
1126 603 1178 657 id
1218 603 1506 658 subsidium
1532 614 1744 669 quoque

203 696 429 754 praestat
457 687 793 754 Adamantio,
824 692 964 760 quod
993 693 1244 760 scriptum
1281 701 1362 752 est
1389 698 1541 746 tract.
1582 705 1746 745 xxxiv

199 780 260 832 in
295 777 521 840 κιαι..
552 793 698 832 num.
743 779 830 845 72,
856 795 910 848 p.
939 779 1040 835 889
1081 799 1095 834 :
1142 799 1161 832 ι
1194 781 1378 834 Nullus
1422 780 1559 834 enim
1609 779 1747 850 ignis

199 867 350 927 inter
373 867 618 926 homines
642 877 723 922 est
743 879 991 933 aeternus,
1019 872 1108 926 sed
1148 884 1245 923 nec
1285 870 1430 924 multi
1462 872 1742 938 temporis;

198 956 573 1025 exstinguitur
627 958 767 1012 enim
810 960 937 1013 cito.
981 959 1227 1014 Amemus
1273 971 1447 1013 autem
1494 961 1630 1031 ignis
1667 971 1749 1015 est

197 1045 311 1107 ille,
349 1045 420 1100 de
441 1061 552 1115 quo
577 1054 630 1100 et
648 1047 812 1102 Isaias
840 1049 964 1102 dicit
1008 1049 1059 1102 in
1099 1048 1201 1104 ﬁne
1245 1050 1533 1115 prephetite
1579 1064 1688 1103 sua:
1728 1063 1744 1100 :

204 1131 417 1186 Ventris
442 1149 626 1186 eorum
666 1151 768 1188 non
798 1138 1064 1199 morietur,
1095 1149 1139 1189 et
1164 1137 1296 1204 ignis
1318 1153 1490 1189 eorum
1533 1154 1633 1190 non
1659 1153 1751 1190 ex-

194 1223 505 1291 stinguetur
529 1222 615 1287 ⁸³;
648 1240 668 1274 ι
705 1231 760 1276 et
783 1224 923 1292 quod
949 1223 1131 1278 bomil.
1163 1225 1230 1277 35
1254 1225 1308 1277 in
1332 1223 1459 1280 Luc.
1487 1243 1506 1281 :
1542 1243 1562 1275 ι
1597 1225 1752 1290 Quod

197 1314 237 1369 si
275 1327 541 1382 magnam
593 1314 875 1382 pecuniam
925 1313 1282 1378 debuerimus,
1327 1313 1463 1368 sicut
1532 1314 1619 1368 ille
1662 1315 1749 1384 qui

197 1401 475 1457 scribitur
537 1401 722 1456 decem
764 1401 926 1455 millia
968 1401 1160 1455 talenta
1218 1403 1495 1468 debuisse,
1557 1413 1753 1472 quanto

198 1474 454 1558 tempore
483 1490 867 1545 claudamurin
890 1503 1122 1553 carcere,
1147 1491 1312 1545 donec
1359 1491 1638 1544 reddamus
1662 1491 1754 1545 de-

193 1580 400 1643 bitum,
423 1594 536 1633 non
567 1592 786 1646 possum
818 1578 1096 1632 manifeste
1136 1579 1496 1646 pronuntiare.
1525 1579 1580 1633 Si
1614 1580 1754 1632 enim

195 1667 286 1736 qui
324 1681 530 1736 parum
558 1667 735 1731 debet,
763 1681 868 1720 non
891 1668 1192 1736 egredietur
1239 1667 1338 1720 nisi
1387 1667 1622 1722 exsolvat
1655 1667 1756 1720 mi»

196 1767 395 1812 nutum
423 1759 816 1827 quadrantem;
850 1759 1035 1828 utique
1071 1759 1164 1827 qui
1213 1768 1360 1813 tanto
1393 1759 1570 1814 debito
1598 1759 1758 1814 fuerit

1846 597 2042 666 possit;
2096 605 2295 658 contra
2325 598 2424 652 hoc
2472 609 2618 653 recte
2662 597 2918 668 Origenes
2966 601 3234 667 respondit
3278 617 3381 657 nor

1845 700 1964 740 eum
2007 685 2256 754 periturae
2303 700 2420 741 esse
2467 687 2810 753 substantiae,
2843 691 2934 742 sed
2975 689 3243 744 voluntate
3267 706 3390 759 pro.

1845 773 1960 844 pria
1986 775 2270 838 corruisse,
2293 783 2345 828 et
2369 789 2527 844 posse
2563 775 2777 832 salvari.
2825 777 2937 832 Hoc
2959 778 3226 835 Candidus
3262 796 3381 835 ver-

1850 863 2004 917 tit.in
2049 863 2397 928 calumniam,
2453 865 2606 932 quasi
2650 866 2902 936 Origenes
2965 870 3156 925 dixerit
3191 872 3381 927 diaboli

1849 961 2093 1006 naturam
2129 967 2246 1008 esse
2275 953 2604 1010 salvandam.
2639 956 2789 1022 Quod
2819 957 2907 1013 ille
2930 957 3066 1015 falso
3092 961 3384 1030 obiecerat,

1851 1043 1938 1097 hic
1967 1042 2178 1099 refutat.
2225 1062 2245 1096 ι
2292 1074 2296 1079 ι
3043 1044 3046 1048 ’

1922 1150 2088 1208 XXV.
2130 1153 2328 1224 Nempe
2369 1156 2526 1213 rebus
2581 1158 2679 1234 ab.
2716 1158 2953 1215 Ecclesia
3003 1163 3231 1217 nondum
3281 1165 3386 1219 hoc
3459 1198 3462 1202 -

1856 1249 2092 1312 tempore
2138 1244 2369 1311 deﬁnitis
2415 1247 2563 1302 varia
2606 1249 2785 1304 animo
2832 1251 3054 1320 agitavit
3101 1251 3388 1322 Origenes,

1851 1333 1996 1400 quod
2028 1339 2082 1387 et
2112 1335 2180 1388 ab
2205 1333 2323 1389 aliis
2357 1336 2578 1393 subinde
2615 1337 2864 1394 Patribus
2908 1340 3106 1395 factum
3133 1343 3388 1398 observa-

1858 1436 1996 1476 mus.
2024 1421 2260 1478 Justinus
2286 1416 2487 1495 Martyr
2521 1427 2570 1480 in
2613 1427 2830 1497 Dialogo
2856 1445 2972 1482 cunt
2996 1429 3266 1500 Tryphon:
3294 1435 3390 1487 de-

1862 1511 2096 1586 crevisse
2138 1507 2344 1567 videtur
2376 1529 2564 1582 pmnas
2611 1517 2978 1573 damnatorum
3028 1535 3123 1588 per
3167 1531 3391 1577 mortem

1860 1601 2155 1656 animarum
2199 1618 2318 1658 esse
2339 1603 2642 1661 ﬁniendas:
2687 1607 2841 1661 Ἀλλὰ
2875 1610 2970 1680 μὲν
3001 1611 3118 1664 οὐδὲ
3158 1610 3392 1681 ἀποθνή-

1861 1706 2007 1743 σκειν
2035 1694 2175 1761 φημὶ
2200 1693 2375 1756 πάσας
2395 1693 2491 1757 τὰς
2525 1694 2696 1765 ψυχὰς
2726 1697 2859 1764 ἐγώο
2911 1699 3133 1769 ἕρμαιον
3169 1699 3275 1768 γὰρ
3327 1695 3395 1770 ἦν

1860 1778 1941 1847 ὡς¹
1963 1777 2170 1847 ἀληθῶς
2191 1782 2299 1844 τοῖς
2325 1785 2531 1845 κακοῖς.
2565 1783 2720 1839 Ἀλλὰ
2746 1786 2798 1842 τί
2821 1803 2836 1850 ;
2860 1786 2957 1850 τὰς
2989 1789 3085 1856 μὲν
3116 1788 3222 1841 τῶν
3249 1789 3396 1840 εὐσε-

195 1849 505 1914 obnoxius,
539 1847 748 1902 inﬁnita
776 1848 827 1903 ei
853 1847 919 1902 ad
950 1848 1271 1903 reddendum
1301 1849 1533 1902 debitum
1568 1849 1758 1903 sarcula

1869 1866 1965 1918 ϐῶν
1996 1869 2052 1919 ὲν
2089 1870 2350 1938 κρείττονι
2381 1888 2470 1924 ποι
2503 1873 2661 1943 χώρῳ
2709 1847 2906 1944 μένέιν,
2937 1847 3043 1940 τὰς
3085 1877 3141 1929 δὲ
3183 1878 3395 1940 ἀδίκους

199 1940 671 1993 numerabantur.
707 1957 726 1990 ι
766 1937 902 2002 Quin
949 1937 1109 1992 etiam
1161 1948 1360 1992 certam
1385 1938 1666 2006 ali‘quando
1708 1948 1762 1993 et

197 2026 610 2080 immutabilem
652 2025 957 2080 felicitatem
1007 2024 1238 2078 futuram
1282 2027 1527 2079 concedit
1569 2026 1659 2079 lib.
1713 2042 1764 2079 tv

196 2119 343 2184 Περὶ
381 2115 615 2184 ἀρχῶν,
665 2129 810 2168 num.
843 2114 913 2166 24
946 2129 960 2165 :
1022 2132 1041 2164 ι
1080 2113 1182 2168 Sed
1238 2123 1290 2168 et
1333 2115 1764 2169 comminationes

199 2208 399 2277 posita:
425 2216 558 2262 sunt
584 2207 668 2261 his
699 2205 788 2274 qui
822 2205 1154 2273 praevaricati
1187 2205 1380 2259 fuerint
1405 2205 1604 2274 legem;
1642 2222 1764 2260 nec-

198 2313 306 2352 non
353 2307 414 2352 et
473 2297 562 2351 his
611 2296 703 2366 qui
761 2295 1134 2364 puriﬁcatione
1177 2295 1516 2364 indigebant,
1559 2298 1764 2350 diversa

197 2386 656 2456 puriﬁcationum
687 2399 905 2454 genera,
940 2383 1090 2438 velut
1117 2383 1208 2452 qui
1241 2383 1565 2454 frequentius
1588 2395 1766 2442 essent

199 2477 485 2547 polluendi
521 2475 844 2538 traduntur;
877 2481 934 2526 ut
965 2488 1058 2540 per
1095 2473 1207 2526 haec
1239 2474 1448 2528 tandem
1502 2475 1567 2529 ad
1622 2476 1764 2529 illam

200 2581 368 2620 unam
429 2565 862 2634 puriﬁcationem
915 2564 1158 2628 veniant,
1220 2571 1342 2630 post
1401 2579 1558 2631 quam
1604 2566 1766 2634 pollui

200 2657 348 2709 ultra
407 2670 520 2708 non
575 2654 718 2708 licet.
756 2672 774 2704 ο
829 2653 893 2707 Ει
940 2652 1123 2706 homil.
1168 2650 1235 2704 18
1280 2653 1334 2703 in
1380 2651 1571 2706 Je‘rem.
1617 2668 1766 2717 xvnt,

199 2761 356 2800 num.
397 2745 455 2809 1,
488 2758 615 2812 pag.
653 2743 778 2804 241,
822 2745 887 2796 ad
923 2742 1346 2795 emendationem
1387 2749 1501 2810 post
1547 2751 1767 2794 mortem

200 2832 534 2904 neutiquam
578 2831 846 2898 suscipere
884 2829 1122 2883 homines
1171 2830 1407 2882 decernit
1452 2848 1466 2882 :
1521 2830 1682 2882 Ἐπὰν
1711 2829 1768 2880 δὲ

203 2923 346 2994 μετὰ
363 2922 476 2975 ιτὸν
505 2919 776 2973 ἐνεστῶτα
795 2918 963 2972 αἰῶνα
992 2919 1208 2988 ἥκωμεν
1231 2919 1364 2988 πρὸς
1402 2917 1479 2988 τῷ
1509 2919 1648 2970 τέλει
1674 2935 1771 2969 γε·

201 3014 428 3082 νόμενοι
453 3009 557 3079 τῆς
587 3008 756 3078 ζωῆς,
784 3007 969 3059 ἔπειτα
995 3006 1326 3076 πυρωθέντες
1349 3047 1363 3070 ,
1397 3007 1512 3084 ἦτοι
1553 3007 1654 3058 ὑπὸ
1675 3004 1768 3058 τοῦ

201 3103 382 3174 πυρὸς
412 3100 526 3153 τῶν
548 3097 950 3168 πεπυρωμένων
976 3096 1068 3149 τοῦ
1092 3098 1322 3168 πονηροῦ
1345 3086 1506 3164 βελῶν
1525 3096 1769 3164 γενέσθαι

200 3190 501 3246 ὁτιποτοῦν
539 3189 833 3258 γινώμεθα.
885 3188 954 3239 Ἢ
993 3186 1095 3240 ὑπὸ
1121 3187 1210 3239 τοῦ
1256 3186 1398 3239 θείου
1428 3187 1616 3257 πυρὸς,
1650 3189 1746 3239 em

203 3283 300 3336 καὶ
329 3283 362 3334 ὁ
387 3279 527 3342 Θεὸς
555 3280 588 3349 ἡ
597 3279 710 3348 μῶν
738 3277 847 3348 πῦρ
868 3277 1250 3330 καταναλίσκον
1279 3278 1423 3330 ἐστὶν
1443 3317 1457 3341 ,
1493 3278 1584 3330 ἐὰν
1604 3276 1771 3345 γενώ-

207 3373 392 3443 μεθα,
426 3373 611 3443 φημὶ,
655 3369 759 3424 ὑπὸ
802 3369 1058 3439 τοιοῦδε-ἢ
1087 3370 1283 3422 τοιοῦδε
1334 3370 1499 3440 πυρὸς
1519 3409 1534 3432 ,
1572 3356 1770 3424 ὃτιτωτ’

202 3466 268 3520 ἃν
313 3461 614 3534 γενώμεθα
647 3460 740 3512 ἐὰν
786 3458 1167 3528 συντριϐῶμεν,
1203 3459 1308 3512 εἴτε
1353 3460 1459 3512 ἀπὸ
1491 3459 1583 3512 τοῦ
1635 3459 1773 3514 καλὰ

203 3556 382 3627 σκεύη
415 3535 702 3622 γεγονέναι
735 3550 814 3611 εἰς
843 3549 1127 3618 σωτηρίαν,
1155 3549 1263 3602 εἴτε
1307 3551 1413 3602 ἀπὸ
1442 3551 1532 3604 τοῦ
1577 3553 1774 3622 μοχθη-

205 3649 274 3718 ρὰ
302 3645 484 3712 σκεύη
519 3641 799 3709 γεγονέναι
825 3640 903 3700 εις
931 3639 1218 3701 ἀπώλειαν,
1239 3640 1335 3692 οὐκ
1357 3641 1771 3711 ἁνακτιζόμεθα,

201 3740 331 3792 οὐδὲ
367 3733 680 3801 ἐπιδέχεται
705 3729 858 3800 ἡμῶν
880 3730 914 3798 ἡ
935 3730 1236 3799 κατασκευὴ
1276 3729 1566 3798 βελτιωσιν.

277 3825 488 3881 XXIV.
523 3809 617 3878 Uti
653 3833 936 3889 possumus
982 3827 1236 3887 praeterea
1283 3819 1349 3872 ad
1393 3820 1642 3872 tuendum
1683 3820 1776 3874 alio

203 3913 317 3987 qua
360 3931 429 3970 ex
479 3921 636 3983 parte
672 3909 954 3974 Origenem
1011 3907 1310 3962 testimonio
1349 3909 1574 3976 quodam
1605 3948 1620 3971 ,
1671 3923 1776 3976 quo

205 4006 497 4064 damnatis
521 4001 738 4071 quidem
771 3997 970 4050 aditum
1009 3998 1074 4050 ad
1098 3997 1399 4051 beatitatem
1446 3997 1765 4065 patefactum

203 4096 514 4166 aliquando
553 4090 617 4144 iri
653 4085 868 4148 statuit,
912 4084 1120 4140 diabolo
1153 4093 1325 4138 autem
1364 4089 1570 4154 penitus
1607 4085 1774 4139 inter-

203 4188 447 4242 clusum.
503 4179 745 4232 Habetur
779 4174 908 4228 illud
940 4173 1030 4226 lib.
1063 4188 1154 4227 vm
1188 4173 1245 4225 in
1288 4172 1451 4240 Epist.
1484 4172 1552 4224 ad
1599 4171 1771 4237 Rom.,

205 4290 363 4329 num.
389 4273 452 4332 9,
486 4283 614 4337 pag.
662 4264 786 4328 654,
838 4263 1014 4332 ibique
1053 4261 1284 4334 Luciferi
1330 4278 1523 4321 casum
1557 4279 1588 4318 a
1625 4265 1774 4334 lapsu

204 4364 595 4419 lsraclitarum
651 4351 870 4408 diﬁ'erre
920 4362 1189 4407 asseverat
1230 4370 1244 4406 :
1297 4371 1315 4404 ι
1355 4353 1569 4406 Illorum
1608 4355 1774 4419 enim,

1747 3150 1841 3240 ια

1861 1958 1951 2008 καὶ
1976 1957 2212 2028 πονηρὰς
2243 1959 2300 2009 ὲν
2330 1959 2548 2030 χείρονι,
2587 1963 2677 2015 τὸν
2709 1959 2808 2032 τῆς
2844 1965 3072 2034 κρίσεως
3107 1966 3392 2036 ἐκδεχομέ-

1867 2063 1962 2108 νας
1979 2046 2164 2116 χρόνον
2194 2047 2314 2099 τότε
2332 2064 2344 2077 ·
2381 2047 2549 2112 οὕτως
2581 2053 2636 2102 αὶ
2687 2051 2780 2121 μὲν
2809 2044 2954 2118 ἄξιαι
2996 2053 3086 2106 τοῦ
3114 2054 3246 2107 Θεοῦ
3291 2073 3396 2124 φα-

1861 2137 2050 2198 νεῖσαι,
2079 2137 2178 2188 οὐκ
2217 2137 2643 2208 ἀποθνήσκουσιν
2683 2141 2781 2204 ἔτι,
2810 2143 2866 2194 αἱ
2904 2143 2959 2194 δὲ
3001 2144 3308 2208 κολάζονται
3339 2145 3398 2207 ες

1861 2225 1906 2274 τ’
1935 2221 1998 2274 ἂν
2039 2224 2203 2286 αὐτὰς
2230 2225 2321 2276 καὶ
2363 2221 2497 2278 εἶναι
2541 2229 2634 2281 καὶ
2674 2228 2990 2293 κολάζεσθαι
3025 2232 3054 2282 ὁ
3089 2231 3217 2295 Θεὸς
3245 2233 3391 2306 θέλῃ.

1868 2329 1886 2361 ι
1917 2312 2106 2365 Verum
2136 2313 2404 2368 enimvero
2427 2330 2598 2384 neque
2621 2321 2758 2373 mori
2787 2321 2906 2375 dico
2927 2323 3134 2376 animas
3162 2338 3349 2378 omnes
3376 2340 3396 2378 :

1865 2415 2048 2454 revera
2102 2402 2242 2456 enim
2293 2405 2449 2458 malis
2492 2409 2784 2482 optandum
2823 2411 2874 2464 id
2927 2419 2983 2466 et
3039 2419 3397 2479 Opportunum

1865 2499 2026 2542 esset.
2074 2489 2207 2555 Quid
2237 2494 2398 2561 ergo?
2423 2495 2632 2560 piorum
2667 2499 2881 2566 quidem
2929 2501 2982 2554 in
3028 2501 3232 2555 meliori
3282 2501 3400 2555 loco

1866 2593 2100 2644 manere,
2151 2572 2362 2650 iniquas
2388 2595 2563 2638 autem
2591 2594 2648 2640 et
2693 2588 2861 2648 malas
2906 2591 2958 2644 in
2986 2589 3178 2659 pejori,
3205 2590 3395 2656 judicii

1868 2676 2074 2736 tempus
2114 2682 2500 2739 exspectantes.
2532 2676 2725 2740 .Atque
2778 2677 2850 2730 ita
2900 2693 3018 2747 qure
3064 2680 3234 2746 dignae
3289 2678 3399 2731 Deo

1866 2759 2225 2826 apparuerint,
2257 2776 2360 2819 non
2395 2763 2696 2818 moriuntur
2722 2767 2969 2834 amplius,
2999 2767 3121 2821 illte-
3141 2784 3267 2822 vero
3295 2784 3398 2837 pu-

1865 2841 2104 2906 niuntur,
2151 2845 2382 2913 quandiu
2429 2861 2520 2902 eas
2555 2858 2610 2904 et
2650 2863 2770 2904 esse
2819 2861 2873 2906 et
2909 2855 3080 2920 puniri
3134 2854 3277 2909 Deus
3302 2871 3400 2911 vo-

1866 2931 2040 2986 luerit.
2075 2951 2094 2983 »
2129 2933 2380 2990 Eamdem
2411 2937 2600 3006 arripit
2629 2939 2922 2993 doctrinam
2945 2941 3176 2996 lrenaeus
3207 2943 3302 2998 lib.
3335 2956 3396 3010 tt,

1869 3036 1985 3089 cap.
2013 3023 2100 3087 64,
2135 3025 2220 3078 ubi
2250 3017 2609 3082 a‘nimas'non
2658 3043 2813 3083 secus
2844 3045 2908 3094 ac
2961 3031 3064 3085 alia
3106 3031 3196 3087 Dei
3238 3048 3401 3102 opera

1873 3112 2050 3164 tandiu
2097 3128 2374 3182 superesse
2421 3126 2474 3172 et
2524 3133 2867 3186 perseverare
2909 3121 3118 3185 asserit,
3168 3139 3187 3172 ‹
3226 3124 3401 3192 quoad

1873 3215 2038 3268 usque
2075 3215 2135 3255 ea
2179 3205 2319 3259 Deus
2346 3214 2400 3260 et
2444 3220 2561 3261 esse
2611 3219 2666 3263 et
2699 3223 3042 3278 perseverare
3086 3211 3340 3278 voluerit;
3376 3231 3397 3264 ι

1871 3293 1967 3344 ne’c
1998 3292 2164 3346 multo
2193 3304 2347 3362 post:
2381 3313 2401 3346 ι
2433 3284 2548 3352 Non
2595 3300 2737 3353 enim
2773 3313 2838 3354 ex
2871 3301 3044 3368 nobis,
3087 3303 3281 3370 inquit,
3310 3317 3426 3355 ne-.

1871 3395 1972 3448 que
2001 3396 2064 3435 ex
2095 3394 2276 3445 nostra
2318 3395 2503 3462 natura
2532 3388 2638 3442 vita
2673 3400 2778 3454 est,
2800 3391 2900 3444 sed
2951 3393 3244 3447 secundum
3274 3407 3403 3462 gra—

1873 3469 1996 3522 tiam
2031 3471 2122 3526 Dei
2151 3473 2304 3526 datnr
2333 3491 2347 3528 :
2381 3486 2436 3530 et
2461 3477 2581 3532 ideo
2607 3479 2698 3548 qui
2730 3469 3227 3545 servaveritdatum
3259 3485 3400 3549 vitae,

1872 3562 2148 3630 etgratias
2174 3564 2345 3632 egerit
2367 3566 2416 3620 ei
2445 3559 2535 3635 qui
2562 3567 2833 3636 praestitit,
2881 3570 3110 3639 accipiet
3139 3582 3192 3626 et
3218 3572 3273 3624 in
3306 3587 3405 3626 sae-

1873 3649 2046 3704 culum
2109 3652 2287 3706 saeculi
2353 3654 2736 3723 longitudinem
2801 3658 3044 3722 die'rum;
3096 3659 3186 3726 qui
3226 3669 3403 3712 autem

1873 3741 2124 3808 abiecerit
2153 3757 2294 3809 eam,
2325 3754 2378 3800 et
2403 3746 2646 3816 ingratus
2678 3747 2949 3803 exstiterit
2980 3748 3168 3802 factori
3205 3749 3275 3803 ob
3303 3750 3406 3802 hoc

1873 3831 2012 3910 quod
2041 3831 2208 3886 factus
2251 3844 2353 3898 est,
2403 3845 2457 3889 et
2485 3851 2588 3889 non
2621 3824 2930 3905 cognoverit
2973 3819 3093 3892 eum
3142 3839 3228 3906 qui
3269 3853 3407 3906 prte-

1873 3919 1997 3986 stat,
2034 3925 2145 3990 ipse
2170 3938 2228 3977 se
2250 3925 2422 3991 privat
2462 3927 2513 3977 in
2563 3928 2813 3979 smculum
2846 3927 3027 3981 saeculi
3053 3911 3404 3994 p‘erseveranu.

1879 4009 1972 4061 tia.
2012 4028 2030 4060 ι
2066 4011 2328 4065 Arnobius
2371 4012 2576 4066 animas
2626 4001 3008 4067 tormentorum
3055 4013 3404 4068 diuturnitate

1876 4106 1931 4150 et
1957 4098 2158 4151 saevitia
2190 4101 2662 4167 consumptum'iri
2691 4109 2744 4156 et
2770 4103 3088 4158 exstinctum
3117 4104 3406 4156 arbitratus

1877 4195 1989 4251 est;
2046 4195 2203 4255 atque
2235 4187 2373 4244 hanc
2404 4201 2522 4243 esse
2567 4201 2789 4249 mortem
2818 4200 3070 4244 aeternam
3116 4191 3289 4260 impiis
3318 4192 3406 4246 ho-

1876 4275 2107 4329 minibus
2136 4284 2241 4330 tam
2279 4290 2420 4346 saepe
2450 4277 2503 4332 in
2551 4279 2828 4348 Scriptura
2875 4270 3188 4334 intentatam
3221 4297 3235 4334 :
3289 4283 3405 4348 pio-

1876 4378 1991 4416 rum
2018 4377 2144 4418 vero
2169 4374 2222 4418 et
2251 4374 2553 4421 sanctorum
2585 4357 2857 4421 hominum
2894 4370 3097 4423 animas
3138 4369 3275 4424 felici
3306 4369 3406 4424 im-

205 4455 420 4524 inquit,
456 4449 547 4503 vel
580 4448 632 4500 in
664 4445 768 4500 ﬁne
795 4444 971 4499 saeculi
1017 4445 1295 4499 conversio
1318 4445 1440 4508 erit.
1486 4431 1609 4499 tunc
1649 4461 1768 4500 cum
1801 4462 1846 4519 ι)
1874 4453 2207 4508 mortalitate
2245 4469 2309 4510 ac
2361 4458 2464 4511 vita
2527 4466 2724 4512 aeterna
2768 4459 2994 4527 perfrui.
3055 4460 3404 4526 Quamobrem

202 4546 502 4619 plenitudo
551 4539 786 4611 gentium
827 4538 1237 4601 subintraverit,
1285 4547 1337 4590 et
1385 4537 1557 4590 omnis
1608 4537 1773 4592 lsrael

203 4639 404 4692 salvus
442 4633 538 4686 ﬁet
574 4648 589 4683 :
633 4629 788 4683 istius
820 4634 995 4680 autem
1023 4626 1110 4693 qui
1131 4627 1197 4679 de
1233 4627 1369 4680 cmlo
1401 4627 1655 4682 cecidisse
1695 4627 1770 4681 di-

203 4730 381 4791 citur,
409 4737 518 4778 nec
553 4721 606 4773 in
637 4717 742 4772 ﬁne
773 4716 952 4772 saeculi
983 4716 1085 4768 erit
1124 4715 1228 4768 ulla
1261 4715 1555 4772 conversio.
1592 4732 1611 4766 ι
1649 4715 1772 4770 Inde

201 4825 294 4872 est
315 4811 472 4885 quod
502 4809 845 4862 vehementer
868 4812 1144 4858 succenset
1192 4804 1244 4856 in
1276 4803 1494 4872 epistola
1551 4804 1614 4858 ad
1640 4805 1773 4860 ami-

205 4922 309 4961 eos
341 4916 478 4959 suos
509 4895 896 4951 Alexandrinos
934 4893 1183 4962 iactatum
1213 4893 1383 4947 fuisse
1425 4894 1478 4949 in
1507 4894 1692 4965 vulgus
1715 4911 1774 4952 se

193 4992 429 5058 dicere,
461 5009 483 5042 ι
515 4989 724 5043 Patrem
749 4985 964 5039 malitiae
1011 4998 1073 5037 ac
1100 4983 1444 5052 perditionis,
1492 4993 1546 5038 et
1589 4999 1772 5040 eorum

206 5084 308 5155 qui
343 5084 414 5136 de
447 5064 614 5146 regno
643 5073 734 5130 Dei
761 5073 1075 5142 ejiciuntur,
1112 5073 1162 5124 id
1203 5079 1283 5124 est
1322 5070 1588 5124 diabolum
1609 5111 1625 5138 ,
1657 5087 1776 5127 esse

207 5169 549 5229 salvandum
579 5182 594 5220 :
626 5163 788 5234 quod,
817 5162 1017 5231 inquit,
1047 5176 1112 5215 ne
1141 5160 1330 5227 aliquis
1359 5160 1572 5227 quidem
1599 5172 1776 5216 mente
1808 5199 1810 5201 ›

204 5272 408 5327 motus
459 5266 517 5312 et
585 5252 864 5308 manifeste
922 5251 1186 5305 insaniens
1257 5248 1432 5301 dicere
1501 5257 1691 5316 potest.
1749 5269 1767 5303 ι

204 5331 526 5418 propterea
555 5343 907 5412 Hieronymus
943 5340 1158 5410 Apolog.
1195 5352 1230 5390 ll
1260 5336 1314 5388 in
1341 5333 1536 5402 Rnﬁn.,
1563 5351 1684 5406 cap.
1718 5339 1776 5401 5.

211 5443 406 5512 palam
452 5449 576 5490 eum
615 5434 716 5486 hoc
762 5433 987 5485 crimine
1023 5425 1283 5487 exsolvit,
1325 5424 1462 5491 quod
1505 5423 1641 5479 alias
1673 5427 1774 5494 ipsi

202 5535 474 5606 ‘pcrstcpe
504 5525 730 5594 objicit:
775 5542 794 5577 ‹
816 5519 1325 5608 AsseritCandidus,
1353 5517 1776 5612 inquittdiabo-
1813 5597 1820 5602 _

296 5712 351 5744 ⁸⁸
391 5709 494 5764 lsa.
521 5719 665 5768 mi,
690 5701 776 5757 24.

1876 4544 2082 4598 animas
2129 4545 2388 4600 humanas
2433 4548 2679 4616 ancipitis
2715 4564 2852 4614 esse,
2899 4549 3191 4618 mediaeque
3240 4557 3405 4606 vitam

1877 4631 2019 4685 inter
2047 4642 2101 4686 et
2131 4643 2354 4690 mortem
2389 4650 2451 4690 ac
2482 4638 2739 4702 ambigua:
2775 4652 2977 4694 natura).
3007 4641 3144 4696 libro
3175 4645 3408 4696 secundo

1877 4721 2066 4786 iterum
2098 4721 2396 4792 iterumque
2449 4727 2656 4794 repetit.
2720 4727 3004 4798 Gregorius
3039 4729 3409 4786 Nazianzenus

1876 4819 2012 4865 orat.
2061 4811 2129 4866 39
2179 4813 2452 4868 haereticos
2502 4817 2765 4872 diﬁicilem
2816 4829 2868 4874 et
2917 4821 3221 4877 diuturnum
3270 4823 3407 4888 ignis

1877 4900 2195 4968 baptismum
2245 4913 2590 4972 suscepturos
2635 4907 2891 4973 minatur,
2940 4910 3044 4963 nisi
3096 4911 3164 4963 ab
3221 4911 3406 4963 haeresi

1877 4991 2173 5057 discedant,
2201 5006 2308 5061 quo
2336 4993 2456 5063 igne
2481 4995 2654 5050 omnis
2703 4997 2903 5058 malitia
2950 4999 3030 5052 sic
3051 5006 3309 5065 tanquam
3337 4999 3410 5046 fc-

1878 5093 2005 5133 num
2049 5082 2321 5136 exurenda
2351 5083 2441 5137 sit.
2463 5081 2724 5139 'Oratione
2773 5099 2902 5140 vero
2937 5086 3180 5154 sequenti
3210 5084 3414 5136 dubitat

1879 5179 2054 5223 utrum
2090 5171 2423 5238 sempiterna:
2447 5174 2815 5229 damnatorum
2843 5188 3014 5244 poenae
3066 5173 3260 5225 futurae
3284 5169 3413 5227 sint.

1879 5275 1946 5313 an
2001 5274 2128 5314 vero
2179 5277 2209 5314 a
2258 5261 2365 5315 Deo
2415 5258 2513 5332 pro
2558 5279 2650 5319 sua
2708 5264 3042 5318 humanitate
3083 5256 3416 5309 b'revia‘ndte.

1878 5346 2070 5402 Narrat
2093 5349 2331 5417 profecto
2381 5340 2591 5408 Simeon
2625 5337 3024 5420 bletaphras'tes.
3071 5346 3128 5395 in
3201 5341 3319 5391 νίια
3360 5343 3437 5424 8ο,

1882 5437 2105 5506 Cyria“,
2135 5453 2252 5508 cap.
2289 5440 2368 5504 ιο,
2397 5457 2515 5496 cum
2547 5458 2574 5494 a
2617 5440 2814 5510 Cyrillo
2851 5431 3114 5490 monacho
3155 5437 3434 5492 quaereret

1880 5527 2154 5595 ϐντὶειευε,
2207 5545 2448 5598 qumnam
2511 5520 2778 5602 praecipue
2838 5523 3089 5588 dogmata
3145 5521 3442 5566 tuerentur
