3920 6464
420 465 552 520 5039

1634 437 1692 490 P.
1732 431 2036 488 DANlELlS
2066 429 2294 485 HUETll

3564 413 3587 464 1
3599 412 3700 464 ιιω

421 576 654 633 Nonnus,
678 563 950 625 Leontius,
979 559 1174 626 aliique
1198 554 1357 608 Novae
1385 552 1570 606 Laurat
1600 548 1931 617 Origenisuc,
1963 549 2006 603 A
2035 545 2394 614 abstergeret,
2417 539 2615 594 librum
2668 533 2949 601 scripsit,
3022 525 3192 594 cujus
3240 533 3518 592 excerpta
3542 523 3705 578 habet

421 659 754 731 respondisse
780 650 1029 722 Cyrillum
1070 647 1329 700 afﬁrmare
1381 643 1499 696 illos
1532 658 1551 692 ι
1599 639 1845 707 dogmata
1874 638 1938 689 de
2033 635 2253 689 Photius
2301 632 2427 687 cod.
2459 643 2730 684 ccxxxm.
2786 623 2917 678 Hoc
2954 634 3145 689 opere
3194 615 3706 671 demonstrandum

2066 725 2134 731 -_-
2398 721 2431 731 μ
2509 718 2544 731 η
2629 722 2637 729 .
2817 730 2828 731 γ
2954 713 3021 731 ,1,
3089 725 3149 731 Α-
3212 721 3418 731 -....,....Α
3478 705 3706 731 ..Ιεηηημ

323 802 328 809 .
422 745 828 822 praaexsistentia
885 749 938 795 et
981 737 1312 794 restitutione
1361 734 1412 788 in
1452 731 1692 786 eumdem
1746 736 1938 782 statum

419 818 534 894 esse
575 835 743 889 media
787 841 840 885 et
881 829 948 884 ab
991 828 1134 882 omni
1181 824 1415 894 periculo
1461 821 1664 884 aliena;
1706 818 1941 872 dicentes

419 928 504 982 illa
531 925 608 978 eis
653 921 714 975 ad
759 920 858 974 hoc
891 920 1030 971 ferre
1071 915 1456 976 testimonium,
1503 925 1619 979 qua:
1650 907 1842 962 alicubi
1888 907 1940 959 in

420 1016 528 1070 suis
579 1009 916 1078 Apologeticis
975 1019 1192 1074 magnus
1236 997 1518 1071 Gregorius
1591 997 1659 1052 ita
1716 995 1936 1064 reliquit

419 1102 613 1170 scripta
648 1114 661 1149 ε
693 1097 820 1148 Mihi
860 1095 1061 1148 videtur
1094 1107 1174 1144 res
1218 1103 1317 1142 non
1345 1087 1460 1142 vilis
1487 1103 1577 1140 nec
1615 1092 1939 1138 contemnen-

417 1192 504 1253 da,
531 1189 658 1241 dare
680 1189 734 1239 in
767 1196 988 1252 tempore
1028 1181 1304 1247 unicuique
1330 1177 1618 1229 dimensum
1668 1171 1938 1234 orationis,

419 1291 466 1334 et
504 1280 796 1344 dispensare
819 1276 873 1327 in
894 1273 1094 1341 judicio
1121 1270 1382 1323 veritatem
1414 1275 1702 1318 nostrorum
1728 1262 1946 1329 dogma-

416 1377 546 1428 tum,
581 1381 694 1435 qua:
725 1364 785 1416 de
810 1366 1017 1422 mundo,
1055 1366 1144 1410 aut
1170 1356 1232 1410 de
1261 1354 1469 1407 mundis
1494 1350 1940 1421 philosOphamur,

417 1461 481 1508 de
507 1454 742 1512 materia,
787 1451 848 1503 de
889 1450 1084 1510 anima,
1129 1445 1190 1498 de
1232 1442 1588 1509 intelligentia,
1640 1446 1686 1492 et
1742 1435 1942 1490 naturis

417 1543 832 1609 intelligentibus,
860 1549 960 1590 tam
987 1532 1451 1604 prastantioribus,
1493 1543 1649 1598 quam
1678 1524 1945 1578 deteriori-

421 1634 547 1694 bus;
574 1631 635 1683 de
661 1626 976 1696 providentia
1003 1639 1116 1692 quia
1138 1622 1312 1675 omnia
1339 1619 1545 1686 colligat
1578 1632 1693 1685 qua:
1714 1614 1947 1666 videnlur

419 1722 614 1776 evenire
644 1720 859 1782 ratione,
885 1726 930 1768 et
963 1727 1275 1784 quaecunque
1297 1719 1482 1778 prwter
1522 1709 1770 1760 rationem
1815 1703 1946 1770 infe-

420 1812 604 1864 riorem
640 1818 684 1860 et
726 1809 1000 1859 humanam
1031 1819 1050 1856 :
1075 1811 1123 1855 et
1151 1815 1265 1870 qua!
1294 1809 1542 1867 prwtcrea
1577 1799 1638 1848 de
1660 1795 1822 1862 prima
1850 1809 1943 1843 no-

420 1911 526 1955 stra
553 1899 930 1956 constitutione,
985 1894 1282 1961 ﬁgurisque,
1327 1899 1372 1941 et
1420 1889 1652 1947 veritate,
1687 1893 1734 1936 et
1790 1891 1944 1935 testa-
1977 1865 2020 1919 Β

419 1980 621 2047 mentis,
657 1995 704 2036 et
753 1983 941 2036 Christi
988 1983 1151 2044 primo
1194 1978 1434 2039 adventu,
1488 1983 1535 2026 et
1590 1972 1854 2025 secundo:
1893 1971 1947 2024 in

419 2081 496 2131 his
537 2079 669 2130 enim
698 2086 741 2128 et
773 2073 968 2139 assequi
1013 2081 1084 2123 est
1131 2084 1232 2122 non
1284 2065 1482 2127 inutile,
1517 2071 1567 2115 et
1610 2078 1709 2114 non
1748 2058 1949 2128 assequi

420 2178 560 2226 vacat
589 2165 834 2234 periculo.
867 2180 885 2214 ι
917 2161 1026 2215 lloc
1051 2155 1362 2227 Origenistis
1404 2153 1708 2223 praesidium
1736 2151 1943 2219 eripere

421 2266 641 2314 conatur
688 2254 931 2323 Aloysius
982 2251 1330 2317 Lipomanus,
1376 2243 1699 2299 Veronensis
1747 2241 1949 2308 episco-

421 2365 550 2417 pus;
597 2348 685 2400 sed
727 2342 984 2412 quidquid
1034 2349 1208 2392 tamen
1261 2335 1466 2399 ali‘erat,
1512 2333 1723 2386 videtur
1755 2330 1807 2383 id
1848 2328 1947 2383 sibi

422 2437 644 2491 voluisse
666 2434 948 2502 Gregorius
978 2431 1073 2482 has
1098 2428 1416 2495 Quzestiones
1463 2423 1696 2477 nendum
1724 2419 1854 2474 satis
1885 2419 1949 2471 li-

420 2527 631 2594 quidas,
679 2538 776 2577 nec
817 2537 910 2590 per
957 2519 1249 2573 Ecclesium
1291 2514 1456 2569 fuisse
1495 2514 1945 2578 circumscriptas.

421 2614 554 2680 Quid
581 2613 678 2665 hoc
704 2620 784 2665 est
806 2619 981 2661 autem
1007 2606 1150 2674 quod
1198 2604 1391 2656 ibidem
1425 2602 1643 2670 subjicit
1674 2599 1947 2668 Cyriacus,

419 2702 751 2756 existimasse
792 2697 1121 2764 Origenistas
1167 2694 1310 2758 illos,
1348 2709 1367 2743 ι
1401 2691 1630 2761 quodin
1667 2689 1948 2757 pristinum

420 2798 614 2846 statum
662 2787 1079 2851 resurrectione,
1145 2791 1395 2853 poterunt
1441 2791 1772 2851 quaecunque
1827 2783 1951 2830 sunt

419 2881 622 2934 ratione
643 2878 882 2947 praedita,
907 2875 970 2928 ad
993 2875 1257 2928 daemones
1285 2885 1452 2939 usque
1479 2867 1729 2923 fabricari
1754 2880 1948 2928 mones,

417 2972 471 3027 id
501 2980 581 3024 est
611 2968 842 3023 saecula?
879 2985 898 3019 ι
949 2964 1080 3018 Nam
1127 2977 1324 3027 aeoues,
1369 2963 1576 3028 aliaque
1633 2956 1953 3011 Valentinia-

419 3075 607 3115 norum
664 3056 1041 3129 τερατεύματα
1093 3054 1344 3123 Origenes
1393 3051 1522 3106 satis
1585 3049 1948 3101 aversabatur.

419 3143 704 3212 Gregorius
751 3143 882 3195 alter
937 3139 1316 3208 Origenianam
1385 3136 1702 3190 sententiam
1753 3135 1951 3200 absque

419 3232 523 3285 ulla
575 3233 903 3286 dubitatione
961 3229 1294 3298 amplectitur
1359 3227 1409 3280 in
1475 3225 1833 3293 Disputatione
1888 3223 1952 3275 de

419 3324 593 3374 anima
621 3332 667 3375 et
701 3322 1095 3383 resurrectione,
1126 3333 1230 3387 qua
1262 3318 1470 3370 animas
1514 3324 1786 3382 cxcmptas
1832 3328 1953 3366 cor-

419 3413 657 3479 poribus,
716 3419 770 3464 et
799 3413 1064 3464 dmmones
1097 3421 1339 3476 quoque,
1388 3405 1529 3460 omni
1557 3405 1678 3459 olim
1716 3404 1951 3470 deposita

421 3500 711 3552 vitiositate
751 3498 1016 3551 Christum
1048 3511 1167 3549 esse
1196 3493 1534 3548 confessuros
1584 3493 1818 3546 declarat
1851 3509 1864 3544 :
1899 3502 1955 3547 et
1986 3511 1997 3524 ·

421 3586 528 3638 alio
552 3584 946 3643 Dissertationis
966 3583 1197 3650 ejusdem
1229 3581 1342 3633 loco
1370 3580 1531 3632 Deum
1563 3579 1637 3630 ait
1667 3592 1770 3631 non
1799 3579 1956 3632 aliter

421 3689 540 3729 esse
569 3688 722 3740 posse
771 3672 947 3725 omnia
982 3672 1034 3724 in
1068 3671 1334 3732 omnibus,
1380 3669 1533 3737 juxta
1561 3667 1794 3733 Apostoli
1831 3681 1954 3720 sen-

423 3766 660 3824 tentiam,
691 3776 848 3828 quam
885 3760 1062 3814 evulsa
1114 3760 1350 3812 funditus
1390 3767 1442 3812 ct
1487 3760 1776 3824 exstirpata
1807 3758 1950 3811 omni

423 3852 678 3920 nequitia.
705 3850 820 3902 Alia
851 3848 1042 3902 deinde
1070 3846 1330 3916 permulta
1364 3845 1489 3898 huic
1517 3844 1805 3897 astruendo
1833 3858 1962 3899 cons

421 3944 580 4013 gerit,
639 3955 757 4009 quas
807 3939 1036 3993 vitandae
1085 3952 1241 3991 causa
1307 3935 1628 4006 prolixitatis
1673 3944 1950 4004 praetereo.

421 4032 768 4087 Catecheticaz
797 4039 1048 4099 praeterea
1080 4028 1336 4082 orationis
1361 4028 1531 4096 capite
1558 4025 1612 4090 8,
1663 4035 1780 4093 post
1814 4026 1954 4080 hanc

421 4123 584 4174 vitam
621 4119 800 4174 curari
827 4134 857 4172 a
890 4118 998 4172 Deo
1023 4133 1216 4187 pravos
1255 4117 1415 4170 animi
1451 4116 1668 4170 allectus
1701 4114 1950 4180 aﬂirntat,

422 4210 509 4276 qui
541 4211 591 4262 in
626 4210 726 4263 hac
747 4209 854 4262 vita
877 4209 1053 4263 sanari
1091 4223 1186 4275 per
1211 4208 1467 4261 virtutem
1491 4221 1595 4260 non
1621 4216 1909 4274 potuerunt
1933 4221 1949 4270 ;

425 4308 533 4349 tum
572 4313 688 4366 cap.
740 4298 830 4362 26,
876 4314 980 4353 non
1029 4299 1274 4352 homines
1312 4298 1571 4352 duntaxat
1615 4310 1870 4362 nequam,
1899 4304 1955 4350 et

425 4385 635 4452 impios,
682 4388 774 4440 sed
822 4386 1024 4455 peccati
1075 4387 1230 4440 etiam
1285 4393 1553 4439 auctorem
1599 4383 1870 4437 diabolum
1919 4397 1951 4436 a

2036 725 2136 778 sibi
2183 721 2438 792 proponit
2505 718 2865 779 Germanus,
2949 713 3028 765 ab
3082 725 3154 764 eo
3207 721 3420 761 errore
3478 705 3710 758 alienum

2038 813 2201 867 fuisse
2228 810 2596 879 Gregorium;
2639 807 2687 861 si
2723 821 2842 873 qua
2885 818 3035 857 vero
3071 802 3128 855 in
3169 799 3299 868 ejus
3329 797 3567 864 scriptis
3595 796 3715 850 illnc

2039 903 2289 956 videntur
2333 900 2638 968 pertinere,
2684 896 2881 948 fuisse
2930 892 3008 944 ab
3065 887 3435 956 Origenistis
3489 886 3713 949 intexta,

2039 993 2124 1048 vel
2151 1000 2298 1046 certe
2353 991 2680 1057 depravata.
2735 984 3007 1050 ldipsum
3059 993 3124 1034 sc
3165 977 3480 1031 inaudisse
3535 988 3721 1031 narrat

2039 1081 2374 1149 Nicephorus
2399 1079 2495 1132 lib.
2528 1093 2609 1141 xl,
2643 1089 2777 1145 cap.
2813 1071 2918 1125 i9.
2969 1069 3058 1123 Ne
3117 1067 3482 1121 Ambrosius
3507 1065 3718 1132 quidem

2041 1171 2109 1224 ab
2153 1168 2389 1238 Origene
2440 1167 2730 1229 dissonat,
2779 1176 2919 1217 cum
2975 1157 3276 1228 psalmum
3327 1171 3510 1210 cxvnt
3563 1169 3722 1224 expo-

2041 1275 2200 1324 nens,
2231 1273 2355 1313 reos
2400 1256 2695 1327 suppliciis
2750 1251 2971 1321 subjici
3012 1256 3252 1309 censet,
3304 1249 3446 1315 quia
3505 1247 3575 1300 iis
3627 1248 3721 1299 ali-

2042 1350 2259 1419 quando
2287 1347 2562 1402 cximendi
2591 1353 2764 1409 sunt;
2805 1339 3037 1396 diaboli
3078 1352 3223 1391 vero
3269 1351 3517 1406 poenam
3553 1335 3728 1390 dill'er-

2045 1439 2113 1505 ri,
2146 1447 2205 1492 ut
2235 1451 2517 1506 nunquam
2551 1435 2810 1489 ﬁniatur.
2843 1431 2976 1498 Qt‘to
3022 1429 3267 1483 accedit
3307 1427 3731 1481 Ambrosiaster

2042 1527 2095 1580 in
2124 1525 2294 1594 Epist.
2339 1523 2410 1577 ad
2456 1522 2654 1591 Ephes.
2684 1535 2813 1589 cap.
2850 1533 2920 1581 ll,
2958 1515 3309 1569 Ecclesiam
3345 1513 3602 1574 docens,
3638 1512 3727 1565 etsi

2044 1626 2230 1672 sancta
2264 1614 2504 1679 dicatur,
2536 1611 2870 1666 hominibus
2911 1615 3125 1660 tamen
3159 1604 3412 1659 vitiosis
3460 1611 3728 1665 constare,

2044 1722 2150 1761 non
2177 1705 2433 1774 perituris
2465 1703 2714 1771 quidem,
2743 1702 2844 1754 sed
2875 1715 2990 1769 per
3028 1700 3238 1768 ignem
3288 1693 3613 1765 purgandis
3641 1708 3655 1745 :
3683 1701 3733 1747 et

2048 1795 2099 1847 in
2131 1809 2255 1862 cap.
2293 1809 2378 1858 tu,
2410 1793 2874 1861 prmdicationem
2903 1789 3404 1844 ecclesiasticam
3431 1786 3513 1839 ait
3548 1788 3732 1839 daemo-

2047 1882 2538 1960 nibusproﬁcere,
2598 1890 2660 1934 ut
2706 1883 3057 1935 detrectato
3119 1878 3354 1934 diaboli
3405 1877 3642 1946 imperio
3673 1877 3733 1930 ad

2049 1974 2214 2025 Deum
2265 1979 2685 2026 convertantur.
2743 1971 2935 2025 Caute
2999 1984 3262 2038 quoque
3319 1968 3731 2022 observandum

2047 2072 2129 2118 est
2161 2061 2579 2132 Hieronymum,
2634 2063 2728 2129 qui
2783 2070 2874 2116 tot
2928 2060 3328 2130 Origeniano
3369 2059 3586 2112 nomini
3613 2072 3732 2111 con-

2048 2151 2295 2205 tumelias
2325 2150 2539 2213 inllixit,
2575 2149 2628 2203 id
2659 2149 2778 2204 fere
2814 2151 2876 2203 in
2919 2149 3206 2218 Origene
3244 2163 3438 2216 super
3468 2148 3574 2201 hac
3600 2162 3731 2216 qua:-

2048 2243 2222 2296 stione
2251 2256 2501 2312 arguere,
2556 2241 2706 2310 quod
2752 2240 3072 2294 diabolum
3128 2239 3342 2308 pannis
3394 2239 3734 2292 liberandum

2048 2342 2166 2384 esse
2197 2333 2515 2396 asseruerit,
2565 2329 2831 2399 quamvis
2892 2332 3304 2384 contrarium
3358 2331 3613 2385 fateatur
3647 2329 3737 2384 ali-

2049 2420 2195 2484 cubi,
2228 2431 2287 2474 ut
2314 2422 2666 2486 notavimus;
2729 2422 2801 2474 de
2853 2420 3248 2476 liberatione
3283 2436 3432 2477 vero
3469 2423 3737 2476 hominum

2048 2509 2264 2564 siluisse
2293 2512 2494 2578 ipsum.
2526 2510 2726 2579 Itaque
2773 2511 3107 2564 abnormia
3169 2512 3424 2566 disserit
3478 2512 3736 2580 quazdam,

2050 2607 2103 2652 et
2142 2613 2171 2651 a
2214 2598 2316 2652 lide
2361 2599 2537 2652 aliena
2587 2600 2686 2654 lib.
2752 2616 2768 2653 ι
2822 2601 3069 2653 advers.
3132 2599 3492 2670 Pelagian.,
3543 2616 3658 2668 cap.
3690 2603 3736 2662 9.

2049 2703 2234 2757 poenas
2264 2689 2487 2742 tradens
2517 2690 2906 2758 sempiternas
2943 2691 3274 2745 destinari
3310 2692 3551 2747 diabolo
3577 2703 3630 2745 et
3653 2692 3735 2744 ho-

2051 2779 2286 2830 minibus
2319 2779 2533 2845 impiis;
2569 2787 2624 2830 at
2663 2779 2888 2848 iniquis
2915 2790 2984 2833 et
3015 2793 3438 2849 peccatorum
3474 2785 3584 2835 reis
3613 2791 3736 2836 tem-

2049 2868 2262 2936 porales
2301 2867 2667 2922 solummodo.
2726 2869 2988 2938 lmpium
3049 2885 3278 2928 autem
3331 2875 3407 2929 ab
3462 2874 3735 2943 iniquoita

2052 2955 2331 3026 distinguit
2369 2973 2383 3010 :
2421 2974 2441 3006 ‹
2477 2957 2673 3012 Omnis
2736 2959 2964 3029 impius
3021 2961 3299 3031 iniquus
3361 2973 3533 3019 estet
3567 2979 3738 3032 pecca-

2053 3056 2137 3103 tor
2171 3064 2186 3100 :
2220 3063 2318 3102 nec
2365 3049 2747 3115 reciprocatur
2798 3059 2867 3104 ut
2916 3055 3263 3120 possimus
3299 3057 3526 3120 dicere,
3579 3057 3739 3110 omnis

2054 3146 2303 3205 peccator
2354 3148 2409 3189 et
2455 3137 2678 3204 iniquus
2739 3140 2926 3193 etiam
2993 3142 3248 3211 impius
3288 3155 3384 3200 est
3437 3162 3451 3196 :
3509 3147 3740 3214 impietas

2052 3228 2192 3282 enim
2224 3227 2442 3295 proprie
2471 3229 2538 3281 ad
2565 3242 2664 3281 eos
2694 3231 2987 3297 pertinet.
3033 3233 3149 3302 qui
3185 3236 3472 3290 notitiam
3517 3235 3613 3290 Dei
3643 3250 3735 3289 non

2051 3318 2270 3381 habent,
2301 3316 2379 3368 vel
2406 3316 2787 3384 cognitionem
2833 3326 3371 3390 transgressione
3430 3334 3735 3387 mutarunt;

2052 3416 2326 3475 peccatum
2356 3413 2534 3458 autem
2571 3413 2627 3458 et
2667 3405 2958 3474 iniquitas
2991 3425 3113 3478 pro
3150 3414 3466 3479 qualitate
3499 3415 3735 3468 vitiorum

2054 3503 2171 3563 post
2206 3493 2408 3562 peccati
2452 3501 2509 3546 et
2561 3493 2901 3562 iniquitatis
2962 3502 3244 3557 vulnera
3285 3506 3500 3574 recipit
3552 3506 3738 3559 sanita-

2055 3596 2182 3640 tem.
2219 3603 2239 3636 ι
2271 3584 2624 3639 Postmodum
2679 3589 3060 3644 sententiam
3124 3608 3316 3648 suam
3379 3611 3513 3650 cum
3564 3595 3741 3665 Orige-

2052 3677 2208 3729 niana
2248 3675 2321 3727 ita
2366 3675 2649 3740 componit
2681 3692 2698 3728 :
2744 3693 2765 3725 σ
2808 3677 2875 3731 Si
2915 3679 3248 3750 Origenes
3279 3701 3491 3740 omnes
3528 3687 3740 3739 rationa-

2053 3765 2187 3819 biles
2219 3772 2500 3816 creaturas
2531 3761 2672 3816 dicit
2700 3779 2815 3817 non
2846 3781 2998 3822 esse
3032 3775 3430 3838 perdendos,
3467 3783 3526 3827 et
3555 3771 3742 3826 diaboli

2057 3855 2239 3908 tribuit
2267 3851 2670 3921 paenitentiam,
2705 3855 2848 3920 quid
2889 3857 2966 3910 ad
3017 3876 3166 3927 nos,
3219 3866 3328 3934 qui
3385 3878 3448 3919 et
3477 3865 3740 3920 diabolum

2054 3954 2107 3998 et
2143 3944 2397 3997 satellites
2433 3942 2572 4010 ejus,
2607 3957 2936 4012 omnesque
2973 3948 3224 4020 impius
3259 3965 3326 4010 et
3361 3957 3741 4024 praevaricato-

2052 4049 2140 4087 res
2169 4034 2400 4086 dicimus
2427 4033 2614 4100 perire
2666 4045 2960 4103 perpetuo
3000 4054 3020 4092 :
3077 4053 3147 4095 et
3179 4045 3589 4112 Christianos,
3619 4048 3664 4100 si
3695 4047 3742 4099 in

2052 4120 2286 4188 peccatis
2315 4119 2570 4185 praeventi
2598 4117 2838 4185 fuerint,
2895 4125 3260 4186 salvandos
3312 4148 3449 4189 esse
3487 4146 3612 4204 post
3637 4149 3740 4204 pq:-

2055 4208 2192 4261 nas?
2243 4226 2261 4259 )
2296 4207 2451 4261 Clara
2502 4218 2634 4261 sunt
2675 4218 2736 4262 et
2785 4209 2887 4264 illa
2936 4213 3005 4266 in
3071 4220 3321 4286 quibus
3387 4225 3558 4279 linem
3607 4207 3746 4293 ponit

2052 4296 2446 4351 Commentariis
2496 4298 2612 4351 suis
2660 4298 2720 4352 in
2772 4299 3010 4358 Isaiam
3040 4347 3060 4370 ,
3143 4310 3376 4368 dicens
3439 4316 3744 4383 neutiquam

2051 4387 2402 4456 evulgandum
2448 4401 2572 4440 esse
2621 4387 2762 4443 illud
2816 4391 3081 4461 dogma,
3133 4405 3315 4468 quod
3368 4405 3746 4459 damnatorum

423 4469 556 4525 Filio
579 4471 672 4524 Dei
697 4473 949 4528 lienelicio
981 4472 1226 4528 allectum
1256 4472 1430 4536 docet,
1477 4484 1630 4539 quem
1655 4469 1729 4522 ita
1759 4484 1952 4539 expur-
1979 4493 2026 4549 ι)
2062 4475 2310 4528 terminat
2331 4488 2544 4542 poenas,
2587 4489 2682 4541 ne,
2727 4489 2890 4533 metu
2937 4487 3250 4552 supplicii
3298 4494 3510 4546 aeterni
3557 4492 3744 4554 ablato,

425 4559 535 4628 gari
556 4559 650 4622 ait,
676 4563 1120 4628 quemadmodum
1142 4578 1327 4615 aurum
1354 4561 1591 4616 adhibito
1616 4560 1734 4629 igne
1755 4574 1952 4628 expur-

425 4657 598 4716 gatur,
641 4660 843 4704 secreta
886 4661 939 4704 et
988 4661 1206 4706 excocta
1257 4651 1504 4718 sequiore
1533 4650 1791 4714 materia;
1837 4661 1953 4703 tan-

425 4738 652 4804 demque
697 4738 976 4805 aliquando
1021 4756 1113 4808 per
1161 4743 1340 4809 longos
1381 4751 1671 4810 temporum
1724 4741 1952 4796 ambitus

426 4837 738 4894 consumpto
783 4831 920 4894 quod
962 4841 1163 4885 natura:
1195 4831 1330 4886 inest
1360 4832 1502 4886 omni
1538 4831 1695 4895 malo,
1733 4832 1952 4884 damna-

428 4929 510 4978 tos
537 4921 591 4974 in
622 4919 882 4986 integrum
925 4920 990 4973 iri
1036 4923 1360 4984 restitutum,
1409 4932 1468 4974 ut
1496 4936 1600 4976 uno
1631 4935 1724 4974 ore
1755 4923 1954 4986 gratias

426 5019 621 5065 creatae
654 5023 738 5062 res
759 5009 1020 5062 universa
1049 5010 1152 5064 Deo
1186 5011 1489 5064 relundant.
1536 5009 1736 5063 Aurum
1774 5011 1954 5064 itidem

427 5099 480 5152 in
515 5097 812 5166 exemplum
859 5097 1070 5150 asciscit
1109 5113 1226 5166 cap.
1255 5100 1323 5152 55
1354 5099 1478 5154 libri
1513 5101 1775 5169 ejusdem,
1801 5108 1856 5152 et
1890 5112 1958 5152 nc

427 5191 615 5245 futurae
653 5189 865 5259 quidem
904 5201 997 5254 spe
1025 5187 1207 5240 salutis
1249 5203 1342 5242 eos
1373 5191 1694 5255 intercludit,
1743 5191 1832 5257 qui
1860 5205 1955 5244 ne-

428 5294 529 5346 que
554 5277 821 5348 baptismi,
847 5289 1018 5344 neque
1065 5276 1412 5340 poenitentiae,
1462 5293 1635 5347 neque
1661 5278 1766 5332 ulla
1807 5279 1958 5330 deni-

429 5383 531 5436 que
556 5370 870 5437 purgatioue
904 5367 1021 5422 vitae
1059 5380 1224 5419 noxas
1248 5365 1508 5422 eluerunt.
1553 5369 1747 5424 Verum
1790 5368 1956 5421 inter-

431 5459 566 5510 cedit
619 5457 913 5512 Germanus
963 5455 1263 5526 patriarcha
1315 5457 1953 5524 Constantinopolitanus,

431 5547 519 5612 qui
547 5558 602 5600 ut
650 5549 805 5616 hujus
851 5549 1111 5617 opinionis
1151 5546 1318 5620 labem
1353 5561 1380 5601 a
1411 5547 1666 5617 Gregorio
1718 5545 1955 5613 Nysseno

501 5723 548 5755 ⁸⁸
584 5723 721 5780 Psal.
745 5741 838 5783 ιιι.
875 5729 919 5780 l.

2055 4565 2224 4634 magis
2251 4577 2369 4618 sese
2403 4563 2625 4619 licentia
2659 4581 3042 4640 prorumpat.
3074 4575 3356 4635 Demum
3388 4584 3478 4638 sic
3514 4583 3740 4637 desinit:

2059 4673 2078 4705 ι
2127 4656 2193 4706 Et
2245 4653 2389 4708 sicut
2431 4653 2661 4719 diaboli,
2706 4667 2770 4711 et
2821 4663 3111 4718 omnium
3174 4681 3547 4740 negatorum
3593 4684 3742 4739 atque

2056 4743 2359 4810 impiorum,
2418 4744 2512 4811 qui
2558 4745 2830 4800 dixerunt
2879 4749 2938 4803 in
2992 4757 3207 4812 corde
3254 4775 3376 4817 suo
3425 4779 3442 4815 :
3494 4762 3619 4816 Non
3679 4769 3744 4814 est

2054 4833 2286 4899 Deus”,
2323 4837 2602 4896 credimus
2647 4846 2864 4893 arterna
2920 4839 3306 4917 tormenta;
3356 4854 3447 4908 sic
3503 4864 3744 4922 peccato-

2056 4937 2172 4974 rum
2219 4932 2383 4990 atquc
2433 4923 2778 4994 impiorum,
2842 4938 2904 4983 et
2971 4941 3196 4991 tamen
3253 4938 3748 5001 Christianorum,

2055 5023 2283 5100 quorum
2332 5027 2503 5079 opera
2543 5016 2596 5069 in
2649 5016 2777 5083 igne
2827 5017 3154 5085 probanda
3213 5041 3366 5084 sunt
3411 5041 3587 5100 atque
3634 5044 3747 5098 pur-

2055 5098 2627 5168 gandanoderatam
2656 5105 3015 5162 arbitramur
3050 5121 3119 5166 et
3160 5118 3416 5172 mistam
3447 5098 3746 5174 clementia:

2059 5191 2391 5246 sententiam
2415 5192 2645 5260 judicis.
2683 5214 2705 5248 ι
2740 5195 2873 5254 Haec
2909 5215 3046 5255 cum
3101 5205 3578 5263 Commentariis
3620 5220 3744 5274 queo

2053 5291 2158 5344 que
2184 5281 2303 5336 suis
2341 5284 2399 5338 in
2427 5285 2735 5356 Epistolam
2765 5291 2836 5342 ad
2892 5290 3184 5359 Ephesios
3241 5301 3625 5369 aspersisset,
3666 5309 3742 5350 τε·

2053 5370 2368 5435 prehensus
2401 5389 2490 5434 est
2537 5398 2569 5436 a
2617 5381 2820 5437 Rufino
2854 5383 3065 5440 lanea.
3128 5403 3148 5442 ι
3187 5400 3256 5445 et
3287 5408 3332 5446 ιι
3354 5433 3376 5461 ,
3423 5394 3595 5462 hujus
3627 5390 3742 5442 licet

2056 5463 2542 5556 reprehensiones
2581 5477 2834 5532 devitarc
2879 5489 3129 5533 conetur
3169 5482 3582 5556 Hieronymus
3608 5481 3737 5535 lib.:

2058 5550 2294 5624 ΑΡ⁰¹⁰9.
2324 5561 2548 5623 advers.
2589 5567 2794 5636 Ruﬁna,
2830 5583 2956 5639 cap.
2992 5569 3061 5641 6.Δ
3087 5568 3287 5629 Libro
3326 5550 3473 5629 vero
3503 5571 3736 5641 ejusdem
