3920 6490
225 486 359 543 1041

1037 490 1591 552 ORIGENIANOBL'M
1628 491 1754 545 LIB.
1793 488 1854 553 li,
1889 487 2036 545 CAP.
2071 491 2133 554 ιι,
2166 491 2430 557 ρυᾹΣδΤ.
2469 491 2556 546 ΣΙ.

3223 521 3240 558 ς
3251 489 3384 548 1089.

221 594 512 666 Apologia?
537 601 788 667 secundo,
813 617 930 670 cap.
962 603 1007 664 Ι,
1034 605 1144 658 haec
1169 603 1360 657 habet:
1385 621 1404 654 ι
1427 601 1572 668 Quod
1596 609 1768 654 autem
1799 603 1843 659 Α
1870 599 2061 654 colabit
2088 613 2179 652 eos
2223 601 2370 667 quasi
2401 615 2608 666 aurum,
2637 609 2690 654 et
2725 601 2874 670 quasi
2931 608 3236 672 argentum;
3281 619 3302 654 ι
3331 614 3384 658 et

180 760 189 768 ι
221 686 560 760 imprecaris
603 689 881 754 fratribus,
915 693 1013 745 hoc
1054 704 1136 746 est
1181 691 1607 746 criminatoribus
1646 692 1769 755 luis,

216 785 468 830 aeternos
503 779 652 846 ignes
691 794 812 833 cum
858 780 1087 843 diabolo,
1140 796 1241 834 non
1273 790 1379 833 tam
1413 779 1604 832 fratres
1641 780 1770 833 mihi

219 864 438 918 videris
492 881 756 934 premere;
802 882 959 936 quam
1008 867 1272 922 diabolum
1315 868 1612 930 sublevare,
1652 881 1770 920 cum

215 951 444 1014 iisdem,
485 954 678 1022 quibus
701 955 942 1010 homines
968 955 1280 1022 Christiani,
1311 959 1522 1028 ignibus
1549 959 1773 1028 punien-

215 1041 316 1094 dus
385 1042 493 1108 sit;
534 1061 552 1094 ι
585 1044 737 1111 quasi
786 1043 888 1099 alio
935 1046 1070 1113 ignis
1118 1061 1313 1115 genere
1365 1047 1605 1104 diabolus
1647 1063 1774 1103 cru-

221 1131 468 1186 ciandus
505 1134 598 1200 sit,
636 1133 741 1187 alio
788 1133 1028 1189 homines
1076 1134 1383 1192 Christiani.
1429 1137 1612 1205 Itaque
1647 1137 1770 1190 Sta-

214 1220 441 1276 nislaus
470 1221 782 1278 Pannonius
811 1224 1157 1294 Anabaptista
1188 1227 1326 1279 hunc
1369 1225 1613 1295 Origenis
1641 1240 1768 1294 pro-

212 1325 487 1380 pugnans
514 1325 776 1380 errorem,
806 1312 858 1366 in
887 1312 1024 1366 libro
1047 1313 1121 1368 De
1155 1315 1328 1367 divina
1367 1314 1768 1382 philauthropia,

210 1399 550 1468 Hieronymi
584 1401 948 1467 auctoritatem
995 1416 1094 1455 non
1146 1403 1261 1456 sine
1304 1404 1512 1457 ratione
1535 1413 1771 1471 usurpat,

210 1485 616 1554 immeritoque
647 1501 677 1538 a
710 1485 858 1540 Sixto
891 1486 1108 1542 Senensi
1132 1488 1222 1544 lib.
1248 1504 1298 1544 vr
1316 1489 1481 1553 Bibl.,
1503 1491 1623 1544 adn.
1646 1490 1769 1557 290,

208 1577 276 1632 ob
315 1590 454 1631 eam
480 1591 598 1630 rem
633 1577 1034 1644 reprehenditur
1063 1591 1078 1630 :
1113 1593 1233 1631 nam
1261 1579 1505 1646 quamvis
1554 1577 1773 1633 nefariae

210 1663 447 1734 penitus
476 1672 531 1716 et
560 1663 824 1717 damnata:
853 1665 1106 1719 doctrinae
1135 1665 1494 1720 defensionem
1521 1681 1770 1736 suscepe-

209 1753 281 1806 rit
311 1752 622 1806 luereticus
658 1750 770 1816 ille,
809 1753 860 1805 in
905 1767 1072 1820 eoque
1119 1753 1447 1820 impudenter
1472 1753 1642 1823 egisse
1688 1754 1771 1807 fa-

210 1843 454 1895 tendum
485 1842 582 1906 sit,
630 1841 937 1911 Hieronymi
979 1852 1151 1896 tamen
1195 1843 1544 1910 patrocinium
1577 1843 1772 1911 absque

209 1932 531 1998 impostura
581 1939 636 1984 et
674 1930 973 1992 mendacio,
1019 1947 1143 2001 qua}
1181 1932 1279 2000 ipsi
1325 1931 1504 1998 objicit
1551 1931 1766 1996 Sixtus,

209 2019 312 2072 sibi
372 2019 627 2073 asciscit.
659 2017 1008 2073 Proferantur
1047 2020 1187 2075 enim
1219 2021 1340 2075 licet
1372 2030 1617 2074 sexcenta
1650 2020 1773 2076 ilic-

209 2107 446 2176 ronymi
505 2107 843 2171 testimonia,
914 2109 1107 2175 quibus
1154 2108 1478 2162 contrarium
1523 2109 1770 2174 tradidit;

208 2210 389 2248 unum
444 2195 574 2249 inde
619 2195 746 2249 illud
780 2195 1022 2260 efﬁcitur,
1051 2205 1284 2252 mutasse
1314 2197 1458 2250 illum
1494 2197 1773 2265 aliquando

207 2284 584 2348 sententiam,
637 2299 736 2339 nec
791 2285 960 2338 unicae
1021 2301 1230 2353 semper
1280 2285 1772 2354 opinationiadhze-

207 2375 383 2428 sisse.
416 2374 492 2426 At
525 2387 624 2442 par
649 2373 766 2442 pari
801 2375 979 2428 retulit
1007 2374 1373 2444 Hieronymus,
1396 2387 1503 2442 quo
1527 2373 1771 2428 Ruﬁnum

209 2463 592 2526 remorderet,
623 2462 715 2530 qui
751 2477 868 2516 cum
899 2463 1011 2517 haec
1039 2463 1105 2518 ad
1134 2463 1473 2518 Anastasium
1501 2477 1684 2532 papam
1721 2464 1774 2517 in

207 2551 489 2620 Apologia
513 2551 640 2619 ﬁdei
662 2567 771 2604 ww
806 2551 1109 2618 scripsisset
1137 2568 1150 2604 :
1189 2568 1206 2602 ι
1239 2551 1294 2605 Si
1324 2552 1444 2620 quis
1472 2561 1628 2620 negat
1658 2552 1774 2605 dia-

208 2640 408 2694 bolum
448 2639 674 2693 aeternis
700 2639 914 2707 ignibus
960 2641 1388 2707 mancipandum,
1425 2650 1624 2708 partem
1657 2655 1776 2694 cum

209 2731 338 2799 ipso
362 2731 562 2784 aeterni
590 2730 728 2798 ignis
756 2729 1006 2796 accipiat,
1029 2738 1085 2781 ut
1112 2729 1304 2782 sentiat
1330 2731 1469 2797 quod
1492 2731 1721 2798 negavit,
1750 2749 1770 2782 ι

208 2822 262 2875 in
285 2820 676 2888 suspicionem
703 2827 879 2872 tamen
911 2828 1128 2872 assertae
1154 2819 1343 2873 diaboli
1371 2819 1559 2874 salutis
1586 2834 1777 2874 vocare

209 2908 459 2962 tentavit.
517 2907 872 2976 Hieronymus
917 2905 1130 2974 Apolag.
1177 2921 1236 2970 ll,
1281 2922 1398 2974 cap.
1433 2906 1480 2968 l,
1515 2922 1628 2960 eam
1663 2922 1692 2960 a
1721 2921 1778 2960 se

207 2997 342 3052 licet
375 2996 749 3064 suspicionem
789 2993 1097 3063 propulsare
1126 2992 1348 3048 Ruﬁnus
1386 2993 1640 3046 Iuveclira
1668 2996 1777 3062 pri—

207 3103 298 3142 ma
353 3086 689 3141 laborasset.
741 3082 957 3148 Verum,
1008 3084 1206 3138 omisso
1256 3085 1355 3138 hoc
1411 3084 1585 3139 Rufini
1638 3086 1772 3152 loco,

207 3191 384 3246 quem
411 3190 524 3230 non
557 3175 676 3229 sine
700 3172 1036 3228 cavillatione
1057 3174 1110 3226 in
1135 3175 1434 3241 sequiorem
1464 3175 1596 3228 trahi
1621 3190 1776 3244 posse

208 3281 452 3322 sensum
483 3275 760 3333 putamus,
794 3275 979 3333 aperte
1013 3263 1196 3318 definit
1227 3265 1277 3316 in
1311 3264 1552 3332 Symbolo
1585 3266 1777 3333 sempi-

212 3356 398 3410 ternis
449 3354 675 3422 quidem
725 3352 1004 3405 tormentis
1046 3352 1390 3405 cruciandum
1433 3366 1550 3406 esse
1597 3353 1778 3407 diabo-

209 3447 369 3508 lum;
413 3453 607 3497 sontcs
638 3455 765 3494 vero
797 3441 1059 3503 homines,
1090 3439 1425 3507 temporariis
1451 3450 1504 3495 et
1533 3442 1776 3508 aliquau-

209 3534 284 3588 do
324 3531 598 3585 finiendis
630 3549 644 3582 :
672 3545 794 3582 nam
825 3529 951 3596 quid
977 3528 1115 3582 aliud
1142 3529 1241 3582 sibi
1270 3530 1405 3584 velle
1435 3539 1625 3599 potest,
1657 3546 1778 3585 cuna

209 3624 470 3677 aﬂirmnt
505 3620 749 3673 futurum
783 3627 838 3671 ut
865 3627 1169 3685 peccatores
1203 3636 1222 3669 ι
1258 3622 1455 3689 absque
1478 3622 1780 3676 interitione

207 3729 316 3770 sua
355 3711 583 3767 debitas
622 3709 773 3761 luant
801 3709 1023 3777 pcenas?
1057 3727 1075 3758 ι
1105 3716 1157 3760 et
1184 3707 1341 3778 justis
1366 3710 1578 3776 quidem
1615 3727 1632 3760 ι
1662 3726 1782 3778 per-

208 3803 559 3872 petuitatem
584 3798 786 3867 glorizr,
814 3798 1178 3865 peccatoribus
1211 3808 1390 3852 autem
1420 3799 1780 3866 prolixitatem

209 3890 581 3948 confusionis
608 3898 662 3941 et
708 3901 877 3955 paenae
910 3905 928 3938 ι
968 3887 1106 3942 Deus
1137 3887 1445 3941 ministret?
1477 3886 1642 3942 Recte
1670 3889 1784 3956 qui-

210 3987 349 4039 dem
385 3990 442 4036 et
471 3996 542 4034 ex
581 3977 832 4030 Ecclesia:
864 3977 1172 4046 praescripto
1195 3975 1258 4030 de
1295 3991 1570 4044 ptenarum
1598 3991 1787 4044 pereu-

207 4075 406 4129 nitate
441 4069 723 4122 disserunt
766 4066 1175 4136 Chrysostomus
1210 4075 1265 4119 et
1310 4067 1651 4132 Augustinus,
1693 4068 1783 4120 sed

212 4171 469 4227 uterque
503 4167 684 4210 tamen
713 4153 976 4222 peculiare
1015 4153 1144 4206 illud
1187 4153 1366 4219 habet,
1413 4156 1553 4223 quod
1585 4156 1786 4208 crucia—

209 4261 315 4307 tus
349 4250 766 4305 damnatorum,
794 4243 836 4296 si
871 4243 1046 4296 minus
1076 4243 1238 4308 finiri,
1287 4253 1343 4296 at
1375 4244 1612 4297 vivorum
1641 4254 1787 4298 certe

209 4338 492 4412 precibus
522 4344 579 4390 et
604 4332 882 4387 sacrificiis
925 4332 1152 4401 mitigari
1189 4334 1419 4401 putavit;
1471 4333 1557 4386 hic
1591 4333 1640 4385 in
1676 4333 1785 4386 Eu-

208 4429 466 4485 chiridio
494 4425 568 4477 ad
602 4421 959 4485 Laurentium,
997 4435 1113 4490 cap.
1149 4420 1248 4474 110
1289 4430 1342 4476 et
1390 4421 1508 4486 112,
1547 4421 1636 4475 ille
1665 4423 1715 4475 in
1753 4423 1787 4476 5

1869 703 1934 744 ex
1989 688 2074 741 illo
2107 687 2345 742 Jeremiae
2379 689 2567 754 11,22:
2614 709 2631 741 ι
2683 691 2738 746 Si
2781 691 2973 746 laveris
3022 699 3072 746 te
3118 692 3290 756 nitro,
3330 703 3385 748 et

1870 777 2298 846 multiplicaveris
2329 779 2418 832 tibi
2449 780 2662 834 herbam
2707 781 2898 842 borith,
2949 781 3208 844 maculata
3247 795 3304 836 es
3331 782 3380 836 in

1869 867 2146 936 iniquitate
2190 875 2274 920 tua
2321 883 2498 922 coram
2547 884 2663 933 me,
2709 869 2832 924 dicit
2876 871 3124 924 Dominus
3167 872 3321 926 Deus.
3359 890 3378 922 ι

1869 955 2020 1010 Prius
2080 955 2206 1008 illud
2258 953 2524 1010 Malachiae
2585 959 2855 1026 usurpavit
2893 958 3146 1027 Origenes
3202 961 3293 1019 lib.
3331 976 3381 1016 vr

1871 1055 2046 1098 contra
2073 1043 2230 1110 Cels.,
2265 1060 2381 1100 cum
2411 1053 2666 1114 quaereret
2688 1061 2849 1114 quare
2880 1048 3028 1104 vallis
3045 1048 3386 1120 Ennon.qua:

1871 1133 1981 1201 ipsa
2027 1143 2106 1188 est
2147 1133 2385 1204 gehenua
2444 1141 2498 1188 et
2554 1147 2826 1202 poenarum
2873 1136 3053 1201 locus,
3109 1139 3158 1193 in
3201 1143 3384 1202 eadem

1873 1223 2034 1288 tribu,
2065 1223 2405 1290 Benjamitica
2435 1223 2702 1290 nimirum,
2730 1223 2782 1277 in
2810 1239 2914 1293 qua
2940 1225 3248 1294 Jerusalem,
3271 1245 3387 1286 cen-

1871 1323 2103 1378 seretur;
2140 1315 2522 1382 respondetque
2547 1313 2716 1368 locum
2744 1316 2880 1369 hunc
2910 1329 3182 1383 poenarum
3211 1321 3380 1388 accipi

1869 1417 1967 1470 pro
1998 1402 2317 1458 cruciatibus
2356 1404 2692 1472 purgatoriis,
2727 1405 2814 1471 qui
2856 1420 2886 1458 a
2928 1406 3158 1462 caelestis
3182 1407 3388 1465 ieroso-

1872 1489 2022 1561 lymae
2049 1489 2192 1561 Rege
2215 1506 2279 1547 ac
2307 1492 2525 1547 Domino
2549 1493 2736 1548 animae
2759 1494 3078 1563 infliguntur,
3100 1500 3386 1554 secundum

1875 1581 2030 1633 verba
2055 1596 2084 1636 e
2105 1580 2358 1635 Malacliia
2382 1583 2627 1637 adducta.
2654 1580 2929 1638 Subnectit
2959 1586 3166 1638 deruunt
3196 1598 3388 1656 myste-

1870 1669 1948 1722 ria
1983 1669 2091 1723 haec
2115 1669 2323 1724 silentio
2353 1671 2696 1739 obsignanda,
2729 1687 2795 1726 ne
2819 1673 3056 1728 homines
3088 1688 3307 1744 nequam
3333 1676 3386 1731 in

1871 1757 2053 1810 vitium
2095 1759 2320 1814 effrenes
2375 1769 2565 1826 ruant,
2622 1760 2814 1829 quippe
2856 1763 2943 1830 qui
2987 1777 3055 1816 ne
3113 1778 3387 1830 pinnarum

1871 1847 2081 1916 quidem
2120 1859 2469 1914 aeternarum,
2501 1859 2554 1904 et
2591 1850 2694 1904 fine
2738 1853 3028 1905 carentium
3057 1855 3300 1921 opinione
3325 1872 3388 1910 ac

1871 1943 2011 1988 metu
2059 1951 2088 1989 a
2136 1937 2420 1991 sceleribus
2472 1938 2886 1994 absterreantur.
2947 1941 3094 2005 Quod
3132 1946 3390 2009 expressit

1871 2020 2222 2094 Hieronymus
2257 2026 2308 2079 in
2351 2027 2452 2080 fine
2499 2026 2779 2081 Comment.
2820 2030 2871 2082 in
2916 2028 3130 2084 Isaiam.
3180 2030 3390 2100 Perspi-

1871 2127 2026 2166 cuum
2078 2122 2159 2167 est
2200 2115 2378 2182 itaque
2414 2117 2725 2170 sententiam
2769 2118 2902 2172 hanc
2943 2121 3005 2173 de
3049 2121 3387 2175 terminamlis

1872 2199 2151 2268 aliquando
2193 2202 2556 2255 damnatorum
2589 2203 2881 2271 suppliciis,
2931 2203 3173 2273 Origenis
3211 2215 3390 2269 aetate,

1872 2288 2155 2358 multisque
2194 2299 2307 2358 post
2361 2291 2536 2356 annis,
2582 2292 2814 2345 nondum
2865 2293 3009 2347 clara
3056 2295 3315 2350 haereseos
3339 2304 3400 2348 et-

1872 2390 2118 2445 expressa
2146 2386 2268 2432 nota
2295 2378 2457 2433 fuisse
2483 2378 2814 2445 infamatum,
2845 2391 2902 2436 ut
2927 2391 3045 2450 pote
3077 2397 3234 2450 quam
3260 2399 3391 2438 non-

1873 2467 1997 2520 nulli
2027 2468 2092 2522 de
2121 2479 2257 2522 etetu
2286 2467 2518 2532 Patrum,
2559 2470 2698 2537 iique
2729 2487 2834 2525 non
2868 2471 3028 2525 infimi
3068 2482 3262 2540 puncto
3298 2489 3394 2528 suo

1873 2555 2284 2624 comprobarint.
2343 2557 2596 2622 Quocirca
2660 2559 2946 2614 Facundus
3001 2559 3394 2618 Hermianensis

1874 2643 1967 2697 lib.
2013 2659 2085 2708 tv,
2129 2659 2243 2714 cap.
2289 2645 2345 2708 4,
2390 2647 2572 2700 scribit
2643 2647 2992 2702 Domitianum
3035 2650 3391 2718 Ancyranum,

1875 2731 2205 2800 Origenianar.
2252 2734 2504 2788 doctrina:
2549 2734 2896 2802 defensorem,
2951 2737 3001 2789 in
3032 2737 3206 2790 libello
3237 2753 3391 2806 quem

1875 2819 2084 2886 scripsit
2122 2819 2314 2889 Vigilio
2359 2836 2528 2890 papae,
2571 2840 2589 2874 ι
2628 2834 3039 2892 conquerentem
3073 2825 3137 2880 de
3179 2825 3261 2879 his
3304 2828 3393 2894 qui

1875 2909 2304 2963 contradicebant
2379 2909 2719 2980 dogmatibus
2776 2909 3050 2981 Origenis,
3109 2915 3396 2968 asserentis

1877 2997 2080 3049 animas
2111 2994 2367 3048 humanas
2397 3004 2519 3048 ante
2549 3011 2768 3064 corpora
2796 2996 2846 3049 in
2867 2998 3090 3063 quadam
3118 2998 3264 3052 beata
3290 3000 3394 3052 vita

1880 3085 2273 3147 praeexstitisse,
2307 3091 2360 3137 et
2394 3099 2580 3138 omnes
2608 3098 2723 3150 quae
2753 3083 2948 3139 fuerint
2975 3095 3172 3140 aeterno
3201 3087 3397 3156 suppli-

1829 3218 1844 3234 ,
1877 3174 1961 3228 cio
1986 3175 2276 3237 destinatae,
2322 3174 2372 3226 in
2408 3174 2681 3241 pristinam
2713 3173 3092 3227 beatitudinem
3131 3189 3252 3230 cum
3279 3177 3396 3229 dia-

1877 3263 1995 3317 bolo
2037 3270 2088 3314 et
2138 3261 2340 3330 angelis
2387 3261 2502 3329 ejus
2547 3261 2774 3324 restitui,
2827 3261 3002 3315 dicere
3036 3261 3194 3314 etiam
3245 3265 3394 3316 lia-cz

1878 3351 2239 3406 Prosiluerunt
2293 3353 2359 3404 ad
2409 3351 2918 3404 anathematizaudos
2957 3353 3307 3406 sanctissimos
3351 3364 3397 3406 et

1877 3439 2267 3508 gloriosissimos
2297 3441 2550 3500 doctores,
2582 3441 2673 3489 sub
2702 3441 2964 3491 occasione
2988 3455 3160 3492 eorum
3193 3455 3306 3508 qute
3339 3440 3402 3492 de

1877 3527 2274 3595 prwexsislentia
2305 3533 2352 3577 et
2382 3526 2698 3578 restitutione
2742 3538 2879 3578 mota
2919 3537 3055 3591 sunt,
3083 3528 3403 3594 dogmatum,

1879 3618 1972 3670 sub
1995 3617 2157 3682 specie
2194 3617 2395 3683 quidem
2445 3613 2698 3683 Origenis,
2744 3632 2917 3670 omnes
2952 3626 3119 3670 autem
3167 3620 3254 3686 qui
3283 3628 3405 3671 ant:

1879 3722 1993 3758 eum
2028 3715 2075 3758 et
2105 3714 2215 3772 post
2245 3721 2358 3758 eum
2384 3705 2592 3772 [uerunt
2612 3716 2817 3759 sanctos
2837 3709 3348 3760 anathentatizantes.
3378 3725 3399 3757 θ

1951 3795 2136 3849 Petrus
2158 3795 2472 3856 ilalloixius,
2489 3793 2927 3864 Origenianarum
2943 3797 3166 3864 partium
3187 3796 3404 3862 insignis

1883 3893 2156 3952 patronus,
2196 3884 2398 3936 duobus
2442 3883 2552 3937 fere
2597 3886 2763 3937 modis
2798 3885 3066 3950 objectum
3091 3876 3404 3936 Adamantio

1882 3974 2080 4026 crimen
2097 3971 2302 4025 amoliri
2323 3972 2494 4024 studet
2517 3969 2726 4040 Origeu.
2744 3973 2948 4039 Defens.
2966 3973 3051 4025 lib.
3073 3978 3332 4038 tv,qn:est.
3348 3971 3402 4027 ιε

1884 4076 2004 4114 nam
2044 4059 2123 4112 vel
2166 4073 2286 4112 eum
2327 4068 2551 4112 conatur
2592 4059 2868 4113 ostendere
2913 4074 3014 4111 non
3039 4059 3248 4111 .dixiSSe
3285 4055 3404 4125 quia

1883 4150 2003 4203 dem
2049 4149 2323 4202 damnatos
2366 4156 2419 4200 et
2468 4147 2733 4200 dmmones
2785 4147 2851 4200 ad
2901 4147 3170 4213 superiora
3203 4159 3406 4214 regres-

1884 4253 2058 4301 suros,
2087 4237 2176 4290 sed
2207 4235 2407 4303 regredi
2455 4243 2656 4288 tantum
2700 4247 2872 4302 posse,
2926 4235 3079 4302 idque
3109 4234 3265 4288 certis
3292 4235 3407 4302 qui-

1887 4329 2108 4382 busdam
2136 4323 2542 4384 conditionibus,
2570 4336 2688 4390 qua:
2720 4337 2839 4375 cum
2863 4321 3169 4390 neutiquam
3205 4321 3410 4390 possint

1886 4417 2212 4484 contingere,
2259 4429 2363 4467 non
2411 4413 2563 4466 aliter
2591 4411 2984 4478 intelligendum
3015 4411 3316 4481 Origenem,
3345 4424 3409 4463 ac

213 4517 432 4575 homil.
471 4514 542 4566 ad
579 4511 775 4577 Philip.
806 4509 1028 4564 Prorsus
1051 4525 1175 4564 vero
1206 4511 1492 4578 platonizat
1523 4511 1777 4580 Synesius
1813 4523 1858 4578 ι)
1886 4508 1929 4561 si
1958 4506 2100 4561 omni
2133 4505 2342 4573 penitus
2369 4501 2681 4556 liberatione
2708 4500 2997 4567 diabolum,
3027 4501 3410 4569 damnatosque

209 4607 400 4676 epist.
435 4601 530 4663 44,
573 4599 640 4651 ad
690 4597 986 4650 Joannem:
1032 4597 1298 4649 daemones
1345 4596 1537 4664 quippe
1581 4597 1654 4648 ait
1699 4612 1791 4650 ex-

209 4693 461 4768 piandis
486 4686 783 4744 sceleribus
812 4685 1085 4753 prazfectos
1118 4686 1354 4740 eamdem
1382 4686 1434 4738 in
1475 4687 1676 4738 animas
1708 4700 1790 4738 ar-

212 4797 378 4848 tem,
409 4795 576 4850 quam
632 4776 854 4829 fullones
903 4775 952 4827 in
993 4774 1231 4828 sordidas
1271 4784 1441 4827 vestes
1487 4787 1741 4828 exercere
1774 4789 1788 4825 :

210 4875 554 4930 animarum
623 4879 748 4932 ergo
813 4863 1160 4931 quarumdam
1217 4877 1320 4915 non
1383 4876 1572 4932 magno
1614 4861 1793 4916 labore

211 4958 495 5029 abstergi
539 4954 811 5018 maculas,
875 4951 1262 5020 pristinumque
1312 4951 1484 5004 induci
1527 4950 1792 5016 nitorem;

213 5054 367 5109 aliis
399 5062 536 5103 vero
564 5045 638 5096 ita
665 5042 874 5096 inolitas
917 5054 1031 5093 esse
1059 5040 1273 5103 sordes,
1326 5047 1382 5091 ut
1412 5038 1548 5090 nulla
1579 5038 1790 5104 lotioue,

216 5139 580 5216 purgatione
632 5134 771 5186 nulla
819 5131 1063 5185 mundari
1104 5131 1306 5198 possint
1357 5147 1371 5182 :
1421 5138 1610 5182 cmtera
1665 5131 1794 5182 meri

216 5242 377 5296 sunt
401 5223 746 5282 Platonismi.
778 5220 1114 5288 Comparatio
1152 5219 1236 5270 illa
1272 5218 1553 5287 purganda:
1585 5219 1793 5282 animm,

217 5338 374 5380 cum
417 5331 602 5388 panno
633 5313 843 5366 sordido
882 5309 1094 5363 fullonis
1139 5316 1251 5361 arte
1286 5307 1606 5372 mundando,
1656 5316 1714 5360 ut
1741 5315 1796 5361 et

215 5413 373 5468 alim
426 5424 456 5460 ε
511 5403 760 5458 Patribus
802 5401 868 5453 ad
913 5399 964 5452 id
1007 5397 1389 5466 explananduin
1431 5406 1795 5465 argumentum

221 5515 378 5558 cum
422 5496 554 5566 igne
595 5501 650 5546 et
685 5505 814 5543 auro
857 5488 1127 5550 instituta,
1173 5484 1419 5554 profecta:
1459 5484 1704 5538 videntur
1730 5501 1792 5538 ex

217 5589 348 5646 his
378 5579 664 5638 Malacltia:
694 5593 777 5639 ut,
805 5577 859 5639 9,
881 5577 951 5629 5:
987 5594 1005 5626 ι
1038 5573 1149 5642 Ipse
1177 5573 1316 5626 enim
1345 5571 1490 5639 quasi
1518 5572 1652 5641 ignis
1675 5587 1835 5646 com;

219 5643 424 5740 haus,
456 5681 513 5725 et
541 5667 692 5735 quasi
724 5666 884 5727 herba
920 5664 1170 5716 fullonum
1198 5679 1210 5714 :
1241 5671 1290 5716 et
1315 5662 1515 5716 sedebit
1539 5661 1796 5725 conflans,
1818 5643 1838 5683 ἶ
1893 5679 2132 5732 pugnans
2161 5662 2336 5715 saluti.
2370 5661 2480 5715 Hoc
2508 5664 2648 5713 enim
2691 5653 2908 5748 teneban

217 5780 297 5827 ,ει
342 5761 649 5821 emundans
692 5766 986 5821 argentum,
1032 5763 1086 5808 et
1131 5753 1368 5821 purgabit
1402 5751 1532 5808 filios
1563 5751 1707 5818 Levi,
1750 5763 1825 5806 et<
1897 5754 2064 5818 Quam
2101 5754 2228 5806 levis
2253 5752 2319 5804 sit
2349 5752 2459 5804 luce
2485 5748 2776 5806 excusatio,
2811 5748 2959 5795 satis.

1886 4596 2121 4650 homines
2147 4593 2424 4661 privasset.
2457 4591 2800 4649 Conditiones
2836 4603 3011 4647 autem
3039 4593 3141 4647 illa‘:
3164 4601 3287 4645 sunt
3311 4595 3408 4645 hu-

1879 4683 2130 4751 jusmodi,
2155 4695 2312 4749 posse
2359 4683 2575 4749 angelos
2616 4693 2670 4738 et
2703 4685 2886 4738 beatos
2915 4683 2980 4736 ad
3024 4683 3126 4735 ima
3153 4680 3408 4771 provolzi,

1885 4774 1929 4826 si
1961 4772 2201 4828 libertate
2231 4779 2436 4825 utentes
2463 4772 2670 4825 arbitrii
2699 4787 2727 4824 a
2761 4773 2954 4826 virtute
2985 4771 3262 4833 deficiant;
3295 4784 3355 4822 ac
3381 4782 3412 4822 e

1888 4860 2153 4915 contrario
2193 4861 2260 4913 ad
2309 4875 2514 4913 summa
2551 4875 2702 4929 posse
2748 4861 3021 4916 damnatos
3069 4869 3123 4914 et
3148 4861 3411 4913 daemones

1891 4950 2188 5019 pervenire,
2219 4950 2260 5003 si
2291 4950 2461 5018 gratia
2493 4950 2653 5016 adjuti
2685 4949 2862 5003 divina
2890 4949 3231 5018 resipiscant;
3291 4958 3409 4997 cum

1889 5049 2064 5092 autem
2118 5039 2262 5091 nullo
2292 5053 2506 5106 prorsus
2546 5041 2698 5093 modo
2740 5039 2974 5092 futurum
3017 5039 3086 5091 sit
3119 5045 3172 5088 ut
3202 5035 3252 5085 hi
3282 5033 3411 5084 resi-

1892 5129 2116 5196 piscant,
2147 5127 2216 5180 illi
2245 5142 2273 5179 a
2299 5129 2488 5180 virtute
2517 5129 2784 5193 deficiant,
2836 5129 2958 5181 hinc
2989 5125 3189 5190 colligit
3214 5119 3412 5171 Halloi-

1893 5215 2011 5268 xius
2037 5213 2346 5267 arbitratum
2378 5214 2538 5268 fuisse
2574 5213 2851 5284 Origenem
2879 5229 2974 5267 nec
2998 5227 3026 5262 a
3054 5207 3302 5263 beatitate
3330 5205 3412 5256 di-

1891 5304 2136 5373 lapsuros
2165 5304 2299 5365 illos,
2333 5319 2431 5358 nec
2456 5306 2552 5358 bos
2580 5305 2748 5372 poenis
2770 5305 2834 5356 iri
2859 5302 3152 5354 liberatum.
3176 5291 3414 5354 «Quare.

1894 5398 2082 5465 inquit,
2123 5399 2331 5465 quoties
2365 5395 2493 5450 dicit
2531 5394 2785 5463 Origenes
2833 5388 3093 5444 diabolum
3128 5393 3280 5448 posse
3306 5379 3418 5431 sal-

1891 5489 2026 5551 vari,
2058 5485 2426 5554 intelligendus
2453 5494 2535 5539 est
2559 5485 2736 5538 dicere
2761 5497 2825 5536 ex
2857 5483 3002 5544 parte
3036 5481 3268 5562 natum},
3309 5481 3421 5518 non

1895 5590 1954 5630 ex
1984 5584 2132 5642 Ρίιτίθ
2163 5575 2408 5637 manum;
2435 5575 2546 5627 Sive
2571 5575 2709 5642 quod
2734 5577 2920 5622 natura
2953 5562 3067 5624 ejus
3095 5569 3199 5642 non
3227 5562 3297 5642 sit
3328 5569 3425 5642 re-

1893 5638 2132 5732 pugnans
2161 5662 2336 5715 saluti.
2370 5661 2480 5715 Hoc
2508 5638 2648 5713 enim
2691 5653 2942 5709 tenebant
2993 5638 3370 5732 Valentiniani.
3406 5659 3425 5688 ι

3012 5731 3064 5783 ιιὶ
3095 5727 3264 5791 fallor,
3303 5741 3438 5791 pre,-
