3920 6450
281 443 448 500 1045

1104 443 1658 508 ORIGENIANORUM
1695 443 1823 500 LIB.
1860 443 1926 510 ll,
1959 444 2108 500 CAP.
2148 445 2209 512 ll,
2243 447 2512 513 QUEST.
2549 449 2636 504 XL

272 559 531 627 secula;
568 559 706 616 forte
737 562 896 618 etiam
931 564 1046 633 plus
1072 580 1228 634 quam
1265 575 1344 621 est
1375 563 1562 620 secula
1605 563 1817 619 sarculo-
1847 562 2137 628 Aabeam,
2167 563 2390 618 dicimus
2437 574 2690 619 aeternum
2734 563 2920 628 Deum,
2964 578 3065 618 non
3106 563 3283 631 utique
3309 565 3438 621 istas

270 660 456 711 rum;
503 647 558 702 id
598 649 869 716 videlicet,
913 657 1031 705 cum
1072 654 1177 721 jam
1229 669 1332 709 non
1380 655 1432 708 in
1478 652 1666 708 saeculo
1705 663 1828 707 sunt

267 735 496 798 omnia,
537 737 631 790 sed
662 738 714 790 in
747 739 987 793 omnibus
1021 740 1175 798 Deus.
1207 760 1226 794 ι
1257 741 1416 810 Igitur
1445 756 1613 810 neque
1637 742 1691 794 in
1726 758 1827 796 ue-

266 813 495 884 culurn,
532 837 708 892 neque
735 825 788 876 in
812 826 1002 878 saecula
1023 827 1323 880 circulorum
1352 829 1574 896 spatium
1598 827 1829 882 intermi-

266 914 476 960 natum
534 908 839 978 signiﬁcare
871 911 1033 965 voluit
1054 911 1340 983 ;Origenes.
1394 915 1649 980 Quorsum
1701 929 1827 984 ergo

266 998 351 1048 ait
382 996 661 1052 Caesarius
700 999 838 1054 Dial.
865 1016 923 1054 ιιι
966 1003 1295 1058 existimasse
1327 1004 1470 1059 illum
1513 1005 1714 1059 ﬁnitum
1761 1006 1826 1060 iri

265 1085 549 1153 supplicia
590 1087 992 1153 damnatorum,
1029 1091 1091 1142 ἐκ
1123 1091 1214 1143 τοῦ
1243 1092 1450 1146 αἰώνιον
1485 1094 1638 1162 μόνον
1663 1096 1826 1164 φῆσαι

264 1175 364 1228 τὸν
423 1177 637 1246 Κύριον
688 1179 747 1230 τδ
779 1179 1120 1249 κολαστήριον
1164 1181 1290 1254 πῦρ,
1344 1183 1435 1235 καὶ
1478 1184 1575 1235 οὐκ
1616 1173 1826 1238 αἰώνιον

264 1262 522 1317 αἰώνων·
560 1266 752 1332 «ρυοά
801 1279 1054 1320 aeternum
1105 1277 1302 1322 tantum
1338 1271 1530 1325 dixerit
1575 1273 1826 1328 Dominus

261 1353 617 1420 piacularem
648 1355 846 1425 ignem,
876 1372 976 1410 non
1011 1367 1264 1412 asternum
1301 1359 1352 1413 in
1376 1362 1564 1414 saecula
1583 1363 1606 1414 ?
1626 1381 1645 1413 ι
1683 1362 1826 1416 Asti-

261 1441 500 1510 pulatur
531 1445 892 1511 superioribus
922 1445 1168 1499 Leontius
1192 1446 1498 1515 Byzantius,
1525 1451 1609 1516 qui
1642 1449 1826 1518 Orige-

259 1533 446 1586 nistas
478 1533 664 1587 dicere
684 1535 776 1594 ait,
812 1535 890 1586 ὃτι
917 1535 976 1587 τὸ
1003 1535 1094 1587 τοῦ
1120 1535 1323 1600 αἰῶνος
1348 1537 1514 1607 ὄνομα
1558 1540 1648 1592 ἐπὶ
1700 1541 1827 1609 ὡρι-

263 1621 483 1690 σμένου
519 1623 712 1692 χρόνον
752 1623 1096 1692 λαμϐάνεται,
1142 1626 1233 1678 καὶ
1269 1627 1392 1679 ὅταν
1421 1629 1609 1699 εἴπῃὴ
1644 1629 1825 1700 Γραφὴ

257 1709 344 1760 ὅτι
385 1709 597 1761 αἱωνίοι
625 1710 767 1762 ἐστὶν
794 1713 826 1779 ἡ
862 1711 1094 1775 κόλασις,
1123 1711 1195 1779 οὑξ
1226 1713 1368 1780 λέγει
1396 1715 1444 1765 εἰ
1476 1715 1547 1783 μὴ
1572 1716 1665 1766 ὲπὶι
1701 1715 1826 1786 ὠρι-

262 1799 714 1870 σμένουιχρόνου.
744 1819 763 1851 ¢
787 1800 983 1855 Nomen
1007 1802 1195 1864 αἰῶνος
1212 1803 1274 1857 de
1293 1812 1526 1872 tempore
1551 1806 1826 1859 terminato

259 1866 549 1957 intelligi,
581 1901 636 1943 et
682 1905 800 1943 cum
846 1891 921 1944 ait
969 1890 1245 1958 Scriptura
1278 1866 1497 1944 αἰωνίαν
1522 1907 1638 1947 esse
1668 1895 1821 1961 puni-
1855 1866 1898 1921 Β

261 1981 509 2042 tionem,
557 1980 767 2033 nonnisi
815 1979 1018 2034 ﬁnitum
1054 1991 1256 2048 tempus
1293 1981 1649 2049 signiﬁcare.»
1692 1983 1822 2036 Tum

259 2068 507 2131 fatetur,
541 2069 624 2121 ὅτι
656 2069 732 2138 τῷ
769 2069 879 2122 ὄντι
905 2069 965 2120 τὸ
1006 2069 1096 2122 τοῦ
1137 2069 1344 2132 αἰῶνος
1368 2069 1532 2138 ὄνομα
1559 2070 1650 2123 καὶ
1681 2070 1825 2140 παρὰ

260 2159 378 2218 τοῖς
404 2155 545 2219 ἔξω,
583 2158 676 2209 καὶ
708 2157 852 2226 παρὰ
883 2160 946 2226 τῇ
978 2158 1160 2226 Γραφῇ
1197 2157 1446 2219 πολλάκις
1479 2159 1568 2209 ἐπὶ
1592 2157 1824 2227 ὡρισμέο·

257 2260 356 2295 νου
392 2245 608 2314 χρόνον
641 2244 984 2313 λαμϐάνεταιο
1023 2264 1041 2295 ι
1069 2246 1272 2299 Revera
1296 2259 1483 2298 nomen
1540 2246 1744 2309 αἰῶνος,
1772 2254 1826 2300 et

260 2335 408 2401 apud
434 2333 705 2402 profanos
736 2341 1003 2397 auctores,
1043 2341 1096 2387 et
1137 2335 1188 2388 in
1236 2333 1510 2402 Scriptura
1547 2348 1684 2402 srepe
1730 2350 1824 2402 pro

259 2423 424 2476 ﬁnito
472 2432 718 2490 tempore
754 2424 910 2477 sumi.
935 2441 954 2473 ι
999 2423 1301 2489 Subjectam
1357 2437 1484 2476 vero
1523 2421 1823 2492 Origeniani

261 2511 432 2579 hujus
486 2510 759 2578 dogmatis
797 2510 1209 2584 confutationem
1257 2513 1324 2566 ab
1353 2512 1470 2566 aliis
1489 2512 1596 2580 jam
1629 2511 1824 2566 contri-

261 2609 374 2653 tam
403 2601 727 2666 usurpavit.

329 2689 623 2744 Primitivi
681 2689 762 2743 sui
820 2689 1143 2745 notationem
1197 2679 1535 2763 reprzesentat
1592 2696 1820 2758 αἰώνιος,

258 2794 375 2833 rem
413 2779 680 2832 indicans
706 2780 1020 2848 quandoque
1047 2780 1237 2834 inﬁniti
1266 2787 1549 2850 temporis;
1579 2787 1819 2852 quando—

258 2884 367 2938 que
412 2883 545 2923 rem
580 2869 715 2921 certi
750 2871 1000 2937 temporis
1046 2881 1101 2925 et
1152 2874 1440 2928 terminati.
1495 2875 1825 2946 Quapropter

257 2958 570 3015 sazculares
593 2957 745 3011 ludos
764 2959 1001 3013 centenis
1031 2959 1139 3014 fere
1167 2961 1462 3031 quibusque
1491 2977 1819 3019 recurrentes

257 3048 451 3124 annis,
497 3047 751 3108 αἰωνίους
775 3045 943 3100 Gnaei
975 3047 1178 3102 dixere.
1212 3048 1428 3104 Frustra
1453 3066 1577 3121 ergo
1617 3053 1671 3106 in
1706 3053 1824 3108 Ori-

258 3137 417 3208 genis
452 3136 693 3205 gratiam
719 3144 773 3188 et
811 3135 1022 3189 tutelam
1049 3152 1111 3191 ea
1143 3139 1472 3194 adducuntur
1498 3143 1820 3206 testimonia,
1850 3159 1896 3220 ρ

257 3227 312 3283 in
341 3227 566 3296 quibus
592 3223 857 3277 infernum
895 3225 1100 3292 ignem,
1149 3237 1404 3280 aeternum
1441 3227 1556 3283 lore
1599 3243 1828 3297 pronun-

261 3319 383 3382 tiat,
418 3315 521 3370 vel
551 3323 608 3366 ut
633 3313 815 3368 Graece
846 3315 1130 3381 scribebat,
1166 3316 1379 3370 αἰώνιον
1413 3319 1510 3371 hac
1541 3319 1678 3373 enim
1701 3331 1830 3372 voce

267 3407 538 3476 longum,
584 3404 678 3457 sed
727 3401 1009 3456 liniendum
1038 3413 1243 3473 tempus
1283 3406 1560 3462 intellexit.
1613 3406 1826 3472 Qualem

262 3498 443 3566 igitur
481 3494 612 3548 huic
644 3493 898 3547 vocabulo
953 3492 1236 3562 allingebat
1269 3511 1504 3560 sensum,
1548 3496 1706 3550 talem
1753 3495 1825 3550 illi

264 3602 293 3640 a
325 3583 710 3652 scriptoribus
739 3583 907 3636 sacris
951 3581 1113 3636 fuisse
1142 3583 1362 3636 inditum
1403 3586 1672 3639 censebat.
1721 3585 1828 3638 Me-

264 3673 552 3727 moranda
577 3672 628 3722 in
654 3671 716 3722 id
733 3679 1102 3736 argumentum
1141 3670 1354 3734 scripsit
1399 3670 1725 3736 Augustinus
1743 3731 1755 3744 .
1774 3670 1825 3723 in

261 3763 460 3817 libello
505 3769 692 3812 contra
739 3755 1164 3809 Priscillianistas
1213 3767 1259 3809 et
1311 3756 1662 3825 Origeniuas;
1708 3774 1828 3813 nam

261 3868 391 3907 cum
443 3849 519 3904 ad
552 3861 673 3899 eum
721 3845 1174 3896 Commonitorium
1226 3845 1527 3911 scripsisset
1588 3845 1827 3911 Orosius,

260 3942 411 4010 quod
459 3939 590 3992 huic
615 3934 892 4001 Augustini
921 3933 1168 3999 opusculo
1203 3934 1398 4002 praeﬁgi
1424 3933 1588 3996 solet,
1629 3935 1681 3988 in
1725 3949 1829 4003 quo

256 4029 470 4100 jactari
504 4043 574 4082 ex
607 4023 853 4093 Origenis
889 4021 1038 4077 libris
1081 4022 1501 4089 conquerebat-ur
1543 4031 1826 4076 tartareuzn

261 4122 421 4176 illum
466 4119 677 4187 ignem,
708 4113 796 4182 qui
844 4119 1070 4165 aeternus
1105 4109 1436 4176 praedicatur,
1494 4111 1680 4178 «juxta
1716 4121 1829 4180 ety-

263 4209 580 4278 mologiam
608 4205 850 4258 Gnecam
875 4215 976 4254 non
1006 4214 1125 4253 esse
1161 4205 1492 4266 perpetuum,
1524 4201 1680 4254 etiam
1726 4198 1829 4252 La-

262 4303 385 4354 tino
425 4295 747 4351 testimonio
787 4291 1009 4357 adjecto,
1045 4288 1164 4356 quia
1206 4289 1397 4342 dictum
1438 4288 1530 4351 sit,
1575 4287 1641 4341 In
1683 4299 1831 4341 mter-

263 4407 422 4453 num,
457 4394 520 4438 et
550 4383 616 4434 In
639 4380 879 4434 saeculum
908 4379 1116 4440 swculi;
1140 4395 1158 4426 ι
1204 4376 1483 4446 respondet
1506 4378 1828 4446 Augustinus

1925 654 2054 708 duas
2081 651 2419 708 brevissimas
2448 655 2698 724 syllabas,
2752 657 2843 709 sed
2874 656 3010 723 quod
3052 655 3129 709 eis
3172 655 3439 725 signiﬁca-

1923 750 2028 798 tur.
2057 760 2077 793 ι
2113 742 2272 808 Quasi
2297 756 2421 796 vero
2443 758 2561 798 cum
2588 746 2757 798 sancit
2779 746 2933 811 Deus,
2971 753 3030 800 ut
3049 744 3260 800 nonnisi
3287 746 3437 800 indu-

1921 840 2006 886 tus
2034 832 2184 887 lineis
2213 832 2545 886 feminalibus
2599 835 2987 889 tabernaculum
3025 836 3311 889 testimonii
3351 836 3434 888 iu-

1921 919 2188 988 grediatur
2214 919 2430 984 Aaron;
2463 919 2730 987 additque,
2766 939 2784 971 ι
2807 920 3120 990 Legitimum
3159 922 3436 990 sempiter-

1921 1023 2044 1061 num
2068 1009 2169 1062 erit
2203 1009 2376 1061 Aaron
2398 1046 2416 1072 ,
2459 1018 2512 1062 et
2549 1008 2736 1062 semini
2767 1010 2877 1076 ejus
2911 1019 3028 1077 post
3066 1025 3186 1065 eum
3217 1009 3280 1072 “,
3315 1029 3335 1061 ›
3381 1010 3433 1064 id

1921 1112 2024 1151 non
2049 1097 2113 1151 ad
2144 1099 2444 1156 mandatum
2476 1097 2713 1164 proxime
2737 1097 3048 1163 institutum,
3082 1101 3173 1153 sed
3202 1101 3266 1153 ad
3320 1116 3433 1170 my-

1924 1184 2141 1239 sterium
2187 1185 2434 1238 mandato
2463 1186 2563 1239 hoc
2596 1185 2936 1254 signiﬁcatum
2971 1189 3248 1255 pertineat.
3273 1189 3433 1253 Quasi

1931 1274 2052 1337 has,
2080 1288 2194 1340 quae
2216 1273 2452 1340 proxime
2479 1275 2688 1342 scripta:
2715 1283 2858 1338 sunt,
2900 1275 3125 1344 syllabas
3156 1277 3435 1345 legitimum

1919 1363 2275 1429 sempiternum
2295 1375 2410 1415 esse
2429 1361 2586 1427 velit;
2615 1377 2717 1415 non
2747 1373 3062 1430 praeceptum
3089 1365 3305 1433 syllabis
3330 1367 3434 1420 illis

1923 1449 2236 1514 institutum,
2264 1450 2434 1517 quoad
2460 1449 2708 1512 litteram,
2755 1466 2857 1504 non
2888 1451 3057 1518 quoad
3089 1454 3430 1521 anagogicum

1923 1552 2152 1592 sensum.
2184 1539 2316 1604 Quid
2343 1549 2425 1592 est
2461 1547 2635 1592 autem
2658 1539 2883 1593 litteram
2929 1542 3233 1605 destruere,
3267 1543 3310 1594 si
3337 1542 3435 1596 hoc

1922 1640 2025 1679 non
2061 1627 2184 1680 est?
2225 1626 2338 1681 Non
2367 1627 2538 1681 minus
2565 1630 2766 1683 validus
2791 1639 2873 1683 est
2918 1643 3141 1697 sequens
3182 1629 3328 1684 locus
3370 1645 3436 1683 ex

1905 1713 2092 1782 Epist.
2150 1716 2212 1768 ad
2259 1715 2360 1768 Tit.
2389 1731 2426 1780 ι,
2457 1718 2490 1767 9.
2523 1739 2535 1772 :
2566 1734 2584 1766 ι
2610 1715 2763 1784 Spem
2822 1718 2939 1770 vita:
2978 1726 3216 1781 alternae,
3277 1731 3435 1784 quam

1924 1803 2162 1878 promisit
2190 1819 2289 1856 non
2317 1805 2538 1857 mendax
2578 1805 2712 1857 Deus
2747 1815 2868 1858 ante
2894 1815 3124 1871 tempora
3145 1815 3339 1858 aeterna
3368 1822 3381 1857 :
3411 1822 3429 1852 ι

1923 1890 2103 1945 Graece
2143 1891 2247 1960 πρὸ
2275 1891 2474 1962 χρόνων
2507 1892 2748 1945 αἰωνίων.
2787 1913 2805 1943 ι
2836 1893 2962 1946 Cum
2995 1902 3192 1954 autem,
3245 1893 3434 1960 inquit,

1925 1989 2209 2034 retrorsum
2240 1990 2470 2049 tempora
2522 1997 2550 2034 a
2604 1983 2972 2035 constitutione
3023 1983 3200 2035 mundi
3243 1981 3438 2036 habere

1921 2068 2195 2122 videantur
2233 2068 2458 2131 initium,
2499 2071 2758 2136 quomodo
2789 2079 2910 2124 sunt
2941 2078 3156 2132 :eterna,
3189 2070 3287 2124 nisi
3314 2071 3435 2137 quia

1920 2168 2114 2210 eterna
2139 2158 2291 2220 dixit,
2319 2173 2434 2224 quas
2477 2168 2599 2211 ante
2642 2173 2700 2211 se
2740 2175 2839 2213 non
2881 2158 3077 2212 habent
3107 2158 3268 2210 ullum
3301 2166 3436 2212 tem-

1922 2247 2096 2312 pus?)
2154 2247 2310 2314 Atqui
2368 2245 2565 2298 nullum
2626 2247 2748 2300 licet
2801 2257 3002 2314 tempus
3061 2257 3293 2311 tempora
3349 2245 3436 2296 illa

1903 2334 2270 2402 'prtecesserit,
2325 2335 2391 2387 ab
2433 2336 2582 2389 initio
2623 2345 2798 2388 tamen
2843 2336 3020 2402 aliquo
3049 2334 3308 2402 proﬂuere
3351 2333 3437 2386 illa

1921 2422 2205 2489 aliquando
2235 2433 2546 2489 cmperunt;
2581 2439 2641 2477 ac
2674 2425 2893 2491 proinde
2921 2427 2987 2478 ab
3005 2425 3257 2478 anteriori
3290 2431 3440 2490 parte

1925 2508 2076 2562 ﬁnita
2101 2519 2246 2564 sunt.
2277 2511 2486 2564 lnﬁrma
2518 2523 2595 2566 est
2624 2514 2780 2582 igitur
2813 2525 3034 2582 utraque
3077 2513 3268 2568 solutio
3304 2513 3438 2574 haec,

1920 2607 1974 2652 et
2001 2598 2069 2650 ita
2099 2613 2228 2652 sane
2259 2601 2324 2652 ab
2346 2602 2633 2668 Augustino
2663 2606 2927 2670 proposita
2946 2642 2960 2664 ,
3002 2611 3058 2656 ut
3085 2619 3190 2656 non
3220 2603 3439 2656 multum

1922 2687 1970 2740 ei
2001 2687 2212 2740 innixus
2240 2688 2331 2742 sit.
2375 2690 2534 2742 Addit
2562 2690 2771 2753 deinde,
2829 2691 2880 2743 in
2933 2691 3023 2744 illo
3068 2693 3254 2744 Matth.
3313 2707 3436 2752 xxv,

1919 2776 1988 2830 46
2019 2794 2032 2830 :
2066 2777 2258 2830 «Ibunt
2308 2777 2381 2831 illi
2441 2779 2492 2831 in
2547 2778 2932 2838 ambustionem
2986 2789 3269 2842 mternam,
3311 2781 3440 2848 justi

1920 2875 2092 2920 autem
2119 2867 2171 2920 in
2212 2868 2372 2920 vitam
2406 2876 2654 2920 internum
2675 2906 2690 2932 ,
2721 2887 2739 2919 ›
2777 2883 2955 2936 parem
2991 2882 3107 2922 esse
3139 2870 3284 2924 vocis
3311 2868 3436 2922 αἰώρ

1922 2975 2029 3020 νιος
2068 2958 2344 3026 utrobique
2388 2959 2732 3020 notationem,
2778 2959 2890 3012 sive
2946 2973 3065 3011 cum
3113 2959 3231 3012 vitae
3269 2958 3434 3026 justis

1923 3047 2209 3116 promissae,
2232 3047 2342 3101 sive
2367 3063 2483 3101 cum
2510 3047 2612 3114 igni
2641 3046 3078 3102 malis’inlerendo
3105 3047 3439 3116 adjungitur;

1924 3151 1986 3191 ac
2015 3136 2234 3204 proinde
2264 3136 2410 3204 ignes
2440 3135 2541 3189 ﬁne
2561 3135 2822 3190 carituros
2850 3135 3160 3201 signiﬁcari,
3193 3136 3440 3203 quoniam

1925 3224 2084 3277 vitam
2126 3223 2266 3276 illam
2310 3223 2411 3277 ﬁne
2455 3223 2739 3276 carituram
2791 3237 2856 3278 ex
2898 3237 3049 3290 aequo
3087 3223 3226 3290 apud
3259 3236 3443 3276 omnes

1923 3321 2172 3377 constat;
2202 3313 2340 3380 quod
2369 3312 2504 3366 idem
2533 3312 2724 3381 legitur
2751 3325 2959 3379 quoque
2979 3309 3068 3364 lib.
3091 3325 3179 3363 xxi
3207 3309 3279 3362 De
3304 3310 3442 3362 civit.

1925 3400 2052 3466 Dei,
2091 3415 2208 3468 cap.
2250 3401 2341 3453 25.
2378 3400 2448 3454 At
2491 3401 2542 3453 id
2589 3414 2770 3467 parum
2812 3401 3024 3453 omnino
3072 3398 3209 3450 valet
3261 3406 3444 3452 contra

1925 3490 2224 3559 Origenem,
2253 3490 2339 3558 qui
2369 3498 2472 3542 tam
2505 3489 2774 3543 beatorum
2803 3488 3038 3543 felicitati
3068 3502 3224 3555 quam
3257 3487 3446 3555 impio-

1927 3595 2040 3632 rum
2061 3579 2379 3634 cruciatibus
2407 3579 2683 3633 terminum
2720 3579 3113 3648 praescribebat.

1991 3668 2298 3737 Complures
2323 3669 2559 3724 vocabuli
2585 3669 2724 3723 αἰών
2758 3669 2998 3724 notiones
3033 3667 3280 3736 proponit
3323 3665 3449 3734 Ely-

1923 3757 2175 3825 mologus,
2206 3758 2359 3811 modo
2386 3757 2569 3820 vitam,
2594 3758 2749 3812 modo
2777 3758 2896 3812 vitae
2915 3767 3119 3824 tempus
3148 3756 3450 3824 signiﬁcan-

1925 3845 2022 3907 tis;
2058 3854 2167 3898 tum
2197 3845 2308 3900 haec
2340 3847 2495 3900 habet
2525 3865 2540 3901 :
2571 3845 2707 3899 Αἰὼν
2744 3847 2834 3898 καὶ
2889 3849 2917 3898 ὁ
2960 3847 3064 3898 τῶν
3097 3846 3274 3914 χιλίων
3316 3845 3449 3896 ἐτῶν

1924 3931 2178 4000 ἀριθμός·
2215 3943 2267 3986 et
2299 3933 2453 4000 paulo
2494 3945 2608 4001 post
2636 3952 2648 3985 :
2679 3933 2819 3986 Αἰὼν
2855 3934 3062 4002 λέγεται
3111 3935 3202 3986 καὶ
3236 3933 3282 3984 οἰ
3315 3930 3451 3983 ἑπτὰ

1924 4020 2109 4082 αἰῶνες
2129 4021 2233 4074 ἀπὸ
2263 4023 2358 4090 τῆς
2395 4022 2486 4074 τοῦ
2529 4023 2747 4093 οὐρανοῦ
2787 4023 2880 4076 καὶ
2911 4024 3010 4092 γῆς
3048 4022 3268 4084 κτίσεως
3295 4022 3456 4092 μέχρι

1925 4109 2020 4177 τῆς
2046 4111 2224 4178 κοινῆς
2244 4109 2349 4161 τῶν
2372 4109 2662 4178 ἀνθρώπων
2700 4110 3055 4172 ἀναστάσεως.
3089 4109 3273 4164 Priore
3297 4113 3469 4164 modo.

1925 4211 2051 4249 usus
2070 4204 2151 4249 est
2189 4211 2320 4250 voce
2347 4196 2479 4250 αἰὼν
2509 4197 2794 4265 Origenes,
2839 4187 2960 4250 cum.
3004 4198 3137 4250 dixit
3178 4197 3456 4250 damnatos

1909 4287 2215 4340 cruciatum
2243 4285 2304 4339 iri
2343 4287 2409 4340 ad
2445 4288 2587 4342 mllle
2623 4303 2808 4348 annos,
2852 4288 2898 4342 si
2928 4287 3083 4340 modo
3125 4301 3308 4340 revera
3336 4297 3454 4356 post.

1925 4375 2068 4429 mille
2096 4391 2352 4430 annorum
2383 4377 2662 4431 decursum
2687 4378 2738 4431 in
2763 4378 3022 4444 integrum
3056 4377 3354 4430 restitutum
3381 4376 3449 4430 iri

262 4497 391 4548 cap.
423 4479 468 4530 ‘6
498 4484 560 4528 et
586 4473 642 4535 7,
683 4468 945 4539 geminant
977 4481 1098 4520 esse
1135 4465 1455 4520 intellectum
1493 4468 1637 4522 vocis
1674 4466 1828 4534 αἰὼν,
1857 4462 1903 4520 D
1931 4465 2204 4520 damnatos
2249 4467 2492 4533 opinatus
2539 4475 2640 4530 est,
2693 4476 2750 4518 ut
2802 4480 2959 4532 supra
3011 4465 3275 4533 objectum
3325 4465 3373 4518 ei
3420 4479 3450 4517 a

263 4559 587 4630 aliquando
620 4553 868 4608 saeculum
895 4591 911 4614 ,
944 4551 1226 4618 aliquando
1268 4554 1610 4607 teternitatem
1644 4563 1830 4609 notan-

263 4655 374 4717 iis;
403 4658 468 4704 at
497 4658 690 4699 vocem
718 4640 928 4702 αἰώνιος
960 4641 1115 4694 rebus
1156 4639 1260 4694 line
1297 4641 1609 4695 carentibus
1636 4642 1832 4711 imponi

262 4742 483 4796 solere.
517 4733 670 4800 Quod
707 4732 777 4784 ita
813 4741 984 4783 tamen
1015 4744 1118 4783 non
1151 4742 1268 4782 esse
1306 4740 1360 4783 et
1390 4744 1486 4783 nos
1525 4745 1680 4798 supra
1705 4746 1829 4800 pro-

265 4835 564 4892 bavimus,
606 4834 658 4878 et
687 4822 840 4876 facile
873 4823 1126 4888 probatur
1173 4835 1238 4873 ex
1279 4819 1488 4873 duobus
1545 4820 1832 4890 Scriptura:

267 4925 444 4984 locis,
484 4929 638 4983 quos
669 4913 767 4967 sibi
803 4909 1354 4976 objicitAugustinus,
1401 4918 1454 4963 et
1498 4908 1692 4963 frustra
1717 4950 1732 4975 ,
1784 4909 1830 4964 si

262 5012 408 5080 quid
470 5004 653 5066 video,
705 4999 911 5054 solvere
961 4997 1168 5064 satagit.
1229 4995 1380 5050 Prior
1437 4997 1724 5064 saepissime
1776 4997 1828 5051 in

269 5092 667 5154 Pentateucho
701 5087 974 5149 occurrit,
1013 5101 1131 5139 cum
1173 5085 1500 5138 caeremoniis
1541 5093 1595 5138 et
1642 5085 1830 5141 ritibus

265 5190 422 5260 legis
470 5181 708 5247 antiquae
751 5175 1027 5239 institutis,
1069 5173 1196 5227 dicit
1245 5173 1431 5225 Deus:
1471 5191 1490 5224 ‹
1521 5173 1631 5229 Hoc
1679 5177 1828 5232 vobis

267 5280 388 5334 erit
421 5270 728 5340 legitimum
753 5264 1089 5320 aeternum“.
1119 5282 1138 5315 ι
1173 5291 1241 5302 --
1271 5261 1628 5329 «Quanquam,
1659 5265 1828 5334 ῖηίίυίί

268 5363 651 5434 Augustinus,
712 5358 760 5412 si
800 5355 1104 5424 diligentius
1151 5353 1286 5408 dicta
1329 5352 1705 5421 intelligantur,
1764 5371 1827 5411 ea

270 5451 546 5512 fortassis
615 5462 733 5515 qua:
800 5445 905 5500 illis
969 5443 1316 5498 sacramentis
1374 5439 1829 5511 signiﬁcabantur,

277 5547 464 5602 ﬁnem
501 5553 607 5594 non
652 5544 806 5591 erant
836 5537 1098 5590 habitura.
1155 5533 1230 5587 lta
1275 5531 1450 5595 enim,
1507 5546 1574 5586 ne
1622 5531 1829 5605 longius

360 5713 416 5748 ⁸⁸
447 5708 622 5767 Levit.
654 5722 762 5775 xvr,
791 5706 882 5775 29,
918 5703 1006 5761 54.
1078 5705 1129 5737 οι
1163 5704 1322 5762 Exod.
1353 5715 1540 5770 xxvm,
1564 5677 1653 5757 l5.

1927 4553 2128 4608 Joanne
2183 4553 2511 4609 Damasceno
2569 4556 2960 4610 narrabamus:
3002 4557 3292 4623 posteriore
3345 4551 3454 4606 for-

1927 4651 2089 4706 tasse,
2111 4658 2230 4698 cum
2261 4637 2470 4698 eosdem
2497 4653 2688 4698 tortum
2731 4645 2796 4698 iri
2825 4644 3096 4699 confessus
3123 4652 3202 4698 est
3220 4645 3297 4706 εἰς
3331 4643 3454 4704 τοὺς

1929 4733 2128 4794 αἰῶνας
2145 4731 2252 4785 τῶν
2276 4732 2502 4789 αἰώνων.
2525 4732 2783 4787 Cancrum
2815 4749 2918 4787 non
2946 4741 3025 4787 est
3050 4743 3239 4801 praeter
3266 4731 3448 4800 Orige-

1928 4817 2012 4872 nis
2035 4819 2333 4886 opinionem
2375 4818 2476 4871 alia
2511 4819 2621 4872 lucc
2650 4820 2888 4874 vocabuli
2936 4820 3066 4872 αἰὼν
3110 4819 3448 4889 signiﬁcatio.

1935 4895 2269 4983 quam‘notat
2295 4905 2488 4961 ibidem
2519 4907 2854 4979 Etymologus
2892 4925 2911 4962 :
2962 4909 3102 4964 Αἰὼν
3132 4910 3223 4962 καὶ
3247 4907 3451 4968 ὁαῐδιος

1935 4984 2481 5073 καίὸατὲλεύτητοςο
2507 5014 2628 5052 nam
2662 5008 2790 5055 tom.
2829 5015 2992 5055 xxvm
3027 5002 3079 5054 in
3099 4999 3279 5060 Joan..
3306 5013 3448 5051 num.

1933 5084 1988 5148 7»
2040 5085 2118 5148 εἰς
2164 5086 2348 5152 αἰῶνα,
2396 5088 2478 5141 vel
2521 5091 2598 5152 εἰς
2642 5089 2839 5152 αἰῶνας
2900 5090 3115 5158 intelligi
3182 5087 3288 5139 vult
3330 5084 3449 5138 Ori-

1932 5190 2111 5243 genes,
2162 5191 2255 5245 pro
2300 5191 2364 5232 eo
2410 5179 2546 5246 quod
2605 5189 2687 5233 est
2723 5179 2825 5230 ἀεί.
2873 5178 3044 5233 Verba
3102 5177 3213 5229 haec
3271 5181 3448 5229 sunt:

1933 5265 2188 5334 Ζητήσεις
2213 5267 2267 5319 δὲ
2287 5267 2411 5336 περὶ
2439 5267 2529 5319 τοῦ
2563 5267 2636 5338 μὴ
2667 5268 2999 5341 ἐνδεδυμένον
3039 5263 3228 5329 ἔνδυμα
3252 5260 3449 5330 γάμου,

1931 5356 2057 5426 περὶ
2087 5351 2146 5410 οὗ
2171 5358 2377 5428 εἴρηται
2397 5374 2411 5389 ο
2445 5361 2708 5430 Δήσαντες
2733 5358 2888 5409 αὑτὸν
2926 5353 3093 5407 ποδῶν
3122 5351 3212 5402 καὶ
3235 5352 3449 5419 χειρῶν,

1933 5446 2215 5500 ἐκϐάλλετε
2246 5448 2404 5501 αὐτὸν
2437 5450 2516 5512 εἰς
2551 5449 2611 5502 τὸ
2639 5449 2818 5509 exeso;
2842 5445 2902 5497 τὸ
2927 5441 3198 5508 ἐξώτερον,
3229 5439 3457 5508 πότεροπι

1935 5534 1989 5588 εἰ
2013 5534 2099 5590 ἀεὶ
2123 5534 2267 5606 μένει
2288 5535 2582 5607 δεδεμένος,
2616 5535 2708 5590 καὶ
2743 5535 2800 5587 ἐν
2843 5530 2919 5600 τῷ
2962 5524 3201 5594 ἐξωτέρφ
3234 5525 3451 5616 σκάτφζ

3306 449 3438 503 ιοιδ
3520 450 3534 463 ⁸
