3920 6442
387 321 519 393 to’n

1615 352 1672 408 P.
1715 353 2025 410 DANIELIS
2057 355 2294 411 HUETII

3592 365 3730 425 1M8

381 453 448 502 οὔ
471 449 904 543 γὰρετξὸσκξιται
1047 455 1149 520 Εἰς
1329 459 1508 514 αἰῶνα
1531 502 1546 528 ,
1581 465 1614 533 ἢ
1643 467 1744 531 Εἰς
1775 467 1907 532 τοὺς

2181 479 2321 537 itque
2360 467 2686 524 concordia
2709 507 2726 532 ,
2775 466 2835 543 in
2869 479 2994 537 qua
3050 478 3086 518 a
3128 463 3252 520 Deo
3281 469 3580 535 primitus
3610 492 3729 542 pro-

380 535 608 599 (sicurae,
641 535 672 602 ἣ
704 535 985 604 λυθήσεταί
1019 556 1167 595 ποτε.
1197 539 1304 597 Nec
1341 545 1494 600 aliter
1515 548 1906 620 intelligendum

379 630 503 693 puto
553 625 884 688 vocabulum,
929 625 1158 697 αἰώνιος,
1211 633 1301 688 lib.
1359 651 1431 689 vn
1497 649 1661 696 contr.
1723 643 1907 698 Cels.:

390 711 524 764 Ἀλλ’
562 713 670 763 οὐδ’
718 713 990 768 ἀκίνδυνον
1027 717 1122 787 τὴν
1169 719 1275 773 τῶν
1320 726 1566 780 τοιούτων
1617 732 1908 800 σαφήνειαν

375 803 650 854 πιστεῦσαι
702 804 882 874 Γραφῇ
904 821 918 836 ⁸
949 806 1041 859 ἆτε
1073 810 1178 862 τῶν
1241 813 1443 866 πολλῶν
1496 818 1553 869 οὐ
1607 820 1908 893 χρῃζόντων

373 891 608 954 πλείονος
649 893 987 959 διδασκαλίας
1020 899 1165 970 παρά
1210 903 1307 972 τὴν
1344 906 1469 975 περὶ
1510 909 1604 976 τῆς
1636 891 1773 963 κατὰ
1803 912 1908 964 τῶν

372 981 778 1051 ἁμαρτανόντων
830 985 1128 1050 κολάσεως·
1160 991 1238 1052 εἰς
1286 991 1391 1064 γὰρ
1432 995 1497 1048 τὰ
1553 999 1689 1068 ὑπὲρ
1730 1002 1908 1054 ἐκεῖνα

369 1069 535 1140 αὐτῆς
560 1071 618 1123 οὐ
645 1074 907 1144 χρήσιμον
945 1076 1246 1132 ἀναϐαίνειν
1273 1082 1360 1134 διὰ
1395 1084 1516 1148 τοὺς
1557 1088 1713 1155 μόγις
1761 1089 1908 1160 φόϐῳ

366 1161 465 1228 τῆς
499 1163 709 1216 αἰωνίου
750 1164 1014 1228 κολάσεως
1052 1169 1153 1222 κᾶν
1204 1173 1575 1237 συστέλλοντας
1612 1177 1702 1229 ἐπὶ
1746 1180 1907 1232 ποσὸν

367 1252 467 1320 τῆς
527 1254 740 1322 κακίας,
797 1256 888 1308 καὶ
934 1259 1039 1311 τῶν
1084 1261 1176 1313 ἀπ’
1238 1263 1403 1333 αὐτῆς
1454 1267 1907 1338 ἁμαρτανομένων

365 1356 540 1410 χυσιν.

890 1521 1212 1588 QUESTIO
1270 1525 1378 1580 xu.

476 1619 544 1662 DE
581 1622 781 1671 IIUNDO,
819 1625 1072 1667 Ριιιιιιιδο
1111 1628 1430 1683 τειιιιεετιιι,
1471 1634 1538 1673 ΕΤ
1578 1634 1779 1676 ΑΒΔΜΟ.

364 1693 407 1750 l.
449 1695 563 1750 Duo
585 1698 649 1750 de
670 1700 861 1754 mundo
886 1703 1057 1774 quaeri
1079 1717 1285 1774 possunt
1311 1720 1329 1756 :
1357 1705 1417 1762 ll.
1446 1707 1700 1774 Primum,
1727 1719 1902 1765 utrum

430 1774 478 1818 et
523 1782 829 1847 quoIsensu
860 1771 1062 1847 dixerit
1102 1771 1346 1847 Origeues
1401 1780 1646 1847 mundum
1687 1771 1902 1847 propter

430 1834 709 1908 rationales
744 1846 956 1890 naturas
985 1838 1144 1908 fuisse
1171 1834 1215 1892 α’
1235 1841 1341 1895 Deo
1379 1845 1673 1908 conditum;
1693 1834 1891 1902 'lll.'ila

428 1912 498 1982 μέν
541 1904 863 1982 existimasse
899 1904 1012 1958 eum
1064 1906 1247 1982 Patres
1303 1911 1484 1982 aliqui,
1509 1904 1890 1982 testificantur:

427 1967 516 2048 Ill".
543 1969 792 2048 _altarum
811 2011 834 2048 ,_
871 1983 1043 2048 utrum
1068 1976 1273 2048 plures
1294 1967 1587 2048 vet'fuisse,
1615 1967 1711 2044 {vel
1745 1967 1887 2048 esse,

425 2037 642 2114 adfore
677 2042 893 2114 mundos
931 2037 1327 2114 existimaverit;
1370 2037 1431 2101 νζ
1462 2037 1890 2114 quemadmodum

423 2106 524 2171 ipsi
539 2125 570 2159 a
593 2106 839 2186 Potribus
860 2111 1160 2178 quibusdam
1176 2106 1441 2199 'queetum
1473 2106 1546 2170 est
1556 2116 1688 2199 LXI.
1706 2137 1890 2199 .qua‘n-

426 2191 580 2252 quam
599 2176 723 2252 ‘ejus
751 2176 960 2252 causam
994 2176 1530 2252 nonnulla'adjuvant.
1556 2185 1664 2239 V’ll.
1696 2176 1892 2252 Explo-

425 2250 576 2322 ratur_
591 2244 826 2322 Originis
856 2249 1102 2322 sententia
1125 2253 1187 2302 de
1215 2244 1498 2322 consitione
1531 2258 1764 2322 paradisi
1779 2244 1891 2310 ler-

426 2313 623 2375 rastris,
669 2311 794 2391 Vill.
850 2323 896 2366 et
943 2315 1004 2391 de
1041 2319 1250 2371 scorteis
1302 2311 1732 2391 tunicis,'quibus
1776 2336 1889 2391 post

423 2391 686 2453 peccatum
711 2381 939 2453 Adamus
964 2385 1172 2438 indutus
1193 2400 1285 2438 est.
1310 2387 1396 2444 IX.
1428 2381 1691 2453 Quini-itur
1715 2381 1892 2446 utrum

423 2448 614 2519 dixerit
649 2448 903 2519 Adgmum
935 2467 1025 2518 per
1061 2467 1322 2519 peccatum
1361 2448 1750 2513 similitudinem
1795 2461 1891 2515 Dei

421 2516 657 2569 amisisse
679 2532 698 2568 :
722 2516 790 2570 Χ.
811 2528 858 2570 et
888 2516 1300 2578 utrum'lwmines
1326 2523 1699 2582 Prwadamitas
1733 2533 1892 2584 exsti-

425 2585 546 2636 tisse
574 2585 673 2637 sibi
706 2586 933 2653 finxerit.

421 2670 462 2725 1.
491 2671 644 2728 Circa
681 2678 1026 2744 quastionetn
1065 2680 1128 2733 de
1170 2683 1365 2736 mundo
1404 2685 1593 2754 duplex
1619 2689 1892 2744 excutien-

352 2762 475 2816 dum
501 2763 645 2819 venit
670 2769 992 2832 paradoxum
1025 2769 1236 2837 Origeni
1266 2773 1552 2840 ascriptum
1593 2795 1606 2829 :
1637 2779 1886 2845 primum,

349 2861 526 2906 utrum
556 2867 608 2909 et
654 2871 759 2923 quo
791 2872 947 2911 sensu
988 2861 1181 2914 dixerit
1230 2864 1483 2916 mundum
1516 2877 1737 2934 propter
1767 2872 1888 2922 ani-

351 2955 468 2995 mas
509 2944 797 3000 rationales
839 2963 868 3002 a
918 2949 1024 3005 Deo
1071 2948 1241 3004 fuisse
1279 2953 1550 3006 conditum
1593 2957 1886 3023 :alterum,

349 3045 416 3082 an
443 3032 652 3086 unicum
670 3038 925 3090 duntaxat
967 3045 1221 3093 mundum
1267 3055 1479 3097 creasse
1508 3045 1767 3110 antehac,
1809 3051 1889 3102 vel

347 3122 569 3188 posthac
617 3135 916 3180 creatur-um
968 3143 1086 3182 esse
1136 3135 1541 3186 asseveraverit.
1599 3135 1725 3201 Qua:
1787 3121 1960 3194 duoC

348 3213 631 3278 qumrenda
683 3216 783 3269 sibi
827 3218 1070 3285 proponit
1119 3218 1373 3288 Origenes
1424 3217 1476 3275 in
1522 3226 1679 3280 tertio
1720 3232 1893 3296 capite

347 3299 466 3354 libri
517 3318 554 3354 ιι
600 3305 736 3370 Περὶ
772 3306 986 3372 ἀρχῷν,
1027 3309 1168 3376 quod
1195 3310 1551 3378 inscribitur,
1619 3314 1696 3369 De
1744 3320 1890 3373 initio

346 3392 527 3442 mundi
546 3403 591 3442 et
623 3395 792 3446 causis
817 3397 947 3463 ejus.

414 3476 742 3532 ILPrimum
800 3485 939 3550 quod
993 3487 1213 3550 attinet,
1254 3502 1408 3541 nemo
1460 3505 1566 3542 non
1627 3494 1768 3548 videt
1823 3513 1889 3551 ex

345 3571 679 3622 antecedenti
713 3571 876 3638 ipsius
906 3575 1148 3644 doctrina
1181 3583 1360 3644 aptum
1403 3579 1454 3630 id
1498 3595 1636 3646 esse,
1671 3598 1890 3640 natura-

345 3674 462 3711 rum
489 3658 696 3712 illarum
735 3663 903 3728 gratia
931 3702 945 3726 ,
977 3680 1096 3732 qua:
1128 3676 1251 3718 sunt
1300 3665 1521 3722 rationis
1575 3675 1884 3744 participes,

344 3747 595 3801 mundum
629 3765 657 3800 a
691 3750 800 3804 Deo
828 3753 988 3807 fuisse
1024 3767 1384 3823 procreatum.
1429 3757 1559 3812 Cum
1589 3763 1733 3817 enim
1769 3769 1885 3819 ani-

343 3853 459 3891 mas
496 3854 814 3912 quocunque
854 3853 994 3898 statu
1040 3844 1308 3900 collocatae
1368 3849 1493 3916 sint,
1549 3853 1753 3908 arbitrii
1805 3857 1885 3911 sui

342 3927 589 3984 libertate
639 3933 703 3984 ad
761 3935 1086 4000 peccandum
1143 3935 1248 4007 velg
1275 3948 1423 3994 recte
1484 3943 1748 4011 agendum
1809 3949 1882 4000 uti

341 4021 586 4084 voluerit,
645 4031 698 4076 et
752 4037 847 4090 pro
892 4026 1127 4090 peccatis
1177 4027 1314 4082 hanc
1369 4031 1433 4085 iis
1481 4032 1773 4102 irrogatum
1815 4038 1880 4091 iri

341 4121 576 4174 prauam,
615 4119 674 4162 ut
703 4111 756 4164 in
782 4115 1023 4180 graviora
1056 4129 1117 4168 ac
1147 4117 1408 4172 crassiora
1435 4134 1656 4188 corpora
1692 4141 1881 4180 aman-

342 4197 552 4264 deutur,
587 4214 702 4253 eam
739 4203 806 4255 ob
844 4219 952 4256 rem
986 4205 1160 4259 dicere
1186 4209 1368 4260 debuit
1411 4211 1594 4278 gravia
1633 4212 1717 4266 illa
1764 4230 1883 4270 cor-

341 4299 468 4352 pora
521 4287 736 4344 formari
781 4307 810 4344 a
855 4293 981 4358 Deo,
1028 4297 1473 4363 quemadmodum
1502 4304 1772 4369 ergastula
1813 4309 1880 4361 ad

341 4377 644 4433 retinendos
689 4397 807 4436 reos
845 4397 1245 4442 construuntur.
1289 4388 1513 4458 Copiosa
1548 4393 1615 4446 ad
1659 4394 1713 4447 id
1755 4410 1878 4463 pro-

338 4461 570 4515 bandum
603 4465 845 4536 Origenis
896 4472 1124 4529 habetur
1165 4477 1469 4534 dissertatio
1504 4479 1595 4535 lib.
1653 4497 1691 4536 ιι
1739 4461 1877 4555 Περὶ

338 4551 554 4622 ἀρχῶν,
595 4571 712 4624 cap.
755 4561 778 4613 1
811 4579 826 4614 :
861 4582 877 4612 ι
901 4565 1030 4618 Cum
1065 4582 1214 4637 ergo,
1256 4569 1432 4637 inquit
1460 4586 1604 4625 num.
1636 4573 1691 4638 1,
1729 4551 1877 4632 tanta

338 4647 408 4699 sit
449 4648 629 4699 mundi
661 4652 925 4720 varietas,
975 4668 1134 4727 atque
1176 4663 1228 4714 in
1289 4663 1418 4731 ipsis
1472 4664 1877 4724 rationabilibus

337 4734 697 4789 animantibus
756 4739 824 4790 sit
876 4749 1019 4796 tanta
1075 4747 1378 4811 diversitas,
1447 4760 1667 4818 propter
1713 4767 1874 4821 quam

336 4826 498 4880 etiam
530 4827 702 4879 omnis
725 4829 920 4898 reliqua
957 4836 1187 4891 varietas
1223 4853 1285 4891 ac
1321 4840 1605 4895 diversitas
1645 4843 1876 4910 putanda

335 4921 418 4969 est
437 4913 740 4978 exstitisse;
779 4930 935 4982 quam
969 4936 1185 4976 causam
1231 4926 1388 4980 aliam
1436 4929 1540 4984 dici
1587 4932 1874 5000 oportebit,

334 5021 440 5076 qua
493 5006 720 5062 mundus
784 5012 1100 5079 exstiterit,
1149 5021 1410 5088 przccipue
1466 5022 1510 5076 si
1572 5023 1874 5078 intueamur
1970 5006 2114 5107 Auiu

334 5095 484 5150 illum
526 5096 684 5151 linem
716 5109 809 5164 per
841 5113 996 5166 quem
1025 5103 1201 5157 onmia
1232 5108 1558 5163 restituenda
1586 5112 1638 5163 in
1675 5121 1868 5167 statum

333 5187 474 5242 initii
501 5187 584 5243 sui
609 5187 747 5242 libro
770 5189 1025 5257 superiori
1055 5191 1337 5248 dissertum
1365 5207 1446 5251 est
1467 5198 1654 5265 ?Quod
1686 5203 1869 5270 utique

334 5279 382 5332 si
420 5290 817 5349 consequenter
855 5280 1054 5335 dictum
1105 5281 1334 5346 videtur,
1376 5301 1533 5354 quam
1588 5289 1769 5358 aliam,
1813 5302 1869 5346 ut

334 5367 584 5435 diximus,
639 5387 856 5426 causam
913 5371 1212 5440 putabimus
1264 5381 1421 5430 tantae
1476 5378 1641 5446 hujus
1687 5383 1866 5438 mundi

333 5455 684 5528 diversitatis,
733 5462 838 5516 nisi
883 5462 1247 5518 diversitatem
1293 5477 1356 5516 ac
1399 5467 1708 5522 varietatem
1754 5486 1866 5526 mo-

334 5550 498 5609 tuum,
528 5565 590 5605 ac
626 5553 970 5623 prolapsuum
999 5566 1181 5611 eorum
1210 5590 1227 5620 ,
1254 5553 1342 5622 qui
1371 5554 1436 5609 ah
1457 5556 1551 5641 illa
1570 5557 1866 5641 .i‘n‘itiiuub

403 5637 447 5667 “
477 5638 630 5696 Rom.
662 5658 777 5710 \‘lll,
809 5645 894 5699 20.
1495 5628 1551 5646 ’τ
1595 5630 1611 5645 ‘

1938 4787 1943 4797 ‘
1981 4787 2074 4826 eas
2107 4778 2318 4832 animas

2010 560 2174 612 creati
2206 569 2360 623 sunt,
2387 558 2796 614 deciderunt?
2825 576 2850 608 ι
2903 555 3136 610 Eadem
3155 546 3350 610 'dicil
3389 573 3520 628 cap.
3549 562 3586 617 9
3615 563 3733 622 libri

2009 664 2046 703 ιι
2078 650 2155 702 De
2186 649 2446 718 princip.,
2490 663 2664 702 num.
2715 647 2755 698 2
2786 664 2801 699 :
2838 665 2861 698 ι
2911 645 3040 700 Pro
3097 645 3393 700 motibus
3451 652 3572 705 suis
3614 669 3738 708 una-

2007 754 2239 809 quaeque
2275 755 2433 794 mens
2457 739 2550 793 vel
2588 737 2857 808 amplius
2891 737 2992 791 vel
3029 736 3282 806 parcius
3321 737 3560 794 bonum
3590 744 3745 816 negti.

2007 845 2158 898 gens,
2193 831 2249 883 in
2276 830 2631 886 contrarium
2671 829 2812 884 boni
2839 867 2859 892 ,
2896 827 3066 896 quod
3114 827 3254 882 sine
3301 825 3521 882 dubio
3561 832 3750 890 malum

2007 930 2116 982 est,
2149 921 2497 975 trahebatur.
2531 921 2621 975 Ex
2657 935 2777 990 quo
2825 920 3085 974 videtur
3121 919 3409 973 semina
3436 924 3760 990 quaedamin

2011 1023 2209 1064 causas
2230 1011 2529 1065 varietatis
2567 1026 2638 1065 ac
2680 1010 3073 1064 (livet-sitatis
3104 1007 3208 1064 ille
3243 1013 3558 1071 omnium
3587 1018 3760 1077 condi-

2007 1104 2094 1150 tor
2127 1099 2432 1167 accepisse,
2473 1109 2537 1156 ιιι
2576 1115 2684 1170 pro
2724 1099 3104 1155 diversitate
3162 1111 3309 1151 men
3353 1107 3534 1177 ιῑυω,
3591 1111 3644 1168 id
3686 1125 3760 1168 εει

2008 1187 2423 1243 rationabilium
2466 1200 2925 1254 creaturarum,
2975 1204 3171 1258 quam
3214 1187 3648 1254 άίνκει-είιειεω
3682 1217 3745 1253 οι

2007 1290 2069 1329 ea
2129 1291 2296 1330 causa
2339 1293 2512 1346 quam
2561 1280 2839 1350 superius
2896 1279 3210 1343 diximus,
3263 1287 3556 1348 putanda:
3596 1298 3715 1339 sunt

2007 1365 2353 1432 concepisse,
2387 1369 2609 1420 varium
2641 1383 2712 1422 ac
2739 1369 3071 1421 diversum
3109 1369 3392 1423 mundum
3427 1382 3676 1426 crearet.
3699 1393 3717 1424 ι

2007 1451 2199 1520 Capite
2227 1467 2359 1507 vero
2395 1457 2624 1520 eodem,
2673 1472 2845 1510 num.
2912 1456 2980 1520 6,
3015 1471 3156 1510 rem
3215 1457 3388 1512 altius
3442 1471 3722 1529 repetens,

2008 1541 2178 1594 Deum
2224 1544 2301 1594 ait
2345 1544 2416 1596 ab
2452 1543 2618 1598 initio
2663 1561 2802 1598 cum
2849 1545 3139 1600 rationis
3172 1558 3479 1616 compotes
3509 1559 3733 1607 naturas

2005 1644 2199 1684 creare
2225 1631 2413 1695 vellet,
2453 1633 2667 1687 nullam
2702 1634 3014 1689 habuisse
3039 1637 3280 1690 creandi
3325 1637 3576 1692 illarum
3609 1656 3732 1695 cau-

2005 1735 2121 1775 sam
2161 1733 2361 1791 prteter
2383 1725 2662 1794 seipsum,
2695 1741 3012 1795 suamque
3052 1729 3393 1784 bonitatem
3418 1731 3520 1785 :in
3557 1746 3627 1786 eo
3652 1748 3742 1786 au.-

1929 1799 1972 1854 B
2005 1824 2110 1867 tem
2141 1829 2260 1868 cum
2298 1815 2449 1869 nulla
2485 1817 2562 1869 sit
2587 1818 2953 1883 diversitas,
2988 1835 3207 1889 neque
3235 1836 3302 1876 ex
3337 1835 3524 1892 parte
3559 1840 3741 1879 rerum

1994 1905 2358 1958 creandarum
2397 1906 2509 1961 ulla
2541 1918 2727 1974 esset,
2765 1911 3064 1978 mquales
3100 1927 3230 1978 eas,
3252 1924 3312 1966 et
3351 1914 3754 1984 undequaque

1993 1993 2198 2047 similes
2230 1996 2405 2064 ipsum
2440 2014 2797 2067 procreasse
2836 2018 2855 2054 :
2895 2001 3023 2057 bas
3071 2017 3244 2070 vero,
3279 2013 3357 2058 ut
3394 2016 3546 2073 pote
3576 2006 3754 2061 libero

1993 2083 2245 2152 ιιιωάἰιιιε
2275 2087 2534 2152 arbitrio,
2578 2105 2698 2144 non
2731 2090 2968 2146 eodem
3010 2094 3208 2148 modo
3227 2110 3452 2152 omnes
3485 2095 3608 2152 hac
3630 2113 3762 2155 usus

1993 2185 2114 2225 esse
2143 2172 2423 2244 facultate,
2448 2177 2578 2233 aliis
2622 2181 2682 2233 in
2726 2181 3095 2239 vitium‘ac
3139 2187 3487 2254 nequitiam
3525 2189 3759 2243 ruenti-

1990 2264 2114 2330 bus,
2139 2265 2260 2320 aliis
2278 2267 2344 2320 ad
2370 2268 2606 2323 meliora
2635 2275 3149 2344 assurgentibus
3168 2295 3186 2332 :
3207 2287 3388 2346 atque
3401 2276 3578 2341 inde
3603 2280 3772 2337 ratio-

1991 2355 2194 2410 nalium
2215 2367 2539 2412 naturarum
2579 2362 2906 2417 exstitisse
2934 2364 3353 2420 differentiam
3386 2381 3409 2420 :
3441 2368 3643 2423 Deum
3674 2384 3772 2423 au-

1993 2453 2100 2499 tem
2127 2463 2573 2518 unamquamque
2611 2465 2721 2518 pro
2755 2454 3026 2508 meritis
3065 2469 3281 2510 ornare
3324 2456 3662 2513 volentem
3690 2460 3776 2515 vel

1991 2537 2577 2601 ulcisci,diversitates
2605 2545 2922 2597 mentium
2964 2546 3029 2598 in
3063 2548 3252 2601 unius
3280 2551 3528 2604 mundi
3559 2566 3773 2606 conso-

1991 2626 2231 2679 nantiam
2253 2628 2488 2682 traxisse
2513 2670 2530 2696 ,
2556 2631 2643 2685 sic
2667 2641 2985 2702 tanquam
3011 2637 3079 2690 in
3103 2653 3276 2691 unam
3301 2639 3592 2692 domum
3619 2681 3638 2704 ,
3656 2657 3780 2711 qua:

1993 2715 2137 2769 vasis
2185 2717 2367 2771 aureis
2390 2757 2407 2781 ,
2435 2723 2736 2788 argenteis
2785 2732 2854 2778 et
2911 2725 3232 2782 ﬁctilibus
3256 2730 3641 2785 instruitur.
3670 2751 3690 2782 ι
3717 2734 3782 2786 Et

1988 2800 2088 2856 has
2116 2817 2342 2872 causas,
2387 2804 2621 2875 inquit,
2678 2821 2743 2864 ut
2807 2827 2935 2882 ego
2981 2817 3289 2880 arbitror,
3345 2821 3644 2875 mundus
3683 2822 3785 2877 iste

1991 2906 2103 2946 suae
2142 2893 2475 2951 diversitatis
2508 2903 2768 2968 accepit,
2811 2906 2972 2958 dum
3016 2923 3565 2979 unumquemque
3591 2913 3784 2966 divina

1991 2982 2327 3048 providentia
2357 3000 2457 3054 pro
2488 2988 2784 3044 varietate
2825 3004 3140 3051 motuum
3186 3014 3485 3064 suorum,
3523 3002 3627 3055 vel
3662 3003 3783 3056 ani-

1993 3085 2234 3133 morum,
2275 3077 2681 3146 propositoque
2736 3082 3118 3151 dispensat.
3160 3109 3182 3141 ι
3231 3091 3566 3157 Quocirca
3633 3106 3788 3151 torno

1995 3175 2082 3212 χιι
2115 3161 2170 3212 in
2193 3161 2382 3230 Joan.,
2414 3181 2576 3220 num.
2613 3171 2674 3232 5,
2702 3183 2767 3225 et
2802 3178 3036 3238 capite
3073 3180 3117 3234 5
3162 3181 3284 3236 libri
3335 3200 3419 3239 ιιι
3469 3189 3543 3239 Πι

2240 3180 2382 3230 οαιι.,
2414 3181 2576 3220 num.
2613 3171 2674 3232 5,
2702 3183 2767 3225 et
2802 3178 3036 3238 capite
3073 3180 3117 3234 5
3162 3181 3284 3236 libri
3335 3200 3419 3239 ιιι
3469 3189 3641 3254 Περὶ
3680 3189 3788 3255 ἁρ-

1990 3249 2132 3320 χῶν,
2187 3268 2333 3309 ιιιιιιι.
2376 3255 2431 3319 5,
2492 3257 2776 3316 observat
2830 3271 3242 3328 creationem
3309 3280 3558 3332 mundi
3631 3283 3786 3346 apud

1990 3342 2279 3411 scriptores
2325 3359 2517 3399 saeros
2562 3364 2718 3404 novo
2777 3354 2907 3410 hoc
2971 3370 3042 3413 et
3105 3367 3368 3434 proprio
3430 3387 3538 3421 κα·

2238 3358 2279 3398 ξε
2325 3359 2517 3399 saeros
2562 3364 2718 3404 novo
2777 3354 2907 3410 hoc
2971 3370 3042 3413 et
3105 3367 3368 3434 proprio
3430 3371 3786 3440 καταόὸλῆς

1989 3768 2211 3841 ειειῗιιιιι
2241 3803 2305 3843 ex
2332 3790 2438 3845 illis
2469 3768 2895 3862 superioribus
2935 3818 3006 3864 et
3052 3813 3504 3874 invisibilibus
3535 3823 3616 3875 ad
3648 3823 3768 3877 hac

1987 3875 2242 3931 inferiora
2292 3889 2347 3933 et
2379 3882 2622 3940 visibilia
2668 3889 2963 3952 deducta:
3028 3917 3191 3961 sunt
3222 3948 3236 3973 ,
3282 3909 3452 3964 licet
3501 3927 3625 3966 non
3673 3927 3766 3964 vo-

1985 3965 2198 4032 lentes;
2250 3969 2474 4022 vanitati
2522 3976 2728 4046 quippe
2782 3965 3450 4066 crealuragsubjecta
3511 4012 3604 4055 est
3653 4017 3758 4054 non

1983 4057 2176 4121 volens,
2205 4059 2298 4111 sed
2319 4069 2537 4126 propter
2559 4081 2686 4118 eum
2710 4073 2815 4136 qui
2843 4057 3138 4147 subjeciz-
3158 4057 3282 4141 ea";
3307 4091 3379 4142 in
3408 4107 3521 4159 spe
3554 4095 3629 4158 εί,
3648 4108 3754 4160 qua

1982 4145 2068 4250 vel
2111 4147 2212 4214 sol,
2260 4149 2345 4204 vel
2391 4151 2548 4221 luna,
2593 4159 2685 4212 vel
2716 4145 2973 4234 stellae,
3001 4176 3105 4228 vel
3168 4180 3374 4248 angeli
3442 4145 3750 4250 explerent

1981 4233 2300 4305 obsequium
2334 4244 2540 4326 mundo
2566 4286 2584 4309 ,
2619 4259 2679 4302 et
2709 4250 2808 4307 his
2839 4260 3216 4326 animabus
3242 4233 3386 4339 quae
3419 4275 3504 4327 ob
3527 4233 3743 4326 Iniurius

1985 4323 2232 4382 defectus
2279 4323 2484 4388 mentis
2529 4341 2944 4403 crassioribus
3006 4352 3168 4414 istis
3231 4323 3279 4416 el
3348 4362 3737 4417 solidioribus

1908 4434 1952 4488 ι)
1983 4411 2260 4520 indignere
2305 4425 2674 4520 corporibus,
2732 4443 2796 4487 et
2860 4411 3161 4512 propter:
3203 4411 3299 4508 eos

1982 4511 2099 4555 erat
2127 4511 2548 4580 necessarium,
2601 4523 2868 4580 mundus
2924 4529 3063 4589 iste
3114 4542 3303 4596 etiam
3346 4511 3623 4596 visibilis
3658 4543 3735 4594 in-

1981 4594 2204 4652 stitutus
2237 4609 2340 4654 est.
2373 4621 2392 4652 ι
2429 4602 2496 4658 Ει
2525 4624 2656 4664 mox
2688 4630 2703 4667 :
2742 4633 2762 4667 ι
2793 4615 3023 4678 Talem
3067 4645 3244 4692 vero
3263 4646 3332 4689 ac
3360 4642 3606 4687 tantum
3640 4649 3736 4700 pu-

1984 4687 2210 4740 tandum
2249 4701 2334 4745 est
2381 4693 2599 4752 factum
2643 4718 2774 4761 esse
2827 4720 3217 4792 mundum,
3266 4723 3374 4793 qui
3417 4725 3519 4776 vel
3558 4737 3743 4776 omnes

2325 4821 2341 4848 ,
2374 4799 2502 4852 quae
2533 4789 2589 4843 in
2638 4793 2750 4850 hoc
2799 4808 3044 4864 mundo
3091 4789 3380 4876 statu-t3:
3417 4823 3566 4866 sunt
3591 4827 3740 4867 exer-

1974 4952 2074 5016 eis,

2117 5054 2151 5140 e
2196 5043 2313 5146 haec
2361 5049 2486 5120 ipsa
2532 5057 2664 5118 loca
2697 5043 2994 5130 librorum
3034 5043 3764 5156 ἧέρινέῒρκῶντεὶπθ·

1978 5127 2260 5244 ιιοιιεὶοιιίε
2309 5152 2486 5200 causa
2521 5155 2750 5218 profert
2791 5127 3269 5244 Hieronymi};
3347 5169 3538 5234 εμὶει·
3575 5166 3670 5228 59'
3709 5161 3765 5214 ad

1973 5219 2148 5334 fvitz,
2190 5243 2314 5301 cap.
2336 5235 2375 5288 2
2399 5247 2460 5292 et.
2482 5240 2546 5298 5.
2580 5249 2716 5306 Alia
2751 5219 3061 5326 metere:
3082 5219 3269 5333 5;:
3288 5219 3386 5334 ‘5—
3400 5219 3556 5313 libro
3581 5274 3616 5310 ιι
3648 5250 3771 5320 Περὶ

1974 5313 2202 5431 ξξρχῶν,
2254 5340 2379 5431 cap.
2410 5331 2471 5431 ,
2519 5355 2687 5400 num.
2725 5313 2783 5418 ι’,
2839 5313 3353 5431 ειμενῖῑίῗῖνν
3394 5354 3516 5410 rete

2254 5340 2379 5431 (iap-
2410 5331 2471 5401 1,
2519 5355 2687 5400 num.
2725 5349 2783 5418 1,
2839 5363 2898 5409 et
2949 5370 2982 5412 e
3033 5360 3166 5421 lib-
3198 5313 3353 5431 :vu
3394 5354 3572 5410 refert
3618 5349 3764 5406 Justi-
