3920 6462
155 375 311 442 ὶῠᾶθ

992 398 1554 459 ORIGENIANORUM
1595 406 1722 462 LIB.
1762 407 1826 474 ll,
1863 410 2012 466 CAP.
2054 413 2116 478 ll,
2155 416 2424 481 QII/EST.
2465 421 2576 475 Xll.

3223 431 3357 486 l059

175 497 376 614 60.61“,
389 498 624 572 διάφορα
652 507 846 579 λογικὰ
877 507 1243 587 περιέχοντος,
1275 521 1327 574 τε
1354 523 1478 577 ἄλλο
1510 524 1612 596 χρὴ
1650 526 1731 578 λέ-

1820 529 2009 584 dicunt
2051 547 2320 601 peccasse,
2359 550 2413 590 et
2454 555 2549 608 pro
2577 542 2890 598 diversitate
2928 559 3261 614 peccatorum
3290 553 3355 608 de

180 612 294 664 γειν
313 592 487 646 αἴτιον
513 599 792 663 γεγονέναι
821 605 913 658 τοῦ
942 609 1232 680 ὑποστῆναι
1260 613 1438 676 αὐτὸν,
1474 615 1505 683 ἦ
1537 615 1596 665 τὸ
1619 631 1728 667 ποι-

176 685 321 739 κίλον
366 684 466 754 τῆς
503 685 871 757 amart-ibdem
909 695 1014 748 τῶν
1053 699 1148 767 οὐχ
1183 700 1379 770 ὁμοίως
1413 703 1508 772 τῆς
1547 703 1728 766 ὲνάδος

172 776 560 848 ἀπορρεόντων
582 795 596 808 ο
634 797 652 830 ι
676 779 752 835 ita
781 798 901 836 cum
941 800 1144 841 summa
1185 790 1492 846 diversitate
1519 804 1724 848 constet

171 866 410 921 mundus
433 907 450 932 ,
505 875 692 936 totque
726 871 963 926 diversas
1005 876 1273 930 contineat
1313 879 1598 936 rationales
1632 897 1726 938 na-

167 965 359 1018 turas,
402 971 528 1025 qua)
575 956 678 1011 alia
721 974 880 1014 causa
910 963 1129 1017 dicenda
1172 974 1255 1019 est
1306 979 1402 1020 cur
1447 970 1724 1032 subsistat,

164 1061 328 1115 quam
357 1049 548 1103 varios
575 1048 850 1104 decidendi
874 1053 1077 1118 modos,
1109 1068 1291 1109 eorum
1312 1058 1403 1125 qui
1427 1059 1495 1112 ab
1519 1060 1724 1114 unitate

162 1134 422 1188 similiter
447 1151 555 1190 non
575 1138 876 1193 deﬂuunt?»
905 1141 1050 1196 Alter
1071 1143 1140 1199 ita
1169 1158 1226 1198 se
1252 1143 1407 1198 habet
1440 1165 1453 1201 :
1492 1148 1721 1219 Ἀνάγκη

161 1225 235 1294 μὴ
279 1227 712 1297 προηγουμένην
751 1230 1030 1298 τυγχάνειν
1059 1231 1155 1302 τὴν
1187 1233 1294 1286 τῶν
1337 1237 1596 1304 σωμάτων
1628 1238 1725 1306 φύ-

158 1330 282 1376 σιν,
343 1313 493 1368 ἀλλὰ
546 1318 610 1368 ὲκ
667 1318 1058 1388 διαλειμμάτων
1105 1323 1420 1390 ὑφίστασθαι
1471 1327 1557 1379 διά
1605 1345 1722 1381 τινα

156 1403 555 1475 συμπτώματα
583 1409 836 1479 γινόμενα
866 1412 990 1483 περὶ
1021 1413 1088 1466 τὰ
1112 1413 1319 1480 ληγικὰ,
1352 1416 1574 1487 δεόμενα
1630 1436 1724 1472 σω-

155 1494 376 1562 μᾶτων.
427 1512 450 1546 ι
481 1495 713 1552 Necesse
744 1509 825 1553 est
863 1515 965 1554 non
1021 1505 1399 1570 praeexstitisse
1443 1522 1720 1574 corporum

153 1595 444 1648 naturam,
481 1587 578 1640 sed
626 1601 722 1654 per
751 1589 1030 1644 intervalla
1071 1591 1362 1647 subsistere
1385 1606 1598 1664 propter
1626 1597 1723 1649 ali-

151 1674 292 1742 quos
322 1690 496 1730 casus
528 1677 620 1745 qui
656 1679 971 1747 contingunt
999 1681 1203 1736 naturis
1232 1683 1440 1738 ratione
1467 1685 1718 1753 pmditis,

149 1771 199 1816 et
237 1777 372 1828 qua:
401 1765 728 1832 corporibus
759 1766 1014 1834 indigent.
1039 1788 1058 1820 ι

217 1851 313 1905 lll.
358 1854 557 1921 Itaque
594 1855 696 1908 hoc
736 1855 897 1909 etiam
933 1859 1144 1913 nomine
1190 1874 1294 1914 non
1321 1860 1601 1917 Justiniani
1633 1879 1718 1920 so-

148 1941 284 2005 lum,
320 1941 424 1996 sed
451 1950 508 1996 et
531 1942 758 1996 aliorum
783 1946 1021 1998 convicia
1047 1948 1214 2002 sensit
1243 1948 1520 2018 Origenes.
1548 1971 1565 2004 ι
1590 1952 1718 2018 Quis

146 2032 450 2101 propheta,
489 2031 666 2100 inquit
686 2033 1002 2103 Theophilus
1032 2036 1219 2092 Pascit.
1247 2054 1284 2106 ι,
1317 2043 1512 2095 sentire
1541 2044 1719 2099 docuit

150 2121 508 2191 (Origenem)
544 2131 758 2190 prepter
795 2125 1000 2178 ruinam
1038 2136 1094 2181 et
1135 2127 1312 2197 lapsus
1339 2131 1402 2185 de
1435 2133 1584 2186 cadis
1604 2134 1720 2188 ani-

148 2226 371 2264 marum
394 2251 412 2274 ,
444 2210 614 2264 Deum
656 2225 774 2264 esse
805 2212 1134 2282 compulsum
1161 2231 1382 2286 corpora
1411 2219 1717 2277 fabricare?

151 2301 479 2368 Quis*juxta
515 2299 733 2355 beatum
767 2300 990 2367 Lucam,
1020 2318 1207 2359 eorum
1248 2311 1334 2376 qui
1364 2310 1624 2371 viderunt,
1664 2322 1718 2366 et

147 2391 400 2446 ministri
441 2390 662 2444 fuerunt
695 2392 964 2447 sermonis
991 2394 1107 2460 Dei,
1141 2397 1264 2450 huic
1294 2398 1507 2452 tradidit
1533 2402 1598 2455 ad
1623 2403 1718 2456 do-

148 2481 414 2545 cendum,
461 2480 792 2550 negligentia
812 2489 866 2534 et
896 2490 1064 2548 motu,
1092 2495 1147 2539 et
1183 2485 1324 2540 ﬂuxu
1355 2489 1419 2542 de
1444 2489 1716 2545 altioribus

151 2572 572 2627 rationabilium
591 2581 976 2638 creaturarum,
993 2589 1336 2642 provocatum
1355 2579 1516 2635 Deum
1537 2584 1714 2637 mundi

149 2666 312 2735 hujus
341 2665 588 2719 condere
612 2665 1046 2721 diversitatem?»
1081 2669 1145 2722 Et
1176 2673 1512 2738 postmodum
1543 2689 1560 2727 :
1590 2676 1711 2728 «Di-

151 2757 224 2810 cit
270 2756 430 2810 enim
487 2766 713 2824 propter
743 2766 960 2823 peccata
1008 2758 1412 2827 intelligibilium
1447 2776 1714 2817 creatura-

149 2863 268 2900 rum
307 2849 582 2900 mundum
618 2860 741 2902 esse
770 2849 1015 2916 coepisse.
1039 2867 1060 2901 ι
1099 2849 1451 2922 Hieronymus
1474 2855 1526 2907 in
1548 2853 1712 2918 Epist.

149 2939 216 2991 ad
249 2936 456 3006 Ephes.
491 2953 531 2999 ι,
552 2938 610 3003 Δ,
646 2953 750 2992 non
779 2954 1031 3007 expresso
1057 2940 1300 3010 Origenis
1334 2945 1564 3010 nomine,
1593 2961 1713 2999 sen-

152 3027 388 3078 tentiam
423 3024 596 3092 ipsius
636 3025 894 3094 exponit:
925 3045 944 3077 ι
974 3028 1120 3081 Alius
1151 3030 1312 3095 dicit,
1349 3031 1558 3100 inquit,
1587 3042 1712 3087 ante

148 3113 405 3169 visibiles
436 3123 726 3168 creaturas
753 3115 973 3178 cmlum,
999 3125 1214 3183 terram,
1237 3120 1424 3184 maria,
1458 3130 1510 3174 ct
1535 3124 1709 3176 omnia

149 3218 269 3273 qua
308 3206 465 3258 intra
512 3217 576 3258 ea
611 3212 757 3268 sunt,
799 3203 965 3258 fuisse
1009 3205 1140 3259 alias
1179 3207 1470 3264 invisibiles
1504 3221 1712 3265 creatu-

149 3295 371 3360 πενίη
409 3296 613 3364 quibus
645 3294 954 3360 et'animas,
989 3312 1103 3364 quae
1132 3299 1200 3350 ob
1229 3301 1485 3366 quasdam
1527 3315 1714 3354 causas

147 3387 249 3440 soli
271 3386 390 3439 Deo
413 3393 578 3440 notas
606 3384 822 3452 dejecta:
843 3387 950 3439 sint
985 3386 1230 3441 deorsum
1255 3391 1305 3442 in
1330 3392 1517 3456 vallem
1551 3393 1706 3445 istam

150 3475 687 3546 lacryrnarum....
743 3474 921 3541 itaque
976 3476 1282 3545 priusquam
1344 3480 1570 3544 animae,
1630 3481 1714 3533 in-

149 3565 370 3633 quiunt,
408 3562 881 3632 praecipitarentur
903 3563 956 3615 in
992 3565 1265 3630 mundum,
1292 3576 1344 3619 et
1389 3571 1618 3622 mundus
1647 3586 1714 3624 ex

151 3655 452 3709 animabus
502 3652 688 3716 ﬁeret,
723 3667 842 3705 cum
898 3652 1302 3712 habitatricibus
1341 3659 1453 3712 suis
1497 3661 1548 3712 in
1597 3661 1715 3713 inli-

154 3759 301 3798 mmn
351 3743 481 3810 ipse
530 3741 813 3807 dejectus,
861 3740 1020 3808 elegit
1067 3743 1286 3797 Paulum
1332 3747 1488 3802 Deus.
1517 3767 1536 3800 ›
1589 3751 1716 3814 Quae

151 3834 413 3901 quamvis
449 3847 522 3885 ex
556 3831 780 3884 alterius
819 3832 1064 3899 Opinione
1095 3835 1313 3887 recitata
1349 3837 1474 3900 sint,
1522 3838 1605 3890 his
1633 3849 1705 3891 ta-

151 3937 278 3976 men
333 3921 692 3977 consensisse
734 3917 1110 3988 Hieronymum
1163 3926 1434 3978 contendit
1494 3926 1716 3981 Buiinus

148 4011 353 4066 Invect.
395 4025 440 4074 ι,
473 4009 568 4064 sed
593 4007 912 4062 calumniam
942 4023 972 4061 a
1012 4023 1069 4062 se
1109 4021 1346 4065 removet
1372 4011 1717 4082 lliemnymus

150 4105 249 4160 lib.
280 4120 299 4158 ι
329 4101 572 4170 Apulog.
622 4101 675 4151 in
716 4098 929 4166 Ruﬁn.,
976 4115 1091 4166 cap.
1125 4102 1177 4155 6.
1238 4102 1559 4172 Augustinus
1594 4119 1717 4158 vero

147 4193 250 4249 lib.
274 4211 331 4248 ιι
369 4192 456 4246 De
478 4191 626 4244 civit.
657 4188 773 4253 Dei,
813 4204 935 4258 cap.
967 4189 1058 4255 23,
1091 4190 1370 4260 Origenem
1411 4194 1716 4248 nominatim

144 4284 408 4338 adoritur
443 4300 458 4335 :
499 4299 518 4331 ‹
548 4280 772 4334 Animas
795 4279 994 4345 dicunt,
1031 4297 1136 4335 non
1161 4282 1374 4351 quidem
1406 4293 1581 4352 partes
1605 4285 1715 4349 Dei,

143 4376 248 4432 sed
281 4377 480 4430 factas
516 4387 548 4424 a
582 4370 691 4424 Deo
737 4384 985 4436 peccasse
1012 4386 1040 4424 a
1065 4371 1350 4427 Conditorc
1382 4374 1714 4441 recedendo;

141 4476 203 4521 et
233 4463 488 4549 diversis
509 4461 896 4530 progressibus
921 4476 1014 4529 pro
1047 4463 1351 4518 diversitate
1380 4477 1712 4534 peccatorum

141 4539 195 4612 ἶ
210 4559 384 4612 cmlis
410 4539 592 4621 itaque
631 4552 700 4605 ad
727 4560 916 4616 terras,
943 4551 1146 4606 diversa
1171 4568 1391 4622 corpora
1420 4560 1568 4625 quasi
1604 4559 1716 4610 vin-

140 4649 273 4704 cula
305 4645 618 4703 meruisse.
651 4641 717 4694 Et
749 4641 885 4693 hunc
908 4653 1025 4695 esse
1055 4641 1324 4707 mundum,
1351 4659 1569 4712 eamque
1593 4663 1717 4699 cau-

137 4754 264 4792 sam
285 4734 495 4792 mundi
521 4731 687 4784 fuisse
709 4727 958 4790 faciendi,
983 4744 1084 4782 non
1107 4739 1164 4782 ut
1184 4732 1536 4785 conderentur
1557 4735 1714 4800 bona,

136 4829 246 4883 sed
296 4835 370 4880 ut
445 4819 588 4876 mala
646 4818 1042 4872 cohiberentur.
1114 4817 1246 4873 Hinc
1293 4820 1545 4888 Origenes
1598 4823 1718 4891 jnre

135 4896 452 4988 culpatur;
513 4911 567 4964 in
617 4909 770 4964 libris
821 4908 960 4962 enim
1011 4923 1146 4975 quos
1189 4910 1418 4978 appellat
1445 4912 1582 4978 Περὶ
1613 4913 1715 4979 ἀρ-

135 5009 293 5076 κῶν,
334 5005 399 5060 id
420 5009 529 5065 est,
553 5001 624 5055 De
639 4999 926 5068 principiis,
964 4999 1065 5053 hoc
1087 5001 1270 5063 sensit,
1304 5001 1401 5053 hoc
1429 5004 1657 5070 seripsit.
1690 5021 1710 5054 ι

136 5103 334 5167 Atque
373 5097 502 5149 haec
532 5092 702 5144 valide
741 5090 1072 5159 postmodum
1111 5101 1397 5160 oppugnat.
1442 5091 1716 5160 Oppugnat

136 5189 320 5243 etiam
360 5197 496 5240 cum
531 5181 680 5246 alibi,
709 5190 817 5234 tum
847 5181 1076 5234 maxime
1115 5179 1250 5235 libro
1292 5193 1470 5233 contra
1499 5181 1717 5234 Priscil-

140 5277 421 5330 Jianistas
452 5281 508 5324 et
541 5269 882 5339 Origenistas,
921 5284 1040 5337 cap.
1067 5268 1119 5331 8,
1156 5283 1285 5323 cum
1317 5269 1614 5336 scripsisset
1656 5271 1719 5322 ad

137 5380 280 5420 eum
308 5359 555 5418 Orosius
605 5359 658 5410 in
694 5357 1117 5422 Commonitorio,
1165 5357 1216 5410 id
1258 5369 1377 5410 esse
1409 5355 1722 5425 Origenistis

141 5451 496 5523 quihusdam
531 5461 874 5517 persuasum,
898 5451 934 5498 ἐ
967 5446 1217 5500 Mundum
1259 5446 1550 5499 novissime
1603 5447 1719 5502 ideo

139 5557 282 5598 esse
313 5541 549 5600 factum,
589 5545 643 5589 ut
674 5537 724 5589 in
748 5552 810 5590 eo
834 5538 1020 5591 animae
1050 5545 1420 5604 purgarentur,
1449 5550 1568 5602 quae
1593 5547 1720 5592 ante

141 5638 561 5702 peccaverunt.
591 5645 610 5677 ι
643 5625 867 5681 Isidorus
924 5626 1016 5682 lib.
1065 5639 1157 5679 vni
1209 5623 1435 5696 0rigin.,
1472 5640 1591 5693 cap.
1634 5628 1669 5682 5
1701 5648 1714 5683 ε

158 5743 180 5775 ε
223 5717 580 5789 Origeniani,
619 5717 803 5784 inquit,
857 5718 1058 5773 animas
1112 5717 1160 5770 in
1215 5718 1393 5776 mundi
1447 5717 1714 5786 principio

1738 3168 1778 3222 C

1744 1846 1788 1901 B

1824 621 1977 675 cretis
2009 637 2175 692 usque
2201 627 2264 678 ad
2295 637 2463 683 terras
2491 631 2686 699 lapsas,
2713 635 2922 690 diversa
2948 651 3171 705 corpora
3204 645 3353 710 quasi

1824 711 2028 764 vincula
2090 715 2372 781 meruisse,
2427 731 2592 787 eaque
2640 737 2799 778 causa
2850 727 3102 780 mundum
3158 731 3352 786 factum

1826 797 2006 852 fuisse.
2035 817 2054 852 ›
2105 799 2230 867 Quae
2270 801 2382 858 fere
2424 806 2696 872 αὐτολεξεὶ
2742 815 2932 882 repetit
2958 813 3221 872 Honorius
3248 821 3354 874 An-

1821 889 2224 956 gustodunensis
2261 891 2312 945 in
2347 892 2484 948 libro
2521 896 2597 950 De
2633 901 2934 956 hwresibus.
2998 904 3236 974 Denique
3283 908 3344 965 8.

1822 974 2056 1030 Thomas
2088 978 2342 1032 adversus
2370 983 2606 1036 eamdem
2637 989 2940 1054 opinionem
2977 990 3069 1048 lib.
3096 1009 3134 1048 tt
3171 995 3350 1052 Contr.

1822 1063 2022 1132 gentil.,
2052 1079 2170 1134 cap.
2196 1065 2286 1129 44,
2321 1070 2583 1124 acerrime
2615 1073 2870 1130 decertat.

1891 1153 2148 1218 Quoniam
2203 1165 2382 1211 autem
2437 1160 2510 1213 ita
2569 1176 2688 1215 cum
2743 1170 3178 1227 antecedentibus
3227 1189 3353 1229 con-

1815 1241 1996 1311 juncta
2042 1255 2144 1309 est,
2194 1256 2253 1301 ut
2304 1262 2424 1316 quae
2467 1251 2532 1305 ad
2575 1255 2817 1308 tuendam
2861 1257 3101 1327 Origenis
3133 1277 3348 1318 causam

1819 1346 1977 1400 supra
2017 1334 2311 1400 attulimus,
2365 1338 2452 1392 hic
2498 1355 2708 1409 quoque
2759 1342 2930 1400 valere
2975 1349 3197 1416 possint,
3226 1352 3351 1419 quid

1817 1422 2007 1476 attinet
2046 1424 2192 1490 plura
2229 1429 2570 1495 conquirere;
2618 1447 2736 1484 cum
2783 1437 3071 1501 praesertim
3097 1437 3354 1510 lliernny-

1820 1523 1959 1572 mus,
1999 1522 2280 1578 postquam
2307 1529 2427 1581 cap.
2465 1517 2513 1581 l,
2545 1519 2696 1582 epist.
2720 1519 2807 1584 59,
2843 1521 2908 1576 ad
2936 1523 3178 1588 Avitum,
3209 1541 3354 1592 quae-

1818 1609 2027 1665 cunque
2069 1599 2122 1653 in
2168 1616 2186 1655 ι
2229 1601 2320 1656 lib.
2356 1604 2494 1672 Περὶ
2527 1606 2724 1672 ἀρχῶν
2764 1608 3014 1664 damnosa
3047 1623 3198 1680 sunt,
3241 1617 3350 1669 col-

1817 1686 1978 1756 legit,
2029 1688 2171 1744 inter
2213 1706 2331 1760 qua:
2383 1693 2633 1762 frequens
2686 1701 2918 1752 occurrit
2965 1701 3148 1756 isthaec
3191 1717 3352 1772 quam

1820 1785 2109 1834 tractamus
2157 1783 2353 1849 opinio,
2420 1785 2542 1838 talia
2599 1786 2743 1840 illum
2804 1789 3114 1845 denuntiare
3163 1793 3348 1849 dicat:

1825 1885 1843 1918 ι
1875 1868 1998 1924 Haec
2022 1869 2173 1936 juxta
2206 1881 2440 1927 nostram
2472 1877 2786 1929 sententiam
2819 1893 2923 1931 non
2951 1880 3057 1933 sint
3082 1883 3350 1950 dogmata,

1816 1960 1909 2012 sed
1932 1960 2154 2027 quaesita
2192 1971 2419 2029 tantum,
2447 1973 2605 2032 atque
2635 1967 2890 2035 projecta,
2926 1983 2991 2023 ne
3021 1971 3240 2036 penitus
3269 1971 3353 2026 in-

1818 2054 2044 2100 tractata
2073 2049 2379 2104 viderentur
2404 2051 2426 2103 ?
2454 2069 2473 2102 ι

1882 2137 1969 2190 IV.
1999 2155 2017 2188 ι
2045 2138 2160 2194 Jam
2179 2155 2307 2195 sane
2339 2143 2583 2210 quoniam
2605 2142 2842 2200 diversos
2868 2156 3039 2202 motus
3067 2149 3354 2205 rationabi-

1815 2227 1942 2280 lium
1975 2239 2360 2293 creaturarum,
2390 2232 2673 2302 variasque
2700 2237 2988 2290 sententias
3013 2253 3226 2291 causam
3259 2237 3354 2294 de-

1816 2316 1958 2370 disse
1999 2318 2316 2372 diversitatis
2379 2323 2574 2376 mundo
2625 2325 2782 2386 huic,
2833 2339 3008 2380 sermo
3061 2328 3352 2395 superioris

1816 2406 2188 2473 disputationis
2231 2410 2479 2473 ostendit,
2523 2413 2810 2467 videndum
2861 2429 2927 2468 ne
2977 2416 3117 2470 forte
3162 2417 3352 2472 similis

1818 2495 1968 2549 initio
1992 2498 2170 2552 exitus
2193 2513 2404 2566 quoque
2429 2500 2551 2554 huic
2574 2503 2771 2558 mundo
2793 2508 3093 2560 conveniat.
3124 2506 3351 2562 Dubium

1814 2588 1956 2639 enim
1995 2603 2097 2642 non
2135 2597 2219 2643 est
2242 2589 2370 2657 quin
2407 2592 2526 2645 linis
2558 2592 2722 2660 ipsius
2754 2595 2806 2648 in
2838 2596 3151 2652 diversitate
3184 2597 3350 2652 multa

1813 2677 1982 2729 adhuc
2024 2687 2080 2732 et
2124 2679 2380 2734 varietate
2441 2682 2784 2748 reperiendus
2842 2686 3122 2753 sit;,quae
3169 2689 3353 2755 utique

1815 2764 2045 2818 varietas
2075 2766 2142 2819 ‘in
2197 2767 2352 2836 hujus
2405 2771 2588 2823 mundi
2631 2771 2734 2825 ﬁne
2777 2773 3107 2843 deprehensa
3159 2789 3351 2832 causas

1815 2867 2002 2907 rursus
2023 2855 2388 2912 diversitatum
2413 2862 2632 2915 alterius
2659 2865 2840 2918 mundi
2869 2876 2988 2932 post
3016 2866 3156 2919 hunc
3186 2865 3353 2924 futuri

1811 2943 2226 3014 occasionesque
2293 2949 2608 3016 praestabit,
2642 2969 2660 3002 ι
2723 2951 2862 3019 quod
2925 2953 3131 3007 scilicet
3191 2955 3352 3024 hujus

1815 3033 1992 3085 mundi
2026 3034 2147 3089 linis
2177 3037 2383 3090 initium
2416 3039 2484 3092 sit
2525 3039 2709 3094 futuri.
2750 3040 2921 3096 Verba
2952 3053 3076 3096 sunt
3107 3041 3353 3112 Origenis

1813 3120 1907 3178 lib.
1938 3138 1976 3175 ιι
2025 3125 2164 3191 Περὶ
2223 3125 2456 3194 ἀρχῶν,
2510 3143 2626 3196 cap.
2660 3129 2712 3195 l,
2767 3145 2913 3185 num.
2949 3132 3003 3196 5,
3061 3134 3350 3202 superioris

1811 3210 2015 3276 quaasiti
2049 3226 2166 3264 cum
2199 3213 2370 3267 istlioc
2391 3252 2406 3278 ,
2441 3216 2582 3282 quod
2614 3216 2715 3270 hoc
2748 3217 2863 3271 loco
2898 3219 3053 3274 nobis
3073 3221 3350 3276 excutien-

1813 3301 1934 3352 dum
1960 3303 2350 3368 proposuimus,
2380 3305 2765 3359 connexionem
2794 3307 3138 3363 declarantis.
3172 3329 3190 3360 ‹
3216 3308 3350 3365 Pos-

1812 3389 1962 3442 sibile
2011 3392 2150 3442 enim
2199 3392 2423 3458 videtur,
2481 3393 2652 3461 inquit
2702 3395 2796 3449 lib.
2824 3411 2863 3450 lt
2948 3399 3086 3465 ῌερὶ
3131 3398 3349 3468 ἀρχῶν,

1813 3490 1931 3543 cap.
1952 3477 2019 3541 3,
2052 3493 2199 3530 num.
2227 3479 2260 3531 5
2282 3519 2297 3544 ,
2339 3491 2394 3533 ut
2438 3482 2780 3538 rationabiles
2820 3494 3022 3539 natura:
3047 3526 3062 3550 ,
3097 3503 3125 3540 a
3159 3489 3350 3555 quibus

1815 3581 2084 3634 nunquam
2131 3567 2372 3621 aufertur
2416 3569 2569 3624 liberi
2607 3571 2830 3627 facultas
2873 3575 3116 3641 arbitrii,
3148 3577 3357 3646 possint

1815 3654 2006 3708 iterum
2035 3656 2301 3724 aliquibus
2330 3659 2562 3714 motibus
2590 3663 2871 3730 subjacere
2893 3703 2909 3717 .
2938 3702 2953 3717 .
2977 3701 2992 3718 .
3014 3702 3030 3719 .
3066 3666 3215 3732 Quos
3247 3682 3356 3721 mo-

1816 3755 1900 3798 tas
1934 3748 2048 3800 sine
2078 3749 2236 3801 dubio
2272 3765 2482 3803 rursum
2515 3753 2754 3807 varietas
2781 3769 3064 3822 corporum
3096 3766 3150 3810 et
3178 3756 3353 3811 diver-

1815 3835 1943 3887 sitas
1971 3847 2324 3905 prosequetur
2344 3876 2359 3902 ,
2389 3853 2454 3891 ex
2497 3824 2601 3907 qua
2634 3843 2860 3897 mundus
2892 3857 3103 3911 semper
3128 3846 3353 3898 adorna-

1817 3932 1922 3984 tur,
1967 3938 2064 3976 nec
2123 3938 2350 3991 unquam
2384 3927 2584 3993 poterit
2612 3930 2841 3982 mundus
2875 3931 2978 3983 nisi
3007 3933 3259 3986 varietate
3288 3948 3354 3987 ac

1815 4013 2124 4066 diversitate
2154 4022 2418 4078 constare,
2451 4017 2589 4084 quod
2618 4016 2751 4070 eﬂici
2783 4019 2926 4075 nullo
2955 4033 3148 4087 genere
3179 4031 3354 4088 potest

1814 4111 1963 4153 extra
1995 4102 2268 4154 materiam
2297 4105 2654 4170 corporalem.
2691 4123 2709 4156 ι
2749 4108 3014 4162 Doctrina:
3043 4109 3206 4176 igitur
3245 4124 3354 4164 suae

1815 4189 2188 4242 cohterentiam
2213 4192 2444 4244 servavit
2465 4192 2746 4264 Origenes,
2782 4205 2834 4250 et
2861 4197 3001 4266 quod
3032 4212 3097 4251 ex
3130 4199 3348 4268 dogma-

1817 4275 1956 4330 tibus
1989 4277 2098 4331 suis
2130 4277 2267 4332 ellici
2314 4281 2561 4347 putavit,
2615 4281 2669 4336 id
2729 4285 3009 4340 manifesta
3060 4290 3354 4345 assertione

1817 4367 2091 4420 decrevit:
2125 4383 2249 4421 nam
2312 4370 2364 4423 in
2425 4373 2806 4440 sequentibus,
2872 4375 3166 4445 repudiatis
3217 4393 3353 4434 non-

1819 4457 1998 4523 nullis,
2039 4459 2129 4527 qui
2160 4461 2352 4513 mundo
2385 4461 2510 4515 huic
2533 4476 2688 4530 pares
2714 4478 3099 4534 usquequaque
3122 4468 3353 4524 mundos

1818 4563 1881 4602 ac
1908 4549 2213 4604 consimiles
2260 4552 2312 4603 in
2353 4549 2545 4606 futuris
2583 4553 2791 4608 smculis
2817 4555 3105 4609 continenti
3146 4571 3356 4613 succes-

1819 4640 1968 4693 sione
1991 4641 2291 4708 prodituros
2319 4641 2672 4710 aﬂirmabant,
2711 4645 2851 4712 quod
2894 4631 3122 4700 libertati
3148 4648 3355 4702 arbitrii

1818 4729 2052 4784 alliceret
2074 4733 2329 4798 ejusmodi
2354 4734 2649 4798 sententia;
2677 4734 2809 4789 alios
2831 4737 3066 4804 quidem,
3089 4739 3180 4793 sed
3204 4739 3356 4808 plane

1819 4819 2058 4874 diversos
2091 4822 2360 4874 conditum
2406 4821 2472 4875 iri
2524 4824 2743 4890 statuit;
2781 4840 2845 4877 an
2887 4837 3062 4880 autem
3093 4828 3356 4896 dignitate

1820 4908 2141 4973 superiores,
2211 4922 2276 4960 an
2339 4907 2646 4972 inferiores,
2717 4909 2801 4962 vel
2863 4910 3091 4979 aequales
3150 4911 3356 4965 nescire

1820 5011 1878 5050 se
1918 4993 2132 5050 fatetur.
2205 4996 2364 5051 Addit
2419 5007 2673 5067 praeterea
2729 5001 2982 5054 mundum
3039 5001 3210 5064 hunc,
3265 4997 3354 5067 qui

1819 5097 1873 5142 et
1925 5088 2036 5156 ipse
2091 5089 2341 5143 saeculum
2407 5090 2642 5156 dicitur,
2698 5091 2985 5144 multorum
3047 5089 3352 5144 szeculorum

1819 5191 1939 5232 esse
1986 5178 2166 5244 linem,
2220 5195 2282 5234 ac
2351 5181 2635 5234 multorum
2695 5195 2852 5249 porro
2896 5181 3202 5233 saeculorum
3256 5176 3356 5228 ini-

1820 5268 2119 5337 tiuiii.;§Sed
2155 5270 2296 5324 velut
2323 5270 2630 5324 dubitanter
2663 5270 2736 5322 ait
2780 5269 2990 5322 tandem
3018 5276 3136 5333 post
3164 5263 3354 5316 multo-

1823 5376 1935 5414 rum
1984 5360 2297 5415 saeculorum
2345 5361 2674 5416 creationem
2707 5370 2762 5414 et
2807 5356 3082 5412 interitum
3112 5390 3126 5414 ,
3163 5349 3362 5418 aliquid

1818 5449 2024 5505 saeculis
2048 5450 2216 5518 majus
2241 5451 2294 5505 in
2323 5451 2562 5506 omnium
2587 5447 2932 5504 restitutione
2963 5440 3201 5493 futurum
3229 5452 3368 5502 esse,

1817 5554 1938 5593 cum
1990 5542 2126 5594 Deus
2178 5541 2280 5596 erit
2322 5544 2503 5596 omnia
2557 5539 2618 5593 in
2672 5535 2944 5591 omnibus.
2992 5526 3157 5578 Libro
3191 5525 3376 5577 deinde
3458 5585 3462 5592 ι

1822 5631 1996 5697 operis
2036 5631 2269 5700 ejuSdem
2321 5632 2497 5695 tertio,
2532 5641 2664 5694 cal)-
2697 5625 2752 5688 ’δ’
2794 5611 3384 5710 ν⁰⁸ξξ³¹¹³¹Ῐ¹η¹¹ξ¹ωξὶ⁸³ω

1818 5699 2141 5788 coepisse,et
2180 5723 2518 5780 interiturum
2553 5728 2691 5772 esse
2720 5702 2985 5766 ostendit,
3015 5699 3190 5763 οὶ)ὶὶρί
3213 5699 3392 5752 Δάκτ-
