3920 6460
531 426 660 483 1051

1764 416 1826 470 Ρ.
1866 409 2177 468 DANIELIS
2213 407 2444 466 HUETll

3741 391 3879 445 1033

529 558 620 598 sus
659 541 792 595 hanc
838 535 1182 592 assertionem
1211 534 1384 590 solere
1415 533 1618 597 scribit,
1662 547 1808 588 num.
1835 531 1870 584 5
1904 547 1918 583 :
1961 549 1979 581 ι
2007 529 2062 583 Si

2329 530 2386 598 ip
2411 498 2774 596 δημίουργδν
2829 519 2932 574 διά
2967 533 3038 570 τε
3085 507 3617 583 δημιουργήματα
3648 505 3877 577 ἀνάγκη,

531 627 690 694 cmpit
721 623 944 678 mundus
969 638 1033 677 ex
1061 632 1314 690 tempore,
1343 621 1470 690 quid
1499 630 1625 675 ante
1646 619 1875 674 faciebat
1899 619 2057 682 Dens,

529 727 683 780 quam
719 710 942 764 mundus
979 709 1278 777 inciperet?
1322 709 1555 764 Otiosam
1605 710 1747 763 enim
1780 717 1837 762 et
1873 709 2062 762 immo-

530 801 684 854 bilem
714 799 890 852 dicere
924 807 1168 851 naturam
1200 797 1289 851 Dei
1317 798 1536 866 impium
1576 805 1658 851 est
1683 796 1842 850 simul
1881 807 1934 849 et
1968 795 2062 848 ab-

528 888 766 950 surdum,
801 887 881 940 vel
927 896 1112 955 putare
1158 887 1299 954 quod
1352 887 1562 940 bonitas
1599 885 1886 953 aliquando
1928 885 2062 957 bene

527 992 633 1030 non
684 976 889 1039 fecerit,
919 983 974 1028 et
1012 975 1395 1047 omnipotentia
1433 975 1720 1042 aliquando
1761 988 1864 1027 non
1895 972 2064 1040 egerit

527 1074 878 1134 potentatum.
903 1082 922 1114 ›
965 1064 1135 1127 Atque
1168 1063 1218 1116 id
1257 1065 1464 1118 demum
1493 1062 1744 1130 praeclare
1767 1061 1973 1116 solvere
2004 1075 2062 1114 se

525 1165 677 1224 putat
728 1154 827 1208 hac
873 1153 1264 1222 responsione:
1301 1173 1320 1205 ι
1347 1152 1454 1208 Nos
1502 1167 1627 1206 vero
1677 1158 2064 1219 consequenter

530 1245 966 1310 respondebimus
1001 1243 1347 1298 observantes
1379 1241 1614 1309 regulam
1637 1241 1872 1308 pietatis,
1901 1250 1956 1294 et
1983 1239 2065 1292 di-

529 1344 732 1396 centes,
767 1336 1019 1402 quoniam
1050 1349 1152 1388 non
1202 1344 1327 1387 tunc
1373 1333 1601 1400 primum
1635 1345 1754 1386 cum
1799 1331 2060 1385 visibilem

527 1425 685 1477 istum
716 1424 966 1475 mundum
994 1424 1116 1476 fecit
1143 1423 1304 1485 Deus,
1337 1422 1502 1488 coepit
1532 1420 1774 1488 operari;
1804 1420 1897 1473 sed
1927 1419 2065 1472 sicut

527 1520 649 1580 post
675 1512 1064 1578 corruptionem
1112 1511 1269 1576 hujus
1296 1511 1400 1562 erit
1439 1510 1578 1562 alius
1617 1508 1863 1573 mundus,
1897 1509 1968 1560 ita
2008 1516 2065 1561 et

528 1611 808 1666 antequam
837 1599 922 1652 hic
947 1607 1108 1662 esset,
1138 1597 1301 1651 fuisse
1332 1597 1464 1650 alios
1485 1596 1774 1651 credimus.
1808 1615 1826 1646 ι
1863 1596 2064 1664 Duplex

531 1689 614 1742 his
646 1687 1021 1741 continuandis
1069 1689 1285 1741 adhibet
1336 1687 1624 1754 Scriptura:
1677 1687 2059 1750 testimonium,

529 1777 753 1829 alterum
795 1790 860 1829 ex
905 1774 1050 1828 Isaiae
1077 1790 1198 1838 va,
1228 1775 1318 1838 l7,
1361 1783 1414 1827 et
1454 1789 1595 1838 Lm,
1627 1774 1715 1837 2‘2,
1749 1774 1836 1826 ubi
1865 1774 2061 1836 caelum

531 1880 746 1931 novum,
788 1873 841 1917 et
885 1872 1079 1918 terram
1120 1879 1308 1918 novam
1358 1873 1657 1917 creatnrum
1714 1878 1770 1917 se
1825 1863 2064 1931 prmdicit

533 1952 711 2006 Deus:
742 1953 964 2005 alterum
995 1967 1058 2005 ex
1087 1953 1292 2006 Eccles.
1330 1969 1367 2017 ι,
1409 1953 1462 2016 9,
1495 1952 1579 2018 l0,
1603 1954 1740 2020 quod
1770 1962 1851 2006 est
1883 1951 2064 2019 hujus-

533 2041 672 2095 modi
699 2059 712 2094 :
745 2061 763 2091 ι
790 2041 924 2106 Quid
971 2051 1052 2096 est
1085 2043 1223 2108 quod
1275 2041 1415 2094 fuit?
1461 2042 1628 2109 ipsum
1659 2041 1798 2109 quod
1828 2041 2066 2095 futurum

530 2141 613 2186 est
641 2149 655 2184 :
684 2133 817 2196 Quid
842 2140 925 2183 est
951 2133 1088 2199 quod
1123 2131 1317 2185 factum
1343 2132 1464 2186 est?
1499 2133 1667 2199 ipsum
1696 2133 1838 2199 quod
1857 2132 2066 2186 facien-

532 2224 654 2276 dum
679 2231 781 2275 est.
823 2220 905 2274 Nil
939 2220 1035 2275 sub
1081 2221 1191 2274 sole
1225 2237 1450 2286 novum;
1495 2236 1593 2274 nec
1621 2220 1758 2275 valet
1788 2223 2066 2291 quisquam

533 2313 711 2364 dicere
736 2328 748 2364 :
782 2311 916 2364 Ecce
947 2313 1046 2364 hoc
1077 2325 1258 2364 recens
1276 2320 1398 2365 est‘:
1420 2310 1528 2378 jam
1552 2313 1692 2365 enim
1719 2314 1991 2380 praecessit
2012 2314 2066 2368 in

533 2400 742 2454 sarculis
789 2416 904 2469 qua?
959 2400 1174 2454 fuerunt
1222 2412 1347 2456 ante
1394 2417 1510 2456 nos.
1539 2421 1557 2454 ι
1614 2402 1841 2457 Mundos
1890 2413 2065 2457 autem

536 2492 668 2547 istos
697 2507 799 2546 non
834 2493 1008 2560 plures
1042 2492 1196 2547 simul
1229 2494 1366 2555 esse,
1401 2495 1490 2547 sed
1515 2503 1766 2562 perpetua
1797 2495 1935 2549 serie
1966 2496 2066 2548 sibi

534 2595 871 2635 successores
910 2581 1019 2635 fore
1051 2591 1252 2636 censet.
1288 2584 1461 2650 Atque
1492 2583 1603 2636 haec
1633 2583 1743 2651 ipsa
1781 2587 2069 2652 reprehen-

534 2674 882 2728 sioniscausa
919 2675 1147 2728 indidem
1185 2677 1448 2729 transtulit
1481 2674 1832 2746 Hieronymus
1864 2677 1933 2729 in'
1960 2678 2071 2746 epi-

532 2761 718 2828 stolam
753 2762 838 2824 59,
876 2764 939 2814 ad
971 2763 1108 2816 Avit.
1130 2802 1144 2827 ,
1193 2777 1310 2832 cap.
1341 2763 1394 2816 5.
1432 2763 1626 2816 Eadem
1655 2779 1813 2831 porro
1841 2774 1922 2817 est
1945 2763 2069 2818 Ori—

535 2851 748 2920 geniani
809 2851 961 2917 hujus
1002 2851 1104 2904 loci
1144 2853 1513 2917 ratiocinatio,
1564 2866 1682 2920 quae
1732 2853 1852 2906 libri
1882 2869 1900 2906 ι
1928 2853 2069 2922 Περὶ

530 2938 750 3006 ἀρχῶν,
799 2955 916 3008 cap.
950 2940 1014 3007 9.,
1067 2957 1213 2994 num.
1248 2941 1345 3002 l0,
1401 2941 1491 2994 ubi
1539 2941 1612 2993 ait
1655 2941 2069 3010 omnipotentem

533 3030 699 3083 Deum
721 3044 871 3093 esse,
907 3031 1006 3086 hoc
1031 3041 1111 3088 est
1143 3031 1566 3105 παντοκράτορα,
1602 3041 1860 3100 quatenus
1892 3031 2072 3099 aliqua

2158 619 2250 672 καὶ
2277 617 2370 671 τὸν
2401 616 2644 686 ποιητὴν
2674 612 2776 666 διὰ
2802 611 2884 663 τὰ
2913 607 3277 686 τξοιήματα,
3311 602 3424 686 καὶ
3453 600 3554 651 τὸν
3590 601 3884 668 παεντοκρά.

2156 725 2287 778 τορα
2318 705 2408 759 διὰ
2439 676 3314 773 τὰ-’κρατούμενα.λὲγεσθαι’
3362 684 3607 778 ἀνάγξη
3640 686 3701 752 ἐξ
3727 688 3882 757 ἀρχῆς

2158 775 2292 850 «eis
2318 794 2424 848 ὑπὸ
2455 793 2550 846 τοῦ
2579 793 2727 845 Θεθῦ
2757 786 3170 859 γεγενῆσθαι,
3212 781 3329 835 καὶ
3370 779 3460 849 μὴ
3507 775 3658 832 εἶναι
3687 780 3880 848 χρόνω,

2159 887 2248 939 ὅτε
2287 877 2387 938 οὒκ
2416 876 2485 955 ἦν
2526 884 2738 938 ταῦτα.
2807 880 2884 934 Et
2935 874 3170 932 deinde
3209 891 3227 926 :
3290 869 3486 923 Ἀλλὰ
3523 869 3627 920 καὶ
3657 868 3879 922 ἀλλοιοῦ-

2163 977 2307 1039 σθαι,
2341 977 2435 1029 καὶ
2469 973 2860 1045 μεταϐάλλειν
2886 970 2994 1022 τὸν
3019 967 3364 1037 ’ἄτρεπτον
3394 963 3507 1015 καὶ
3539 961 3883 1014 ἀναλλοίωτον

2165 1067 2509 1136 συμϐήσεται
2545 1065 2689 1117 θεόν
2711 1082 2726 1095 ο
2771 1065 2824 1116 εἰ
2864 1062 2989 1131 γὰρ
3029 1058 3312 1127 ὕστερον
3346 1053 3659 1122 πεποίηκε
3693 1051 3752 1103 τὸ
3776 1053 3886 1114 πᾶν,

2161 1156 2424 1224 δῆλονὸτι
2455 1155 2565 1207 ἀπὸ
2596 1153 2698 1207 τοῦ
2729 1154 2809 1225 μὴ
2856 1152 3058 1203 ποιεῖν
3101 1150 3204 1209 εἰς
3247 1145 3325 1198 τδ
3362 1147 3568 1198 ποιεῖν
3608 1144 3886 1213 μετέϐαλεν

2163 1245 2320 1298 τοῦτο
2365 1247 2422 1298 δὲ
2451 1243 2668 1299 ’ἄτοπον
2711 1243 2863 1314 μετὰ
2907 1241 3039 1294 τῶν
3080 1236 3624 1310 προειρημένων
3658 1235 3758 1286 οὒκ
3800 1235 3891 1303 ἄρα.

2162 1336 2384 1388 δυνατδν
2437 1335 2622 1402 λέγειν
2678 1334 2757 1404 μὴ
2815 1329 2978 1386 εῖναι
3027 1331 3328 1399 ἄναρχον
3367 1327 3481 1380 καὶ
3524 1325 3798 1378 summm
3825 1327 3890 1393 τῷ

2163 1424 2283 1493 Θεῷ
2323 1425 2386 1478 τὸ
2415 1422 2559 1478 atii“
2603 1443 2622 1476 ι
2647 1423 2706 1479 Si
2753 1439 2865 1478 non
2919 1433 3019 1476 est
3078 1419 3312 1490 opifex
3358 1419 3501 1472 sine
3536 1415 3796 1484 Opiﬁciis,
3822 1418 3891 1469 vel

2127 1568 2130 1571 Α
2165 1515 2413 1568 conditor
2462 1516 2586 1568 sine
2633 1529 2696 1568 re
2736 1513 3015 1575 condita,
3083 1524 3314 1576 neque
3354 1506 3760 1586 Omnipotens
3792 1507 3892 1560 sine

2165 1606 2328 1659 rebus
2349 1603 2677 1674 gubernatis
2703 1621 2718 1667 ;
2751 1617 2890 1656 nam
2920 1601 3243 1670 opificem
3287 1598 3561 1652 necesse
3587 1605 3678 1652 est
3705 1607 3892 1666 propter

2163 1698 2406 1764 opiﬁcia,
2452 1706 2510 1750 et
2566 1691 2934 1750 Conditorem
3000 1701 3293 1762 pr0pter
3358 1704 3467 1744 res
3529 1689 3812 1753 conditas,
3850 1703 3892 1744 et

2169 1786 2613 1854 Omnipotentem
2663 1793 2904 1851 propter
2966 1796 3076 1835 res
3154 1779 3572 1848 gubernatas
3635 1777 3786 1830 dici:
3821 1793 3892 1830 net

2167 1891 2330 1931 cesse
2369 1884 2456 1930 est
2485 1875 2554 1927 ab
2590 1873 2757 1927 initio
2810 1872 2944 1926 haec
2986 1887 3020 1925 a
3066 1871 3215 1924 Deo
3271 1868 3482 1924 fuisse
3518 1867 3714 1934 facta;
3748 1884 3892 1937 neque

2166 1980 2286 2022 esse
2315 1975 2557 2034 tempus,
2599 1964 2835 2032 quando
2869 1963 3005 2016 lucc
3041 1975 3182 2013 non
3235 1959 3513 2012 fuerint.
3537 1978 3557 2009 ι
3603 1958 3673 2012 Et
3693 1958 3892 2012 deinde:

2172 2055 2322 2110 «Sed
2355 2057 2563 2109 variari
2627 2064 2688 2108 et
2725 2052 2950 2106 mutari
3009 2048 3520 2104 immutabilem
3573 2057 3635 2102 et
3685 2048 3892 2103 invaria-

2165 2143 2328 2198 bilem
2364 2142 2536 2196 Deum
2570 2142 2895 2210 continget.
2957 2136 3136 2192 Nam
3177 2138 3244 2192 si
3295 2139 3532 2193 deinde
3557 2139 3746 2191 omnia
3777 2137 3892 2200 fecit,

2167 2233 2514 2287 manifestum
2548 2241 2634 2286 est
2673 2232 2834 2286 illum
2864 2246 2896 2286 a
2932 2247 3067 2285 non
3113 2231 3439 2286 faciendo
3489 2231 3564 2284 ad
3610 2229 3892 2285 faciendun

2167 2321 2450 2374 transisse.
2518 2320 2843 2374 Absurdnm
2909 2329 3144 2391 autem
3243 2320 3411 2374 illud
3479 2336 3558 2374 ex
3614 2322 3892 2374 antedictis.

2154 2411 2288 2482 .Dici
2327 2425 2456 2480 ergo
2491 2424 2604 2464 non
2644 2419 2838 2479 potest
2873 2425 3002 2464 non
3047 2425 3216 2465 esse
3251 2411 3562 2482 principii
3611 2426 3822 2480 expers,
3859 2422 3892 2466 el

2170 2505 2280 2557 Deo
2311 2511 2649 2556 comternum
2683 2502 2797 2555 hoc
2839 2501 3274 2556 universum.
3311 2520 3335 2552 ι
3387 2499 3656 2570 Dignum
3698 2511 3751 2556 et
3784 2502 3892 2555 istual

2169 2601 2253 2645 est
2279 2588 2770 2643 animadversione
2811 2589 2979 2657 quod
3037 2590 3146 2643 ait
3228 2591 3660 2645 Adamantius
3687 2588 3892 2645 bomll

2169 2681 2224 2733 in
2263 2679 2488 2742 Isaiam,
2542 2694 2696 2732 num.
2728 2679 2786 2741 l,
2843 2678 3056 2744 (Quae
3119 2689 3294 2736 ante
3354 2685 3657 2737 mundum
3708 2682 3892 2743 fuerint,

2170 2768 2515 2837 ignoramus;
2565 2767 2796 2820 fuerunt
2853 2783 3056 2836 porro
3095 2772 3423 2838 quaedam
3459 2785 3605 2826 ante
3651 2771 3892 2825 mundun.

2171 2856 2300 2923 Quae
2333 2864 2454 2925 post
2495 2856 2768 2910 mundum
2821 2867 3143 2913 secutura
3215 2870 3409 2926 sunt,
3467 2862 3545 2916 ad
3581 2873 3786 2916 certum
3815 2876 3892 2933 non

2171 2944 2674 3012 apprehendimus;
2716 2954 2898 3000 erunt
2928 2957 3170 3001 autem
3228 2950 3364 3004 alia
3407 2961 3551 3019 post
3588 2953 3884 3007 mundum»

2171 3030 2249 3084 Ne
2281 3033 2404 3101 quis
2434 3049 2567 3087 vero
2609 3033 2706 3087 Dei
2755 3033 2984 3089 Filium
3045 3037 3172 3092 hic
3248 3041 3604 3112 intelligat,
3654 3045 3747 3113 qni
3797 3055 3892 3098 ante

534 3119 694 3173 habet
723 3118 774 3172 in
807 3135 924 3187 quae
955 3121 1244 3188 potentiam
1273 3135 1421 3173 suam
1451 3135 1704 3174 exercere
1731 3120 1896 3188 possit
1927 3139 1941 3175 :
1974 3137 1993 3170 r
2019 3130 2074 3174 et
2099 3139 2142 3197 ο
2175 3123 2367 3176 saecula
2416 3140 2444 3175 a
2487 3122 2655 3177 Patre
2693 3128 2934 3194 genitus
2975 3140 3114 3196 est,
3157 3134 3271 3188 vel
3308 3135 3620 3203 Spiritum
3659 3144 3892 3200 sanctum,

534 3209 677 3274 ideo,
723 3218 778 3260 ut
810 3210 1146 3277 omnipotens
1189 3211 1501 3262 ostendatur
1530 3208 1694 3270 Deus,
1737 3209 1914 3267 omnia
1943 3207 2072 3266 sub-

534 3297 725 3350 sistere
751 3311 966 3351 necesse
1003 3311 1120 3351 esse
1143 3313 1158 3350 :
1185 3315 1203 3347 ι
1240 3297 1378 3362 quod
1417 3297 1460 3349 si
1493 3297 1616 3364 quis
1649 3297 1936 3361 aliquando
1972 3309 2076 3350 non

536 3385 700 3441 fuisse
726 3388 855 3440 velit
878 3403 938 3441 ea
974 3402 1091 3454 quae
1127 3386 1376 3453 deinceps
1406 3385 1542 3440 facta
1577 3396 1719 3450 sunt,
1749 3385 1872 3440 huic
1909 3385 2080 3439 faten-

537 3477 662 3528 dum
697 3491 816 3529 esse
851 3478 1152 3530 necessario
1181 3476 1596 3542 omnipotentem
1627 3483 1752 3528 tunc
1785 3490 1887 3528 non
1913 3476 2080 3530 fuisse

539 3563 726 3628 Deum,
763 3566 1199 3631 omnipotentiam
1239 3579 1364 3618 vero
1396 3564 1583 3616 deinde
1624 3566 1919 3632 accepisse,
1954 3583 2078 3622 cum

539 3650 738 3706 habere
759 3653 922 3719 carpit
955 3669 1074 3720 qua:
1103 3652 1336 3720 potentia
1366 3666 1460 3704 sua
1505 3653 1844 3720 gubernaret.
1881 3672 1900 3705 ι
1927 3655 2080 3721 Quod

537 3740 586 3796 si
635 3755 904 3808 nunquam
953 3751 1057 3802 est,
1096 3741 1284 3808 inquit,
1339 3741 1553 3809 quando
1599 3754 1702 3794 non
1746 3743 2080 3811 omnipotens

541 3832 722 3894 fuerit,
763 3832 1060 3884 necessario
1106 3831 1400 3885 subsistere
1428 3838 1637 3898 oportet
1683 3831 1845 3885 etiam
1887 3847 1949 3886 ea
1985 3849 2078 3902 per

541 3936 660 3990 qua:
683 3923 1018 3988 omnipotens
1043 3922 1254 3987 dicitur,
1284 3930 1337 3974 et
1365 3934 1574 3988 semper
1601 3921 1776 3974 habuit
1806 3922 1858 3974 in
1887 3925 2081 3990 quibus

541 4011 842 4064 exercuerit
872 4020 1226 4079 potentatum,
1271 4021 1325 4064 et
1367 4024 1484 4078 qua:
1513 4010 1710 4062 fuerint
1737 4010 1802 4063 ab
1840 4012 1975 4078 ipso,
1999 4014 2082 4067 vel

542 4113 686 4168 rege,
728 4099 813 4154 vel
847 4101 1081 4168 principe
1123 4101 1413 4155 moderata.
1447 4121 1465 4153 ι
1513 4099 1756 4156 Oﬂiciose
1786 4102 1996 4170 quidem
2030 4115 2084 4158 et

542 4189 713 4244 amico
749 4190 1004 4244 adversus
1035 4190 1318 4259 Origenem
1368 4192 1546 4244 animo
1569 4230 1584 4256 ,
1627 4199 1682 4243 at
1725 4205 1830 4244 non
1865 4191 2082 4259 perinde

545 4292 686 4342 vere,
709 4279 760 4332 id
785 4280 882 4334 sibi
905 4281 1038 4335 velle
1066 4295 1184 4334 eum
1211 4281 1430 4334 adnotat
1453 4279 1844 4346 Genebrardns,
1873 4300 1890 4331 σ
1918 4281 2080 4336 Deum

547 4370 759 4424 Patrem
787 4372 1224 4440 omnipotentiam
1257 4387 1405 4426 suam
1456 4371 1774 4437 ostendisse,
1826 4373 1950 4426 dum
1993 4389 2082 4444 ge-

2175 3213 2265 3280 qui
2302 3228 2695 3281 nunquamnon
2735 3217 2810 3270 ab
2864 3228 3168 3290 utroque
3207 3227 3563 3294 processit,
3598 3242 3768 3296 aquas
3807 3227 3892 3280 illa:

2176 3317 2334 3370 super
2379 3317 2517 3370 quas
2583 3303 2884 3360 ferebatur
2939 3309 3263 3380 Spiritus
3338 3317 3496 3382 Dei,
3553 3330 3612 3371 et
3684 3319 3892 3372 tenebrat

2175 3407 2294 3461 quae
2344 3401 2499 3446 erant
2563 3409 2736 3464 super
2791 3396 3025 3463 faciem
3097 3407 3374 3476 abyssi,
3412 3418 3658 3465 creatas
3695 3409 3892 3479 quidem,

2176 3481 2267 3535 sed
2301 3490 2478 3571 tamen
2521 3485 2735 3540 mundo
2773 3489 3206 3559 antiquiores
3285 3499 3645 3571 intelligere
3670 3515 3730 3555 se
3756 3499 3892 3553 decla-

2178 3580 2279 3625 rat.
2322 3570 2390 3622 Et
2421 3572 2645 3627 demum
2678 3593 2693 3628 :
2750 3593 2772 3626 ί
2802 3577 2912 3644 Ea,
2954 3580 3216 3649 inquit,
3268 3604 3444 3654 qum.
3461 3570 3601 3658 post
3632 3602 3892 3645 extremm

2177 3660 2431 3714 saeculum
2457 3661 2641 3716 futura
2683 3667 2910 3721 suntin
2949 3675 3214 3728 saecula
3249 3681 3631 3735 saeculorum
3665 3684 3783 3751 quis
3827 3698 3892 3749 po-

2179 3759 2284 3804 test
2325 3753 2634 3819 exponerc?
2687 3753 3112 3814 Garrulorum
3164 3775 3282 3820 est
3353 3769 3683 3826 hominum
3742 3771 3892 3826 borum

2179 3840 2433 3894 notitiam
2479 3840 2758 3909 polliceri.
2793 3863 2813 3895 ι

2251 3929 2406 4023 Quod
2434 3941 2616 4023 autem
2641 3931 2974 4023 materiam
3002 3941 3147 3999 Deo
3177 3953 3587 4007 coeternam
3613 3952 3892 4023 impugnans

2183 4018 2402 4074 disserit
2436 4020 2490 4074 in
2516 4017 2838 4078 Comment.
2882 4029 2946 4082 in
2982 4029 3232 4090 Cenes.
3273 4055 3325 4104 ι,
3366 4043 3473 4106 l2,
3500 4054 3564 4099 et
3591 4017 3892 4108 lim-niues!

2181 4109 2403 4201 ἀρκῶν,
2454 4113 2662 4179 Cap-1.
2709 4130 2880 4175 mlm.
2915 4120 2984 4187 4,
3046 4126 3158 4180 sic
3226 4134 3678 4201 accipiendum
3704 4143 3811 4201 est;
3841 4148 3892 4186 re

2185 4200 2416 4269 pudiare
2463 4216 2588 4254 eum
2650 4205 2891 4272 quidem
2959 4220 3337 4276 materiam
3389 4200 3594 4279 "illam
3652 4227 3892 4294 ἀγένητον,

2181 4299 2301 4383 ortn
2416 4291 2695 4383 principio
2730 4310 3087 4370 carentem,
3130 4311 3415 4377 qualem
3450 4291 3892 4383 invexerantrphi

2182 4377 2394 4446 losophi
2425 4381 2650 4475 quidam
2676 4422 2693 4448 ,
2736 4396 2799 4438 et
2834 4386 3259 4455 Marcionita:
3313 4405 3765 4475 defendebant,

545 4458 660 4512 nuit
696 4459 885 4514 Filium
917 4479 932 4515 :
981 4479 1045 4516 ac
1080 4463 1182 4517 nisi
1221 4463 1510 4534 genuisset,
1563 4478 1668 4517 non
1716 4462 1883 4565 fuisse
1908 4467 2081 4520 omni-
2111 4461 2154 4514 D
2184 4481 2440 4534 coaevam,
2481 4477 2542 4523 et
2563 4470 2810 4529 alterum
2867 4493 3096 4538 rerum
3171 4458 3892 4565 princfipiurvnvzwat'nihik

545 4559 812 4619 potentem
841 4571 855 4606 :
887 4569 905 4602 ι
951 4569 1075 4608 nam
1117 4556 1182 4608 de
1234 4555 1392 4610 rebus
1438 4568 1659 4608 numero
1707 4553 1970 4622 pluribus,
2028 4557 2079 4610 in

547 4652 666 4705 qua:
716 4638 999 4706 imperium
1038 4652 1216 4696 teneat
1265 4645 1424 4709 Deus,
1472 4657 1574 4696 non
1621 4643 1688 4696 de
1732 4657 1838 4696 una
1882 4644 2078 4714 aliqua,

546 4723 721 4792 qualis
761 4734 842 4779 est
872 4725 1063 4791 Filius,
1094 4745 1253 4797 agere
1281 4731 1573 4798 Origenem‘
1593 4729 1933 4784 manifestum
1965 4743 2078 4788 est:

554 4814 648 4868 sed
704 4821 757 4866 et
805 4827 891 4867 res
939 4825 1142 4870 creatas
1189 4817 1242 4870 in
1281 4820 1459 4873 animo
1507 4820 1754 4874 habuisse
1795 4820 1925 4874 satis
1953 4821 2079 4874 illud

547 4901 743 4957 evincit
771 4901 912 4970 quod
941 4905 1178 4970 sequitur
1203 4923 1217 4958 :
1259 4925 1278 4956 ι
1305 4908 1596 4976 ῡαῳιίιωε
1627 4907 1833 4976 plenius
1863 4909 1914 4962 in
1949 4909 2081 4965 locis

549 4989 795 5061 propriis,
833 4990 886 5042 in
928 4990 1118 5057 quibus
1159 4995 1222 5046 de
1260 4996 1520 5050 creaturis
1564 4995 1680 5062 ejus
1707 4997 2081 5065 disputandum

550 5081 733 5146 fuerit,
765 5079 1105 5135 disseremus.
1135 5100 1154 5132 ι
1197 5083 1273 5135 Ac
1308 5085 1548 5151 superior
1592 5086 1678 5140 ille
1718 5087 1864 5142 locus
1895 5087 2085 5155 Orige-

551 5170 636 5226 nis
667 5169 747 5223 vel
781 5168 916 5221 alter
964 5177 1107 5221 certe
1150 5169 1244 5235 ipsi
1287 5173 1594 5240 consimilis,
1640 5177 1866 5230 refertur
1913 5191 1942 5230 a
1981 5176 2088 5232 Me-

555 5261 740 5316 tltodio
766 5260 817 5313 in
862 5258 994 5311 libro
1019 5258 1154 5324 Περὶ
1193 5257 1308 5310 τῶν
1335 5263 1612 5328 γενητῶν,
1647 5267 1808 5335 cujus
1833 5277 2084 5334 excerpta

552 5348 718 5405 habet
739 5348 958 5405 Pbotius
989 5350 1106 5402 cod.
1135 5362 1358 5401 ccxxxv.
1391 5351 1454 5401 Et
1481 5352 1757 5419 οὐκέστιν,
1785 5354 1972 5422 inquit,
1995 5353 2089 5425 δη-
2165 5365 2173 5375 ’

557 5441 808 5511 μιουργὺς
832 5441 955 5494 ἄνευ
972 5439 1160 5510 δημιου
1169 5454 1268 5508 ργη
1275 5438 1474 5507 μάτων,
1495 5440 1528 5509 ἦ
1551 5444 1771 5512 ποιητὴς
1786 5443 1912 5495 ἄνευ
1941 5460 2089 5514 ποιη-

560 5530 773 5597 μάτων,
806 5531 923 5583 οὐδὲ
951 5529 1338 5599 παντοκράτωρ
1378 5527 1501 5580 ἄνευ
1541 5530 1646 5582 τῶν
1682 5533 2097 5601 κρατουμένωνο’

625 5641 736 5708 (53)
781 5643 882 5696 Sed
917 5654 1035 5698 ante
1081 5639 1274 5698 reicula
1317 5642 1389 5694 ila
1426 5658 1459 5693 a
1495 5641 1600 5694 Deo
1633 5657 1979 5709 procreatam,
2022 5658 2079 5701 ut

556 5705 727 5763 lumen
779 5726 811 5762 α
853 5712 961 5765 sole
1008 5713 1373 5782 proﬁciscitur.
1425 5710 1550 5766 Vide
1597 5705 1754 5782 supra
1807 5705 1994 5781 quaest.
2021 5717 2082 5785 2,

2183 4558 2363 4657 secius
2408 4558 2698 4657 materiam
2737 4565 2917 4622 aliam
2984 4558 3576 4652 adniiittere,-non
3628 4603 3783 4647 ortus
3807 4594 3892 4657 qui

2185 4650 2303 4740 dein
2328 4659 2385 4702 et
2410 4649 2672 4719 principii
2713 4668 3070 4727 expertem,
3115 4669 3269 4740 (33)
3307 4649 3430 4733 sed
3467 4693 3615 4737 ante
3644 4649 3832 4737 secula
3855 4683 3892 4734 ill

2187 4737 2351 4842 aDeo
2381 4751 2754 4842 procreatam,
2802 4755 2873 4800 ut
2952 4751 3200 4815 lumen
3247 4737 3298 4818 ia
3350 4769 3494 4823 sole
3539 4774 3891 4842 proﬁciscitur

2188 4827 2244 4935 in
2275 4843 2343 4935 eo
2374 4843 2506 4899 ergo
2544 4831 2616 4934 ab
2643 4833 2948 4935 haereticis
2985 4843 3124 4904 illis
3160 4827 3806 4935 dissentiebat,‘quod
3828 4865 3892 4916 dis

2188 4917 2243 4971 hi
2279 4934 2458 4973 rerum
2497 4923 2777 5018 principia
2816 4943 3169 5008 ponerent,
3216 4945 3462 5018 Deum,
3517 4965 3584 5010 et
3612 4917 3892 5011 alterum.

2186 5017 2476 5100 utrumque
2516 5013 2748 5082 utrique
2783 5031 3222 5099 coaeternum,
3293 5013 3604 5099 neutrum
3662 5047 3735 5100 ab
3770 5045 3892 5099 διιεῖ(

2186 5097 2468 5162 Pomm“;
2521 5100 2617 5156 me
2664 5105 2844 5162 Deum
2903 5097 3215 5177 unicum:
3257 5097 3892 5192 rerumvunivers'arun

2187 5290 2469 5374 93“me
2509 5285 2886 5350 Ρνοάυιθτθιο
2939 5293 3233 5364 Mundus
3297 5284 3516 5371 autem
3579 5333 3660 5374 ex
3712 5315 3892 5373 materi:

2189 5365 2603 5479 unatrans
2654 5381 2896 5479 οοηίιετε
2945 5387 3276 5479 angebat.
3306 5365 3313 5366 θ
3342 5365 3892 5479 nassam;

2192 5453 2594 5533 Marcionistis,
2631 5475 2902 5533 quamvis
2958 5478 2974 5530 i

2503 5677 2942 5761 Observationes
2961 5701 3220 5753 nosu'as
3240 5699 3304 5756 in
3336 5703 3480 5760 hac
3503 5705 3706 5761 lluetii
3728 5704 3879 5756 verba

2385 5741 2398 5752 .
2460 5731 2471 5739 ,
2584 5731 2605 5733 —
2622 5731 2662 5762 χε
2692 5731 2702 5734 ν
2718 5731 2942 5741 -ν-ν--ν-
2963 5731 3132 5747 uvva
3148 5731 3220 5753 tua
3240 5731 3304 5756 Ill
3336 5731 3480 5760 ll“
3503 5731 3706 5761 ιιυειη
3729 5731 3843 5756 ν’πηλ

2196 5731 2278 5784 vel
2305 5753 2434 5830 quia
2453 5755 2746 5808 materiam
2767 5770 2796 5809 e
2824 5771 2934 5827 qua
2959 5764 3272 5832 conﬂatus
3299 5782 3390 5828 es:
3421 5777 3707 5843 mrtuus,
3739 5782 3843 5829 εω-
