3920 6476
214 505 383 563 1055
1058 515 1614 574 ORIGENIANORUM
1649 514 1776 571 LIB.

1919 515 2070 572 CAP.
2101 515 2168 580 ll,
2202 513 2472 582 QUEST.
2513 512 2622 566 XII.
3278 505 3416 562 ιοδι

207 621 626 679 ratiocinatum
677 640 801 683 esse
849 631 1011 686 refert
1041 630 1394 690 Tertullianus
1451 635 1586 689 libro
1629 647 1790 702 pecn-
1818 637 1864 694 Α
1889 643 1944 688 et
1980 631 2132 688 Isaiae
2164 632 2300 694 loco,
2331 631 2396 685 ad
2433 646 2588 700 quem
2625 625 2757 682 falsa
2788 623 3221 693 interpretatione
3247 623 3420 676 detor-

207 711 353 766 liari
395 715 580 784 ipsum
611 731 962 788 oppugnatis;
1007 720 1169 776 Deum
1200 725 1341 778 enim
1375 724 1549 779 aiebat
1581 737 1789 791 semper
1822 776 1852 798 κ
1890 733 1999 780 ιιιιιι
2065 723 2409 792 interpolatas
2473 720 2590 774 illas
2650 715 3109 787 philosophorum:J
3140 713 3419 784 opiniones

207 799 406 858 fuisse
443 805 773 874 Dominum;
820 809 1098 865 Dominum
1139 822 1314 868 autem
1356 816 1424 870 ab
1466 815 1607 870 omni
1646 822 1790 868 retro

205 905 358 947 avo
383 908 516 949 esse
543 910 648 950 non
684 899 940 964 potuisse,
977 899 1076 953 nisi
1103 915 1313 966 semper
1344 902 1534 956 fuisset
1567 903 1788 972 aliquid,

206 981 392 1048 cuius
439 993 588 1039 esset
626 986 918 1052 Dominus;
959 989 1284 1060 proindeque
1315 991 1549 1048 materia:
1577 1006 1790 1060 semper

207 1073 535 1127 Dominum
567 1075 772 1142 fuisse;
804 1077 945 1135 unde
969 1077 1196 1133 eilicitur
1217 1094 1591 1148 nunquamnon
1625 1081 1788 1137 fuisse

206 1162 554 1218 materiam.
595 1163 743 1219 Hanc
771 1167 1223 1223 ratiocinationem
1251 1183 1282 1224 a
1314 1169 1581 1225 veteribus
1618 1172 1789 1236 philo-

204 1251 423 1320 sophis
455 1263 804 1320 sumpserant
834 1255 1187 1311 Marcionistae
1210 1297 1227 1324 ,
1267 1273 1489 1332 eamque
1519 1263 1570 1313 in
1601 1260 1788 1316 Proclo

165 1335 169 1338 ’
203 1342 441 1396 obterit
483 1341 814 1412 Philoponus
845 1345 915 1400 De
942 1347 1226 1400 wternitate
1267 1350 1467 1403 mundi.
1501 1350 1570 1402 At
1599 1366 1786 1419 quam-

209 1432 301 1486 vis
335 1433 616 1486 mundum
649 1449 714 1488 ex
749 1437 967 1490 materia
999 1438 1207 1506 quidem
1250 1449 1481 1503 aeterna,
1511 1455 1541 1494 a
1567 1440 1672 1495 Deo
1706 1450 1786 1494 ta-

203 1510 346 1573 men
403 1521 690 1574 conditum
735 1521 933 1577 dixerit
981 1533 1100 1592 post
1123 1524 1392 1580 Socratem
1425 1526 1606 1592 Plato;
1653 1536 1706 1580 et
1734 1528 1788 1581 in

202 1617 482 1676 tempore
533 1625 746 1680 quoque
782 1601 1020 1668 creatum
1065 1613 1437 1682 aﬂirmaverit,
1474 1624 1534 1670 ut
1577 1617 1790 1671 tradunt

201 1699 588 1766 Ambrosius,
641 1711 696 1757 et
743 1701 1029 1759 Zacharias
1080 1704 1449 1776 Mitylenaeus;
1498 1715 1658 1776 atque
1715 1707 1788 1762 ita

200 1789 436 1845 dixisse
467 1806 598 1845 eum
614 1793 929 1848 Aristoteles
951 1804 1004 1848 et
1022 1793 1422 1864 Theophrastus
1444 1797 1784 1864 censuerint;

200 1877 503 1933 Platonici
555 1889 732 1935 tamen
777 1883 1120 1950 recentiores,
1163 1893 1221 1938 ut
1262 1887 1576 1957 magistrum
1632 1902 1784 1942 suum

1887 813 2224 870 concinnavit
2251 811 2343 866 lib.
2368 826 2428 866 ιιι
2460 807 2596 876 Περὶ
2633 805 2849 875 ἀρχῶν,
2887 819 3003 874 cap.
3040 805 3094 869 5,
3130 819 3276 858 num.
3300 803 3354 859 5.

1955 989 2019 1045 ν.
2047 988 2260 1062 Minime
2291 987 2416 1048 illud
2449 985 2663 1056 quidem
2706 985 2913 1041 silentio
2944 1000 3186 1054 pressum
3233 982 3418 1044 Patres

1887 1080 2098 1150 Origeni
2135 1078 2518 1140 condonarunt,
2566 1090 2688 1128 nam
2726 1085 2778 1129 et
2815 1075 3070 1130 refellitur
3097 1091 3123 1127 a
3153 1074 3420 1128 Metlioilio

1887 1171 2306 1243 apud.Photium,
2331 1168 2449 1224 cod.
2480 1181 2704 1230 ccxxxv,
2731 1173 2785 1218 et
2816 1166 2881 1219 ab
2918 1165 3235 1234 Hieronymo
3262 1164 3415 1233 epist.

1887 1264 1976 1326 59,
2002 1263 2066 1315 ad
2101 1261 2264 1322 Avit.,
2291 1274 2404 1327 cap.
2428 1257 2481 1323 2,
2500 1259 2581 1312 his
2610 1255 2787 1310 verbis
2813 1273 2826 1308 :
2863 1273 2883 1306 ι
2923 1255 2980 1308 1η
2997 1256 3226 1310 secundo
3247 1264 3418 1308 autem

1886 1355 2021 1408 libro
2065 1351 2201 1418 Περὶ
2241 1348 2440 1418 ἀρχῶν
2476 1348 2698 1401 mundos
2735 1344 2925 1400 asserit
2982 1344 3417 1409 innumerabiles,

1888 1459 1991 1499 non
2021 1439 2171 1511 juxta
2200 1441 2483 1508 Epicurum
2513 1451 2619 1491 uno
2664 1443 2901 1505 tempore
2943 1432 3196 1502 plurimos
3241 1441 3294 1486 et
3336 1435 3418 1488 sui

1886 1535 2103 1600 similes,
2147 1532 2240 1586 sed
2279 1538 2394 1598 post
2416 1528 2630 1582 alterius
2656 1526 2834 1579 mundi
2867 1524 3023 1578 finem
3051 1521 3270 1577 alterius
3304 1535 3422 1577 esse

1885 1622 2200 1696 principlnu:
2233 1628 2324 1674 :et
2347 1626 2472 1673 ante
2499 1617 2640 1670 hunc
2681 1625 2918 1670 nostrum
2958 1613 3231 1677 mundum,
3263 1611 3422 1665 alium

1886 1714 2051 1769 fuisse
2071 1711 2326 1766 mundum
2362 1727 2376 1763 :
2407 1718 2458 1762 et
2485 1717 2602 1776 post
2619 1707 2759 1761 hunc
2779 1705 2937 1760 alium
2960 1718 3076 1758 esse
3093 1703 3348 1765 futurum,
3370 1710 3424 1755 et

1887 1803 2175 1876 post-illum
2195 1801 2376 1865 alium,
2405 1809 2722 1864 rursumque
2750 1803 2864 1862 post
2882 1803 3120 1848 caeteros.
3143 1791 3208 1845 Et
3221 1791 3424 1845 dubitat

1888 1903 2064 1950 utrum
2097 1888 2306 1946 futurus
2339 1889 2408 1943 sit
2430 1886 2657 1941 mundus
2684 1883 2836 1939 alteri
2872 1884 3069 1944 mundo
3092 1882 3164 1935 ita
3190 1895 3255 1936 ex
3280 1882 3423 1937 omni

200 1981 339 2020 cum
374 1969 688 2038 Aristotele
717 1970 1102 2039 conciliarent,
1125 1971 1322 2028 factum
1364 1975 1576 2044 quidem
1619 1993 1786 2030 mun-

1886 1992 2034 2055 parte
2063 1979 2372 2044 consimilis,
2407 1987 2466 2031 ut
2503 1975 2645 2030 nullo
2679 1975 2817 2029 inter
2859 1988 2917 2029 se
2959 1972 3156 2026 distare
3204 1971 3422 2024 videan-

199 2054 344 2108 dum
402 2056 619 2111 dixisse
658 2057 929 2114 Platonem
982 2060 1297 2128 fatebantur,
1346 2071 1402 2118 at
1451 2065 1518 2119 ab
1550 2074 1782 2129 aeterno;

199 2136 355 2199 adeo
391 2154 457 2198 ut
501 2146 766 2216 principio
801 2149 1068 2226 temporis,
1098 2157 1322 2215 careret,
1350 2152 1442 2206 sed
1467 2153 1785 2222 principium

197 2249 429 2300 causae,
494 2235 662 2289 Deum
695 2250 882 2304 nempe
925 2237 1178 2304 haberet;
1224 2257 1243 2291 ‹
1271 2255 1368 2294 nec
1397 2241 1540 2297 esset
1569 2236 1671 2298 hoc
1707 2247 1786 2299 vi-

194 2322 421 2378 delicet
457 2325 738 2394 temporis,
771 2325 863 2379 sed
895 2327 1281 2399 substitutionis
1315 2329 1543 2396 initium,
1566 2350 1584 2383 ι
1619 2341 1680 2386 ut
1711 2335 1788 2389 ait

194 2414 573 2483 Augustinus
605 2415 696 2469 lib.
720 2430 757 2469 ι
787 2415 863 2471 De
895 2418 1034 2472 civit.
1061 2417 1174 2482 Dei,
1208 2433 1325 2489 cap.
1353 2421 1440 2487 51,
1481 2421 1570 2489 qui
1604 2431 1657 2477 et
1686 2423 1787 2480 hoc

199 2502 650 2570 comparatione
701 2505 932 2573 quadam
986 2507 1239 2576 explicari
1295 2523 1322 2561 a
1379 2508 1667 2567 Platonicis
1713 2512 1786 2566 ita

199 2591 420 2646 scribit
457 2609 476 2643 :
528 2609 546 2642 ι
575 2592 725 2646 Sicut
767 2595 934 2659 enim,
969 2595 1232 2665 inquiunt,
1261 2598 1303 2651 si
1345 2613 1438 2666 pes
1466 2615 1531 2654 ex
1570 2602 1786 2655 aeterni-

199 2689 324 2735 tate
361 2696 596 2750 semper
623 2681 816 2759 fuisset
845 2684 896 2737 in
927 2685 1174 2753 pulvere,
1209 2701 1420 2756 semper
1451 2691 1498 2743 ei
1548 2691 1789 2746 subesset

197 2772 526 2839 vestigium
554 2789 570 2836 ;
597 2772 739 2839 quod
768 2783 944 2826 tamen
965 2775 1244 2845 vestigium
1267 2791 1296 2830 a
1321 2778 1560 2834 calcante
1590 2779 1786 2834 factum

197 2875 386 2915 nemo
449 2859 762 2926 dubitaret,
806 2876 904 2915 nec
949 2861 1172 2916 alterum
1215 2864 1382 2919 altero
1418 2866 1567 2936 prius
1627 2877 1785 2932 esset,

200 2939 490 3020 quamvis
539 2949 766 3004 alterum
815 2951 882 3004 ab
925 2950 1092 3005 altero
1119 2951 1316 3007 factum
1347 2964 1488 3010 esset
1522 2972 1537 3009 :
1577 2955 1676 3020 sic,
1705 2957 1787 3010 in-

198 3045 449 3112 quiunt,
485 3050 537 3095 et
577 3040 825 3105 mundus,
852 3051 1008 3110 atque
1041 3043 1094 3096 in
1122 3044 1209 3098 illo
1241 3045 1315 3098 dii
1345 3048 1529 3110 creati,
1563 3055 1619 3101 et
1652 3061 1790 3102 sem—

198 3149 308 3202 per
352 3132 614 3195 fuerunt,
641 3146 851 3198 semper
887 3133 1175 3186 exsistente
1211 3135 1302 3202 qui
1342 3133 1490 3200 fecit,
1531 3144 1584 3190 et
1613 3144 1789 3189 tamen

200 3225 348 3279 facti
406 3231 562 3278 sunt.
595 3241 617 3274 ι
674 3221 847 3290 Atque
901 3222 1037 3278 hanc
1082 3222 1247 3278 fuisse
1280 3223 1516 3299 Platonis
1557 3235 1790 3293 mentem

200 3312 569 3382 per-tendunt
601 3310 850 3376 Boetius;
879 3309 1184 3381 Simplicius
1221 3313 1368 3377 item,
1404 3312 1631 3378 Taurus,
1658 3313 1792 3368 Por-

200 3404 462 3475 phyrius
505 3413 562 3458 et
611 3401 867 3465 Proclus;
924 3402 1268 3478 Censorjnus,
1297 3405 1549 3474 Apuleius
1585 3414 1637 3460 et
1681 3405 1792 3460 Ma-

200 3493 484 3550 crobius.
545 3489 771 3561 Vigente
817 3491 919 3547 hac
962 3492 1140 3561 itaque
1166 3493 1412 3563 Origenis
1446 3494 1789 3564 temporibus,

200 3595 258 3638 et
298 3583 485 3651 vulgo
520 3582 664 3634 inter
690 3578 995 3635 Platonicos
1026 3590 1236 3650 recepta
1263 3582 1558 3650 sententia,
1587 3582 1642 3637 in
1673 3597 1791 3638 eam

200 3687 453 3745 quoque
487 3671 580 3725 ille
611 3669 898 3724 conCessit.

283 3764 362 3818 In
388 3762 633 3816 alterum
661 3773 820 3830 porro
840 3796 856 3817 .
885 3759 950 3814 de
976 3768 1231 3827 perpetua
1263 3759 1574 3816 mundorum
1600 3777 1791 3832 propa-

199 3855 460 3928 gatione
489 3850 748 3920 placitum
785 3849 920 3902 unde
949 3848 1194 3904 inductus
1219 3851 1306 3916 sit,
1340 3855 1384 3906 si
1413 3853 1532 3921 quis
1557 3869 1792 3922 querere

201 3943 385 4007 velit,
425 3937 566 3994 nihil
595 3936 831 3992 occurrit
860 3936 1198 3991 verisimilius
1225 3952 1384 4006 quam
1416 3940 1468 3992 id
1497 3941 1562 3994 ab
1591 3955 1654 3994 eo
1674 3955 1792 3996 esse

201 4033 538 4090 contictum
587 4027 656 4081 ad
704 4026 830 4080 illud
869 4023 1200 4089 Stoicorum,
1252 4027 1392 4094 quod
1441 4028 1793 4098 conﬂagratu-

205 4138 360 4181 rum
415 4117 682 4174 mundum
731 4117 873 4170 hunc
907 4117 1110 4180 statuit,
1151 4116 1422 4186 aliumque
1477 4118 1602 4173 huic
1647 4120 1792 4172 omni

203 4227 283 4268 ex
328 4217 501 4279 parte
539 4203 892 4268 consimilem,
917 4201 1000 4256 vel
1028 4217 1215 4271 parum
1239 4212 1385 4259 certe
1405 4204 1792 4276 discrepantem

203 4300 626 4374 proditurum;
661 4293 793 4347 adeo
818 4302 1003 4348 utnon
1036 4293 1194 4362 hujus
1226 4295 1395 4349 solum
1440 4294 1662 4366 ﬁguram
1702 4311 1794 4366 pe-

203 4393 386 4448 nitus
422 4385 654 4446 referat,
692 4383 784 4438 sed
828 4383 1040 4437 eosdem
1065 4385 1224 4437 etiam
1255 4398 1431 4449 casus,
1465 4385 1646 4440 eadem
1683 4399 1792 4440 om-

198 4483 310 4538 nia
334 4496 352 4544 ;
392 4476 684 4542 alteroque
709 4473 812 4527 hoc
834 4473 993 4525 etiam
1018 4473 1312 4537 combusto,
1342 4473 1501 4529 alium
1529 4475 1790 4531 oriturum

196 4582 453 4642 postea,
483 4579 553 4619 ac
595 4562 788 4617 deinde
824 4562 1010 4628 alium,
1051 4564 1450 4618 renascentibus
1496 4579 1704 4632 semper
1727 4579 1789 4621 ac

201 4654 709 4728 conflagrantibus
736 4651 966 4704 mundis.
1021 4650 1274 4705 Platonici
1316 4666 1463 4718 vero,
1507 4662 1560 4706 et
1587 4652 1787 4722 Pytha-

199 4751 408 4824 gorei,
437 4747 512 4800 ab
539 4742 806 4812 Egyptiis
844 4743 1112 4808 instructi,
1151 4744 1401 4797 mundum
1449 4745 1661 4814 quidem
1702 4746 1787 4798 in-

200 4833 651 4904 corruptibilem
683 4831 1050 4896 autumabant,
1095 4831 1188 4884 sed
1231 4831 1494 4887 sideribus
1521 4843 1637 4901 post
1681 4833 1790 4888 lon-

202 4947 317 5001 gos
344 4924 647 4981 anfractus
678 4924 744 4976 ad
779 4923 1017 4990 eamdem
1046 4923 1327 4977 stationem
1363 4924 1616 5000 reversis,
1667 4938 1787 4978 rur-

203 5035 351 5075 sum
402 5021 674 5069 eventura
705 5011 911 5075 eadem,
945 5009 1263 5080 eosdemque
1294 5011 1590 5065 nascituros
1619 5012 1789 5068 homi-

207 5123 353 5170 nes,
390 5112 453 5156 et
490 5101 545 5154 in
578 5100 856 5169 pristinam
886 5097 1110 5152 formam
1134 5099 1371 5154 reditura
1401 5099 1598 5163 omnia,
1632 5114 1787 5168 quam

207 5193 407 5253 simili
438 5189 656 5258 vigente
677 5196 942 5242 astrorum
973 5187 1235 5254 positione
1268 5195 1565 5242 tenuerunt.
1603 5186 1792 5253 Quam-

207 5291 310 5343 vis
340 5292 542 5338 autem
571 5278 827 5347 ejusmodi
850 5276 1192 5332 delirationes
1227 5277 1363 5333 libro
1397 5292 1432 5331 ν.
1457 5286 1633 5330 contra
1650 5275 1788 5334 Cels.

211 5384 396 5436 num.
421 5369 520 5431 20,
545 5370 611 5423 21
639 5377 690 5423 et
721 5384 836 5436 seq.
866 5367 1155 5436 exploscrit
1182 5367 1556 5433 Adamantius,
1603 5382 1700 5436 pro
1726 5383 1794 5426 eo

212 5484 290 5524 ac
314 5460 552 5525 debuit;
582 5458 923 5513 nihilominus
951 5466 1126 5512 tamen
1167 5473 1232 5513 ex
1269 5458 1353 5513 his
1391 5458 1617 5512 recoctis
1639 5472 1789 5513 suum

215 5553 376 5614 illud
411 5548 721 5620 procudisse
747 5547 935 5615 dogma
961 5547 1303 5614 censuerim;
1346 5546 1632 5602 accedente
1658 5561 1793 5616 prae-

217 5644 439 5704 sertim
467 5638 700 5709 gemino,
721 5650 876 5706 quem
907 5635 1252 5695 recitarimus
1279 5651 1466 5708 supra,
1494 5633 1792 5695 Salomonis

1886 2084 1999 2138 tur;
2031 2085 2102 2130 an
2137 2077 2286 2125 certe
2333 2082 2602 2134 nunquam
2655 2065 2880 2118 mundus
2922 2063 3072 2117 alteri
3127 2063 3324 2126 mundo
3355 2076 3424 2115 ex

1883 2171 1994 2217 toto
2014 2161 2345 2223 indiscretus,
2369 2166 2421 2210 et
2450 2155 2635 2210 similis
2661 2155 2731 2209 sit
2764 2154 2969 2208 futurus
2990 2153 3120 2224 (54).
3143 2172 3161 2204 ι
3186 2153 3302 2207 Mox
3330 2154 3426 2206 ad-

1886 2252 2034 2307 ducit
2056 2249 2215 2306 verba
2234 2247 2474 2318 Origenis
2505 2263 2518 2299 :
2543 2263 2561 2297 ι
2579 2246 2644 2300 Ει
2665 2244 2859 2299 idcirco
2892 2244 3120 2296 arbitror
3141 2257 3235 2311 pro
3256 2241 3426 2296 varie-

1886 2350 1998 2396 tate
2027 2354 2306 2396 causarum
2333 2339 2571 2392 diversos
2603 2337 2826 2390 mundos
2859 2334 3006 2398 ﬁeri;
3046 2342 3098 2388 et
3125 2333 3246 2388 elidi
3271 2347 3425 2388 erro-

1885 2447 1971 2486 res
1995 2445 2198 2493 eorum,
2255 2429 2342 2497 qui
2388 2427 2587 2482 similes
2642 2427 2723 2480 sui
2770 2425 2993 2478 mundos
3046 2437 3162 2478 esse
3207 2433 3426 2478 conten-

1884 2520 2036 2574 dunt.
2075 2537 2094 2571 ι
2134 2518 2347 2571 Tradita
2377 2516 2539 2571 fuisse
2567 2517 2680 2570 haec
2709 2517 2892 2570 eadem
2938 2516 3004 2570 ab
3035 2515 3260 2583 Origene
3289 2513 3380 2567 lib.
3407 2528 3424 2565 ι

1885 2619 1939 2665 et
1971 2625 2043 2679 ιιι,
2071 2607 2204 2675 Περὶ
2240 2605 2458 2675 ἀρχῶν,
2501 2605 2669 2668 refert
2720 2605 3073 2676 Hieronymus
3105 2619 3221 2673 cap.
3261 2604 3286 2657 Ι
3319 2603 3429 2657 (ειὸ

1875 2699 2119 2767 ejusdem
2164 2696 2432 2766 epistolze;
2480 2693 2828 2764 quamobrem
2876 2703 2929 2746 et
2969 2695 3110 2747 hunc
3144 2694 3194 2746 in
3227 2695 3426 2747 crimen

1885 2798 2042 2845 vocat
2079 2787 2293 2857 Apolog.
2330 2785 2420 2840 lib.
2450 2800 2490 2850 ι,
2514 2799 2629 2853 cap.
2661 2783 2713 2848 5,
2751 2793 2804 2835 et
2833 2782 2926 2836 lib.
2974 2798 3036 2848 ιι,
3071 2797 3190 2850 cap.
3245 2784 3298 2836 5.
3336 2781 3428 2836 Ju-

1888 2879 2146 2937 stinianus
2175 2889 2384 2945 quoque
2425 2875 2478 2928 in
2507 2872 2726 2943 epistola
2760 2871 2825 2925 ad
2868 2870 3072 2925 Menam
3096 2870 3168 2923 ita
3199 2869 3424 2924 scribit:

1899 2968 2232 3022 ’Υπατιθεται
2260 2966 2314 3017 δὲ
2350 2965 2442 3033 καὶ
2465 2959 2753 3034 ’διαφόρους
2805 2961 3037 3030 κόσμους
3082 2960 3336 3030 συστῆναι
3366 2977 3428 3012 τε

1889 3059 1981 3114 καὶ
2018 3055 2378 3119 συνίστασθαι,
2428 3054 2581 3106 τοῦτο
2627 3053 2722 3123 μὲν
2764 3051 3143 3122 παρελθόντας,
3185 3050 3338 3102 τοῦτο
3373 3049 3430 3102 δὲ

1894 3149 2211 3220 μέλλοντας·
2250 3164 2270 3198 ι
2312 3147 2512 3201 Statuit
2556 3156 2730 3199 autem
2760 3154 2812 3198 et
2849 3144 3089 3198 diversos
3128 3141 3430 3196 constitisse

1894 3238 2141 3302 mundos,
2183 3245 2236 3293 et
2266 3245 2534 3303 constare,
2568 3236 2758 3306 partim
2785 3234 3103 3305 praeteritos,
3135 3234 3324 3303 partim
3347 3231 3429 3285 fu-

1896 3338 2062 3383 turos.
2092 3346 2112 3380 ι

1818 3281 1858 3337 C

1956 3485 2194 3540 Notanda
2226 3499 2352 3540 vero
2381 3491 2776 3556 accurateque
2807 3481 3109 3551 praecedunt
3148 3500 3160 3533 :
3187 3479 3426 3532 Κὰκεϊνο

1888 3577 2032 3630 δὲτὸ
2076 3576 2253 3647 πάσης
2291 3575 2599 3637 δυσσεϐείας
2635 3575 2933 3640 ἀνάμεστον
2977 3573 3075 3642 τῆς
3118 3570 3280 3624 αὐτοῦ
3313 3572 3429 3623 ἐστι

1893 3667 2213 3738 μυθολογίας
2238 3666 2300 3720 τὸ
2331 3667 2502 3734 λέγειν
2526 3668 2608 3720 ὅτι
2632 3667 2804 3720 πάντα
2828 3665 2894 3718 τὰ
2919 3666 3069 3734 γένη,
3105 3663 3286 3716 καὶτὰ.
3315 3660 3429 3732 εἴδη

1829 3793 1854 3836 ⁸
1891 3759 2128 3812 ωναῖδιά
2158 3761 2270 3811 ἐστι
2297 3757 2372 3827 τῷ
2401 3757 2537 3826 Θεῷ·
2579 3775 2599 3808 ι
2651 3757 2779 3810 Illud
2817 3770 2943 3809 vero
2983 3754 3125 3809 omni
3164 3754 3431 3820 impietate

1888 3849 2099 3918 plenum
2127 3850 2239 3917 ipse
2267 3847 2552 3913 fabulatur,
2583 3847 2762 3901 dicens
2787 3845 2963 3900 omnia
2988 3858 3181 3914 genera
3216 3852 3269 3897 et
3305 3856 3428 3908 spe-

1888 3940 1996 3992 cies
2032 3951 2154 3992 esse
2189 3937 2298 3992 Deo
2326 3947 2639 3991 coaeternas.
2669 3953 2688 3988 ι
2726 3935 2847 4004 Ipsa
2873 3935 3033 3989 etiam
3068 3933 3228 3987 verba
3257 3932 3427 3984 addu-

1891 4009 1992 4081 cit
2023 4024 2355 4080 Justinianus
2397 4026 2464 4078 ad
2501 4025 2700 4080 calcem
2735 4023 2971 4092 epistola:
2996 4015 3042 4075 'e
3077 4021 3210 4073 libro
3245 4035 3261 4072 ι
3291 4017 3428 4086 Περὶ

1889 4113 2104 4183 ἀρχῶν.
2129 4114 2316 4169 Parem
2346 4128 2445 4169 suo
2477 4124 2713 4182 tempore
2747 4125 3105 4181 propugnasse
3132 4109 3426 4162 doctrinam

1891 4205 2216 4276 Origenistas
2242 4205 2496 4274 quosdam
2534 4195 2835 4273 significare
2869 4202 3076 4256 videtur
3123 4200 3341 4255 Orosius
3373 4200 3428 4254 in

1891 4283 2288 4351 Commonitorio
2317 4298 2385 4348 ad
2413 4295 2780 4364 Augustinum,
2809 4309 2828 4343 ι
2865 4291 3098 4344 Primum
3128 4290 3302 4344 omnia
3335 4305 3429 4342 an-

1856 4378 1857 4381 “
1888 4395 2104 4455 tequam
2137 4385 2286 4458 facta.
2311 4393 2644 4456 apparerent,
2694 4397 2902 4451 semper
2934 4383 2985 4435 in
3035 4382 3124 4435 Dei
3168 4381 3427 4448 sapientia

1889 4476 2026 4532 facta
2054 4477 2312 4532 mansisse
2335 4477 2571 4533 dicentes
2601 4475 2702 4530 hoc
2734 4473 2897 4527 verbo
2928 4489 2942 4525 :
2970 4471 3106 4525 Deus
3127 4470 3264 4524 enim
3286 4484 3429 4538 qua:-

1817 4601 1862 4656 D
1891 4581 2102 4656 cunque
2126 4566 2271 4633 fecit,
2303 4566 2548 4656 faciendo
2573 4580 2675 4620 non
2705 4563 2951 4656 coepit.)
2987 4560 3317 4656 Qum‘multis
3345 4575 3429 4613 re-

1892 4655 2024 4710 futat
2049 4656 2374 4728 Augustinus
2407 4657 2459 4710 in
2491 4655 2627 4711 libro
2674 4664 2852 4708 eontra
2895 4651 3330 4706 Priscillianistas
3378 4659 3427 4702 et

1893 4745 2235 4818 Origcnistas,
2269 4733 2388 4816 cap.
2415 4746 2468 4800 8.
2500 4743 2685 4800 Pulsat
2723 4745 2908 4798 eadem
2945 4742 3010 4798 'de
3045 4755 3206 4797 causa
3250 4739 3428 4808 Orige-

1889 4851 2012 4892 nem
2042 4835 2396 4906 Nicephorus,
2429 4850 2532 4890 non
2580 4849 2778 4905 genera
2805 4841 2859 4888 et
2895 4833 3121 4902 species,
3168 4831 3260 4885 sed
3312 4829 3424 4881 κτί-

1892 4926 2070 4996 σμάτα
2126 4926 2232 4982 Deo
2259 4935 2521 4981 coaeterna
2573 4925 2823 4980 statuisse
2873 4925 3043 4993 ipsum
3093 4919 3422 4992 praedicans,

1889 5029 2162 5086 perperam
2191 5014 2412 5081 scilicet,
2438 5023 2498 5069 ut
2521 5014 2752 5079 videtur,
2787 5022 3003 5082 accepta
3032 5011 3275 5080 Origenis
3302 5024 3424 5062 sen-

1893 5104 2094 5170 tentia,
2149 5113 2330 5175 aperte
2375 5113 2553 5160 tamen
2605 5105 2845 5174 exposita
2889 5103 2980 5158 lib.
3031 5117 3082 5164 ι,
3131 5097 3269 5166 Περὶ
3317 5096 3422 5162 ἀρ-

1893 5195 2033 5265 χῶν,
2084 5195 2224 5265 apud
2275 5194 2628 5249 Iustinianum
2674 5195 2727 5248 in
2779 5194 2884 5247 fine
2930 5188 3164 5260 epistola:
3213 5184 3277 5236 ad
3310 5180 3422 5235 Me-

1892 5302 2058 5342 nam:
2102 5303 2122 5336 ι
2177 5285 2405 5352 Genera,
2455 5285 2647 5354 inquit,
2697 5281 2876 5338 omnia
2943 5287 2996 5332 et
3027 5273 3228 5344 species
3282 5283 3424 5324 sem-

1893 5390 1990 5445 per
2041 5384 2198 5431 erant
2241 5371 2403 5432 :non
2431 5375 2503 5430 ita
2559 5375 2625 5431 de
2671 5369 3024 5446 singularibus
3062 5359 3422 5418 din‘erentibus

1895 5479 2117 5520 numero
2152 5463 2350 5520 dixerit
2408 5465 2688 5534 quispiam.
2731 5481 2751 5514 ι
2807 5459 2955 5512 Hanc
3003 5454 3058 5506 in
3090 5447 3422 5515 ,sententiam

1893 5553 2175 5624 Origenem
2215 5554 2450 5626 magistri
2485 5553 2568 5610 sui
2604 5551 2843 5607 Platonis
2871 5546 3000 5599 idem
3047 5538 3421 5609 perpulerunt-

1892 5642 2075 5714 ltaque
2105 5658 2294 5717 genera
2325 5653 2382 5701 et
2409 5643 2614 5714 species
2634 5641 2740 5696 Deo
2766 5649 2883 5693 esse
2911 5639 3172 5688 coaeterna
3201 5635 3426 5682 eatenus

198 5797 212 5807 ’
305 5815 434 5889 (5.5)
463 5812 583 5869 [iam
612 5815 816 5867 exstant
851 5805 948 5862 lib.
990 5821 1027 5863 ιι
1068 5811 1208 5880 Περὶ
1257 5809 1471 5882 ἀρχῶν,
1522 5825 1641 5882 cap.
1698 5813 1747 5881 ι,
1786 5863 1788 5868 λ

1886 5830 1933 5872 [ι.
1962 5816 2074 5888 5.5
