3920 6424
733 407 870 463 1055

1972 412 2033 469 Ρ.
2074 415 2380 470 DANIELIS
2415 416 2457 469 ll
2467 416 2648 471 UETII

3648 448 3740 506 l056

729 522 940 589 dixerit,
979 528 1245 590 quatenus
1292 522 1431 579 Deus
1477 524 1544 579 ab
1573 527 1718 582 omni
1772 535 1912 584 retro
1944 544 2055 586 aevo
2097 547 2159 587 ea
2200 535 2250 586 in
2279 537 2327 592 Α
2356 532 2524 587 fuisse
2547 531 2628 585 ait
2658 531 2711 584 in
2739 531 2952 585 tertium
2995 534 3194 604 cteium,
3233 547 3283 594 et
3321 541 3366 596 in
3405 551 3664 622 paradisum;
3698 581 3739 619 ει

727 612 1129 674 mentebabuit.
2001 689 2004 692 ἢ

798 701 882 755 VL
907 699 1280 756 Verumtamen
1327 703 1662 772 quantumvis
1708 706 1819 761 haec
1852 707 2047 766 diserte
2081 711 2256 766 videa-

734 798 823 842 tur
871 787 1161 845 aﬂirmasse
1212 790 1498 861 Origenes,
1551 794 1604 848 id
1664 804 1836 852 tamen
1898 801 2153 868 pmmisit
2199 802 2251 856 in

720 877 988 934 Protemio
1032 879 1288 936 librorum
1346 883 1495 952 Περὶ,
1528 882 1744 953 ἀρχῶν,
1794 903 1938 942 num.
1989 888 2021 940 7
2052 907 2066 943 :
2096 907 2116 940 ι
2162 889 2258 944 Est

719 979 978 1036 praeterea
1030 978 1085 1025 et
1133 971 1268 1026 illud
1324 972 1376 1026 in
1422 951 1786 1031 ecclesiastica
1854 978 2248 1044 praedicatione,

717 1059 857 1128 quod
902 1060 1127 1116 mundus
1161 1061 1264 1117 iste
1302 1061 1471 1118 factus
1519 1063 1607 1128 sit,
1655 1073 1708 1119 et
1750 1081 1781 1119 a
1820 1076 1969 1121 certo
2017 1077 2253 1134 tempore

719 1151 960 1219 coeperit,
1010 1163 1064 1206 et
1108 1167 1206 1222 pro
1254 1152 1367 1220 ipsa
1417 1153 1497 1207 sui
1555 1155 1896 1224 corruptione
1943 1157 2248 1213 solvendus.

688 1239 852 1306 ,Quid
895 1250 1067 1295 tamen
1121 1251 1244 1298 ante
1293 1244 1437 1299 hunc
1479 1245 1730 1299 mundum
1778 1245 1961 1312 fuerit,
1987 1256 2080 1301 aut
2123 1248 2248 1316 quid

715 1339 834 1396 post
874 1332 1126 1386 mundum
1169 1335 1292 1398 erit,
1322 1332 1433 1401 jam
1474 1349 1581 1389 non
1626 1349 1720 1404 pro
1752 1336 2029 1391 manifesto
2069 1337 2249 1391 multis

712 1418 940 1472 innotuit
969 1437 982 1473 :
1009 1436 1110 1476 non
1143 1423 1282 1476 enim
1317 1423 1534 1480 evidens
1579 1425 1644 1480 de
1680 1425 1765 1479 his
1796 1427 1849 1479 in
1889 1426 2244 1482 ecclesiastica

709 1507 1081 1572 praedicatione
1146 1526 1320 1566 sermo
1375 1512 1658 1582 profertur.
1707 1533 1727 1567 ι
1773 1514 2004 1580 Quarum
2066 1530 2244 1568 rerum

707 1598 1081 1654 obscuritatem
1130 1603 1416 1672 significari
1482 1606 1556 1659 ait
1613 1606 1759 1662 honr.
1806 1607 1841 1660 4
1892 1607 1947 1658 in
2007 1605 2241 1674 Isaiam,

708 1705 852 1742 num.
879 1689 930 1754 1,
964 1706 1059 1760 per
1086 1693 1201 1747 alas
1256 1694 1372 1749 illas
1413 1704 1641 1764 quatuor
1669 1698 2072 1767 serapltinornm
2110 1702 2244 1754 duo-

708 1793 846 1841 rum,
877 1793 992 1847 quae
1024 1780 1114 1835 Dei
1143 1782 1332 1838 faciem
1361 1799 1424 1838 ac
1451 1785 1609 1853 pedes
1632 1787 1892 1842 velabant.
1922 1787 2070 1844 Unde
2130 1789 2239 1843 exi-

2357 636 2531 690 eoqne
2571 621 2858 690 collegisse
2890 623 3022 678 idem
3060 641 3170 682 esse
3210 633 3473 698 paradisum
3506 655 3557 696 ac
3595 651 3739 707 tertium

2356 725 2599 778 canum;
2653 711 2798 780 quod
2851 722 3042 804 negant
3099 715 3368 778 Methodius
3412 735 3455 781 et
3499 729 3738 804 Epiphanius,

2359 801 2675 870 paradisum
2711 815 2740 854 a
2767 802 2925 858 tertio
2947 802 3078 860 caelo
3117 807 3495 879 distinguendum
3527 834 3618 876 esse

2354 901 2560 945 rentes.
2594 909 2614 942 ι
2640 890 2774 956 Quis
2805 893 3006 960 audiat,
3036 912 3056 948 ι
3088 895 3244 966 inquit
3289 899 3564 973 Epiphanius
3583 911 3622 964 in
3641 918 3736 983 epist.

2361 980 2427 1033 ad
2476 978 2645 1035 Joan.
2689 979 3025 1051 Jernsolym.,
3054 998 3165 1053 cap.
3198 986 3246 1052 ὅ,
3276 1006 3293 1039 ι
3326 990 3373 1044 in
3415 994 3542 1049 tertio
3568 978 3736 1059 celo'do-

2351 1077 2579 1124 nantem
2613 1069 2772 1124 nobis
2796 1070 3071 1140 Origenem
3109 1077 3400 1144 paradisum,
3421 1091 3483 1136 'et
3514 1085 3622 1140 illum
3642 1106 3739 1158 qnern

2357 1159 2643 1228 Scriptura
2723 1172 3124 1228 commemorat,
3187 1165 3247 1220 de
3307 1177 3429 1223 terra
3481 1173 3537 1228 ad
3587 1181 3739 1236 ctelestia

2351 1248 2799 1315 transferentem,
2834 1260 2886 1303 et
2914 1266 3096 1307 omnes
3143 1257 3361 1320 arbores,
3401 1274 3503 1328 qua:
3535 1266 3742 1323 scribuntur

2350 1339 2404 1392 in
2434 1339 2660 1407 Genesi,
2693 1341 2776 1395 sic
2802 1341 3080 1408 allegorice
3101 1345 3464 1415 intelligentem,
3490 1355 3598 1420 quod
3615 1358 3741 1414 scilicet

2351 1427 2576 1482 arbores
2598 1427 2854 1498 angelica:
2875 1429 3202 1486 fortitudines
3227 1445 3357 1502 sunt,
3389 1452 3493 1492 cum
3517 1441 3595 1496 hoc
3615 1447 3739 1502 verius

2345 1531 2452 1569 non
2511 1517 2780 1586 recipiat?
2820 1537 2840 1572 ι
2875 1527 2928 1574 et
2971 1531 3151 1590 postea
3182 1541 3196 1577 :
3223 1543 3240 1574 ι
3279 1525 3372 1579 Sed
3413 1528 3742 1600 dicis:Legimus

2347 1605 2490 1673 quod
2521 1603 2578 1659 S.
2604 1605 2806 1661 Paulus
2827 1616 3011 1677 raptus
3039 1611 3109 1664 sit
3137 1626 3293 1680 usque
3321 1612 3380 1666 ad
3415 1617 3587 1671 tertium
3604 1623 3738 1687 celum,

2348 1705 2401 1748 et
2431 1709 2600 1764 usque
2633 1695 2688 1748 in
2738 1697 3064 1765 paradisum.
3100 1699 3237 1754 Bene
3264 1701 3383 1756 dicis
3411 1722 3424 1758 :
3449 1703 3620 1770 Quando
3652 1713 3741 1778 ponit

2348 1783 2563 1836 tertium
2617 1783 2840 1852 caelum,
2883 1795 2936 1840 et
2966 1797 3145 1854 postea
3174 1789 3327 1854 addit,
3370 1802 3410 1844 et
3442 1793 3487 1846 in
3516 1799 3739 1863 paradisum,

704 1869 911 1923 slimari
945 1881 1141 1938 potest,
1188 1889 1512 1946 quacunque
1561 1893 1719 1945 super
1773 1880 1872 1934 hoc
1924 1889 2238 1948 argumento
2273 1854 2314 1908 Β
2343 1873 2579 1926 ostendit
2608 1873 2737 1927 alibi
2781 1876 2903 1928 CSQG
2947 1882 3158 1941 caelum,
3213 1887 3262 1932 et
3305 1879 3416 1933 alibi
3460 1886 3731 1950 paradisum.»

703 1958 1042 2028 conscripsit,
1095 1960 1234 2015 velut
1273 1978 1445 2018 meras
1499 1967 1828 2034 conjecturas
1875 1971 2232 2038 proposuisse,

703 2060 804 2099 non
846 2056 1095 2116 tanquam
1129 2051 1371 2121 dogmata
1401 2068 1758 2110 asseverasse.
1973 2061 1976 2064 ’

716 2175 717 2178 η
769 2134 1178 2194 Ρτιειετιηίιιθτε
1207 2155 1331 2194 vero
1361 2143 1574 2196 minime
1600 2145 1751 2199 decet
1770 2147 1898 2202 illud
1927 2149 2232 2222 Hieronymi

703 2239 734 2279 e
765 2225 857 2279 lib.
898 2242 914 2280 ι
955 2229 1011 2281 in
1052 2228 1221 2298 Epist.
1271 2233 1338 2284 ad
1387 2229 1513 2298 Tit.,
1569 2249 1673 2288 non
1722 2235 1873 2306 longe
1916 2239 1982 2293 ab
2033 2241 2228 2298 initio:

701 2331 723 2365 ί
768 2313 1060 2370 Sexrnillia
1095 2320 1318 2372 necdum
1364 2320 1530 2374 nostri
1577 2321 1720 2377 orbis
1767 2325 2053 2393 implentur
2079 2331 2226 2394 anni,

697 2415 751 2460 et
795 2416 1020 2475 quantas
1072 2409 1219 2476 prius
1268 2410 1630 2474 aternitates,
1693 2424 1887 2481 quanta
1953 2425 2226 2487 tempora,

695 2507 926 2562 quantas
994 2499 1308 2553 seculorum
1358 2501 1588 2570 origines
1642 2503 1805 2559 fuisse
1862 2506 2227 2564 arbitrantium

693 2593 796 2650 est,
842 2586 895 2640 in
928 2588 1120 2654 quibus
1163 2589 1356 2658 angeli,
1393 2590 1586 2653 throni,
1623 2594 2028 2664 dominationes,
2055 2601 2228 2653 caete-

693 2688 870 2742 raeque
897 2677 1122 2732 virtutes
1152 2679 1434 2732 servierint
1463 2681 1586 2742 Deo,
1611 2690 1665 2734 et
1687 2681 1886 2751 absque
1910 2691 2224 2752 temporum

690 2764 916 2828 vicibus,
963 2765 1163 2834 absque
1216 2768 1499 2832 mensuris,
1537 2767 1642 2822 Deo
1682 2768 1920 2837 iubente,
1973 2773 2226 2828 substite-

689 2855 816 2910 rint.
857 2875 875 2908 ›
905 2855 1175 2911 Materiam
1208 2868 1381 2914 autem
1405 2875 1435 2913 a
1465 2859 1574 2913 Deo
1618 2869 1742 2916 ante
1791 2863 2046 2918 mundum
2073 2879 2225 2918 crea-

691 2955 797 3000 tam
825 2958 1117 3015 posuerunt
1138 2947 1303 3011 Philo,
1333 2948 1606 3014 Tatianus,
1633 2949 1966 3018 Lactantius,
2013 2963 2066 3008 et
2111 2953 2219 3020 alii,

686 3049 750 3090 ex
782 3050 888 3110 qua
915 3037 1166 3090 mundum
1191 3045 1372 3106 postea
1414 3036 1771 3092 fabricaverit.

2339 1964 2516 2032 Atque
2544 1965 2594 2018 id
2633 1962 2826 2017 Joanni
2852 1961 3284 2035 Jerosolymitano
3322 1970 3566 2039 obiectum,
3599 1975 3736 2028 minime

2339 2049 2408 2102 ab
2445 2051 2561 2121 ipso
2589 2060 2876 2122 purgatum
2913 2053 3077 2108 fuisse
3104 2055 3176 2108 ait
3205 2055 3517 2129 Hieronymus
3554 2062 3664 2128 epist.
3685 2065 3736 2126 6|,

2333 2143 2399 2194 ad
2429 2141 2744 2200 Pammaclt.
2793 2159 2914 2212 cap.
2954 2146 3008 2210 5,
3047 2147 3135 2215 qui
3172 2158 3225 2200 et
3263 2147 3310 2200 in
3352 2158 3487 2216 caput
3520 2167 3545 2204 ι
3574 2152 3739 2216 Danielis,

2339 2246 2359 2280 ι
2411 2228 2653 2296 Eorum,
2706 2231 2911 2298 inquit,
2967 2233 3302 2289 deliramenta
3348 2238 3737 2309 conticescant,qui

2339 2319 2557 2373 umbras
2582 2330 2640 2374 et
2673 2321 2942 2391 imagines
2982 2323 3034 2376 in
3077 2325 3298 2379 veritate
3339 2339 3603 2394 quaerentes,
3636 2329 3738 2399 ipsam

2337 2417 2608 2462 conantur
2637 2417 2886 2464 evertere
2913 2409 3224 2476 veritatem;
3247 2422 3302 2467 ut
3327 2413 3510 2469 ﬂumina
3537 2426 3578 2470 et
3601 2421 3740 2472 arbores

2327 2506 2383 2550 et
2423 2500 2738 2565 paradisum
2787 2508 2980 2568 ptttent
3025 2501 3289 2570 allegorias
3335 2505 3509 2572 legibus
3546 2522 3589 2561 se
3618 2508 3737 2562 debere

2329 2586 2611 2639 subruere.
2649 2604 2668 2637 ι
2701 2585 3043 2655 Snphronius
3075 2603 3279 2657 quoque
3303 2590 3350 2643 in
3375 2592 3562 2659 epistola
3586 2595 3633 2648 ad
3663 2596 3735 2650 Ser-

2333 2675 2496 2742 gium,
2530 2684 2586 2729 et
2611 2676 2944 2732 Anastasius
2999 2676 3201 2732 Sinaita
3245 2679 3333 2736 lib.
3373 2695 3438 2734 vn
3477 2684 3650 2754 Auugog.
3674 2702 3740 2737 cau-

2329 2763 2586 2832 templat.,
2622 2775 2678 2818 et
2705 2764 2944 2821 Joannes
2972 2765 3325 2824 Damascenus
3351 2771 3396 2823 in
3417 2771 3532 2826 libro
3561 2773 3616 2827 De
3643 2775 3740 2826 iure

2323 2852 2446 2918 sib.,
2466 2863 2520 2908 et
2557 2853 2863 2921 Cedrenus,
2907 2853 3141 2926 paradisi
3174 2858 3518 2925 plantationem
3547 2863 3596 2913 ab
3618 2860 3735 2929 Orige-

2323 2943 2480 2997 nistis
2507 2944 2806 3010 sublatam,
2838 2958 3036 3013 corpus
3062 2945 3258 3000 Adamn
3303 2956 3352 3000 et
3397 2948 3503 3002 Eva:
3527 2948 3738 3013 detractum,

2324 3043 2379 3086 et
2439 3035 2714 3099 serpentis
2766 3034 3094 3103 colloquium
3156 3035 3416 3090 refutatam
3477 3039 3737 3092 criminantur.

754 3121 864 3177 VII.
888 3123 1172 3178 Multorum
1201 3125 1644 3192 disputationibus
1669 3127 1739 3178 ita
1762 3127 2024 3182 celebrata
2049 3137 2218 3220 estea
2248 3161 2290 3220 ο
2322 3121 2428 3220 _S__ed
2474 3124 2763 3220 audiamus
2801 3125 2978 3220 ipsum
3026 3125 3299 3220 Origeuem
3340 3141 3362 3220 Ξ
3403 3127 3486 3220 Τις
3501 3126 3619 3220 γοῦν,
3634 3128 3739 3220 inquit

685 3210 927 3280 Origenis
948 3213 1144 3282 opinio,
1185 3229 1301 3283 quae
1335 3215 1564 3282 paradisi
1593 3217 1942 3271 consitionem
1995 3219 2062 3272 ad
2095 3219 2218 3274 alle-

683 3302 916 3370 goricam
947 3304 1328 3370 expositionem
1375 3305 1672 3373 detorquet,
1713 3314 1774 3359 ut
1817 3315 2055 3360 nostrum
2085 3325 2218 3378 quo-

682 3405 786 3459 que
809 3391 1075 3460 posmlare
1116 3394 1356 3448 videatur
1381 3410 1627 3490 examen.
1658 3398 1961 3453 Arbitratus
2012 3399 2100 3454 ille
2133 3408 2215 3454 est

679 3480 980 3548 paradisum
1023 3483 1163 3537 hunc
1213 3484 1302 3550 qui
1333 3480 1603 3539 ter'restris
1646 3486 1801 3555 vulgo
1830 3487 2042 3552 dicitur,
2073 3489 2216 3556 posi-

683 3576 790 3618 tum
845 3565 899 3619 in
946 3569 1099 3624 tertio
1141 3569 1490 3636 cmlofuisse;
1541 3573 1758 3627 arbores
1803 3588 1953 3638 vero,
2002 3575 2213 3645 aliaque

678 3651 870 3720 quibus
913 3653 1056 3708 velut
1082 3659 1375 3716 ,terrestris
1407 3658 1618 3724 quidam
1674 3669 1891 3714 notatur
1948 3662 2116 3729 locus,
2148 3681 2213 3720 ac
2254 3686 2261 3744 ὲ

679 3740 880 3808 reliqua
909 3740 1134 3811 denique
1163 3745 1337 3797 omnia
1382 3745 1664 3814 allegorice
1696 3748 1982 3816 explicavit
2022 3767 2036 3802 :
2085 3768 2207 3805 nam

675 3830 880 3884 animas
902 3829 954 3884 in
976 3831 1110 3886 caelo
1135 3833 1407 3902 degentes,
1437 3850 1532 3905 per
1554 3834 1813 3889 Adamum
1861 3846 1916 3890 et
1959 3837 2123 3893 Evam
2155 3842 2207 3894 in

673 3921 923 3992 paradiso
959 3932 1170 3977 creatos
1206 3924 1403 3993 signari
1431 3927 1676 3993 opinatus
1703 3935 1812 3991 est;
1840 3929 2064 3984 crimina
2089 3947 2206 4002 quae
2262 3928 2268 3937 “

674 4011 783 4066 illic
812 4012 1004 4066 anima:
1031 4013 1336 4077 admittunt,
1375 4031 1471 4084 per
1503 4017 1650 4070 vetiti
1699 4019 1821 4072 mali
1862 4033 2050 4088 esum;
2092 4025 2207 4078 ani-

673 4115 882 4154 marum
930 4101 1174 4156 exsilium
1206 4115 1420 4172 propter
1451 4105 1661 4171 delicta,
1693 4121 1790 4175 per
1835 4109 2203 4176 expulsionem

672 4191 959 4258 primorutn
1005 4203 1282 4262 parentum
1331 4209 1360 4249 e
1390 4196 1671 4264 paradiso;
1718 4205 1980 4252 terrenum
2014 4217 2205 4269 corpus

677 4287 729 4333 et
761 4283 981 4336 mortale
1007 4285 1284 4340 animabus
1329 4287 1654 4355 impnsiturn,
1701 4304 1796 4357 per
1832 4301 2069 4346 scorteas
2120 4301 2204 4347 tu-

676 4368 844 4434 nicas,
877 4372 1066 4439 quibus
1097 4375 1354 4429 Adamum
1379 4386 1433 4430 et
1459 4377 1622 4430 Evam
1657 4379 1791 4432 Deus
1819 4379 2004 4434 induit.

2321 3213 2412 3268 lib.
2441 3229 2492 3266 Iv
2523 3213 2598 3266 De
2631 3215 2895 3283 princip.,
2947 3231 3097 3270 num.
3149 3215 3240 3283 16,
3281 3216 3393 3269 νοῦν
3443 3216 3554 3285 ἔχων
3588 3216 3739 3282 afﬁrm;

2323 3303 2564 3375 πρώτην,
2605 3306 2705 3357 καὶ
2745 3305 3008 3375 δευτέραν
3042 3308 3134 3360 καὶ
3167 3307 3344 3378 τρίτην
3383 3306 3567 3376 ἡμέραν,
3592 3303 3740 3368 ἑσπέραν

2263 3393 2266 3396 ’
2319 3411 2376 3447 τε
2411 3395 2502 3447 καὶ
2536 3395 2752 3464 πρωῖαν
2779 3396 2952 3466 χωρὶς
2988 3397 3136 3466 ἡλίου
3166 3397 3442 3465 γεγονέναι,
3480 3395 3554 3446 καὶ
3584 3391 3740 3458 σελήνης.

2322 3485 2411 3536 καὶ
2436 3485 2686 3554 ἄστρωνς
2731 3485 2832 3555 τὴν
2862 3486 2919 3538 δὲ
2951 3487 3111 3538 οἱονεὶ
3141 3486 3349 3557 πρώτην
3391 3486 3472 3537 καὶ
3503 3485 3628 3554 χωρὶς
3644 3483 3742 3551 οὐρι-

2317 3574 2406 3629 νοῧ
2430 3591 2445 3640 ἓ
2479 3575 2561 3637 τίς
2591 3574 2635 3626 δ’
2671 3575 2852 3640 οὕτως
2874 3577 3081 3647 ἠλίθιος
3104 3579 3176 3642 ὼς
3204 3579 3430 3648 οἰηθῆναι
3452 3577 3606 3645 τρόπον
3622 3571 3745 3640 ἀνθρώ-

2318 3682 2418 3717 που
2453 3664 2702 3736 γεωργοῦ
2750 3669 2844 3720 τὸν
2876 3667 3010 3721 Θεὸν
3042 3661 3416 3736 πεφυτευκέναι
3451 3665 3689 3736 παράδεισον
3712 3659 3746 3709 ἐν

2327 3755 2486 3824 Ἐδὲμ
2513 3754 2650 3808 κατὰ
2702 3757 2993 3823 ἀνατολὰς,
3024 3760 3117 3811 καὶ
3160 3758 3304 3824 ξύλον
3349 3756 3474 3826 ζωῆς
3496 3758 3542 3808 ἐν
3566 3751 3671 3820 αὐτῷ

2316 3846 2595 3914 ποιηκέναι
2623 3849 2827 3916 ὁρατὸν
2860 3851 2955 3902 καὶ
2974 3850 3250 3922 αἰσθητὸν,
3279 3849 3405 3903 ὥστε
3429 3849 3502 3902 διὰ
3523 3847 3605 3899 τῶν
3626 3858 3739 3911 σωμα·

2311 3936 2477 3990 τικῶν
2497 3938 2729 3993 ὀδόντων
2757 3942 3098 4012 γευσάμενον
3137 3943 3227 3995 τοῦ
3269 3941 3479 4012 καρποῦ,
3502 3941 3551 3990 τὸ
3580 3937 3649 4005 ζῇν
3671 3935 3745 3984 ἀνι·

2311 4027 2622 4097 λαμϐάνειν·
2673 4032 2774 4083 καὶ
2815 4033 2976 4087 πάλιν
3017 4033 3178 4087 καλοῦ
3219 4035 3308 4085 καὶ
3353 4028 3553 4100 πονηροῦ
3591 4025 3741 4096 μετέχειν

2309 4119 2428 4171 τινὰ
2471 4119 2620 4190 παρέι
2665 4121 2728 4173 τδ
2771 4124 3128 4195 μεμασῆσθαι
3175 4125 3234 4177 τὸ
3270 4123 3368 4177 ἀπὸ
3395 4121 3524 4174 τοῦδε
3559 4117 3626 4169 τοῦ
3652 4113 3740 4176 ξύλου

2310 4209 2721 4278 λαμϐανόμενον
2753 4230 2769 4278 ;
2808 4215 2904 4267 ἐὰν
2936 4217 2993 4268 δὲ
3027 4217 3120 4269 καὶ
3145 4219 3171 4269 ὁ
3200 4215 3322 4278 Θεὸς
3361 4213 3416 4266 τὸ
3449 4209 3626 4265 δειλινὸν
3649 4200 3741 4267 ιντῴ

2311 4298 2618 4369 παραδείσίι)
2649 4309 2984 4373 περιπατεῖν
3026 4307 3262 4376 λέγηται,
3290 4307 3376 4358 καὶ
3397 4306 3422 4356 ὀ
3457 4302 3593 4370 Ἀδὰμ
3626 4293 3741 4349 ὕπὸτὸ

2212 4424 2219 4448 ς
2314 4387 2466 4452 ξύλον
2505 4389 2874 4460 κρύπτεσθαι·
2930 4397 3043 4450 Οὐκ
3083 4392 3231 4467 οἶμαι
3273 4393 3510 4456 διστάζειν
3547 4387 3637 4442 τινὰ
3672 4383 3742 4447 7i?"

746 4456 857 4528 (55)
881 4459 936 4512 ld
963 4462 1062 4529 ipsi
1083 4462 1342 4533 objiciunt
1363 4465 1659 4522 Metlrndius
1675 4469 1812 4539 apud
1843 4468 2193 4538 Epipltaninm

2237 4487 2270 4539 ι)
2299 4480 2392 4534 τοῦ
2434 4481 2570 4533 αὐτά
2608 4487 2894 4553 τροπικῶς
2941 4486 3030 4540 διὰ
3063 4487 3314 4557 δοκούσης
3356 4483 3578 4554 ἱστορίας,
3615 4477 3677 4528 καὶ
3706 4487 3741 4519 εν

671 4545 800 4598 liter.
834 4545 921 4613 64,
951 4563 1066 4617 cap.
1091 4552 1182 4616 47,
1211 4563 1265 4607 et
1301 4553 1565 4621 Phntium,
1597 4559 1711 4612 cod.
1740 4558 1866 4623 254,
1897 4558 2206 4616 Eustathius

672 4635 748 4688 De
774 4635 1212 4708 Engaurimytho,
1256 4645 1366 4712 ipse
1405 4645 1751 4714 Epiphanius,
1799 4649 1958 4716 capit.
1987 4650 2019 4702 4
2059 4651 2204 4721 ejus-

671 4724 789 4778 dem
824 4724 1107 4792 haereseos,
1137 4741 1192 4784 et
1221 4731 1274 4784 in
1306 4733 1583 4796 Ancorato,
1605 4751 1720 4804 cap.
1741 4736 1828 4800 54,
1851 4737 2041 4806 quibus
2069 4739 2196 4794 locis

668 4814 952 4868 05tendunt
985 4817 1285 4883 opinionem
1315 4838 1464 4876 suam
1502 4825 1739 4879 firmasse
1784 4827 2062 4896 Origenem
2094 4829 2195 4883 hoc

669 4903 820 4960 Pauli
863 4906 1184 4975 testimonio,
1215 4911 1259 4964 ll
1291 4913 1412 4968 Cor.
1446 4932 1541 4983 xn,
1584 4917 1701 4984 2-4,
1760 4918 1846 4974 ubi
1894 4931 2101 4990 raptum
2140 4935 2198 4976 se

735 5107 851 5186 (ἓξ)
883 5107 948 5161 Id
985 5108 1085 5177 ipsi
1109 5109 1693 5186 objiciunt_dfetltodius,
1723 5133 1825 5174 etc.
1858 5121 1999 5174 idem
2023 5121 2207 5186 objicit

665 5179 1177 5250 etACbrysostomusA
1196 5179 1386 5250 bomil.
1416 5185 1480 5238 15
1501 5187 1555 5237 in
1586 5179 1792 5250 Genet”
1824 5199 1946 5242 tom.
1969 5189 2031 5243 IV
2059 5179 2203 5245 none

665 5247 937 5322 editionis,
970 5262 1090 5322 pag.
1107 5247 1293 5322 _102__el
1314 5251 1433 5322 105,
1465 5255 1549 5306 ubi
1585 5256 1690 5309 ait:
1716 5277 1732 5307 ι
1763 5247 1869 5310 line
1885 5259 1999 5311 loco
2041 5259 2184 5322 illud,

669 5315 945 5381 plantavit,
973 5315 1059 5369 sic
1105 5317 1520 5394 intelligendum,
1573 5326 1772 5394 scilicet
1821 5326 1986 5392 ipsum
2034 5315 2197 5394 inme:-

664 5398 832 5452 rasse,
887 5395 942 5437 ut
995 5386 1271 5452 paradisus
1310 5388 1360 5441 in
1391 5397 1528 5443 terra
1586 5386 1991 5448 fieret....'ltleo
2031 5386 2190 5448 etiam

664 5448 763 5504 ioci
783 5448 1395 5525 pontenafiertMoyses
1439 5459 1490 5510 in
1518 5459 1828 5525 Scriptnris,
1868 5470 1921 5513 ut
1957 5478 2027 5514 ne
2061 5464 2193 5516 lice-

667 5526 750 5594 ret
780 5519 972 5574 frustra
1001 5523 1186 5595 nugari
1224 5519 1521 5580 volentibus
1557 5519 1934 5595 siniplicio’rurn
1976 5532 2194 5586 auribus

667 5583 1411 5663 intpqnere,_dicéreque_non
1438 5609 1556 5647 esse
1597 5583 1826 5647 in'terra
1866 5583 2188 5663 paradisum,

681 5654 771 5726 sed
805 5653 858 5704 in
890 5659 1040 5729 ctylo,
1074 5653 1358 5729 etfabulas
1412 5663 1707 5729 lrnjusmodi
1744 5653 2027 5715 somniare.
2062 5653 2188 5720 Nani

678 5715 720 5765 si
756 5733 871 5770 cum
909 5715 1080 5777 divina
1117 5725 1389 5796 Scriptura
1417 5715 1559 5784 tanta
1589 5743 1683 5783 usa
1715 5715 2191 5804 sitverborumac:

2309 4571 2633 4640 σωματικῶς
2720 4578 3138 4649 γεγενημένης,
3217 4577 3418 4648 μηνύειν
3471 4569 3573 4625 τινὰ
3617 4563 3742 4637 tm“:

2305 4677 2418 4730 ρια·
2461 4660 2613 4726 Ουοιι
2651 4663 2730 4719 sic
2762 4668 2931 4721 vertit
2977 4668 3198 4725 Rufinus
3241 4688 3256 4724 :
3304 4689 3322 4721 ι
3365 4666 3575 4727 Cuinatn,
3617 4667 3740 4725 quas”.

2304 4764 2521 4803 sensum
2597 4753 2829 4811 babenti
2893 4772 3282 4832 consequenter
3323 4755 3557 4814 videbitur
3593 4748 3736 4802 dictum.

2301 4839 2440 4902 (ιιιοᾱ
2468 4838 2584 4893 dies
2616 4843 2819 4910 prima,
2855 4856 2912 4900 et
2948 4851 3210 4916 secunda,
3250 4860 3302 4906 et
3341 4850 3498 4914 tertia,
3542 4845 3588 4898 in
3623 4837 3742 4906 quibus

2299 4935 2353 4979 et
2383 4941 2606 4996 vespera
2649 4938 2971 4995 nominatur
3001 4951 3057 4996 et
3088 4959 3262 5010 mane,
3300 4941 3478 4996 fuerint
3500 4929 3738 4991 sinesnleifI

2304 5132 2609 5218 curatione,
2661 5153 2771 5194 non
2826 5142 3162 5218 dubitarunt
3193 5156 3362 5218 tamen
3407 5140 3587 5218 quid!“
3621 5125 3740 5218 ὀξεῖ

2305 5202 2499 5280 cundia
2531 5199 2655 5271 sua,
2685 5225 2929 5286 _necnon_
2953 5199 3033 5286 de,
3056 5199 3381 5286 philosophia
3425 5199 3601 5286 exotica
3638 5199 3738 5286 allii"

2302 5271 2594 5355 ῗίῖνίθηίῗδν
2631 5278 2860 5334 adversa
2895 5271 3187 5352 Scripinris
3224 5271 3358 5351 lo'qni
3403 5278 3738 5355 etudicerelpar:

2303 5337 2493 5420 disnrn.
2514 5340 2568 5394 in
2599 5354 2744 5400 terra
2789 5366 2896 5420 non
2935 5337 3080 5414 ess'e,
3137 5337 3395 5420 mulia'qne
3425 5347 3512 5420 alia
3543 5347 3736 5420 timui?“

2300 5417 2420 5492 quae
2441 5409 2585 5492 dicta
2605 5424 2753 5492 sunt
2783 5409 3126 5486 adoptantes,
3159 5409 3341 5476 contra
3369 5415 3737 5492 ερτῑριιιτεὶπηὲθῗίζ

2297 5475 2418 5535 tire,
2454 5486 2510 5530 et
2550 5482 2839 5541 adversam
2868 5471 3542 5556 Vledere—Viam,atque'ea
3582 5485 3668 5558 dum
3699 5471 3735 5542 ‘9".

2297 5547 2438 5581 [erm
2473 5547 2617 5581 diu“.
2659 5565 2782 5581 οη...
2840 5558 2900 5581 .r-
2937 5559 3084 5581 -..πμ
3127 5561 3253 5581 ΔΞ---
3301 5566 3466 5581 --.μηδ
3511 5548 3592 5581 ηερ.
3620 5533 3735 5581 Immlil

2295 5547 2618 5628 terraAdicta
2659 5565 2810 5621 sunt,
2835 5558 2902 5610 de
2933 5559 3086 5612 caelis
3121 5561 3259 5614 dicta
3279 5544 3483 5628 ’ριιιᾶτεν
3511 5544 3736 5628 ιιίδίλῖνξῗῗέ

2294 5608 2472 5717 illa?
2503 5608 2864 5717 ἓιςφρθτὲιέι
2883 5608 3178 5717 ’νέτῆείὲυηι
3461 5610 3736 5717 "redii:

2292 5689 2470 5767 ἕξειν,
2510 5685 2721 5767 Spiritu
2769 5704 2958 5767 sancto
3009 5695 3244 5767 linguam
3285 5697 3391 5766 ejus
3439 5692 3644 5746 movente,
3669 5685 3718 5740 «ια

2293 5759 2399 5802 non
2430 5752 2681 5816 develuti
2715 5764 2930 5820 essent?
2957 5784 2976 5816 ι
