3920 6470
119 428 282 497 to's’l

1008 440 1562 502 ORIGENIANOBU‘M
1602 441 1728 494 LIB.
1767 439 1831 504 ﬂ,
1865 438 2013 495 CAP.
2053 436 2116 505 ll,
2156 439 2419 507 QUIEST.
2460 441 2572 498 ΧΠ.

3213 447 3350 504 1638

139 556 264 607 sine
305 545 458 611 luna,
503 557 562 603 et
608 553 732 610 sine
784 558 988 622 stellis;
1027 560 1194 626 prima
1240 565 1412 610 autem
1460 555 1571 608 dies
1605 555 1789 611 sineA
1821 565 1956 613 rum,
2003 551 2194 617 quibus
2251 552 2509 605 Adamum
2552 561 2670 621 post
2715 569 2906 608 noxam
2961 555 3100 612 Deus
3153 558 3346 626 induit,

143 637 325 697 coelo?
351 638 489 704 Quis
515 655 650 696 vero
676 645 746 698 ita
779 647 965 699 idiotes
994 647 1307 707 invenietur,
1342 653 1399 696 ut
1432 651 1580 712 putet
1607 641 1718 695 vel-

148 741 210 788 ut
239 730 528 785 hominem
572 736 858 801 quemdam
902 735 1188 804 agricolam
1237 735 1398 789 Deum
1448 733 1718 802 plantasse

146 823 390 876 arbores
435 823 489 875 in
543 825 820 892 paradiso,
849 826 900 878 in
940 826 1081 878 Eden
1119 834 1300 878 contra
1345 824 1622 886 orientem,
1663 829 1718 875 et

144 914 409 968 arborem
440 915 570 968 vita:
604 915 872 984 plantasse
910 915 960 968 in
996 930 1082 981 eo,
1126 913 1178 969 id
1215 923 1297 968 est
1346 914 1544 982 lignum
1584 913 1714 966 visi-

138 1002 256 1056 bile
316 1011 378 1056 et
427 1004 728 1072 palpabile,
784 1005 854 1058 ita
931 1013 991 1059 ut
1054 1003 1414 1073 corporalibus
1470 1003 1715 1057 dentibus

137 1092 503 1147 manducans
546 1095 670 1162 quis
703 1110 769 1148 ex
798 1109 860 1148 ea
900 1095 1111 1156 arbore,
1144 1095 1304 1146 vitam
1349 1093 1628 1161 percipiat,
1661 1099 1716 1146 et

133 1196 343 1235 rursus
378 1197 451 1236 ex
500 1183 608 1236 alia
660 1184 988 1238 manducans
1037 1184 1248 1247 arbore,
1309 1183 1432 1235 boni
1487 1192 1542 1234 et
1591 1181 1712 1235 mali

130 1270 447 1325 scientiam
479 1274 698 1341 capiat?
733 1275 836 1327 Sed
867 1282 920 1326 et
959 1271 1082 1324 illud
1110 1273 1246 1340 quod
1291 1270 1432 1325 Deus
1461 1279 1579 1339 post
1606 1284 1717 1323 me-

129 1361 343 1414 ridiem
383 1361 740 1416 deambulare
794 1363 990 1416 dicitur
1032 1362 1083 1414 in
1137 1361 1406 1428 paradiso.
1445 1369 1500 1413 et
1543 1359 1710 1410 Adam

124 1448 313 1504 latere
333 1450 445 1504 sub
476 1451 694 1516 arbore,
719 1451 963 1519 equidem
989 1450 1191 1503 nullum
1218 1448 1448 1502 arbitror
1473 1448 1712 1502 dubitare

121 1536 280 1604 quod
324 1536 556 1606 ﬁgurali
607 1547 760 1606 tropo
804 1539 919 1592 haec
953 1552 984 1591 a
1025 1537 1302 1605 Scriptura
1350 1536 1710 1604 proferantur,

120 1641 242 1694 quo
282 1641 395 1694 per
439 1628 560 1680 haec
601 1628 844 1695 quaedam
885 1627 1110 1696 mystica
1151 1625 1469 1679 indicantur.
1523 1643 1541 1677 ι
1580 1625 1712 1680 Vide

119 1715 264 1769 item
297 1715 503 1770 homil.
534 1717 562 1769 1
615 1717 670 1769 in
699 1715 905 1782 Genes.,
947 1731 1093 1769 num.
1140 1715 1190 1778 l,
1226 1723 1278 1768 et
1309 1713 1401 1769 lib.
1443 1721 1498 1768 ιν
1537 1725 1711 1768 contra

115 1803 298 1869 ϐείω,
342 1819 506 1856 num.
537 1803 629 1858 39.

192 1893 257 1947 In
288 1909 423 1947 eam
449 1893 775 1946 sententiam
812 1893 970 1946 traxit
997 1893 1275 1961 Origenem
1299 1889 1452 1946 Philo
1485 1891 1548 1944 a'd
1580 1890 1707 1944 alle-

114 1985 352 2052 goriam
417 1984 542 2036 haec
581 1983 693 2051 ipsa
739 1983 918 2036 itidem
961 1983 1181 2036 ﬂectens
1223 1983 1276 2035 in
1309 1983 1414 2036 fine
1464 1981 1580 2034 libri
1633 1979 1707 2033 De

6 2133 8 2135 ν
114 2073 353 2140 api/icio
385 2088 484 2125 sea:
510 2072 735 2136 dierum,
758 2084 809 2125 et
841 2073 892 2124 in
923 2072 1014 2127 lib.
1049 2073 1308 2140 tAllegor.
1329 2072 1498 2140 Legis.
1522 2071 1706 2125 Traxit

112 2172 171 2216 et
216 2162 460 2231 Papias,
520 2171 578 2215 et
620 2160 879 2222 lreuaus,
922 2171 974 2216 et
1021 2162 1320 2224 Pantaenus,
1365 2171 1420 2216 et
1467 2161 1706 2216 Clemens

10 2311 16 2316 ,
110 2252 573 2315 Alexandrinus,
602 2266 737 2318 quos
762 2251 993 2318 paradisi
1021 2251 1432 2320 descriptionem
1457 2252 1523 2304 ad
1583 2266 1700 2319 my-

121 2342 354 2397 sticam
405 2341 806 2408 expositionem
837 2338 1114 2393 deﬂexisse
1169 2348 1352 2393 narrat
1396 2342 1706 2394 Anastasius

113 2429 350 2483 Sinaita
391 2430 496 2484 lib.
533 2444 609 2481 vn
642 2428 872 2496 Anagog.
894 2427 1220 2495 contemplat.
1242 2442 1530 2496 eorumque
1557 2428 1706 2481 deiu-

112 2521 182 2574 de
225 2519 504 2589 exemplo
557 2517 870 2586 Gregorium
911 2525 1213 2579 utrumque.
1257 2515 1534 2584 Origenem
1579 2530 1703 2568 vero

22 2671 26 2674 ,
112 2621 353 2663 secutus
375 2613 486 2662 ‘est
516 2607 851 2669 Ambrosius,
879 2615 932 2658 et
970 2606 1270 2674 paradisum
1320 2615 1620 2658 terrestrem
1651 2606 1702 2658 in

110 2698 261 2752 caelo
301 2699 478 2752 tertio
521 2696 829 2763 collocavit,
870 2697 1054 2749 eodem
1099 2693 1314 2746 innixus
1371 2693 1520 2747 Pauli
1567 2693 1700 2757 loco,

24 2855 26 2857 g
112 2805 180 2842 cx
207 2805 331 2859 quo
363 2789 622 2857 Opinioni
650 2803 762 2842 suae
794 2787 955 2840 robur
981 2785 1216 2840 additum
1245 2785 1503 2855 Origenes
1527 2787 1704 2839 existi-

26 2943 31 2945 _
114 2881 313 2935 oravit.
346 2881 490 2933 [hec
523 2878 612 2931 ille
637 2877 849 2946 quidem
883 2876 933 2929 in
966 2876 1103 2930 libro
1131 2877 1205 2929 De
1228 2877 1470 2944 paradiso
1495 2891 1613 2944 cap.
1645 2877 1698 2939 5,

31 3005 34 3008 .
111 2969 377 3032 quamvis
398 2965 541 3019 alibi
566 2965 618 3015 in
655 2963 683 3015 I
707 2961 830 3016 Cor.
865 2978 939 3025 vr,
974 2964 1278 3030 paradisum
1305 2971 1607 3015 terrestrem
1636 2964 1703 3016 ab

109 3069 177 3108 eo
216 3056 566 3122 distinguat,
600 3053 651 3105 in
691 3067 844 3120 quem
871 3052 1109 3106 sublatus
1138 3053 1234 3105 fuit
1266 3053 1481 3107 Paulus.
1535 3054 1604 3106 At
1645 3054 1697 3106 in

109 3144 274 3210 epist.
303 3145 380 3196 ad
416 3141 692 3194 Sabinum
742 3140 921 3192 omnia
955 3140 1067 3193 haec
1114 3141 1179 3193 ad
1222 3142 1530 3210 allegoriam
1567 3157 1696 3195 con-
1725 3174 1766 3222 ο

108 3233 291 3286 vertit.
331 3233 731 3299 Hieronymus
771 3239 947 3286 autem
976 3239 1095 3284 ante
1117 3231 1298 3284 mundi
1342 3231 1498 3298 hujus
1525 3231 1662 3285 fabri

33 3361 36 3364 .
106 3336 230 3374 eam
265 3322 583 3378 conditum
620 3320 927 3386 paradisum
957 3317 1183 3372 aflirmat
1219 3321 1268 3371 in
1311 3319 1695 3373 Traditionibus

27 3453 30 3456 .
105 3409 411 3466 Hebraicis
464 3412 527 3461 in
571 3407 755 3461 Cenes.
798 3407 945 3472 Quod
978 3407 1021 3460 si
1068 3409 1335 3460 conditum
1389 3408 1533 3460 hunc
1575 3417 1697 3460 aute

96 3503 378 3556 mundum
419 3501 690 3567 opinatus
721 3506 821 3558 est,
848 3497 1030 3562 utique
1065 3507 1211 3549 extra
1249 3499 1500 3548 mundum
1535 3496 1698 3550 fuisse

103 3595 359 3648 censuit.
403 3589 601 3642 Moses
622 3587 716 3639 bar
740 3585 913 3649 Ceplta
960 3585 1049 3637 lib.
1076 3601 1090 3637 ι
1117 3585 1192 3637 De
1219 3589 1480 3652 paradiso,
1505 3604 1619 3655 cap.
1640 3589 1693 3652 8,

86 3679 339 3735 medium
396 3678 593 3745 ipsum
632 3681 801 3726 terras
843 3672 980 3724 inter
1006 3682 1060 3724 et
1090 3672 1478 3726 firmamentum
1526 3675 1692 3739 locat;

10 3821 12 3824 ,
83 3769 434 3840 iocumque
477 3764 759 3820 dimissam
781 3771 927 3828 putat
949 3760 1020 3828 pii
1046 3759 1262 3815 latronis
1284 3765 1533 3827 animam,
1559 3768 1694 3832 quod

75 3868 132 3913 ct
154 3861 224 3913 de
250 3864 543 3916 aliorum
570 3861 876 3907 sanctorum
921 3849 1192 3903 animabus
1235 3851 1496 3905 afﬁrmant
1531 3853 1694 3908 Seve-

10 3991 13 3996 .
77 3951 305 4016 rianus,
347 3956 528 4001 orat.
554 3942 589 3996 5
623 3941 696 3992 De
723 3953 968 4005 coam0p.,
1021 3947 1074 3992 et
1100 3939 1492 4007 Eulogiusapud
1516 3941 1692 4007 Pbot.,

69 4046 198 4098 cod.
239 4055 498 4101 ccxxx.
525 4035 661 4101 Quin
690 4033 846 4085 etiam
869 4044 1099 4084 errorem
1124 4029 1364 4096 Origeuis
1394 4031 1548 4098 paulo
1572 4043 1694 4086 ante

66 4149 228 4186 suam
259 4141 534 4189 munem
565 4141 594 4178 a
638 4122 923 4176 Fraucisco
963 4119 1186 4188 Georgio
1221 4132 1523 4176 renovatum
1562 4123 1690 4176 scri-

65 4225 147 4278 bit
179 4224 288 4280 Si;
303 4235 424 4278 tus
463 4215 729 4272 Senensis
755 4214 846 4266 lib.
877 4224 910 4261 v
951 4209 1230 4274 Biblioth.,
1264 4212 1447 4288 adnqt.
1491 4213 1580 4274 54,
1614 4221 1694 4266 to-

65 4321 320 4378 tamque
355 4308 503 4376 ejus
533 4303 635 4356 lt')ci
668 4302 1014 4371 qutestioncm
1055 4300 1306 4370 proximis
1339 4300 1692 4354 adnotationi-

60 4401 170 4456 bus
192 4392 539 4458 exhaurit.

1819 649 2025 692 textura
2053 652 2244 706 corpus
2280 638 2453 708 ipsum
2504 647 2771 697 terrenum
2811 654 2867 699 et
2909 647 3132 702 mortale
3182 649 3348 718 signi-

1816 728 1962 784 ficari
2017 729 2319 792 somniavit,
2369 745 2474 798 quo
2527 733 2715 787 Adami
2774 736 2951 789 anima
2999 737 3195 805 illigata
3239 749 3342 802 est,

1815 832 1932 871 cum
1961 826 2113 872 antea
2140 818 2458 872 immortalis
2481 832 2623 875 esset
2653 831 2706 876 et
2730 824 3109 892 incorporalis;
3141 827 3340 894 alioqui

1816 906 2089 960 ridiculum
2118 906 2231 961 fore
2271 907 2433 961 Deum
2477 925 2736 976 asserere,
2772 914 2848 967 sic
2883 923 3130 982 tanquam
3174 918 3340 972 coria-

1814 997 1952 1048 rium
1983 1005 2036 1049 et
2066 1005 2319 1062 sutorem,
2361 997 2659 1052 animantes
2700 1000 2948 1068 glubisse,
2987 1013 3041 1058 et
3077 1006 3338 1060 detractas

1813 1085 1975 1154 pelles
2001 1085 2297 1140 consuisse.
2354 1085 2503 1140 Hunc
2534 1087 2782 1142 refellunt
2817 1105 3053 1146 errorem
3090 1094 3338 1159 Irenaaus,

1812 1173 1903 1228 lib.
1941 1189 1990 1239 1,
2022 1187 2139 1240 cap.
2194 1175 2246 1240 1,
2303 1183 2354 1228 et
2410 1175 2761 1231 Tertullianus
2803 1181 3001 1232 advers.
3059 1182 3337 1248 Valentin.,

1812 1279 1929 1332 cap.
1963 1265 2031 1317 24
2059 1275 2112 1318 et
2137 1265 2228 1318 lib.
2281 1264 2356 1316 De
2407 1275 2679 1319 resurrect.
2741 1283 2911 1332 carm,
2959 1284 3076 1336 cap.
3119 1272 3149 1322 7
3179 1274 3332 1340 ;.jam

1811 1357 1951 1408 enim
2007 1361 2126 1406 ante
2173 1353 2417 1421 Origenis
2479 1363 2684 1408 (etatem
2752 1356 3066 1412 inoleverat.
3127 1359 3338 1414 Refellit

1811 1457 2040 1511 quoque,
2085 1451 2139 1496 et
2180 1443 2231 1495 iu
2278 1443 2530 1499 Cassiano
2562 1446 2790 1514 quodam
2837 1446 3054 1500 damnat
3096 1448 3338 1504 Clemens

1809 1532 2193 1586 Alexandrinus
2217 1532 2411 1587 Strom.
2443 1533 2536 1588 lib.
2571 1549 2653 1597 ιιι,
2696 1545 2753 1587 ιιι
2790 1536 2992 1589 monuit
3031 1551 3114 1590 me
3144 1536 3338 1592 Paulus

1809 1619 2147 1685 Pellissonus,
2180 1620 2234 1674 in
2270 1636 2373 1688 quo
2414 1621 2601 1689 plusne
2632 1622 2828 1690 i'ngenii
2868 1625 3234 1678 ammnitatem
3263 1641 3332 1680 an

1810 1707 2164 1775 praestantiam
2193 1708 2450 1762 doctrina;
2475 1708 2682 1762 laudem
2721 1711 2922 1765 nescio.
2977 1712 3246 1766 Refelluut
3281 1723 3336 1768 et

1709 1839 1774 1866 ._
1809 1795 2070 1859 Justinus,
2111 1811 2202 1851 seu
2239 1798 2477 1866 quisquis
2529 1809 2716 1854 auctor
2747 1811 2828 1856 est
2867 1804 3220 1865 Qawstianum
3268 1806 3335 1856 ad

1805 1885 2131 1949 orthodoxos,
2170 1897 2356 1954 quazst.
2412 1888 2502 1952 49,
2545 1899 2599 1942 et
2646 1902 2837 1945 auctor
2887 1893 3219 1963 Dialogorum
3245 1898 3336 1965 qui

1804 1973 2055 2039 Cmsari'o,
2113 1973 2350 2042 Gregorii
2403 1975 2716 2032 Nazianzeni
2761 1979 2958 2048 fratri,
3011 1984 3333 2048 tribuuntur,

1805 2061 1926 2115 dial.
1951 2077 2047 2125 ιιι,
2087 2063 2271 2117 interr.
2308 2064 2436 2128 M9;
2477 2075 2532 2118 et
2572 2066 2858 2137 Gregorius
2879 2070 3146 2140 Nysscnus
3184 2073 3332 2128 Orat.

1803 2159 1928 2216 cat.,
1973 2164 2090 2218 cap.
2139 2152 2202 2215 8,
2247 2161 2303 2206 et
2337 2153 2743 2222 Cbrysostomus
2817 2160 3000 2216 homil.
3040 2161 3125 2226 l8,
3182 2163 3236 2216 in
3276 2177 3335 2217 ιιι

1805 2241 1971 2308 Gem,
2021 2252 2072 2296 et
2121 2244 2433 2299 Anastasius
2497 2245 2703 2302 Sinaita
2775 2249 3056 2318 Conlempl.
3113 2269 3330 2324 anagog.

1803 2333 1894 2386 lib.
1945 2349 2019 2395 xl,
2071 2341 2126 2386 et
2182 2333 2447 2400 Rupertus
2492 2335 2582 2390 lib.
2637 2355 2721 2403 ιιι,
2769 2355 2883 2409 cap.
2925 2342 2959 2394 2
2998 2343 3048 2395 in
3083 2359 3142 2397 ιιι
3203 2344 3331 2399 Gen.

1802 2420 2053 2472 Eumdem
2077 2422 2395 2487 exprobrant
2419 2423 2630 2490 Origeni
2657 2426 2952 2481 Methodius
2979 2429 3114 2495 apud
3141 2430 3327 2498 Epiph.

1802 2511 1930 2564 liaer.
1956 2525 2097 2572 ωιιν,
2119 2519 2173 2562 et
2205 2511 2339 2577 apud
2369 2511 2520 2566 Phot.
2557 2515 2673 2567 cod.
2717 2531 2977 2579 ccxxxrv;
3009 2517 3331 2585 Epiphanius

1801 2599 1990 2652 haeres.
2023 2613 2166 2660 1.1m,
2196 2599 2324 2650 etin
2348 2600 2501 2666 epist.
2545 2603 2609 2654 ad
2644 2601 2793 2654 Joan.
2825 2603 3071 2668 Jerosol.,
3105 2622 3223 2676 cap.
3251 2610 3284 2662 3
3315 2626 3330 2672 ;

1802 2687 2148 2756 Hieronymus
2191 2688 2346 2755 epist.
2377 2689 2465 2748 6f.
2495 2691 2560 2744 ad
2593 2691 2921 2758 Pammach.,
2962 2709 3082 2764 cap.
3123 2699 3187 2760 ὃς
3238 2697 3335 2752 8οο

1792 2776 2053 2840 .phronius
2073 2777 2122 2828 in
2149 2778 2303 2844 epist.
2325 2777 2389 2829 ad
2412 2777 2586 2846 Serg.;
2619 2779 2918 2848 Stephanus
2941 2782 3181 2838 Gobarus
3210 2785 3332 2838 Tri-

1802 2865 1962 2918 theita
1981 2868 2115 2932 apud
2134 2865 2308 2928 Pltot.,
2326 2867 2448 2919 cod.
2465 2881 2679 2921 ccxxm
2701 2885 2715 2932 ;
2732 2869 2960 2925 Joannes
2980 2872 3333 2928 Damascenus

1800 2953 1874 3006 De
1899 2954 2115 3018 barren;
2151 2955 2362 3024 Glycas.
2388 2965 2528 3023 part.
2564 2973 2580 3010 ι
2617 2967 2671 3010 et
2704 2973 2755 3011 tv
2783 2960 2973 3014 Annal.
2991 2961 3328 3031 ;Cedrenus,

1799 3054 1850 3099 et
1872 3044 2080 3098 Nicetas
2109 3045 2260 3100 Thes.
2290 3048 2490 3101 orthod.
2515 3047 2609 3114 ﬁd.
2637 3049 2728 3103 lib.
2761 3065 2832 3116 tv,
2857 3052 3044 3105 haeres.
3077 3069 3224 3107 xui.

1866 3134 1920 3186 In
1949 3135 2124 3188 varios
2153 3135 2384 3202 profecto
2414 3151 2602 3190 sensus
2629 3147 2826 3193 traCtus
2853 3149 2936 3193 est
2958 3142 3058 3195 iste
3089 3141 3331 3210 Scriptu-

1801 3239 1868 3278 ra:
1896 3224 2042 3278 locus
2077 3240 2092 3277 :
2127 3225 2419 3280 Methodius
2457 3238 2630 3282 vestes
2676 3237 2932 3295 scorteas,
2971 3245 3074 3284 non
3115 3233 3327 3299 quidem

1795 3315 2015 3367 mortale
2041 3331 2230 3382 corpus
2258 3331 2375 3370 esse
2405 3317 2558 3382 dixit,
2601 3319 2694 3371 sed
2733 3320 2977 3388 corporis
3027 3331 3181 3375 antea
3225 3323 3327 3375 im-

1796 3402 2050 3464 mortalis,
2084 3402 2273 3455 deinde
2300 3417 2426 3456 vero
2462 3404 2700 3458 mortalis
2729 3404 2896 3458 effecti
2926 3407 3324 3463 dissolutionem

1793 3490 2109 3559 significare.
2159 3490 2445 3559 Gregorius
2494 3493 2864 3547 Nazianzenus
2901 3496 3140 3561 corporis
3169 3498 3327 3550 nudi-

1797 3592 1902 3634 tate
1948 3583 2168 3649 exprimi
2221 3583 2331 3636 vult
2387 3583 2686 3637 immortale
2740 3585 2886 3651 prius
2917 3593 2971 3638 et
3028 3585 3185 3639 nullis
3231 3587 3328 3640 ob-

1795 3675 2004 3725 noxium
2035 3673 2230 3726 morbis
2254 3673 2437 3724 Adami
2467 3687 2686 3741 corpus;
2711 3676 2944 3728 vestibus
2983 3690 3127 3738 vero,
3180 3690 3325 3729 mor-

1797 3762 2074 3825 talitatem,
2116 3762 2447 3830 gravitatem,
2479 3776 2542 3813 ac
2575 3763 2952 3827 infirmitatem,
2986 3779 3103 3831 quae
3133 3779 3326 3832 corpus

1795 3853 1918 3906 illud
1986 3853 2308 3906 invaserunt.
2377 3849 2624 3903 Nonnulli
2696 3865 2844 3914 vero,
2915 3866 3051 3918 quos
3131 3854 3325 3907 refellit

1793 3941 2153 3994 Tbeodoretus
2194 3947 2383 4005 qutest.
2419 3937 2487 3990 '59
2522 3939 2574 3988 in
2605 3935 2884 4001 Genesim.,
2917 3948 3153 3992 scorteas
3186 3943 3323 3996 tuni-

1792 4043 1883 4082 cas
1904 4042 2020 4080 esse
2039 4026 2287 4079 dixerunt
2317 4025 2565 4076 arborum
2595 4025 2843 4089 cortices,
2877 4039 2997 4092 qua:
3018 4036 3139 4078 sunt
3177 4026 3322 4081 velut

1791 4116 2037 4170 arborum
2066 4115 2226 4183 pelles
2257 4123 2312 4167 et
2341 4115 2664 4167 indumenta.

1860 4207 1952 4260 His
1984 4205 2417 4274 suffragatoribus
2444 4220 2678 4258 errorem
2705 4218 2856 4258 suum
2883 4213 3162 4258 excusaret
3192 4205 3314 4261 Ori-

1791 4311 1973 4366 genes,
2013 4296 2055 4350 si
2103 4295 2217 4362 ejus
2263 4303 2404 4348 esset
2452 4294 2781 4348 manifestus.
2815 4293 2884 4345 At
2929 4304 3124 4360 quanta
3160 4293 3318 4350 fuerit

1793 4388 1954 4456 ipsius
1985 4388 2036 4439 in
2063 4386 2160 4438 bac
2185 4383 2475 4452 quaestione
2512 4382 2782 4436 fluctuatio
2811 4396 2876 4436 ex
2919 4385 3165 4450 sequenti
3202 4383 3320 4438 loco

130 4492 306 4548 Alibi
354 4498 565 4543 tamen
605 4481 854 4550 Origenes
882 4481 1179 4546 paradisum
1229 4480 1394 4545 Edeu,
1443 4494 1535 4535 seu
1585 4489 1691 4534 ter-
1719 4473 2011 4546 Dpatebit,
2043 4488 2198 4542 quem
2252 4481 2452 4526 catenae
2508 4485 2611 4525 uno
2664 4486 2923 4526 consensu
2964 4472 3178 4540 Origeni
3226 4474 3321 4528 tri-

60 4590 334 4638 restrem
378 4574 652 4632 eumdem
701 4585 818 4625 esse
851 4571 1035 4625 scribit
1074 4585 1136 4624 ac
1183 4572 1483 4639 paradisum
1519 4571 1686 4634 illum,

57 4679 113 4728 in
150 4683 359 4744 quem
415 4670 638 4738 piorum
669 4666 858 4717 anima;
901 4671 1020 4732 post
1069 4663 1270 4716 obitum
1318 4663 1685 4726 dimittuntur;

60 4780 243 4832 quem
295 4775 458 4820 cum
492 4758 546 4808 in
591 4753 745 4808 terris
786 4751 1138 4812 collocaverit.
1179 4761 1234 4804 ut
1278 4767 1432 4820 supra
1462 4753 1589 4815 dixi,
1628 4753 1689 4805 il-

59 4856 180 4906 lum
210 4861 495 4925 quoque
531 4845 583 4897 in
625 4842 778 4896 terris
819 4855 936 4894 esse
979 4855 1193 4894 necesse
1231 4850 1331 4894 est.
1382 4858 1400 4890 ι
1450 4839 1548 4906 Qui
1593 4857 1687 4893 au-

61 4955 204 5003 tem.
256 4966 283 4999 ι
337 4937 549 5005 inquit
595 4934 687 4988 lib.
721 4949 738 4986 ι
771 4933 822 4985 in
863 4931 1087 4989 Cantia.
1138 4945 1260 4997 pag.
1310 4930 1414 4995 42,
1449 4949 1467 4981 ι
1500 4933 1686 4999 dignus

55 5037 246 5088 fuerit
285 5029 513 5090 redire
537 5035 592 5080 et
619 5039 739 5078 esse
775 5038 893 5078 cum
925 5022 1153 5085 Christo,
1198 5022 1394 5089 quique
1434 5021 1484 5074 in
1525 5034 1687 5088 parvo

56 5124 265 5177 ﬁdelis
323 5122 613 5176 inventus
646 5113 994 5166 constituetur
1030 5124 1190 5176 super
1229 5109 1414 5171 multa,
1449 5108 1536 5162 ille
1588 5125 1684 5178 gu-

50 5213 257 5267 stabit
295 5218 375 5266 et
432 5203 614 5270 capiet
656 5203 974 5268 voluptatem
1019 5199 1246 5262 Domini,
1303 5199 1582 5266 perductus
1622 5199 1685 5251 ad

49 5304 275 5357 locum
308 5292 632 5368 quemdam
668 5292 756 5358 qui
786 5305 880 5357 pro
914 5288 1212 5355 hujusmodi
1255 5288 1490 5340 ciborum
1521 5288 1684 5355 copiis

51 5404 120 5448 et
142 5383 594 5445 varietatibus,
616 5380 917 5433 deliciarum
949 5381 1249 5431 nominatur
1275 5377 1440 5429 locus.
1467 5375 1685 5446 Propter

67 5485 248 5556 quod
285 5487 356 5535 et
390 5477 452 5529 in
502 5470 648 5524 Eden
676 5470 874 5539 positus
921 5469 1134 5534 dicitur,
1181 5466 1318 5535 quod
1357 5466 1570 5520 delicias
1600 5467 1684 5520 in.

73 5581 285 5637 dicat.
328 5596 350 5628 ι

109 5651 111 5655 Ι
164 5669 327 5727 Vlll.
360 5663 439 5718 Ut
474 5653 707 5728 paradisi
739 5650 1060 5718 plantatione
1098 5647 1374 5719 mysticum
1425 5647 1551 5713 quid
1590 5662 1683 5701 no-

69 5765 200 5820 tari
248 5755 427 5826 {inﬁt
461 5750 560 5806 sibi
595 5739 961 5803 Adamantius,
1008 5741 1075 5794 ita
1110 5749 1428 5795 scortcarum
1474 5738 1680 5792 tunica-

1791 4566 1976 4619 buunt.
2004 4562 2054 4616 Is
2077 4575 2200 4630 ergo
2237 4562 2290 4612 in
2319 4558 2501 4612 Cenes.
2531 4575 2610 4624 ιιι,
2642 4559 2730 4623 21,
2775 4570 3051 4629 postquam
3081 4562 3314 4629 ineptum

1792 4669 1908 4710 esse
1937 4653 2068 4706 dixit
2101 4652 2262 4704 Deum
2296 4649 2493 4714 ﬁngere
2527 4652 2789 4703 detractas
2818 4651 3120 4703 animalium
3154 4651 3315 4719 pelles

1791 4753 2151 4804 consucntem,
2192 4739 2368 4793 subdit
2411 4738 2618 4791 εΙΙάλιν
2662 4756 2721 4790 τε
2759 4741 2992 4807 φυγόντα
3043 4740 3103 4792 τὸ
3148 4739 3316 4803 οὕτως

1791 4836 2003 4893 ἄτοπον,
2038 4831 2210 4898 λέγειν
2237 4829 2359 4890 τοὺς
2385 4829 2730 4898 δερματίνους
2759 4831 2983 4899 χιτῶνας
3009 4831 3107 4883 οὐκ
3133 4831 3318 4893 ἄλλους

1789 4921 1946 4988 εἶναι,
1978 4925 2011 4993 ἢ
2037 4922 2104 4974 τὰ
2131 4921 2371 4990 σώματα,
2405 4919 2622 4972 πιθανὸν
2668 4921 2782 4989 μὲν,
2814 4921 2906 4972 καὶ
2953 4922 3030 4982 εἰς
3062 4919 3320 4986 συγκατά-

1790 5016 1931 5068 Θεσιν
1970 5012 2362 5065 ἐπισπάσασθαι
2410 5009 2714 5080 δυνάμενοψ
2760 5011 2820 5062 οὐ
2865 5008 2970 5080 μὴν
3013 5009 3200 5075 σαφὲς,
3244 5008 3318 5068 ὡς

1789 5105 1998 5175 ἀληθές.
2036 5106 2096 5156 Ei
2134 5103 2241 5174 γὰρ
2283 5103 2330 5156 οἱ
2368 5102 2672 5172 δερμάτινοι
2712 5102 2931 5171 χιτῶνες
2983 5101 3181 5168 σάρκες
3227 5097 3319 5148 καὶ

1786 5195 1944 5247 ὀστέα
1984 5193 2106 5255 εἰσὶ,
2135 5193 2248 5254 πῶς
2276 5191 2378 5260 πρὸ
2407 5191 2604 5244 τούτων
2653 5191 2816 5258 φησὶν
2841 5191 2869 5240 ὁ
2909 5187 3108 5251 Ἀδάμο
3139 5182 3318 5233 Τοῦτο

1785 5284 1901 5338 νῦν
1931 5284 2150 5337 ὀστοῦν
2183 5283 2249 5334 ἐκ
2289 5280 2404 5333 τῶν
2431 5280 2623 5333 ὀστῶν
2646 5299 2784 5348 μου,
2819 5278 2916 5331 καὶ
2949 5273 3097 5340 σὰρξ
3119 5273 3188 5322 ὲκ
3214 5270 3322 5335 τῆς

1787 5376 2010 5444 σαρκός
2029 5390 2182 5442 μους
2230 5389 2250 5422 ε
2301 5371 2526 5425 Rursum
2584 5385 2708 5425 vero
2761 5369 2805 5422 si
2854 5365 2970 5432 quis
3018 5371 3130 5410 rem
3193 5358 3328 5410 adeo

1788 5465 2070 5522 absurdam
2100 5463 2310 5534 fugiens
2333 5461 2522 5516 dixerit
2554 5471 2790 5516 scorteas
2818 5452 3029 5534 tunicas
3046 5459 3159 5496 non
3192 5444 3334 5534 alias

1784 5570 1900 5612 esse
1920 5569 2076 5624 quam
2109 5531 2353 5620 corpora,
2383 5551 2654 5620 probabile
2691 5547 2797 5600 erit
2839 5540 2892 5593 id
2913 5533 3151 5624 quidem,
3189 5539 3251 5580 et
3275 5531 3342 5581 ad

1788 5623 2058 5701 assensum
2123 5643 2331 5696 trahere
2394 5640 2613 5702 valens;
2664 5647 2769 5690 non
2847 5625 3043 5680 clarum
3129 5623 3350 5702 tamen,

1787 5737 1940 5806 quale
1980 5751 2098 5792 esse
2135 5735 2292 5790 debet
2323 5732 2459 5799 quod
2496 5741 2674 5785 verum
2730 5727 2848 5774 est.
2883 5710 3008 5765 Nam
3041 5704 3086 5757 si
3141 5701 3364 5755 tunicae
