3920 6460
445 450 583 505 MSS

445 571 662 619 8001⁵1.θῶ
687 565 873 607 carnes
901 555 953 603 et
984 558 1105 599 ossa
1138 547 1284 603 sunt,

446 652 608 704 Adam
635 662 648 696 :
674 642 939 695 Hocmmc
976 650 1030 688 os
1043 649 1107 686 ex
1129 630 1326 683 ossibus
1354 627 1499 690 meis,
1528 632 1574 677 et
1610 637 1731 676 caro
1747 621 1809 673 de
1824 632 1976 671 carne
2000 632 2001 635 ‘

446 753 558 791 mea
576 734 660 785 “7
690 750 708 781 ι
741 727 898 782 Addit
919 732 1172 793 praeterea
1203 714 1583 772 nonnullos‘his
1601 712 1979 776 circumseptos

448 822 701 890 angustiis
717 817 1044 873 existimasse
1069 818 1306 864 scortess
1334 807 1544 885 tunicas
1571 816 1689 857 esse
1713 797 1976 854 moriendi

450 913 822 970 necessitatem
853 906 1055 958 Adamo
1080 913 1133 956 et
1166 900 1286 953 Evae
1310 905 1428 964 post
1456 902 1731 962 peccatum
1758 887 1976 957 imposi-

450 1014 557 1057 tam
602 1020 616 1056 :
656 1000 793 1068 quod
829 998 1002 1064 ipsum
1054 989 1364 1045 dillicultate
1404 1001 1505 1039 non
1558 995 1742 1038 carere
1778 985 1980 1034 censet.

450 1092 662 1148 Clarius
688 1091 743 1142 in
778 1085 1130 1141 orthodoxam
1181 1079 1387 1131 videtur
1438 1073 1728 1128 concedere
1773 1075 1985 1130 senten-

453 1184 581 1237 tiam
633 1178 815 1233 homil.
864 1175 918 1236 6,
971 1176 1023 1225 in
1076 1170 1312 1229 Leuitic.,
1364 1180 1509 1218 num.
1561 1164 1620 1226 2,
1673 1177 1790 1214 cum
1845 1159 1921 1212 ait
1967 1173 1983 1208 :

1700 415 1761 468 P.
1803 406 2109 465 DANIELIS
2141 403 2232 459 HU
2241 399 2373 456 ETll

1332 536 1595 606 quomodo
1647 543 1800 586 antea
1841 528 1971 584 dicit
1996 534 2043 586 Α
2068 520 2323 593 unigeniti
2388 517 2576 569 factos
2617 520 2761 565 esse
2802 516 2880 558 sci

2284 520 2323 574 ti
2388 517 2576 569 factos
2617 520 2761 565 esse
2802 498 3069 559 scribit,
3123 484 3323 560 quod
3383 480 3712 563 ἰωρεειεω
3745 511 3832 549 ,οη

2077 621 2243 668 caret.
2271 628 2290 659 ι

3716 378 3843 434 Ψῒῶ

2146 664 2304 758 Certe
2353 698 2400 752 si
2452 693 2602 749 satis
2661 685 2982 743 constaret
3030 672 3299 729 dixisse
3363 664 3711 740 Origenem
3760 687 3843 741 per

2077 800 2354 865 peccatum
2392 785 2710 853 imaginem
2764 774 2872 829 Dei
2926 768 3269 865 Adamum‘
3314 761 3855 865 agnisissewhug“.

2080 846 2279 939 stillam
2331 846 2665 931 tamen'sibi
2726 863 3192 931 suﬂ‘ragantem
3248 846 3584 918 haberet,
3626 852 3721 920 qui
3760 851 3841 904 ω),

2080 990 2131 1026 vn
2164 974 2237 1025 De
2259 967 2448 1024 Genesi
2476 965 2548 1016 ad
2575 965 2784 1023 litter.,
2812 969 2955 1022 cap.
2988 949 3100 1009 27,
3136 946 3232 999 ita
3268 941 3627 1014 loquitur;

2307 967 2448 1021 enesi
2476 965 2548 1016 ad
2575 965 2784 1023 litter.,
2812 969 2955 1022 cap.
2988 949 3100 1009 27,
3136 946 3232 999 ita
3268 941 3627 1014 loquitur;
3656 961 3680 993 ς
3707 940 3852 994 mm

2085 1059 2375 1126 imaginem
2424 1054 2478 1106 in
2534 1049 2751 1119 spiritu
2818 1039 3061 1117 mentis.
3116 1034 3531 1101 impreSsam
3609 1028 3841 1096 perdidit

2085 1130 2256 1204 Adam
2287 1161 2386 1215 per
2414 1150 2741 1210 peccatum,
2776 1147 2960 1203 quam
3025 1115 3397 1191 recepimus
3433 1132 3556 1188 per
3603 1115 3840 1185 gratiam

462 1204 581 1237 nam
635 1204 815 1233 IIUIIIu.
864 1204 918 1236 υ,
972 1204 1023 1225 ιη
1076 1204 1312 1229 uectum,
1365 1204 1509 1218 ..σι-ι.
1565 1204 1620 1226 -,
1675 1204 1790 1214 πω...
1845 1204 1921 1212 ..--
1970 1204 1982 1208 -
2290 1204 2305 1215 _
2417 1204 2429 1210 _

462 1290 482 1323 ι
520 1269 689 1323 Velim
733 1264 978 1320 conferre
1041 1259 1128 1312 illa
1156 1254 1383 1310 infelicia
1422 1253 1746 1313 indumenta,
1797 1245 1987 1315 quibus
2083 1235 2329 1308 iustitiae.
2364 1251 2383 1284 ι
2428 1230 2485 1301 Id
2523 1224 2913 1282 nihilominus
2952 1213 3210 1313 emollit
3248 1210 3355 1323 libi:
3396 1223 3448 1260 ιι
3506 1204 3850 1304 Retractat"

456 1365 662 1432 primus
696 1358 873 1418 homo,
900 1368 1018 1405 cum
1047 1354 1344 1417 peccasset,
1372 1343 1585 1409 indutus
1615 1350 1716 1399 est,
1751 1352 1869 1390 cum
1902 1336 1987 1387 his

456 1426 655 1506 sanctis
680 1457 733 1499 et
768 1444 1007 1499 ﬁdelibus
1031 1437 1370 1493 indumentis.
1404 1434 1469 1485 Et
1498 1431 1707 1499 quidem
1750 1427 1837 1480 illa
1861 1426 1993 1479 dici-

462 1553 547 1594 tur
577 1539 713 1591 Dens
747 1534 933 1588 fecisse
979 1547 993 1583 :
1049 1528 1193 1581 Fecit
1236 1528 1390 1585 enim,
1436 1522 1631 1589 inquit,
1681 1518 1813 1570 Deus
1854 1514 1994 1567 tuni-

461 1645 547 1682 cas
573 1627 832 1695 pelliceas,
873 1630 917 1674 et
942 1620 1106 1674 induit
1130 1617 1297 1668 Adam
1330 1623 1379 1667 et
1404 1612 1664 1665 mulierem
1679 1608 1789 1676 ejus
1806 1605 1867 1657 “.
1889 1602 1996 1675 illa:

461 1732 588 1784 ergo
627 1715 815 1768 tunicae
842 1711 904 1764 dc
935 1707 1159 1777 pellibus
1224 1710 1470 1755 erantex
1509 1695 1821 1751 animalibus
1854 1706 1997 1745 sum-

464 1814 566 1873 pta:
613 1819 626 1855 :
678 1799 869 1851 talibus
919 1794 1058 1846 enim
1095 1790 1371 1859 oportebat
1418 1786 1561 1840 indui
1613 1791 1975 1851 peecatorem,

465 1890 719 1961 pelliceis,
755 1888 986 1955 inquam,
1008 1881 1236 1943 tunicis,

466 1960 622 2049 quam
667 1993 761 2045 pro
816 1982 1032 2044 peccato
1085 1978 1383 2037 acceperat,
1426 1976 1481 2020 et
1516 1961 1811 2033 fragilitatis
1864 1960 1998 2026 ejus,

467 2085 584 2138 qua:
621 2084 687 2122 ex
743 2066 920 2120 carnis
965 2063 1302 2130 corruptione
1347 2058 1610 2116 veniebat,
1667 2052 1935 2107 indicium.
1972 2067 1991 2100 ι

468 2161 649 2227 Itaque
683 2164 867 2210 auctor
919 2153 1122 2222 Dialogi
1170 2154 1232 2205 de
1273 2149 1561 2203 orthodoxa
1601 2143 1848 2212 βάθειιή
1881 2139 2004 2195 0τί-

470 2247 588 2316 geni
652 2246 805 2312 vulgo
868 2243 1152 2303 tribuitur,
1213 2242 1383 2308 ipsum
1468 2235 1667 2288 inducit
1742 2239 1873 2305 sect.
1933 2228 2001 2295 5,

471 2351 593 2405 pag.
619 2334 741 2397 862,
770 2347 950 2386 veram
976 2340 1030 2385 et
1061 2330 1111 2383 in
1136 2327 1374 2399 Ecclesia
1408 2331 1670 2391 receptam
1700 2320 2004 2387 opinionem

474 2426 543 2479 de
574 2423 769 2477 tunicis
794 2420 897 2474 illis
925 2420 1167 2483 scorteis,
1204 2417 1459 2470 adversus
1501 2411 1760 2466 Marinum
1799 2407 1998 2462 Battle-

475 2514 750 2569 sianistam
781 2510 1221 2578 propugnantem.
1327 2491 1331 2497 ’

546 2601 636 2655 IX.
675 2600 814 2653 later
843 2597 1238 2652 criminationes
1271 2606 1404 2661 quas
1442 2592 1695 2646 adversus
1722 2586 2028 2655 Origenem'

478 2690 686 2759 collegit
717 2688 1039 2757 Epiphanius
1056 2686 1184 2738 hair.
1211 2698 1354 2747 thv,
1390 2696 1505 2749 cap.
1529 2681 1589 2743 4,
1609 2689 1662 2733 et
1695 2679 1747 2731 in
1795 2676 2014 2745 cpistola

480 2778 547 2833 ad
573 2778 826 2832 Joannem
853 2773 1190 2842 Jerosolym.,
1222 2786 1340 2839 cap.
1365 2770 1419 2834 4,
1449 2783 1556 2821 una
1586 2769 1699 2820 haec
1732 2774 1812 2819 est
1841 2782 1855 2817 :
1892 2782 1910 2815 ε
1934 2765 2016 2817 Ιη-

484 2878 567 2923 ter
602 2867 764 2920 multa
811 2865 971 2919 etiam
1007 2863 1135 2916 illud
1178 2876 1338 2916 ausus
1368 2870 1451 2913 est
1487 2859 1686 2921 dicere,
1725 2857 2019 2925 perdidisse

483 2957 769 3026 imaginem
802 2955 894 3009 Dei
919 2954 1087 3007 Adam
1112 2968 1129 3006 :
1156 2970 1174 3003 ι
1207 2951 1346 3019 quod
1372 2960 1425 3003 et
1455 2942 1806 3017 Hieronymus
1830 2945 2022 3014 repetit

482 3041 535 3094 iu
566 3041 721 3108 epist.
765 3039 853 3101 6i,
905 3040 967 3091 ad
996 3037 1319 3099 Pammach.,
1354 3048 1472 3102 cap.
1500 3034 1551 3087 5.
1578 3032 1736 3098 Quasi
1762 3032 2022 3086 Adamum

486 3130 711 3182 voluerit
740 3129 792 3181 in
822 3141 1031 3197 ptenam
1057 3126 1281 3194 peccati,
1308 3138 1410 3176 non
1435 3122 1582 3191 gravi
1614 3124 1873 3175 duntaxat
1906 3136 2025 3175 cor-

486 3231 637 3284 pore,
656 3216 731 3270 sic
751 3226 996 3283 tanquam
1015 3211 1355 3281 compedibus
1378 3210 1539 3264 fuisse
1558 3194 1923 3275 constrictum,
1938 3209 2029 3263 sed

491 3308 722 3375 imagine
752 3307 907 3359 etiam
945 3305 1061 3368 Dei,
1092 3304 1156 3356 ad
1195 3316 1351 3369 quam
1390 3301 1633 3354 conditus
1666 3300 1859 3363 fuerat,
1888 3300 2033 3352 exci-

493 3399 652 3451 disse.
682 3398 751 3449 At
775 3388 930 3463 paulo
963 3392 1183 3447 inferius
1213 3390 1368 3443 docet
1398 3388 1725 3455 Epiphanius
1753 3404 1856 3441 non
1896 3390 2032 3442 idem

500 3501 659 3555 super
701 3486 801 3539 bsc
836 3484 1124 3551 quastione
1168 3479 1397 3535 sensisse
1442 3475 1769 3543 Origenistas
1801 3492 2032 3533 omnes:

501 3595 521 3627 ι
548 3575 767 3641 Quidam
798 3575 937 3626 enim
979 3586 1188 3634 eorum,
1231 3568 1433 3637 inquit,
1465 3567 1645 3621 dicunt
1676 3568 1814 3634 quod
1858 3568 2037 3637 imago

498 3665 616 3727 Dei,
639 3678 797 3730 quam
830 3662 977 3729 prius
1001 3659 1204 3726 accepit
1227 3658 1415 3718 Adam,
1460 3656 1549 3709 illo
1579 3663 1834 3721 peccante
1864 3659 2038 3724 perie-

502 3755 610 3809 rit-:
646 3753 733 3806 alii
765 3752 1100 3819 suspicantur
1134 3762 1344 3817 corpus,
1390 3746 1529 3815 quod
1558 3744 1721 3798 Filius
1756 3745 1847 3798 Dei
1884 3748 2037 3801 habi-

500 3855 648 3897 turus
687 3852 831 3897 esset
857 3856 922 3895 ex
970 3839 1166 3903 Maria,
1195 3838 1360 3906 ipsam
1406 3851 1523 3891 esse
1570 3835 1896 3904 imaginem;
1949 3838 2039 3891 alii

500 3948 744 3997 sensum;
778 3930 865 3985 alii
896 3930 1176 3993 virtutem;
1208 3928 1293 3982 isti
1322 3927 1608 3996 baptisma;
1638 3925 1688 3978 hi
1711 3926 1849 3993 quod
1881 3927 2039 3980 homo

503 4025 570 4078 ad
625 4023 907 4091 imaginem
970 4018 1060 4072 Dei
1118 4018 1417 4071 dominetur
1475 4014 1735 4070 omnibus.
1768 4033 1786 4065 ι
1829 4014 2042 4071 Nicetas

502 4113 692 4169 veroin
729 4110 990 4164 Thesauro
1024 4108 1320 4161 orthodoxa
1351 4105 1491 4172 ﬁdei,
1523 4105 1614 4159 lib.
1642 4120 1713 4167 tv,
1732 4104 1860 4157 hair.
1891 4118 2038 4168 xm,

507 4205 700 4257 dixisse
729 4201 803 4255 ait
839 4199 1120 4269 Origenem
1148 4197 1429 4257 Adamum,
1459 4202 1739 4261 antequam
1772 4206 2039 4262 peccaret,

507 4293 731 4361 efﬁgiem
772 4292 1057 4344 humanam
1105 4286 1378 4356 corporeis
1407 4283 1694 4338 involucris
1724 4284 2040 4351 immunem,

508 4390 561 4434 et
599 4382 710 4434 sola
746 4382 975 4433 humana
1012 4381 1179 4431 forma
1214 4376 1488 4444 praeditam
1529 4387 1912 4437 conservasse;
1946 4376 2044 4427 ad-

513 4468 672 4520 misso
707 4464 879 4520 autem
917 4448 1137 4536 peccato.
1174 4465 1397 4519 formam
1435 4460 1575 4513 illam
1618 4459 1884 4522 amisisse,
1920 4475 2039 4514 cum
2073 4485 2116 4538 ι)
2145 4458 2389 4520 diabolo;
2425 4466 2575 4510 recte
2620 4460 2874 4527 agendo,
2916 4460 3210 4519 Christo

514 4575 706 4626 corpus
747 4561 845 4613 hoc
879 4559 1052 4613 anima
1082 4558 1264 4612 subiit.
1306 4556 1440 4608 Tum
1481 4553 1672 4606 deinde
1708 4554 1773 4606 de
1815 4551 2044 4619 Origene

516 4650 627 4701 haec
660 4648 906 4701 disserit:
945 4665 963 4698 ι
992 4647 1146 4700 Aliud
1179 4645 1320 4699 enim
1348 4643 1535 4706 Deum,
1561 4641 1700 4694 aliud
1733 4640 1782 4694 id
1808 4642 1945 4707 qu‘od
1977 4642 2043 4695 ad

519 4739 801 4805 imaginem
838 4736 1170 4790 eti‘ormatum
1208 4743 1322 4799 est;
1372 4732 1513 4786 aliud
1562 4732 1685 4785 item
1746 4730 2045 4783 similitudi-

520 4841 662 4889 nem,
696 4825 837 4877 aliud
875 4826 925 4878 id
953 4826 1092 4893 quod
1119 4825 1185 4878 ad
1228 4822 1623 4878 similitudinem
1658 4811 1899 4873 eliectum
1929 4831 2042 4882 est,

520 4931 641 4972 esse
678 4915 957 4969 statuebat.
1002 4915 1174 4983 Atque
1215 4916 1411 4985 primas
1453 4913 1664 4981 quidem
1697 4910 1951 4979 imagines
1992 4921 2048 4965 et

522 5005 894 5065 similitudines
920 5003 1010 5057 Dei
1044 5004 1277 5072 angelos,
1314 5004 1547 5071 aliasque
1571 5002 1792 5055 virtutes
1816 5012 1934 5053 esse
1967 4999 2048 5053 di-

524 5099 677 5154 cebat
701 5112 716 5149 :
742 5108 838 5148 nos
867 5100 1037 5145 autem
1065 5092 1318 5145 secundos
1345 5093 1410 5144 ab
1440 5090 1560 5154 illis,
1587 5099 1644 5142 ut
1674 5089 1903 5141 minores
1926 5086 2047 5151 illis,

525 5190 614 5259 qui
645 5188 709 5241 ad
744 5184 951 5239 illorum
1005 5179 1205 5233 scilicet
1254 5178 1530 5246 imaginem
1578 5174 1830 5230 eil‘ormati
1864 5174 2049 5226 simus.

527 5280 729 5337 Deinde
752 5277 816 5330 ad
840 5260 1433 5328 deteriora'dellectens,
1460 5265 1742 5332 imaginem
1773 5260 2049 5314 invisibilis

530 5371 620 5424 Dei
653 5363 986 5434 Uuigeuitum
1014 5353 1202 5408 Filiutn
1236 5359 1421 5416 vocat,
1459 5351 1747 5419 apostolica
1778 5364 1904 5403 voce
1932 5363 2052 5402 cor-

530 5465 706 5524 rupta,
733 5467 830 5506 nec
854 5464 918 5505 eo
943 5444 1169 5514 adjecto,
1201 5437 1340 5507 quod
1366 5436 1416 5488 in
1453 5438 1542 5489 illo
1570 5437 1843 5490 mutationi
1884 5436 2053 5489 obno-

532 5545 675 5598 xium
725 5556 827 5598 non
856 5547 967 5602 est;
1004 5545 1205 5602 uosque
1236 5527 1303 5582 ad
1332 5525 1608 5594 imaginem
1639 5526 1730 5581 Dei
1749 5565 1765 5591 ,
1811 5537 1905 5577 seu
1932 5523 2065 5580 Filii

2089 1340 2210 1392 cap.
2237 1322 2346 1384 24,
2394 1333 2504 1371 non
2557 1328 2789 1369 erasam
2849 1323 2925 1362 ex

2091 1380 2298 1475 dicens,
2332 1380 2434 1463 sed
2475 1408 2551 1461 ita
2590 1403 3023 1458 deformatam,
3060 1400 3141 1445 ut
3198 1385 3400 1441 fuerit
3450 1380 3870 1437 refer-manda.

2092 1505 2159 1557 At
2187 1501 2232 1557 si
2266 1498 2516 1554 doctrina
2543 1490 2839 1562 Origenis,
2876 1499 2999 1539 non
3047 1496 3136 1536 ex
3183 1472 3721 1531 adversariorum
3759 1484 3880 1522 con-

2093 1591 2511 1664 questionibus,
2563 1583 2780 1652 sede:
2828 1577 2968 1646 ejus
3033 1580 3376 1642 spectetur
3419 1564 3679 1624 verbis,
3727 1570 3890 1631 prout

2096 1660 2375 1744 aRuﬁno,
2425 1678 2533 1733 levi
2586 1686 2827 1744 prorsus
2886 1669 3290 1733 interprete,
3323 1667 3668 1739 conversa
3724 1660 3891 1713 sunt,

2098 1776 2216 1831 sine
2270 1786 2433 1828 causa
2482 1769 2577 1822 hic
2634 1766 2823 1833 ipsum
2884 1754 3216 1825 vapulare
3280 1746 3687 1803 fatebimur.
3762 1740 3897 1795 Nam

1289 1892 1409 1947 qua:
1445 1883 1621 1930 essent
1647 1869 2005 1941 mortalitatis,
2034 1848 2076 1902 Β
2105 1866 2286 1919 animo
2319 1858 2580 1921 hominis,
2612 1869 2725 1909 non
2758 1846 3039 1919 corpori,
3081 1842 3460 1911 imaginem
3500 1835 3622 1889 Dei
3664 1837 3902 1901 impres-

2876 1940 2913 1947 _
3318 1946 3363 1947 κέ
3425 1938 3524 1947 η,
3565 1943 3579 1947 Α
3631 1925 3735 1947 ,με
3780 1939 3902 1947 Μ,-

2997 1302 3269 1358 homine
3317 1298 3500 1352 hanc
3548 1293 3859 1361 imaginem

2105 1969 2221 2009 sam
2254 1965 2375 2007 esse
2406 1949 2591 2010 docet,
2629 1957 2763 1998 cum
2794 1956 2828 1994 a
2873 1940 3007 1993 Deo
3051 1932 3376 1989 conditus
3415 1938 3534 1983 est
3565 1943 3583 1980 :
3628 1925 3738 1979 Dei
3780 1939 3907 1977 vero

2107 2040 2517 2103 similitudinem
2574 2049 2713 2095 tunc
2767 2032 3078 2104 adipisci,
3142 2043 3297 2083 cum
3357 2025 3672 2080 animum
3730 2022 3908 2071 virtu-

2108 2140 2254 2193 tibus
2296 2141 2552 2190 exornat.
2592 2150 2612 2182 ‹
2656 2129 2823 2183 Hunc
2863 2138 3029 2180 sane
3084 2120 3495 2180 hominem,
3558 2113 3770 2182 inquit
3816 2112 3912 2166 bo-

2108 2227 2224 2283 mil.
2250 2226 2277 2279 1
2313 2225 2367 2277 in
2407 2222 2630 2282 Genes.,
2667 2232 2832 2272 num.
2865 2215 2977 2277 15,
3026 2229 3052 2261 ‹
3094 2222 3302 2279 quem
3352 2205 3537 2260 dicit
3584 2202 3670 2256 ad
3726 2201 3916 2268 imagi-

2110 2332 2234 2371 nem
2268 2314 2362 2368 Dei
2391 2312 2631 2371 l'actum,
2662 2322 2778 2361 non
2819 2301 3269 2368 intelligimus
3300 2291 3759 2364 corporalem.
3802 2288 3914 2342 Non

2112 2408 2255 2462 enim
2292 2401 2538 2471 corporis
2580 2400 2925 2468 ﬁgmentum
2996 2391 3122 2445 Dei
3196 2387 3571 2456 imaginem
3625 2383 3916 2443 continet,

2114 2508 2288 2563 neque
2333 2493 2517 2545 factus
2574 2502 2704 2543 esse
2776 2482 3150 2554 corporalis
3228 2481 3435 2534 homo
3503 2476 3770 2538 dicitur,
3826 2472 3913 2527 sed

2116 2577 2433 2657 plasmatus,
2486 2581 2635 2634 sicut
2678 2578 2735 2630 in
2788 2572 3368 2641 consequentibus
3437 2568 3767 2634 scriptum
3817 2572 3909 2616 est.

2117 2656 2207 2731 Ait
2234 2676 2419 2729 enim:
2454 2670 2750 2723 Plasmavit
2793 2667 2956 2720 Deus
2997 2667 3339 2719 hominem
3367 2663 3463 2726 ⁸⁸,
3503 2660 3571 2714 id
3613 2668 3734 2721 est,
3766 2656 3910 2712 ﬁnxit

2120 2764 2185 2817 de
2213 2772 2370 2815 terra:
2415 2760 2570 2812 limo.
2601 2757 2651 2810 ιε
2689 2765 2896 2809 autem
2942 2756 3065 2823 qui
3128 2755 3219 2807 ad
3277 2752 3654 2823 imaginem
3694 2748 3796 2801 Dei
3836 2745 3907 2796 ia-

2122 2861 2238 2905 ctus
2261 2858 2365 2910 est,
2394 2856 2450 2901 et
2479 2848 2546 2900 ad
2578 2845 3085 2907 similitudinem,
3128 2843 3427 2897 interior
3465 2843 3673 2896 homo
3707 2846 3906 2897 noster,

2123 2949 2206 2994 est
2237 2936 2523 2991 invisibilis
2554 2944 2612 2989 et
2642 2931 3099 3001 incorporalis,
3157 2941 3231 2986 et
3287 2933 3723 2999 incorruptus
3757 2936 3903 2991 atque

2126 3024 2469 3082 immortalis.
2499 3022 2558 3075 In
2597 3022 2686 3075 his
2724 3021 2889 3075 enim
2952 3021 3221 3077 talibus
3271 3021 3389 3076 Dei
3456 3022 3680 3089 imago
3720 3016 3905 3070 rectius

2129 3115 2462 3183 intelligitur.
2516 3111 2573 3166 Si
2618 3112 2717 3179 qui
2783 3125 2938 3165 vero
2999 3112 3202 3166 hunc
3268 3126 3673 3180 corporeum
3730 3114 3902 3176 putent

2130 3219 2281 3268 esse,
2310 3204 2401 3270 qui
2441 3202 2509 3255 ad
2543 3201 2860 3269 imaginem
2914 3210 2983 3255 et
3003 3202 3545 3258 similitudinem
3599 3202 3703 3254 Dei
3750 3199 3902 3251 factus

2129 3297 2244 3356 est,
2284 3291 2451 3346 Deum
2503 3291 2688 3359 ipsum
2745 3305 3197 3358 corporeum,
3258 3302 3326 3346 et
3385 3292 3696 3346 humana:
3732 3290 3898 3342 ternm

2130 3384 2376 3437 videntur
2409 3379 2696 3441 inducere,
2727 3381 2894 3447 quod
2930 3382 3211 3435 sentire
3260 3383 3343 3436 de
3384 3381 3534 3436 Deo
3572 3378 3898 3435 manifestis

2133 3476 2267 3529 sime
2302 3469 2527 3538 impium
2564 3479 2672 3522 est.
2702 3487 2722 3520 ι
2779 3468 2923 3523 Mox
2986 3472 3368 3539 imaginem
3425 3473 3591 3539 Dei,
3640 3474 3715 3527 ad
3762 3486 3895 3539 quau

2133 3565 2394 3619 Ῑοηηειιυε
2423 3567 2510 3613 εει
2561 3559 2764 3624 homo.
2802 3561 3016 3631 ipsum
3067 3578 3237 3619 esse
3289 3567 3544 3621 asserit
3599 3564 3879 3619 Christum

2135 3666 2399 3727 quatenus
2445 3656 2623 3723 ﬁgura
2672 3660 2764 3706 est
2813 3653 3227 3711 substantiae
3269 3657 3431 3725 Dei,
3490 3673 3617 3713 non
3654 3665 3895 3725 quatenus

2137 3760 2362 3814 corpore
2398 3760 2427 3798 a
2465 3743 2642 3797 Maria
2689 3752 2938 3809 sumpto
2975 3745 3299 3803 indutus.
3350 3765 3374 3799 ι
3416 3748 3521 3800 Ad
3558 3747 3748 3815 hujus
3776 3756 3895 3810 ergo

2138 3836 2343 3906 inquit,
2390 3831 2648 3902 imaginis
2709 3831 3231 3890 similitudinem
3299 3841 3510 3893 homo
3570 3838 3767 3893 factus
3815 3846 3885 3888 est

2138 3937 2193 3981 et
2230 3934 2514 3995 propterea
2560 3921 2833 3975 Salvator
2876 3934 3141 3991 noster,
3186 3930 3306 3997 qui
3368 3938 3481 3983 est
3545 3930 3752 3997 imago
3796 3926 3889 3977 Dei

2140 4012 2509 4069 misericordia
2543 4018 2731 4064 motus
2769 4025 2880 4079 pro
2923 4012 3246 4080 homine,
3286 4020 3403 4087 qui
3447 4019 3533 4071 ad
3572 4018 3731 4085 Zeius
3778 4014 3889 4070 simi

2140 4106 2419 4174 litudinem
2462 4101 2646 4155 factus
2703 4102 2929 4163 fuerat,
2988 4103 3249 4161 videns
3289 4122 3447 4162 eum
3514 4108 3789 4175 deposita
3838 4118 3897 4156 su:

2144 4194 2374 4261 imagine
2422 4189 2646 4258 maligni
2704 4188 3053 4256 imaginem
3127 4193 3520 4263 induxisse,
3579 4198 3719 4266 ipse
3765 4204 3897 4248 metu

2143 4271 2837 4345 misericortﬂa,.imagine
2892 4280 3207 4339 hominis
3262 4296 3645 4355 assumpta,
3688 4286 3833 4339 venit
3866 4296 3897 4331 at

2143 4385 2321 4424 eum.»
2360 4366 2616 4421 Ostendit
2642 4368 2927 4437 deinceps
2960 4376 3325 4438 peccando
3363 4378 3633 4433 similes
3670 4391 3779 4430 nos
3805 4371 3897 4425 emt

2222 4466 2389 4520 ιῠυιος
2425 4466 2575 4510 recte
2620 4466 2874 4527 agendo,
2916 4466 3210 4519 Christo
3265 4487 3280 4520 :
3331 4486 3352 4519 ι
3402 4468 3546 4524 Sed
3607 4484 3809 4528 neruo,
3852 4466 3895 4515 in

2146 4548 2295 4619 quit,
2339 4548 2594 4615 desperet
2643 4549 2845 4603 videns
2905 4552 3462 4616 ,similitudinem
3531 4576 3717 4616 suam
3769 4556 3899 4624 magi

2148 4653 2270 4694 esse
2296 4654 2420 4693 cum
2457 4638 2702 4703 diabolo,
2736 4656 2919 4708 quam
2955 4658 3118 4699 cum
3166 4649 3333 4718 Deo,
3371 4667 3583 4721 posse
3640 4667 3711 4707 se
3752 4653 3899 4706 iterm

2148 4742 2471 4796 recuperare
2516 4729 2756 4782 formam
2812 4731 3131 4802 imaginis
3189 4739 3350 4804 Dei,
3411 4744 3583 4812 quia
3635 4758 3756 4797 non
3801 4736 3899 4793 veni

2133 4815 2403 4878 .Salvator
2429 4832 2632 4871 vocare
2656 4818 2869 4887 justos,
2924 4824 3044 4876 sed
3082 4840 3499 4895 peccatores
3544 4833 3610 4887 in
3667 4831 3899 4903 pmniten

2153 4907 2283 4972 tiam
2317 4906 2384 4957 “.
2433 4922 2452 4956 ι
2506 4903 2686 4960 Tomo
2738 4923 2982 4977 quoque
3041 4921 3143 4970 ‘xx
3204 4921 3275 4972 in
3325 4919 3574 4985 10am,
3644 4940 3813 4979 num.
3848 4918 3900 4971 '30

2153 5008 2276 5063 pag.
2304 4993 2437 5059 555,
2470 4994 2566 5049 Dei
2603 5011 2709 5051 nos
2736 4999 3240 5064 similitudinem
3274 5028 3631 5071 assumere
3668 5018 3779 5079 ait,
3820 5026 3899 5065 cm!

2155 5083 2426 5165 mandatis
2472 5085 2648 5155 ipsius
2674 5088 3123 5164 obsequitnur;
3169 5104 3448 5170 diaboli,
3504 5123 3663 5162 cum
3703 5107 3777 5160 ad
3813 5102 3897 5153 viti:

2158 5175 2486 5270 inclinamur
2527 5197 2544 5233 :
2586 5189 2703 5236 tum
2747 5185 2990 5252 subiicit
3041 5207 3062 5243 :
3108 5195 3250 5247 Καὶ
3298 5199 3497 5267 ἡμῶν
3553 5200 3626 5252 δὲ
3681 5202 3718 5270 ή
3769 5212 3895 5266 πρθη

2154 5268 2397 5360 γοεμένη
2456 5271 2773 5339 ὑπόστασίς
2841 5280 3009 5332 ἐστιν
3077 5287 3152 5339 ὲν
3214 5289 3307 5360 τῷ
3358 5293 3523 5342 κατ’
3574 5268 3787 5344 εἰκέναι
3843 5304 3894 5339 το

2155 5357 2543 5456 κζτίσαῖτοςῖἡ
2569 5366 2627 5419 δὲ
2659 5367 2723 5432 ἐξ,
2750 5371 2943 5436 αἰτίας
2974 5376 3159 5449 ἐντῷ
3198 5357 3513 5455 λητφθὲντι
3550 5389 3680 5440 ἀπὸ
3712 5386 3808 5440 τοῦ
3837 5400 3893 5452 χο

2156 5449 2259 5548 ’Ῠῖῖς
2289 5449 2403 5548 Ῐίῆῗ
2436 5449 2771 5548 Ἶλάσματν
2811 5460 2913 5512 καὶ
2964 5465 3018 5515 εί
3068 5469 3195 5536 μὲν
3232 5449 3455 5544 diem?
3514 5449 3891 5543 ἐπιλαεάειέίθε

2158 5546 2261 5601 της
2286 5549 2347 5588 εν
2380 5539 2522 5608 ἡμῖν
2560 5547 2883 5617 κρείττονος
2911 5554 3169 5631 οὐσίας,
3206 5539 3639 5637 ὑποτάξωμεν
3695 5539 3889 5620 caussis

605 5712 650 5744 “
684 5712 962 5778 Genes.u,
988 5710 1076 5765 25.
1171 5706 1214 5738 “
1251 5703 1442 5761 Genes.
1469 5715 1560 5766 Ill,
1602 5698 1689 5753 9t.
1781 5697 1823 5731 "
1861 5695 2050 5755 Cenes.
2089 5717 2150 5771 ιι,
2175 5704 2231 5761 7.
2310 5711 2355 5745 σε
2395 5711 2539 5774 Luc.
2576 5739 2627 5791 ν,
2659 5725 2755 5783 39"
