3920 6452
99 399 260 503 \WA
832 467 837 474 ~
1023 435 1580 493 ORIGENIANORUM
1617 437 1745 494 LIB.
1785 438 1848 492 ll.
1890 436 2044 492 CAP.
2080 437 2126 490 il
2185 439 2459 503 QUIEST.
2497 440 2611 496 XII.
3225 442 3361 499 1062

135 523 340 622 ἡβπδ
362 527 468 583 τδῧ
500 535 611 604 χοῦ
638 542 950 617 πλάσματι,
980 548 1072 602 καὶ
1095 551 1152 601 τὸ
1179 551 1416 620 κρεῖττον
1435 549 1530 618 τὴν
1548 547 1683 603 εἰκόν

1827 547 2010 600 faciem
2041 548 2203 615 ipsius
2235 548 2458 616 spiravit
2503 551 2662 616 Deus,
2705 549 2960 620 Spiritum
3004 564 3245 608 sanctum
3273 571 3365 610 ac-

150 641 224 692 τεῶ
264 621 454 692 χοῑκοῦ
495 624 772 697 λήψεται,
802 637 934 688 εἰδὲ
968 638 1209 700 συνέντες
1251 639 1310 690 τὸ
1350 637 1565 708 ποιηθὲν
1605 654 1698 688 κατ

1824 637 1981 704 cepit.
2010 634 2200 689 Verum
2242 646 2540 703 postremus
2574 639 2657 693 ille
2682 640 2924 709 Origenis
2959 641 3104 696 locus
3129 658 3194 698 ex
3237 660 3361 714 pro-

173 722 355 778 εἱκόνας
376 716 477 768 καὶ
503 717 568 770 τὸ
589 719 805 791 ληφθὲν
821 727 924 778 ἀπὺ
946 725 1037 778 τοῦ
1060 725 1152 795 χοῦ
1173 727 1269 797 τῆς
1283 728 1402 797 γῆς,
1425 727 1531 780 ὅλοι
1562 741 1721 796 προσ-

1822 727 1964 780 xime
2003 726 2317 795 praecedenti
2363 728 2702 794 explicandus
2747 739 2867 785 est:
2906 731 3047 786 unde
3084 734 3360 800 apparebit

181 813 383 881 νεύομεν
418 809 560 878 προς
588 813 800 878 τοῦτον,
828 812 887 870 οὖ
912 819 1026 868 κατ’
1056 817 1230 868 εἰκόνα
1255 818 1568 886 γεγόναμεν,
1604 817 1723 868 ὲσό-

1821 813 1980 866 vitam
2043 815 2212 881 ipsum
2261 813 2535 865 mortalem
2599 829 2716 868 cum
2772 816 2944 870 futura
3014 834 3357 888 comparasse

81 907 88 940 ἱ
180 901 304 974 μεθα
339 900 438 953 καὶ⁵
469 900 594 953 καθ’
623 905 880 972 ὁμοίωσιν
916 903 1067 966 Θεοῦ,
1107 907 1280 957 πᾶσαν
1304 907 1399 976 τὴν
1441 907 1571 976 πρὸς
1596 905 1624 957 ὓ

1821 904 1963 968 vita,
2008 911 2060 956 et
2108 903 2438 956 existimasse
2486 917 2579 955 nos
2614 903 2664 955 in
2719 905 2858 958 illam
2905 909 3249 975 prodeuntes,
3291 913 3358 964 ab

171 996 254 1048 καὶ
276 990 511 1062 σώματα
537 995 945 1062 προσπάθειαν,’
962 996 1052 1046 καὶ
1073 995 1168 1064 τὴν
1189 996 1323 1066 πρός
1341 1012 1458 1047 τινα
1476 994 1581 1047 τῶν
1603 994 1719 1046 καθ’

1821 1003 1939 1046 ortu
1975 991 2219 1061 prinferre
2264 991 2543 1060 imaginem
2578 992 2694 1055 Dei,
2735 996 2834 1048 hoc
2871 1007 2971 1061 est,
3007 1007 3064 1050 ut
3110 999 3184 1052 ait
3222 1000 3355 1068 ipse,

66 1084 75 1119 ῖ
165 1084 428 1154 ὁμοίωσιν
461 1084 854 1152 ἁπολείψαντες
873 1103 885 1114 ⁸
911 1097 964 1140 et
991 1101 1136 1138 num.
1155 1086 1242 1149 2|,
1266 1102 1382 1154 pag.
1405 1085 1509 1140 542
1536 1086 1614 1139 ;”(

1828 1101 1845 1132 ε
1873 1079 2274 1151 possibilitatem
2308 1080 2651 1149 perfectionis
2669 1082 2923 1139 divinitus
2951 1087 3150 1151 datam,
3179 1107 3198 1138 ι
3247 1098 3354 1142 ιιιιιι

69 1179 74 1182 ’
161 1174 258 1243 μὲν
303 1168 406 1224 οὖν
451 1172 522 1242 ζῇ
564 1174 592 1224 ὁ
631 1174 939 1244 ἄνθρωπος,
981 1176 1040 1226 οὐ
1077 1177 1226 1245 φορεί
1265 1175 1360 1244 τὴν
1409 1173 1501 1227 τοῦ
1542 1180 1617 1244 χοῖ

1822 1185 1939 1224 cum
2004 1179 2274 1223 crearetur
2342 1169 2607 1236 Adamus;
2670 1171 3034 1227 adumbratam
3088 1192 3214 1232 vero
3262 1193 3358 1247 per

157 1263 343 1314 εἰκόνα
367 1284 379 1290 -
420 1260 788 1332 ἀποθνήσκων
825 1263 909 1325 δὲ,
953 1264 1042 1314 καὶ
1072 1261 1448 1332 ἀναιρούμενος
1493 1265 1594 1316 ὑπὸ
1630 1263 1705 1316 τοί

1824 1270 1966 1313 recte
2015 1260 2153 1312 facta
2209 1260 2628 1324 similitudinem,
2673 1261 2724 1314 in
2786 1264 3024 1330 sequenti
3073 1282 3202 1332 aevo,
3247 1270 3357 1323 sive

49 1354 58 1385 ῖ
155 1351 646 1422 ἀνθρωποκτόνου,
671 1353 783 1422 ἅμα
808 1370 864 1404 τε
890 1354 1093 1421 συνέχει
1119 1353 1210 1422 τὴν
1241 1353 1327 1404 τοῦ
1362 1354 1493 1405 Θεοῦ
1525 1356 1597 1406 ei):

1831 1369 1849 1400 ι
1880 1350 1931 1403 in
1965 1351 2482 1416 consumi'natione,»
2534 1354 2779 1406 omnibus
2822 1355 3054 1407 numeris
3090 1357 3154 1409 iri
3203 1360 3358 1414 abso-

41 1444 50 1454 '
149 1442 243 1494 καὶ
261 1440 661 1509 ἀναλαμϐάνει
679 1442 771 1511 τὴν
788 1442 878 1493 τοῦ
897 1442 1076 1510 χοϊκοῦ
1093 1445 1182 1494 καὶ
1196 1444 1401 1512 νεκροῦο
1421 1446 1589 1514 νεκρὸ.

1824 1441 2006 1494 lutum.
2038 1440 2183 1506 Quod
2223 1443 2264 1495 si
2311 1442 2587 1509 imaginem
2640 1441 2728 1493 Dei
2775 1443 2904 1495 nihil
2939 1443 3079 1497 aliud
3113 1460 3229 1500 esse
3261 1463 3355 1501 vo-

41 1532 50 1540 ’
146 1533 176 1584 ὁ
200 1530 424 1601 χοῖκὸς,
453 1529 649 1600 ὥσπερ
671 1528 776 1592 ζῶν
810 1536 837 1584 ὀ
865 1531 1194 1600 ἐπουράνιος.
1219 1531 1542 1586 Manifestius
1567 1550 1589 1587 e

1823 1532 1918 1583 luit
1966 1530 2249 1598 Origenes,
2293 1546 2449 1598 quam
2508 1549 2526 1580 ι
2569 1531 2972 1597 possibilitatem
3017 1536 3355 1601 perfectionis

145 1620 277 1674 illud
307 1635 343 1674 e
377 1619 481 1672 lib.
513 1635 573 1672 ιιι
596 1619 736 1686 Περὶ
763 1619 979 1687 ἀρχῶν,
1007 1636 1122 1689 cap.
1153 1622 1205 1683 6,
1241 1637 1382 1673 num.
1411 1624 1431 1675 1
1468 1640 1481 1675 :
1517 1640 1533 1672 ι
1567 1623 1693 1690 lgitu

1823 1621 2070 1674 divinitus
2105 1622 2342 1682 datam,»
2381 1628 2437 1672 ut
2471 1636 2578 1686 prae
2619 1635 2674 1674 se
2718 1621 2819 1674 fert
2867 1623 3146 1689 ltuliniana
3192 1627 3357 1681 inter-

144 1724 439 1764 summum
466 1708 671 1761 bonum
691 1709 754 1760 ad
774 1709 914 1776 quod
938 1719 1118 1762 natura
1141 1709 1462 1764 rationabilis
1485 1711 1726 1764 universa
1823 1711 2075 1778 pretatio,
2117 1710 2354 1776 sequitur
2399 1709 2566 1776 ipsum
2619 1711 2922 1778 neutiquam
2979 1715 3250 1770 censuisse
3291 1731 3356 1771 ea

140 1799 410 1863 festinat,
442 1798 596 1865 quod
630 1799 789 1851 etiam
827 1799 942 1852 linis
980 1799 1210 1852 omnimn
1241 1787 1450 1861 dieitur,
1480 1814 1508 1851 a
1540 1813 1723 1866 quam-
1757 1862 1794 1872 _
1824 1801 2078 1854 Adamum
2117 1799 2400 1861 excidisse,
2433 1798 2625 1867 quippe
2661 1816 2818 1867 quem
2862 1802 3013 1869 plena
3054 1820 3353 1872 nunquam-

142 1889 424 1959 plurimis
459 1888 632 1942 etiam
680 1888 1108 1957 philosophorum
1143 1889 1242 1942 hoc
1279 1890 1432 1941 modo
1473 1891 1724 1940 termina-
1757 1862 1797 1914 Β
1825 1906 1924 1944 non
1973 1891 2218 1943 libertate
2265 1889 2548 1942 fruiturum
2586 1903 2703 1942 esse
2734 1894 3036 1945 sexcenties
3082 1909 3356 1950 assevera-

143 1989 260 2043 tur,
304 1978 450 2046 quia
483 1992 757 2031 summum
786 1979 978 2031 bonum
1022 1979 1109 2044 sit,
1147 1985 1297 2046 prout
1340 1977 1588 2045 possibile
1620 1986 1722 2042 est,
1824 1981 1908 2033 rit.
1939 1980 2189 2034 Eamdem
2217 1994 2374 2048 porro
2418 1980 2662 2046 imaginis
2684 1991 2737 2033 et
2773 1982 3134 2036 similitudinis
3163 1985 3354 2038 distiu-

144 2069 400 2124 similem
433 2066 558 2121 fieri
589 2066 719 2120 Deo.
747 2065 850 2120 Sed
884 2068 983 2120 hoc
1010 2083 1113 2120 non
1148 2078 1250 2120 tam
1282 2067 1510 2133 ipsorum
1541 2067 1722 2120 inven-
1820 2069 2048 2123 ctionem
2109 2069 2442 2121 retinuerunt
2518 2069 2822 2122 Victorinus
2890 2069 2993 2124 lib..
3033 2087 3046 2123 ι
3110 2074 3354 2127 adversus

43 2173 46 2176 ‘
138 2168 284 2224 tum,
321 2171 502 2227 quam
534 2169 604 2209 ex
632 2155 825 2209 divinis
866 2155 1014 2209 libris
1056 2158 1124 2209 ab
1154 2157 1230 2210 eis
1262 2165 1524 2224 sumptum
1570 2169 1716 2224 puto.
1819 2158 2022 2222 Arium,
2054 2167 2107 2211 et
2129 2157 2421 2212 Eucherius
2450 2158 2812 2226 Lugdunensis
2843 2160 2933 2215 lib.
2964 2177 2979 2213 ι
3009 2161 3061 2212 in
3094 2161 3350 2225 Genesim,

41 2287 44 2290 .
139 2248 262 2303 Hoc
295 2260 553 2314 namque
583 2246 782 2300 indicat
810 2245 1014 2314 Moyses
1054 2256 1179 2322 ante
1216 2260 1417 2313 omnes,
1462 2262 1581 2301 cum
1617 2251 1724 2316 pri-
1820 2256 1874 2300 et
1915 2233 2126 2301 Nicetes
2178 2246 2233 2300 in
2291 2245 2551 2301 Thesauro
2579 2249 2896 2326 ,ortliodoxa:
2952 2251 3112 2319 ﬁdei,
3159 2251 3250 2306 lib.
3278 2267 3352 2317 iv,

20 2348 50 2382 s‘:
137 2353 293 2392 uiam
329 2337 714 2392 conditionem
742 2337 971 2390 hominis
999 2347 1216 2391 enarrat
1245 2338 1427 2391 dicens
1451 2354 1466 2390 :
1501 2339 1563 2391 Et
1591 2339 1724 2391 dixit
1820 2335 1948 2389 hair.
1975 2351 2120 2390 xui.

20 2445 30 2475 έ
143 2428 294 2482 Deus
323 2446 341 2482 :
373 2425 675 2479 Faciamus
707 2425 963 2478 hominem
989 2426 1055 2478 ad
1088 2428 1360 2494 imaginem
1397 2436 1442 2479 et
1481 2428 1724 2480 similitu-
1888 2421 1955 2478 Χ.
1996 2424 2070 2475 Ex
2126 2423 2485 2489 superioribus
2531 2424 2620 2480 lux
2669 2429 2985 2482 conciliatur
3023 2429 3251 2484 obscuro
3289 2445 3356 2484 ac

36 2563 50 2568 ,.
135 2519 329 2572 dinem
367 2525 638 2571 nostram.
681 2515 829 2568 Tunc
873 2515 1060 2569 deinde
1102 2515 1244 2569 addit
1277 2534 1292 2569 :
1325 2516 1389 2568 Et
1429 2519 1551 2582 fecit
1588 2517 1722 2571 Deus
1821 2511 2017 2565 dillicili
2050 2511 2295 2579 Origenis
2319 2513 2433 2566 loco
2471 2524 2598 2570 tom.
2633 2531 2720 2568 xiv
2759 2518 2813 2568 in
2852 2517 3061 2582 Matt/2.,
3095 2534 3239 2572 num.
3266 2519 3352 2583 16,

26 2622 62 2655 ,ξ’
137 2609 450 2673 hominem,
491 2605 562 2658 ad
599 2603 696 2658 Dei
728 2605 998 2673 imaginem
1039 2604 1156 2671 fecit
1195 2621 1330 2667 eum,
1359 2607 1640 2658 masculum
1675 2617 1721 2659 ει
1820 2617 1937 2670 pag.
1964 2600 2084 2664 658,
2113 2602 2202 2656 ubi
2236 2603 2302 2656 ab
2332 2604 2634 2658 hominibus
2659 2607 2748 2674 qui
2777 2607 2936 2660 hmno
2963 2608 3172 2663 formati
3207 2619 3351 2673 sunt,

46 2725 66 2750 Δε
146 2700 416 2766 feminam
445 2696 569 2764 fecit
605 2696 710 2761 eos,
738 2705 785 2748 et
815 2695 1073 2747 benedixit
1101 2695 1174 2747 eis
1198 2694 1260 2748 ⁸⁷.
1295 2693 1404 2749 Hoc
1431 2710 1557 2764 ergo
1585 2695 1721 2763 quod
1820 2705 1910 2744 eos
1937 2690 2225 2757 distinguit,
2256 2693 2344 2759 qui
2382 2692 2446 2745 ad
2481 2694 2574 2746 Dei
2605 2695 2998 2749 similitudinem
3045 2696 3190 2751 fuere
3228 2712 3352 2765 pro-

43 2809 58 2839 ξε
145 2788 320 2853 dixit,
391 2785 484 2839 Ad
525 2785 806 2853 imaginem
836 2782 929 2835 Dei
975 2782 1096 2850 fecit
1140 2799 1273 2846 eum,
1326 2792 1378 2836 et
1424 2784 1489 2836 de
1539 2784 1591 2836 sit

1820 2779 2019 2832 creati:
2055 2779 2311 2849 Ὕστερον
2353 2781 2458 2850 γάρ
2492 2799 2618 2833 ποτε
2651 2784 2888 2846 ἐκείνων,
2932 2785 3123 2852 inquit,
3155 2785 3351 2841 ἔπλασε

36 2897 62 2933 ,τ
150 2875 345 2928 tudine
376 2873 557 2935 siluit,
583 2886 688 2924 non
722 2869 864 2923 aliud
907 2870 1124 2932 indicat,
1155 2869 1255 2921 nisi
1301 2870 1438 2936 quod
1481 2871 1581 2922 ima

1819 2869 2016 2938 Κύριος
2050 2871 2078 2920 ὁ
2103 2870 2242 2938 ΙΘεὸς
2278 2870 2364 2922 τὸν
2408 2870 2704 2940 ἄνθρωπον,
2736 2872 2860 2940 χοῦν
2893 2873 3065 2924 λαϐὼν
3099 2874 3208 2926 ἀπὸ
3255 2876 3348 2945 τῆς

149 2964 488 3032 dignitatem
531 2963 587 3014 in
621 2960 796 3028 prima
839 2959 1140 3014 conditione
1169 2960 1436 3027 percepit;
1471 2959 1586 3013 simi

1818 2963 1940 3028 γῆς,
1966 2961 2054 3012 καὶ
2083 2960 2186 3012 ἀπὸ
2207 2961 2302 3030 τῆς
2333 2961 2567 3031 πλευρᾶς
2598 2962 2756 3013 αὐτοῦ
2790 2963 2884 3032 τὴν
2924 2964 3130 3033 βοηθόν.
3161 2964 3353 3018 Facias

43 3079 68 3110 2
146 3053 299 3108 dinis
327 3066 467 3105 vero
502 3048 768 3119 perfectio
795 3048 847 3101 in
879 3047 1336 3102 consummatione
1367 3057 1574 3101 servata
1605 3057 1718 3101 est:
1819 3049 2013 3115 quippe"
2049 3049 2114 3101 ad
2153 3050 2432 3117 imaginem
2477 3052 2568 3104 Dei
2618 3051 2892 3115 homines,
2939 3055 3215 3107 interiores
3259 3055 3356 3108 ho-

42 3164 74 3199 ετςβ
145 3143 370 3198 scilicet
405 3149 469 3193 ut
499 3139 619 3207 ipse
636 3137 738 3192 sibi
761 3150 876 3190 eam
913 3137 1139 3204 propria:
1160 3135 1429 3189 industriae
1449 3135 1634 3188 studiis
1655 3149 1718 3188 ex
1748 3181 1790 3210 ρ
1822 3137 1990 3191 mines
2020 3149 2073 3192 et
2122 3140 2388 3208 spiritales
2425 3141 2690 3209 intelligit,
2735 3141 3004 3194 sensilium
3053 3157 3116 3195 ac
3162 3157 3351 3210 corpo-

40 3267 54 3293 ί
145 3230 251 3285 Dei
296 3229 616 3284 imitatione
652 3225 1034 3286 conscisceret,
1072 3239 1192 3278 cum
1239 3224 1588 3292 posSibilitate
1616 3225 1717 3277 sibi
1751 3224 1790 3242 "
1823 3228 2006 3281 ratium
2054 3243 2228 3282 rerum
2282 3233 2598 3298 contagioiie
2649 3232 2930 3283 immunes.
2979 3229 3130 3284 Unde
3169 3232 3350 3286 statim

42 3349 76 3384 it:
151 3320 520 3392 periectionis
555 3318 810 3372 divinitus
839 3317 958 3368 data
989 3329 1084 3382 per
1113 3315 1354 3383 imaginis
1386 3315 1581 3382 dignila

1817 3317 1996 3382 adjicit
2021 3335 2034 3371 :
2067 3318 2330 3372 Οὐδέποτε
2360 3320 2466 3390 γὰρ
2491 3321 2622 3390 γυνὴ
2657 3321 2772 3372 κατ’
2798 3320 2999 3383 εἰκόνα,
3029 3320 3145 3372 οὐδὲ
3175 3322 3312 3393 ἀνήρ
3331 3338 3347 3353 ο

150 3414 207 3466 iu
229 3415 341 3466 fine
359 3411 586 3464 demum
609 3420 703 3475 per
717 3419 934 3473 operum
951 3404 1297 3468 expletionem
1319 3403 1586 3472 perfectan

1816 3407 1926 3460 ἀλλ’
1969 3409 2018 3460 οἱ
2065 3408 2578 3479 μὲν-διαφέροντες,
2623 3409 2815 3480 appar
2872 3410 2920 3461 οἱ
2971 3409 3026 3462 δὲ
3079 3410 3349 3480 δεύτεροι,

43 3532 54 3554 ε
147 3504 272 3573 ipse
289 3500 712 3557 similitudinem
744 3504 1173 3550 consummaret:
1204 3514 1222 3545 ι
1255 3505 1308 3548 et
1336 3495 1463 3549 illud
1492 3510 1522 3548 e
1548 3496 1639 3549 lib.
1667 3510 1720 3549 iv
1817 3495 1968 3566 θῆλυ.
2003 3497 2100 3562 Qui
2130 3498 2276 3551 carui
2303 3508 2478 3552 autem
2510 3498 2668 3552 dediti
2710 3508 2852 3562 sunt,
2877 3507 2932 3551 et
2963 3497 3117 3551 fluxis
3149 3515 3213 3552 ac
3237 3515 3353 3554 sor-

43 3602 82 3662 ,μ
149 3597 206 3648 in
243 3595 425 3664 Epist.
460 3595 532 3644 ad
574 3589 750 3649 Rom.,
789 3601 931 3642 num.
984 3588 1040 3651 5,
1072 3601 1192 3656 pag.
1222 3587 1364 3642 5'50:
1411 3607 1429 3640 ι
1457 3589 1513 3642 In
1552 3590 1716 3644 initiis
1815 3585 1952 3640 didis
1982 3587 2139 3639 rebus
2179 3585 2528 3648 delectantur,
2567 3600 2660 3639 eos
2705 3601 2824 3641 esse
2861 3587 3048 3641 statuit
3093 3587 3263 3639 virum
3299 3597 3352 3640 et

49 3719 54 3750 ς
149 3687 344 3749 homo,
375 3698 506 3738 cum
543 3680 874 3750 propositum
924 3675 1108 3731 fuisset
1147 3687 1204 3731 ut
1232 3680 1298 3731 ad
1341 3680 1621 3748 imaginem
1661 3691 1714 3734 et
1815 3689 2053 3738 uxorem,
2098 3676 2232 3729 duos
2263 3690 2450 3743 nempe
2477 3674 2529 3727 in
2561 3689 2660 3727 una
2691 3689 2870 3728 carne.
2909 3674 3164 3729 Similiter
3201 3675 3352 3728 l‘hilo

50 3801 75 3835 ι
147 3776 581 3832 similitudinem
607 3771 698 3826 Dei
724 3770 893 3836 fieret,
918 3769 983 3823 ad
1006 3769 1281 3838 imaginem
1308 3771 1519 3838 quidem
1545 3771 1715 3826 factus
1816 3765 2078 3818 hominem
2109 3780 2174 3820 ex
2203 3767 2364 3821 humo
2397 3768 2577 3821 ﬁctum
2623 3767 2690 3820 ab
2719 3781 2783 3820 eo
2815 3764 3043 3833 seiungit
3067 3776 3121 3820 et
3166 3781 3347 3820 secer-

43 3900 78 3924 ς,
146 3879 277 3933 est,
317 3863 630 3922 similitudo
670 3869 844 3914 autem
883 3858 1041 3910 dilata
1090 3867 1192 3921 est,
1234 3858 1301 3912 ob
1330 3859 1432 3912 hoc
1475 3869 1530 3911 ut
1573 3861 1717 3927 prius
1815 3855 1912 3917 nit,
1938 3856 2024 3921 qni
2049 3855 2114 3907 ad
2138 3855 2421 3924 imaginem
2443 3857 2533 3909 Dei
2560 3866 2772 3909 creatus
2794 3863 2904 3918 est;
2929 3856 3019 3909 sed
3055 3859 3164 3907 re’m
3191 3855 3350 3908 aliter

75 3997 82 4006 .
146 3956 469 4012 conﬁderet
513 3951 569 4004 in
606 3949 794 4008 Deum,
823 3952 876 3997 et
907 3943 977 3996 ita
1020 3942 1170 3996 ﬁeret
1213 3945 1399 3999 similis
1425 3945 1495 4009 ei,
1524 3955 1578 3998 et
1606 3947 1717 4014 ipse
1815 3944 2071 4012 explicat;
2103 3945 2242 3998 hunc
2269 3945 2463 4012 quippe
2492 3945 2760 3997 hominem
2797 3957 2915 3997 esse
2952 3943 3063 3994 vult
3101 3952 3152 3996 et
3188 3943 3349 4011 ἀρχέ-

146 4047 378 4102 audiret
420 4041 555 4112 quia
605 4035 792 4091 similis
823 4034 876 4088 ei
922 4033 1012 4086 fiet
1057 4033 1231 4088 omnis
1261 4034 1350 4101 qui
1401 4033 1619 4088 conﬁdit
1666 4036 1716 4089 in
1814 4049 1977 4084 τυπον
1999 4041 2052 4086 et
2072 4033 2274 4102 νοητὸν,
2291 4033 2401 4086 sive
2428 4034 2656 4087 hominis
2682 4034 2874 4097 ideam,
2903 4046 3018 4098 quae
3047 4033 3134 4084 Dei
3179 4032 3342 4084 menti

49 4173 68 4197 ε
145 4149 302 4189 eum.
329 4153 352 4184 ι
393 4132 554 4186 Hane
583 4125 829 4193 imaginis
855 4131 909 4176 et
936 4122 1293 4176 similitudinis
1323 4121 1715 4176 distinctionem
1817 4122 1973 4186 inest,
2008 4121 2153 4175 illum
2207 4128 2332 4174 vero
2367 4121 2595 4174 hominis
2646 4134 2766 4174 esse
2814 4119 3086 4172 mortalem
3129 4133 3193 4172 ac
3236 4130 3343 4172 ter-

63 4253 79 4282 ,υ
145 4223 380 4277 videtur
426 4213 816 4287 perstrinxisse
867 4201 1190 4270 Methodius,
1251 4223 1368 4262 cum
1416 4211 1630 4278 scripsit
1665 4211 1716 4262 in
1815 4211 2134 4274 renum,‘ad
2174 4208 2329 4277 hujus
2372 4210 2592 4265 formam
2637 4223 2966 4278 expressum.
3008 4209 3188 4275 Inique
3221 4221 3347 4276 ergo

44 4339 62 4358 ι»
141 4311 301 4365 libro
345 4305 422 4359 De
452 4298 851 4359 resurrectione,
879 4295 1056 4348 datum
1096 4293 1259 4348 fuisse
1297 4296 1492 4348 homini
1522 4313 1550 4349 a
1590 4298 1713 4362 Deo,
1816 4299 2179 4355 consuleretur
2221 4300 2275 4353 in
2307 4299 2620 4369 Origenem,
2663 4301 2707 4353 si
2742 4314 2804 4353 ex
2838 4313 2902 4352 eo
2948 4299 3064 4352 loco
3103 4298 3346 4352 Praaada-

44 4391 68 4446 λ-
139 4401 210 4454 τὸ
242 4395 510 4458 θεοειδὲς,
540 4393 635 4444 καὶ
663 4384 971 4446 θεοείκελον,
1004 4385 1096 4436 καὶ
1134 4385 1306 4438 πάντα
1341 4387 1471 4455 πρὸς
1510 4389 1592 4440 ὲκε

1815 4393 1971 4445 mitas
2027 4391 2288 4446 invexisSe
2353 4391 2594 4444 homines
2648 4401 2977 4459 argueretur,
3027 4404 3147 4442 cum
3212 4387 3342 4442 alias

45 4467 70 4544 ς
136 4481 639 4557 ἀπηκριϐωμένην
674 4476 771 4545 τὴν
823 4473 1161 4544 πρωτότυπον
1205 4475 1295 4526 τοῦ
1349 4476 1586 4545 Πατρὸς,

1820 4496 1958 4549 saepe
1982 4481 2241 4535 Adamum
2278 4481 2344 4535 ab
2380 4481 2531 4534 initio
2565 4495 2742 4533 rerum
2782 4495 2812 4532 a
2851 4481 2957 4533 Deo
2985 4489 3221 4533 creatum
3259 4493 3343 4534 as-

138 4572 514 4645 Μονογενοῦς
570 4567 770 4622 εἰκόνα..
825 4583 843 4616 ι
873 4566 1154 4632 Imaginem
1217 4578 1280 4618 ac
1323 4566 1589 4620 similitudi

1814 4581 1975 4634 serat,
2004 4585 2066 4623 ac
2094 4571 2320 4639 primum
2352 4570 2617 4636 hominem
2645 4569 2892 4636 appellet.
2925 4568 3158 4635 lniquius
3182 4571 3341 4622 etiam

137 4671 250 4725 Dei
291 4664 581 4735 praeferre,
622 4667 676 4712 et
708 4654 884 4710 omnia
916 4654 979 4706 ad
1026 4652 1308 4720 perfectam
1359 4654 1494 4706 hanc
1543 4654 1716 4710 Putris
1813 4658 2176 4714 consuleretur
2204 4659 2256 4712 in
2287 4659 2494 4725 ipsum,
2538 4658 2581 4710 si
2610 4669 2675 4708 ex
2710 4659 2811 4710 hoc
2840 4656 3026 4717 altero,
3057 4671 3212 4723 quem
3248 4672 3345 4711 ex-

41 4793 70 4830 λ.
136 4775 215 4813 ac
274 4750 561 4824 Unigeniti
621 4744 981 4817 primigeniam
1029 4742 1317 4810 efﬁgiemu
1355 4742 1714 4811 Reprehendit
1811 4745 2413 4815 hibetMethodiusapud
2457 4745 2861 4806 Photium,cod.
2889 4759 3113 4825 ccxxxv,
3139 4747 3338 4798 erroris

47 4822 49 4893 ί
137 4855 199 4908 id
244 4822 476 4920 quoque
520 4839 805 4898 Jansenius
844 4844 972 4890 tom.
998 4834 1052 4900 1,
1085 4834 1178 4888 lib.
1205 4851 1275 4898 ιι,
1314 4851 1432 4903 cap.
1461 4836 1515 4901 7,
1560 4851 1591 4904 q

1810 4840 2043 4907 ejusdem
2091 4838 2491 4892 insimularetur
2529 4857 2540 4890 :
2577 4835 2712 4889 Οῡτε
2749 4830 2840 4887 οὖν
2886 4834 2990 4889 ἀπὸ
3033 4822 3231 4903 Ἃδὰμ,
3267 4833 3339 4894 ὥς

135 4957 252 5011 per
287 4936 589 5005 imaginem
617 4929 708 4983 Dei
737 4927 935 4980 Adamo
967 4924 1296 4990 impressam,
1322 4930 1510 4979 animae
1543 4941 1579 4979 St

1809 4926 1936 4994 φασί
1963 4942 2125 4990 τινες,
2155 4925 2412 4996 πρότερον
2440 4925 2538 4977 οὐκ
2567 4923 2641 4978 ὢν
2661 4928 2698 4977 ·ὁ
2726 4923 3024 4994 ἄνθρωπος,
3047 4921 3162 4973 τότε
3195 4920 3340 4990 πρῶ-

133 5007 584 5101 {aspirationem
613 5017 784 5072 notari
829 5013 1088 5084 putaverit
1117 5012 1404 5083 Origenes;
1434 5027 1528 5084 per
1565 5030 1576 5068 ε

1807 5035 1897 5080 τος
1925 5016 2178 5078 πλασθεὶς
2208 5019 2286 5078 εἰς
2316 5016 2513 5084 κόσμον
2551 5015 2818 5086 παρῆλθεν
2837 5031 2850 5044 ·
2885 5013 3006 5066 οὕτε
3043 5007 3108 5064 αὖ
3142 5011 3337 5101 κόσμος

28 5095 58 5172 ῗῖ
129 5093 450 5178 lim-dinem
477 5126 626 5174 vero,
652 5107 930 5163 babitualis
956 5105 1137 5173 gratiae
1159 5105 1474 5160 inlusionem
1498 5107 1576 5174 (sc

1808 5105 1910 5175 πρὸ
1934 5103 1992 5166 ἒξ
2030 5104 2246 5173 ἡμερῶν
2274 5103 2371 5173 τῆς
2403 5103 2494 5155 τοῦ
2538 5103 2704 5172 Ἀδὰμ
2739 5102 2996 5169 γενέσεως
3030 5097 3224 5166 ἤρξατο
3248 5093 3337 5160 δη-

127 5212 329 5267 verba
391 5197 773 5268 usurpamus);
827 5210 890 5248 ac
940 5193 1162 5262 proinde
1209 5193 1522 5264 Origenem,
1571 5196 1711 5249 nulla
1811 5192 2196 5264 μιουργεῖσθαι·
2256 5212 2274 5245 ‹
2306 5192 2486 5261 Neque
2541 5207 2666 5261 ergo
2712 5191 2778 5245 ab
2817 5193 3040 5250 Adaino,
3088 5192 3144 5235 ut
3189 5181 3336 5232 aiunt

35 5275 46 5284 ί
126 5299 352 5373 gratiae
394 5292 559 5360 hujus
603 5285 884 5340 habitualis
921 5283 1046 5335 dote
1088 5281 1404 5337 instructum
1459 5284 1510 5336 in
1557 5299 1710 5338 crea-
1810 5285 2040 5353 quidam,
2081 5285 2238 5339 homo
2276 5284 2363 5352 qui
2402 5294 2558 5336 antea
2601 5297 2704 5335 non
2743 5292 2888 5343 erat,
2939 5288 3060 5330 tunc
3107 5269 3332 5373 primum

126 5353 310 5447 Eone
349 5353 647 5438 credidisse
691 5375 945 5427 Adamum
970 5411 988 5434 ,
1033 5381 1187 5438 atque
1238 5386 1355 5426 eam
1393 5371 1462 5424 ab
1507 5373 1713 5428 actibus
1817 5376 2071 5428 formatus
2099 5373 2149 5427 in
2175 5374 2424 5427 mundum
2453 5373 2632 5426 venit:
2664 5384 2834 5438 neque
2860 5374 3065 5422 rursum
3107 5353 3338 5407 mundus

30 5466 54 5536 ξ,
125 5489 330 5536 totam
377 5467 752 5537 suspendisse;
797 5475 970 5528 eoque
1002 5460 1222 5514 multum
1272 5464 1338 5518 de
1382 5471 1586 5516 natura:
1630 5464 1714 5516 in-
1815 5475 1938 5519 ante
1965 5478 2056 5518 sex
2087 5463 2198 5517 dies
2221 5478 2376 5532 quam
2409 5463 2556 5517 fieret
2578 5463 2766 5522 Adam,
2785 5454 2944 5511 .condi
2973 5453 3175 5513 COEPWS
3198 5450 3331 5537 ⁸³ιῆ

33 5529 54 5556 ζ’
353 5528 616 5630 dignitate
647 5555 948 5622 derogasse,
991 5549 1041 5603 in
1077 5563 1179 5619 qua
1205 5550 1462 5618 Adamus,
1489 5566 1611 5608 cum
1655 5553 1710 5607 in
1816 5554 1929 5612 Non
1961 5553 2049 5610 hic
2077 5528 2288 5627 quidem
2321 5550 2716 5612 Prieadamitas,
2761 5555 2818 5599 ut
2854 5543 3046 5597 dictum
3083 5538 3200 5592 est.
3243 5528 3338 5582 sed

204 5738 265 5772 cr
310 5733 513 5790 cenes.
541 5741 576 5792 ι,
603 5719 774 5777 26-28.
