3920 6456
515 424 646 482 1065

510 543 658 614 pejus
694 538 816 606 quid
847 535 1029 606 tingit;
1058 549 1249 604 nempe
1278 539 1404 587 ante
1437 531 1581 586 hunc
1607 533 1861 585 mundum
1892 543 2044 582 mun-

510 633 604 684 dos
630 626 759 680 alios
787 625 1074 680 exstitisse.
1102 621 1190 675 Ait
1220 621 1413 690 quippe
1441 619 1737 674 Methodius
1763 617 1835 672 ibi
1865 617 2037 684 ipsum

510 719 574 771 de
595 713 823 769 universi
855 713 1151 766 aeternitate
1187 709 1468 764 disserere.

633 916 640 923 .
1039 863 1357 931 QUJESTIO
1396 862 1529 915 XIII.

512 956 621 1022 (56)
673 971 740 1010 ne
797 970 1119 1010 ALLEGORICA
1173 968 1472 1008 SCRIPTURE
1530 964 2037 1005 INTEBPRETATIONE.

508 1047 550 1102 I.
581 1048 850 1116 Allegoriis
893 1048 1042 1100 nimis
1093 1041 1898 1116 indulsisse0rigenem__l’atrer
1935 1037 2043 1091 clri-

580 1109 744 1168 man't.
779 1117 839 1168 ll.
876 1115 1031 1168 Varia
1062 1115 1348 1180 a/Ieruntur
1376 1112 1487 1162 loca
1512 1109 1573 1180 in
1605 1111 1785 1176 quibus
1817 1109 2042 1180 litteram

576 1187 713 1237 visus
737 1195 809 1237 est
838 1178 1256 1252 pessunuledisse.
1283 1181 1365 1234 III.
1391 1180 1428 1229 Α
1463 1179 1644 1252 quibus
1669 1193 1877 1252 morem_
1910 1178 2042 1252 (tunc

581 1245 979 1319 interpretanda
1043 1249 1330 1315 Scripturw
1387 1247 1666 1319 occeperit”,
1728 1245 2040 1319 βαφήν-ηυγ.

581 1323 666 1376 IV.
698 1314 841 1373 fdem
873 1314 1170 1384 aliquando
1199 1333 1342 1368 suam
1388 1316 1571 1384 littera
1602 1314 1903 1384 dignitatem
1932 1327 2042 1364 ser-

577 1401 682 1446 vat.
715 1391 774 1441 ν.
806 1379 1130 1455 Refellunlur
1165 1384 1424 1455 Eustathil
1459 1382 1759 1435 Antiochcni
1797 1379 2044 1433 adversus

583 1457 825 1526 Origem's
855 1451 1134 1524 allegorias
1163 1451 1403 1521 querelw.

580 1617 621 1670 l.
667 1612 1099 1682 Quandoquidem
1167 1609 1442 1680 theologia:
1515 1609 1916 1662 fundamentum
1965 1615 2049 1660 est

516 1707 788 1774 Scriptura
827 1717 1010 1764 sacra,
1056 1709 1115 1755 et
1151 1716 1214 1753 ex
1264 1699 1532 1768 perversis
1583 1699 1695 1752 fere
1741 1707 2046 1751 sanctorum

514 1795 769 1848 librorum
799 1788 1327 1858 interpretationibus
1356 1787 1586 1840 haereses
1620 1785 1869 1854 profectae
1901 1791 2046 1848 sunt,

1748 407 1808 464 P.
1847 400 2155 460 DANIELIS
2184 395 2430 454 HUETII

2070 530 2116 586 Α
2143 522 2259 591 ﬁd.,
2291 521 2386 574 lib.
2415 534 2498 584 ιν,
2521 514 2671 570 haer.
2691 523 2866 572 xxxi,
2896 513 2958 561 et
3001 503 3099 558 his
3120 497 3411 555 omnibus
3441 495 3742 562 antiquior
3757 495 3860 549 Eu-

2138 587 2368 668 stathius
2413 605 2834 661 Antiochenus
2887 599 2947 651 in
3005 594 3164 648 libro
3227 588 3320 643 De
3375 587 3861 654 engastrimytho,

2135 704 2286 772 cujus
2314 698 2689 755 incursiones
2724 693 2781 747 in
2816 689 3142 759 Origenem
3175 690 3238 738 et
3275 678 3562 735 assultus
3593 674 3743 730 intra
3779 692 3864 731 rc-

3718 373 3858 431 1W

2141 795 2457 848 tundemus.

2209 886 2269 937 11.
2305 883 2521 938 Jurene
2568 894 2641 932 an
2682 873 2895 942 injuria
2951 869 3028 924 lis
3088 880 3162 922 ea
3221 863 3541 919 adversus
3583 857 3867 929 Origenem

2141 987 2283 1030 mota
2321 977 2395 1028 sit
2419 1013 2434 1035 ,
2478 973 2809 1025 videamus.
2848 964 3026 1034 Saepe
3075 959 3333 1030 quidem
3369 954 3736 1010 historicum
3758 970 3872 1008 sen-

2141 1081 2259 1118 sum
2297 1061 2759 1133 proculeandum
2809 1070 2882 1110 ac
2919 1047 3470 1107 contemnendum
3509 1060 3647 1099 esse
3678 1045 3872 1098 docet:

2143 1156 2285 1209 velut
2317 1153 2415 1206 lib.
2475 1166 2531 1205 v1
2591 1157 2793 1202 contra
2847 1145 3038 1209 Cela,
3096 1155 3279 1198 num.
3351 1137 3466 1199 70,
3537 1135 3618 1190 Τὸ
3660 1134 3879 1205 γράμμα

2141 1243 2512 1303 ἀποκτείνει,
2543 1240 2617 1293 τὸ
2649 1237 2725 1291 δὲ
2757 1235 3026 1304 πνεῦμα
3055 1228 3434 1302 ιζ’ωοποιεῖ·
3494 1228 3751 1298 γράμμα
3800 1230 3883 1295 μὲν

2142 1334 2240 1405 τὴν
2271 1331 2544 1402 αἰσθητὴν
2569 1329 2870 1398 ὠνόμασεν
2913 1323 3182 1392 ἐκδοχὴν
3218 1319 3360 1372 τῶν
3391 1316 3585 1371 θείων
3630 1317 3879 1387 γραμμά-

2144 1441 2274 1486 των,
2310 1421 2536 1492 πνεῦμα
2570 1421 2630 1472 δὲ
2657 1419 2761 1490 τὴν
2797 1417 3046 1487 νοητήν.
3095 1413 3379 1474 Ibidem,
3413 1423 3596 1462 num.
3630 1409 3705 1460 60
3730 1417 3784 1460 et
3805 1408 3878 1468 61,

2147 1515 2447 1583 imperitia:
2483 1526 2583 1566 eos
2616 1510 2807 1580 arguit
2839 1509 2945 1577 qui
2975 1505 3177 1560 rebus
3211 1499 3644 1572 procreandis
3689 1512 3782 1552 sex
3809 1512 3884 1552 ve-

2147 1619 2239 1657 ros
2289 1603 2408 1656 dies
2460 1603 2640 1656 Deum
2697 1598 3104 1667 insumpsisse
3182 1599 3437 1662 putant
3491 1605 3508 1641 :
3568 1600 3630 1643 et
3680 1589 3773 1642 lib.
3803 1604 3884 1652 ru,

2149 1709 2300 1748 num.
2330 1693 2424 1755 20,
2452 1691 2719 1745 refellens
2768 1686 3044 1750 Celsum,
3109 1683 3234 1753 qui
3311 1680 3612 1735 instituta
3657 1682 3884 1748 quadam

2150 1781 2352 1836 Christi
2379 1780 2635 1834 Mosaicze
2674 1777 2784 1848 legi
2809 1774 3132 1831 contraria
3190 1786 3352 1826 esse
3417 1770 3773 1840 pugnabat,
3803 1771 3884 1823 du-

515 1885 795 1954 plurimum
848 1880 1147 1950 reipublicae
1207 1877 1523 1932 Christiana:
1575 1878 1828 1939 interest,
1877 1875 2052 1929 salvos
2083 1867 2122 1920 Β
2153 1872 2354 1941 pliccm
2407 1884 2530 1924 esse
2566 1869 2748 1938 legem
2791 1865 3185 1934 respondet,
3235 1862 3526 1916 alteram
3570 1858 3733 1928 juxta
3763 1858 3884 1911 litte-

515 1991 697 2030 eorum
731 1982 1006 2040 sartosque
1046 1985 1264 2024 servare
1295 1983 1504 2031 sensus,
1544 1977 1598 2020 et
1628 1966 1849 2019 nimium
1890 1964 1945 2016 in
1987 1979 2050 2016 ea

516 2064 826 2135 explicanda
881 2062 1092 2130 ingenio
1149 2074 1244 2114 suo
1306 2058 1720 2126 permittentium
1781 2055 2052 2109 hominum

515 2154 862 2221 quorumdam
939 2152 1204 2206 licentiam
1271 2161 1538 2202 coercere.
1601 2143 1935 2210 Propositum
2003 2141 2056 2194 id

516 2243 672 2296 unice
707 2243 805 2294 fuit
846 2241 1068 2294 vetustis
1109 2238 1363 2293 Ecclesiae
1398 2234 1666 2296 Patribus,
1713 2241 1772 2284 ut
1819 2246 1883 2284 ex
1931 2244 2054 2298 per-

517 2332 691 2401 petuis
721 2330 928 2382 illorum
961 2329 1215 2381 adverSus
1249 2325 1540 2392 Scriptum
1587 2330 1923 2388 corruptores
1968 2333 2059 2372 ve-

520 2419 849 2474 litationibus
897 2417 1268 2484 intelligimus;
1301 2413 1434 2466 adeo
1479 2420 1535 2463 ut
1581 2409 1862 2479 Origenes,
1918 2406 2058 2476 quod

519 2510 572 2562 in
623 2507 814 2560 divinis
870 2505 1224 2558 voluminibus
1291 2498 1650 2554 edisserendis
1722 2497 2062 2564 pessumdato

522 2611 917 2664 nonnunquam,
951 2595 1031 2648 vel
1069 2593 1308 2661 neglecto
1351 2589 1602 2643 historico
1639 2601 1819 2649 sensu,
1859 2585 2056 2652 allego-

523 2685 648 2738 ricis
687 2682 1102 2752 expositionibus
1130 2681 1202 2734 rei
1233 2679 1510 2732 veritatem
1560 2676 1888 2735 oblimasset,
1925 2673 2060 2725 mul-

522 2786 696 2830 torum
733 2772 1154 2827 insimulationes
1181 2771 1332 2822 vivus
1358 2769 1647 2834 vidensque
1687 2774 1932 2833 expertus
1966 2764 2059 2824 sit,

522 2868 579 2910 ut
617 2859 729 2925 ipse
756 2857 996 2924 queritur
1041 2853 1223 2907 homil.
1249 2853 1315 2906 15
1342 2854 1396 2904 in
1437 2850 1644 2910 Gener”
1678 2863 1821 2903 ntnu.
1845 2845 1916 2898 5:
1956 2863 1973 2894 ‹
2005 2843 2061 2898 Si

521 2963 648 3017 ergo
688 2946 940 3013 incipiam
968 2952 1020 2998 et
1050 2957 1168 3012 ego,
1199 2941 1404 3010 inquit,
1434 2950 1673 2992 veterum
1705 2937 1844 2990 dicta
1876 2936 2059 2988 discu-

525 3049 656 3104 tere,
686 3047 738 3091 et
765 3051 975 3092 sensum
1026 3037 1078 3089 in
1114 3035 1194 3089 eis
1237 3047 1476 3103 quaerere
1521 3030 1848 3101 spiritalem;
1895 3029 1939 3082 si
1975 3043 2068 3082 co-

525 3137 680 3181 natus
726 3126 875 3180 l‘uero
907 3125 1142 3178 velamen
1200 3122 1330 3190 legis
1371 3135 1638 3186 amovere,
1683 3130 1736 3173 et
1784 3120 2066 3173 ostendere

529 3216 811 3285 allegorica
840 3230 958 3268 esse
991 3228 1107 3282 quae
1140 3214 1335 3280 scripta
1379 3221 1520 3275 sunt,
1551 3210 1694 3264 fodio
1722 3210 1933 3276 quidem
1965 3224 2065 3278 pu-

528 3316 671 3369 teos;
707 3305 796 3358 sed
839 3304 1014 3356 statim
1049 3302 1177 3356 mihi
1222 3301 1510 3355 movebunt
1554 3299 1855 3354 calumnias
1909 3299 2067 3350 amici

530 3395 738 3455 litterm,
765 3401 819 3446 et
851 3392 1238 3445 insidiabuntur
1269 3389 1420 3452 mihi,
1453 3387 1767 3440 inimicitias
1794 3388 2067 3454 continuo,

529 3491 583 3535 et
604 3481 999 3551 persecutiones
1027 3481 1307 3550 parabunt,
1336 3480 1614 3532 veritatem
1646 3488 1901 3545 negantes
1928 3487 2071 3530 stare

529 3585 684 3640 posse
715 3571 816 3622 nisi
851 3585 1008 3639 super
1039 3581 1286 3624 terram.)
1312 3569 1375 3622 Et
1402 3569 1650 3636 quoniam
1687 3565 1890 3634 perlate
1928 3574 2074 3634 patet

533 3660 633 3714 iste
675 3673 840 3721 error,
875 3659 1268 3728 multorumque
1307 3673 1546 3712 errormn
1582 3656 1746 3709 veluti
1782 3671 1932 3723 seges
1966 3665 2070 3719 est,

533 3749 731 3802 idcirco
773 3763 802 3801 e
865 3763 1051 3802 novem
1116 3749 1574 3804 criminationibus
1625 3761 1654 3798 a
1701 3745 1974 3812 Pamphilo
2018 3745 2072 3797 in

535 3839 784 3907 Apologia
815 3839 1068 3906 collectis,
1109 3849 1294 3908 quarta
1324 3849 1378 3893 et
1404 3849 1549 3892 sexta
1580 3851 1642 3891 eo
1681 3837 1951 3904 pertinere
1987 3851 2076 3888 re-

536 3933 826 4000 periuntur.
875 3928 1200 4000 Theophilus
1244 3942 1476 3998 quoque,
1522 3925 1807 3979 Paschal.t
1841 3942 1855 3978 :
1896 3943 1914 3975 ι
1947 3925 2073 3989 Quae

535 4020 677 4074 enim
712 4020 854 4072 illum
897 4019 1055 4084 ratio,
1099 4021 1291 4088 inquit,
1329 4019 1447 4086 quis
1485 4017 1896 4086 disputationum
1944 4015 2074 4066 ordo

540 4109 803 4175 perduxit,
831 4119 905 4162 ‘ut
940 4110 1202 4178 allegoriae
1237 4109 1436 4161 umbris
1466 4115 1520 4160 et
1558 4106 1724 4159 cassis
1755 4103 2074 4171 imaginibus

543 4197 931 4265 Scripturarum
957 4197 1163 4251 tolleret
1178 4193 1494 4249 veritatem?
1519 4211 1611 4241 ›-
1629 4210 1646 4241 (
1660 4190 1943 4242 Veritatem
1964 4191 2044 4242 his
2061 4216 2075 4229 -

547 4285 714 4350 write,
739 4305 757 4337 ι
794 4285 1230 4355 aitEpiphanius,
1255 4285 1408 4352 epist.
1427 4284 1494 4334 ad
1521 4283 1677 4333 Ιοιίη.
1701 4277 1930 4340 Jerosol,
1955 4293 2075 4344 cap.

545 4373 615 4438 2,
650 4393 669 4425 ‹
697 4377 958 4444 allegoria;
1010 4377 1306 4442 depravans
1337 4371 1609 4425 mendacio
1629 4409 1643 4433 ,
1673 4369 1872 4421 infinita
1919 4367 2077 4420 verba

2157 1977 2312 2024 ram,
2363 1959 2596 2012 alteram
2653 1959 2820 2026 juxta
2871 1955 3342 2018 intellectum;
3403 1951 3613 2019 legem
3662 1964 3782 2019 qua
3824 1959 3884 2003 est

2156 2051 2291 2121 πρὸς
2311 2050 2372 2103 τὸ
2390 2049 2556 2120 ῥητὸν
2576 2087 2592 2110 ,
2617 2049 2686 2100 ab
2725 2046 3052 2100 Ezechiele
3079 2045 3140 2076 ⁸⁸
3201 2042 3530 2110 appellari
3565 2040 3884 2110 δικαιώματα

2154 2145 2214 2195 οὐ
2251 2141 2414 2203 καλὰ,
2443 2141 2539 2193 καὶ
2570 2139 3010 2210 προστάγματα
3049 2136 3128 2189 οὒ
3170 2134 3400 2188 ςιαλάο
3471 2144 3536 2188 at
3569 2135 3747 2202 legem
3792 2148 3884 2206 qua

2155 2242 2241 2285 est
2267 2231 2406 2301 πρὸς
2433 2230 2714 2289 διάνοιαν,
2762 2229 2835 2280 ab
2889 2226 3121 2280 eodem
3193 2225 3520 2295 propheta
3566 2223 3884 2294 δικαιώματα

2157 2321 2301 2373 καλά
2327 2360 2342 2384 ,
2375 2329 2430 2373 et
2484 2319 2910 2388 προστάγματα
2964 2314 3148 2368 κα.λά
3187 2316 3589 2384 nuncupari.
3636 2315 3778 2368 Idem
3819 2316 3883 2366 ho.

2160 2414 2273 2467 mil.
2327 2413 2360 2466 6
2407 2413 2463 2463 in
2495 2409 2714 2470 Genes.,
2778 2425 2951 2463 num.
3013 2410 3082 2462 5.
3149 2428 3176 2461 ι
3240 2408 3411 2474 Quze
3479 2407 3678 2472 nobis,
3719 2408 3884 2474 inquit,

2159 2502 2445 2555 :edificatio
2468 2499 2941 2568 eritlegentibus
2975 2499 3349 2552 Abraham
3401 2508 3644 2552 tantum
3694 2499 3884 2565 patriar.

2161 2593 2338 2653 chain,
2386 2605 2492 2643 non
2549 2591 2729 2645 solum
2789 2590 3136 2643 mentitum
3203 2605 3364 2643 esse
3431 2590 3735 2642 Abimelec
3783 2589 3884 2656 regi,

2162 2681 2253 2733 scd
2285 2690 2339 2733 et
2362 2680 2681 2748 pudicitiam
2713 2681 2984 2748 conjugis
3017 2681 3424 2748 prodidisse
3449 2681 3479 2720 ‘-’
3503 2680 3655 2746 Quid
3684 2696 3776 2734 nos
3793 2679 3884 2732 adi

2161 2769 2286 2824 ficat
2316 2771 2444 2822 tanti
2480 2771 2829 2838 patriarchae
2856 2786 3040 2834 uxor,
3078 2773 3143 2825 si
3177 2781 3465 2839 putetur
3495 2772 3884 2826 contaminatio

2161 2864 2322 2916 nihus
2351 2863 2600 2930 exposita
2647 2876 2751 2930 per
2807 2862 3323 2917 conniventiam
3380 2862 3764 2917 maritalem?
3799 2860 3884 2914 limi

2161 2950 2325 3004 Judaei
2354 2961 2565 3019 putent,
2593 2961 2648 3006 et
2683 2952 2729 3005 si
2771 2951 2871 3018 qui
2904 2966 3055 3005 cum
3097 2953 3217 3006 eis
3279 2965 3443 3008 sunt
3483 2954 3713 3008 ‘littera
3745 2952 3884 3008 amici.

2162 3057 2266 3094 non
2319 3043 2562 3108 spiritus.
2607 3063 2625 3093 ι
2688 3043 2759 3096 Ει
2812 3042 3039 3096 homil.
3118 3044 3220 3098 10
3272 3045 3622 3113 sequenti,
3669 3045 3883 3099 numJ:

2172 3149 2190 3181 ι
2227 3131 2378 3198 Saepe
2407 3131 2520 3197 jam
2557 3131 2672 3183 dixi
2709 3131 2864 3198 quod
2897 3132 2959 3184 in
3023 3131 3140 3186 his
3189 3149 3334 3188 non
3382 3135 3664 3188 historia:
3707 3148 3883 3186 narrant

2171 3231 2276 3280 tur,
2323 3221 2416 3273 sed
2469 3220 2738 3288 mysteria
2795 3229 3287 3279 contexuntur.
3339 3241 3362 3276 δ
3424 3225 3687 3280 Homilia
3737 3221 3884 3277 veroi

2168 3312 2222 3362 in
2243 3309 2442 3371 Εαοᾱη
2474 3325 2628 3361 num.
2659 3309 2683 3360 1
2722 3328 2736 3362 :
2775 3327 2796 3360 ‹
2831 3309 2894 3364 Si
2920 3314 3314 3368 secundum
3349 3317 3638 3371 historia:
3670 3316 3884 3369 narratio

2169 3414 2290 3453 nem
2328 3397 2681 3465 suscipienda
2711 3409 2924 3452 essent
2953 3416 3106 3470 quae
3179 3406 3450 3475 scripta
3498 3415 3676 3470 sunt,
3719 3405 3877 3460 videtu

2169 3488 2267 3540 hoc
2293 3485 2434 3554 quod
2469 3485 2605 3538 dicit
2637 3485 2952 3554 Scriptura
2984 3529 3004 3553 ,
3047 3493 3226 3559 quia
3288 3512 3422 3549 non
3470 3497 3728 3566 fecerunt
3773 3497 3884 3547 obsit

2171 3577 2320 3628 tricer
2365 3575 2659 3628 secundum
2695 3578 2852 3644 quod
2896 3594 3318 3648 prwceperat
3369 3587 3428 3640 ei
3480 3601 3586 3640 rea:
3610 3585 3822 3657 Αῐρςειιί
3851 3583 3884 3612 ⁸⁸

2171 3677 2314 3718 stare
2339 3678 2444 3716 non
2475 3677 2681 3730 posse;
2723 3683 2743 3716 ι
2782 3673 2844 3720 et
2898 3669 3100 3736 paulo
3171 3685 3346 3743 post
3398 3694 3418 3732 :
3467 3695 3492 3729 α
3533 3677 3672 3732 Haec
3720 3675 3884 3730 ἰιιιετὶιι

2171 3764 2388 3823 propter
2413 3767 2507 3807 eos
2535 3754 2634 3821 qui
2664 3756 2842 3810 amici
2866 3769 3018 3812 sunt
3055 3761 3346 3831 litterae,
3380 3775 3453 3822 et
3483 3783 3609 3823 non
3636 3774 3822 3837 putant
3852 3763 3884 3817 le

2173 3861 2289 3912 gem
2318 3843 2628 3912 Spiritalem
2681 3859 2844 3912 esse,
2900 3857 2967 3902 et
3011 3853 3448 3920 spiritaliter
3493 3859 3884 3926 intelligendam

2175 3932 2279 3985 Sed
2311 3946 2410 3984 nos
2432 3931 2525 3999 qui
2550 3932 2745 3985 omnia
2779 3949 2913 4003 qua:
2936 3941 3211 4010 scripta
3256 3957 3426 4000 sunt
3447 3985 3469 4012 ,
3530 3963 3650 4002 non
3686 3963 3783 4018 pro
3806 3961 3884 4001 nar

2175 4021 2481 4075 rationibus
2507 4023 2953 4092 antiquitatum,
2996 4033 3118 4084 sed
3172 4049 3311 4104 pro
3349 4038 3692 4110 disciplina
3714 4050 3770 4095 et
3793 4037 3884 4093 utili

2174 4117 2286 4162 tate
2330 4119 2518 4163 nostra
2564 4111 2875 4169 didicimus
2927 4122 3198 4190 scripta
3230 4166 3252 4191 ,
3322 4146 3347 4180 ι
3395 4140 3576 4196 etc.;
3625 4142 3688 4188 et
3730 4131 3884 4186 deindt

2178 4215 2326 4292 num.
2449 4199 2629 4292 «Quia
2662 4203 2936 4292 timebant
2973 4214 3383 4276 obstetrices
3437 4223 3639 4278 Deum
3660 4265 3678 4288 ,
3712 4225 3884 4292 {eum

2178 4289 2274 4340 sibi
2330 4289 2595 4384 domuit.
2647 4290 2813 4358 Quod
2845 4297 3093 4354 dictum
3171 4309 3439 4367 nullam
3486 4289 3884 4384 consequentia:

2180 4379 2476 4471 secundum
2529 4379 2792 4471 litteram
2852 4385 3105 4446 habere
3188 4411 3480 4471 potest;
3543 4423 3569 4457 ι
3630 4379 3884 4471 ει-ροςιεε

550 4464 862 4564 multiplicat
883 4481 942 4564 to
957 4467 1110 4564 quod
1133 4467 1314 4564 eidem
1333 4462 1515 4564 objicit
1544 4460 1670 4512 Ιιωτ.
1877 4473 1994 4525 cap.
2020 4458 2074 4558 ξ,
2110 4499 2151 4551 D
2184 4484 2334 4520 num.
2363 4468 2399 4522 3
2476 4486 2494 4519 ι
2528 4468 2711 4526 Nolite
2742 4484 2990 4543 putare,
3041 4493 3119 4537 ut
3158 4458 3359 4559 s‘ape
3401 4458 3542 4564 δέω
3563 4458 3884 4556 ’άξξῑιιξιιεσι

551 4551 832 4620 adjicitque
860 4555 922 4607 ad
953 4555 1205 4609 falsarum
1233 4553 1538 4621 Opinionqm
1581 4547 1882 4618 praesidium
1927 4548 2078 4599 testi-

551 4643 723 4696 monia
761 4645 1108 4712 scriptoribus
1158 4643 1328 4698 sacris
1377 4654 1653 4710 perperam
1703 4639 1875 4690 allieta
1908 4638 1975 4689 ab
2021 4650 2086 4690 eo

552 4730 748 4783 afferri.
795 4731 984 4785 Eadem
1026 4733 1091 4787 de
1131 4749 1289 4788 causa
1336 4733 1478 4785 hunc
1513 4730 1693 4798 culpat
1734 4725 2086 4795 Hieronymus

550 4823 604 4874 in
648 4820 804 4888 epist.
831 4817 933 4886 61,
975 4822 1040 4872 ad
1077 4822 1406 4886 Pammaclt.,
1455 4836 1574 4889 cap.
1618 4820 1671 4872 5.
1702 4819 1769 4871 At
1815 4819 1867 4869 in
1911 4830 2086 4884 cap.x

549 4908 806 4971 Danielis,
852 4909 1046 4978 nomini
1080 4909 1324 4978 Origenis
1356 4911 1610 4977 pepercit,
1637 4923 1749 4962 rem
1791 4906 1956 4972 ipsam
1991 4919 2105 4974 (ιο-τ

550 4999 741 5069 arguit.
788 4997 1094 5063 Coarguunt
1131 5008 1184 5051 et
1222 4999 1444 5051 Basilius
1473 4999 1620 5052 hom.
1645 4998 1677 5052 9
1723 4997 1778 5048 in
1808 4994 2085 5058 Nemean,

549 5101 604 5145 et
633 5089 1044 5159 Cltrysostomus
1085 5085 1266 5138 homil.
1296 5088 1360 5139 l3
1384 5088 1434 5140 in
1461 5085 1665 5154 Genes.,
1687 5095 1736 5139 et
1761 5083 2086 5151 Augustinus

549 5181 642 5236 lib.
669 5195 762 5233 xm
799 5177 871 5228 De
899 5174 1180 5238 σὶυἱιιιὶεὶ,
1211 5189 1326 5242 cap.
1347 5175 1433 5236 2i,
1459 5187 1512 5228 et
1542 5177 1634 5230 lib.
1666 5192 1756 5228 vui
1795 5173 1865 5226 De
1896 5170 2108 5225 Genes.‘

552 5271 620 5324 ad
661 5272 840 5334 litter.,
889 5280 1004 5335 cap.
1047 5265 1112 5327 l,
1161 5273 1213 5317 et
1261 5265 1575 5318 Anastasius
1625 5265 1826 5319 Sinaita
1879 5264 1970 5315 lib.
2010 5275 2080 5314 vn

552 5361 781 5429 Anagog.
833 5345 1201 5424 éontemplat.,
1266 5363 1319 5405 et
1365 5352 1588 5408 Michael
1649 5355 1838 5425 Glycas
1888 5352 2082 5409 Annal.

553 5457 688 5513 part.
715 5463 788 5512 tv,
833 5457 884 5500 et
913 5445 1125 5498 Ncetas
1155 5441 1444 5496 Choniutes
1485 5442 1536 5494 in
1570 5443 1831 5497 Thesauro
1876 5440 2082 5495 orthod.

624 5538 670 5570 “
704 5540 894 5594 Ezech.
927 5554 1017 5605 xx,
1040 5539 1130 5593 25.
1205 5537 1248 5570 ”
1277 5536 1441 5590 Exod.
1479 5551 1515 5600 I,
1548 5536 1631 5590 l7.
1707 5538 1753 5569 ⁷ο
1783 5535 1913 5592 ibid.
1949 5534 2040 5591 2|.

626 5649 735 5718 (56)
779 5651 850 5703 De
881 5651 1132 5705 methodo
1175 5667 1330 5719 quam
1363 5649 1428 5704 ad
1469 5647 1888 5719 interpretandas
1934 5645 2055 5701 Scri

557 5715 785 5770 noStram
821 5729 958 5773 torno
984 5715 1223 5790 Origcuis
1249 5719 1477 5780 scwndo
1520 5723 1579 5786 (ι.
1602 5718 1716 5784 ΧΗ)
1748 5715 2036 5784 pru'iixatu.

2183 4566 2358 4650 terum
2395 4559 2553 4613 vobis
2612 4559 2838 4618 fabulas
2896 4569 3216 4643 recitari,
3289 4559 3422 4639 sed
3473 4586 3691 4642 doceri
3736 4600 3884 4650 VOSP‘

2183 4645 2318 4711 Ιιτεο,
2355 4655 2428 4748 ,ιιι
2468 4652 2796 4716 agnosratis
2840 4657 3145 4716 ordinem
3213 4669 3406 4726 vitae.
3478 4693 3505 4727 ι
3567 4675 3815 4732 Homilia
3849 4645 3884 4725 si

2182 4741 2391 4839 (ruenti,
2423 4741 2686 4839 quan-2,
2729 4744 2850 4800 haec
2904 4751 3149 4810 scribit
3216 4775 3236 4814 :
3314 4782 3340 4815 ‹
3389 4765 3477 4820 Et
3542 4778 3607 4824 tu
3663 4785 3795 4839 ergo
3843 4767 3883 4820 ni

2182 4829 2498 4928 ascenderis
2529 4831 2599 4884 ad
2641 4845 2893 4891 montem
2923 4840 3070 4908 Dei,
3116 4859 3194 4904 et
3229 4853 3328 4910 ibi
3357 4829 3884 4928 occurrerisvlhys

2191 4918 2378 5007 idest,
2407 4921 2514 4974 nisi
2542 4924 2835 4980 excelsum
2881 4929 3042 5002 legis
3075 4948 3502 5006 ascenderis
3538 4967 3816 5007 sensum.
3844 4918 3884 5000 lii

2188 5005 2256 5056 ad
2307 5008 2573 5074 spiritalis
2615 5012 3030 5086 intelligentia:
3089 4991 3884 5098 cacun.;;.'ge:;;;:i:.’

2188 5107 2275 5196 ξεί
2306 5114 2372 5154 οδ
2406 5111 2557 5155 “mm
2597 5117 2861 5196 ξΨθΓιιιιιι
2909 5126 2945 5166 τί
2994 5115 3323 5183 Domino.
3366 5131 3440 5186 Si
3495 5083 3803 5190 ἶιιῖξξιξῖιί
3833 5132 3884 5185 let

2191 5185 2397 5291 littera:
2424 5193 2670 5291 steteris,
2705 5207 2764 5252 et
2788 5199 3066 5262 historite
3106 5221 3382 5274 textum
3428 5185 3884 5282 ,ιιζέιεῖοἷξᾈᾷτη

2195 5283 2441 5387 tionibus
2475 5294 2747 5387 umectas,
2783 5305 2899 5346 non
2934 5304 3303 5387 occurristi
3359 5312 3572 5387 Moysi
3615 5319 3672 5372 in
3718 5326 3884 5371 monte

2198 5363 2320 5432 “ei,
2345 5385 2447 5428 nec
2475 5389 2538 5428 05
2563 5384 2717 5469 luunt
2754 5385 2994 5445 aperuit
3021 5387 3223 5458 Deus,
3303 5363 3852 5469 ηεῆἶῖεξίξῖὲιῶξίἰ

2196 5468 2324 5523 qua:
2345 5473 2599 5534 oporteat
2624 5475 2678 5520 te
2703 5466 2886 5538 loqui.
2923 5492 2945 5525 ι
2985 5474 3275 5540 Humilia
3328 5466 3518 5550 utin
3557 5495 3884 5552 libramenti

2063 5662 2264 5722 Pturas
2297 5671 2402 5730 sibi
2438 5677 2710 5747 propriam
2766 5676 2906 5740 fecit
2956 5671 3290 5763 Origenes,
3355 5703 3508 5760 vide
3542 5706 3883 5762 Parthaone
