3920 6456
287 376 437 437 Ῐθῦὅ

1114 366 1665 442 omniumnon
1705 380 1827 435 ue.
1863 361 1931 446 it,
1963 381 2108 437 CAP.
2148 382 2213 447 ιι,
2252 376 2520 450 ρυιεετ.
2552 381 2686 440 χιιι.

3302 386 3441 442 1066

274 499 428 564 dem,
461 513 610 554 num.
641 502 698 566 Ξ,
731 502 854 557 talia
883 517 1088 572 quoque
1110 502 1348 559 offendas
1377 518 1392 555 :
1427 521 1448 553 ι
1477 501 1533 555 Si
1567 501 1684 568 quis
1712 508 1816 564 est;
1844 511 1890 564 Α
1917 498 2175 577 humanas
2204 504 2559 567 supereminet
2584 503 2766 574 leges‘,
2795 512 2850 560 et
2881 517 3007 561 vere
3044 502 3143 561 Dei
3185 500 3269 559 lex
3317 516 3440 559 esse

272 586 373 658 q'ui
421 590 607 660 legens
658 590 890 663 Moysem
933 602 1227 646 murmurat
1264 593 1519 646 adversus
1564 604 1719 653 eum,
1759 597 1814 642 et

271 675 528 745 displicet
557 679 604 732 ei
642 679 724 731 lex
752 693 868 745 qua:
901 681 1189 733 secundum
1227 680 1454 734 litteram
1487 678 1681 746 scripta
1707 687 1810 744 est,

269 764 419 832 quo‘d
447 766 500 818 in
534 766 718 836 multis
740 783 841 820 non
876 769 1086 822 videtur
1108 784 1324 824 serVare
1358 766 1810 836 consequentiam,

265 855 517 909 ostendit
546 856 597 909 ei
644 856 851 926 Moyses
913 867 1138 925 petram,
1167 873 1282 926 qua:
1316 870 1396 912 est
1433 858 1707 921 Christus,
1759 868 1811 914 et

178 964 183 969 -
265 942 639 998 adduciteum
656 946 720 997 ad
745 946 931 1014 ipsam,
959 957 1013 998 ιιι
1037 946 1156 1000 inde
1189 947 1333 999 bibat
1370 957 1421 1001 et
1448 950 1646 1002 reticia't
1668 950 1808 1002 sitim

266 1042 454 1083 suam.
476 1048 494 1079 ι
522 1030 748 1085 llomilia
774 1033 804 1083 5
822 1035 873 1086 in
894 1032 1124 1097 Levitic.,
1150 1051 1291 1089 num.
1313 1035 1365 1099 '5,
1393 1029 1603 1090 Iudaeos
1632 1037 1810 1104 inepte

260 1126 320 1171 et
348 1118 624 1174 inutiliter
665 1134 906 1176 servasse
945 1124 1018 1175 ait
1051 1134 1406 1191 praeceptum,
1441 1138 1547 1191 quo
1578 1124 1811 1177 immun-

259 1207 466 1261 dorum
502 1216 559 1262 et
588 1210 902 1263 cadaverum
931 1218 1204 1265 contactus
1228 1212 1556 1279 prohibetur,
1578 1221 1734 1280 atque
1758 1213 1808 1266 id

261 1295 567 1366 allegorice
598 1298 991 1368 intelligendum
1026 1309 1146 1353 esse
1176 1301 1366 1363 tradit,
1397 1301 1533 1368 quod
1557 1310 1610 1355 et
1634 1302 1686 1355 in
1718 1301 1812 1354 ho-

257 1384 377 1439 tnil.
403 1386 435 1439 7
463 1386 518 1439 in
539 1384 776 1449 Levilic.,
825 1403 969 1444 num.
995 1389 1029 1442 4
1071 1398 1126 1444 et
1169 1398 1306 1458 seq.,~
1349 1389 1527 1443 multis
1560 1389 1807 1442 inculcat.

251 1473 540 1530 Praeterea
562 1475 781 1530 homllia
804 1476 988 1530 eadem
1019 1475 1071 1538 5,
1109 1486 1254 1531 num.
1287 1476 1340 1542 8,
1366 1486 1682 1546 praeceptum
1714 1476 1812 1530 Le-

251 1565 412 1619 vitici
461 1579 739 1633 exponens
764 1605 782 1631 ,
812 1565 950 1633 quod
983 1580 1078 1633 pro
1132 1575 1349 1632 peccato
1378 1581 1481 1620 non
1521 1575 1809 1632 spontaneo

250 1657 493 1708 arietem
534 1647 933 1707 immaculatum
980 1653 1113 1708 siclo
1142 1663 1327 1707 sancto
1359 1663 1593 1723 emptum
1630 1652 1809 1708 ollerri

241 1743 454 1810 jubet,
509 1741 805 1797 secundum
861 1742 1089 1796 litteram
1128 1744 1415 1797 absurdum
1467 1744 1519 1798 id
1548 1758 1670 1799 esse
1717 1745 1812 1798 de-

1915 588 2172 643 creditur.
2207 607 2226 639 ι
2272 589 2496 644 llomilia
2548 593 2579 646 6
2623 593 2679 645 in
2729 589 2945 659 Isaiam,
2995 607 3150 646 nam;
3178 590 3232 657 4,
3258 590 3433 660 aliqua

1914 677 2108 732 asserit
2150 678 2336 732 haberi
2380 680 2432 731 in
2482 680 2813 748 Evangeliis,
2853 696 2975 750 quae
3013 677 3160 749 juxta
3206 679 3434 735 litteram

1914 766 2045 820 falsa
2069 766 2177 820 sint
2204 775 2260 820 et
2292 768 2593 832 mendacia;
2625 771 2780 838 quale
2809 771 2933 825 illud
2967 770 3266 825 servatoris
3305 783 3437 836 esse

1914 857 2041 911 dicit
2073 871 2088 909 :
2117 855 2174 910 Si
2199 857 2541 920 credideritis,
2579 860 2679 913 rion
2699 860 2862 914 solum
2887 862 3001 930 qua:
3034 877 3125 933 ego
3148 861 3285 929 {acia
3305 883 3326 925 ,‘
3347 860 3434 929 [a-

1913 937 2092 1003 cietis,
2139 941 2226 993 sed
2270 951 2319 994 et
2362 941 2562 1010 majora
2605 941 2788 998 liorem
2834 945 3031 1012 facietis
3054 947 3098 978 '”
3140 958 3160 1000 τ
3195 954 3252 999 at
3280 945 3434 1015 juxta

1916 1025 2207 1094 spiritalem
2240 1041 2476 1095 sensum,
2512 1028 2709 1096 majora
2750 1030 2944 1086 Christi
2991 1033 3241 1100 operibus
3273 1047 3434 1102 opera

1912 1115 2180 1182 apostolos
2205 1115 2467 1183 edidisse;
2496 1117 2765 1171 Christum
2787 1119 2980 1188 quippe
3004 1121 3242 1176 homines
3274 1125 3436 1176 icor-

1912 1204 2185 1274 poraiiter,
2220 1224 2239 1259 ι
2289 1207 2385 1262 hos
2406 1214 2443 1289 ,ι
2476 1206 2814 1274 spiritualiter
2848 1227 2867 1260 ι
2907 1222 3155 1264 sanasse.
3201 1211 3369 1268 Tomo
3396 1227 3435 1268 ι

1912 1296 1967 1350 in
1985 1294 2164 1358 Joan.,
2190 1312 2333 1352 num.
2358 1298 2413 1361 2,
2448 1299 2729 1353 veritatem
2760 1298 3159 1368 Evangeliorum
3203 1303 3431 1372 servari,

1912 1400 2198 1454 eorumque
2226 1387 2608 1442 dissonantiam
2636 1387 2766 1443 solvi
2799 1390 3008 1444 nonnisi
3043 1403 3137 1457 per
3161 1406 3434 1461 anagogen

1912 1489 2070 1559 posse
2103 1476 2317 1559 Scribit;
2343 1478 2397 1532 e’t
2425 1477 2478 1531 in
2502 1470 2664 1534 Joan.
2702 1494 2766 1540 tt.
2795 1477 2861 1532 l3
2901 1477 2955 1532 et
2981 1481 3119 1546 θέαι.
3154 1482 3304 1534 nu‘m.
3348 1479 3434 1559 iii,

1913 1557 2138 1622 dubitat,
2178 1556 2428 1614 reverane
2456 1563 2836 1619 nummularius
2865 1573 2919 1623 et
2961 1563 3206 1633 propolas
3239 1556 3436 1635 templo

1912 1651 2207 1704 exturbarit
2236 1642 2501 1715 Christus,
2533 1652 2606 1706 uti
2634 1637 2920 1723 Evangelia
2960 1664 3180 1710 narrant
3210 1671 3226 1709 :
3253 1671 3437 1725 quem-

1916 1739 2197 1792 admodum
2245 1739 2517 1795 columbas
2559 1752 2612 1796 et
2646 1751 2877 1798 turtures
2904 1758 3002 1812 pro
3028 1744 3245 1800 Christo
3283 1744 3436 1802 dbia“-

246 1832 465 1894 cernit,
506 1840 562 1883 et
594 1829 661 1882 ad
709 1829 1041 1896 Spiritualem
1076 1829 1462 1899 expositionem
1489 1833 1674 1889 trahit,
1702 1831 1811 1887 llo-
1839 1829 1884 1887 Β
1912 1831 2014 1890 tos,
2044 1824 2185 1881 aliud
2211 1827 2411 1898 aliquid
2435 1845 2592 1899 quam
2614 1831 2874 1897 volucres,
2920 1838 2942 1886 t’
2968 1833 3202 1888 divinum
3230 1835 3436 1891 scilicet

246 1920 410 1973 milia
447 1919 483 1972 4
514 1920 582 1973 ad
617 1921 923 1996 mandatum
960 1921 1023 1971 de
1056 1920 1255 1990 azymis
1275 1959 1291 1985 ,
1322 1936 1436 1989 qua:
1460 1922 1700 1991 quisquis
1730 1928 1811 1976 te-

246 2009 477 2077 tigerit,
509 2000 904 2062 sanctiﬁcatum
934 2006 997 2061 iri
1034 2007 1116 2061 lex
1146 2007 1335 2072 sancit,
1366 2009 1444 2064 sic
1480 2010 1557 2064 ait
1579 2026 1724 2067 num.
1756 2009 1808 2064 7.

248 2117 269 2149 ι
314 2097 624 2151 Enimvero
663 2094 808 2149 nullo
847 2093 1001 2148 modo
1033 2094 1114 2149 vel
1139 2097 1213 2149 rei
1250 2104 1459 2162 natura,
1498 2094 1579 2150 vel
1614 2097 1817 2152 veritas

244 2187 555 2258 religionis
581 2186 685 2241 hoc
709 2185 934 2254 recipit;
966 2196 1021 2239 et
1053 2184 1170 2239 ideo
1197 2184 1520 2239 redeundum
1553 2187 1705 2242 nobis
1730 2194 1812 2243 est

240 2280 314 2329 ad
354 2276 743 2346 expositiones
782 2275 1117 2342 evangelicas
1157 2283 1318 2343 atque
1370 2275 1725 2343 apOStolicas,
1756 2287 1812 2330 ut

239 2366 337 2420 lex
371 2366 557 2435 possit
606 2363 850 2431 intelligi.
896 2363 1005 2417 Nisi
1061 2364 1202 2417 enim
1245 2362 1481 2418 velamen
1533 2363 1813 2419 abstulerit

241 2456 617 2525 Eva‘ngelium
638 2455 702 2507 de
731 2453 866 2506 facie
896 2451 1083 2521 Moysi,
1114 2467 1214 2504 non
1252 2460 1420 2521 potest
1445 2452 1609 2507 videri
1642 2453 1811 2508 vultus

238 2547 401 2614 ejus,
419 2551 525 2599 nec
560 2558 751 2597 sensus
776 2542 889 2610 ejus
914 2540 1156 2609 intelligi.
1183 2532 1306 2594 Vide
1323 2544 1450 2609 ergo
1481 2540 1741 2611 quomodo
1760 2541 1809 2594 in

237 2639 511 2695 Ecclesia
565 2634 925 2702 apostolorum
984 2628 1228 2698 discipuli
1297 2632 1490 2685 adsunt
1547 2631 1631 2685 bis
1692 2642 1810 2700 qut!

232 2723 757 2798 Moyses-scripsit,
812 2730 866 2775 et
906 2719 1192 2774 defendunt
1223 2734 1307 2783 ea,
1342 2720 1482 2788 quod
1520 2730 1572 2773 et
1602 2720 1810 2788 impleri

233 2825 490 2887 queant,
527 2824 582 2866 et
625 2809 1014 2865 rationabiliter
1059 2810 1257 2876 scripta
1307 2818 1432 2863 sunt
1464 2825 1479 2863 :
1507 2807 1811 2864 Judtcorum

232 2912 395 2963 vero
426 2904 683 2958 doctores
712 2941 727 2965 ,
758 2910 811 2954 et
842 2898 1189 2967 impossibilia
1222 2901 1333 2952 hac
1355 2939 1370 2962 ,
1401 2902 1455 2952 et
1484 2897 1813 2953 irrationabi-

231 2999 345 3062 lia,
376 3001 677 3062 sequentes
709 2990 938 3044 litteram
981 2989 1175 3042 faciant
1211 3004 1225 3041 :
1253 2996 1277 3039 t‘
1304 2989 1497 3057 q’nibus
1519 2988 1812 3044 consimilia

231 3091 537 3144 habentur
578 3080 764 3136 homil.
793 3080 831 3135 9'
861 3081 912 3132 in
941 3079 1119 3144 lesn‘e,
1166 3092 1311 3131 num.
1345 3078 1397 3131 ιι.
1434 3078 1554 3131 l-ltcc
1597 3078 1811 3145 insuper

1909 1914 2193 1983 quiddam,
2226 1926 2279 1971 et
2325 1917 2554 1972 humana
2604 1922 3052 1990 contemplatione
3097 1924 3369 1994 augustius
3408 1921 3437 1977 ἐ

1909 2002 2071 2057 fuisse
2092 2004 2358 2071 conjectat
2383 2007 2565 2060 homil.
2600 2000 2666 2062 ιι
2696 2008 2753 2061 in
2796 2002 2924 2063 Luc.
2968 1998 3255 2074 Quenut‘am
3299 2013 3436 2080 prai-

1911 2101 2052 2147 terca
2080 2092 2192 2161 ejus
2225 2093 2396 2149 locum
2424 2095 2480 2149 in
2506 2092 2690 2152 Cenes.
2724 2112 2805 2161 tn,
2833 2098 2922 2164 2i,
2957 2109 3158 2155 catenae
3185 2083 3432 2164 alierum,

1910 2182 1963 2236 in
2002 2196 2107 2251 quo
2136 2191 2411 2253 postquam
2444 2186 2624 2241 multis
2652 2187 2901 2242 disseruit
2928 2190 3001 2268 Ide
3048 2190 3278 2246 scorteis
3303 2191 3438 2248 tuni-

1908 2272 2007 2351 eis,
2044 2274 2114 2325 ita
2142 2273 2356 2329 demum
2403 2275 2669 2331 concludit
2710 2292 2728 2331 :
2758 2277 2986 2333 Λεκτέον
3009 2281 3109 2358 ὅτι⁵
3135 2278 3195 2333 οὐ
3233 2279 3315 2333 δεῖ
3339 2285 3440 2334 me?

1909 2358 2178 2437 ptéxseiiat
2203 2363 2292 2417 τοῦ
2321 2362 2637 2435 γράμματος
2665 2367 2761 2441 τῆς
2800 2368 3036 2439 Γραφῆς,
3070 2369 3145 2433 ὡς
3173 2369 3400 2442 ἀληθοῦς
3416 2366 3438 2402 ί

1907 2448 1996 2502 τὸν
2024 2450 2080 2503 δὲ
2109 2452 2478 2522 κεκρυμμένον
2522 2452 2785 2528 θησαυρὸν
2819 2457 2876 2511 ὲν
2910 2455 2987 2528 τῷ
3026 2457 3308 2530 γράμματι.
3344 2459 3439 2531 Cn.“

1908 2540 2037 2592 τεῖν.
2098 2557 2118 2591 t
2163 2540 2450 2595 Dicendum
2500 2556 2602 2596 non
2657 2545 3028 2600 adhazreudum
3081 2563 3200 2603 esse
3246 2548 3437 2604 littera:

1910 2626 2222 2695 Scriptura,
2263 2629 2411 2698 quasi
2441 2643 2564 2684 vera
2614 2630 2704 2697 sit,
2732 2633 2825 2688 sed
2871 2634 3139 2689 occultum
3165 2636 3219 2689 in
3257 2636 3435 2692 littera

1913 2717 2213 2772 thesaurum
2239 2725 2358 2774 esse
2381 2718 2821 2791 investigandum.
2857 2739 2875 2776 ι
2911 2724 3145 2794 Denique
3178 2726 3460 2782 Socrates"

1909 2808 2302 2874 quantumlibet
2327 2810 2636 2881 Origeniani
2671 2813 2900 2868 nominis
2931 2812 3218 2891 studiosus,
3251 2818 3328 2873 sic
3358 2816 3436 2872 ta'-

1910 2896 2245 2987 rnett_scribit
2272 2898 2362 2955 lib.
2394 2915 2445 2963 v,
2487 2916 2603 2968 cap.
2630 2903 2702 2956 21
2735 2918 2750 2956 :
2784 2903 2970 2975 Ὅστις
3004 2894 3334 2987 (Ὠριγένηςγ
3356 2902 3439 2961 ab:

1910 2976 2006 3051 φὸς
2026 2979 2092 3053 ἦν
2121 2981 2447 3055 διδάσκαλος,
2476 2990 2571 3044 καὶ
2603 2991 2828 3045 κατιδὼν
2858 2994 2938 3047 ὅτι
2966 2976 3026 3049 τδ
3049 2976 3316 3049 ἀδύνατόν*
3341 2997 3441 3051 τοῦ

1910 3069 2068 3129 νόμον
2096 3074 2368 3138 Μωῦσέως
2382 3076 2592 3130 ἀσθενεῖ
2616 3078 2746 3151 πρὸς
2765 3080 2824 3133 τὸ
2843 3079 3070 3153 γράμμα
3097 3068 3442 3157 emerim.-

232 3182 670 3233 coni‘mentatur
699 3170 879 3223 homil.
917 3168 949 3221 5
976 3171 1025 3220 in
1051 3167 1281 3231 Levilt'c.,
1310 3182 1458 3220 num.
1486 3168 1537 3232 l,
1564 3168 1628 3219 ad
1664 3164 1807 3235 Moy-

1909 3158 1994 3239 τὺν
2031 3163 2156 3232 περὶ
2190 3162 2283 3215 τοῦ
2310 3164 2498 3236 Πάσχα
2521 3146 2672 3236 λόγον
2696 3168 2773 3230 εις
2794 3146 3021 3240 θειὶιρίσν
3053 3146 3342 3243 ἀνήγαγεν.
3379 3146 3444 3228 ἓν*

233 3271 317 3323 sis
362 3272 710 3335 praeceptum
736 3261 799 3314 de
831 3261 1000 3313 hostia
1049 3274 1145 3326 pro
1178 3267 1430 3325 peccato,
1462 3256 1602 3339 quod
1636 3256 1808 3310 exstat

229 3354 491 3414 Levitic.
520 3368 597 3418 vt,
628 3351 700 3405 25
720 3359 902 3416 etseq.
929 3367 943 3402 :
971 3367 989 3400 ι
1026 3346 1145 3401 [hcc
1175 3348 1350 3401 omnia
1383 3346 1481 3401 nisi
1516 3344 1617 3400 alio
1648 3361 1804 3400 sensu

229 3446 621 3518 accipiamus,
679 3456 838 3509 quam
896 3441 1084 3492 litterae
1134 3447 1309 3490 textus
1355 3438 1623 3501 ostendit,
1670 3433 1809 3491 sicut

228 3552 393 3607 saepe
421 3534 545 3602 jam
577 3532 834 3592 diximus,
863 3544 984 3582 cum
1020 3527 1070 3579 in
1104 3525 1341 3579 Ecclesia
1375 3525 1692 3588 recitantur,
1720 3525 1807 3578 nb-

231 3624 543 3683 staculutu
594 3619 767 3686 magis
805 3627 858 3668 et
904 3615 1298 3668 subversionem
1329 3610 1644 3667 Christianae
1686 3612 1807 3666 reli-

229 3715 427 3785 gioni,
458 3725 625 3780 quam
654 3706 1005 3760 hortationem
1060 3702 1567 3769 :edilicationemque
1590 3712 1809 3771 prmsta-

231 3811 406 3862 bunt.
454 3822 475 3854 ι
521 3798 687 3854 Addit
711 3793 1043 3864 postmodum
1068 3792 1396 3860 S‘eripluram
1424 3803 1668 3845 constare
1692 3808 1808 3845 cor-

228 3911 410 3966 pore,
449 3891 643 3945 anima‘
690 3896 743 3941 et
771 3884 994 3952 spiritu;
1034 3882 1214 3937 littera
1241 3880 1488 3933 nimirum
1528 3895 1683 3933 sensu
1716 3881 1805 3948 qui

228 3990 393 4042 intra
441 3982 621 4048 ipsam
656 3973 1091 4043 deprehenditur,
1121 3979 1175 4024 et
1221 3970 1415 4022 umbrat
1455 3969 1681 4037 quadam
1725 3984 1807 4024 re-

224 4089 363 4130 rum
422 4065 769 4127 caelestium;
822 4075 1013 4128 corpus
1061 4058 1175 4111 usui
1229 4056 1393 4110 fuisse
1447 4056 1513 4109 iis
1568 4056 1655 4124 qui
1713 4072 1807 4109 nos

222 4163 705 4237 praecesserunt,
733 4152 885 4205 nobis
914 4150 1167 4212 animam,
1197 4148 1443 4216 spiritum
1486 4145 1549 4199 iis
1574 4145 1661 4214 qui
1692 4159 1804 4199 cm-

219 4234 450 4310 lestem
495 4244 864 4300 luereditatem
904 4247 1295 4307 consequentur
1340 4250 1352 4285 :
1398 4235 1573 4288 nntltis
1619 4234 1806 4288 deinde

223 4339 569 4409 interiectis
627 4333 722 4396 ait,
778 4330 1029 4385 num.5:
1084 4346 1101 4376 ι
1140 4312 1422 4393 Triplicem
1469 4335 1694 4393 namque
1752 4324 1803 4377 in

220 4427 568 4501 Scripturis
591 4421 783 4478 divinis
806 4416 1168 4485 intelligentiae
1217 4412 1443 4468 inveniri
1481 4429 1619 4482 saepe
1667 4412 1804 4466 dixi-

1909 3253 2096 3324 Πάσχα
2139 3254 2293 3324 μόνον
2331 3256 2575 3328 ἀληθινὸν
2620 3260 2935 3332 γεγενῆσθαι
2991 3262 3194 3332 λέγων,
3237 3266 3370 3339 ὅπερ
3408 3267 3439 3319 ὁ

1862 3338 1876 3352 “
1909 3344 2091 3415 Σωτὴρ
2130 3347 2439 3402 ἐπετέλεσεν
2476 3351 2767 3421 ἐνεργήσας
2808 3353 2947 3406 κατὰ
2994 3354 3101 3407 τῶν
3137 3355 3435 3428 ἀντικειμέ-

1909 3449 2011 3483 νων
2059 3431 2333 3504 δυνᾶμεων
2380 3435 2466 3490 διὰ
2505 3436 2599 3490 τοῦ
2640 3433 3030 3512 τὶροσομιλῆσαι
3081 3443 3158 3515 τῷ
3203 3444 3442 3516 σταυρῷε

1907 3520 2146 3591 τροπαίῳ
2174 3523 2344 3595 τούτῳ
2367 3524 2613 3579 κατὰ-τοῦ
2650 3526 2889 3581 διαϐόλου
2922 3530 3274 3601 χρησάμενος.
3312 3534 3438 3600 Qua!

1912 3608 1990 3663 sic
2029 3609 2410 3680 interpretatur
2451 3612 2783 3682 Epiphanius
2829 3617 3181 3674 scholasticus
3227 3635 3250 3675 ε·
3283 3626 3310 3674 ι’
3337 3618 3442 3688 Qui

1908 3713 2027 3753 cum
2056 3700 2267 3768 sapiens
2296 3710 2438 3756 esset
2472 3704 2722 3771 magister
2745 3744 2760 3769 ,
2794 3715 2849 3759 et
2879 3706 3250 3791 consideraret
3293 3714 3438 3781 quod

1909 3788 2304 3856 impossibilitas
2350 3790 2592 3846 Mosaica:
2626 3793 2765 3863 legis
2802 3795 2870 3848 ad
2910 3788 3138 3853 litteram
3183 3801 3325 3866 esset
3354 3799 3438 3855 in’-

1910 3870 2080 3937 ll’rma,
2113 3877 2372 3932 rationem
2396 3878 2610 3935 Pascha:
2631 3883 2697 3935 ad
2735 3885 2948 3938 modum
2973 3887 3445 3955 contemplationis"

1908 3965 2104 4028 evexit,
2128 3979 2289 4019 unum
2316 3967 2513 4022 Pascha
2537 3969 2863 4026 sol‘u‘mmd'do
2883 3974 3064 4026 verum
3095 3976 3208 4028 ﬁeri
3230 3975 3442 4043 dicens,-

1913 4053 2051 4119 quod
2094 4048 2341 4109 Salvator
2383 4053 2676 4111 celebravit
2714 4059 2963 4116 adversus
3004 4067 3301 4120 contrarias
3343 4079 3436 4136 po-

1911 4150 2149 4207 testates,
2193 4143 2316 4196 dum
2368 4144 2576 4198 crucem
2608 4147 2940 4214 susciperet,
2988 4156 3044 4203 et”
3098 4152 3198 4208 hoc
3239 4154 3437 4223 tropea

1908 4239 2147 4286 uteretur
2179 4232 2364 4285 contra
2384 4232 2685 4288 diabolum.-
2712 4252 2731 4285 ι
2770 4233 2872 4289 Sed
2905 4238 3152 4304 quoniam
3182 4241 3307 4295 huic
3344 4226 3435 4298 ar:

1908 4324 2157 4392 gumento
2182 4330 2346 4376 totum
2377 4321 2487 4376 fere
2513 4323 2704 4377 librum
2737 4340 2786 4377 tv
2806 4325 2944 4395 Περὶ
2963 4325 3160 4396 ἀρχῶν
3180 4344 3210 4383 a
3236 4346 3381 4388 num.
3401 4319 3437 4388 8“

1912 4425 2076 4480 usque
2105 4411 2167 4464 ad
2203 4427 2348 4468 nutu.
2394 4412 2484 4473 28,
2544 4415 2897 4480 consecravit,
2942 4432 3201 4476 summam
3242 4424 3441 4493 capitis"

692 4474 1036 4569 histOricuni,
1072 4503 1323 4559 moralem
1366 4512 1420 4557 et
1474 4474 1751 4573 mysticum
1785 4518 1802 4555 :
1835 4474 1878 4530 θ
1909 4474 2085 4568 hujus,
2114 4500 2250 4567 quod
2284 4501 2336 4554 in
2371 4500 2657 4563 Philocqlia
2685 4474 3427 4580 G'reece'scriptumbabel‘tttr,

216 4614 395 4672 unde
429 4616 491 4661 et
529 4615 723 4670 corpus
758 4598 930 4651 inesse
951 4595 1032 4656 ei,
1067 4601 1121 4646 et
1164 4592 1392 4645 animam
1418 4613 1443 4655 ,‘
1465 4608 1528 4645 ac
1558 4593 1804 4659 spirituum

218 4695 662 4760 intelleximus.
721 4707 740 4739 ι
793 4685 1198 4753 Apertissintum
1257 4696 1381 4735 vero
1422 4681 1564 4750 quod
1610 4681 1805 4748 legitur

222 4788 460 4851 homil.
530 4783 560 4835 7
608 4781 664 4833 in
714 4776 951 4838 Levitic.,
1001 4789 1145 4826 num.
1211 4772 1243 4826 5
1274 4786 1288 4822 :
1318 4789 1336 4821 ι
1382 4769 1436 4823 Si
1479 4772 1807 4851 assideatnus

215 4850 495 4940 litterae,
531 4880 584 4926 et
616 4866 902 4923 secundum
948 4864 1045 4916 hoc
1083 4860 1159 4914 vel
1203 4861 1340 4928 quod
1383 4856 1610 4921 J'ndaais,
1640 4850 1803 4912 vel'id

214 4970 397 5046 quod
437 4962 601 5029 vulgo
628 4958 856 5018 videtur,
888 4952 1209 5020 accipiamus
1237 4963 1353 5016 qua
1381 4949 1431 5000 in
1464 4947 1581 5046 lege
1607 4946 1801 5046 scripta

216 5034 406 5120 gum"
438 5045 907 5106 erubescodicere
946 5049 997 5094 et
1028 5038 1301 5102 conﬁteri,
1327 5037 1450 5106 quia
1490 5035 1623 5089 tales
1662 5034 1806 5103 leges

218 5145 480 5207 dederit
528 5137 685 5191 Deus.
738 5131 1069 5185 Videbnntnr
1128 5127 1268 5178 enim
1323 5124 1490 5192 magis
1534 5122 1815 5190 elegantes

216 5252 287 5298 et
340 5225 714 5291 rationabiles
770 5220 1038 5273 hominum
1071 5216 1243 5283 leges,
1273 5212 1415 5311 verbi
1469 5211 1672 5311 gratia,
1723 5210 1805 5311 pe]

216 5331 660 5389 Romanorum,
695 5309 775 5363 vel
804 5306 1248 5368 Atheniensium,
1270 5303 1349 5356 vel
1382 5300 1806 5355 Lacedamonio-

218 5434 397 5477 tum.
450 5407 513 5463 Si
545 5415 675 5455 vero
707 5398 989 5452 secundum
1018 5396 1157 5448 hanc
1191 5392 1614 5460 intelligentiam,
1650 5401 1804 5456 quam

218 5509 423 5566 docet
448 5487 717 5551 Ecclesia,
738 5485 1025 5552 accipiatur
1045 5482 1138 5535 Dei
1167 5481 1273 5547 lex,
1299 5490 1420 5535 tunc
1441 5478 1600 5549 plane
1625 5491 1806 5533 omnes

440 5687 605 5742 Joan.
642 5686 760 5730 xlv,
802 5671 885 5724 12.

636 5768 903 5825 Ριτιιοι..
945 5764 1052 5823 Gn.
1100 5765 1289 5825 XVII.

1911 4587 2014 4641 huc
2044 4588 2243 4642 referre
2264 4584 2439 4658 operte
2464 4591 2692 4659 pretium
2729 4604 2849 4649 esse
2884 4594 3051 4649 duco;
3078 4595 3318 4654 Primum
3337 4598 3434 4672 igi-

1910 4685 1995 4731 tur
2020 4678 2084 4731 ad
2115 4678 2447 4743 allegoricam
2493 4681 2778 4749 Scriptum
2815 4684 3306 4755 interpretationem
3350 4695 3436 4746 ad-

1908 4768 2241 4831 struendam,
2267 4765 2568 4825 Iudaeorum
2604 4771 2919 4842 imperitiam
2951 4777 3209 4847 castigat,
3239 4781 3435 4849 quibus

1909 4857 2187 4923 quominus
2211 4854 2475 4912 Christum
2498 4861 2853 4931 susciperent,
2881 4864 3261 4936 impedimento
3289 4870 3434 4925 fuere

1909 4946 2128 5000 diversa‘
2142 4946 2430 5016 Scriptura;
2458 4950 2732 5017 vaticinia,
2755 4970 2870 5024 quae
2888 4957 3130 5025 quamvis
3152 4958 3434 5029 allegorice

1911 5034 1975 5085 ad
2006 5034 2274 5090 Christum
2312 5038 2661 5108 pertinerent,
2692 5045 2883 5097 eadem
2911 5053 3085 5100 tamen
3106 5044 3260 5113 juxta
3291 5042 3435 5099 litte-

1910 5128 2022 5174 ram
2049 5122 2393 5191 accipientes,
2418 5125 2469 5179 in
2512 5120 2634 5181 Iesu
2679 5128 2892 5185 minime
2922 5133 3178 5202 completa
3216 5140 3434 5196 putave-

1911 5224 2054 5263 runt.
2082 5212 2242 5287 Addit
2264 5216 2504 5268 eumdem
2538 5214 2826 5287 Scriptura:
2869 5212 3278 5285 interpretanda:
3319 5230 3435 5270 mo-

1912 5300 2033 5353 dum
2066 5284 2481 5370 Valentinianos,
2509 5284 2908 5373 Marcionistas,
2945 5284 3181 5371 aliosque
3199 5301 3436 5358 'hareti-

1910 5400 2001 5441 cos
2043 5389 2366 5458 compulisse
2417 5401 2476 5446 ut
2531 5395 2804 5464 geminum
2851 5392 3186 5447 admitterent
3242 5388 3436 5451 Deum,

1905 5477 2362 5551 juﬂumualtet‘um
2408 5483 2590 5539 mundi
2630 5483 2867 5554 opiﬁcem
2896 5518 2912 5546 ,
2944 5480 3153 5555 bonum
3206 5476 3453 5533 alterum

3161 5756 3239 5815 3's
