3920 6464
453 427 472 479 1
483 425 580 481 ΟὓἹ

451 643 505 684 ut
539 631 672 684 male
697 629 761 682 de
797 626 1053 679 Creatore
1095 622 1377 678 sentirent.
1419 620 1713 675 Fatendum
1764 621 1982 689 insuper

448 721 520 773 ait
559 715 719 769 multa
754 714 966 782 quidem
1014 712 1275 782 mystica,
1329 718 1383 763 et
1436 709 1616 778 iiguris
1664 710 1899 764 involuta
1929 709 1981 761 in

447 808 734 874 Scripturis
761 803 1059 865 contineri;
1089 818 1208 872 qua:
1238 811 1411 855 tamen
1443 801 1562 863 illa,
1593 810 1647 854 et
1682 799 1982 865 cuiusmodi

445 897 551 949 si‘nt
584 894 850 960 ignorari;
889 901 998 945 tum
1029 892 1280 946 nonnulla
1326 898 1588 956 recenset,
1629 904 1747 957 qua:
1786 898 1989 959 myste-

444 983 534 1035 riis
557 992 761 1035 scatere
791 981 861 1034 ita
887 982 1204 1044 contendit,
1230 989 1285 1032 ut
1321 980 1510 1033 littera:
1553 994 1770 1035 sensum
1822 979 1989 1032 neuti-

446 1087 603 1140 quam
640 1071 915 1137 repudiare
950 1070 1246 1122 videantur.
1299 1067 1413 1121 Non
1455 1069 1830 1137 prophetarum
1887 1082 1988 1119 au-

448 1162 550 1207 tem
581 1154 755 1218 libris,
791 1156 882 1208 sed
914 1153 1045 1208 Novi
1071 1156 1229 1208 etiam
1256 1152 1597 1208 Instrumenti
1623 1155 1985 1208 voluminibus

441 1245 678 1299 occultos
703 1254 754 1299 et
779 1244 1081 1299 reconditos
1104 1228 1291 1299 sensus
1340 1246 1514 1298 inesse
1545 1245 1694 1298 dicit.
1728 1244 1858 1298 Cum
1894 1246 1989 1299 ho-

446 1340 586 1390 mine
614 1338 966 1404 postmodum,
1018 1337 1109 1404 qui
1162 1351 1403 1404 corpore,
1453 1336 1629 1393 anima
1692 1345 1742 1389 et
1796 1336 1986 1405 spiritu

445 1438 673 1488 constat,
708 1426 1036 1493 Scripturam
1088 1425 1310 1491 confert,
1363 1440 1585 1494 corpore
1633 1427 1841 1491 itidem,
1887 1428 1988 1480 hoc

442 1525 522 1571 est
551 1518 815 1570 communi
845 1525 899 1569 et
930 1517 1183 1570 historico
1213 1531 1371 1570 sensu
1401 1525 1772 1581 constantem;
1803 1517 1981 1569 anima

442 1619 671 1673 quoque,
696 1605 1000 1658 sublimiori
1047 1620 1234 1673 nempe
1273 1621 1472 1671 sensu;
1516 1621 1579 1661 ac
1623 1607 1835 1660 demum
1880 1607 1987 1674 Spi—

445 1694 574 1756 ritu,
603 1693 1017 1761 profundissimo
1042 1693 1244 1745 scilicet
1264 1707 1422 1746 sensu
1446 1702 1501 1746 et
1526 1694 1979 1747 reconditissinto.

445 1783 580 1835 Tum
611 1781 881 1850 subjungit
926 1781 1237 1835 historicum
1287 1781 1569 1849 aliquando
1615 1797 1830 1836 sensum
1873 1798 1981 1836 non

444 1875 688 1945 reperiri,
721 1873 811 1928 sed
842 1873 1071 1925 animam
1123 1872 1292 1925 solum
1330 1881 1383 1925 et
1434 1873 1676 1939 spiritum
1700 1914 1715 1938 ,
1746 1873 1796 1927 id
1842 1874 1978 1941 quod
2014 1850 2056 1905 Β

443 1964 606 2017 variis
638 1961 873 2030 Apostoli
913 1961 1041 2014 locis
1071 1961 1360 2029 approbat;
1407 1975 1468 2015 ac
1515 1976 1581 2015 ne
1609 1961 1723 2017 iure
1763 1962 1977 2031 quidem

444 2054 685 2107 omnibus
711 2053 862 2106 obvia
903 2065 1043 2113 esse,
1073 2053 1164 2104 sed
1198 2051 1262 2103 iis
1291 2053 1574 2113 duntaxat,
1605 2051 1693 2118 qui
1741 2052 1792 2104 in
1833 2052 1980 2106 Scri-

443 2153 610 2211 ptura:
643 2141 988 2195 meditatione
1016 2141 1220 2201 subacti
1246 2142 1494 2195 diuturno
1535 2142 1708 2196 studio
1760 2141 1980 2196 fuerint.

442 2234 530 2285 Ait
559 2234 744 2287 deinde
790 2234 1040 2300 mysteria
1090 2232 1396 2286 hominibus
1451 2234 1659 2285 tradere
1710 2233 1979 2286 volentem

446 2322 700 2390 Spiritum
722 2337 961 2377 sanetum
984 2365 998 2388 ,
1028 2336 1086 2375 ea
1129 2321 1366 2375 historici
1394 2335 1582 2376 sensus
1607 2322 1985 2393 integumentis

445 2414 797 2483 implicuisse,
841 2415 927 2482 qui
958 2414 1328 2469 reconditioris
1362 2414 1614 2467 doctrina:
1670 2427 1839 2481 penus
1871 2422 1986 2465 tan-

447 2517 559 2559 tum
588 2514 641 2560 et
659 2506 1085 2574 promptuarium
1116 2512 1196 2557 est
1235 2524 1245 2557 :
1286 2517 1440 2571 quem
1474 2517 1539 2556 ne
1572 2503 1691 2571 quis
1714 2501 1986 2557 interioris

444 2609 498 2650 et
522 2596 741 2650 occultae
764 2595 1021 2648 doctrina:
1053 2593 1331 2661 praeceptis
1358 2607 1547 2645 vacare
1574 2602 1807 2661 putaret,
1833 2610 1852 2641 ι
1883 2592 1986 2646 ista

443 2689 508 2740 de
529 2697 687 2739 causa
736 2698 1055 2753 procurasse
1108 2684 1339 2736 divinam
1394 2682 1710 2749 sapientiam
1760 2682 1984 2735 otl‘endi-

442 2776 560 2831 cuia
590 2776 854 2843 qumdam,
884 2774 962 2828 vel
1006 2774 1428 2842 intereapedines
1471 2772 1835 2841 intelligentia:
1873 2771 1987 2825 ﬁeri

444 2867 775 2932 bistorialis;
830 2866 1172 2934 impossibilia
1229 2865 1466 2934 quaedam
1506 2873 1558 2918 et
1610 2865 1989 2919 inconvenien-

445 2960 571 3011 tiam
613 2973 705 3027 per
751 2959 982 3011 medium
1033 2956 1346 3019 inserendo,
1391 2965 1450 3009 ut
1502 2956 1822 3024 interruptio
1874 2957 1987 3025 ipsa

446 3049 765 3102 narrationis
790 3048 931 3102 velut
954 3048 1193 3101 obicibus
1230 3049 1546 3115 quibusdam
1598 3047 1796 3115 legenti
1842 3047 1980 3100 resi-

1683 410 1739 467 Ρ.
1781 408 2088 466 ΒᾹΝΙΕΙΛΞ
2124 401 2353 462 ιιυιεῖτιι

450 540 640 597 Christi
672 538 909 601 Patrem;
944 546 1146 588 necnon
1170 539 1224 586 et
1250 546 1315 585 ex
1345 530 1659 585 orthodoxis
1692 531 1972 599 quosdam,
1993 514 2051 590 Ἀ
2081 527 2199 581 inde
2227 527 2276 579 ei
2311 529 2677 578 monstraret
2724 533 2739 569 :

3638 392 3759 447 1068

2801 525 2866 571 et
2902 511 3061 583 quod
3108 506 3382 581 praecipit
3415 508 3627 580 Moyses
3672 523 3758 561 er-

2092 616 2366 671 terminari
2392 629 2570 670 omne
2598 610 3006 667 masculinum
3032 648 3051 673 ,
3087 603 3257 675 quod
3308 610 3512 657 octavo
3539 601 3623 654 die
3668 616 3759 653 non

2089 709 2247 763 fuerit
2276 706 2693 762 circumcisum
2737 720 2753 756 :
2789 711 2853 756 et
2907 697 3334 768 tragelaphum
3395 694 3543 745 inter
3586 691 3760 743 munda

2089 798 2365 860 animalia,
2418 796 2713 866 gryphum
2781 792 2943 845 inter
2996 784 3322 841 immunda
3398 782 3623 844 haberi;
3658 798 3762 833 cum

2090 890 2174 943 hic
2204 892 2273 943 ab
2296 889 2530 942 homine
2560 902 2676 941 non
2707 884 2907 955 possit
2932 880 3099 949 capi,
3139 878 3243 932 ille
3266 882 3493 929 ncesse
3524 872 3764 940 quidem:

2089 981 2212 1034 licet
2254 980 2499 1049 gryphes
2530 987 2589 1030 et
2630 973 3022 1043 tragelaphos
3072 980 3138 1024 et
3180 981 3317 1022 esse
3349 976 3412 1019 et
3459 964 3580 1031 capi
3614 963 3771 1032 prodi-

2093 1080 2201 1125 tum
2232 1072 2360 1124 sita
2395 1068 2684 1123 veteribus
2727 1083 2744 1118 :
2790 1064 3075 1118 Sabbato
3140 1060 3289 1112 item
3353 1057 3484 1109 ioco
3538 1069 3634 1107 suo
3678 1069 3765 1106 non

2089 1162 2297 1214 moveri
2325 1163 2394 1224 7’,
2431 1175 2537 1212 nec
2564 1171 2714 1212 onus
2740 1155 2947 1209 levare
2967 1151 3020 1182 ⁷⁸
3050 1168 3067 1214 ;
3107 1158 3165 1201 et
3195 1145 3359 1217 quod
3386 1144 3593 1224 habent
3617 1143 3773 1198 Evan-

2090 1253 2226 1321 gelia
2253 1273 2264 1305 :
2290 1269 2309 1301 ‹
2333 1250 2624 1304 Neminem
2657 1247 2714 1300 in
2751 1246 2845 1297 via
2878 1238 3310 1297 salutaveritis
3329 1237 3422 1299 τις
3468 1252 3487 1284 ι
3516 1233 3647 1286 duas
3662 1247 3773 1285 neu-

2091 1344 2297 1410 liquam
2369 1340 2665 1393 habendas
2742 1334 2988 1388 tunicas
3051 1324 3195 1384 i'nee
3275 1327 3659 1380 calceamenta
3702 1324 3770 1389 ";

2090 1434 2370 1487 dexteram
2403 1429 2749 1497 percutienti
2781 1425 3134 1486 maxillam,
3178 1421 3494 1475 sinistram
3523 1432 3640 1471 esse
3662 1432 3765 1485 pra:

2088 1520 2322 1575 bcndam
2352 1520 2420 1583 "‘,
2462 1536 2482 1569 ‹
2514 1534 2645 1571 cum
2684 1516 2903 1578 omnis,
2935 1513 3173 1581 inquit,
3201 1510 3305 1579 qui
3334 1506 3591 1578 percutit
3613 1507 3775 1562 dextra

2090 1626 2251 1664 manu
2290 1610 2575 1663 sinistram
2612 1607 2914 1677 percutiat
2955 1602 3338 1665 maxillam;
3384 1617 3405 1650 ι
3445 1598 3775 1667 oculum,qui

2087 1703 2159 1755 sit
2180 1700 2554 1755 oiTensioniet
2595 1698 2886 1754 seandalo
2908 1736 2926 1762 ,
2956 1695 3324 1751 eruendum
3350 1692 3399 1722 ⁷⁷
3431 1708 3447 1757 ;
3486 1706 3593 1745 non
3641 1691 3778 1745 addu-

2089 1795 2319 1849 cendum
2348 1802 2697 1861 amputatum
2731 1789 3121 1861 prmputium
3143 1786 3201 1817 ⁷⁸
3229 1803 3247 1851 ;
3279 1800 3417 1854 qua:
3453 1784 3636 1838 omnia
3666 1802 3691 1835 ει
3730 1799 3781 1837 se

2085 1885 2246 1939 allata
2273 1900 2396 1940 esse
2430 1884 2650 1948 scribit,
2673 1893 2737 1937 ut
2775 1881 3213 1949 intelligamus
3242 1891 3347 1931 res
3374 1890 3487 1930 non
3512 1874 3680 1928 solum
3708 1888 3754 1926 ra

2086 1976 2216 2030 tioni
2239 1976 2570 2041 contrarias,
2591 1975 2690 2029 sed
2719 1975 2909 2029 etiam
2942 1987 3095 2041 qua:
3130 1970 3270 2047 ﬁeri
3302 1968 3548 2022 minime
3572 1966 3779 2035 possint.

2084 2068 2137 2120 in
2161 2066 2342 2121 littera
2374 2065 2676 2120 contineri.
2716 2064 3045 2119 Subneetit
3080 2071 3315 2131 postea
3344 2073 3462 2113 non
3487 2072 3694 2112 omnem
3711 2057 3779 2112 id-

2086 2156 2234 2210 circo
2259 2156 2505 2211 historia:
2530 2172 2763 2211 sensum
2795 2154 3176 2226 aspernari,
3208 2169 3353 2208 cum
3397 2170 3418 2203 ε
3454 2152 3627 2205 multo
3651 2150 3781 2218 plura

2087 2250 2214 2313 sint,
2244 2264 2364 2316 qua:
2390 2250 2699 2303 secundum
2738 2248 3090 2302 historiam
3149 2254 3486 2309 constant,
3535 2258 3691 2313 quam
3731 2255 3783 2296 ea

2087 2352 2206 2405 qua:
2241 2340 2443 2392 nudum
2476 2353 2707 2392 sensum
2743 2340 3089 2395 continent
3135 2338 3524 2408 spiritalem;
3559 2357 3578 2388 ι
3602 2335 3760 2403 ,ευὶυε

2088 2429 2230 2480 modi
2257 2429 2510 2482 nonnulla
2530 2442 2990 2495 commemorat,
3016 2442 3187 2499 puta
3212 2430 3499 2499 Deealogi
3522 2438 3767 2500 prmeepta

2088 2518 2290 2573 Deinde
2319 2534 2447 2575 vero
2480 2521 2716 2574 multam
2768 2523 3225 2578 adhibendam
3282 2525 3371 2579 ait
3403 2525 3714 2579 cautionem
3744 2531 3786 2576 et

2088 2610 2443 2677 diligentiam,
2501 2628 2615 2681 quo
2662 2615 2964 2683 mysticus
3008 2632 3262 2671 sensus
3318 2631 3353 2669 a
3404 2632 3577 2671 sensu
3620 2616 3784 2670 littera!

2089 2702 2464 2768 discernatur;
2513 2713 2626 2757 tttni
2685 2717 2891 2759 notam
2953 2707 3141 2761 hanc
3203 2723 3280 2763 ac
3351 2710 3613 2778 regulam
3650 2708 3783 2775 adid

2089 2792 2269 2844 utilem
2305 2797 2598 2862 proponit;
2637 2798 3158 2866 quotiescunque
3207 2798 3287 2852 de
3341 2798 3690 2861 Jerusalem,
3719 2798 3783 2849 γε’

2088 2877 2294 2945 Judtea,
2333 2884 2415 2936 vel
2448 2884 2689 2949 lsraele,
2728 2886 2820 2939 vel
2860 2887 3079 2942 Jacob
3148 2889 3572 2944 vaticinantur
3612 2887 3785 2957 aliquid

2090 2971 2377 3037 prophetas,
2433 2973 2536 3027 hoc
2596 2990 2665 3029 ex
2708 2975 2898 3043 ipsius
2947 2976 3149 3032 Pauli
3220 2980 3503 3035 instituto
3554 2980 3619 3033 ad
3649 2980 3784 3034 ctele

2096 3060 2282 3115 lestem
2328 3061 2661 3129 Jerusalem,
2712 3066 2803 3120 vel
2857 3067 3193 3137 Jttdmam,
3268 3074 3367 3129 ve!
3418 3072 3787 3139 lsraeiem,\el

446 3146 611 3190 steret
634 3136 876 3203 objectis,
915 3137 1105 3204 quibus
1140 3136 1505 3205 intelligentia:
1544 3139 1700 3204 hujus
1754 3137 1988 3201 vulgaris

2197 3152 2256 3203 ab
2299 3153 2597 3222 anagogice
2661 3170 2794 3210 csse
2847 3159 3325 3229 referendum;
3380 3176 3435 3219 et
3486 3165 3601 3234 pari
3650 3165 3789 3218 etiam

450 3228 554 3280 iter
588 3242 649 3280 ac
683 3228 963 3280 transitum
1003 3238 1238 3295 negaret,
1278 3246 1295 3278 ι
1333 3239 1384 3280 et
1414 3229 1484 3280 ita
1516 3228 1580 3280 ad
1608 3228 1767 3278 alium
1801 3227 1989 3279 trami-

445 3329 549 3373 tem
571 3319 846 3373 ceisiorem
864 3332 1052 3386 nempe
1075 3328 1125 3370 et
1146 3318 1550 3370 eminentiorem
1574 3318 1987 3381 diverteremus;

448 3411 611 3462 multa
642 3409 801 3478 igitur
846 3407 1146 3475 huiusmodi
1184 3407 1367 3461 haberi
1420 3408 1470 3460 in
1516 3405 1821 3474 Scriptura,
1857 3425 1874 3455 ι
1913 3407 1991 3459 vel

446 3501 621 3551 minus
657 3509 829 3567 gesta,
862 3496 945 3550 vel
985 3511 1102 3564 qua:
1151 3495 1366 3549 omnino
1415 3496 1523 3562 geri
1579 3510 1683 3548 non
1737 3507 1990 3563 possent;

455 3587 719 3640 interdum
751 3586 909 3639 etiam
941 3600 1057 3653 qum
1095 3594 1305 3653 possent
1348 3584 1557 3650 quidem
1588 3584 1733 3653 geri,
1780 3598 1874 3638 nec
1910 3594 1992 3638 ta.

380 3692 382 3695 '
448 3691 568 3729 men
594 3685 741 3744 gesta
770 3685 923 3736 sunt;
954 3694 972 3726 ι
1006 3676 1267 3742 praecipue
1293 3688 1418 3726 vero
1450 3674 1501 3726 in
1536 3673 1798 3740 lege,qua:
1828 3674 1991 3727 multa

447 3767 629 3832 habet,
661 3784 679 3816 ι
702 3767 752 3819 in
776 3766 968 3833 quibus
988 3765 1129 3816 nulla
1156 3778 1375 3830 prorsus
1399 3762 1533 3815 ratio
1555 3762 1805 3816 utilitatis
1824 3774 1994 3818 osten-

447 3855 615 3920 ditur;
639 3856 904 3909 interdum
932 3868 1056 3906 vcro
1079 3863 1131 3906 et
1155 3853 1506 3918 impossibilia
1538 3855 1936 3915 decernuntur;
1971 3872 1988 3903 ›

448 3946 539 3998 sed
576 3956 629 4000 et
663 3947 711 3999 in
753 3955 863 4000 toto
905 3944 1085 3998 Veteri
1145 3957 1207 3994 ac
1236 3942 1381 3996 Novo
1431 3942 1589 3995 etiam
1626 3941 1991 3999 Testamento.

450 4034 584 4089 Hinc
619 4038 797 4090 varias
828 4036 1116 4103 Scriptura:
1167 4034 1337 4101 tangit
1370 4031 1644 4095 historias,
1696 4031 1747 4084 in
1796 4034 1993 4101 quibus

452 4123 691 4178 historici
729 4140 920 4179 sensus
959 4126 1235 4179 veritatem
1268 4122 1460 4175 frustra
1498 4121 1694 4189 requiri
1729 4120 1987 4185 aiiirmat;

450 4212 666 4278 frustra,
695 4216 925 4284 exempli
955 4230 1134 4280 causa,
1158 4213 1456 4267 existimari
1514 4220 1622 4265 tres
1670 4211 1880 4279 priores
1926 4214 1992 4265 ab

452 4304 578 4354 orbe
610 4305 829 4358 condito
868 4306 981 4359 dies
1010 4304 1177 4358 fuisse
1209 4305 1325 4357 sine
1351 4302 1481 4365 soie,
1527 4300 1648 4352 luna
1687 4308 1738 4352 et
1789 4300 1989 4364 stellis;

453 4392 684 4456 priorem
721 4394 881 4447 etiam
910 4396 1025 4448 sine
1055 4395 1213 4460 ccelo,
1243 4393 1383 4461 quod
1427 4402 1585 4458 supra
1606 4386 1715 4454 jam
1748 4390 1989 4442 excussi-

454 4481 799 4570 mus:inepte
821 4482 1470 4553 quoqueetinsnlsecredi
1494 4481 1654 4532 Deum
1681 4479 1729 4530 in
1747 4480 1992 4547 paradiso
2025 4480 2067 4534 ἱ)
2099 4504 2299 4544 morem
2358 4493 2625 4563 Origenes
2694 4520 2805 4558 non
2875 4479 3159 4570 invexit,

453 4567 725 4634 piantasse
752 4573 989 4636 arbores,
1017 4584 1200 4627 ctcam
1230 4587 1348 4641 qua:
1377 4570 1499 4624 vita:
1532 4569 1758 4633 dicitur,
1793 4577 1845 4621 et
1873 4583 1990 4636 qua:

451 4657 727 4713 scientiam
765 4658 887 4712 boni
918 4672 972 4715 et
1002 4663 1125 4715 mali
1166 4661 1484 4725 continere;
1518 4658 1684 4711 Deum
1716 4667 1838 4726 post
1880 4672 1991 4709 me-

452 4749 642 4803 ridiem
676 4746 972 4801 ambulasse
997 4751 1045 4802 in
1078 4752 1263 4814 horto,
1311 4761 1365 4804 et
1393 4749 1615 4803 Cainum
1646 4762 1675 4799 a
1731 4746 1871 4800 facie
1895 4746 1988 4800 Dei

451 4837 702 4900 exivisse,
749 4849 867 4901 qua:
911 4851 939 4887 a
996 4839 1144 4891 nobis
1191 4839 1300 4893 fere
1344 4849 1570 4893 tractata
1624 4846 1750 4890 sunt
1782 4851 1794 4885 :
1825 4836 1989 4890 multa

450 4924 710 4997 ejusmodi
742 4937 893 4992 posse
927 4925 1099 4992 colligi
1147 4941 1176 4979 c
1217 4928 1542 4997 Scripturis,
1593 4945 1611 4977 ι
1649 4942 1765 4995 qum
1792 4927 1987 4995 scripta

450 5026 572 5074 sunt
631 5015 844 5085 quidem
897 5023 1146 5081 tanquam
1201 5016 1374 5082 facta,
1424 5035 1526 5072 non
1577 5028 1748 5070 tamen
1797 5031 1989 5071 secun-

449 5110 571 5162 dum
601 5105 880 5162 historiam
934 5114 1294 5170 competenter
1337 5116 1390 5159 ct
1440 5107 1827 5161 rationabiliter
1876 5106 1988 5161 fieri

452 5201 689 5267 potuisse
716 5194 980 5251 credenda
1006 5204 1129 5246 sunt
1157 5210 1170 5245 :
1206 5215 1220 5244 ι
1254 5196 1405 5261 hujus
1433 5200 1644 5267 generis
1673 5214 1815 5261 esse,
1847 5199 1988 5265 quod

451 5303 630 5350 narrat
660 5287 1025 5357 Evangciiuni,
1061 5283 1111 5335 iii
1149 5283 1419 5337 excelsum
1452 5301 1683 5343 montcm
1719 5303 1745 5339 a
1778 5288 1990 5343 diabolo

449 5387 625 5439 Jcsum
655 5397 771 5437 csse
806 5379 1149 5436 subvectum,
1198 5382 1255 5423 ut
1308 5374 1550 5428 universa
1601 5377 1779 5429 mundi
1829 5390 1987 5444 regna

518 5518 562 5547 τι
597 5516 761 5570 Exod.
799 5510 1020 5573 “2.9.9.
1109 5508 1152 5539 ⁷³
1182 5506 1218 5560 li
1252 5506 1403 5561 Esdr.
1437 5523 1554 5577 χιιι,
1586 5512 1668 5566 i9.

455 5585 497 5613 ⁷⁸
526 5582 683 5638 lCur.
709 5600 805 5650 vti,
843 5584 967 5638 18.‘

1744 5511 1943 5576 ",Luc.
1979 5529 2030 5580 κ,
2060 5517 2114 5572 ὁ,

2093 3239 2249 3291 modo
2270 3253 2609 3307 qumcunqne
2644 3246 2714 3297 de
2762 3245 3046 3316 Aigypto
3080 3289 3100 3313 ,
3149 3251 3507 3324 Babylone.
3567 3256 3704 3327 'i'yro
3744 3267 3787 3309 ct

2094 3327 2290 3381 Sidone
2337 3330 2597 3396 praedicta
2645 3344 2785 3387 sunt
2824 3351 2839 3387 :
2880 3352 3030 3391 cum
3080 3341 3149 3394 in
3193 3344 3363 3397 ch-lo
3412 3345 3521 3400 loci
3558 3346 3661 3399 sint
3697 3356 3790 3399 ter-

2094 3418 2233 3471 renis
2257 3418 2373 3471 istis
2398 3424 2799 3489 cognomines,
2842 3441 2918 3480 ac
2958 3428 3267 3487 iocorum
3312 3420 3564 3490 istoiuni
3602 3436 3789 3493 inertia.

2093 3510 2282 3563 anima:
2327 3509 2597 3564 videlicet.
2663 3515 2937 3585 Denique
3006 3523 3245 3580 multis
3328 3529 3685 3599 interposuis
3727 3530 3793 3580 sic

2093 3597 2358 3688 concludit
2389 3614 2464 3688 ευ(
2502 3597 2644 3654 Sunt
2671 3605 2951 3669 quaedam
2988 3625 3289 3680 quorum
3328 3597 3790 3688 signilicationcm

2093 3681 2304 3750 ρτοντῖθ
2337 3681 2520 3736 "illius
2546 3688 2784 3743 Omnino
2824 3705 3043 3759 potest
3091 3681 3420 3759 humana;
3460 3705 3658 3777 lingua:
3699 3720 3793 3760 scr-

2094 3772 2343 3826 monibus
2374 3772 2678 3840 explicare,
2718 3783 2821 3833 sed
2853 3783 3271 3853 simpliciore
3300 3796 3496 3866 magis
3520 3772 3795 3857 intellectu,

2094 3877 2255 3931 (iuam
2304 3862 2429 3918 “"55
2486 3865 2794 3923 Verborum
2857 3881 3387 3945 proprietatibus
3408 3862 3790 3944 ideciarantur.

2092 4221 2261 4274 δίιιιεῑῖ
2298 4222 2557 4291 Spiritus.
2608 4229 2705 4295 (ιυί
2744 4244 2848 4287 Pas
2902 4248 3249 4302 conscribi
3311 4221 3795 4322 inspiravitmen-

2091 4323 2217 4363 50311
2228 4320 2278 4364 tu
2289 4328 2335 4366 Γ.
2371 4332 2389 4364 ι

2162 4399 2243 4453 iii.
2281 4404 2490 4502 (57:37)
2524 4406 2744 4467 Primus
2776 4414 2935 4471 hunc
2972 4421 3489 4496 interpretaml.c
3524 4434 3799 4502 Scriptura

2118 4520 2299 4594 nauem
2338 4520 2625 4594 .xl'lgCIIIIS
2694 4520 2805 4558 non
2876 4520 3159 4570 invexit.
3256 4520 3495 4577 Scribit
3557 4525 3801 4581 Eusebius

2097 4576 2193 4670 illi.
2243 4593 2277 4631 tt
2328 4578 2473 4635 Hist.
2522 4587 2739 4654 ccc!cs.,
2795 4607 2935 4663 cap.
2975 4601 3083 4666 l7,
3128 4608 3335 4664 multa

2097 4664 2456 4777 :I‘hcrapcut‘is
2484 4677 2602 4743 (qui
2650 4693 2859 4738 ascetae
2898 4664 3090 4747 erant
3129 4664 3802 4777 CitriStianiV-iéggiptuili

2100 4758 2419 4861 incolentes)
2453 4780 2953 4840 commemorare:
3000 4788 3122 4840 scd
3163 4789 3320 4846 illud
3368 4758 3803 4866 prxcipaieno-

2099 4859 2180 4944 tos
2216 4850 2267 4903 in
2293 4856 2670 4944 Ameditatione
2703 4865 3121 4940 philosophiae
3168 4882 3307 4938 dies

2101 4939 2457 5046 iitumi‘uissc
2503 4946 2661 5016 ipsis,
2712 4964 2771 5007 ct
2815 4955 2871 5009 in
2937 4976 3287 5038 praeceptis
3341 4939 3678 5046 sapic—niti;
3722 4939 3804 5035 sibi

2103 5028 2317 5128 traditis
2367 5034 2668 5105 allegorice
2715 5028 3102 5113 explicandis
3136 5028 3802 5137 {quip‘per—qit'imvevriia

2100 5127 2485 5218 cvisttinarcnt
2514 5127 2671 5197 signa
2700 5147 2830 5190 esse
2867 5152 3078 5197 rerum
3111 5127 3668 5229 abditaruni,-qum
3693 5160 3806 5213 alii“

2098 5220 2380 5318 gortzirpiii
2413 5231 2521 5318 ope
2547 5221 2659 5277 sint
2681 5229 2950 5284 eruenda:
2985 5249 3002 5285 :
3042 5248 3235 5309 atque
3266 5246 3434 5303 hanc
3470 5220 3652 5318 porro
3686 5267 3802 5306 con-

2098 5300 2451 5399 suetudinem
2476 5308 2865 5379 'I‘herapeutas
2894 5318 3032 5376 illos
3060 5340 3095 5378 a
3130 5300 3486 5400 majoribus
3507 5300 3804 5410 accepisse.

2097 5401 2145 5435 ""
2176 5404 2271 5458 τηε
2304 5395 2579 5466 αἱρέσεως
2611 5406 2820 5461 τούτων
2855 5410 3197 5485 ἀρχηγέται
3232 5430 3566 5499 γενόμενος
3589 5471 3607 5493 ,
3640 5395 3798 5485 ἐωλλά

2197 5530 2245 5563 ⁷⁸
2275 5533 2479 5601 Matth.
2529 5562 2586 5613 it,
2626 5547 2712 5603 i0.
2792 5552 2839 5583 "
2885 5552 3101 5613 Matth.
3142 5579 3201 5628 ν,
3241 5565 3356 5623 39.
3452 5572 3504 5603 ⁷⁷
3547 5573 3689 5627 ibid.
3716 5571 3798 5625 29.
