3920 6478
302 358 449 421 ιῢϐι

1146 366 1701 433 ORIGENIANORUM
1742 368 1867 426 LIB.
1902 359 1968 437 ῘΙ,
2008 368 2156 424 CAP.
2198 367 2261 432 ll,
2299 358 2569 435 QUEEST.
2613 358 2747 422 Xlil.

3332 354 3488 447 ‘1010

305 490 564 558 μνημεῖα
595 493 693 561 τῆς
727 492 783 544 ὲν
829 497 935 558 τοῖς
981 496 1269 566 ἁλληγορου
1278 495 1451 567 μένοις
1505 494 1641 557 ἰδέας
1684 493 1861 546 ἀπέλι-

1968 506 1985 539 ι
2023 488 2122 554 Qui
2151 498 2206 542 et
2247 489 2461 544 idoneus
2515 504 2613 544 nos
2660 487 2787 543 fecit
2841 485 3111 541 ministros
3134 480 3262 538 Novi
3292 465 3487 567 Testa-

302 594 443 631 πον.
470 597 490 629 ι
514 578 615 644 Qui
640 585 1049 650 sectae-ipsorum
1075 588 1317 640 auctores
1339 587 1498 639 multa
1523 593 1857 638 monumenta

301 666 581 720 doctrinm
630 670 681 722 in
725 670 993 739 allegoriis
1038 677 1224 741 posita:
1277 674 1619 743 reliquerunt.
1669 692 1688 725 ι
1750 671 1859 728 Hoc

298 753 494 821 ipsum
525 757 725 812 clarius
762 757 1035 814 Philonem
1057 760 1139 815 his
1174 763 1349 816 verbis
1380 771 1617 830 repetere
1656 762 1731 815 ait
1764 761 1861 813 ali-

297 844 517 910 quibus
558 845 851 915 interjectis
882 845 1137 901 Eusebius
1172 864 1186 900 :
1236 848 1299 903 At
1331 850 1385 902 δὲ
1435 849 1714 920 ἐξηγήσεις
1753 849 1859 904 τῶν

295 931 478 999 ἱερῶν
528 933 869 1004 Γραμμάτων
913 947 1143 1003 γίνονται
1188 938 1367 1000 αὐτοῖς
1399 938 1463 991 δι’
1497 937 1753 990 ὑπονοιῶν
1801 938 1858 991 ὲν

292 1020 686 1092 ἀλληγορίαις.
738 1025 952 1077 Ἅπασα
1000 1025 1107 1096 γὰρ
1149 1027 1181 1096 ἡ
1230 1024 1511 1095 νομοθεσία
1562 1026 1708 1079 δοκεῖ
1748 1028 1858 1089 τοῖς

291 1108 541 1179 ἀνδράσι
565 1111 773 1174 τούτοις
811 1108 1043 1166 ἐοικέναι
1082 1112 1229 1183 ζὼῳσ
1261 1114 1355 1167 καὶ
1386 1114 1542 1185 σῶμα
1578 1116 1672 1185 μὲν
1713 1115 1854 1185 ἔχειν

287 1199 402 1261 τὰς
446 1201 621 1270 ῥητὰς
663 1200 853 1267 λέξεις,
897 1203 1068 1274 ψυχὴν
1105 1203 1159 1255 δὲ
1188 1204 1274 1258 τὸν
1303 1206 1711 1276 ὲναποκείμενον
1740 1208 1857 1269 ταῖς

289 1289 527 1355 λέξεσιν
563 1292 793 1362 ἀόρατον
816 1292 957 1345 νοῦν.
991 1311 1010 1343 ι
1036 1295 1452 1362 Interpretantur
1478 1306 1649 1349 autem
1678 1310 1858 1349 sacras

288 1382 627 1449 Scripturas
652 1383 872 1450 tigurate
911 1399 1006 1451 per
1041 1382 1345 1452 allegorias.
1376 1384 1636 1447 Universa
1662 1385 1858 1455 quippe

286 1470 384 1524 lex
421 1470 567 1524 viris
614 1470 719 1525 illis
757 1471 968 1526 animali
1004 1470 1190 1526 similis
1214 1488 1332 1527 esse
1365 1472 1572 1527 videtur
1609 1490 1622 1526 :
1661 1482 1716 1528 et
1746 1486 1861 1526 cor-

284 1574 400 1629 pus
430 1560 663 1627 quidem
718 1562 831 1628 ipsa
857 1576 974 1616 esse
1023 1562 1204 1629 verba,
1250 1563 1481 1616 animam
1527 1571 1700 1617 autem
1740 1578 1858 1618 esse

283 1649 721 1704 delitescentem
762 1660 816 1703 et
861 1651 1121 1705 occultum
1172 1666 1420 1717 sensum,
1463 1652 1552 1723 qui
1595 1651 1855 1721 aspectari

284 1751 405 1790 non
436 1746 642 1805 potest.
679 1756 698 1790 ι
733 1736 898 1804 Quam
926 1739 1325 1793 similitudinem
1360 1738 1619 1808 Origenes
1645 1755 1855 1813 quoque

282 1827 618 1895 usurpavit,
669 1835 728 1880 ut
766 1828 1014 1896 superius
1058 1829 1257 1883 dictum
1294 1838 1393 1883 est.
1426 1830 1611 1899 Itaque
1637 1829 1680 1887 si
1711 1844 1856 1888 stare

279 1916 546 1972 velimus
569 1918 620 1971 id
642 1920 781 1986 quod
807 1919 994 1972 scribit
1027 1919 1090 1972 de
1122 1918 1336 1974 Philone
1370 1915 1590 1978 Pbotius
1619 1924 1736 1978 cod.
1769 1932 1854 1988 c‘v,

294 2005 397 2070 Ἐξ
427 2000 522 2070 οὗ,
554 2003 736 2077 οἶμαι,
758 2007 850 2060 καὶ
879 2009 983 2072 πᾶς
1008 2007 1036 2060 ὁ
1064 2005 1410 2085 ἀλληγορικδς
1441 2014 1536 2085 τῆς
1556 2007 1773 2085 Γραιρἧς
1799 2015 1856 2067 ὲν

277 2098 352 2165 τῇ
403 2095 718 2166 Ἐκκλησίᾳ
738 2095 900 2164 λόγος’
918 2096 1072 2169 tam
1099 2104 1268 2173 ἀρχὴν
1291 2097 1584 2173 εἰσρυῆναι.
1621 2121 1641 2155 t
1670 2096 1746 2157 Ex
1770 2118 1854 2167 eo,

278 2185 528 2255 opinor,
577 2186 758 2243 omnis
804 2185 1083 2261 allegorica
1119 2191 1406 2259 Scriptura:
1445 2192 1857 2260 interpretanda:

280 2276 450 2330 ratio
476 2275 535 2332 in
556 2276 849 2335 Ecclesiam
874 2281 1102 2336 irruendi
1130 2282 1312 2336 habuit
1336 2282 1576 2346 initium;
1606 2302 1626 2336 ι
1650 2284 1858 2353 etquod

278 2363 367 2421 ait
395 2360 1132 2432 Bellarminus,Testameuti
1156 2364 1363 2425 Veteris
1400 2369 1700 2441 Scripturas
1736 2363 1861 2427 Phi-

284 2459 495 2513 lonem
521 2457 754 2527 primum
778 2461 1107 2528 exposuisse,
1133 2459 1204 2513 ita
1230 2448 1602 2527 accipiendum
1630 2470 1731 2525 est,
1754 2462 1861 2530 pri-

283 2564 460 2603 mum
494 2564 682 2602 eorum
707 2564 825 2604 esse
854 2544 1146 2612 Philonem,
1171 2564 1394 2619 quorum
1416 2551 1773 2618 eXpositiones
1804 2552 1858 2606 in

281 2638 726 2694 Testamentum
756 2632 919 2692 Vetus
963 2638 1027 2691 ad
1071 2638 1208 2691 hanc
1238 2645 1444 2692 aetatem
1488 2649 1862 2705 pervenerunt.

280 2731 439 2785 Cum
474 2737 692 2782 veteres
724 2742 850 2796 ergo
865 2728 1187 2796 therapeuta:
1202 2728 1458 2796 majorum
1476 2745 1692 2783 suorum
1715 2730 1863 2784 insti-

286 2831 410 2874 tuta
429 2827 832 2888 persequentes
845 2815 1173 2888 Scripturam
1206 2819 1505 2890 allegoricis
1537 2820 1864 2888 explanatio-

287 2912 467 2966 nibus
490 2910 854 2974 illuStrarent,
878 2911 1015 2966 hanc
1037 2909 1103 2961 ab
1124 2908 1224 2962 illis
1245 2911 1680 2963 consuetudinem
1706 2923 1859 2964 acce-

285 3003 445 3068 pisse
477 2996 763 3053 Philonem
794 2999 961 3066 ipsum
988 2991 1267 3053 verisimile
1281 3011 1383 3065 est,
1410 2998 1558 3067 cujus
1585 2999 1862 3055 luculenta:

1961 577 2143 639 menti,
2164 583 2266 630 non
2291 576 2499 644 litterre,
2539 570 2633 633 sed
2664 576 2883 646 spiritus
2917 592 2931 629 :
2964 575 3140 630 littera
3186 571 3325 626 enim
3350 564 3491 624 occi-

1957 666 2052 731 dit,
2107 666 2324 734 spiritus
2371 678 2546 722 autem
2595 667 2869 721 virilicat:
2910 684 2929 717 ι
2960 671 3014 719 et
3063 663 3269 732 reliquo
3317 658 3491 727 capite

1956 768 2020 810 ac
2070 756 2353 824 sequenti,
2405 768 2472 809 ex
2524 770 2629 824 quo
2662 755 2787 808 illud
2833 754 3098 823 przecipue
3145 748 3486 821 usurpabat:

1962 858 1982 895 ι
2024 844 2292 899 llabemus
2328 853 2502 898 mitem
2538 845 2844 898 thesaurum
2876 846 3032 898 istum
3062 844 3115 897 in
3142 843 3282 897 vasis
3309 831 3489 896 ﬁctili-

1954 935 2056 989 bus
2096 934 2141 965 "’
2176 949 2191 986 :
2238 951 2257 985 ι
2299 940 2352 985 ct
2376 934 2476 987 hoc
2522 937 2680 986 etiam
2715 934 2877 988 eCol.
2904 949 2965 998 tt,
2998 932 3082 997 16,
3116 933 3180 987 17
3209 948 3223 984 :
3265 950 3285 983 ι
3322 929 3489 986 Nemo

1956 1039 2082 1093 ergo
2124 1037 2219 1077 vos
2246 1022 2454 1092 judicet
2487 1023 2538 1075 in
2567 1022 2686 1076 cibo
2722 1032 2811 1076 aut
2846 1024 2897 1076 in
2928 1028 3077 1092 potu,
3123 1026 3214 1077 aut
3245 1023 3297 1076 in’
3340 1022 3490 1091 parte

1956 1113 2097 1178 diei,
2143 1121 2234 1167 aut
2264 1113 2587 1177 neomeuiae,
2624 1122 2716 1165 aut
2766 1112 3114 1167 Sabbat'orum
3154 1130 3168 1166 :
3203 1119 3323 1182 qua?
3368 1122 3491 1166 sunt

1956 1203 2143 1257 umbra
2169 1201 2490 1267 futurorum,
2516 1216 2710 1270 corpus
2748 1210 2924 1256 autem
2962 1198 3181 1266 Christi,
3211 1220 3229 1253 ι
3266 1192 3490 1271 aliisque

1956 1292 2153 1358 multis,
2180 1306 2297 1360 quae
2334 1291 2424 1346 lib.
2459 1306 2511 1345 iV
2564 1291 2638 1345 De
2688 1292 2888 1359 princip
2918 1331 2933 1355 ,
2972 1306 3084 1357 cap.
3119 1291 3173 1357 2,
3212 1292 3374 1345 etlib.
3435 1304 3490 1343 tv

1955 1389 2122 1434 contr.
2154 1379 2311 1445 Cels.,
2339 1397 2485 1435 num.
2515 1381 2607 1447 M,
2652 1381 2962 1435 recitantur.
2992 1379 3253 1434 Nonnulla
3277 1393 3489 1449 quoque

1955 1470 2210 1539 Joannes,
2243 1472 2497 1527 nonnulla
2525 1473 2684 1527 etiam
2708 1472 2952 1527 Christus
2979 1473 3227 1527 Dominus
3247 1474 3309 1527 ad
3355 1472 3490 1527 alle-

1956 1576 2155 1630 gortam
2207 1562 2462 1615 trahenda
2515 1563 2735 1617 docuit:
2774 1561 2966 1631 quibus
3018 1561 3272 1629 exemplis
3317 1561 3484 1616 fretus

1955 1650 2208 1720 Origenes
2236 1650 2288 1708 in
2317 1650 2601 1723 allegorias
2622 1653 2827 1724 poterat
2858 1666 3171 1715 excurrere.-
3198 1652 3240 1709 si
3267 1651 3483 1709 modum

1960 1741 2235 1799 tenuisset.
2281 1738 2350 1799 At
2390 1740 2578 1800 Celsus
2616 1745 2875 1813 ejusmodi
2922 1738 3383 1814 interpretationes
3434 1743 3487 1798 in

1956 1830 2274 1890 calumniam
2312 1831 2580 1903 trahebat,
2601 1851 2721 1890 cum
2751 1835 2952 1890 diceret
2975 1825 3134 1889 multa
3162 1835 3212 1888 in“
3242 1834 3483 1903 Scriptu-

1958 1918 2032 1979 ris
2078 1917 2262 1979 haberi
2290 1920 2558 1980 honestati
2601 1941 2805 1981 morum
2852 1940 3037 1995 parum
3085 1934 3487 1988 consentanea,

1955 2014 2130 2082 iisque
2172 2013 2539 2083 allegoriarum
2587 2024 2897 2085 praatextum
2933 2029 2963 2068 a
3011 2000 3209 2070 ludatis
3249 2024 3305 2069 et
3332 2006 3491 2070 ειη-ί.

1956 2101 2147 2157 stianis
2194 2101 2438 2156 consulto
2472 2104 2710 2171 obtendi,
2738 2119 2858 2159 cum
2905 2118 3114 2159 omnem
3169 2114 3344 2159 tamen
3372 2104 3494 2163 alle-

1958 2192 2158 2261 goriam
2188 2204 2518 2262 respuerent,
2544 2209 2607 2250 ac
2629 2209 2786 2248 merae
2811 2202 2990 2249 eSSent
3009 2185 3221 2249 fabulae.
3252 2193 3495 2264 Respuit-

1960 2282 2048 2335 det
2080 2278 2335 2352 Origenes
2363 2283 2415 2337 in
2447 2299 2563 2339 eam
2593 2285 2935 2349 sententiam,
2954 2286 3207 2353 quasdam
3240 2285 3493 2343 historias

1959 2369 2268 2425 historicum
2294 2371 2574 2442 complecti
2605 2387 2843 2437 sensum,
2877 2374 3133 2441 quasdam
3168 2373 3343 2428 dedita
3363 2387 3495 2440 opes

1960 2473 2019 2513 ra
2052 2460 2118 2513 ad
2147 2459 2197 2514 id
2221 2473 2340 2516 esse
2370 2461 2615 2529 scriptas,
2653 2471 2709 2515 ut
2735 2460 3013 2533 allegorice
3043 2463 3489 2532 interpretentur:

1960 2548 2044 2602 cui
2088 2547 2268 2603 multis
2314 2547 2601 2617 Scriptura:
2640 2548 2770 2604 locis
2816 2551 2971 2606 ﬁdem
3004 2550 3155 2607 facit.
3190 2551 3323 2607 Tum
3365 2552 3492 2623 quia

1961 2636 2234 2705 adiecerat
2262 2635 2456 2694 Celsus
2481 2639 2815 2707 conscriptas
2856 2639 2911 2693 in
2934 2640 3103 2696 libros
3148 2656 3330 2703 sacros
3357 2642 3490 2698 alle-

1960 2727 2138 2798 gorias
2162 2735 2344 2797 turpes
2387 2742 2505 2783 esse
2528 2736 2581 2783 et
2616 2728 2892 2792 absurdus,
2924 2730 3101 2784 hocin
3129 2729 3372 2787 Philonis
3409 2731 3493 2786 vei

1959 2815 2244 2894 Aristobuli
2270 2820 2681 2872 commentarios
2705 2816 2908 2886 iactum
2951 2820 3255 2887 suspicatur
3296 2819 3488 2889 Orige-

1961 2921 2054 2961 nes
2071 2907 2139 2961 ab
2167 2907 2372 2976 impuro
2394 2906 2633 2976 scpbista
2657 2946 2674 2973 ,
2703 2908 2949 2977 quamvis
2980 2915 3142 2962 multa
3171 2909 3292 2964 inde
3318 2908 3491 2966 Graeci

1958 2995 2254 3064 philosOpbi
2296 3010 2421 3052 suos
2464 2995 2516 3050 in
2562 3010 2690 3052 usus
2733 2998 3096 3067 excerpserint
3129 3016 3143 3055 :
3176 2996 3491 3057 Numenium

285 3097 344 3147 in
372 3091 730 3158 Scripturam
755 3088 1014 3157 allegoria:
1041 3097 1342 3156 supersunt.
1362 3080 1697 3143 Aristobulus
1722 3103 1858 3158 quo-

1960 3098 2171 3151 quoque
2193 3083 2604 3154 Pythagoreum,
2625 3085 2886 3156 πολλαχοῦ
2915 3084 3020 3139 τῶν
3054 3089 3493 3159 συγγραμμάτων

283 3196 402 3248 que
434 3178 667 3233 Judazus
700 3174 918 3231 Philone
944 3177 1198 3230 vetustior
1227 3178 1628 3233 commentariis
1666 3179 1778 3233 suis
1804 3178 1857 3233 in

285 3263 739 3321 Pentateuclmm
766 3260 979 3337 Moysis,
1007 3258 1612 3331 allegoriasinseruerat.
1636 3269 1703 3319 At
1731 3265 1860 3321 Por-

283 3356 546 3427 phyrius
591 3355 728 3421 apud
756 3356 997 3407 eumdem
1065 3353 1346 3408 Eusebium
1396 3355 1487 3408 lib.
1533 3370 1580 3409 vr
1633 3346 1855 3421 Histor.,

281 3464 417 3516 cap.
464 3443 563 3510 19,
589 3440 753 3497 refert
775 3438 1055 3512 Origenem
1085 3460 1148 3497 ex
1176 3443 1384 3498 assidua
1414 3440 1667 3499 librorum
1701 3434 1856 3499 Clue-

283 3533 559 3593 remonis
593 3532 802 3596 Stoici,
849 3542 903 3585 et
946 3531 1163 3587 Cornuti
1207 3534 1558 3600 tractatione,
1609 3536 1857 3589 haustum

282 3629 449 3682 hunc
514 3617 892 3691 allegoriarum
950 3622 1158 3674 modum
1192 3624 1256 3676 ad
1310 3621 1617 3691 Scripturas
1671 3634 1855 3679 sacras

285 3714 682 3772 transtulisse.
716 3706 823 3764 Cur
850 3725 950 3764 non
976 3721 1029 3762 et
1061 3724 1125 3764 eo
1156 3711 1435 3779 illipttlattm
1463 3704 1632 3767 dicam
1662 3712 1857 3767 Metro-

281 3808 415 3862 dori
483 3798 833 3872 Lampsaceni
870 3800 1145 3867 exemplo,
1174 3808 1328 3867 quem
1375 3811 1556 3855 narrat
1602 3801 1856 3858 Tatianus

283 3909 484 3952 totum
523 3888 808 3946 llomerum
833 3889 884 3942 in
913 3886 1187 3954 allegorias
1215 3893 1455 3955 traxisse,
1484 3901 1538 3944 et
1563 3890 1857 3946 Heraclidis

278 3986 523 4042 Pontici
553 3980 954 4036 llomericarum
972 3979 1343 4048 allegoriaruin
1362 3981 1674 4059 scriptoris?
1699 3980 1861 4048 Equi-

278 4083 423 4134 dem
487 4082 690 4143 prueter
740 4072 1011 4139 superiora
1057 4073 1276 4127 Paulum
1329 4072 1594 4140 praecipue
1643 4070 1855 4139 Origeni

279 4179 595 4224 auctorem
625 4161 786 4215 fuisse
808 4176 1019 4223 censeo,
1049 4176 1143 4216 cur
1167 4161 1479 4230 allegoricas
1502 4160 1859 4229 expositiones

279 4265 671 4317 sectaretur:
711 4252 756 4306 is
800 4267 1027 4319 namque
1065 4252 1116 4304 in
1155 4251 1386 4320 Epistola
1427 4250 1490 4303 ad
1523 4249 1739 4305 Galatas
1766 4264 1861 4319 per

280 4344 641 4417 allegoriam
676 4338 814 4394 dicta
832 4340 1032 4404 sciscit,
1061 4355 1178 4409 qua:
1208 4342 1259 4395 in
1290 4338 1564 4410 Scriptura
1592 4341 1657 4394 de
1679 4338 1859 4394 lsaaco

1956 3174 2113 3227 αὐτοῦ
2149 3173 2482 3244 ὲκτιθέμενον
2534 3176 2602 3229 τὰ
2627 3177 2896 3240 Μωῦσέως
2923 3177 3016 3230 καὶ
3034 3178 3142 3231 τῶν
3186 3179 3492 3250 προφητῶν,

1958 3265 2049 3317 καὶ
2072 3264 2169 3317 οὐκ
2198 3263 2469 3327 ἀπιθάνως
2489 3264 2627 3318 αὐτὰ
2669 3265 3119 3335 τροπολογοῦντα.
3165 3267 3339 3335 Atque
3382 3270 3496 3324 haec

1955 3354 2274 3407 Adamantio
2317 3354 2384 3408 ad
2440 3355 2892 3423 interpretandam
2935 3355 3220 3426 allegorice
3248 3356 3494 3428 Scriptus

1956 3458 2068 3495 ram
2101 3443 2351 3497 alluxisse
2380 3442 2548 3497 facem
2582 3445 2806 3513 reperio.
2840 3443 2955 3511 Quo
3001 3461 3121 3501 eum
3158 3447 3321 3503 etiam
3346 3462 3487 3517 .per—

1956 3533 2089 3599 pulit
2117 3533 2338 3601 praebita
2368 3547 2397 3585 a
2430 3532 2699 3589 Marcione
2730 3537 2940 3590 occasio
2965 3574 2981 3600 ,
3025 3536 3280 3606 pestifero
3327 3538 3496 3595 bmree

1958 3622 2084 3686 tico,
2105 3622 2318 3691 quicum
2334 3625 2604 3692 perpetuis
2635 3624 3028 3681 velitationibus
3054 3626 3495 3685 conﬂictabatur:

1960 3712 2004 3764 is
2034 3712 2175 3764 enim
2199 3726 2323 3766 cum
2361 3712 2642 3781 allegorias
2668 3729 2697 3768 a
2743 3712 3038 3783 Scripturae
3070 3716 3499 3784 expositionibus

1957 3802 2170 3868 penitus
2198 3801 2527 3866 excluderet,
2563 3803 2676 3870 ejus
2699 3804 3037 3873 oppugnandi
3071 3805 3249 3858 studio
3276 3814 3497 3861 contraa

1960 3890 2035 3942 ria
2065 3889 2241 3944 omnia
2270 3899 2488 3945 secutus
2519 3902 2623 3953 est,
2652 3892 3024 3961 allegoriisque
3052 3895 3296 3947 consulto
3318 3894 3498 3950 induta

1957 3978 2044 4031 sit.
2069 3979 2219 4043 Quod
2249 3986 2302 4032 et
2329 3980 2586 4035 adversus
2620 3980 2813 4035 litterte
2856 3990 3148 4036 sectatores
3170 3980 3377 4037 tactum
3417 3984 3493 4037 alr

1957 4080 2023 4119 eo
2050 4067 2317 4134 conjicere
2343 4068 2467 4121 licet
2489 4084 2557 4122 ex
2587 4068 2651 4123 iis
2674 4083 2793 4137 qua:
2830 4070 3048 4125 bomilia
3084 4071 3173 4134 M,
3199 4072 3255 4125 in
3277 4070 3499 4130 Levitis;

1959 4156 2069 4223 ipse
2093 4156 2433 4224 conscripsit.
2468 4189 2473 4196 -
3080 4204 3081 4207 η

2026 4243 2113 4297 ιν.
2140 4245 2251 4315 (58)
2268 4244 2514 4299 Attamen
2537 4247 2841 4302 accuratius
2866 4247 3065 4318 scripta
3087 4249 3206 4318 ejus
3228 4250 3496 4307 evolventi

1958 4334 2122 4389 multa
2151 4345 2463 4397 occurrent,
2487 4336 2537 4389 in
2576 4336 2767 4403 quibus
2787 4351 2937 4391 suam
2962 4338 3153 4394 litterae
3179 4340 3493 4410 dignitatem

276 4452 341 4494 et
373 4431 644 4492 lsmaele,
686 4429 786 4481 hoc
814 4443 880 4481 cx
903 4428 1091 4482 ancilla
1124 4442 1275 4495 nato,
1305 4428 1393 4482 illo
1429 4443 1459 4483 c
1488 4428 1676 4492 libera,
1706 4441 1853 4481 cont-
1886 4429 1930 4482 D
1959 4431 2154 4486 servat,
2187 4432 2242 4477 et
2280 4424 2344 4478 de
2386 4441 2446 4477 ea
2471 4440 2622 4492 aequa
2652 4441 2712 4480 ac
2746 4436 2891 4481 recta
2923 4428 3143 4492 scribit;
3177 4430 3492 4487 historicum

280 4533 709 4584 memorantur.
730 4518 853 4574 inde
868 4519 1120 4588 Origenes
1148 4519 1240 4573 lib.
1268 4534 1320 4573 tv
1336 4530 1502 4573 contr.
1527 4517 1685 4582 Cels"
1709 4532 1855 4571 num.

273 4620 355 4674 4οὲ
419 4634 435 4668 :
483 4611 724 4680 Νύμφας
776 4625 831 4661 τε
872 4608 965 4660 καὶ
1004 4606 1378 4677 Θεραπαινίδας
1438 4606 1728 4674 ἀνάγεσθαι
1760 4608 1856 4660 ἐπὶ

276 4694 671 4779 τροπολογίοιν
704 4699 800 4768 οὐχ
824 4700 979 4767 ἡμεῖς
1003 4693 1336 4779 διδάσκομεν,
1383 4696 1492 4748 ἀλλ’
1521 4695 1722 4779 (ἔχωθεν
1750 4697 1857 4748 ἀπὸ

279 4752 975 4864 ἓξξθξδνςέαρειλήξαῇενῖ
1006 4778 1078 4837 ὧν
1110 4779 1186 4846 εἷς
1218 4752 1300 4847 ⁸εις
1342 4752 1575 4852 ἔφασκέ
1586 4784 1858 4855 διεγείρων

274 4889 387 4940 τὸν
414 4880 701 4950 ἀκροάτην
716 4877 805 4932 ἐπὶ
827 4872 1169 4944 τροπολογίας
1186 4890 1200 4903 ⁸
1228 4872 1422 4941 Λέγετέ
1459 4889 1567 4942 μοι,
1594 4873 1642 4924 οἱ
1660 4871 1749 4924 τὸν
1777 4872 1860 4923 νό⁹

279 4992 403 5050 μον
441 4964 925 5037 ἀναγινώσκοντες,
975 4964 1065 5016 τὸν
1095 4963 1252 5033 νόμον
1289 4962 1391 5015 οὐκ
1429 4960 1687 5025 exausta;
1739 4976 1856 5028 quae

277 5065 477 5121 verba
518 5060 778 5113 habentur
795 5056 911 5109 Gal.
946 5068 1018 5118 tv,
1045 5052 1135 5106 2|.
1167 5052 1347 5120 Itaque
1373 5050 1647 5104 arcessitis
1668 5065 1699 5104 e
1721 5050 1856 5103 Pau-

283 5160 347 5213 lo
384 5149 724 5210 testimoniis
745 5144 1024 5214 allegorias
1054 5157 1177 5197 suas
1205 5142 1340 5196 tueri
1361 5149 1710 5194 consueverat
1735 5138 1856 5194 Ori-
1889 5207 1897 5212 _

274 5259 516 5322 genas;
567 5239 708 5292 velut
758 5236 846 5291 illo
897 5228 1046 5288 Pauli
1080 5246 1109 5286 e
1153 5229 1173 5283 l
1214 5231 1337 5285 Cor.
1365 5245 1421 5292 x,
1447 5229 1521 5297 κιρ
1550 5245 1567 5278 ι
1597 5227 1858 5282 Bibebant

275 5347 499 5395 autem
551 5331 616 5383 tle
663 5325 881 5395 spiritali
916 5329 1275 5388 consequente
1327 5331 1419 5373 eos
1466 5329 1647 5385 petra;
1705 5326 1853 5384 perm

279 5436 498 5483 autem
531 5426 648 5472 erat
690 5416 971 5470 Christus:
1013 5430 1032 5463 ι
1086 5420 1141 5466 et
1186 5410 1289 5464 isto
1333 5423 1390 5474 c_
1417 5407 1459 5460 ll
1497 5406 1624 5461 Cor.
1668 5422 1749 5472 tu,
1781 5408 1852 5461 ti:

371 5537 431 5567 "
459 5533 509 5585 ll
538 5529 660 5583 Cor.
682 5542 753 5590 Iv,
779 5526 862 5579 7.‘
1756 5512 1784 5531 ⁸

377 5643 503 5716 (7.8)
567 5644 802 5691 Attamen
836 5636 1144 5716 accuratius
1191 5634 1399 5716 scriptu.
1432 5632 1561 5716 ejus.
1595 5629 1850 5716 evolventi

281 5702 800 5775 nrtiltu'occurrent,
824 5706 884 5777 {in
910 5705 1086 5778 atticus
1116 5717 1271 5775 suam
1308 5702 1503 5754 .liuera’
1531 5702 1841 5769 dignitatem

1961 4513 2013 4565 in
2042 4512 2302 4581 aliquibus
2330 4515 2608 4569 admittens
2631 4528 2847 4569 sensum
2869 4555 2884 4576 ,
2908 4516 3244 4586 allegoricum
3269 4519 3320 4573 in
3359 4521 3487 4589 plu-ﬁ

1962 4603 2128 4668 ribus,
2162 4603 2214 4656 in
2247 4602 2425 4657 multis
2447 4612 2744 4672 utrumque.
2770 4605 2905 4671 Quid
2928 4607 3171 4661 usitatius
3193 4608 3269 4662 illi
3294 4610 3365 4662 ad.
3386 4623 3492 4677 po-'

1960 4691 2139 4759 pulum
2172 4693 2464 4760 peroranti,
2501 4708 2658 4762 quam
2701 4695 2937 4764 mysticae
2958 4697 3281 4764 expositioni
3329 4699 3499 4751 inter-

1962 4781 2307 4848 pretationem
2326 4782 2513 4836 littera:
2525 4784 2686 4836 veluti
2703 4783 2861 4837 funda
2870 4795 3104 4841 mentum
3117 4786 3457 4840 substernere
3469 4789 3496 4839 τ

1967 4867 2189 4922 llomilia
2224 4871 2432 4936 quidem
2468 4872 2644 4940 priore
2670 4872 2725 4925 in
2751 4870 3005 4938 Generim,
3032 4889 3183 4928 num.
3215 4875 3280 4928 ιι
3322 4884 3374 4928 et
3407 4875 3489 4938 ιδ,

1963 4973 2175 5025 versum
2204 4959 2274 5013 27
2325 4969 2380 5014 et
2418 4959 2509 5023 28.
2537 4962 2693 5029 primi
2722 4964 2913 5033 capitis
2946 4965 3268 5025 odissereus,
3300 4965 3368 5016 ab
3396 4976 3497 5017 exm-

1961 5049 2267 5117 pl-anatione
2295 5051 2480 5107 litterae
2510 5053 2814 5119 auspicatus
2836 5055 2906 5108 ad
2934 5054 3245 5123 allegoriam-
3275 5051 3489 5103 transit.

1960 5137 2186 5193 liomilia
2212 5143 2453 5209 sequenti
2488 5158 2635 5195 nutu.
2670 5144 2724 5207 1,
2751 5145 2909 5198 verba
2938 5142 3171 5195 facturus
3194 5138 3260 5190 de
3288 5138 3498 5191 fabrica

1959 5219 2096 5284 arca:
2124 5227 2353 5285 Noeticae
2377 5268 2398 5295 ,ο
2437 5249 2457 5283 ι
2492 5231 2666 5287 Primo
2693 5235 2929 5288 omnium
2950 5269 2965 5294 ,
3001 5226 3193 5293 iuqnib'
3214 5224 3500 5278 Videam”

1960 5332 2077 5385 quae
2117 5321 2183 5374 de
2223 5333 2284 5374 ea
2313 5321 2602 5376 secundum
2649 5321 2880 5376 litteram
2907 5316 3225 5372 referuntur,
3250 5318 3309 5361 et
3342 5325 3493 5379 quat-

1962 5408 2159 5464 stiones
2199 5420 2554 5479 proponeutcs
2590 5424 2709 5479 qua:
2747 5405 2906 5475 obiici
2951 5416 2980 5453 a
3028 5396 3268 5467 pluribus
3295 5395 3505 5461 solent,-

1958 5641 2145 5754 servati
2176 5639 2280 5756 ego.
2314 5631 2465 5705 νίαε,
2488 5630 2852 5687 Praefationem
2884 5612 3026 5674 tomi
3055 5614 3221 5670 nostri
3245 5614 3510 5691 secundi,

1958 5702 2116 5755 articu
2141 5718 2171 5755 ο
2244 5737 2259 5754 .
2774 5710 2777 5713 ’

1950 5702 2171 5755 articulo
2207 5703 2259 5755 8.
2446 5702 2462 5705 “
2774 5710 2777 5713 ’
