3920 6470
414 437 541 493 1071

1640 436 1698 489 P.
1740 436 2043 494 DAMlilJS
2082 442 2308 495 llUETll

3569 409 3703 494 107.2

406 556 564 609 etiam
591 551 944 607 absolutiones
966 566 1149 607 earum
1184 568 1249 608 ex
1277 553 1358 608 his
1385 569 1502 623 quae
1543 556 1693 611 ttobis
1740 567 1862 611 sunt
1893 576 1919 611 a
1951 569 1997 620 Α
2026 570 2079 611 ιιι
2114 562 2406 628 Scriptura:
2436 559 2508 614 de
2549 561 2625 615 iis
2658 558 2987 614 continent
3010 595 3028 621 ,
3064 554 3443 611 observanda
3489 566 3638 612 sunt.
3677 578 3696 611 ι

406 640 690 707 majoribus
708 640 916 702 tradita,
939 640 1306 708 requiramus;
1341 653 1396 696 ut
1421 659 1540 698 cum
1566 646 1923 715 hujuscemodi

405 727 740 781 fundamenta
761 728 1047 796 jecerimus
1070 767 1087 795 ,
1119 733 1185 784 ab
1220 733 1456 787 historiae
1486 744 1632 789 textu
1659 738 1925 804 possimus

403 815 685 868 ascendere
706 816 770 869 ad
792 818 1045 884 spiritalis
1072 819 1429 889 intelligentiae
1470 824 1750 892 mysticum
1774 836 1827 880 et
1850 827 1925 878 ai-

402 901 685 971 legoricum
716 919 928 961 sensum
948 946 963 971 ,
990 916 1045 962 et
1069 908 1112 962 si
1137 911 1261 977 quid
1289 910 1340 964 in
1378 913 1455 966 eis
1477 928 1731 969 arcanum
1761 917 1925 969 conti-

400 1002 573 1055 netur,
601 995 832 1061 aperire.
869 1013 886 1047 ι
918 992 1144 1050 Homilia
1181 996 1211 1048 7
1251 998 1305 1051 in
1354 998 1535 1054 Cenes.
1568 1001 1633 1055 de
1664 1002 1846 1058 lsaaco
1871 1013 1923 1059 et

399 1079 617 1134 lsmaele
648 1097 829 1151 agens.
880 1084 1184 1152 Apostolum
1232 1097 1418 1141 narrat
1457 1089 1738 1158 allegorice
1766 1092 1922 1146 inter-

397 1169 700 1236 pretandam
728 1185 908 1223 eorum
931 1173 1195 1226 historiam
1217 1176 1519 1241 censuisse;
1550 1188 1657 1231 tttm
1676 1180 1751 1233 ait
1772 1197 1917 1235 num.

394 1255 428 1308 2
459 1274 472 1309 :
509 1275 527 1307 ι
556 1258 689 1322 Quid
716 1274 840 1325 ergo
867 1260 893 1312 ?
930 1258 1075 1315 lsaac
1111 1277 1213 1315 non
1241 1272 1321 1317 est
1365 1267 1651 1320 secundum
1704 1283 1917 1324 carnem

395 1348 596 1400 natus?
634 1346 742 1401 Non
777 1363 894 1402 eum
934 1351 1136 1418 peperit
1168 1352 1299 1406 Sara
1322 1354 1349 1407 ἱ)
1379 1354 1492 1408 Non
1526 1366 1606 1410 est
1639 1358 1919 1413 circumci-

394 1451 482 1490 sus
511 1436 535 1488 ‘l
573 1436 682 1491 Hoc
721 1438 887 1505 ipsum
913 1440 1049 1507 quod
1078 1440 1287 1496 ludebat
1314 1457 1432 1496 cum
1462 1442 1704 1510 l-smacle,
1731 1462 1834 1500 non
1866 1448 1917 1501 in

393 1538 552 1578 carne
600 1525 858 1579 ludebat?
892 1527 1000 1582 Hoc
1025 1536 1105 1582 est
1131 1530 1271 1582 enim
1316 1532 1454 1599 quod
1484 1533 1723 1587 mirabile
1757 1544 1837 1588 est
1864 1535 1917 1587 in

390 1612 623 1680 Apostoli
653 1629 833 1680 sensu,
863 1608 1001 1685 Quod
1029 1618 1093 1672 de
1125 1618 1321 1686 quibus
1355 1634 1459 1673 non
1488 1631 1661 1689 potest
1689 1623 1916 1677 dubitari

389 1701 512 1769 quin
546 1703 828 1757 secundum
858 1720 1070 1759 carnem
1100 1716 1243 1771 gesta
1289 1709 1438 1773 sint,
1488 1711 1601 1764 hmc
1643 1712 1729 1765 ille
1788 1712 1920 1768 dicit

387 1805 506 1844 esse
528 1790 806 1861 allegorica
839 1811 853 1848 :
881 1803 935 1847 ut
975 1810 1068 1848 nos
1097 1796 1220 1863 quid
1265 1795 1560 1852 faciendum
1596 1801 1665 1853 sit
1713 1801 1763 1853 in
1811 1817 1913 1854 cae-

388 1880 517 1933 teris
546 1881 865 1945 noverimus,
889 1890 941 1934 et
966 1881 1017 1933 in
1054 1882 1136 1935 his
1176 1885 1431 1948 maxime,
1469 1884 1517 1936 in
1554 1884 1746 1952 quibus
1779 1886 1911 1940 nihil
1943 1867 1984 1922 Β

385 1968 561 2022 divina
590 1968 701 2037 lege
727 1970 939 2038 dignum
970 1970 1220 2024 historica
1247 1973 1455 2025 videtur
1502 1973 1743 2028 indicare
1790 1990 1913 2027 nar-

385 2059 540 2112 ratio.
576 2076 596 2110 ι
628 2048 859 2113 Ηυιηίιίεί
889 2060 955 2112 14
982 2059 1036 2113 in
1080 2059 1241 2113 Leuit.
1267 2076 1412 2115 num.
1445 2061 1478 2114 2
1507 2078 1520 2114 :
1546 2080 1565 2113 ι
1603 2062 1732 2116 Cutn
1768 2061 1913 2116 Scri-

384 2155 570 2214 pturas
610 2147 728 2215 quis
763 2147 911 2217 legit,
944 2158 998 2200 et
1025 2146 1248 2200 litteram
1283 2148 1493 2215 quidem
1534 2149 1794 2215 sequitur,
1830 2149 1913 2202 in-

383 2233 648 2288 tellectum
695 2243 868 2289 autem
904 2238 1143 2305 repudiat
1172 2235 1506 2304 spiritalem,
1549 2237 1636 2291 hic
1686 2248 1909 2292 matrem

381 2322 591 2387 quidem
622 2320 909 2375 leraelitam
946 2322 1132 2385 habet,
1176 2324 1226 2375 id
1264 2332 1346 2376 est
1388 2322 1655 2387 litteram;
1695 2337 1908 2377 sensum

380 2423 525 2475 vero,
556 2410 675 2476 quia
709 2410 997 2477 spiritalem
1028 2426 1130 2465 non
1173 2413 1412 2481 sequitur
1435 2449 1452 2477 ,
1482 2414 1573 2466 sed
1599 2413 1862 2467 carnalem
1891 2453 1907 2478 ,

381 2497 466 2551 isti
495 2510 576 2553 est
604 2499 882 2569 IEgyptius
906 2511 1093 2568 pater:
1138 2520 1161 2553 ι
1196 2512 1247 2555 et
1278 2517 1397 2554 mox
1432 2522 1444 2556 :
1481 2519 1503 2552 ι
1534 2501 1640 2556 Nos
1677 2518 1801 2557 vero
1818 2503 1908 2572 qui

380 2601 444 2640 ex
481 2596 702 2656 utroque
745 2604 939 2658 genere
972 2591 1226 2644 lsraelitze
1252 2606 1456 2655 sumus,
1490 2600 1545 2645 et
1570 2592 1823 2657 litteram,
1856 2603 1908 2648 et

379 2676 621 2743 spiritum
648 2678 699 2731 in
729 2678 1021 2746 Scripturis
1052 2681 1247 2735 sanctis
1279 2681 1631 2736 defendimus.
1670 2700 1694 2733 ι
1722 2683 1907 2737 Totam

378 2780 509 2821 vero
542 2766 594 2820 in
628 2767 744 2833 ejus
794 2770 869 2822 rei
926 2770 1242 2824 tractatione
1292 2770 1561 2823 homiliam
1616 2773 1904 2835 contrivit,

377 2870 494 2924 qua}
524 2859 801 2911 undecima
821 2868 900 2911 est
926 2859 978 2911 in
1006 2858 1160 2913 Num.
1191 2860 1279 2912 ubi
1311 2860 1374 2913 de
1396 2859 1749 2927 primitiarum
1770 2863 1907 2915 obia-

377 2946 521 2999 tione
551 2946 824 3013 disputans
856 2965 870 3001 :
904 2964 929 2997 ιη
966 2947 1110 3002 lianc
1130 2964 1255 3016 ergo
1280 2949 1470 3018 legem,
1504 2967 1523 3001 ι
1552 2951 1719 3019 inquit
1755 2967 1902 3006 num.

377 3034 431 3094 1.
471 3052 490 3084 ι
533 3034 802 3089 observari
839 3038 997 3089 etiam
1046 3039 1334 3091 secundum
1366 3039 1633 3105 litteram,
1685 3042 1825 3095 sicut
1852 3052 1905 3095 et

375 3122 476 3174 alia
505 3124 751 3178 nonnulla
783 3163 796 3187 ,
830 3126 1181 3178 necessarium
1208 3135 1353 3192 puto.
1394 3145 1415 3178 ι
1448 3125 1636 3181 Postea
1677 3130 1754 3182 sic
1788 3130 1901 3183 ait:

379 3227 399 3259 ι
433 3210 565 3267 Sunt
591 3211 681 3279 qui
720 3212 792 3265 ita
820 3212 1028 3275 dicant,
1061 3213 1191 3281 quia-
1237 3214 1280 3265 si
1332 3213 1529 3283 aiiquid
1563 3215 1779 3270 omnino
1807 3218 1902 3271 ob.
1927 3192 1969 3250 ο

374 3301 688 3351 servandum
718 3309 797 3353 est
830 3301 1118 3354 secundum
1154 3301 1401 3367 litteram,
1436 3317 1531 3356 cur
1557 3318 1658 3357 non
1687 3313 1742 3358 et
1769 3321 1901 3359 cun-

372 3399 454 3442 cta
485 3391 807 3443 serventur?
838 3390 892 3444 Si
920 3407 1043 3445 vero
1068 3392 1132 3444 ad
1163 3391 1450 3459 spiritalem
1476 3394 1896 3462 intelligentiam,

370 3493 486 3544 qua:
512 3479 595 3532 lex
624 3480 895 3543 continet,
927 3481 1200 3535 referenda
1236 3492 1380 3545 sunt,
1409 3483 1538 3534 nihil
1573 3486 1785 3537 omnino
1813 3500 1898 3538 se-

370 3569 597 3620 cundum
627 3568 855 3620 litteram
884 3605 900 3632 ,
947 3570 1041 3622 sed
1076 3570 1387 3637 spiritaliter
1412 3571 1603 3624 debent
1646 3574 1900 3628 universa

369 3657 615 3710 discerni.
648 3656 754 3710 Nos
785 3669 959 3711 autem
999 3661 1273 3727 utriusque
1318 3661 1629 3715 assertionis
1662 3662 1892 3716 insolen-

369 3745 495 3797 tiam
548 3753 897 3813 temperantes
926 3785 942 3810 ,
989 3747 1159 3816 qualis
1202 3747 1379 3815 regula
1422 3748 1473 3801 itt
1526 3750 1890 3817 hujuscemodi

366 3833 494 3902 ivgis
522 3835 857 3888 sermonibus
885 3838 1214 3890 observanda
1256 3839 1344 3902 sit,
1382 3852 1445 3892 ex
1474 3842 1788 3895 auctoritate
1812 3844 1892 3897 di-

366 3922 603 3974 vinarum
628 3921 1023 3991 Scripturarum
1055 3924 1292 3994 proferre
1327 3929 1663 3983 tentabimus.
1698 3947 1717 3980 ι
1755 3931 1888 3986 Τιιιιι

364 4006 547 4058 haberi
580 4007 709 4060 dicit
743 4008 794 4060 in
823 4008 1092 4078 Scriptura
1125 4010 1301 4080 leges,
1334 4015 1603 4079 mandata,
1630 4015 1889 4083 iustiﬁca-

361 4096 555 4159 tiones,
579 4107 862 4166 praecepta,
892 4099 1193 4153 testimonia
1228 4112 1281 4154 et
1305 4100 1524 4169 judicia,
1563 4119 1593 4157 a
1640 4121 1696 4160 se
1748 4110 1888 4161 invi-

363 4199 475 4238 cem
498 4187 718 4239 discrets
744 4200 797 4241 et
820 4189 1046 4251 diversa,
1079 4205 1195 4257 quae
1226 4192 1529 4261 neutiquam
1557 4197 1886 4264 permiscen-

362 4273 423 4325 da
452 4282 503 4324 et
530 4275 891 4329 confundenda
927 4277 1032 4328 sint
1056 4316 1072 4342 ,
1103 4278 1226 4331 licet
1269 4280 1380 4332 haec
1425 4283 1601 4335 omnia
1638 4300 1881 4338 nonnun-

362 4375 514 4429 quam
548 4367 702 4419 unico
736 4367 865 4437 legis
892 4370 1103 4421 nomine
1143 4367 1511 4437 'signiilcentur
1546 4392 1561 4427 :
1595 4374 1762 4442 legem
1798 4393 1881 4430 er-

359 4465 461 4517 go,
486 4450 633 4518 juxta
663 4454 964 4520 Apostolum
989 4498 1004 4523 ,
1040 4457 1279 4512 umbraut
1332 4460 1527 4514 habere
1579 4461 1876 4518 futurorum

358 4539 673 4592 bonorum”
721 4544 922 4613 reliqua
946 4562 1046 4600 non
1078 4549 1200 4602 item
1236 4565 1250 4602 :
1284 4567 1301 4600 ι
1337 4548 1457 4604 Haec
1484 4566 1609 4620 ergo
1643 4554 1883 4621 singula,

356 4642 472 4696 quae
500 4643 826 4696 nequaquam
858 4635 1067 4698 penitus
1103 4639 1391 4691 secundum
1432 4639 1664 4692 litteram
1694 4644 1877 4696 obser-

356 4713 522 4767 vanda
546 4712 673 4766 dicit
702 4714 1000 4783 Apostolus,
1027 4722 1201 4775 omnia
1223 4722 1334 4777 fere
1357 4725 1493 4793 apud
1522 4725 1749 4797 Moysem
1775 4734 1872 4787 sub

354 4801 484 4870 legis
511 4800 662 4854 titulo
686 4801 948 4869 designari
978 4824 990 4859 :
1020 4825 1038 4857 ι
1062 4823 1177 4876 qua:
1200 4820 1370 4865 autem
1404 4813 1633 4867 mandati
1662 4820 1873 4873 nomine

353 4899 648 4955 censentur,
677 4904 800 4959 puta
830 4892 1012 4947 istinec
1039 4913 1053 4948 :
1085 4915 1102 4946 ι
1129 4897 1243 4953 Non
1271 4903 1497 4967 occides,
1519 4923 1622 4960 non
1667 4910 1872 4963 adulte-

351 4984 483 5036 rium
500 4982 680 5045 facies,
698 4996 802 5035 non
828 4979 1083 5039 furaberis
1104 4987 1169 5051 “,
1195 5006 1214 5039 ι
1248 5001 1300 5044 et
1328 4994 1524 5064 reliqua
1549 4997 1869 5068 hujusmodi,

349 5072 631 5127 secundum
658 5070 888 5155 litteram
925 5085 1041 5125 esse
1089 5076 1448 5147 observanda;
1502 5100 1621 5140 nam
1678 5107 1698 5139 ι
1736 5091 1869 5155 Quid

348 5175 475 5227 opus
502 5169 585 5217 est
615 5162 667 5216 in
697 5159 1002 5230 allegoriam
1028 5175 1281 5231 quaerere,
1308 5182 1427 5222 cum
1452 5174 1673 5230 azdiilcet
1701 5179 1864 5232 etiam

348 5246 561 5303 littera?
590 5269 610 5303 ι
649 5250 769 5305 inde
807 5249 884 5303 sic
923 5248 1190 5303 concludit
1246 5269 1261 5305 :
1314 5271 1333 5303 ι
1372 5257 1711 5318 Ostendimus
1739 5280 1867 5332 ergo

274 5344 304 5378 ,ο
345 5352 459 5392 esse
478 5342 718 5409 quasdam
745 5356 860 5409 quae
906 5338 1121 5393 omnino
1168 5353 1271 5399 non
1318 5354 1443 5396 sunt
1489 5354 1748 5403 servanda
1776 5368 1866 5407 se-

342 5429 571 5484 cundum
601 5432 833 5485 litteram
878 5431 1024 5499 legis,
1053 5438 1105 5483 et
1130 5442 1248 5481 esse
1273 5433 1644 5503 quaedamqum
1669 5440 1865 5509 allego-

336 5515 435 5593 ‘rim
462 5520 665 5583 penitus
687 5522 968 5576 immutare
991 5534 1092 5574 non
1117 5518 1290 5583 debet,
1324 5521 1417 5573 sed
1443 5526 1765 5594 omnimode,
1790 5533 1858 5586 ita

411 5706 454 5737 ⁸⁸
484 5707 645 5767 Hebr.
680 5733 731 5783 x,
768 5722 816 5774 l.
905 5724 946 5755 ⁸⁸
979 5724 1127 5777 llom.
1156 5738 1272 5787 aut,
1306 5723 1355 5776 9.

1433 5724 1475 5755 ⁸²
1502 5724 1694 5781 Gcncs.
1720 5744 1780 5795 ιι,
1806 5731 1893 5786 24.

2025 648 2263 702 Ostendit
2288 648 2651 717 postmodum
2681 649 2888 716 aliqua
2944 646 3278 701 secundum
3313 645 3571 698 litteram
3596 662 3707 701 ser-

2024 738 2191 790 vanda
2226 752 2371 801 esse,
2421 748 2477 791 et
2523 738 2922 804 allegoricum
2954 744 3158 789 tamen
3196 750 3440 789 sensum
3470 737 3705 806 comple-

2023 826 2280 891 cti,velut
2320 828 2451 881 illud
2484 844 2501 880 :
2550 845 2570 878 ί
2605 826 2870 897 Propter
2910 828 3032 879 hoc
3086 824 3389 892 relinquet
3416 824 3590 879 homo
3621 843 3709 896 pa-

2022 927 2157 970 trem
2185 926 2239 970 et
2261 926 2521 983 matrem,
2562 927 2621 970 et
2666 916 3012 970 adhaerebit
3061 915 3235 968 uxori
3271 931 3437 978 suae,
3470 927 3526 968 et
3556 926 3712 974 erunt

2022 1005 2126 1058 duo
2176 1007 2229 1058 in
2273 1020 2440 1059 carne
2490 1021 2604 1058 una
2630 1006 2704 1069 ⁸³,
2748 1023 2770 1057 ι
2815 1005 2983 1073 quod
3040 1003 3213 1073 juxta
3268 1002 3619 1072 Apostolum
3662 1019 3715 1061 et

2020 1094 2279 1163 mysteria
2318 1094 2595 1159 continet,»
2631 1104 2690 1149 et
2721 1093 3057 1149 secundum
3093 1093 3367 1145 litteram
3408 1093 3712 1146 observan-

2020 1180 2146 1233 dum
2176 1190 2282 1235 est.
2319 1181 2377 1233 in
2427 1182 2534 1235 hoc
2585 1184 2763 1236 etiam
2823 1197 3017 1235 censu
3070 1195 3139 1234 ea
3191 1180 3467 1235 collocat
3502 1198 3627 1250 quae
3653 1186 3714 1238 de

2018 1268 2241 1323 ismaele
2266 1272 2530 1325 etlsaaco
2561 1272 2615 1324 in
2641 1271 2974 1340 Scripturis
3008 1271 3230 1323 tradita
3272 1271 3353 1324 ad
3389 1271 3711 1337 allegorian:

2018 1355 2220 1411 Paulus
2248 1359 2458 1423 retulit,
2508 1368 2567 1413 et
2600 1374 2727 1426 quae
2769 1361 2845 1414 de
2894 1360 3188 1426 primitiis
3214 1359 3557 1414 oil'erendis
3594 1353 3718 1414 s'an-

2016 1449 2256 1504 ciuntur.
2336 1446 2633 1519 Subjungit
2688 1451 2948 1520 denique
3010 1465 3029 1503 :
3103 1468 3126 1501 ι
3204 1449 3605 1506 Ostendimus
3639 1454 3716 1520 (ut

2016 1538 2226 1605 opinor)
2256 1538 2593 1591 auctoritate
2628 1536 2957 1608 Scriptura:
2992 1537 3253 1603 divinat,
3296 1554 3373 1593 ex
3404 1539 3480 1593 iis
3513 1555 3639 1609 quae
3666 1540 3718 1593 in

2016 1623 2132 1694 lege
2156 1626 2357 1694 scripta
2391 1635 2545 1689 sunt,
2576 1626 2766 1696 aliqua
2795 1628 3047 1696 penitus
3083 1627 3457 1696 refugienda
3492 1646 3639 1694 esse,
3662 1641 3714 1686 et

2015 1712 2251 1765 cavenda
2292 1728 2361 1765 ne
2391 1715 2700 1768 secundum
2758 1716 3029 1770 litteram
3078 1718 3158 1773 ab
3204 1718 3532 1788 Evangelii
3565 1722 3719 1778 disci-

2015 1800 2155 1867 pulis
2211 1801 2628 1869 observentur;
2674 1806 2946 1872 quasdam
3017 1821 3163 1860 vero
3228 1809 3584 1864 omnimodo
3611 1853 3628 1877 ,
3662 1824 3717 1865 ut

2013 1890 2210 1958 scripta
2233 1900 2380 1957 sunt,
2403 1892 2749 1957 obtinenda;
2804 1893 2929 1947 alia
2961 1904 3177 1949 autem
3210 1896 3458 1952 habere
3497 1900 3716 1970 quidem

2010 1980 2303 2032 secundum
2335 1979 2585 2034 litteram
2622 1984 2939 2037 veritatem
2976 1985 3072 2037 sui
3108 2024 3126 2050 ,
3193 1986 3485 2056 recipere
3540 2000 3719 2046 tamen

2010 2065 2216 2121 utiliter
2258 2077 2312 2120 et
2344 2071 2677 2124 necessario
2705 2074 2887 2126 etiam
2929 2073 3361 2143 allegoricum
3401 2091 3656 2135 sensum.
3692 2101 3717 2135 τ

2008 2153 2183 2222 Atque
2214 2170 2401 2210 eorum
2457 2159 2871 2214 discretionem
2944 2165 3231 2231 sapienti
3275 2166 3713 2234 Scripturarum

2010 2242 2293 2311 interpreti
2327 2248 2620 2313 permittit.
2660 2249 2908 2304 Constat
2960 2264 3142 2309 certe
3213 2256 3533 2325 plerisque
3586 2260 3711 2316 locis

2008 2344 2228 2383 sensum
2261 2342 2555 2403 utrumque
2595 2337 2913 2393 admittere
2942 2340 3228 2396 Codices
3272 2361 3512 2410 sacros,
3553 2358 3612 2402 ut
3642 2361 3713 2403 te-

2015 2418 2111 2472 stis
2166 2428 2247 2473 est
2304 2420 2419 2489 ipse
2473 2419 2680 2476 Paulus
2730 2421 2754 2475 .l
2809 2424 2952 2480 Cor.
2993 2442 3061 2490 Χ,
3091 2429 3262 2493 1,νοι
3304 2431 3717 2498 GalatJvﬂl,

2008 2518 2216 2560 constat
2242 2518 2297 2562 et
2321 2511 2478 2576 illud,
2511 2511 2687 2566 solum
2718 2515 2775 2565 in
2822 2518 3157 2571 nonnullis
3214 2519 3569 2590 allegoriam
3600 2541 3711 2580 esse

2008 2599 2411 2666 requirendam;
2436 2602 2708 2671 quidquid
2735 2617 2947 2659 contra
2987 2611 3360 2665 obtendant
3392 2615 3711 2671 scholastici

2006 2693 2247 2758 quidam;
2278 2696 2424 2749 velut
2478 2699 2568 2751 ubi
2612 2698 2682 2751 de
2733 2712 3082 2769 spontanea
3128 2710 3239 2762 sui
3284 2711 3477 2778 ipsius
3510 2728 3720 2771 castra:

2007 2782 2149 2834 tione
2186 2782 2435 2838 Christus
2492 2787 2742 2856 loquitur
2783 2809 2797 2843 :
2845 2805 3040 2863 atque
3097 2799 3163 2852 in
3214 2801 3361 2857 istis
3398 2820 3600 2860 verum
3635 2819 3715 2861 est

2004 2872 2144 2937 quod
2176 2874 2250 2924 ait
2285 2873 2653 2945 Hieronymus
2688 2881 2939 2951 Apolog.
2996 2901 3013 2938 ι
3060 2889 3127 2941 in
3178 2890 3372 2961 Ruﬁn
3408 2936 3426 2961 ,
3483 2913 3607 2966 cap.
3658 2900 3707 2954 6.

2008 2976 2029 3010 ι
2063 2960 2282 3026 Quando
2308 2964 2428 3018 dico
2461 2968 2735 3035 tropicam
2792 2960 3299 3045 intelligentiam
3336 3024 3354 3049 ,
3402 2960 3585 3043 doceo
3614 3006 3703 3045 ve-

2002 3065 2117 3103 rum
2150 3067 2252 3105 non
2294 3069 2415 3109 esse
2458 3060 2605 3124 quod
2642 3060 2885 3127 dicitur,
2952 3071 3066 3121 sed
3139 3072 3469 3144 allegoria:
3526 3081 3709 3135 nubilo

2003 3140 2308 3208 ﬁguratum.
2350 3161 2380 3195 »ι
2399 3144 2515 3199 Non
2564 3149 2737 3203 alium
2776 3167 2989 3210 autem
3041 3160 3199 3216 aliis
3237 3140 3451 3222 inesse
3484 3188 3715 3226 sensum-

2004 3244 2158 3298 quam
2188 3234 2501 3289 historicum
2534 3254 2768 3294 censent
2801 3244 3022 3315 aliqui.
3051 3251 3140 3304 At
3182 3254 3493 3327 Origenes
3527 3265 3707 3316 etiam-

2001 3322 2044 3374 si
2080 3322 2217 3375 ltunc
2239 3324 2579 3380 solummodo
2611 3329 2666 3381 itt
2718 3332 3033 3401 aliquibus
3062 3322 3530 3411 requirendum
3590 3368 3703 3406 esse

1999 3426 2211 3467 sensum
2242 3424 2410 3480 putet,
2457 3432 2529 3469 ne
2561 3420 2679 3472 haec
2710 3425 2956 3488 quidem
3000 3437 3224 3489 tamen
3278 3445 3589 3510 mysteriis
3616 3462 3711 3498 va:

1997 3520 2116 3557 care
2144 3508 2447 3572 existimat;
2491 3511 2653 3579 hujus
2690 3519 2852 3571 enim
2908 3522 3067 3578 illud
3108 3508 3590 3596 pronuntiatum
3622 3548 3701 3591 est

1997 3596 2237 3686 homil.’i
2289 3599 2340 3649 in
2371 3596 2574 3686 ῌποάη
2611 3620 2771 3660 num.
2817 3612 2878 3662 4.
2928 3632 2947 3663 t
3001 3615 3139 3686 Ego
3218 3628 3497 3683 credens
3528 3631 3704 3685 verbis

1997 3683 2202 3784 Domini
2234 3687 2335 3739 mei
2385 3685 2513 3742 Jesu
2548 3690 2789 3759 Christi,
2840 3699 2898 3752 in
2960 3683 3100 3774 lege
3141 3720 3211 3763 et
3250 3683 3701 3784 prophetisiota

1992 3772 2205 3837 quidem
2242 3790 2445 3841 unum,
2492 3788 2588 3832 aut
2636 3797 2816 3838 unum
2876 3772 3128 3857 apicetn
3198 3772 3330 3856 non
3372 3772 3556 3874 lputu

1990 3862 2257 3929 mysteriis
2285 3878 2531 3931 vacuum,
2566 3883 2670 3923 nec
2710 3887 2851 3941 puto
2892 3881 3142 3951 aliquid
3181 3862 3427 3949 horum.
3454 3902 3700 3955 transire

1987 3964 2165 4045 posse,
2196 3950 2366 4006 donec
2384 3959 2576 4062 zamia
2597 3959 2758 4062 lia-nt.
2864 3950 3046 4029 Unde
3084 3978 3207 4033 lib.
3284 4001 3349 4038 tv
3406 3950 3559 4059 Περὶ

1986 4035 2128 4104 χῶν,
2184 4054 2330 4141 num.
2384 4041 2452 4141 2.6
2484 4054 2581 4141 ἐι
2612 4046 2710 4115 27,
2770 4054 3073 4127 pleraque
3138 4035 3699 4141 Scri—ptu—rgrsagz

1989 4128 2244 4239 mysteria
2273 4130 2584 4188 hominibus
2609 4137 2961 4205 ignorabilia
2984 4167 3129 4210 esse
3158 4128 3361 4219 fatu‘r.
3404 4128 3708 4239 Pcrpau-c;

1984 4214 2196 4309 quidem
2225 4256 2239 4278 ,
2275 4222 2373 4332 s'ed
2416 4226 2481 4274 ad
2517 4234 2871 4295 purgandum
2911 4214 3700 4332 Origcnemwsal-i;lippo:

1984 4309 2078 4332 cllas
2136 4315 2286 4332 ηι-ηιι.
2316 4308 2349 4332 :n
2416 4312 2562 4332 Δ.--1,
2583 4316 2622 4332 ,γ’
2740 4331 2745 4332 ,

2727 4331 2938 4379 auctor
2989 4346 3025 4384 e
3081 4336 3200 4396 lib.
3255 4359 3303 4398 ιι
3376 4352 3538 4421 Περὶ
3602 4331 3699 4422 ἀρ’

1980 4394 2268 4504 ἕωι»,ξ;ιρ;
2295 4394 2350 4456 2,
2392 4413 2589 4504 magna
2624 4419 2690 4457 ex
2723 4425 2789 4477 pa
2804 4423 2894 4467 rte
2947 4394 3195 4492 petita,
3218 4394 3303 4485 in—
3330 4394 3560 4504 QII-{3:5

1974 5013 2093 5121 quit
2114 5032 2263 5121 nunt.
2301 5024 2365 5092 ι,.
2389 5032 2544 5087 nobis
2574 5037 2919 5107 tripertitam
2962 5013 3103 5121 (uti

2232 5112 2244 5123 .
2329 5118 2339 5128 '
2594 5126 2605 5138 .
2651 5103 2663 5107 _
2966 5103 3056 5121 γι-
3090 5103 3152 5112 --.
3205 5103 3361 5123 ..ο-ιο
3397 5103 3679 5138 ισιιιυιιδι

1974 5103 2376 5222 explana-tionis
2410 5134 2704 5222 materiam
2738 5137 2976 5205 subjicit
3000 5184 3018 5209 ,
3050 5147 3133 5202 ita
3175 5164 3243 5207 ut
3290 5158 3679 5222 benedictio-

1970 5204 2070 5246 nes
2102 5196 2358 5264 historiae
2410 5214 2586 5274 locutu
2632 5235 2880 5294 servent,
2911 5239 3235 5307 prophetia

1973 5296 2097 5337 cum
2590 5316 2602 5326 '
2912 5296 2927 5303 ’
3018 5296 3037 5307 ⁸
3204 5296 3235 5299 ﬂ
3289 5296 3433 5308 ww
3468 5296 3677 5329 mp"-

1972 5366 1985 5379 .
2147 5303 2323 5391 atque
2369 5304 2770 5384 dogmattcum,
2817 5339 3036 5382 morum
3088 5345 3418 5409 correptio
3462 5360 3527 5403 et
3575 5353 3677 5404 ob-

1973 5383 2212 5409 IIII-nul...
2251 5405 2299 5409 --
2417 5398 2427 5409 ³
2565 5404 2594 5409 “’
2634 5405 2644 5409 ’

1963 5383 2215 5501 ἓξὲξῗῗ
2250 5398 2519 5501 moralem
2547 5404 2746 5477 dirigat
2775 5412 2980 5483 Sty-lum
3012 5437 3025 5471 :
3068 5439 3088 5470 ι
3122 5383 3668 5501 ιιιῳιζῃιῖὶιῖῑὲςζζι

1972 5453 2115 5514 hanc
2146 5478 2374 5541 explan.
2551 5453 2746 5477 ""0"
2775 5453 2980 5512 ’ξιτψ-³·
3012 5460 3025 5471 ·
3068 5453 3322 5523 aesque
3366 5453 3665 5513 trrpttceut

1972 5541 2106 5591 Dum
2140 5564 2313 5591 “LL
2365 5498 2606 5591 attonem
2634 5497 2687 5551 in
2724 5500 2934 5591 reliqua
2971 5506 3205 5565 homilta
3240 5524 3665 5591 pel-sequium

1969 5541 2106 5608 Qum
2224 5564 2235 5574 .
2411 5541 2608 5599 1---“...
2723 5541 3205 5609 ζ.....ι...,.,..υιι.ι.ιει
3240 5541 3659 5591 persequitur.

2140 5569 2379 5632 (illidet!)
2431 5598 2484 5639 ιιι
2518 5586 2769 5659 Origents
2821 5608 3054 5664 gratiam
3090 5601 3167 5656 ab
3211 5604 3659 5678 interpretibus
