3920 6442
296 373 449 430 1075

1130 377 1691 436 ORIGENIANOBUM
1731 383 1855 437 LIB.
1895 385 1958 450 ll,
1996 387 2144 444 CAP.
2184 390 2247 455 ll,
2286 390 2558 456 ρωεετ.
2589 388 2726 444 XIV.

3239 451 3244 454 _
3319 389 3454 446 IO'M

286 487 538 539 conﬁcta
574 497 629 540 et
657 489 965 558 interpolata
1011 507 1078 547 ne
1128 507 1346 567 causere
1377 509 1390 546 :
1424 505 1546 546 ecce
1576 495 1719 547 enim
1747 495 1840 549 tibi
1867 498 1914 555 Α
1941 509 2050 550 rem
2080 498 2137 554 in
2162 500 2434 568 propatulo
2453 499 3016 570 positam,etomnlum
3039 498 3207 555 oculis
3223 487 3454 572 obviam,

292 575 459 630 illum
494 586 639 631 tomo
654 583 788 633 xvin
813 581 1018 644 Matth..
1048 599 1192 638 num.
1232 584 1320 649 i5,
1353 599 1471 653 pag.
1502 585 1623 650 672,
1645 586 1840 641 dictum

1938 587 2347 642 commentitiam
2375 604 2494 644 esse
2523 605 2585 644 ac
2628 591 2863 645 flctitiam
2893 588 3265 646 affirmaveriti
3289 592 3456 649 lsaaci

289 662 405 718 hoc
437 665 641 720 Christi
675 686 688 721 :
729 685 748 718 ι
787 666 840 721 Si
876 669 953 722 vis
985 669 1247 738 perfectus
1286 686 1440 735 esse,
1477 675 1640 738 vade,
1675 674 1844 728 vende
1936 684 2192 745 praeterea
2214 686 2270 731 et
2297 677 2548 734 Rebeccae
2575 695 2659 735 res
2691 691 2862 750 gestas
2885 681 3195 738 immutasse
3216 697 3334 737 eum
3369 696 3456 737 re-

282 767 426 820 qua
476 753 668 818 habes,
708 767 763 810 et
794 757 856 810 da
887 757 1202 826 pauperibus
1241 759 1305 822 ⁸³,
1343 779 1363 813 ι
1406 759 1470 813 ad
1515 759 1840 828 allegoriam,

286 851 486 907 spreta
554 843 729 898 littera
798 846 1029 899 converti
1075 857 1336 901 vetantem
1361 851 1389 915 ,'
1433 859 1586 902 etne
1629 849 1748 918 quis
1793 850 1842 903 id

285 937 575 985 attentare
632 932 850 1001 audeat},
889 932 1124 989 historiis
1160 935 1490 989 ethnicorum
1531 936 1842 1005 quibusdam

287 1016 725 1073 absterrentem.

364 1101 440 1157 ν.
478 1105 592 1175 (39)
615 1104 708 1159 His
736 1106 1120 1163 animadversis
1153 1106 1325 1164 facilis
1347 1118 1428 1163 est
1454 1109 1563 1178 jam
1594 1110 1847 1179 dijudica-

281 1191 396 1253 tio,
435 1208 669 1261 aequane
699 1210 922 1250 censura
952 1197 1228 1264 Origenem
1248 1199 1519 1252 vexaverit
1538 1198 1845 1255 Eustathius

285 1281 708 1347 Antiochenus,
748 1286 836 1353 qui
865 1287 1122 1340 acerrime
1143 1303 1249 1356 prae
1279 1287 1494 1355 reliquis
1524 1289 1689 1359 ipsius
1720 1291 1846 1344 alle-

275 1373 486 1437 gorias
533 1371 833 1428 insectatus
882 1383 961 1430 est
1009 1377 1058 1429 in
1109 1377 1448 1447 Diagnostico
1483 1381 1548 1432 de
1573 1379 1846 1450 Engastri-

283 1463 513 1533 mytho.
551 1463 630 1518 Ac
661 1467 886 1535 primum
918 1467 969 1520 id
990 1469 1248 1536 queritur,
1269 1485 1388 1524 eum
1421 1479 1612 1526 ctetera
1647 1471 1849 1540 allego.

276 1552 392 1606 riis
428 1553 636 1622 alioqui
680 1565 985 1624 pervertere
1025 1557 1278 1622 solitum,
1305 1561 1433 1616 deos
1466 1560 1582 1615 illos
1613 1575 1747 1628 quos
1783 1565 1846 1616 de

274 1649 447 1694 terra
504 1644 860 1698 ascendentes
890 1645 1066 1700 videre
1118 1662 1177 1702 se
1225 1647 1371 1702 Sauli
1421 1651 1627 1705 dicebat
1663 1649 1849 1721 Pytho-

277 1729 446 1784 nissa
501 1731 524 1785 Ι
587 1731 728 1802 Reg.
766 1749 953 1798 xxvm,
1002 1737 1107 1800 15,
1142 1737 1207 1791 ad
1257 1738 1483 1792 litteram
1518 1741 1841 1810 exposuisse.

1939 762 2058 815 fert.
2087 763 2240 818 Certe
2268 765 2479 820 homilia
2502 768 2566 821 lo
2591 769 2640 821 in
2667 766 3043 840 Genes.,quam
3070 771 3155 828 hic
3183 773 3457 841 designas-

1939 864 1996 904 se
2023 852 2232 905 videtur
2271 853 2578 910 Eustathius
2600 895 2616 919 ,
2648 858 2698 911 id
2731 860 2888 914 habet
2912 861 3198 925 Origenes,
3229 876 3374 913 num.
3402 860 3457 914 ι.

1943 958 1963 992 ι
1997 939 2146 1009 Saepe
2169 940 2276 1008 jam
2323 943 2428 998 dixi
2475 945 2612 1013 quod
2643 946 2693 999 in
2724 947 2805 1002 his
2832 963 2934 1002 non
2970 949 3206 1004 historia:
3237 963 3457 1004 narrau-

1942 1039 2048 1093 tur,
2070 1031 2160 1084 sed
2179 1031 2430 1102 mysteria
2461 1043 2849 1090 contexuntur:
2887 1055 2906 1089 ι
2943 1038 3081 1105 quod
3103 1039 3171 1090 ita
3207 1037 3460 1106 intelligo,

1942 1120 2144 1171 narrari
2175 1118 2424 1174 historias
2446 1121 2656 1190 quidem
2675 1159 2690 1185 ,
2713 1123 2805 1176 sed
2832 1137 2935 1176 non
2961 1134 3064 1178 tam
3093 1125 3143 1178 id
3168 1127 3274 1194 agi,
3301 1141 3458 1194 quam

1942 1207 2191 1276 mysteria
2239 1207 2449 1262 contexi
2486 1223 2643 1262 :cum
2684 1218 2737 1263 et
2780 1209 2963 1262 homil.
2999 1211 3102 1277 15,
3153 1227 3300 1270 num.
3330 1214 3380 1276 Ι,
3407 1213 3461 1264 in

1941 1292 2123 1348 Cenes.
2164 1293 2489 1364 Scripturam
2525 1306 2768 1361 asserat,
2811 1313 2914 1354 non
2949 1308 3150 1353 tantum
3195 1299 3464 1354 historicis

1942 1383 2143 1437 servire
2190 1383 2613 1448 narrationibus,
2663 1393 2914 1453 quantum
2948 1387 3105 1439 rebus
3137 1395 3191 1440 et
3221 1387 3464 1440 sensibus

1945 1471 2203 1540 mysticis.
2241 1471 2330 1525 Sin
2364 1486 2517 1526 secus
2547 1473 2731 1537 sensit,
2754 1473 3014 1526 Eustathii
3041 1473 3307 1541 querelam
3343 1489 3464 1542 pro-

1943 1558 2029 1612 bo.
2067 1558 2275 1613 Dictum
2306 1560 2429 1614 illud
2458 1576 2664 1630 quoque
2696 1563 2760 1616 de
2796 1563 2861 1617 iis
2897 1563 3076 1626 velim,
3105 1577 3222 1631 qua:
3250 1571 3464 1631 pacata

1945 1646 2009 1699 ab
2031 1661 2094 1700 eo
2126 1648 2268 1702 circa
2305 1647 2420 1703 Jobi
2465 1650 2738 1703 historiam
2771 1650 2908 1704 idem
2956 1651 3049 1703 ait.
3077 1649 3317 1716 Iniquum
3342 1664 3467 1704 vero

1946 1749 2160 1803 prorsus
2191 1746 2244 1788 et
2269 1737 2499 1806 ineptum
2531 1747 2616 1792 est
2643 1739 2780 1807 quod
2824 1738 3068 1808 subjicit,
3102 1753 3374 1807 perperam
3402 1737 3468 1790 ab

277 1817 558 1874 Profecto
605 1821 673 1875 de
726 1822 812 1875 illa
865 1823 1128 1880 Samuelis
1173 1827 1482 1881 evocatione
1517 1799 1651 1882 idem
1702 1829 1842 1897 quod
1875 1799 1917 1858 Β
1943 1827 2169 1897 Origene
2201 1825 2456 1880 Lazarum
2477 1867 2492 1892 ,
2525 1799 2678 1894 quem
2704 1799 3468 1896 propter-virtutem'Christus

272 1906 570 1978 Origenes
596 1911 805 1979 plurimi
839 1913 1200 1980 tradiderunt,
1246 1925 1302 1969 ut
1330 1918 1566 1973 dicemus
1597 1919 1751 1974 infra.
1784 1921 1840 1972 In

277 2012 356 2052 eo
383 2008 579 2052 autem
631 2004 770 2068 quod
804 2003 1044 2070 angelum
1091 2004 1245 2058 simul
1277 2021 1398 2059 cum
1425 2007 1514 2060 illo
1546 2010 1843 2066 ascendisse

274 2099 452 2144 ratus
487 2101 597 2154 est,
638 2094 922 2147 multorum
957 2111 1163 2164 quoque
1185 2095 1404 2163 juvatur
1440 2097 1724 2169 suﬂragiis,
1753 2099 1844 2169 qui

276 2179 524 2247 angelos
556 2180 943 2252 ψυχοπομποὺς
976 2185 1259 2238 animabus
1284 2186 1570 2255 adiungunt
1593 2226 1609 2252 ,
1661 2203 1844 2257 qucrn-

274 2271 596 2323 adtnodum
640 2274 885 2340 superius
933 2277 1280 2332 ostendimus.
1327 2276 1533 2329 Nullam
1584 2293 1710 2348 ergo
1761 2281 1843 2335 sui

276 2360 565 2429 carpendi
598 2374 780 2414 ansam
812 2363 898 2416 hic
923 2364 1135 2418 obtulit.
1163 2366 1431 2421 Difﬁcilior
1459 2366 1570 2434 ejus
1600 2367 1734 2423 foret
1761 2369 1847 2421 dc-

279 2450 480 2504 fensio
504 2488 522 2514 ,
566 2451 609 2504 si
641 2451 692 2504 id
725 2450 1035 2519 objecisset,
1069 2455 1207 2522 quod
1233 2470 1261 2508 a
1294 2455 1473 2510 multis
1501 2457 1662 2525 objici
1688 2457 1842 2525 solet,

273 2541 484 2593 omnia
529 2555 651 2594 eum
698 2540 809 2596 fere
850 2543 900 2596 in
936 2545 1276 2614 allegoricum
1324 2547 1548 2600 traxisse
1591 2561 1802 2602 sensum
1829 2587 1845 2612 ,

279 2638 670 2698 praeterquam
695 2631 824 2684 illud
848 2630 1214 2703 Sospitatoris,
1246 2650 1353 2704 quo
1383 2634 1736 2690 voluntariam
1765 2636 1848 2693 sui

281 2718 496 2788 ipsius,
537 2720 772 2775 cmlestis
815 2723 959 2791 regni
993 2722 1348 2792 consequendi
1381 2738 1562 2792 causa,
1587 2727 1848 2781 exsectio-

279 2825 422 2862 nem
473 2810 853 2875 commendat,
898 2819 952 2864 et
991 2811 1119 2865 illud
1156 2827 1259 2880 quo
1288 2813 1500 2867 ttnicam
1533 2815 1847 2870 servandam

281 2900 582 2965 tunicam,
607 2899 900 2966 abjicienda
931 2899 1312 2966 calceamenta,
1344 2903 1394 2955 in
1419 2902 1709 2957 crastinum
1730 2918 1852 2958 neu-

285 2990 524 3058 tiquam
575 2989 1009 3058 prospiciendum
1044 3005 1158 3044 esse
1195 2992 1300 3054 ait;
1343 3007 1460 3061 quae
1508 2992 1847 3061 allegoricam

283 3094 488 3136 tamen
526 3079 1016 3147 interpretationem
1067 3079 1294 3133 maxime
1340 3081 1574 3134 omnium
1610 3081 1847 3150 postula-

280 3172 455 3224 bant.
482 3167 734 3221 Attamen
770 3167 1081 3221 temerarius
1107 3167 1355 3236 juvenilis
1379 3169 1552 3223 {etatis
1580 3169 1728 3224 calor
1758 3182 1850 3224 ex-

281 3257 577 3314 cusationi
626 3267 749 3321 est,
802 3272 908 3326 quo
960 3257 1169 3326 vigente
1221 3258 1346 3311 talia
1398 3260 1714 3338 attentavit;
1756 3262 1849 3315 sed

279 3348 701 3420 prodeuntibus
724 3349 878 3402 annis
907 3356 1138 3403 mutasse
1180 3350 1457 3404 consiliqu
1490 3351 1542 3404 id
1572 3351 1699 3405 mihi
1733 3365 1851 3419 per-

283 3437 523 3499 suadet,
551 3436 692 3503 quod
727 3445 1071 3504 spontaneam
1109 3438 1492 3491 castrationem
1519 3439 1852 3494 damnaverit

281 3537 436 3580 tom.
476 3539 549 3578 xv
571 3527 625 3578 in
662 3523 878 3588 Matth.,
901 3539 1048 3577 uum.
1070 3525 1124 3589 9.,
1154 3541 1276 3595 pag.
1311 3525 1434 3592 655,
1467 3538 1522 3581 ut
1542 3527 1668 3582 alibi
1704 3544 1731 3581 a
1765 3543 1854 3582 ηο-

283 3615 380 3668 his
409 3613 760 3667 observatum
791 3618 888 3665 est.
921 3609 1156 3663 Alterum
1206 3611 1257 3664 id
1308 3612 1606 3680 expostulat
1657 3612 1851 3665 Eusta-

283 3705 450 3757 thius
473 3742 489 3765 ,
538 3700 680 3770 quod
715 3699 1016 3768 paradisum
1049 3707 1352 3754 terrestrem
1382 3739 1397 3764 ,
1447 3710 1500 3753 et
1546 3699 1852 3755 fructiferas

283 3792 550 3862 paradisi
602 3792 826 3844 arbores
863 3790 1146 3860 allegorica
1181 3791 1514 3858 expositione
1537 3790 1849 3846 aboleverit.

287 3883 418 3936 lloc
454 3883 631 3949 ipsum
665 3879 778 3933 fere
820 3880 1087 3934 criminati
1121 3889 1286 3946 sunt,
1318 3889 1579 3949 quotquot
1604 3880 1852 3950 allegori-

286 3989 396 4026 cas
451 3971 629 4038 ipsius
677 3970 1143 4036 interpretationes
1197 3970 1481 4024 damnasse
1528 3972 1846 4028 nctavimus.

281 4068 370 4119 At
412 4063 786 4132 patrocinatur
832 4059 980 4112 Philo
1019 4057 1251 4127 Iudaeus,
1282 4074 1313 4113 e
1350 4057 1499 4127 cujus
1536 4061 1685 4116 libris
1717 4063 1854 4131 Περὶ

275 4151 725 4224 κοσμοποιιας,
754 4158 809 4202 et
831 4149 1055 4219 Allegor.
1094 4148 1192 4219 leg.
1226 4153 1278 4213 1,
1315 4165 1463 4204 suam
1498 4151 1562 4204 de
1607 4153 1854 4220 paradiso

281 4240 636 4299 sententiam
671 4247 942 4292 mutuatus
990 4247 1088 4294 est.
1139 4237 1326 4292 Futilis
1372 4248 1453 4293 est
1481 4255 1709 4308 sequens
1751 4241 1855 4294 Eu-

287 4331 498 4390 stathii
538 4310 806 4382 cavillatio
850 4327 903 4380 in
931 4327 1188 4382 vocabulo
1242 4325 1426 4397 μῦθος,
1478 4346 1584 4400 quo
1617 4330 1854 4399 paradisi

292 4421 600 4479 historiam
665 4415 922 4484 Origenes
977 4415 1299 4485 appellavit,
1351 4432 1472 4471 cum
1523 4419 1852 4487 grammatici
1885 4413 1928 4466 Ι)

293 4515 486 4568 sciant
514 4507 688 4578 μύθου
721 4507 936 4560 neruine
967 4522 1052 4561 res
1081 4522 1292 4576 quoque
1321 4524 1448 4564 vere
1483 4519 1660 4580 gestas
1687 4511 1853 4580 signi-

293 4601 483 4663 ﬁcari,
539 4595 987 4666 quemadmodum
1017 4595 1358 4652 historiarum
1401 4600 1614 4654 nomine
1663 4600 1855 4656 fabula

291 4702 529 4760 quoque
580 4700 961 4753 nonnunquam
993 4687 1377 4756 intelliguntur.
1408 4687 1723 4756 Propertius
1759 4691 1852 4749 lib.

295 4797 376 4851 tv,
408 4779 572 4838 Elea.
609 4777 632 4830 l
667 4794 682 4830 :
722 4773 987 4828 Hactenus
1017 4776 1276 4842 historiae,
1300 4792 1422 4830 cum
1452 4777 1626 4846 Trojze
1651 4779 1857 4837 fabulas

295 4871 504 4925 fuisset
525 4874 860 4936 persecutus.
887 4864 1064 4933 Pergit
1098 4868 1352 4934 conqueri
1375 4866 1690 4924 Eustathius
1713 4873 1854 4938 quod

296 4957 546 5016 effossos
581 4955 648 5008 ab
673 4954 978 5008 Abrahamo
1005 4965 1188 5023 puteos
1219 4956 1272 5009 in
1302 4955 1616 5024 allegoriam
1643 4959 1855 5013 deriva~

302 5047 478 5108 verit,
516 5043 609 5112 qui
634 5057 730 5096 sua
772 5053 948 5094 tamen
976 5051 1131 5096 atate
1166 5052 1502 5111 supererant.
1547 5041 1738 5098 Verum
1773 5046 1855 5098 vel

305 5139 440 5191 illud
471 5143 802 5204 postremum
843 5131 1082 5199 iniquam
1120 5132 1235 5207 ejus
1262 5131 1688 5187 criminationem
1721 5134 1853 5189 satis

309 5226 549 5289 refellit,
602 5237 726 5274 nam
776 5221 990 5291 Origeni
1019 5221 1110 5290 qtti
1147 5230 1222 5274 tot
1271 5221 1324 5274 in
1370 5219 1554 5296 Iudaea
1603 5230 1856 5294 transegit

307 5330 488 5369 annos
513 5351 526 5373 ,
561 5312 724 5378 ignoti
768 5327 886 5366 esse
929 5326 1032 5366 non
1065 5319 1345 5378 potuerunt
1373 5310 1422 5362 hi
1456 5313 1641 5379 putei;
1678 5321 1855 5367 tamne

312 5422 442 5511 vim
483 5401 706 5470 projecti
758 5402 926 5469 ipsum
975 5400 1189 5470 pudoris
1235 5398 1398 5452 fuisse
1447 5401 1767 5466 credemus,
1798 5413 1854 5455 ιιι

421 5520 470 5552 ⁸³
500 5517 686 5570 Matth.
715 5531 824 5581 xix,
846 5517 930 5570 2|.

389 5613 504 5673 ιω)
539 5607 638 5660 His
677 5610 1032 5661 animadversis
1066 5606 1230 5674 facilis
1267 5614 1341 5657 est
1360 5608 1476 5674 jam
1513 5607 1851 5674 dijudicalio,

317 5695 537 5749 aquaue
568 5692 779 5728 censura
819 5677 1073 5743 Urigenm
1117 5677 1366 5728 vexaverit
1397 5676 1716 5729 Eustathius
1749 5681 1854 5731 An-

1941 1916 2224 1986 diligebat,
2262 1917 2313 1971 in
2348 1916 2610 1974 hominem
2637 1918 2869 1986 peccatis
2914 1917 3238 1970 laborantem
3273 1930 3469 1986 anago—

1942 2004 2055 2076 gica
2082 2005 2518 2074 interpretatione
2545 2005 2705 2060 fuisse
2731 2014 3010 2060 mutatum.
3027 2004 3278 2060 Consulat
3302 2005 3469 2058 lector

1945 2103 2144 2148 tomum
2195 2111 2400 2148 xxxvut
2427 2097 2478 2148 in
2499 2094 2680 2160 Joan.,
2708 2111 2851 2149 num.
2879 2096 2913 2148 6
2935 2135 2949 2160 ,
2995 2095 3270 2164 Origenem
3313 2093 3467 2163 culpa

1944 2186 2232 2240 immunem
2267 2188 2557 2254 comperiet
2587 2204 2600 2240 :
2634 2201 2754 2239 nam
2784 2197 3062 2255 postquam
3089 2183 3275 2238 Lazari
3307 2185 3470 2238 histo-

1944 2275 2097 2337 riam,
2126 2275 2278 2342 juxta
2309 2273 2566 2337 litteram,
2602 2272 2714 2326 fuse
2741 2273 3042 2339 explicavit,
3083 2272 3182 2325 hac
3213 2279 3469 2339 praeterea

1945 2358 2189 2411 homines
2233 2357 2429 2425 signari
2461 2358 2624 2420 addit,
2661 2359 2751 2426 qui
2781 2358 3015 2426 peccatis
3041 2357 3313 2422 admissis,
3338 2356 3470 2410 ami-

1943 2446 2067 2500 citia
2093 2460 2211 2499 cum
2239 2444 2362 2502 Jesu
2393 2448 2538 2514 prius
2561 2455 2857 2511 contracta,
2885 2448 2972 2515 qui
3009 2448 3198 2500 animae
3223 2447 3330 2500 vita
3359 2456 3462 2509 est,

1943 2534 2227 2599 excidunt,
2262 2542 2314 2590 et
2343 2536 2492 2589 novis
2537 2549 2748 2589 rursum
2782 2537 2962 2604 gratiae
3006 2537 3217 2591 auxiliis
3257 2536 3472 2592 excitati

1944 2623 2183 2679 eamdem
2217 2632 2550 2692 recuperant.
2581 2623 2734 2677 Aliud
2762 2634 2844 2678 est
2875 2635 3050 2679 autem
3079 2626 3321 2679 laborare
3349 2639 3472 2694 pec-

1945 2714 2100 2778 catis,
2133 2713 2274 2768 aliud
2322 2714 2552 2769 hominis
2596 2715 2828 2782 peccatis
2863 2713 3150 2768 laborantis
3185 2714 3470 2784 imaginem

1945 2822 2168 2878 gerere;
2203 2816 2525 2875 postremum
2572 2804 2673 2858 hoc
2706 2803 2910 2857 Lazaro
2946 2804 3131 2858 tribuit
3172 2803 3428 2872 Origenes
3451 2845 3468 2872 ,

1946 2897 2096 2965 prius
2115 2911 2240 2950 vero
2268 2896 2506 2950 minime.
2531 2893 2666 2959 Quid
2693 2896 2759 2948 ad
2782 2893 3051 2962 sequentia
3075 2907 3231 2960 porro
3262 2907 3474 2962 respon-

1950 2985 2101 3036 deam
2142 2997 2244 3036 non
2275 2983 2482 3047 habeo,
2521 2983 2572 3036 in
2612 2982 2803 3050 quibus
2831 2981 3166 3037 insimulatur
3207 2982 3476 3040 Adaman-

1875 3102 1919 3164 ο
1951 3074 2054 3126 tius
2081 3110 2098 3137 ,
2147 3072 2287 3141 quod
2336 3081 2520 3126 contra
2563 3071 2835 3141 Evangelii
2863 3071 3232 3125 auctoritatem
3264 3069 3474 3126 Judaaos

1949 3165 2220 3234 negaverit
2251 3163 2452 3232 lapides
2483 3163 2533 3216 in
2571 3162 2836 3218 Christum
2872 3161 3144 3231 jaciendos
3173 3162 3474 3227 sustulisse,

1949 3268 2167 3322 remque
2196 3253 2262 3306 ad
2296 3251 2640 3322 tropologiam
2688 3251 2972 3306 deterserit
3000 3268 3016 3306 :
3044 3266 3166 3305 nam
3215 3260 3478 3324 vetustate

1947 3341 2241 3396 imminutis
2271 3339 2682 3396 Commentariis
2711 3340 2767 3394 in
2799 3338 3077 3405 Joannem,
3104 3355 3229 3408 pars
3275 3341 3366 3396 illa
3393 3339 3477 3394 in-

1951 3431 2180 3496 tercidit,
2211 3431 2264 3486 in
2303 3446 2406 3500 qua
2436 3431 2548 3485 hate
2578 3429 2850 3500 Evangelii
2876 3430 3110 3485 narratio
3139 3430 3475 3499 explanatur.

1949 3521 2222 3590 Quomodo
2272 3535 2403 3590 ergo
2429 3520 2496 3574 ab
2529 3518 2756 3589 Origene
2796 3530 3013 3589 accepta
3057 3520 3166 3582 sit,
3217 3519 3478 3576 incertum

1947 3621 2046 3668 est.
2080 3613 2312 3682 Denique
2341 3625 2481 3680 aegre
2509 3611 2780 3667 Eustatbio
2816 3619 2900 3666 est
2921 3647 2938 3674 ,
2972 3609 3108 3678 quod
3155 3607 3480 3677 argumentis

1949 3717 2013 3756 ex
2047 3703 2319 3756 nominum
2360 3699 2801 3767 interpretatione
2833 3699 3013 3768 petitis
3036 3737 3052 3764 ,
3098 3698 3152 3752 in
3201 3697 3482 3768 allegorias

1948 3789 2296 3844 Adamantius
2337 3803 2712 3858 nonnunquam
2757 3796 3050 3853 excurrat,
3096 3802 3218 3842 cum
3249 3787 3353 3842 duo
3380 3801 3481 3844 sa-

1949 3879 2168 3948 pissime
2206 3879 2446 3932 homines
2494 3877 2732 3934 moribus
2778 3885 2834 3931 et
2861 3880 3068 3930 ratione
3102 3876 3222 3932 vitae
3266 3877 3482 3943 penitus

1951 3968 2224 4023 discordes
2259 3968 2398 4020 idem
2438 3977 2614 4022 tamen
2663 3980 2854 4020 nomen
2893 3973 3095 4034 gerant.
3126 3963 3195 4017 At
3225 3978 3328 4018 non
3370 3972 3479 4018 tam

1951 4056 2076 4110 inde
2100 4055 2377 4124 allegorias
2396 4054 2678 4123 Origenem
2708 4066 2981 4108 arcessere
3000 4065 3181 4124 verum
3202 4059 3305 4113 est,
3319 4065 3480 4119 quam

1951 4147 2164 4200 aliunde
2189 4146 2384 4216 petitas
2421 4145 2520 4198 hoc
2565 4143 2781 4214 insuper
2810 4149 3124 4212 argumento
3151 4178 3168 4204 ,
3195 4131 3481 4209 quantum-

1953 4240 2034 4292 vis
2055 4237 2156 4294 levl
2181 4237 2517 4292 confirmare.

2469 4345 2786 4412 QUESTIO
2826 4342 2937 4399 XIV

2229 4449 2664 4498 QUESTIUNCULAS
2688 4448 2912 4495 ALIQUOT
2938 4447 3082 4494 quast
3111 4445 3208 4484 putt

2435 4519 2678 4558 SATURAII
2707 4517 2996 4558 COII‘LEXA.

1955 4617 1998 4671 l.
2037 4616 2302 4680 Quaeritur
2327 4615 2562 4688 Origenis
2585 4615 2842 4688 sententia
2869 4614 2931 4665 de
2959 4609 3156 4688 ligandi
3179 4605 3479 4688 ct‘solvendi

2023 4677 2303 4754 potestate,
2341 4677 2693 4754 sacerdotibus
2771 4677 3029 4754 concessa.
3053 4677 3146 4754 ⁸11.
3194 4677 3478 4754 _Excutitur

2028 4747 2251 4817 eiusdem
2271 4751 2333 4804 de
2355 4749 2683 4802 Eucharistia
2713 4751 2908 4817 Opinio.
2937 4748 3016 4800 Ill.
3043 4747 3289 4817 Quantam
3318 4747 3478 4809 ipsius

2033 4813 2094 4872 de
2125 4821 2455 4890 matrimonio
2483 4819 2725 4890 dogmata
2743 4813 3015 4890 notantur.
3165 4813 3345 4890 Utrum
3371 4825 3481 4890 qta-

1977 4942 1985 4952 ,
2028 4890 2156 4956 gicis
2187 4889 2385 4940 artibus
2427 4876 2648 4954 faverit,
2679 4888 3022 4956 exploratur:
3068 4883 3211 4956 V_._et
3261 4882 3323 4932 de
3373 4876 3480 4956 [ξη-

2029 4948 2362 5024 ᾓαειγὶηιῃυιο
2391 4948 2514 5023 quid
2551 4956 2821 5024 statuerit;
2848 4953 2933 5008 γι.
2969 4952 3147 5022 ecquid
3176 4954 3238 5002 de
3268 4948 3478 5000 menda-

2027 5023 2103 5077 cio
2129 5064 2144 5090 ,
2182 5024 2290 5078 Vll.
2319 5032 2365 5076 et
2392 5025 2452 5076 de
2479 5023 2845 5092 jurejurando.

2028 5136 2069 5188 l.
2106 5119 2433 5189 Postremum
2459 5136 2596 5188 hanc
2621 5133 2963 5203 qumstionem
2988 5127 3186 5196 aperiet
3211 5121 3384 5215 brevis
3415 5119 3479 5173 de

1959 5226 2289 5277 sacerdotum
2321 5231 2582 5291 potestate
2606 5260 2623 5283 .
2668 5222 2813 5286 juxta
2849 5214 3094 5285 Origenis
3140 5213 3476 5268 sententiam,

1959 5313 2259 5381 disputatio.
2303 5314 2348 5365 Is
2388 5321 2528 5364 tumo
2589 5325 2659 5362 xu
2696 5311 2749 5360 in
2795 5306 3182 5394 MOU/1.,‘DUIII.
3233 5294 3320 5394 id,
3358 5306 3478 5359 pag.
3565 5350 3569 5355 _

1963 5401 2086 5466 531,
2117 5403 2304 5456 scribit
2337 5410 2649 5471 potestatem
2686 5397 2912 5451 clavium
2957 5389 3150 5442 habere
3177 5389 3478 5450 episcopos,

1963 5609 2245 5667 tios/renus,
2283 5616 2383 5656 etc.
2414 5603 2541 5656 Vide
2574 5601 2764 5654 iterum
2810 5585 3178 5644 l’mfationetu
3227 5581 3360 5639 torni
3401 5595 3476 5636 se-

1961 5678 2138 5742 cundi,
2163 5673 2382 5730 articulo
2409 5673 2462 5724 8.
