3920 6456
852 377 876 400 \

386 451 520 506 10³75

386 577 441 622 et
472 580 586 634 qua:
619 563 683 616 ab
711 560 834 628 ipsis
864 557 944 612 vel
976 557 1137 626 ligata
1174 554 1256 609 vel
1287 552 1456 608 soluta
1488 559 1612 604 sunt
1637 552 1690 604 in
1723 550 1904 612 terris,
1932 555 1977 607 Α

386 656 544 725 ligata
569 664 684 706 esse
716 658 770 701 et
803 647 973 700 soluta
1000 647 1051 698 in
1081 643 1236 709 ccelo,
1261 643 1303 698 si
1333 642 1487 695 modo
1519 640 1658 694 Petri
1685 640 1906 693 virtutes

385 729 732 796 ternuientu'r:
785 735 864 787 sin
915 741 1250 801 peccatorum
1306 729 1531 784 vinculis
1585 727 1780 797 alligati
1828 735 1906 780 te-

386 839 634 889 ncantur,
667 823 866 877 frustra
897 835 986 875 eos
1017 812 1179 889 ligare
1211 829 1265 874 et
1305 817 1528 872 solvere.
1557 814 1704 881 Quod
1728 815 1769 868 si
1802 830 1910 867 me-

384 919 499 971 ritis
529 915 650 968 licet
679 928 740 966 ac
778 913 981 984 pietate
1025 909 1304 963 inferiores
1349 907 1521 970 Petro,
1569 904 1910 958 nihilominus

383 1010 597 1077 ligatum
639 1003 701 1056 iri
749 1007 968 1070 sperent
1011 1000 1062 1051 in
1109 998 1269 1062 coelo,
1318 1008 1371 1051 et
1419 995 1668 1058 solutum,
1713 1006 1829 1060 qua;
1858 992 1910 1044 in

384 1096 540 1149 terris
586 1091 868 1165 ligaverint
910 1097 962 1142 et
996 1087 1281 1149 solverint;
1317 1085 1606 1153 legitimum
1646 1097 1737 1141 eos
1765 1081 1912 1136 Scri-

382 1195 656 1253 pturarum
689 1183 931 1250 ignorare
962 1193 1195 1241 sensum,
1241 1185 1291 1229 et
1323 1175 1571 1243 superbia
1619 1180 1912 1226 exczecatos

383 1289 519 1329 esse.
556 1271 611 1324 In
647 1271 784 1323 hunc
825 1269 996 1322 locum
1045 1275 1267 1321 annotat
1313 1264 1495 1318 Sixtus
1526 1261 1777 1319 Senensis
1817 1259 1907 1317 lib.

383 1379 433 1423 vt
467 1380 551 1418 an.
599 1362 686 1421 70,
718 1359 949 1412 alludere
978 1356 1254 1425 Origenem
1292 1355 1356 1408 ad
1395 1368 1633 1407 errorem
1672 1352 1738 1404 ab
1773 1347 1911 1406 lius—

387 1451 505 1504 sitis
557 1450 886 1518 postmodum
944 1453 1346 1513 propugnatum,
1388 1441 1478 1511 qui
1527 1455 1672 1509 papae
1709 1448 1762 1494 et
1797 1439 1911 1504 epi-

387 1554 667 1610 scoporum
690 1545 1004 1612 potestatem
1040 1550 1102 1588 ex
1135 1549 1338 1586 morum
1375 1531 1659 1588 sanctitate
1686 1530 1915 1600 pendere

384 1631 664 1695 Volebant,
705 1639 762 1682 ut
793 1627 1212 1700 quotiescunque
1259 1621 1526 1691 peccando
1559 1620 1746 1673 tierent
1772 1619 1911 1674 Petri

388 1719 690 1780 dissimiles,
718 1732 819 1770 una
850 1723 1162 1785 potestatem
1195 1713 1359 1781 ipsius
1388 1711 1694 1764 amitterent
1721 1729 1734 1778 ;
1768 1710 1914 1762 dam-

388 1818 676 1876 natumque
709 1809 843 1860 hunc
869 1822 984 1860 esse
1014 1820 1042 1858 a
1078 1804 1387 1857 Tridentina
1415 1803 1634 1875 synodo,
1664 1815 1794 1855 sess.
1825 1801 1907 1860 ii.

1610 433 1667 491 ι’.
1704 431 2002 486 DANIELIS
2040 424 2286 486 lIUETll.

3551 401 3688 456 1076

2005 541 2331 612 Εὐαγγελίου
2358 538 2541 604 λέγει,
2579 531 2729 603 πρὸς
2766 526 2997 580 ἐκεῖνον
3022 521 3122 574 τὸν
3160 517 3389 586 Πέτρον
3409 531 3424 543 ·
3451 514 3531 576 ὡς
3555 514 3611 565 δὲ
3631 514 3692 566 τδ

2006 633 2225 703 Πνεῦμα
2255 627 2424 683 αὑτοῦ
2477 624 2765 681 διδάσκει,
2807 615 2960 684 πρὸς
2993 611 3190 664 πάντα
3231 607 3337 659 τὸν
3394 606 3694 675 γενόμενον

2006 701 2181 785 circio;
2213 724 2241 774 ὁ
2267 719 2481 788 Πέτρος
2512 715 2757 773 ἐκεῖνος.
2789 703 3141 774 Οειειιιίιιιιι
3174 701 3333 754 idem
3367 705 3426 751 et
3468 710 3698 762 sequen-

2009 814 2100 876 tia,
2140 784 2194 864 in
2229 784 2434 878 quibus
2468 811 2668 874 portas
2720 795 2900 851 inferi
2946 805 3082 846 esse
3129 795 3382 858 peccata
3407 825 3423 849 ,
3462 784 3703 837 haereses

2007 874 2129 955 esse
2168 874 2467 962 daemones,
2521 904 2702 960 regna
2742 885 3047 940 caelorum
3079 881 3340 934 virtutes
3381 890 3514 928 esse
3552 874 3702 927 dicit.

2009 989 2196 1042 Priore
2229 995 2437 1049 autem,
2473 995 2648 1052 quem
2687 974 3097 1035 laudavimus,
3125 969 3278 1031 ioco,
3324 967 3469 1019 licet
3507 963 3706 1031 ligandi

2009 1087 2061 1132 et
2097 1074 2336 1131 solvendi
2382 1078 2722 1142 potestatem
2797 1062 3088 1119 omnibus
3138 1058 3404 1118 tribuat,
3473 1055 3707 1123 quicun-

2010 1182 2115 1241 que
2154 1174 2238 1220 ter
2293 1166 2596 1232 peccantes
2654 1151 3107 1222 corripuerint;
3171 1144 3473 1216 peculiari
3533 1153 3707 1198 tamen

2011 1232 2194 1319 modo,
2222 1262 2276 1308 et
2314 1250 2546 1321 pleniori
2593 1253 2926 1322 potestate,
2971 1255 3046 1293 ac
3098 1237 3324 1307 potiori
3376 1236 3514 1304 jure
3556 1232 3710 1290 Petro

2012 1348 2062 1400 id
2094 1358 2418 1400 concessum
2450 1339 2628 1393 fuisse
2651 1337 2796 1401 vult,
2829 1347 2973 1388 cum
3013 1332 3074 1383 in
3106 1343 3226 1382 uno
3251 1328 3551 1380 duntaxat
3579 1325 3712 1380 coelo

2012 1435 2226 1489 solvere
2261 1433 2385 1485 illos
2423 1439 2476 1483 et
2508 1430 2686 1498 ligare
2720 1439 2901 1502 posse
2938 1420 3231 1485 affirmet,
3262 1419 3508 1472 Petrum
3539 1428 3714 1470 autem

2013 1522 2064 1580 in
2105 1521 2382 1576 omnibus.
2414 1518 2577 1570 Adde
2614 1516 2853 1568 easdem
2896 1511 3061 1580 apud
3113 1509 3334 1562 Patres
3368 1521 3527 1576 smpe
3570 1507 3716 1562 locu-

2011 1613 2186 1664 tiones
2227 1621 2550 1670 occurrcre,
2592 1619 2719 1673 quae
2749 1605 2824 1656 ad
2859 1610 3098 1655 rectam
3141 1598 3355 1651 itidem
3388 1598 3718 1664 interpreta-

2015 1703 2210 1754 tionem
2245 1698 2566 1752 rcvocandzc
2602 1704 2760 1749 sunt.
2813 1693 3092 1749 [reticens
3162 1691 3273 1743 lib.
3351 1705 3436 1751 tv,
3475 1704 3604 1756 cap.
3633 1689 3718 1756 ‘20,

2020 1813 2037 1844 ι
2081 1792 2435 1860 Omnesjusti
2464 1788 2890 1842 sacerdotalem
2925 1785 3167 1840 habent
3200 1785 3510 1836 ordinem.
3547 1802 3566 1833 ι
3597 1783 3724 1835 Ter-

387 1869 507 1951 can.
549 1869 636 1957 ii),
667 1896 749 1948 his
777 1893 984 1948 verbis:
1041 1911 1058 1944 ι
1097 1892 1151 1944 Si
1190 1893 1306 1959 quis
1355 1869 1562 1943 dixerit
1610 1891 1910 1944 sacerdotes
1944 1869 1986 1922 Β
2019 1883 2271 1934 tulliantts
2323 1881 2416 1934 lib.
2475 1879 2552 1931 De
2633 1877 3052 1930 exhortatione
3096 1875 3440 1936 castitatis,
3488 1890 3615 1940 cap.
3671 1875 3721 1936 7,

391 1987 478 2061 qui
516 1986 567 2039 in
613 1996 831 2053 peccato
865 1982 1073 2036 mortali
1112 1991 1257 2042 sunt,
1295 1989 1612 2049 potestatem
1641 1979 1834 2047 ligandi
1860 1989 1914 2032 et

387 2075 622 2137 solvendi
662 2090 760 2129 non
815 2073 946 2126 habe
965 2087 1040 2134 re,
1073 2071 1349 2125 anathema
1402 2080 1535 2125 esto.
1592 2088 1609 2122 ι
1643 2070 1916 2122 Assentior

390 2166 563 2228 Sixto,
609 2173 660 2218 et
687 2179 912 2231 peccare
938 2163 1025 2216 aio
1053 2163 1357 2231 Origenem,
1393 2171 1551 2228 atque
1581 2160 1717 2212 hanc
1747 2160 1911 2211 videri

389 2256 631 2324 amplecti
673 2256 936 2319 haeresim,
977 2254 1030 2308 in
1060 2270 1159 2322 qua
1204 2253 1389 2308 deinde
1421 2252 1612 2305 versati
1662 2259 1780 2304 sunt
1812 2251 1914 2302 Do-

391 2347 619 2422 natista),
651 2359 769 2400 cum
800 2360 828 2397 a
858 2346 1188 2401 sacerdotum
1218 2344 1495 2398 sanctitate
1517 2341 1764 2397 Ecclesiae
1821 2354 1916 2408 po-

389 2443 633 2494 tesiatem
662 2438 1074 2506 suspenderunt.
1131 2435 1378 2488 Attameu
1429 2433 1758 2485 commodam
1804 2431 1917 2484 haec

391 2533 612 2598 possunt
661 2525 1151 2594 interpretationem
1198 2523 1500 2576 admittere.
1552 2519 1791 2582 Frustra,
1834 2517 1916 2570 in—

393 2613 530 2682 quit,
562 2614 753 2682 ligandi
796 2615 878 2667 vel
918 2613 1154 2668 solvendi
1191 2620 1502 2681 potestatem
1534 2607 1633 2663 sibi
1667 2616 1916 2678 arrogant

393 2701 647 2770 episcopi,
681 2717 797 2770 qua:
847 2701 1007 2754 Petro
1042 2700 1306 2768 praecipue
1359 2712 1610 2753 concessa
1662 2703 1764 2756 est,
1817 2693 1918 2748 nisi

392 2789 576 2842 eadem
607 2804 707 2856 qua
739 2789 927 2842 Petrus
976 2786 1255 2841 sanctitate
1293 2794 1345 2838 et
1373 2785 1624 2854 arquitate
1656 2782 1914 2836 ﬂoreant:

393 2879 494 2940 hoc
527 2885 628 2939 est,
672 2876 768 2929 nisi
802 2876 1037 2930 eamdem
1077 2890 1233 2941 quam
1279 2873 1466 2927 Petrus
1511 2873 1814 2947 mquitatem
1865 2871 1916 2925 in

394 2965 644 3028 solvendo
677 2973 729 3017 et
759 2963 973 3030 ligando
1003 2963 1307 3019 adhibeant.
1339 2962 1470 3014 Cttm
1499 2975 1626 3030 ergo
1657 2969 1762 3014 tam
1795 2974 1920 3014 san-

394 3063 478 3118 cte
510 3053 630 3121 jure
678 3069 771 3107 suo
819 3053 1007 3106 Petrus
1051 3058 1304 3114 uteretur,
1351 3057 1407 3102 ut
1441 3065 1530 3104 eos
1581 3057 1784 3108 tantum
1816 3049 1923 3100 eri-

397 3143 624 3203 minibus
653 3141 901 3206 solveret,
934 3140 1025 3216 qui
1072 3140 1123 3192 id
1168 3139 1475 3208 ptettitentia
1512 3152 1608 3192 sua
1646 3145 1698 3191 et
1727 3139 1922 3206 pietate

397 3242 575 3294 essent
603 3231 896 3312 promeriti,
931 3231 1072 3285 solos
1114 3229 1305 3283 noxios
1338 3228 1564 3296 ligaret;
1599 3229 1641 3281 si
1675 3227 1797 3301 quis
1823 3228 1929 3296 epi-

396 3337 586 3392 scopus
626 3321 782 3376 Petro
809 3321 1084 3380 dissimilis
1132 3326 1397 3388 potestate
1446 3317 1668 3371 abutens
1698 3333 1792 3370 sua
1847 3318 1928 3371 in-

398 3419 577 3465 sontes
627 3406 890 3480 ligaverit,
929 3407 1173 3476 indignos
1202 3403 1436 3469 solverit,
1489 3417 1592 3456 non
1626 3402 1847 3472 perinde
1876 3404 1928 3457 in

399 3499 536 3553 caelo
588 3513 646 3551 se
698 3511 784 3548 res
835 3495 1070 3548 habebit.
1123 3493 1381 3555 Subsidia
1421 3499 1502 3545 est
1535 3491 1750 3561 Origcni
1787 3493 1929 3546 istud

395 3571 704 3656 Hieronymi
751 3587 841 3640 lib.
877 3600 935 3639 ttt
998 3585 1052 3636 in
1091 3581 1276 3644 Matth.
1317 3597 1423 3644 xvt,
1457 3582 1542 3636 i9.
1585 3599 1603 3632 ι
1638 3580 1806 3637 Istum
1852 3581 1931 3635 lo-

401 3691 522 3732 cum
559 3675 788 3743 episcopi
832 3684 884 3728 et
913 3671 1206 3751 presbyteri
1253 3683 1356 3727 uon
1411 3670 1784 3742 inlelligentes,
1835 3673 1932 3725 ali-

403 3765 528 3844 quid
556 3763 656 3817 sibi
703 3763 767 3816 de
804 3762 1188 3815 Phariszeorum
1218 3767 1494 3821 aesomunt
1537 3760 1840 3826 supercilio,
1872 3772 1932 3816 ιιι

402 3856 484 3909 vel
514 3856 762 3909 damnent
791 3855 1118 3915 innocentes,
1161 3852 1243 3910 vel
1279 3850 1485 3903 solvere
1527 3864 1585 3902 se
1631 3852 1817 3903 noxios
1845 3865 1934 3903 ar-

401 3945 686 4008 bitrentur,
714 3959 833 4007 cum
863 3943 998 4018 apud
1033 3943 1194 3995 Deum
1247 3954 1348 3993 non
1381 3939 1643 3993 sententia
1677 3941 1929 3994 sacerdos

406 4045 535 4106 tum,
583 4035 675 4089 sed
724 4048 932 4087 reorum
984 4033 1092 4090 vita
1138 4040 1426 4107 quazratur.
1471 4047 1488 4080 ι
1536 4028 1733 4088 Noxios
1784 4030 1930 4092 dicit,

403 4125 492 4204 qui
523 4124 677 4189 noxis
703 4122 966 4198 impliciti,
1002 4120 1140 4174 nulla
1172 4119 1432 4172 scelerum
1463 4119 1790 4186 ptenltudiue
1823 4129 1933 4171 tan-

404 4219 626 4280 guntur:
658 4210 849 4278 alioqui
883 4222 1036 4262 nemo
1065 4206 1197 4261 solvi
1231 4215 1401 4274 potest
1435 4208 1532 4260 nisi
1576 4207 1788 4260 noxius.

472 4300 676 4355 Asserit
713 4309 962 4366 praeterea
1004 4295 1257 4363 Origenes
1299 4305 1440 4348 tomo
1497 4311 1592 4349 xm
1633 4296 1686 4348 in
1719 4294 1928 4359 Matth,

407 4404 552 4441 num.
597 4389 685 4450 5i,
733 4404 854 4457 pag.
892 4389 1013 4451 613,
1061 4385 1258 4455 ligandi
1307 4395 1360 4438 et
1409 4385 1642 4439 solvendi
1693 4395 1931 4453 potesta-

2026 1988 2043 2019 ι
2089 1968 2274 2021 Nonne
2310 1977 2364 2020 et
2400 1968 2522 2020 laici
2563 1967 2910 2019 sacerdotes
2943 1964 3218 2017 smnus?
3260 1963 3569 2032 Scriptum
3613 1976 3719 2017 est:

2025 2060 2259 2129 Regnum
2297 2075 2504 2128 quoque
2561 2074 2692 2120 nos,
2747 2067 2798 2109 et
2857 2057 3219 2110 sacerdoses
3278 2055 3437 2118 Deo,
3485 2066 3534 2107 et
3580 2054 3723 2106 Patri

2019 2165 2114 2200 suo
2145 2150 2284 2216 fecit.
2319 2167 2336 2198 ι
2368 2147 2672 2216 Gregorius
2737 2145 3062 2216 Nysseuus
3089 2145 3204 2200 lib.
3247 2145 3338 2198 De
3366 2146 3725 2212 perfectione:

2021 2238 2117 2290 Διὰ
2145 2238 2334 2290 τούτου
2376 2238 2470 2291 καὶ
2500 2238 2614 2289 τῶν
2654 2236 2945 2289 τοιούτων
2995 2237 3211 2308 πέτρα.
3257 2238 3370 2288 καὶ
3407 2239 3582 2306 ἡμεῖς
3615 2237 3727 2288 ἐσό-

2024 2328 2181 2398 μεθα,
2221 2327 2568 2397 μιμούμενοι,
2624 2327 2824 2389 καθώς
2875 2330 3010 2379 ἐστι
3051 2327 3350 2390 δυνατὸν,
3394 2329 3458 2379 ὲν
3504 2331 3572 2397 τῇ
3610 2346 3729 2398 τρεο

2022 2421 2128 2490 mf}
2155 2418 2312 2485 φύσει
2342 2417 2402 2468 τὸ
2437 2416 2716 2488 ἄτρεπτον
2759 2418 2866 2468 καὶ
2920 2417 3355 2486 ἀμετάθετον.
3391 2437 3412 2468 s
3467 2417 3575 2470 Per
3626 2419 3730 2473 hsce

2022 2515 2076 2560 et
2114 2507 2196 2559 his
2222 2507 2416 2559 similia
2452 2523 2552 2560 nos
2586 2522 2820 2575 quoque
2868 2519 3051 2576 petra
3118 2510 3395 2571 erimus,
3432 2509 3727 2570 imitantes.

2022 2596 2199 2664 quoad
2243 2594 2358 2659 ejus
2407 2595 2522 2648 ﬂeri
2573 2605 2783 2663 putest,
2833 2597 2898 2650 in
2958 2598 3270 2655 mutabili
3322 2607 3558 2664 natura,
3599 2601 3731 2666 quod

2023 2697 2276 2737 constans
2309 2693 2364 2738 et
2399 2685 2753 2738 immutabile
2789 2696 2911 2740 est.
2960 2707 2983 2738 ι
3014 2689 3410 2743 Ambrosius
3438 2688 3728 2747 Comment.

2023 2772 2075 2823 in
2111 2771 2239 2823 Luc.
2273 2787 2325 2824 ιχ
2363 2788 2378 2824 :
2411 2789 2430 2822 ι
2461 2772 2567 2838 Qui
2609 2787 2844 2826 carnem
2902 2777 3164 2840 vicerit,
3198 2777 3502 2832 Ecclesiae
3551 2777 3733 2831 funda-

2024 2872 2261 2915 mentum
2296 2872 2399 2924 est,
2433 2871 2488 2915 et
2517 2863 2566 2915 si
2599 2865 2819 2931 aequari
2855 2862 3055 2919 Petro
3093 2882 3229 2920 non
3272 2879 3505 2936 potest,
3543 2868 3729 2922 imitari

2025 2964 2227 3022 poteSt:
2251 2973 2269 3005 ι
2295 2954 2526 3024 deinde:
2566 2973 2586 3005 ι
2615 2953 2820 3022 Magna
2859 2964 3080 3010 autem
3126 2957 3379 3014 Christi
3409 2963 3619 3031 gratia,
3650 2961 3731 3028 qui

2025 3044 2199 3096 omnia
2249 3057 2414 3111 prope
2439 3043 2708 3096 vocabula
2747 3059 2852 3097 sua
2881 3047 3228 3116 discipulis
3264 3052 3418 3121 ipsis
3451 3053 3672 3107 donavit
3714 3071 3726 3107 :

2031 3134 2138 3203 Ego
2170 3149 2305 3197 sum,
2335 3135 2528 3202 inquit,
2551 3136 2649 3189 tua:
2677 3139 2880 3189 mundi
2915 3139 3063 3172 ’δ’δ’
3094 3157 3113 3205 ;
3157 3155 3230 3196 et
3281 3145 3342 3197 id
3379 3155 3599 3208 tamen,
3631 3160 3730 3214 quo

2030 3227 2142 3296 ipse
2192 3226 2485 3296 gloriatur,
2535 3228 2836 3293 discipulis
2889 3247 3137 3286 nomen
3188 3234 3476 3300 indulsit,
3519 3237 3729 3290 dicens:

1980 3311 1992 3326 “
2039 3315 2137 3370 Vos
2168 3317 2291 3369 estis
2319 3315 2411 3368 tua:
2451 3315 2645 3368 mundi
2671 3315 2718 3346 "‘
2749 3332 2763 3366 :
2811 3315 2939 3385 Ego
2987 3337 3134 3374 sim;
3193 3326 3380 3392 panis
3443 3328 3596 3378 vivus
3633 3327 3716 3386 ";

2030 3416 2081 3460 et
2113 3423 2126 3457 :
2157 3404 2269 3458 Nos
2295 3421 2471 3458 omnes
2500 3421 2640 3457 unus
2675 3409 2843 3473 panis
2888 3427 3109 3464 stmms
3149 3415 3209 3446 ⁸⁸
3251 3433 3267 3467 :
3316 3415 3447 3487 Ego
3478 3434 3599 3471 sum
3627 3417 3733 3472 vitis

2031 3511 2151 3549 vera
2175 3493 2278 3565 '9);
2311 3501 2363 3546 et
2402 3492 2494 3545 tibi
2525 3493 2703 3547 dicit:
2743 3493 3032 3551 Ριαηιαυὶ
3071 3510 3132 3555 te
3174 3504 3358 3560 vitem
3407 3507 3732 3574 fructuosam

2031 3601 2227 3644 onmem
2261 3600 2434 3642 ceram
2460 3583 2527 3634 ”.
2561 3582 2733 3637 Petra
2768 3595 2862 3638 est
2893 3587 3210 3648 Christus
3274 3576 3581 3664 (bibebant
3606 3597 3732 3648 enim

2032 3677 2096 3729 de
2129 3674 2350 3740 spiritali
2383 3684 2631 3742 sequente
2670 3687 2883 3743 petra;
2930 3689 3113 3746 petra
3165 3696 3378 3737 autem
3421 3697 3546 3740 erat
3587 3687 3732 3741 Chri-

2031 3773 2142 3816 stus
2172 3761 2276 3831 ")z
2309 3762 2470 3815 etiam
2490 3761 2770 3830 discipulo
2804 3777 2918 3817 suo
2953 3765 3149 3832 hujus
3192 3771 3483 3824 vocabuli
3512 3772 3733 3839 gratiam

2035 3868 2138 3904 non
2175 3850 2410 3919 negavit,
2452 3859 2511 3903 ut
2547 3861 2603 3904 et
2655 3852 2782 3919 ipse
2827 3853 2907 3906 sit
2944 3852 3216 3925 Petrus,
3260 3863 3429 3930 quod
3473 3864 3544 3917 de
3595 3872 3735 3931 petra

2032 3943 2228 3997 haheat
2285 3941 2618 3996 soliditatem
2682 3945 3096 4011 constantiae,
3175 3953 3324 4006 ﬁdei
3390 3953 3734 4006 nrtnitatctn.

2038 4034 2255 4085 Enitere
2287 4047 2416 4100 ergo
2452 4041 2512 4084 ut
2545 4041 2601 4085 et
2643 4042 2699 4086 tu
2731 4044 2899 4102 petra
2949 4039 3065 4092 sis.
3109 4061 3133 4092 ι
3186 4044 3599 4111 Augustinus,
3651 4045 3734 4098 lib.

2035 4138 2070 4175 ιι
2130 4121 2564 4188 Quest.evang.,
2613 4138 2745 4190 cap.
2776 4125 2880 4190 40,
2924 4147 2946 4178 ε
3000 4129 3456 4188 Sacerdotium
3492 4150 3630 4188 γεω
3650 4131 3738 4187 ιιι..

2033 4211 2269 4263 ἀωοιιιιιι
2301 4224 2464 4262 nemo
2501 4208 2618 4264 fere
2669 4211 2934 4268 ﬁdelium
2979 4219 3245 4274 dubitat
3289 4224 3546 4293 ﬁguram
3583 4222 3740 4278 fuisse

2032 4298 2319 4352 sacerdotii
2357 4297 2592 4366 regalis,
2642 4302 2796 4367 quod
2848 4313 2946 4356 est
3005 4308 3069 4359 in
3111 4310 3432 4375 Ecclesia,
3472 4329 3588 4381 quo
3622 4327 3741 4365 cono

2033 4397 2324 4441 sccranlur
2381 4402 2574 4442 omnes
2628 4391 3010 4456 pertinentes
3071 4402 3154 4451 ad
3230 4420 3466 4472 corpus
3520 4403 3734 4461 Christi,

407 4485 512 4530 :etn
541 4476 784 4530 omnibus
810 4494 837 4528 a
871 4478 1084 4530 Christo
1117 4477 1281 4532 fuisse
1329 4489 1658 4538 concessam,
1707 4475 1931 4541 quicuuo
1961 4500 2005 4553 Ι)
2035 4477 2228 4530 sunnni
2263 4485 2318 4530 et
2347 4477 2458 4530 veri
2491 4478 2761 4546 principis
2799 4486 3244 4545 sacerdotum.
3295 4493 3452 4548 Nam
3507 4508 3654 4548 nunc
3691 4501 3738 4544 el

405 4579 508 4631 que
536 4565 718 4616 noxios
752 4575 830 4616 ter
877 4566 1333 4633 reprehenderint.
1363 4565 1435 4618 Ita
1486 4573 1627 4616 ιοιιιο
1653 4578 1749 4626 χιι,
1780 4579 1924 4616 nunt.

407 4653 494 4717 10,
526 4665 644 4718 pag.
690 4650 811 4714 524,
857 4667 1064 4706 onmem
1114 4655 1309 4709 Christi
1363 4654 1674 4722 discipulum
1724 4662 1926 4719 petram

406 4757 523 4807 esse
561 4743 633 4794 ait
673 4756 828 4807 Super
877 4759 1037 4810 quam.
1069 4746 1314 4800 Ecclesia
1365 4745 1559 4801 Christi
1605 4745 1924 4808 :ediiicatur;

406 4832 525 4891 εαξιὶ
553 4830 730 4889 claves
765 4832 1010 4899 perfectis
1033 4836 1327 4904 quibusque
1368 4835 1557 4900 tribui;
1584 4843 1638 4886 et
1675 4849 1924 4902 qumcun-

406 4937 508 4992 que
541 4920 751 4975 tandem
794 4920 950 4974 Petro
983 4925 1243 4989 pollicitus
1291 4935 1374 4977 est
1425 4925 1667 4978 Chrisnts
1713 4926 1929 4992 adeptu-

407 5027 543 5077 rum,
580 5010 820 5080 quisquis
847 5008 1002 5062 Petro
1031 5011 1254 5071 similem
1296 5029 1352 5066 se
1379 5015 1700 5082 praestiterit.
1735 5013 1926 5066 Verum

407 5102 696 5170 posteriora
733 5099 844 5156 haec
875 5097 1158 5173 allegorice
1186 5099 1321 5152 dicta
1351 5101 1488 5164 esse,
1525 5117 1626 5154 non
1667 5102 1930 5170 dogmati-

405 5206 488 5254 ce,
538 5191 662 5244 illttd
707 5188 906 5243 evincit
948 5187 1086 5264 quod
1133 5188 1347 5240 subest:
1373 5189 1438 5238 Εἴ
1467 5206 1548 5251 τις
1587 5190 1732 5255 λέγει
1779 5187 1934 5240 τοῦτο

405 5282 498 5350 (Σὺ
532 5280 626 5336 sic
652 5282 879 5352 Χριστὸς
902 5284 929 5334 ὁ
953 5279 1082 5353 Υἱὸς
1113 5279 1205 5331 τοῦ
1233 5278 1365 5330 Θεοῦ
1411 5279 1503 5331 τοῦ
1539 5280 1770 5351 ζῶντος)
1799 5278 1934 5349 πρὸς

406 5371 561 5423 αὑτὸν
609 5371 923 5441 (Χριστὸν),
979 5369 1038 5423 οὐ
1084 5368 1276 5438 σαρκὸς
1325 5369 1416 5418 καὶ
1467 5370 1690 5438 αἵματος
1733 5372 1936 5422 ἀποκα-

405 5455 677 5524 λυψάντων
719 5461 885 5531 αὐτῷ,
920 5459 1055 5514 ἀλλὰ
1085 5457 1176 5511 τοῦ
1201 5460 1256 5509 ἐν
1280 5461 1388 5518 τοῖς
1422 5458 1662 5527 οὐρανοῖς
1706 5461 1915 5528 Πατρὸς

406 5544 646 5611 τεύξεται
684 5550 790 5603 τῶν
839 5551 1155 5621 εἰρημένων,
1199 5547 1273 5609 ὡς
1330 5545 1424 5615 μὲν
1479 5546 1539 5596 τὸ
1573 5548 1799 5619 γράμμα
1845 5549 1937 5601 τοῦ

475 5657 593 5692 ⁸⁸⁸⁸⁸³
619 5661 767 5718 Joan.
802 5680 914 5726 vttt,
949 5668 1028 5718 12.
1061 5677 1064 5680 ’
1105 5665 1149 5695 ³³
1205 5661 1387 5713 Μέδων·
1429 5675 1478 5724 Vt
1513 5660 1596 5713 “'-

411 5739 470 5790 tt,
497 5727 582 5780 21.
659 5733 699 5762 ³⁸
729 5737 747 5784 ι
779 5748 901 5795 μυί.
937 5752 988 5798 x,
1015 5735 1068 5786 lt.
1144 5736 1186 5765 ⁹²
1221 5732 1238 5793 ι
1284 5731 1425 5792 I’ctr.
1468 5745 1524 5791 ιι,
1573 5731 1630 5788 ξι.

1672 5665 1714 5693 ⁸⁷
1744 5665 1892 5723 Jom.
1931 5679 2000 5728 γι,
2046 5667 2140 5722 41.

2033 4581 2224 4622 omnes
2266 4577 2590 4656 unguntur,
2649 4575 2804 4642 quod
2875 4586 3024 4633 tunc
3088 4586 3359 4650 regibus
3422 4598 3645 4640 tantum
3691 4593 3738 4636 et

2034 4657 2407 4710 sacerdotibus
2462 4661 2650 4714 iiebat.
2713 4663 2781 4716 Et
2818 4668 2980 4732 quod
3046 4673 3137 4724 ait
3194 4675 3421 4730 l‘etrus
3466 4680 3540 4729 ad
3588 4675 3737 4728 Chri-

2034 4748 2269 4800 stianum
2321 4751 2583 4818 p0pttlum
2642 4752 2964 4809 scribens:
3023 4757 3262 4831 Regule
3325 4769 3738 4828 sacerdotium;

2039 4845 2336 4905 utrumque
2373 4855 2571 4894 nomen
2626 4842 2702 4894 illi
2742 4846 2963 4913 pepulo
3011 4857 3371 4910 convenire
3415 4859 3736 4917 declaravit,

2033 4937 2140 5017 quo
2193 4925 2282 4978 illa
2324 4929 2510 4982 unctio
2558 4933 2912 4998 pertinebat.
2969 4954 2992 4987 ›
3070 4939 3347 5012 Ligandi
3407 4964 3642 5017 quoque
3691 4955 3738 5000 et

2035 5012 2282 5107 solvendi
2319 5026 2649 5084 potestatem
2692 5037 2900 5078 eorum
2935 5031 3254 5101 omnium,
3301 5012 3736 5107 qui—peccantes

2036 5102 2237 5160 fratres
2267 5107 2755 5177 objurgationibus
2793 5116 3139 5188 incessunt,
3197 5102 3594 5184 con—tntu-netn
3624 5143 3736 5184 esse

2037 5193 2224 5282 volunt
2280 5198 2625 5268 Augustinus
2671 5204 2742 5257 de
2789 5209 2981 5262 verbo
3042 5212 3330 5282 Domini,
3391 5220 3596 5273 ltotnil.
3652 5235 3732 5280 sV.

2039 5280 2486 5371 :l‘iteophylactus
2515 5294 2571 5345 in
2616 5291 2821 5351 Matth.
2875 5313 3058 5366 xvnt,
3096 5307 3231 5371 '18,
3281 5280 3346 5363 et
3401 5311 3732 5366 Anastasius

2038 5367 2282 5430 Nicenus
2313 5391 2510 5446 quzest.
2541 5382 2632 5435 61.

2115 5461 2429 5573 ΙΙ.ηξΙει;ιιιίε
2459 5489 2590 5528 vero
2618 5483 2673 5529 et
2706 5481 2976 5545 repetitis
3013 5495 3471 5549 controversiis
3507 5505 3730 5573 vexstps

2042 5563 2127 5606 est
2186 5556 2277 5613 ille
2328 5562 2583 5633 Origenis
2629 5566 2698 5620 de
2735 5567 3120 5630 Eucharistia
3177 5580 3384 5650 locus,
3425 5600 3594 5652 quem
3645 5556 3715 5637 ὦ(

2223 5677 2317 5733 ⁸⁸1
2358 5681 2485 5742 Cor,
2542 5700 2593 5746 κ,
2639 5683 2701 5741 i7
2804 5685 2854 5716 ⁸³
2887 5686 3060 5748 Joan.
3095 5711 3195 5762 xv,
3249 5699 3305 5758 Ι,
3421 5699 3472 5732 ’⁸
3523 5695 3696 5752 Jcretu
