3920 6458
160 375 338 455 M4

1050 387 1613 454 ORIGENlANORUM
1648 396 1777 452 LlB.
1816 395 1877 462 il,
1916 396 2062 451 CAl’.
2103 396 2164 460 ll,
2205 395 2477 462 QUASST.
2513 395 2649 450 XIV.

3261 392 3393 447 1078

190 518 358 570 ωηο
388 515 443 557 x-l
480 503 536 560 in
573 508 795 581 Matth”
828 532 974 571 num.
1007 519 1091 584 14,
1122 533 1242 587 pag.
1273 514 1403 582 498,
1436 518 1768 578 exhibemus.
1800 519 1844 574 A
1869 516 2057 572 fuisset
2083 525 2361 582 nacturns,
2390 516 2435 570 si
2460 513 3042 586 sumpsisseLMateri-a
3067 521 3239 566 autem
3271 527 3397 566 con-

210 606 440 660 Summa
471 597 619 656 illius
667 604 784 661 haec
811 617 928 662 est:
971 609 1262 674 Quemdam
1306 606 1494 674 objicit
1543 606 1643 660 sibi
1685 606 1766 660 di-

220 703 454 756 centem,
489 705 612 746 cum
656 694 810 761 juxta
848 696 1042 752 Christi
1081 697 1500 767 pronuntiatum,
1535 697 1674 764 quod
1715 697 1765 749 in

223 799 286 839 os
323 784 521 849 intrat,
555 784 829 842 hominem
879 803 983 842 non
1037 790 1297 856 inquinet,
1335 788 1408 842 ita
1435 788 1574 857 quod
1615 786 1668 840 in
1707 799 1768 841 os

225 874 428 939 intrat,
487 873 760 929 hominem
800 886 1044 931 sanctum
1077 892 1177 931 non
1206 877 1434 943 eﬁicere,
1465 877 1589 932 licet
1616 890 1769 931 secus

225 963 293 1018 de
334 978 477 1032 pane
520 965 718 1020 Christi
762 965 1120 1035 simpliciores
1164 971 1418 1021 sentiant.
1466 967 1768 1036 Respondet

221 1055 516 1124 Origenes,
538 1058 984 1124 quemadmodum
1017 1073 1121 1112 non
1151 1057 1300 1111 cibus
1327 1057 1566 1111 edentem
1599 1057 1769 1124 inqui-

217 1152 335 1207 nat,
371 1147 472 1200 sed
497 1147 616 1217 ejus
643 1149 966 1204 conscientia
996 1150 1085 1218 qui
1113 1165 1232 1204 cum
1256 1149 1585 1205 dubitatione
1620 1161 1770 1201 com-

215 1237 371 1302 edit;
414 1247 474 1292 et
523 1241 962 1306 quemadmodum
1010 1241 1218 1309 impuro
1259 1240 1461 1295 homini
1516 1236 1767 1292 mundum

215 1326 354 1380 nihil
394 1336 507 1392 est,
539 1344 644 1382 non
669 1344 734 1383 ex
761 1343 842 1395 se,
875 1333 964 1386 sed
1007 1340 1222 1401 propter
1259 1330 1449 1399 impuri
1492 1327 1649 1397 hujus
1676 1328 1798 1379 ho-

216 1419 386 1472 minis
422 1420 854 1488 immunditiam;
897 1424 968 1476 ita
1002 1424 1140 1490 quod
1175 1437 1268 1489 per
1294 1421 1512 1476 verbum
1560 1419 1672 1484 Dei,
1718 1426 1772 1471 et

212 1524 444 1578 precem
480 1522 854 1567 consecratum
904 1523 1004 1580 681,
1040 1528 1142 1567 non
1193 1527 1261 1567 ex
1307 1526 1365 1566 se
1407 1510 1768 1564 comedentem

213 1599 441 1655 eﬂicere
471 1611 741 1667 sanctum,
790 1602 1026 1668 alioquin
1067 1611 1121 1655 et
1161 1601 1208 1655 ci
1255 1601 1344 1668 qui
1391 1598 1621 1667 peccatis
1667 1595 1774 1665 pol-

214 1689 368 1744 lutus
404 1691 665 1756 comedit,
698 1693 1038 1746 sanctitatem
1072 1691 1386 1745 collaturum
1420 1708 1435 1756 ;
1487 1688 1578 1742 sed
1608 1701 1670 1740 ex
1708 1700 1772 1740 eo

214 1786 335 1832 tum
371 1780 799 1835 emolumentum
842 1781 979 1848 capi,
1024 1795 1140 1834 cum
1192 1793 1322 1846 pura
1359 1786 1532 1830 mente
1593 1785 1646 1830 et
1687 1775 1766 1827 in-

211 1872 374 1932 tegra
411 1866 748 1920 conscientia
797 1867 1090 1935 accipitur:
1143 1880 1314 1934 neque
1360 1864 1674 1918 abstinendo
1710 1863 1776 1915 ab
1807 1833 1847 1886 Β

211 1951 323 2005 hoc
379 1966 529 2020 pane
571 1953 653 2006 vel
699 1955 940 2008 eumdem
982 1956 1328 2017 comedendo,
1371 1967 1435 2006 ex
1474 1954 1573 2006 hac
1615 1952 1777 2006 absti-

213 2044 415 2098 nentia
450 2043 540 2097 vel
581 2060 696 2108 esu,
745 2045 884 2100 bono
918 2046 1095 2112 aliquo
1143 2061 1240 2120 nos
1279 2044 1516 2097 fraudari
1561 2044 1643 2097 vel
1692 2059 1778 2096 au-

213 2133 361 2202 geri,
412 2133 515 2187 sed
555 2135 627 2187 ita
661 2135 922 2188 duntaxat
958 2137 1000 2188 si
1034 2135 1114 2188 vel
1143 2125 1367 2201 neq'nam
1403 2136 1481 2188 vel
1514 2133 1660 2201 probi
1707 2134 1778 2187 si-

212 2237 364 2288 mus,
412 2223 630 2277 dicente
673 2223 837 2278 Paulo
879 2226 900 2276 Ι
935 2224 1058 2279 Cor.
1085 2239 1202 2287 vnn,
1237 2224 1269 2278 8
1301 2241 1315 2276 :
1351 2223 1530 2292 Neque
1571 2226 1706 2276 enim
1733 2225 1777 2276 si

209 2313 750 2376 manducaverimus,
779 2313 1196 2379 abundabimus;
1232 2329 1390 2382 neque
1417 2316 1460 2367 si
1492 2329 1592 2366 non
1631 2329 1781 2366 man-

210 2401 628 2464 ducaverimus,
652 2399 965 2466 deﬁcientes.
989 2399 1271 2472 Subjungit
1297 2411 1574 2470 praeterea,
1597 2416 1780 2469 quem»

212 2482 525 2544 admodum
556 2489 610 2542 in
639 2499 880 2544 ventrem
905 2489 1222 2556 demittitur,
1250 2491 1387 2557 quod
1422 2491 1584 2544 intrat
1615 2491 1666 2544 in
1697 2505 1776 2554 os,

215 2594 282 2632 ac
319 2577 537 2633 deinde
581 2576 796 2644 eiicitur
829 2578 880 2631 in
913 2591 1223 2643 secessum;
1269 2579 1339 2632 ita
1381 2594 1566 2647 panem
1601 2594 1782 2634 conse-

212 2677 468 2734 oratum,
502 2667 798 2722 secundum
829 2668 880 2722 id
907 2668 1047 2735 quod
1079 2669 1298 2722 materia
1317 2679 1627 2723 concretum
1658 2669 1780 2724 huic

213 2758 407 2823 inest,
464 2757 518 2811 in
573 2766 816 2811 ventrem
861 2757 1092 2821 demitti,
1128 2766 1182 2812 et
1217 2758 1333 2826 ejici
1382 2760 1432 2811 in
1477 2773 1778 2824 secessum,

214 2847 314 2902 sed
354 2860 462 2915 per
495 2846 856 2910 precationem
886 2861 1002 2913 qua:
1037 2846 1112 2900 illi
1164 2847 1407 2910 accessit,
1428 2847 1608 2900 utilem
1635 2863 1782 2902 com-

214 2937 410 2992 edenti
463 2934 605 2990 eﬂici
654 2949 748 3003 pro
812 2934 925 3002 ejus
975 2935 1093 2989 ﬁdei
1146 2936 1423 3004 portione;
1481 2952 1578 2991 nec
1631 2939 1781 3006 panis

216 3026 548 3091 materiam,
583 3024 676 3080 sed
708 3025 966 3094 prolatum
999 3039 1164 3094 super
1199 3041 1263 3079 eo
1295 3041 1615 3091 sermonem,
1658 3043 1778 3082 eum

1867 618 2015 662 stans
2042 606 2130 660 illa
2168 607 2321 674 panis
2349 622 2490 676 pars,
2529 622 2686 676 quam
2738 608 2790 660 in
2839 619 3107 660 secessum
3149 603 3267 671 ejici
3297 604 3394 669 ait,

1865 714 1928 754 ea
1983 706 2104 751 sunt
2151 697 2446 751 accidentia
2498 698 2734 752 materia:
2790 696 2942 765 panis
2982 695 3290 749 inliterentia
3341 703 3398 748 et

1865 789 1976 858 ejus
2000 790 2243 858 propria,
2276 801 2393 856 qua:
2422 797 2668 856 corrupta
2696 802 2725 841 a
2770 786 3061 849 stomacho,
3103 793 3157 838 et
3202 785 3254 838 in
3297 797 3394 837 no-

1865 894 1982 933 vam
2011 892 2269 934 conversa
2296 877 2670 939 substantiam,
2696 877 2774 931 vel
2807 876 2858 928 in
2888 890 3154 930 secessum
3181 873 3392 936 abeunt,

1866 970 1950 1024 vel
1976 969 2194 1023 humani
2225 967 2466 1037 corporis
2496 967 2720 1020 formam
2752 965 2995 1020 induunt.
3026 964 3392 1018 Precationem

1868 1073 1993 1113 vero
2025 1059 2190 1124 illam,
2225 1073 2343 1126 quae
2393 1071 2580 1128 panem
2619 1056 3014 1111 comedentibus
3059 1056 3238 1109 utilem
3284 1052 3396 1106 em.

1868 1151 1960 1216 cit,
1992 1158 2044 1205 et
2081 1162 2374 1205 sermonem
2410 1162 2569 1216 super
2596 1161 2731 1216 pane
2777 1145 3062 1214 prolatum,
3093 1145 3218 1212 quid
3253 1143 3396 1198 aliud

1867 1255 1984 1296 esse
2015 1240 2208 1304 dicam,
2242 1253 2402 1308 quam
2429 1237 2648 1306 mystica
2682 1235 2769 1290 illa
2804 1236 2984 1298 verba,
3029 1235 3221 1303 quibus
3245 1234 3398 1304 panis

1868 1337 2248 1394 consecratur,
2296 1336 2350 1381 et
2395 1342 2512 1395 qua:
2549 1325 2712 1396 εὐχήν
2763 1339 2826 1380 ac
2859 1325 3136 1396 mysticam
3182 1339 3425 1392 precem.

1871 1419 2110 1473 nonnulli
2151 1418 2338 1473 Patres
2383 1416 2682 1486 appellant?
2735 1416 2856 1484 quia
2903 1414 3282 1484 precationem,
3332 1415 3424 1468 li-.

1871 1518 1956 1564 cet
2007 1523 2110 1562 non
2159 1523 2491 1577 expressam,
2543 1507 2837 1571 involvunt,
2891 1521 2992 1574 qua
3050 1505 3210 1559 Deum
3252 1514 3402 1572 rogat

1871 1601 2119 1654 sacerdos
2147 1609 2209 1653 ut
2243 1599 2463 1668 prolatis
2508 1614 2537 1652 a
2569 1613 2624 1652 se
2656 1598 2892 1667 mysticis
2921 1596 3099 1649 verbis
3144 1595 3282 1648 idem
3323 1594 3400 1648 ef-

1872 1683 2034 1748 ﬁciat,
2086 1685 2224 1753 quod
2265 1685 2438 1739 eﬁ‘ecit
2488 1684 2635 1747 olim,
2672 1699 2792 1737 cum
2844 1683 3030 1738 eadem
3060 1684 3172 1752 ipse
3199 1681 3400 1751 profer-

1874 1784 1975 1830 ret.
2011 1775 2183 1842 Atque
2232 1789 2324 1844 per
2370 1775 2484 1829 haec
2519 1789 2637 1828 cum
2685 1775 2837 1842 panis
2877 1774 2929 1827 in
2981 1788 3173 1841 corpus
3202 1772 3402 1828 Christi

1877 1864 2138 1918 elIiciatur
2194 1865 2491 1926 conversio,
2545 1863 2908 1918 comedentem
2967 1863 3258 1916 accidentia
3313 1862 3400 1916 illa

1877 1952 2092 2006 minime
2129 1952 2334 2021 juvant,
2380 1954 2473 2006 sed
2514 1967 2608 2022 per
2644 1953 2863 2022 mystica
2908 1952 2996 2004 illa
3036 1953 3194 2005 verba
3227 1952 3302 2016 ﬁt,
3347 1961 3427 2008 ut.

1875 2057 1968 2096 esu
2013 2042 2254 2109 corporis
2289 2042 2485 2096 Christi
2520 2043 2850 2111 adjuvemnr.
2905 2039 3150 2110 I‘ypicum
3181 2042 3408 2110 denique

1876 2143 1930 2188 et
1959 2133 2304 2204 symb‘olicum
2346 2150 2539 2204 corpus
2579 2134 2827 2201 appellat,
2859 2133 2942 2188 vel
2970 2135 3109 2202 quod
3156 2132 3254 2186 sub
3281 2146 3404 2199 spe-

1878 2222 1960 2276 cie
1990 2231 2043 2276 et
2087 2223 2436 2278 similitudine
2479 2225 2632 2292 panis
2665 2223 2985 2286 delitescat;
3025 2232 3080 2276 et
3117 2237 3238 2276 cum
3286 2235 3408 2274 eor-

1878 2329 1977 2381 pus
2014 2313 2208 2368 Christi
2240 2314 2410 2382 reipsa
2442 2314 2533 2378 sit,
2563 2324 2686 2382 typo
2732 2323 2787 2368 et
2829 2313 3068 2383 symbolo
3098 2311 3247 2380 panis
3290 2324 3410 2364 esse

1880 2401 2149 2458 videatur:
2201 2403 2342 2471 quod
2394 2403 2530 2457 idem
2578 2412 2659 2458 est
2711 2417 2774 2457 ac
2827 2403 2871 2456 si
2914 2399 3300 2456 sacramentale
3326 2399 3424 2453 di—-

1877 2492 2066 2555 xisset,
2098 2492 2220 2560 quia
2267 2506 2371 2546 non
2422 2493 2617 2546 nudum
2668 2492 2869 2547 Christi
2914 2491 3267 2561 contingimus
3291 2503 3411 2544 cor-

1876 2597 1998 2650 pus,
2038 2583 2128 2636 sed
2162 2581 2260 2636 sub
2293 2581 2550 2650 symbolis
2581 2582 2899 2637 involutum.
2946 2581 3281 2649 Quapropter
3323 2581 3413 2634 ho-

1879 2673 2020 2726 milia
2065 2673 2094 2725 7
2127 2673 2181 2725 in
2217 2671 2402 2735 Leuit,
2435 2687 2580 2726 num.
2635 2671 2690 2734 5,
2745 2671 2822 2724 sic
2884 2670 3097 2724 disserit
3147 2669 3412 2722 Adaman-

1879 2764 2020 2816 tius:
2057 2781 2075 2813 ‹
2121 2761 2211 2816 Est
2237 2771 2286 2816 et
2316 2763 2368 2815 in
2400 2761 2544 2815 Novo
2577 2759 2916 2814 Testamento
2945 2758 3140 2821 littera,
3170 2772 3286 2824 qua:
3322 2771 3416 2810 oc-

1879 2851 2018 2904 cidat
2051 2865 2197 2914 eum,
2229 2850 2315 2918 qui
2373 2865 2477 2904 non
2513 2834 2836 2917 'spiritalitcr
2881 2862 2998 2916 qua:
3039 2847 3288 2902 dicuntur
3315 2846 3424 2898 ad-

1879 2943 2120 2996 verterit.
2156 2943 2210 2997 Si
2249 2943 2389 2995 enim
2429 2941 2720 2996 secundum
2773 2939 3002 2992 litteram
3033 2936 3276 3003 sequaris
3308 2936 3431 2989 hoc.

1882 3034 2052 3102 ipsum
2080 3033 2218 3100 quod
2244 3032 2440 3086 dictum
2468 3039 2550 3085 est
2581 3031 2626 3061 ”
2652 3045 2665 3081 :
2707 3028 2825 3082 Nisi
2841 3025 3272 3081 manducaveritis
3291 3040 3434 3077 car-.

209 3117 443 3187 juvare,
481 3115 576 3184 qui
625 3129 729 3168 non
775 3114 988 3183 indigne
1032 3114 1203 3183 ipsum
1252 3115 1502 3170 comedit.
1542 3116 1780 3185 Denique
1808 3135 1852 3194 ο
1883 3139 1996 3176 rtem
2039 3139 2224 3188 meam,
2262 3132 2309 3174 et
2355 3121 2579 3174 biberitis
2621 3121 2921 3188 sanguinem
2965 3133 3134 3171 meum
3158 3133 3178 3181 ;
3224 3115 3412 3168 occidit

217 3220 428 3278 panem
463 3205 640 3268 illum,
687 3203 918 3273 typicum
965 3213 1018 3257 et
1065 3202 1414 3272 symbolicum
1451 3219 1642 3273 corpus
1687 3220 1777 3274 ap-

219 3296 419 3364 pellat.
472 3292 698 3359 Reliqua
743 3290 809 3344 ad
855 3306 1005 3346 esum
1055 3292 1292 3358 corporis
1326 3292 1524 3347 Christi
1565 3293 1780 3362 spirita-

219 3386 328 3440 lem
379 3382 695 3452 pertinent,
749 3396 854 3434 non
903 3383 1336 3436 sacramentalem
1376 3392 1436 3437 ut
1483 3385 1776 3450 superiora,

219 3483 422 3530 contra
477 3485 640 3538 quam
685 3469 932 3537 opinatus
973 3479 1053 3523 est
1093 3469 1403 3526 Vincentius
1446 3471 1782 3526 Bellovacen-

219 3564 320 3626 sis,
359 3559 587 3629 Specul.
626 3557 930 3620 doctrinaL,
979 3558 1076 3610 lib.
1120 3573 1271 3624 xvut,
1318 3575 1430 3628 cap.
1468 3561 1556 3624 4‘5,
1599 3559 1805 3629 Orige»

220 3668 348 3709 nem
389 3652 500 3705 hac
545 3649 612 3702 de
658 3661 820 3701 causa
862 3647 1128 3702 immerito
1158 3650 1443 3718 castigans.
1484 3650 1676 3704 Facilis
1703 3659 1784 3704 est

220 3743 327 3799 loci
364 3740 537 3809 hujus
558 3740 710 3806 juxta
736 3734 982 3789 Ecclesiae
1010 3736 1304 3790 doctrinam
1330 3739 1623 3805 expositio:
1660 3755 1781 3792 nam

221 3843 284 3890 ut
313 3847 392 3888 ex
433 3826 687 3896 corporis
725 3824 924 3880 Christi
951 3838 1046 3878 esu
1075 3825 1435 3894 adjumentum
1463 3829 1584 3895 quis
1609 3830 1784 3896 capiat

221 3941 334 3982 no
364 3935 503 3977 esus
530 3920 647 3986 ipse
671 3914 884 3979 sulllcit,
916 3915 1008 3970 sed
1037 3915 1242 3982 integra
1270 3927 1523 3986 praeterea
1555 3927 1608 3972 et
1648 3921 1802 3974 inta-r

223 4016 447 4070 minata
507 4022 664 4062 mens
729 4004 1052 4072 requiritur,
1097 4005 1330 4072 alioquin
1371 4004 1631 4074 judicium
1683 4009 1782 4062 sibi

223 4111 540 4165 manducat
593 4111 649 4156 et
694 4099 854 4162 bibit,
891 4101 980 4168 qui
1034 4101 1186 4154 noxis
1229 4101 1457 4168 pollutus
1490 4103 1556 4156 ad
1603 4103 1786 4158 altaris

224 4200 648 4253 sacramentum
692 4188 914 4240 accedit.
973 4187 1154 4256 Itaque
1199 4203 1302 4240 non
1332 4203 1398 4241 ex
1443 4203 1500 4242 se
1529 4189 1698 4244 solum
1733 4198 1787 4244 et

224 4285 573 4356 simpliciter
601 4279 779 4334 edenti
829 4279 1163 4334 sanctitatem
1197 4280 1425 4345 confert,
1471 4281 1563 4335 sed
1597 4283 1700 4350 ita,
1742 4286 1787 4338 si

227 4379 299 4433 ab
331 4375 543 4432 edente
576 4378 723 4424 certa
768 4367 897 4421 ﬁdes
942 4377 995 4422 et
1029 4384 1192 4436 purus
1234 4371 1441 4426 animus
1495 4371 1784 4428 adhibean-

1882 3212 1992 3264 lucc
2023 3209 2218 3264 littera.
2254 3229 2272 3261 ι
2307 3209 2627 3278 Spiritaliter
2657 3209 2769 3262 haec
2810 3206 3034 3273 intelligi
3077 3206 3245 3271 jubet,
3291 3203 3434 3272 quia

1882 3297 2342 3353 sacramentaliter
2369 3310 2588 3350 carnem
2631 3309 2779 3349 suam
2833 3293 3142 3348 manducari
3193 3301 3248 3345 et
3293 3307 3416 3346 san-

1883 3387 2093 3454 guinem
2140 3399 2292 3438 suum
2321 3385 2432 3438 bibi
2459 3384 2630 3438 sancit
2672 3385 2940 3446 Christus,
2983 3395 3088 3435 non
3117 3395 3224 3448 quo
3261 3380 3416 3434 modo

1883 3486 2074 3526 carnes
2110 3471 2242 3525 alias
2287 3473 2532 3527 dentibus
2577 3472 3014 3526 comminuimns.
3051 3468 3159 3524 Nec
3191 3483 3417 3536 respon-

1885 3562 2051 3630 sionis
2108 3562 2262 3629 hujus
2325 3565 2485 3617 robur
2532 3562 2772 3633 infringit
2834 3561 3141 3615 Edmundus
3175 3558 3421 3613 'Alberti-

1888 3667 1987 3705 nus
2035 3653 2170 3721 (40),
2215 3667 2334 3706 cum
2369 3653 2446 3706 ait
2493 3667 2688 3722 negare
2732 3653 2838 3706 illic
2889 3652 3169 3720 Origenem
3212 3649 3420 3704 comedi

1889 3756 2102 3794 carnem
2133 3741 2328 3795 Christi
2359 3744 2647 3796 secundum
2673 3744 2938 3807 litteram;
2967 3741 3208 3810 quisquis
3243 3748 3422 3794 autem

1889 3833 2118 3886 comedit
2149 3833 2346 3886 Christi
2387 3849 2600 3887 carnem
2621 3874 2636 3898 ,
2677 3833 2802 3888 licet
2834 3848 2936 3887 non
2968 3832 3036 3884 in
3059 3832 3272 3900 propria
3301 3845 3422 3897 spe-

1890 3922 1972 3974 cie
2000 3931 2054 3976 et
2102 3922 2267 3990 ﬁgura
2307 3923 2571 3985 comedat,
2618 3924 2814 3976 Christi
2867 3932 3041 3974 tamen
3085 3934 3299 3972 carnem
3336 3934 3422 3972 se-

1890 4011 2117 4064 cundum
2154 4011 2382 4064 litteram
2423 4012 2721 4065 comedere.
2769 4011 2979 4064 lnﬁcior
3019 4009 3157 4062 enim
3205 4021 3419 4060 carnem

1890 4100 2089 4156 Christi
2122 4115 2240 4153 eum
2277 4101 2558 4154 comedere
2608 4101 2896 4154 secundum
2933 4100 3200 4161 litteram,
3233 4098 3330 4166 .qui
3361 4096 3422 4149 il-

1893 4190 1993 4242 lam
2027 4203 2129 4242 non
2170 4188 2221 4240 in
2253 4192 2464 4256 pr0pria
2504 4189 2682 4254 specie
2713 4197 2764 4242 et
2797 4192 2962 4256 ﬁgura
2995 4187 3225 4240 comedit
3248 4205 3262 4239 :
3284 4184 3418 4239 'natn

1891 4278 2166 4332 comedere
2210 4277 2500 4330 secundum
2533 4276 2764 4330 litteram
2787 4314 2801 4339 ,
2836 4275 2961 4329 illud
2998 4286 3100 4342 est,
3129 4275 3214 4328 ita
3241 4287 3422 4328 come-

1893 4372 2039 4433 dere,
2078 4368 2344 4437 quomodo
2385 4367 2652 4422 esculenta
2699 4369 2976 4422 comedere
3025 4367 3420 4428 consuevimus,

227 4477 342 4521 tur.
378 4459 652 4518 Similiter
676 4456 835 4509 homo
867 4455 969 4510 hoc
1012 4457 1286 4512 abstinens
1329 4470 1682 4526 sacramento,
1709 4460 1790 4516 vel
1818 4463 1866 4521 ι)
1891 4459 2140 4512 nimirum
2185 4459 2264 4512 ori
2320 4459 2523 4513 inserta
2585 4458 2830 4512 dentibus
2871 4456 3196 4527 permolere,
3243 4456 3421 4524 lingua

223 4554 384 4627 quod
433 4548 675 4604 nondum
698 4544 798 4598 sibi
827 4545 1048 4609 sitsatis
1071 4547 1342 4613 probatus,
1376 4548 1457 4602 vel
1485 4550 1624 4616 quod
1661 4565 1789 4603 non-

224 4648 364 4700 dum
383 4642 596 4713 justam
616 4634 1097 4703 attigeritaetatem,
1115 4636 1199 4689 vel
1229 4636 1329 4689 alia
1353 4639 1541 4705 quavis
1559 4639 1787 4708 legitima

225 4736 297 4789 de
314 4745 518 4793 causa.
542 4725 920 4780 delfimenlum
948 4737 1012 4776 ex
1035 4724 1135 4778 hac
1165 4727 1478 4780 abstinentia
1493 4743 1594 4781 non
1611 4730 1748 4797 capit
1771 4747 1785 4796 ;

226 4826 349 4878 imo
405 4832 511 4874 nec
553 4817 694 4869 bono
741 4811 919 4880 aliquo
969 4813 1091 4867 inde
1131 4815 1330 4883 privari
1379 4819 1456 4869 ait
1499 4816 1786 4886 Origenes;

227 4912 390 4984 quod
434 4910 512 4963 ita
564 4904 838 4972 intelligo:
887 4917 1006 4957 eum
1041 4905 1198 4958 homo
1245 4905 1478 4959 nondum
1526 4907 1624 4960 sibi
1659 4909 1792 4962 satis

226 5005 535 5075 probatus,
566 4995 646 5050 vel
678 4993 903 5062 alicujus
932 4993 1172 5047 criminis
1211 4993 1312 5047 sibi
1354 4995 1623 5061 conscius,
1651 4998 1696 5049 si
1725 4997 1793 5050 ad

230 5093 438 5150 altaris
479 5096 876 5143 sacramentum
921 5085 1167 5148 accedat,
1207 5083 1465 5152 judicium
1510 5086 1609 5139 sibi
1644 5103 1793 5140 man-

232 5186 412 5239 ducet
456 5187 513 5233 et
553 5178 722 5240 bibat,
767 5185 929 5244 atque
965 5189 1030 5229 ex
1062 5173 1163 5227 hoc
1193 5187 1289 5227 esu
1319 5183 1375 5227 et
1403 5184 1528 5241 potu
1568 5186 1791 5231 mortem

236 5276 450 5328 animae
501 5282 612 5323 sua:
667 5267 998 5329 consciscat,
1046 5263 1238 5316 nedum
1283 5261 1514 5317 fructum
1561 5264 1790 5334 aliquem

214 5368 378 5424 'inde
427 5361 710 5432 percipiat,
738 5360 978 5428 sequitur
1007 5365 1062 5409 ut
1102 5354 1146 5409 si
1173 5356 1284 5408 haec
1322 5355 1675 5413 reformidans
1709 5375 1796 5413 sa-

240 5461 539 5511 cramento
567 5450 849 5513 abstineat,
875 5449 1016 5502 bono
1042 5445 1217 5513 aliquo
1247 5459 1349 5498 non
1385 5447 1646 5513 privetur,
1673 5449 1796 5503 dum

245 5559 360 5598 non
411 5538 575 5594 sumit
629 5551 820 5604 corpus
865 5533 1097 5598 Christi;
1156 5547 1268 5586 cum
1334 5534 1535 5588 malum
1591 5545 1792 5590 tantum

319 5631 374 5667 ”
409 5626 571 5682 Joan.
599 5641 674 5690 γι,
706 5624 792 5677 5-3.

1894 4563 2128 4612 versare,
2158 4548 2334 4617 palato
2361 4549 2666 4618 degustare,
2690 4548 2827 4617 .gula
2857 4549 3092 4613 sorbere,
3129 4547 3182 4600 in
3225 4547 3424 4600 ventri-

1894 4637 2068 4690 culum
2090 4636 2322 4691 demissa
2345 4651 2700 4704 concoquere,
2739 4637 3000 4691 intestinis
3023 4643 3242 4705 excepta
3280 4650 3310 4688 a
3345 4633 3428 4686 he-

1895 4729 2042 4782 cibus
2073 4742 2387 4793 secernere,
2432 4736 2482 4780 et
2522 4726 2574 4779 in
2617 4728 2857 4795 corporis
2894 4727 3202 4780 alimentum
3241 4724 3424 4779 distri»

1894 4819 2079 4873 buere.
2115 4818 2224 4872 Hac
2266 4821 2470 4872 ratione
2513 4835 2632 4872 cum
2661 4818 2860 4872 Christi
2906 4833 3031 4872 caro
3062 4817 3363 4884 neutiquam
3393 4829 3424 4867 a

1897 4907 2051 4960 nobis
2082 4910 2422 4972 comedatur,
2474 4921 2577 4961 non
2623 4908 2920 4961 comeditur
2961 4907 3196 4975 profecto
3240 4918 3430 4958 secun-

1897 4997 2021 5077 dum
2062 4997 2314 5061 litteram,
2343 4997 2435 5051 sed
2465 4998 2942 5052 sacramentaliter.
2973 4996 3069 5050 Vel
3106 4992 3430 5048 eucharisti-

1897 5103 2018 5142 cum
2061 5101 2248 5156 panem
2297 5097 2518 5142 eatenus
2563 5087 2790 5157 appellat
2827 5086 3083 5154 Origenes
3114 5095 3307 5149 corpus
3356 5082 3436 5145 ty-

1897 5177 2072 5246 picum
2107 5186 2160 5229 et
2189 5177 2554 5245 symbolicum,
2596 5193 2700 5232 non
2743 5184 3008 5245 quatenus
3039 5168 3278 5222 absentis
3316 5178 3434 5216 core

1899 5267 2040 5334 poris
2065 5266 2261 5320 Christi
2287 5277 2440 5336 typus
2467 5275 2623 5322 estet
2652 5266 2974 5338 symbolum.
3006 5255 3146 5325 quod
3188 5252 3304 5303 vult
3330 5251 3441 5303 Ed-

1901 5359 2124 5412 mundus
2145 5357 2470 5424 Albertinus,
2501 5359 2698 5428 aliique
2719 5370 2840 5412 cum
2870 5365 2934 5404 eo
2965 5339 3315 5400 heterodoxi:
3349 5341 3459 5424 sed‘

1899 5460 2198 5518 quatenus,
2230 5465 2351 5504 cum
2394 5451 2566 5518 reipsa
2607 5450 2678 5504 sit
2721 5456 2916 5512 corpus
2959 5429 3452 5527 Chri§l°|raliaﬂim

1904 5554 2078 5592 rerum
2113 5547 2266 5608 typus
2293 5551 2372 5595 est
2399 5550 2452 5595 et
2482 5535 2795 5611 symbolum,
2823 5537 2954 5600 puta
2982 5522 3062 5578 sui
3089 5519 3270 5585 ipsius
3301 5526 3462 5574 extra

325 5719 446 5791 (40)
481 5716 708 5782 Albert.,
741 5713 812 5768 De
832 5727 1048 5774 sacram.
1077 5710 1288 5772 Eur/iur.
1328 5713 1531 5789 ιώκιι,
1555 5716 1604 5774 in
1627 5715 1791 5772 Exam

1882 5716 2308 5792 ratitn._0rigen.,
2339 5732 2455 5787 cap.
2492 5718 2513 5770 1
