3920 6458
501 437 633 492 1083

1729 419 1788 474 Ρ.
1827 414 1959 471 DAN
1967 410 2136 468 lELlS
2173 405 2406 462 HUETII

3664 375 3788 427 1084

501 544 828 599 Christianos
863 536 1190 594 daemonibus
1233 541 1477 604 acceptos
1520 547 1620 586 non
1669 533 1866 586 referre
1888 564 1906 593 ,
1947 528 2036 581 sed
2065 530 2108 585 A
2137 522 2214 575 da!
2240 534 2368 572 vero
2407 518 2471 570 ad
2517 505 3140 604 condemnationem;
3170 485 3790 604 "ita.

501 637 605 688 Deo
630 646 801 686 rerum
822 627 1108 692 conditori,
1134 640 1329 694 eosque
1355 641 1472 678 cum
1501 624 1786 692 gratiarum
1819 622 2027 674 actione

497 722 760 788 recipere;
823 733 886 771 ac
939 731 1034 784 per
1086 716 1468 784 precationem‘
1511 728 1700 781 corpus
1765 711 2027 779 quoddam

495 794 736 864 sanctum
772 809 914 876 ipsos
946 805 1100 868 effici,
1133 817 1345 859 sanctos
1375 805 1605 857 efﬁciens
1636 803 1934 872 quicunque
1965 815 2029 852 eo

495 885 613 951 cum
638 909 770 949 sano
798 898 1067 964 pmposito
1101 906 1340 948 utuntur.
1386 895 1463 947 Ad
1500 893 1885 947 Eucharistiam
1927 889 2027 942 mi-

495 989 636 1040 nime
662 985 772 1039 hinc
807 985 1053 1038 videntur
1083 985 1366 1053 pertinere.
1394 983 1542 1049 Quod
1585 993 1638 1036 et
1681 983 1794 1049 ipse
1831 981 2027 1033 fatetur

493 1075 818 1130 Albertinus.
866 1075 1014 1140 Quod
1060 1075 1103 1128 si
1150 1075 1270 1142 quis
1302 1081 1478 1127 tamen
1527 1071 1873 1134 contradicat,
1925 1084 2028 1122 non

496 1162 758 1215 assentiar
803 1162 979 1223 modo,
1018 1160 1107 1212 sed
1148 1158 1392 1212 Ecclesia:
1424 1159 1580 1212 etiam
1612 1158 1905 1211 doctrinam
1947 1157 2030 1208 his

496 1249 801 1304 confirmari
827 1249 1135 1318 pertendam
1159 1267 1172 1308 ;
1203 1263 1367 1316 panes
1391 1249 1586 1317 quippe
1617 1248 1690 1300 ait
1717 1263 1812 1315 per
1841 1261 2030 1310 preca-

492 1338 715 1404 tionem,
766 1355 861 1409 per
889 1341 1111 1410 mystica
1148 1340 1395 1392 nimirum
1443 1338 1632 1402 verba,
1664 1354 1854 1406 corpus
1896 1336 2029 1392 ellici

497 1441 760 1494 sanetum,
798 1438 850 1483 et
874 1439 1090 1483 sanctos
1119 1428 1366 1490 eﬂiciens,
1397 1431 1483 1498 qui
1519 1445 1636 1483 cum
1681 1445 1809 1483 sano
1839 1443 2031 1496 propo-

497 1520 598 1572 sito
627 1535 692 1573 eo
725 1529 982 1583 utuntur;
1008 1532 1196 1588 corpus
1222 1517 1462 1571 videlicet
1497 1517 1712 1571 Christi.

491 1606 496 1682 ξ
568 1608 788 1677 Martyri
814 1608 1238 1662 succenturietus
1269 1610 1441 1676 prodit
1477 1609 1526 1660 in
1567 1623 1796 1675 pugnam
1839 1607 2031 1658 Aliter-

496 1698 638 1752 tinus
696 1698 768 1751 De
818 1708 1126 1755 sacrmneut.
1186 1699 1412 1751 Euchar.
1471 1698 1563 1750 lib.
1620 1712 1683 1758 ll,
1744 1697 1794 1749 in
1841 1697 2027 1749 Exam.

499 1789 694 1842 t‘estim.
738 1787 953 1854 Origen.
1001 1790 1334 1856 recoctisque
1377 1787 1578 1854 aliquot
1623 1787 1937 1840 testimoniis
1966 1801 2029 1838 ex

492 1861 723 1942 Origene
765 1876 872 1940 jam
915 1885 1040 1928 ante
1087 1889 1115 1927 a
1159 1876 1388 1944 Martyre
1423 1875 1766 1942 depromptis,
1801 1884 2032 1941 quatuor

497 1964 728 2017 indidem
773 1965 932 2030 petita
969 1965 1033 2016 de
1060 1979 1154 2016 suo
1183 1964 1352 2025 addit,
1398 1963 1459 2014 ad
1503 1963 1752 2014 trutinam
1795 1971 2030 2015 nostram

499 2053 816 2105 revocanda.
883 2052 1035 2104 Prius
1085 2053 1311 2104 habetur
1371 2060 1496 2105 tom.
1548 2065 1690 2102 χχχιι
1748 2051 1799 2102 in
1845 2048 1982 2102 Joan
2015 2091 2030 2114 ,

496 2155 645 2194 num.
675 2141 758 2204 16,
791 2141 877 2194 ubi
914 2140 979 2194 de
1015 2140 1174 2194 offula
1201 2139 1346 2194 Juda:
1384 2155 1412 2192 a
1440 2139 1563 2193 Jesu
1597 2149 1838 2208 porrecta
1867 2141 2033 2194 disse-

497 2245 643 2294 rens,
673 2231 776 2283 vim
810 2232 855 2282 ei
883 2231 1162 2298 quamdam
1206 2246 1268 2284 ac
1301 2231 1548 2283 virtutem
1585 2245 1614 2282 a
1647 2229 1861 2283 Christo
1897 2231 2033 2283 indi-

496 2328 604 2372 tam
647 2318 808 2372 fuisse
842 2320 974 2382 vult,
1027 2333 1144 2386 quae
1197 2319 1343 2372 Judae
1393 2321 1536 2374 utilis
1587 2335 1703 2374 esse
1753 2323 2030 2389 potuisset,

496 2410 600 2462 nisi
625 2409 800 2463 oll‘ulze
828 2410 1184 2478 praevertisset
1207 2408 1451 2473 Satanas,
1478 2419 1530 2463 et
1556 2424 1621 2463 ne
1658 2410 1888 2464 benefica
1919 2410 2034 2478 ejus

496 2499 548 2552 vi
585 2498 849 2553 frueretur
879 2499 1138 2566 proditor,
1171 2506 1429 2566 occupato
1474 2499 1640 2567 ipsius
1676 2500 1837 2554 corde
1865 2501 2032 2568 impe-

496 2590 733 2643 divisset.
773 2589 906 2641 Tum
947 2591 997 2642 id
1026 2590 1234 2656 gemino
1270 2583 1496 2642 illu'strat
1522 2589 1812 2658 exemplo,
1854 2592 2032 2659 priore

494 2679 734 2745 corporis
757 2690 810 2732 et
836 2679 1109 2746 sanguinis
1136 2679 1353 2742 Christi,
1396 2694 1512 2748 qua:
1551 2693 1646 2747 pro
1681 2679 1792 2746 ejus
1837 2681 2033 2749 pietate

497 2768 579 2820 vel
617 2769 849 2836 nequitia
900 2772 990 2870 qui
1041 2769 1297 2837 suscipit,
1349 2770 1494 2822 utilia
1547 2779 1673 2824 sunt
1713 2769 1796 2824 vel
1844 2773 2030 2836 noxia;

497 2857 666 2912 altero
719 2859 868 2926 panis
917 2857 1058 2912 illius
1102 2859 1401 2914 communis
1433 2875 1535 2926 quo
1577 2861 1789 2924 alimur,
1839 2864 2035 2929 quique

496 2961 593 3016 pro
617 2948 944 3002 comedentis
965 2949 1145 3002 habitu
1173 2950 1253 3002 vel
1277 2949 1559 3002 sanitatem
1589 2948 1793 3004 confert
1815 2966 1878 3004 ac
1898 2952 2036 3020 vigo-

500 3053 633 3102 rem,
674 3039 718 3090 si
750 3039 939 3091 valcnti
979 3054 1236 3106 corpore;
1275 3039 1355 3093 vel
1399 3039 1671 3103 morbum,
1712 3043 1753 3092 si
1800 3041 2034 3095 febricu-

2127 607 2496 676 ingrederetur
2527 603 2584 656 in
2619 602 2793 654 illum
2831 596 3114 649 Satanas.
3169 584 3465 676 Caeterum
3505 578 3792 676 considere-

2129 667 2212 751 tur
2241 697 2330 750 hic
2352 695 2506 762 panis
2540 701 2600 747 et
2636 693 2756 744 hoc
2786 686 3072 756 poculum
3110 693 3146 731 a
3181 667 3631 762 simplicioribus
3661 667 3791 762 juxta

2128 759 2556 840 connuuriiorcm
2621 772 3101 845 intelligentiam
3169 768 3245 820 de
3306 759 3704 821 Eucharistia,
3752 760 3795 812 id

2126 887 2230 940 est,
2257 876 2322 928 de
2349 872 2662 944 gratiarum
2701 867 2946 921 actione
2985 880 3000 914 :
3045 871 3113 912 at
3149 855 3256 926 qui
3294 851 3476 944 altius
3503 849 3622 902 haec
3657 848 3795 944 intel-

2130 938 2294 1032 ligere
2340 938 2666 1022 didicerint,
2732 952 3133 1010 considerent
3204 945 3324 999 hoc
3399 938 3800 1032 dictumAfuisse

2124 1030 2274 1124 juxta
2319 1052 2656 1108 diviniorem
2695 1043 3184 1116 promissionem
3225 1037 3412 1089 etiam
3458 1032 3530 1085 de
3563 1030 3731 1099 Λόγῳ,
3759 1041 3804 1084 et

2135 1144 2312 1199 Verbo
2361 1142 2621 1197 veritatis
2659 1138 3018 1192 alimentum
3063 1127 3324 1184 uberius
3355 1130 3680 1194 praestante,
3708 1133 3804 1173 tan-

2130 1250 2292 1303 quam
2327 1234 2372 1288 si
2399 1231 2659 1300 exemplo
2701 1229 2968 1282 dicerem
3004 1233 3264 1291 panem,
3322 1215 3483 1283 quod
3528 1213 3596 1266 ad
3640 1225 3807 1303 corpus

2131 1301 2345 1388 attinet,
2393 1323 2726 1376 alimentum
2763 1315 3154 1372 uberrimum
3192 1315 3612 1377 praestantem,
3645 1301 3806 1360 febrim

2131 1415 2430 1481 subjectam
2483 1424 2732 1480 augere,
2789 1422 2928 1462 cum
3005 1412 3237 1459 contra
3302 1400 3524 1453 bonam
3595 1401 3810 1465 corporis

2133 1505 2508 1560 habitudinem
2560 1502 2630 1556 ad
2697 1501 3025 1555 sanitatem
3099 1492 3388 1547 reducat.
3419 1507 3440 1539 ι
3501 1487 3584 1540 Ex
3627 1486 3708 1540 his
3750 1490 3814 1541 sic

2133 1596 2490 1650 ratiocinatur
2565 1591 2908 1644 Albertinus
2982 1609 2997 1642 :
3080 1581 3289 1639 Oﬂ'ula
3359 1578 3526 1633 Judaa
3593 1588 3813 1643 porrecta

2130 1686 2368 1754 ejusdem
2402 1692 2520 1737 erat
2547 1683 2772 1752 generis
2816 1695 2888 1732 ac
2938 1674 3423 1730 eucharisticus
3484 1671 3662 1740 panis,
3689 1671 3814 1736 juxta

2133 1777 2417 1843 Origeuem
2441 1793 2455 1828 :
2479 1774 2719 1843 Ψωμίον
2749 1769 3055 1841 ὁμογενὲς
3099 1763 3183 1837 ἦν
3222 1765 3316 1834 τῷ
3349 1763 3572 1816 δοθέντι
3612 1763 3700 1813 καὶ
3726 1763 3814 1822 τοῖς

2065 1839 2490 1926 Βάποοτόλοις·
2549 1839 2704 1932 aiqui
2765 1839 2949 1916 oﬂula
3015 1858 3138 1912 illa
3215 1870 3430 1910 uterus
3490 1853 3596 1906 fuit
3650 1853 3814 1919 panis:

2134 1972 2314 2009 merus
2375 1956 2542 2025 igitur
2583 1963 2639 2007 et
2679 1953 2797 2006 ille.
2845 1949 3264 2004 Attendisset
3317 1962 3464 2001 vero
3511 1944 3720 1998 subtilis
3751 1944 3821 1995 ille

2133 2048 2436 2115 disputator
2477 2061 2601 2112 qua:
2659 2045 2712 2098 in
2770 2040 3142 2109 exemplum
3208 2046 3624 2098 assumuntur,
3680 2036 3726 2089 in
3770 2049 3820 2090 eo

2136 2136 2330 2190 debere
2367 2135 2668 2189 convenire
2720 2132 2888 2200 cujus
2940 2146 3153 2184 causa
3198 2129 3546 2184 instituitur
3576 2142 3821 2195 compara-

2137 2227 2229 2288 tio,
2263 2227 2576 2292 discrepare
2607 2238 2778 2291 posse
2825 2227 2882 2274 in
2931 2221 3093 2274 aliis
3125 2261 3142 2283 ,
3207 2221 3336 2275 hoc
3365 2227 3462 2272 est
3497 2206 3695 2288 partim
3726 2229 3823 2269 esse

2136 2313 2392 2383 ὁμογενῆ,
2432 2313 2634 2380 partim
2689 2311 3020 2380 ἑτερογενῆ
3058 2327 3078 2340 ο
3118 2309 3231 2363 hic
3282 2318 3487 2362 autem
3528 2305 3732 2359 institui
3771 2308 3823 2357 ab

2140 2403 2373 2473 Origene
2418 2403 2910 2470 comparationem
2964 2400 3202 2454 infula:
3255 2398 3432 2453 ludas
3488 2397 3684 2452 oblata:
3724 2410 3821 2449 cum

2136 2510 2272 2565 pane
2297 2495 2692 2557 eucharistico,
2730 2508 2843 2546 non
2889 2494 2968 2545 ad
3021 2492 3485 2560 explicandam
3527 2491 3681 2559 panis
3702 2488 3822 2542 inde

2135 2585 2368 2655 porrecti
2415 2594 2698 2648 naturam,
2738 2584 2840 2638 sed
2896 2585 2975 2636 ad
3039 2583 3509 2637 declarandum
3552 2582 3669 2650 ejus
3720 2578 3822 2635 elic-

2137 2688 2306 2740 ctum,
2345 2691 2410 2728 ac
2438 2675 2546 2727 vim
2573 2675 2807 2743 juvandi
2851 2672 2950 2727 vel
2983 2674 3276 2728 nocendi
3333 2690 3445 2743 pro
3468 2673 3728 2728 sumentis
3751 2674 3823 2725 ha-

2136 2768 2248 2820 hitu
2281 2785 2293 2820 :
2331 2775 2491 2833 atque
2525 2765 2599 2818 ita
2641 2779 2770 2818 esse
2819 2764 3148 2834 ὁμογενῆ,
3186 2765 3397 2834 quoad
3440 2764 3595 2817 illam
3625 2763 3820 2816 efﬁcien-

2138 2862 2290 2923 tiam,
2333 2859 2403 2912 de
2455 2872 2563 2926 qua
2607 2857 2714 2910 hoc
2745 2855 2875 2910 loco
2926 2857 3308 2924 quaeritur;
3371 2857 3678 2927 ἑτερογενῆ
3727 2870 3824 2907 vero

2136 2949 2308 3017 quoad
2352 2955 2639 3009 naturam,
2693 2946 2761 2998 de
2800 2959 2919 3013 qua
2989 2946 3183 2998 nulla
3250 2947 3496 3015 penitus
3550 2947 3638 3000 hic
3681 2944 3823 2998 habita

2137 3048 2220 3092 est
2236 3037 2545 3104 disputatio.
2567 3034 2819 3088 Fimbria
2843 3036 3046 3089 vestis
3077 3034 3336 3090 Christi
3365 3052 3500 3106 qua:
3528 3035 3824 3108 αἱμορροοῦ-

497 3127 611 3180 loso
651 3141 712 3180 ac
747 3127 956 3180 inﬁrmo
998 3139 1251 3196 exceptus
1285 3130 1373 3183 sit.
1420 3130 1590 3182 Locus
1637 3131 1706 3183 ita
1742 3141 2031 3200 conceptus
2064 3165 2106 3222 ο
2139 3144 2237 3182 σαν
2287 3125 2523 3186 sanavit,
2579 3138 2650 3178 ex
2705 3132 2991 3177 contactu
3073 3127 3260 3180 sacri
3325 3128 3598 3196 corporis
3654 3124 3823 3180 Citriin

497 3223 577 3268 est
609 3215 755 3268 τΚαὶ
798 3215 937 3269 οὕτω
979 3218 1023 3270 δ’
1068 3218 1133 3271 ἂν
1182 3221 1281 3271 οὐκ
1327 3219 1597 3282 ἀπιθάνως
1634 3222 1709 3283 είς
1741 3221 1830 3274 τὸν
1876 3221 2039 3277 τόπον

496 3303 719 3372 λέγοιτο,
742 3305 924 3372 ὥσπερ
944 3311 975 3359 ό
995 3293 1248 3372 ἀναξίως
1266 3308 1480 3362 ἐσθίων
1493 3308 1597 3360 τὸν
1609 3307 1787 3374 ἄρτον
1806 3311 1910 3364 τοῦ
1930 3316 2044 3366 Κυ-

492 3391 646 3459 ρίου,
667 3393 704 3458 ἣ
725 3393 911 3444 πίνων
933 3394 1114 3447 αὑτοῦ
1137 3393 1202 3446 τὸ
1236 3393 1534 3460 ποτήριον,
1557 3397 1641 3460 είς
1664 3395 1836 3461 κρῖμα
1858 3395 2044 3448 ἐσθίει

499 3480 596 3531 καὶ
614 3480 790 3542 πίνει,
812 3480 912 3549 τῆς
946 3483 1070 3549 μιᾶς
1093 3485 1148 3535 ὲν
1165 3481 1240 3550 τῷ
1262 3484 1407 3552 ἄρτῳ
1426 3483 1724 3552 κρείττονος
1743 3483 2041 3553 δυνάμεως,

498 3572 594 3626 καὶ
631 3573 688 3624 ὲν
712 3571 790 3639 τῷ
817 3573 1076 3641 ποτηρίῳ,
1107 3573 1434 3644 ὑποκειμένῃ
1468 3575 1562 3642 μὲν
1602 3574 1833 3626 διαθέσει
1863 3578 2044 3646 κρείτ-

498 3676 630 3722 mw,
653 3662 735 3713 ὲνε
745 3660 1075 3732 ργαζομένης
1091 3663 1151 3714 τὸ
1173 3663 1372 3732 βέλτιον
1391 3679 1403 3691 ·
1422 3663 1617 3732 χείρονι
1639 3664 1695 3715 δὲ
1719 3666 2047 3738 ἐμποιούσης

499 3749 560 3801 τὸ
582 3753 751 3820 κρῖμα
773 3768 785 3780 ’
821 3750 958 3803 οὕτω
986 3751 1045 3802 τὸ
1076 3751 1180 3804 ἀπὸ
1204 3750 1297 3802 τοῦ
1331 3751 1502 3822 Ἰησοῦ
1535 3752 1740 3821 ψωμίον
1786 3755 2046 3823 ὁμογενὲς

499 3835 567 3909 ἦν
609 3838 686 3909 τῷ
724 3840 925 3893 δοθέντι
967 3841 1058 3893 καὶ
1099 3843 1209 3903 τοῖς
1254 3841 1455 3904 λοιποῖς
1502 3841 1815 3906 ἀποστόλοις
1842 3845 1900 3895 ὲν
1930 3844 2041 3914 τῷ·

503 3925 737 3989 Λάϐετε,
770 3927 998 3997 φάγετε,
1022 3928 1134 3981 ἀλλ’
1155 3928 1377 3987 ἐκείνοις
1413 3930 1508 4000 μὲν
1539 3932 1617 3994 εἰς
1651 3933 1939 4001 σωτηρίαν,
1967 3933 2046 4004 τῷ

501 4015 559 4067 δὲ
601 4016 769 4086 Ἰούδᾳ
809 4019 888 4079 ei;
923 4019 1113 4088 κρῖμα,
1147 4018 1221 4080 ὡς
1257 4019 1395 4071 κατὰ
1431 4019 1491 4071 τὸ
1522 4020 1729 4090 ψωμίον
1769 4021 2046 4096 εἰσεληλυ-

503 4106 649 4161 θέναι
681 4109 760 4172 εἰς
789 4109 946 4162 αὐτὸν
980 4109 1067 4163 τὸν
1094 4111 1351 4162 Σατανᾶν.
1382 4110 1620 4167 Νοείσθω
1639 4111 1693 4163 δὲ
1711 4113 1737 4163 ὁ
1763 4113 1922 4184 ἄρτος
1954 4117 2047 4170 καὶ

501 4198 563 4249 τὸ
594 4203 845 4270 ποτήριον
876 4203 986 4264 τοῖς
1027 4201 1122 4271 μὲν
1155 4202 1533 4272 ἁπλουστέροις
1573 4202 1710 4254 κατὰ
1751 4203 1848 4273 τὴν
1877 4222 2046 4258 κοινο-

503 4288 665 4356 τέραν
699 4291 938 4362 περὶτῆς
967 4292 1321 4362 Εὑχαριστίας
1356 4292 1606 4361 ὲκδοχήν·
1641 4295 1751 4354 τοῖς
1786 4293 1842 4345 δὲ
1882 4295 2045 4363 βαθύ-

504 4389 658 4443 τερον
686 4379 896 4432 ἀκούειν
927 4379 1280 4450 μεμαθηκόσι,
1325 4381 1460 4432 κατὰ
1493 4380 1587 4449 τὴν
1620 4379 1908 4450 θειοτέραν,
1955 4383 2046 4435 καὶ

2141 3219 2392 3270 virtutem
2419 3221 2804 3276 contraxerat,
2847 3213 3079 3268 itidem
3129 3226 3209 3270 ut
3245 3217 3432 3272 otiula
3481 3235 3511 3272 ο
3541 3217 3668 3272 Iesu
3703 3216 3826 3271 inde

2141 3313 2408 3374 porrecta.
2447 3301 2709 3356 Fimbriae
2731 3311 3098 3369 contactus,
3156 3321 3283 3376 pro
3336 3308 3626 3378 tangentis
3663 3309 3827 3377 pietate

2142 3395 2226 3448 vel
2267 3392 2537 3462 nequitia,
2576 3391 2728 3445 utilis
2767 3407 2904 3446 esse
2943 3402 3264 3464 poterat,
3323 3401 3425 3454 vel
3471 3401 3686 3454 noxius.
3729 3396 3826 3452 Pari

2143 3498 2270 3554 ergo
2303 3483 2422 3550 jure
2445 3481 2679 3534 fimbriae
2710 3491 3074 3538 contactum
3099 3501 3262 3542 cum
3303 3491 3486 3558 panis
3513 3485 3829 3544 eucharistici

2144 3592 2236 3632 esu
2264 3587 2581 3642 comparare.
2605 3572 2897 3644 Origenes
2928 3579 3155 3644 potuit
3191 3597 3210 3645 ;
3245 3587 3508 3650 utraque
3539 3580 3684 3635 enim
3709 3580 3757 3632 in
3782 3592 3831 3630 eo

2144 3665 2560 3727 conveniebant,
2590 3663 2740 3732 quod
2774 3679 2888 3732 pro
2924 3673 3278 3736 tangentis
3317 3682 3380 3726 et
3412 3673 3638 3726 edentis
3675 3669 3829 3724 habitu

2145 3756 2374 3812 salubris
2400 3754 2484 3808 vel
2515 3755 2784 3807 damnosa
2821 3769 2966 3809 esse
2999 3769 3365 3828 poterant;
3418 3763 3476 3816 in
3505 3762 3632 3816 aliis
3656 3761 3830 3815 discre-

2147 3842 2365 3910 pabant.
2395 3838 2452 3893 Id
2484 3839 2529 3892 si
2558 3838 2812 3904 fecisset,
2846 3851 3140 3913 utraque
3169 3864 3334 3905 sane
3373 3852 3574 3905 dicere
3607 3849 3832 3918 potuisset

2145 3930 2406 4001 ὁμογενῆ,
2455 3943 2653 3998 nempe
2699 3932 2896 3999 quoad
2951 3933 3137 3991 illam
3196 3941 3329 3994 vim
3375 3953 3440 3995 et
3481 3940 3830 4000 efficientiam;

2135 4027 2254 4074 ἠοη
2293 4019 2469 4088 quoad
2520 4027 2808 4077 naturam.
2866 4022 3041 4078 Idem
3105 4029 3300 4086 dicas
3342 4017 3429 4086 (ιε’
3455 4031 3626 4086 offula
3663 4030 3830 4084 eucha-

2146 4111 2332 4166 ristico
2360 4109 2482 4178 pani
2521 4111 2866 4167 assimilata.
2917 4116 3192 4184 Alioqui
3251 4137 3397 4176 eum
3450 4123 3682 4178 ollulam
3716 4119 3835 4177 lude

2145 4211 2449 4270 porrectam
2485 4201 2612 4268 pani
2647 4201 2727 4255 illi
2767 4219 2887 4274 quo
2930 4208 3144 4263 vitam
3189 4216 3612 4280 sustinemus,
3641 4213 3833 4269 similem

2147 4306 2267 4345 esse
2299 4291 2437 4344 dixit
2479 4290 2778 4360 Origenes,
2811 4295 2932 4349 hoc
2974 4308 3084 4354 est
3117 4304 3435 4377 ὁμογενῆ,
3491 4308 3551 4360 in
3583 4321 3650 4361 eo
3678 4315 3837 4370 nempe

2148 4381 2287 4449 quod
2314 4391 2372 4433 ut
2396 4381 2483 4432 illa
2510 4383 2712 4436 anima:
2733 4421 2750 4445 ,
2782 4384 2870 4438 sic
2903 4387 3014 4443 ille
3066 4397 3335 4464 corpori
3373 4414 3486 4468 pro
3536 4396 3837 4452 comedentis

507 4468 633 4536 περὶ
658 4467 750 4520 τοῦ
783 4471 1044 4540 τροφίμου
1082 4473 1178 4541 τῆς
1216 4472 1468 4541 ἀληθείας
1495 4471 1660 4538 Λόγου
1683 4472 2036 4538 ἐπαγγελίαν·

2190 4471 2337 4524 abitu
2379 4471 2547 4524 robur
2581 4473 2896 4529 conciliare
2934 4490 3188 4548 potest,
3231 4489 3328 4542 vel
3380 4467 3696 4553 morbum;
3739 4500 3839 4539 con-

506 4555 583 4616 ὼς
613 4556 658 4605 εί
683 4558 738 4607 ἐν
765 4559 1150 4628 παραδείγματι
1177 4561 1376 4627 ἔλεγον,
1405 4561 1481 4611 ὅτι
1513 4561 1603 4611 καὶ
1630 4561 1657 4610 ὁ
1679 4559 1815 4611 κατὰ
1845 4560 1904 4611 τὸ
1935 4577 2040 4613 σω-

512 4645 732 4713 ματικὸν
773 4649 1170 4718 τροεριμὼτατος
1210 4651 1368 4720 ἄρτος
1412 4650 1636 4724 πυρετὸν
1686 4650 1781 4719 μὲν
1825 4650 2041 4702 ὑποκεί-

513 4751 666 4805 μενον
718 4735 901 4799 αὔξει,
959 4741 1034 4801 εἰς
1081 4741 1261 4807 ὑγείαν
1321 4741 1375 4793 δὲ
1432 4742 1525 4811 τὴν
1578 4739 1781 4804 εὐεξίαν
1831 4741 2038 4807 ἀνάγει.

515 4844 534 4874 σ
559 4825 785 4878 Proinde
808 4825 944 4878 haud
990 4828 1271 4882 absurdum
1305 4831 1354 4883 in
1393 4831 1633 4897 praesenti
1687 4831 1803 4884 loco
1835 4830 2041 4884 dicere-

511 4924 616 4978 tur,
663 4915 801 4983 quod
849 4925 926 4974 ut.
948 4918 1034 4984 qui
1066 4919 1275 4988 indigne
1311 4937 1493 4988 panem
1534 4919 1740 4971 Domini
1792 4921 2040 4986 comedit,

509 5005 586 5057 εει
642 5004 852 5056 calicem
911 5006 1021 5074 ejus
1068 5009 1225 5071 bibit,
1279 5011 1334 5062 in
1367 5011 1626 5079 judicium
1674 5011 1951 5063 manducat
1994 5021 2046 5065 et

509 5094 632 5147 bibit
662 5093 742 5157 "';
774 5094 825 5146 in
851 5108 987 5162 pane
1020 5104 1095 5148 et'
1117 5097 1282 5153 calice
1327 5113 1426 5151 una
1461 5100 1653 5151 virtute
1692 5099 2043 5165 praestant-imi

509 5192 764 5250 operante
788 5182 983 5236 bonum
1009 5184 1058 5236 in
1084 5183 1220 5239 bono
1240 5186 1761 5247 aflectu'constituto,
1779 5187 1833 5238 in
1855 5185 2040 5239 affectu

511 5287 640 5326 vero
684 5272 821 5326 malo
851 5282 1105 5340 operante
1145 5277 1669 5341 condemnationem;
1719 5277 1795 5330 sic
1829 5275 2042 5330 oﬂ'ulant

511 5377 541 5414 a
567 5362 688 5416 lesu
714 5365 890 5416 datam
922 5364 1157 5432 ejusdem
1186 5366 1392 5436 generis
1417 5364 1579 5419 luisse
1606 5381 1724 5420 cum
1750 5379 1811 5419 ea
1829 5404 1844 5429 ,
1884 5381 2042 5433 quam

511 5449 662 5506 Jesus
707 5453 849 5507 dedit
877 5454 1081 5510 caeteris
1127 5455 1400 5524 apostolis,
1453 5454 1575 5507 dum
1622 5455 1864 5508 diceret:
1896 5456 2046 5505 Acci-

514 5541 638 5605 m’te,
671 5543 917 5595 comedite
949 5543 1029 5608 ";
1062 5546 1151 5599 sed
1188 5545 1294 5599 illis
1323 5542 1533 5612 quidem
1576 5543 1642 5597 ad
1676 5543 1917 5610 salutem,
1952 5543 2044 5598 Ju-

587 5732 631 5765 ”
672 5731 839 5788 lCor.
871 5751 944 5801 ιι,
968 5736 1056 5790 ‘29.
1131 5737 1173 5770 ’⁸
1206 5737 1389 5791 Matth.
1421 5751 1562 5800 xxii,
1598 5735 1685 5789 26.

2149 4563 2361 4614 clndam
2388 4563 2579 4631 utique
2604 4565 2806 4620 eadem
2833 4568 3076 4626 virtute.
3110 4578 3358 4644 pollere
3393 4597 3611 4650 panem
3631 4589 3838 4634 nostrum

2150 4666 2256 4719 (1υο
2291 4653 2590 4718 νεεοῖηιυνν
2624 4671 2693 4710 ac
2722 4657 2967 4714 ollulam
3008 4664 3221 4734 illam,
3256 4672 3360 4724 cui
3388 4672 3732 4740 peculiarem
3754 4669 3838 4722 vim

2150 4753 2401 4796 contactu
2440 4759 2544 4798 suo
2569 4745 2836 4804 Christus
2876 4750 3118 4809 indidit
3160 4775 3176 4811 :
3216 4765 3386 4830 quod
3430 4773 3527 4818 est
3553 4762 3837 4817 absurdum.

2150 4829 2288 4922 Quid
2331 4833 2375 4922 si
2414 4843 2681 4900 przeterea
2715 4837 2956 4894 ollulam
2992 4843 3177 4902 illam
3223 4850 3423 4907 fuisse
3460 4868 3666 4922 partem
3699 4852 3838 4919 ipsum

2150 4919 2580 5012 eucharisticum
2647 4922 2808 4980 Iuda:
2858 4944 3235 4996 porrectum
3305 4919 3636 5012 Origenem
3685 4939 3840 4996 existi-

2151 5025 2330 5062 masse
2381 5011 2672 5069 dicamus?
2729 5017 3008 5078 Profecto
3086 5029 3258 5087 locus
3333 5011 3453 5090 iste
3529 5034 3838 5090 contrarium

2151 5101 2282 5198 nihii
2350 5105 2519 5160 habet
2574 5108 2707 5164 huic
2775 5119 3144 5184 sementim.
3185 5103 3412 5196 ’φησι
3488 5140 3551 5184 et
3635 5127 3840 5198 Cyrillus

2148 5189 2202 5241 in
2229 5190 2399 5286 Joan.
2443 5210 2522 5260 vt,
2554 5206 2607 5251 et
2643 5198 3000 5262 Anastasius
3031 5189 3275 5269 Sinaita
3322 5216 3502 5272 Orat.
3557 5219 3636 5272 De
3673 5189 3838 5286 ignari

2150 5279 2395 5378 amPlexi
2461 5296 2613 5341 sum'
2659 5289 2719 5344 Id
2757 5293 2806 5347 Si
2877 5297 2995 5364 δίῑν
3046 5301 3231 5370 plane
3282 5307 3616 5378 ὁμογενεῖς
3665 5279 3840 5361 fuerint

2153 5371 2574 5470 eucharisticus
2649 5385 2818 5453 panis
2878 5400 2942 5446 et
2999 5391 3180 5449 otl‘ula
3233 5371 3441 5453 Judaei
3473 5409 3755 5470 porrecta.
3796 5402 3836 5446 εί

2151 5464 2340 5553 quoad
2380 5467 2738 5528 eﬂicientiam
2761 5516 2778 5543 ,
2815 5491 2877 5535 et
2909 5485 3101 5553 quoad
3139 5464 3488 5542 naturam:
3651 5479 3656 5482 ’

2227 5552 2439 5622 Parem
2484 5572 2901 5640 propemodum
2932 5552 3368 5636 adhibebimus
3415 5577 3835 5650 explicationem
