3920 6452
183 451 320 507 1085
1018 456 1569 515 ORIGENIANORUM
1607 457 1730 512 LIB.
1771 459 1835 520 ll,
1874 457 2020 514 CAP.
2063 458 2120 522 ll,
2161 459 2431 524 QUIEST.
2469 459 2608 514 XIV.
3204 451 3338 506 £386
3418 528 3422 533 ἱ

178 562 283 616 loci
310 561 544 618 alterius
560 580 625 621 ex
655 568 834 624 homil.
857 570 888 623 7
910 570 961 623 in
987 570 1167 634 Levil.,
1193 571 1528 638 num.l,quo
1551 572 1721 636 agitur
1747 576 1789 632 Α
1824 570 1986 624 fuisse
2027 573 2200 624 vinum
2227 588 2352 640 quo
2398 571 2638 625 Christus
2679 568 2933 624 abstinuit
2979 585 3028 620 .n
3075 548 3340 635 postrema

172 650 241 704 de
280 663 562 722 praecepto
584 658 803 724 Aaroni,
828 669 882 714 et
915 661 1276 714 sacerdotibus
1317 661 1526 722 tradito,
1560 674 1624 712 ne
1651 659 1716 711 ad
1819 675 1988 723 cinna,
2031 661 2152 713 vino
2193 662 2331 730 quod
2374 675 2491 714 cum
2534 661 2826 729 publicanis
2877 669 2930 713 et
2976 657 3337 726 peccatoribus

172 738 352 792 altare
390 745 667 797 accessuri
711 747 889 800 vinum
932 747 1189 805 biberent.
1237 749 1493 814 Quoniam
1544 757 1718 801 autem
1819 749 1969 802 bibit.
2001 749 2314 818 Respondeo
2342 751 2469 803 satis
2499 749 2657 803 fuisse
2701 749 2935 818 Origeni,
2966 757 3108 802 recte
3138 747 3340 800 institui

170 828 256 881 lex
284 838 375 883 est
403 834 597 886 umbra
646 837 935 889 futurorum
973 837 1310 900 bonorum”,
1331 839 1453 905 quid
1486 837 1582 889 hac
1610 836 1721 905 lege
1819 853 1970 904 posse
2000 840 2442 905 comparationem
2460 837 2637 891 vinum
2656 839 2792 894 inter
2812 840 3060 903 Aaronis,
3084 847 3137 892 et
3161 839 3340 891 vinum

170 919 525 989 signiﬁcetur
572 935 921 991 perscrutans
974 924 1232 994 Origenes
1271 925 1533 979 Christum
1583 926 1722 978 lumc
1818 941 1845 978 a
1879 927 2089 981 Christo
2115 930 2225 983 sive
2253 936 2462 996 epotum
2494 930 2545 981 in
2571 929 2688 982 vita:
2717 931 2938 984 decursu
2965 945 3082 984 cum
3110 929 3344 998 publica-

168 1023 293 1062 esse
339 1009 665 1065 Pontiﬁcein
697 1013 904 1067 censuit
934 1052 950 1078 ,
991 1016 1291 1068 sacerdotes
1329 1014 1625 1082 apostolos,
1669 1022 1723 1068 et
1819 1017 1900 1070 nis
1937 1025 1991 1069 et
2019 1018 2407 1085 peccatoribus,
2442 1018 2553 1072 sive
2584 1033 2684 1072 non
2715 1029 2918 1087 potum,
2951 1019 3042 1072 sed
3075 1019 3342 1087 discipulis

167 1099 461 1153 Christum
501 1101 713 1168 quidem
748 1117 867 1155 cum
915 1103 978 1155 ad
1028 1103 1221 1167 altare,
1269 1119 1484 1158 crucem
1535 1119 1721 1173 nempe
1823 1105 2070 1158 traditum
2101 1107 2153 1158 in
2184 1105 2366 1159 ultima
2396 1120 2566 1160 creua.
2603 1105 2733 1159 Nam
2767 1109 3008 1175 quamvis
3039 1109 3140 1160 hoc
3166 1108 3342 1175 specie

166 1197 314 1240 esset
349 1202 708 1253 accessurus,
750 1191 802 1242 in
834 1205 1075 1260 suprema
1107 1206 1257 1246 coena
1286 1193 1463 1246 vinum
1509 1194 1717 1261 quidem
1821 1202 2023 1246 tantum
2056 1202 2196 1248 esset
2239 1195 2440 1260 vinum,
2475 1210 2658 1250 revera
2690 1205 2831 1249 esset
2858 1197 3052 1250 Christi
3092 1197 3339 1264 sanguis;

169 1290 274 1328 non
324 1275 544 1330 bibisse
571 1279 804 1345 putavit,
834 1278 914 1331 his
942 1280 1182 1333 inductus
1213 1281 1386 1334 verbis
1416 1281 1576 1334 Marci
1609 1288 1716 1344 xiv,
1822 1281 1947 1335 illud
1973 1297 2101 1337 vero
2128 1293 2180 1337 et
2207 1285 2384 1353 specie
2413 1293 2467 1338 et
2489 1299 2548 1338 re
2577 1286 2755 1339 vinum
2785 1293 2942 1348 esset,
2976 1300 3076 1337 non
3101 1285 3153 1338 in
3183 1300 3246 1338 eo
3273 1287 3344 1339 sio

166 1363 234 1418 25
265 1383 280 1418 ε
309 1366 488 1419 Amen
520 1369 635 1420 dico
663 1369 820 1430 vobis,
871 1369 989 1440 quia
1015 1369 1124 1437 jam
1172 1387 1272 1422 non
1320 1371 1487 1424 bibam
1534 1374 1595 1424 de
1625 1373 1719 1424 hoc
1819 1371 2168 1426 militudinem
2194 1374 2456 1442 quaesivit,
2484 1374 2566 1428 vel
2596 1389 2829 1442 quaerere
2863 1375 3043 1427 debuit
3067 1375 3338 1444 Origenes,

163 1457 435 1524 genimine
469 1457 612 1521 vitis,
646 1475 801 1525 usque
823 1459 874 1510 in
896 1461 1026 1510 diem
1057 1460 1221 1523 illum,
1246 1477 1360 1512 cum
1389 1463 1518 1514 illud
1551 1463 1716 1514 bibam
1819 1461 1955 1529 quod
1986 1471 2287 1534 utrumque,
2317 1464 2496 1516 vinum
2521 1471 2661 1517 esset
2688 1462 2769 1515 vel
2801 1477 2878 1527 rc,
2910 1463 2989 1514 vel
3021 1465 3216 1531 specie,
3247 1465 3340 1516 sed

165 1561 362 1597 novum
407 1547 463 1597 in
496 1562 651 1614 regno
679 1545 852 1600 Putris
881 1550 974 1600 mei
1011 1566 1028 1600 :
1058 1550 1322 1616 apostolos
1367 1567 1487 1604 vero
1511 1552 1711 1608 bibisse
1820 1550 1871 1602 in
1900 1565 1961 1604 eo
1996 1555 2133 1620 quod
2165 1553 2252 1605 illo
2283 1567 2593 1606 accessurus
2621 1551 2683 1603 ad
2710 1551 2875 1605 altare
2901 1552 3141 1605 Christus
3180 1553 3343 1605 absti-

165 1637 382 1700 vinum,
401 1636 533 1703 quia
557 1638 787 1694 nondum
806 1639 868 1689 ad
891 1637 1054 1691 altare
1074 1640 1246 1692 crucis
1262 1649 1411 1693 erant
1429 1643 1714 1695 accessuri.
1820 1641 2012 1703 uuerit,
2038 1640 2161 1692 illud
2186 1656 2286 1693 non
2311 1655 2619 1694 accessurus
2645 1643 2708 1694 ad
2731 1643 2894 1694 altare
2921 1642 3140 1694 biberit:
3165 1657 3346 1709 queui-

161 1727 236 1779 En
267 1728 374 1779 tibi
401 1729 522 1794 ipsa
545 1730 702 1782 verba
718 1747 742 1781 -:
767 1728 1076 1784 «Videamus
1096 1732 1354 1798 quomodo
1374 1733 1422 1784 id
1445 1747 1567 1785 vero
1587 1733 1714 1785 Pon-
1817 1730 2093 1782 admodum
2122 1728 2325 1783 Veteris
2343 1729 2664 1784 Tcstamenti
2693 1731 2811 1782 vino
2846 1731 3182 1784 abstinebant
3200 1748 3345 1799 puu-

162 1815 292 1869 tilici
324 1815 558 1869 Christo
588 1818 809 1871 Domino
830 1829 1042 1882 nostro,
1065 1830 1117 1872 et
1137 1821 1496 1874 sacerdotibus
1519 1821 1632 1888 ejus
1658 1837 1718 1875 ac
1820 1819 1989 1873 tiﬁces
2023 1828 2075 1872 et
2103 1820 2400 1872 sacerdmes
2428 1820 2690 1872 accessuri
2723 1820 2787 1870 ad
2821 1818 3006 1881 altare,
3053 1820 3188 1874 idem
3219 1836 3346 1875 Vero

162 1905 307 1967 ﬁliis,
332 1906 547 1959 nostris
568 1922 693 1961 vero
711 1909 957 1976 apostolis
979 1910 1233 1976 possimus
1249 1910 1716 1976 aptare,etc.Quae-
1821 1925 1920 1963 non
1951 1910 2212 1962 accessuri
2245 1910 2309 1961 ad
2344 1909 2509 1962 altare
2539 1910 2806 1962 bibebant.

159 2000 334 2050 rimus
374 2012 510 2066 ergo
549 2001 812 2066 quomodo
848 2001 1096 2055 Dominus
1138 2010 1190 2055 et
1232 2002 1472 2054 Salvator
1515 1985 1713 2069 noster,
1887 1999 2063 2050 Tenue
2110 2012 2234 2051 vero
2278 2006 2329 2048 et
2373 1996 2636 2049 inﬁrmum
2674 1999 2813 2051 tertii
2851 1998 2948 2052 loci
2979 1999 3156 2062 robur,
3188 2014 3344 2067 quem

157 2091 243 2159 qui
268 2098 364 2141 est
389 2104 557 2141 verus
588 2088 850 2155 Pontifex,
876 2106 994 2143 cum
1021 2091 1292 2160 discipulis
1320 2092 1448 2154 suis,
1481 2092 1566 2161 qui
1599 2100 1720 2145 sunt
1818 2103 1846 2141 e
1887 2087 2107 2157 Prologo
2155 2090 2206 2140 in
2261 2087 2526 2140 Canticum
2570 2087 2767 2154 profert
2817 2089 3139 2141 Albertinus.
3189 2088 3243 2141 In
3286 2105 3349 2141 co

157 2177 265 2230 veri
316 2179 640 2230 sacerdotes
670 2217 684 2240 ,
725 2187 1006 2246 antequam
1037 2180 1250 2232 accedat
1297 2180 1360 2232 ad
1391 2180 1558 2232 altare
1589 2181 1716 2249 ;Dei’,
1820 2180 2046 2233 hominis
2102 2179 2405 2242 exterioris,
2462 2179 2701 2244 corporis
2763 2179 3010 2232 nimirum
3078 2181 3344 2248 proprium

155 2262 309 2316 bibat
333 2266 569 2328 vinum;
599 2279 719 2316 cum
743 2279 866 2319 vero
887 2266 1138 2318 accedere
1159 2266 1396 2333 cmperit,
1428 2281 1530 2320 non
1557 2266 1717 2319 bibat.
1818 2269 2094 2337 quemdam
2133 2283 2250 2321 esse
2283 2267 2455 2321 cibum
2491 2265 2679 2319 scribit
2710 2266 2985 2337 Origenes,
3033 2284 3346 2337 corporeum

158 2356 409 2411 Venerat
441 2358 495 2409 in
525 2357 669 2410 hunc
701 2360 950 2411 mundum
985 2357 1247 2424 Salvator,
1281 2368 1334 2409 ut
1364 2373 1457 2424 pro
1487 2360 1720 2422 peccatis
1819 2359 2019 2410 scilicet
2067 2365 2120 2410 et
2161 2368 2426 2410 terrenum
2473 2375 2487 2409 :
2537 2358 2810 2411 interioris
2849 2375 2974 2413 vero
3023 2360 3248 2414 hominis
3293 2372 3347 2415 et

156 2449 370 2504 nostris
412 2461 640 2500 carnem
685 2462 832 2500 suam
867 2447 1081 2519 offerret
1132 2447 1360 2500 hostiam
1407 2448 1531 2500 Deo.
1575 2446 1718 2501 llanc
1819 2445 2106 2512 spiritualis
2153 2447 2420 2512 proprium
2470 2461 2678 2514 quoque
2731 2461 2848 2500 esse
2893 2449 3104 2508 cibum;
3160 2465 3347 2517 panem

151 2537 488 2605 priusquam
520 2533 754 2598 oll'erret,
786 2535 923 2588 inter
954 2535 1401 2603 dispensationum
1437 2551 1610 2590 moras
1639 2537 1719 2589 vi-
1822 2547 2010 2600 nempe
2040 2534 2209 2585 vivum
2241 2533 2328 2601 qui
2373 2533 2437 2585 de
2470 2533 2604 2586 ('(Blo
2636 2533 2928 2588 descendit.
2973 2535 3074 2590 Sed
3115 2539 3225 2605 ipsa
3260 2554 3348 2592 re-

153 2642 279 2679 num
329 2626 560 2680 bibebat
603 2642 616 2678 :
656 2625 886 2693 denique
929 2627 1205 2679 dicebatur
1239 2627 1394 2679 homo
1439 2641 1621 2688 vorax,
1664 2636 1720 2679 et
1819 2631 2054 2688 petamus
2081 2625 2239 2675 verba
2270 2633 2385 2690 quin
2407 2631 2615 2675 exstant
2641 2637 2756 2690 pag.
2793 2623 2894 2677 28:
2925 2643 2943 2674 ι
2979 2627 3067 2679 Est
3102 2631 3352 2680 materia-

152 2717 260 2768 vini
295 2723 557 2784 potator,
585 2715 790 2767 amicus
818 2714 1213 2782 publicanorum
1240 2723 1292 2767 et
1314 2724 1650 2783 peccatorum
1676 2715 1714 2769 ¹.
1819 2711 1882 2763 lis
1912 2711 2062 2777 hujus
2096 2712 2346 2775 houtiuLs,
2381 2712 2468 2779 qui
2498 2721 2550 2763 et
2574 2715 2807 2764 exterior
2837 2714 3150 2782 appellatur,
3172 2716 3345 2778 cibus,

153 2802 248 2857 Ubi
287 2818 436 2856 vero
471 2813 684 2870 tempus
717 2803 928 2855 advenit
967 2803 1141 2856 crucis
1170 2818 1298 2869 sum,
1325 2813 1380 2856 et
1409 2819 1719 2858 accessurus
1819 2809 2074 2871 potusque
2102 2808 2304 2854 natura:
2325 2815 2430 2852 sua:
2453 2807 2706 2867 cognatus
2723 2815 3008 2869 corporeus
3027 2803 3124 2855 iste
3145 2805 3350 2857 scilicet

150 2901 264 2944 erat
310 2893 387 2943 ad
434 2889 614 2942 altare
654 2890 738 2942 ubi
779 2888 1075 2942 immolaret
1111 2889 1334 2942 hostiam
1381 2891 1556 2944 carnis
1594 2904 1719 2953 sum,
1818 2899 1872 2942 et
1919 2899 2179 2942 terrenus.
2231 2889 2484 2943 Similiter
2522 2899 2696 2943 autem
2737 2900 2790 2944 et
2829 2891 3081 2960 spiritalis
3120 2893 3350 2947 hominis

149 2981 470 3048 Accipiens,
505 2978 700 3045 inquit,
749 2977 977 3041 calicem,
1007 2977 1259 3029 benedixit
1297 2987 1343 3029 et
1389 2978 1525 3030 dedit
1558 2980 1718 3032 αἰδείσ-
1822 2978 2004 3046 ipsius,
2043 2977 2131 3044 qui
2179 2989 2232 3031 et
2275 2979 2497 3034 interior
2537 2981 2751 3043 dicitur,
2787 2989 2868 3034 est
2900 2982 3144 3049 proprius
3178 2982 3349 3047 cibus,

147 3072 289 3134 puli:
345 3070 494 3130 suis,
536 3068 710 3120 dicens
745 3082 762 3119 :
795 3065 1020 3133 Accipite
1049 3075 1094 3118 et
1133 3065 1284 3119 bibite
1315 3068 1490 3119 exhoc
1510 3069 1554 3122 ².
1589 3066 1695 3122 Vos

1820 3069 1874 3112 ut
1906 3060 2053 3126 panis
2085 3059 2167 3112 ille
2204 3061 2352 3114 vivus
2386 3062 2474 3129 qui
2507 3062 2573 3116 de
2611 3063 2746 3116 coelo
2779 3063 3051 3116 descendit
3075 3062 3116 3116 ⁸.
3163 3063 3266 3117 Sed
3301 3073 3352 3119 et

147 3161 349 3228 inquit,
398 3158 599 3221 bibite,
632 3157 720 3224 qui
752 3157 909 3209 modo
942 3157 1206 3210 accessuri
1248 3171 1349 3210 non
1377 3157 1504 3211 estis
1536 3159 1601 3211 ad
1635 3161 1712 3211 ει-
1748 3188 1788 3242 C
1821 3159 1975 3215 potus
2022 3148 2108 3201 ille
2145 3159 2220 3202 est
2265 3163 2329 3202 ex
2377 3151 2463 3203 illa
2492 3166 2629 3218 aqua
2672 3166 2831 3220 quam
2880 3152 3140 3221 promittit
3173 3152 3347 3216 Jesus.

149 3262 282 3304 tare.
325 3250 465 3317 Ipse
494 3255 672 3301 autent
702 3257 949 3316 tanquam
981 3260 1294 3299 accessurus
1323 3247 1386 3300 ad
1421 3248 1606 3311 altare,
1638 3249 1697 3301 di-

1821 3239 2039 3292 dicens:
2079 3240 2384 3307 Quicunque
2427 3241 2609 3294 biberit
2653 3258 2715 3294 ex
2754 3245 2850 3294 hac
2890 3259 3025 3309 aqua
3071 3260 3224 3312 quant
3260 3261 3349 3313 ego

147 3341 222 3393 cit
247 3341 315 3392 de
346 3352 417 3391 se
447 3353 463 3390 :
495 3335 658 3391 Amen
685 3336 800 3387 dico
830 3334 988 3400 vobis,
1020 3335 1139 3404 quia
1167 3349 1265 3386 non
1289 3334 1454 3386 bibam
1483 3335 1545 3387 de
1569 3351 1718 3403 gene-
1819 3329 1884 3381 do
1915 3330 1981 3393 ei,
2017 3345 2118 3382 non
2153 3331 2288 3382 sitiet
2312 3331 2364 3382 in
2395 3344 2641 3383 wternum
2669 3331 2710 3384 '.
2755 3332 2844 3384 Sic
2874 3347 2999 3401 ergo
3043 3349 3137 3402 per
3174 3338 3350 3388 omnia

147 3431 360 3482 ratione
412 3427 541 3480 vitis
587 3424 764 3493 hujus,
798 3439 1055 3499 usquequo
1099 3425 1266 3477 bibam
1297 3424 1426 3476 illud
1463 3427 1718 3479 vobiscum
1820 3417 2108 3472 similitudo
2129 3419 2340 3486 quidem
2364 3419 2736 3474 vocabulorum
2762 3422 3046 3475 secundum
3070 3432 3353 3493 utrumque

149 3534 340 3574 natum
383 3518 445 3572 in
468 3531 629 3587 regno
652 3514 835 3578 Putris_
861 3514 1045 3567 τηεμ.»
1087 3514 1218 3568 llinc
1252 3517 1554 3570 Albertinus
1584 3516 1697 3569 eﬁic

1819 3505 2080 3559 hominem
2115 3507 2356 3575 ponitur;
2383 3522 2557 3560 rerum
2588 3521 2713 3560 vero
2743 3510 3037 3579 proprietas
3066 3512 3349 3579 unicuique

149 3618 303 3679 putat
350 3604 573 3663 Christi
625 3601 911 3670 discipulos
957 3617 1158 3656 merum
1203 3605 1381 3657 vinum
1431 3605 1483 3658 in
1537 3605 1697 3657 ultim:

1817 3593 2042 3648 discreta
2069 3606 2335 3661 versatur,
2366 3605 2420 3649 et
2460 3599 2785 3666 corruptibili
2815 3599 3180 3667 corruptibilis
3213 3615 3349 3669 prie-

149 3713 306 3758 cmna
365 3696 607 3756 bibisse,
642 3693 1080 3764 quemadmodum
1129 3693 1304 3748 Aaron
1339 3703 1390 3747 et
1419 3697 1697 3748 sacerdote;

1820 3683 2047 3751 bentur;
2096 3685 2483 3756 incorruptibili
2527 3701 2654 3742 vero
2697 3689 3118 3757 iucorruptibilia
3159 3704 3359 3757 propoc

149 3790 216 3842 ad
247 3787 443 3840 altare
471 3799 578 3836 non
605 3781 870 3836 accessuri
895 3794 1092 3834 utet-um
1114 3782 1290 3834 vinum
1313 3783 1590 3847 bibebant;
1625 3794 1719 3836 nec
1822 3783 2031 3827 nuntur.
2058 3775 2205 3830 Unde
2229 3779 2492 3832 acciditut
2511 3779 2858 3847 simpliciores
2878 3780 3089 3847 quidam
3113 3780 3353 3832 nescien-

145 3893 359 3948 capere
393 3891 459 3928 se
495 3873 627 3926 dicit
660 3871 784 3937 quid
808 3880 990 3924 contra
1017 3885 1281 3939 opponere
1305 3872 1586 3939 possimus.
1617 3871 1720 3926 Re-
1821 3869 1898 3914 ¹εε
1924 3861 2244 3931 distinguere
2269 3879 2331 3918 ³ο
2352 3879 2626 3921 secernere
2650 3881 2767 3935 (ιυω
2791 3868 2899 3920 Sil“
2936 3881 3054 3934 (ἰυω
3109 3867 3160 3920 in
3200 3866 3350 3919 Scri‘

144 3970 406 4038 spondeo
437 3979 576 4017 vero
600 3961 904 4029 Origenem,
928 3974 1046 4012 cum
1071 3961 1393 4014 existimavit
1416 3971 1566 4014 vetus
1592 3961 1719 4014 illud
1823 3950 1990 4018 pluris
2041 3951 2233 4006 divinis
2269 3953 2508 4008 interiori
2540 3956 2757 4018 homini,
2791 3971 2908 4024 quae
2939 3969 3064 4008 vero
3102 3955 3348 4008 exteriori

142 4055 393 4116 Levitici
439 4060 790 4122 praeceptum,
831 4062 934 4116 quo
976 4048 1209 4117 pontiﬁci
1257 4058 1312 4102 ei.
1357 4049 1719 4103 sacerdotibus
1818 4042 2110 4108 deputanda
2156 4041 2282 4106 sint,
2336 4043 2706 4096 vocabulorum
2751 4043 3180 4097 similitudinibus
3229 4042 3348 4096 falsi

146 4149 218 4202 ad
254 4146 452 4200 auare
499 4139 796 4193 πυεεεευτίε
846 4138 965 4191 vino
1007 4138 1440 4201 interdicebatur,
1479 4139 1719 4190 umbram
1818 4129 1882 4181 ad
1927 4129 2127 4197 ineptas
2168 4133 2420 4197 quasdam
2451 4131 2652 4185 fabulas
2698 4143 2752 4186 et
2781 4133 3026 4200 ﬁgmenta
3074 4133 3248 4185 inania
3291 4147 3350 4186 se

140 4253 347 4296 eorum
395 4233 575 4286 fuisse
612 4244 727 4296 qua:
757 4227 965 4281 Christo
1004 4236 1056 4281 et
1087 4226 1336 4296 apostolis
1360 4228 1714 4295 contigerunt,
1817 4219 2158 4284 contulerint,
2189 4232 2246 4273 ut
2275 4222 2432 4274 etiam
2460 4233 2576 4289 post
2603 4224 3041 4276 resurrectionem
3073 4225 3205 4277 cibis
3230 4237 3350 4277 cor-

141 4327 386 4398 (ψευδο
437 4322 532 4376 me
566 4321 632 4372 ad
667 4319 832 4370 auare
859 4317 1032 4371 crucis
1061 4331 1373 4371 accessurus
1402 4317 1527 4371 vino
1557 4317 1718 4369 absti-
1819 4309 2083 4377 poralihus
2115 4311 2362 4364 utendum
2393 4311 2688 4377 crederent,
2719 4321 3001 4380 potumque
3033 4313 3344 4367 sumendum

138 4420 294 4482 nuit,
331 4414 400 4468 hi
434 4425 570 4464 vero
605 4407 834 4460 nondum
865 4405 929 4457 ad
957 4405 1131 4458 crucis
1159 4403 1321 4456 altare
1348 4405 1605 4458 accessuri
1644 4404 1720 4457 vi-
1820 4414 1920 4452 non
1965 4399 2131 4452 solum
2164 4414 2227 4451 cx
2262 4400 2347 4451 illa
2379 4400 2481 4452 vite
2518 4415 2639 4453 vera
2689 4410 2742 4454 et
2791 4402 2998 4454 vivente
3035 4402 3087 4455 in
3135 4402 3346 4465 saecula,

139 4524 280 4563 ηυω
317 4506 612 4565 biberunt,
638 4499 688 4550 id
713 4496 810 4548 sibi
833 4495 1074 4557 voluisse,
1102 4495 1275 4546 vinum
1299 4495 1523 4548 Aaronis
1556 4505 1608 4548 et
1637 4509 1721 4548 sa-
1753 4492 1793 4544 D
1825 4502 2003 4541 verum
2035 4495 2089 4540 et
2116 4501 2181 4540 ex
2212 4488 2291 4540 his
2322 4489 2510 4541 vitibus
2526 4499 2575 4541 et
2597 4487 2853 4542 fructibus
2885 4488 3030 4555 ligni.
3069 4509 3086 4541 ι
3119 4490 3347 4544 Tantum

137 4603 459 4658 οειοάοιωη
508 4594 560 4645 in
613 4604 675 4642 eo
714 4586 941 4656 ὁμογενῆ
987 4586 1147 4638 fuisse
1195 4585 1551 4638 eucharistico
1596 4585 1718 4637 vino
1825 4579 1970 4630 abest
2005 4588 2058 4631 ut
2097 4580 2218 4632 hinc
2253 4579 2446 4646 aliquid
2474 4595 2566 4648 pro
2596 4595 2690 4634 sua
2723 4595 2879 4634 causa
2911 4582 3158 4651 colligere
3184 4587 3350 4652 possit

137 4691 369 4748 Christi
431 4694 490 4738 ει
531 4679 911 4750 apostolorum,
954 4677 1095 4743 quod
1139 4685 1360 4741 utroque
1391 4675 1722 4727 abstinerent
1823 4666 2148 4730 Albcrtinus,
2179 4677 2235 4721 ut
2263 4668 2344 4722 vel
2375 4669 2534 4737 ipsius
2560 4668 2793 4736 opinioni
2822 4672 3144 4724 contrarium
3173 4673 3222 4726 id
3259 4687 3349 4738 po-

134 4786 239 4853 qui
281 4771 598 4847 accessuri
638 4775 788 4823 erant.
819 4767 883 4817 ad
917 4766 1104 4827 altare,
1147 4767 1212 4818 ab
1245 4767 1309 4818 iis
1341 4780 1466 4818 vero
1496 4767 1581 4834 qui
1618 4780 1682 4818 uo

1826 4756 1928 4807 tius
1958 4765 2009 4807 et
2038 4755 2394 4809 adversarium
2435 4758 2536 4821 sit;
2569 4758 2648 4810 vel
2680 4768 2822 4812 certe
2862 4775 2956 4828 pro
2985 4773 3168 4814 neutra
3204 4772 3349 4831 parte

134 4842 345 4927 essent
379 4860 662 4919 accessuri
692 4857 757 4910 ad
781 4857 946 4909 altare
975 4867 1253 4922 utrumque
1284 4856 1584 4919 biberetur;
1617 4870 1720 4922 qua
1823 4854 2034 4913 Ρ¹¹3ηθ¹ο
2071 4845 2267 4913 Duplex
2292 4846 2546 4914 εῑφιίάθιιι
2575 4850 2741 4912 Cib'lsi
2772 4851 2960 4918 duplex
2983 4865 3106 4905 esus
3133 4853 3346 4904 Ῐηιθτίοο

136 4967 209 5018 de
256 4977 325 5015 re
375 4953 594 5010 scilicet
634 4950 735 5002 hoc
777 4946 892 4999 loco
935 4945 1188 5013 agebatur
1220 4958 1234 4995 :
1287 4944 1338 4995 in
1391 4944 1510 4996 aliis
1545 4952 1720 4996 autem
1825 4939 1898 4990 ris
1925 4936 2153 4990 hominis
2181 4937 2393 5005 intelligi
2424 4948 2594 5004 potest
2623 4955 2638 4992 ε
2668 4941 2748 4994 vel
2777 4957 2898 4996 esus
2927 4941 3346 5002 sacramentalis,

138 5054 332 5106 fuisse
362 5039 683 5116 ἑτερογενῆ,
706 5052 766 5090 ac
798 5035 850 5088 in
881 5049 942 5086 eo
973 5035 1232 5100 prmcipue
1254 5032 1392 5098 quod
1421 5032 1642 5084 Aaronis
1668 5039 1721 5083 et
1824 5043 1943 5080 cum
1975 5027 2167 5080 Christi
2205 5043 2392 5094 corpus
2425 5043 2516 5081 ore
2559 5030 2872 5098 recipimus;
2901 5031 2982 5083 vel
3029 5031 3181 5092 alter,
3227 5043 3344 5080 cuin

137 5140 528 5197 sacerdotum
587 5130 789 5191 viuum,
838 5138 1036 5176 merum
1075 5131 1213 5176 esset
1258 5121 1477 5184 vinum;
1525 5120 1719 5172 Christi
1825 5115 2052 5169 Verbum
2084 5131 2295 5168 carnem
2315 5116 2509 5170 factum
2539 5118 2638 5172 ﬁde
2657 5119 3092 5187 apprehendimus
3120 5125 3170 5168 et
3200 5127 3346 5166 com-

135 5247 288 5287 νει-ο
321 5235 392 5283 et.
422 5220 826 5286 discipulorum,
856 5213 1028 5282 specie
1053 5213 1324 5264 duntaxat.
1357 5207 1571 5274 Urgehit
1597 5223 1721 5262 vero
1820 5206 2046 5269 edimus,
2088 5219 2309 5273 quorum
2353 5216 2570 5274 uterque
2617 5209 2786 5276 Capite
2835 5207 3051 5259 Joannis
3082 5214 3228 5256 sexto
3253 5215 3345 5252 ex-

135 5319 369 5389 aliquis
411 5313 597 5363 dicens
641 5305 782 5359 nulla
818 5303 901 5358 hic
941 5310 1061 5353 uota
1096 5296 1343 5363 distingui
1382 5297 1557 5347 vinum
1591 5287 1765 5350 illud"
1824 5299 2064 5367 ponitur;
2098 5299 2182 5351 hic
2209 5298 2416 5366 quidem
2454 5314 2483 5350 a
2513 5315 2664 5352 versu
2699 5300 2759 5354 51
2806 5301 2868 5351 ad
2902 5301 3010 5389 lucc
3041 5297 3201 5389 verba.
3224 5307 3344 5389 ver-

131 5377 304 5482 quod
345 5417 480 5459 cum
512 5395 803 5466 publicanis
830 5403 882 5446 et
909 5387 1270 5459 peccatoribus
1320 5383 1721 5482 blibeobat.Chri-:
1826 5384 2048 5482 snsi->2:
2083 5385 2147 5482 _Et
2168 5389 2316 5457 panis
2353 5401 2498 5482 quam
2527 5401 2617 5482 eqo
2657 5388 2826 5482 dabo;
2870 5377 3221 5482 inexcita-ib
3244 5377 3349 5482 niti?

131 5463 302 5561 s'tu-s,
342 5492 424 5546 ab
455 5463 524 5548 eo
553 5486 674 5536 vino
704 5495 808 5550 quo
847 5481 898 5533 in
917 5478 1096 5531 ultima
1137 5485 1285 5525 Cinna
1316 5470 1591 5561 abstinuit,
1628 5472 1720 5561 sed
1823 5471 1998 5561 verbis
2036 5474 2101 5526 ad
2140 5488 2351 5528 versum
2393 5473 2479 5526 59.
2525 5474 2581 5526 Si
2609 5488 2730 5526 esus
2754 5463 3350 5561 illeuintelligiturnquo

131 5549 475 5650 ;}}[,'mque
505 5573 696 5644 opponi
724 5549 864 5624 lvino
908 5565 1150 5626 Aaronis,
1183 5575 1246 5614 ac
1285 5560 1506 5629 proinde
1543 5559 1720 5613 simiie
1825 5559 2050 5616 Verbum
2081 5577 2293 5617 carnem
2332 5565 2527 5618 factum
2559 5566 2661 5617 ﬁde
2689 5555 3031 5615 comedimus,
3073 5549 3195 5618 quid
3228 5549 3353 5601 inde

213 5708 269 5739 θ’
307 5698 490 5756 llebr.
522 5711 570 5757 x,
605 5695 652 5746 l.
760 5695 771 5722 ¹
814 5691 988 5747 Matth.
1029 5702 1100 5750 xi,
1135 5683 1217 5737 l9.
1298 5679 1521 5736 ‘Matth.
1555 5697 1700 5747 sxw,
1729 5681 1817 5738 23:
1862 5682 1880 5713 ³
1906 5681 2069 5741 Marc.
2107 5699 2217 5749 xiv,
2253 5684 2341 5740 25.
2465 5683 2481 5713 ⁸
2521 5683 2669 5740 Joau.
2718 5690 2795 5738 vt,
2823 5666 3014 5731 “,51.
3137 5663 3158 5694 '
3197 5659 3352 5717 Joall.

135 5816 230 5866 tv,
293 5793 400 5854 15o
