3920 6464
158 397 177 450 Ι
186 394 286 450 089

995 401 1544 457 ORIGEXIANORUM‘
1579 402 1703 455 LIB.
1744 399 1808 464 ll,
1846 400 1992 454 CAP.
2031 396 2096 458 ll,
2135 391 2399 459 QUIEST.
2439 399 2577 454 XIV.

3187 402 3320 465 1093

157 522 306 562 num.
349 507 440 571 i5,
485 522 609 578 pag.
658 509 762 564 494
792 553 806 576 ,
851 512 1274 565 incircumcisum
1317 512 1558 580 appellat,
1607 511 1696 580 qui
1725 515 1772 570 Α
1799 524 1899 560 non
1930 514 2144 574 propter
2171 509 2524 570 generationis
2564 508 2823 573 ordinem,
2859 508 3160 575 nuptiarum
3195 511 3319 563 ado‘

150 597 425 650 concessis
453 597 924 664 matrimoniijure
955 600 1309 667 voluptatibus
1343 602 1693 669 intemperan-

149 684 244 736 tius
277 685 569 750 abutitur;
605 687 979 741 cireumcisum-
1015 702 1160 753 vero,
1213 706 1232 739 ‹
1265 690 1307 740 si
1353 689 1471 756 quis
1504 689 1553 740 iu
1590 689 1690 740 bu-

145 771 449 836 inscemodi
483 773 695 840 negotio
725 773 988 842 legitimis,
1018 783 1070 827 et
1101 785 1352 843 quantum
1397 775 1688 845 posteritati

142 857 337 915 euincit
386 869 575 914 utatur
622 861 828 916 ciliciis.
866 881 884 912 ι
934 861 988 914 lu
1030 879 1134 930 quo
1166 874 1512 932 praeterquam
1558 880 1690 933 que-

142 952 322 1003 renda
371 951 576 1004 sobolis
609 953 795 1018 gratia,
829 965 1163 1019 congressum
1201 967 1409 1005 omnem
1442 954 1693 1022 conjuga-

139 1040 234 1091 lem
274 1039 506 1092 videtur
552 1053 820 1106 respuere,
863 1041 1019 1093 etiam
1053 1041 1196 1094 illum
1231 1041 1320 1108 qui
1362 1049 1417 1092 ut
1455 1045 1688 1094 debitum

139 1123 413 1190 redditur,
455 1126 538 1178 vel
567 1129 786 1181 vitanda:
815 1128 1114 1182 teutationis
1145 1143 1300 1181 causa
1333 1141 1686 1196 perpetratur.

138 1212 233 1266 Sed
266 1211 403 1266 hinc
429 1229 641 1282 quoque
669 1215 720 1268 in
751 1230 875 1269 voce
905 1233 924 1265 ι
960 1215 1204 1283 legitimis
1237 1235 1256 1267 ι
1285 1218 1543 1270 contineri
1574 1233 1690 1286 pos-

138 1318 332 1356 sumus
384 1306 750 1371 respondere;
800 1305 881 1358 vel
925 1305 1287 1358 circumcisum
1313 1308 1522 1374 quidem
1570 1323 1687 1360 eum

140 1409 260 1448 esse
312 1395 418 1463 qui
465 1396 805 1461 procreanda:
837 1404 1034 1448 tantum
1073 1397 1138 1448 ad
1178 1396 1368 1450 cultum
1399 1398 1493 1450 Dei
1527 1398 1690 1465 prolis

139 1495 309 1536 causa
342 1491 534 1536 actum
569 1483 892 1551 eonjugalem
919 1493 1160 1549 exercet;
1198 1495 1250 1538 at
1272 1500 1376 1538 non
1402 1485 1688 1538 incircum-

131 1570 332 1632 eisum,
366 1569 464 1636 qui
497 1568 629 1623 alios
658 1579 906 1636 prmterea
953 1571 1085 1623 fines
1111 1581 1330 1640 spectat,
1358 1573 1448 1623 sed
1487 1572 1575 1639 qui
1609 1571 1688 1624 in-

133 1667 523 1726 temperanter
557 1672 614 1710 se
649 1658 802 1725 gerit.
851 1656 1202 1727 Hieronymus
1228 1669 1369 1712 certe
1398 1659 1497 1711 lib.
1544 1675 1580 1711 ιι
1632 1661 1688 1713 in

132 1744 310 1812 Epist.
343 1746 440 1797 -ad
482 1745 701 1811 Ephes.,
737 1760 852 1813 cap.
883 1746 950 1809 5,
994 1747 1222 1814 reliquos
1259 1761 1440 1800 omnes
1481 1749 1684 1800 videtur

38 1893 45 1906 ,_
131 1835 457 1903 improbare
487 1835 641 1898 lines,
669 1850 830 1888 unum
861 1836 997 1888 hunc
1028 1836 1321 1898 admittere,
1351 1851 1453 1903 quo
1477 1836 1682 1890 soboles
1715 1812 1754 1868 Β

128 1925 512 1994 comparanda
569 1925 892 1994 pmponitur.
947 1943 964 1976 ι
1020 1925 1106 1987 Si,
1177 1926 1382 1994 inquit,
1434 1927 1502 1980 ita
1551 1941 1683 1980 uxor

125 2013 478 2082 subjicienda
515 2014 628 2064 viro
654 2022 754 2080 est,
783 2022 839 2065 ut
868 2012 1076 2067 Christo
1118 2013 1387 2078 Ecclesia;
1425 2015 1564 2068 inter
1598 2016 1680 2068 vi-

124 2117 240 2155 rum
272 2110 337 2154 et
388 2116 615 2154 uxorem
643 2102 744 2154 erit
782 2111 958 2161 sancta
989 2101 1303 2168 conjunctio,
1334 2110 1386 2156 et
1415 2118 1678 2169 nunquam

122 2189 382 2258 corporis
416 2189 654 2242 servient
681 2190 1047 2257 passiouibus:
1081 2208 1098 2242 ι
1132 2189 1418 2244 Corinthiis
1447 2207 1593 2254 vero,
1625 2201 1682 2244 ut

45 2263 48 2268 ‘
122 2282 390 2344 inﬁrmis,
437 2281 664 2334 necdqu
697 2281 858 2333 solida
907 2282 1100 2348 pietate
1145 2282 1401 2335 roboratis
1446 2294 1678 2336 mutuam

119 2370 289 2424 debiti
326 2368 660 2422 solutionem
687 2383 779 2435 per
806 2370 1200 2436 συγκατάϐασιν
1226 2381 1279 2423 et
1307 2370 1677 2438 indulgentiam

44 2511 46 2514 ,
119 2459 361 2513 Paulum
398 2458 733 2510 concessisse
777 2458 937 2521 dicit;
988 2468 1043 2510 at
1074 2459 1340 2524 Ephesiis,
1377 2469 1434 2512 ut
1477 2471 1595 2526 pote
1628 2461 1678 2512 in

44 2539 54 2588 ί
119 2549 329 2604 Christi
366 2547 617 2600 doctrina
647 2547 1060 2615 provectioribus
1084 2549 1380 2615 ademisse;
1401 2550 1681 2617 unicuique

121 2649 308 2694 tamen
337 2637 427 2690 vel
454 2638 730 2705 Ephesios,
764 2637 839 2688 vel
861 2636 1158 2690 Corinthios
1184 2638 1414 2691 :emulari
1439 2638 1518 2692 fas
1543 2655 1676 2693 esse.

117 2730 179 2783 Et
218 2728 404 2798 paulo
458 2736 622 2796 post:
663 2743 681 2776 ι
722 2724 1029 2779 Liberorum
1069 2741 1212 2793 ergo,
1242 2735 1298 2778 ut
1327 2728 1574 2788 diximus,
1624 2728 1674 2780 in

117 2820 489 2873 matrimonio
517 2831 676 2884 opera
704 2830 951 2868 concessa
978 2825 1116 2868 sunt.
1148 2814 1453 2883 Voluptates
1478 2825 1677 2879 autem,

53 2903 58 2909 ’
113 2926 233 2976 qua:
263 2911 342 2962 de
384 2906 730 2960 meretricum
753 2903 1030 2972 capiuntur
1055 2903 1400 2970 amplexibus,
1435 2904 1485 2955 in
1520 2920 1681 2958 uxore

53 2993 58 2997 ’
113 3001 430 3051 dunnatre.
467 2995 790 3062 ll-oc'legens
826 2993 996 3046 omnis
1020 2993 1102 3044 vir
1131 3002 1182 3044 et
1207 3007 1356 3056 uxor,
1392 2993 1682 3060 intelligant

113 3088 217 3141 sibi
258 3096 396 3156 post
437 3092 754 3151 conceptum
785 3082 948 3150 magis
976 3081 1202 3134 orationi
1233 3096 1386 3149 quam
1419 3082 1680 3135 connubio

108 3175 513 3228 serviendum.
551 3171 614 3222 Et
644 3170 782 3237 quod
817 3169 868 3221 in
903 3169 1213 3222 animalibus
1252 3177 1304 3220 et
1347 3169 1529 3222 bestiis
1568 3171 1680 3238 ipso

109 3276 337 3316 naturae
389 3260 522 3328 ju-re
571 3259 928 3327 praescriptum
977 3267 1088 3320 est,
1144 3265 1200 3309 ut
1248 3267 1573 3324 praegnantes
1618 3259 1680 3311 ad

105 3364 333 3418 parturn
369 3362 552 3414 usque
584 3361 688 3398 non
729 3355 935 3406 coeant,
967 3346 1067 3397 hoc
1101 3345 1150 3396 iu
1187 3345 1481 3396 hominibus
1510 3347 1680 3398 sciant

107 3441 350 3494 arbitrio
392 3436 743 3494 derelictum,
776 3445 832 3484 ut
863 3448 1062 3485 merces
1091 3442 1230 3485 esset
1258 3449 1322 3485 ex
1363 3434 1678 3488 abstinentia

103 3530 497 3597 voluptatum.
539 3543 556 3574 ι
598 3524 673 3576 Eo
709 3523 961 3575 aecedunt
1001 3523 1096 3576 ista
1131 3523 1398 3589 Epiphanii
1432 3524 1558 3575 lit-er.
1591 3525 1679 3586 65,

103 3634 232 3686 cap.
258 3620 307 3685 4,
345 3620 416 3671 Ὁ
447 3615 644 3684 σεμνὸς
661 3613 715 3665 δὲ
742 3611 910 3681 γάμος
934 3613 1259 3664 παιδοποιίαν
1281 3613 1376 3664 οὐκ
1401 3615 1476 3674 εἰς
1499 3615 1682 3683 αἰσχύ-

49 3724 52 3725 '
97 3725 202 3777 νην
251 3711 314 3762 τὰ
353 3712 434 3761 ἐκ
471 3702 608 3756 Θεοῦ
653 3701 824 3762 καλῶς
845 3702 1161 3769 κεκτισμένα
1199 3701 1538 3771 ἁπαγορεύεν
1569 3702 1678 3752 ἀλλ’

91 3799 228 3850 οὔτε
258 3801 460 3857 ἄλλως
504 3791 927 3862 μεταχειρίζεται
957 3792 1051 3859 τῆς
1087 3789 1177 3840 τοῦ
1198 3791 1369 3859 γάμου
1409 3793 1680 3854 κοινωνίας

87 3889 196 3958 τὴν
233 3891 288 3942 ὲκ
337 3883 504 3940 Θεοῦ
540 3879 870 3948 τεταγμένην
904 3880 1139 3950 ἀγωγήν.
1188 3897 1206 3929 ί
1245 3877 1550 3948 Neutiquam
1590 3881 1681 3934 ho~

84 3977 400 4032 norabiles
452 3971 656 4038 nuptize
701 3970 766 4020 ad
814 3968 1147 4034 ignominiam
1185 3969 1453 4021 trahentes
1500 3985 1615 4037 qua:
1651 3986 1678 4023 a

76 4066 202 4119 Deo
244 4065 505 4122 condita
546 4067 690 4121 sunt,
728 4057 1010 4109 liberorum
1045 4057 1461 4124 procreationem
1501 4059 1678 4125 probi-

73 4154 219 4207 bent
249 4173 262 4221 ;
303 4153 435 4212 scd
468 4163 573 4204 nec
602 4147 753 4199 aliter
784 4156 1036 4212 usurpant
1064 4146 1310 4213 nuptialis
1359 4145 1683 4212 conjunctio-

63 4244 161 4296 nis
227 4247 496 4300 modum
548 4252 578 4289 a
628 4235 736 4287 Deo
773 4235 1086 4288 institutum.
1127 4253 1146 4284 ι
1207 4235 1529 4301 Astipulatur
1571 4237 1679 4287 Λιι-

57 4333 358 4402 gustinus
394 4329 554 4383 libro
591 4325 666 4378 De
690 4324 816 4377 bono
838 4323 1115 4392 conj-ugali,
1142 4338 1255 4390 cap.
1285 4323 1336 4375 7.
1379 4342 1396 4373 ι
1421 4322 1678 4387 Reddere,

49 4424 290 4494 inquit,
383 4419 645 4476 debitum
705 4414 974 4482 conjugale
1026 4413 1219 4465 nullius
1273 4422 1355 4465 est
1415 4412 1676 4478 criminis;
1711 4443 1752 4495 Β

49 4516 323 4582 exigere
364 4519 574 4565 autem
607 4504 742 4556 ultra
774 4503 1054 4570 generandi
1097 4503 1484 4564 necessitatem,
1516 4500 1680 4568 culpte

47 4607 329 4660 veniatis
373 4619 393 4654 τ
444 4617 465 4648 ι
502 4593 647 4662 quod
690 4593 843 4644 iterat
877 4605 993 4656 cap.
1043 4588 1296 4650 106111,
1328 4588 1494 4642 etlib.
1547 4603 1560 4640 1
1614 4588 1683 4640 De

42 4705 230 4763 nnpt.
265 4707 331 4751 σι
377 4683 725 4750 concupita,
756 4695 872 4747 cap.
909 4679 995 4730 M.
1027 4678 1354 4744 Astipulatur
1392 4687 1441 4730 et
1477 4677 1683 4744 supple-

43 4795 352 4840 rnentiun
405 4778 654 4833 Summa:
673 4770 731 4824 S.
767 4768 970 4821 Tltomw
1012 4777 1196 4834 qumst.
1232 4769 1321 4830 49,
1363 4783 1412 4819 a.
1444 4767 1495 4820 5.
1535 4767 1679 4832 Quod

42 4887 270 4932 autem
309 4876 522 4945 jactat
561 4859 881 4928 Theophilus
919 4856 1109 4908 Pasch.
1148 4857 1182 4908 2
1224 4867 1276 4909 ει
1321 4858 1375 4920 5,
1406 4857 1680 4923 Origenem

49 4986 74 5018 σ
119 4957 558 5021 honorabiles
579 4951 956 5005 condemnasse
978 4950 1206 5017 nuptias,
1240 4966 1258 4999 ι
1294 4963 1396 5002 nou
1423 4948 1472 5000 id
1493 4963 1554 4998 ex
1573 4947 1684 5014 ejus

39 5055 312 5120 verbis,
351 5044 470 5103 sed
506 5056 572 5094 ex
603 5038 850 5093 doctrina:
877 5035 1037 5103 ipsius
1065 5035 1438 5102 consequentia
1468 5035 1638 5102 arguit
1668 5054 1682 5090 :

43 5147 144 5198 sic
183 5146 377 5196 enim
423 5128 810 5186 ratiocinatur:
839 5126 891 5177 Si
918 5126 966 5176 in
996 5136 1236 5188 corpora,
1261 5123 1338 5176 sic
1361 5131 1603 5190 tanquam
1629 5125 1679 5174 in

44 5229 432 5302 ergastuia',
463 5216 814 5271 detruduntur
842 5212 1035 5264 anima:
1065 5211 1255 5272 noxiae,
1280 5225 1380 5262 non
1412 5224 1529 5263 esse
1557 5209 1682 5262 illud

64 5344 89 5375 ε
122 5296 356 5374 ξηιῇιε
387 5302 811 5365 immaculatum,
833 5320 851 5351 ι
881 5313 976 5352 nec
1001 5315 1018 5346 ι
1044 5296 1382 5350 honorabiles
1406 5297 1632 5362 nuptias,
1658 5313 1675 5344 ι

58 5426 226 5482 qua:
312 5392 621 5456 formandis
671 5387 994 5457 corporibus,
1049 5397 1109 5435 ac
1165 5385 1354 5438 animis
1405 5383 1680 5449 puniendis

59 5471 352 5569 dperant
392 5485 550 5540 dant,
589 5492 704 5530 cum
757 5493 774 5524 ι
805 5482 1020 5542 propter
1055 5484 1245 5536 paruas
1277 5471 1592 5530 animarum,
1628 5477 1681 5520 et

147 5719 180 5750 ο
239 5717 260 5733 ⁸
309 5705 522 5772 Ephesi.
561 5711 608 5754 v,
637 5694 716 5745 9.7.

1792 595 2097 649 lcscentulis
2123 594 2292 647 vincla
2321 598 2640 651 tribuantur.
2677 617 2696 650 ι

1860 685 1971 738 Hoc
1997 683 2242 750 amplius,
2281 685 2465 737 scribit
2495 685 2748 755 Origenes
2778 687 2960 741 bomil.
2993 687 3025 740 (i
3053 688 3105 739 in
3131 686 3271 740 Num
3299 727 3317 752 ,

1792 789 1941 826 num.
1969 774 2023 836 5,
2062 773 2264 825 actibus
2292 773 2647 841 COnjugalibus
2672 775 2922 841 Spiritum
2951 785 3189 828 sanctum
3215 792 3318 829 non

1792 861 1996 915 adesse.
2030 860 2196 913 Verba
2228 859 2341 912 hazc
2374 870 2528 912 sunt:
2582 878 2600 910 ι
2641 861 2910 916 Connubia
2944 863 3154 931 quidem
3185 863 3317 929 legi-

1791 950 1916 1001 tima
1965 959 2146 1003 carent
2185 949 2390 1017 quidem
2430 959 2675 1016 peccato;
2721 965 2817 1003 nec
2870 961 3041 1003 tamen
3083 961 3318 1016 tempore

1791 1037 1878 1090 illo
1901 1052 2004 1104 quo
2035 1037 2336 1105 conjugales
2377 1045 2527 1090 actus
2559 1047 2810 1105 geruntur
2839 1041 3113 1106 prtesenlia
3144 1039 3312 1092 sancti

1792 1126 2021 1192 Spiritus
2039 1127 2295 1190 dabitur,
2342 1129 2545 1179 etiamsi
2591 1127 2844 1192 propheta
2889 1143 3010 1180 esse
3053 1129 3312 1195 videatur,

1788 1215 1874 1282 qui
1919 1215 2088 1268 oﬂicio
2135 1216 2494 1283 generationis
2536 1216 2865 1280 obsequitur.
2924 1235 2941 1266 ι
2991 1219 3058 1270 At
3104 1229 3317 1272 constat

1790 1312 1961 1356 tamen
1989 1312 2163 1355 actum
2186 1303 2342 1367 hunc,
2367 1303 2410 1355 si
2437 1304 2780 1371 suscipienda:
2805 1303 2964 1371 prolis
2979 1320 3135 1358 causa
3161 1321 3311 1360 exer-

1787 1400 1990 1453 ceatur,
2019 1390 2100 1442 vel
2128 1391 2286 1443 debiti
2312 1391 2582 1456 reddendi,
2607 1392 2728 1460 quia
2762 1392 2904 1445 aliud
2933 1402 3013 1445 est
3045 1395 3315 1461 religionis

1785 1491 1936 1542 opus,
2001 1477 2140 1528 aliud
2187 1476 2429 1541 iustitiae,
2475 1487 2710 1530 sanctum
2763 1493 2877 1531 esse
2929 1490 2982 1532 et
3039 1480 3201 1548 pium,
3249 1493 3321 1534 ac‘

1787 1567 2006 1632 proinde
2058 1565 2285 1632 Spiritus
2327 1567 2492 1617 sancti
2543 1567 2778 1619 subsidio
2817 1567 2870 1620 et
2905 1583 3004 1634 ope
3048 1571 3317 1622 exerceri;

1785 1653 2110 1706 Contradicit
2138 1654 2477 1706 nihilominus
2509 1656 2707 1709 Auctor
2736 1654 2921 1721 Operis
2943 1659 3226 1725 imperfecti
3258 1660 3316 1712 in

1788 1741 1973 1793 Matth.
2024 1756 2062 1802 ι,
2113 1741 2196 1803 18,
2249 1744 2425 1808 aitque
2469 1743 2854 1796 matrimonium
2901 1746 2994 1797 etsi
3044 1748 3312 1800 utentibus

1783 1843 1989 1894 poenam
2035 1844 2135 1882 non
2180 1829 2387 1894 inierat,
2433 1832 2725 1883 mercedem
2789 1841 2959 1884 tanien
3015 1848 3116 1885 non
3177 1848 3310 1900 pra}-

1783 1928 1942 1972 stare.

1850 2027 2122 2083 Postremo
2168 2027 2383 2083 iteratas
2428 2030 2656 2096 nuptias,
2699 2045 2800 2084 non
2843 2031 2990 2097 quasi
3031 2030 3314 2086 damnosas

1782 2115 1991 2183 penitus
2018 2131 2081 2170 ac
2116 2118 2329 2182 noxias,
2365 2119 2454 2170 sed
2489 2117 2636 2184 quasi
2683 2121 2766 2186 pio
2794 2129 2845 2171 et
2881 2120 3179 2175 Christiano
3209 2123 3307 2175 ho-

1783 2204 1921 2257 mine
1963 2203 2201 2274 indiguas
2239 2205 2582 2261 Adamantius
2618 2209 2899 2260 traduxit:
2938 2211 3074 2276 quod
3117 2212 3306 2264 merito

1783 2293 2042 2346 criminati
2083 2302 2207 2346 sunt
2251 2293 2746 2363 lilagdeburgenses,
2779 2297 2929 2349 Cent.
2963 2299 3015 2361 5,
3049 2314 3166 2364 cap.
3217 2299 3302 2352 10.

1788 2399 1806 2432 ι
1838 2380 1984 2434 Nunc
2014 2396 2160 2444 vero,
2198 2399 2216 2431 ι
2271 2383 2438 2449 inquit
2470 2383 2653 2437 bomil.
2699 2384 2764 2436 17
2791 2385 2844 2436 in
2891 2383 3044 2450 Luc.,
3070 2403 3088 2435 ι
3136 2395 3188 2438 et
3219 2401 3306 2438 se-

1783 2470 1986 2532 cundae,
2013 2477 2065 2522 et
2099 2470 2287 2531 tertiae,
2317 2479 2369 2522 et
2395 2480 2595 2538 quarta
2627 2473 2839 2538 nuptiae,
2878 2481 2934 2524 ut
2969 2473 3034 2526 de
3069 2473 3307 2540 pluribus
3358 2485 3360 2487 ‘

1787 2567 2004 2619 taceam,
2053 2559 2407 2626 reperiuntur,
2451 2569 2638 2614 etnon
2683 2563 2984 2628 ignoramus
3024 2563 3162 2629 quod
3203 2563 3306 2616 tale

1783 2643 2082 2711 coniugium
2115 2645 2288 2710 ejiciet
2325 2661 2418 2696 nos
2451 2645 2514 2698 de
2547 2661 2706 2714 regno
2737 2646 2848 2698 Dei.
2885 2665 2904 2697 ι
2959 2647 3027 2698 Et
3070 2649 3304 2702 deinde:

1788 2751 1807 2784 α
1845 2733 1914 2785 De
1939 2742 2076 2784 metu
2104 2732 2482 2800 primitivornm
2534 2734 3096 2802 immaculatorumque
3125 2735 3310 2788 Eccle-

1785 2823 1890 2880 size.
1930 2838 2044 2890 qua:
2073 2838 2172 2876 non
2204 2822 2357 2876 habet
2399 2823 2677 2885 maculam,
2709 2837 2877 2890 neque
2907 2838 3086 2890 rugam
3118 2823 3174 2856 ν
3201 2821 3306 2888 eji-

1783 2912 1950 2964 cietur
1971 2911 2227 2977 digamus,
2249 2925 2348 2963 non
2381 2926 2484 2977 quo
2513 2911 2561 2962 in
2588 2921 2836 2966 aeternum
2868 2915 3100 2963 mittatur
3127 2910 3315 2964 incon-

1785 2997 1950 3060 dium,
1984 2997 2075 3050 sed
2120 3012 2224 3064 quo
2272 3007 2476 3063 partem
2514 3013 2614 3050 non
2645 2998 2830 3050 habeat
2863 2998 2914 3050 in
2947 3012 3106 3064 regno
3139 2999 3250 3052 Dei.
3281 3017 3298 3049 ι

1785 3084 1914 3138 Tum
1940 3100 2096 3137 mox:
2130 3103 2148 3135 ι
2182 3085 2312 3138 Ρυιο
2337 3085 2473 3137 enim
2510 3099 2900 3152 monogamum,
2941 3096 2992 3139 et
3021 3087 3310 3152 virginem,-

1779 3183 1830 3224 et
1858 3187 1975 3224 cum
2014 3172 2104 3240 qui
2132 3171 2182 3223 in
2207 3170 2516 3224 castimonia
2545 3180 2866 3238 perseverat,
2893 3186 3008 3224 esse
3032 3171 3095 3223 de
3124 3171 3305 3223 Eccle-

1779 3261 1854 3314 sia
1884 3260 2008 3324 Dei;
2040 3275 2158 3313 enm
2193 3275 2313 3312 vero
2342 3259 2430 3326 qui
2460 3261 2527 3311 sit
2557 3260 2812 3327 digamus,
2842 3259 2959 3311 licet
2987 3260 3176 3311 bonam
3212 3259 3303 3311 lia-

1777 3349 1898 3402 beat
1931 3348 2404 3410 conversationem,
2448 3357 2501 3400 et
2540 3349 2744 3401 caeteris
2777 3348 3057 3400 virtutibus
3085 3347 3310 3415 polleat,

1780 3446 1950 3490 tamen
1973 3452 2072 3489 non
2098 3451 2212 3489 esse
2236 3437 2298 3488 de
2315 3435 2570 3499 Ecclesia,
2600 3445 2653 3488 et
2673 3436 2736 3488 de
2752 3449 2812 3487 eo
2835 3450 3054 3488 numero
3085 3436 3173 3502 qui
3195 3451 3296 3487 non

1779 3526 1934 3578 habet
1954 3541 2129 3594 rugam
2147 3534 2234 3576 aut
2255 3525 2530 3587 maculam,
2550 3533 2638 3576 aut
2657 3523 2851 3590 aliquid
2873 3524 3167 3577 istiusmodi
3184 3539 3197 3586 ;
3213 3524 3314 3584 sed

1777 3630 1891 3668 esse
1912 3615 1974 3668 de
2002 3615 2230 3668 secundo
2256 3615 2440 3682 gradu,
2463 3622 2514 3665 et
2542 3614 2603 3666 de
2625 3613 2707 3666 his
2730 3618 2815 3679 qui
2845 3614 3088 3688 invocant
3115 3629 3303 3668 nomen

1779 3703 2004 3766 Domini,
2049 3713 2101 3755 et
2143 3704 2229 3771 qui
2283 3702 2551 3754 salvantur
2598 3701 2808 3770 quidem
2851 3703 2900 3754 in
2941 3703 3153 3755 nomine
3180 3700 3304 3755 Jesu

1779 3792 1998 3858 Christi;
2040 3806 2366 3858 nequaquam
2420 3800 2590 3842 tamen
2648 3801 2966 3843 coronantur
3019 3791 3086 3844 ab
3135 3806 3218 3843 eo.
3281 3809 3306 3840 ι

1779 3880 1907 3933 lliuc
1947 3880 2156 3934 liomilia
2201 3879 2264 3931 19
2307 3879 2359 3928 in
2393 3876 2607 3940 Jerem.,
2672 3894 2818 3930 num.
2863 3878 2916 3942 4,
2965 3894 3064 3930 non
3108 3888 3313 3931 :nteruo‘

1777 3969 1985 4036 quidem
2028 3965 2372 4020 addicendntu
2409 3967 2565 4017 tradit
2597 3966 2852 4032 supplicio
2878 3967 3176 4033 digamum,
3212 3971 3301 4018 sed

1777 4056 2080 4124 participem
2103 4055 2284 4108 Salutis
2307 4053 2524 4117 alicujus
2549 4053 2801 4115 futurum,
2826 4070 2925 4105 non
2952 4063 3120 4106 tamen
3149 4063 3304 4106 tanta!

1777 4145 2056 4207 felicitatis,
2103 4151 2309 4210 quanta:
2363 4143 2448 4208 qui
2501 4157 2660 4210 purus
2712 4142 2918 4195 vixerit.
2965 4141 3303 4208 Tomo‘quo-

1776 4248 1876 4301 que
1904 4248 1972 4285 xx
2025 4234 2075 4284 in
2111 4230 2292 4295 Joan.,
2335 4246 2476 4282 num.
2512 4229 2597 4293 10,
2646 4231 2695 4282 in
2732 4245 2793 4282 eo
2839 4231 3136 4297 neutiquam
3187 4230 3305 4282 imi-

1779 4318 1988 4371 tandum
2019 4317 2376 4370 Abrahamum
2413 4316 2743 4384 pronuntiat,
2771 4317 2907 4383 quod
2951 4317 3152 4369 ancilla:
3179 4331 3305 4370 con-

1780 4407 2052 4471 cobuerit,
2081 4415 2132 4460 et
2178 4406 2432 4459 defuncta:
2461 4406 2607 4458 uxori
2638 4406 2790 4456 aliam
2832 4406 2880 4458 in
2924 4416 3191 4460 senectute
3217 4422 3306 4458 su-

1781 4494 2160 4564 perinduxerit.
2204 4493 2446 4546 Profecto
2476 4508 2575 4545 non
2612 4491 2938 4544 Montanistaz
2959 4532 2974 4558 ,
3013 4495 3148 4545 inter
3173 4507 3314 4560 quos-

1782 4583 2150 4647 Tertullianus,
2178 4596 2274 4634 nec
2313 4579 2588 4633 Novatiani
2620 4578 2787 4646 solum
2820 4578 2916 4632 bac
2946 4580 3187 4647 Opinione
3227 4581 3307 4632 in-

1781 4673 1902 4726 fecti
1929 4681 2067 4735 sunt,
2090 4673 2179 4725 sed
2211 4671 2456 4723 nonnulla
2484 4670 2640 4723 etiam
2666 4669 2817 4736 hujus
2838 4669 3008 4722 aliinia
3038 4685 3101 4722 ex
3125 4671 3308 4724 ortho—

1783 4761 1930 4814 doxis
1957 4761 2297 4827 scriptoribus
2324 4759 2495 4811 atlerri
2527 4757 2714 4822 solent,
2743 4774 2856 4826 qua:
2887 4761 2936 4812 in
2968 4758 3316 4813 Decretorum

1783 4860 1929 4917 parte
1955 4865 2010 4913 ιι,
2041 4866 2184 4902 caus.
2215 4849 2302 4909 5i,
2335 4857 2519 4916 qumst.
2553 4848 2600 4913 Ι,
2628 4863 2745 4900 can.
2779 4847 2832 4910 8,
2872 4849 2904 4902 9
2927 4858 2980 4901 et
3012 4850 3095 4912 10,
3133 4849 3310 4901 retulit

1784 4939 2080 4992 Gratianus.
2110 4936 2260 4988 Prior
2297 4937 2442 4989 locus
2473 4945 2555 4988 est
2596 4951 2658 4988 ex
2692 4935 3100 4990 Neocazsariensi
3127 4937 3306 4990 conci-

1783 5027 1870 5090 lio,
1909 5040 2011 5092 quo
2044 5042 2061 5074 ι
2100 5024 2443 5076 secundarum
2476 5025 2772 5092 nuptiarum
2830 5026 3090 5078 connubio
3127 5043 3145 5074 ι
3187 5038 3314 5090 ιη’εά

1785 5117 1962 5185 sbyter
1991 5114 2244 5166 interesse
2277 5113 2607 5181 prohibetur,
2641 5129 2757 5166 cum
2804 5113 3090 5180 przesertim
3115 5110 3321 5176 nuptiis-

1782 5204 2034 5273 ejnsntodi
2064 5204 2366 5270 pmtiitentia
2398 5203 2588 5270 imponi
2624 5203 2804 5255 soleat.
2845 5193 2944 5253 Ubi
2977 5216 3090 5267 pro.
3123 5214 3140 5246 ‹
3180 5210 3307 5247 con-

1786 5291 1960 5352 nubio,
1994 5307 2011 5338 )
2045 5290 2316 5353 legendum
2346 5299 2446 5350 est,
2479 5308 2495 5338 ί
2525 5289 2797 5351 convivio;
2836 5305 2852 5337 ι
2885 5287 2959 5338 sic
2981 5283 3116 5336 enim
3154 5281 3308 5345 paulo

1789 5388 1900 5448 post
1953 5377 2215 5430 habetur:
2266 5396 2282 5425 ι
2321 5378 2448 5442 Quis
2482 5379 2594 5431 erit'
2628 5378 2922 5444 presbyter,
2969 5368 3053 5434 qui
3094 5375 3310 5432 ιπυῐηει·

1786 5469 2079 5525 convivium
2124 5466 2224 5520 illis
2264 5469 2556 5522 consentiat
2608 5462 2838 5532 nuptiis?
2871 5479 2889 5509 ι
2931 5457 3001 5508 lta
3041 5454 3226 5518 legitur
3256 5451 3310 5504 in
