3920 6478
346 423 481 479 1095

1583 407 1642 461 Ρ.
1681 405 1990 459 DANlELlS
2027 403 2264 458 ilUETll

343 549 406 590 ex
441 535 526 588 his
569 525 813 582 omnibus
849 524 1085 578 laborum
1115 531 1168 575 et
1199 522 1491 575 studiorum
1531 536 1746 577 suorum
1791 531 1868 570 tc-
1897 525 1942 578 Α
1973 518 2266 568 tationihus

3625 361 3775 418 £096

2298 509 2720 566 conﬂictatos.
2763 494 3072 563 Anonymi
3127 483 3488 554 cujusdam
3524 481 3708 534 tones
3748 498 3779 532 ι

344 573 600 678 ζιίιηοι-ἱίε
627 614 868 684 amplecti
933 613 1092 666 talem
1129 614 1296 664 virum
1341 573 1666 682 (Origenem)
1697 621 1750 665 et
1775 627 1868 664 ne.
1897 573 1942 578 ﬂ
1968 609 2122 660 nobis
2165 608 2278 674 jam
2325 618 2511 669 supra
2582 595 2822 650 laudati
2884 585 3276 655 Apologiam
3363 593 3479 646 pro
3539 573 3782 675 Origene

343 728 443 781 que
485 705 807 762 defensionis
849 705 1025 757 studio
1069 703 1185 770 plus
1233 703 1356 756 dare
1387 703 1433 757 ei
1489 704 1682 766 meriti,
1713 716 1870 769 quam

343 812 586 852 mensura
624 794 893 862 deposcit;
935 806 1105 859 neque
1147 808 1328 846 rursus
1376 794 1707 846 obtrectandi
1747 793 1874 844 vitio

343 885 496 940 faciie
528 884 899 943 condemnare,
933 891 986 933 et
1009 881 1238 932 alienum
1270 882 1333 933 ab
1382 882 1738 935 ecclesiastica
1776 881 1870 934 do-

344 977 513 1028 ctrina
561 986 760 1026 temere
813 971 1196 1039 pronuntiare:
1229 986 1346 1023 cum
1393 982 1674 1038 utrumque
1735 970 1874 1023 istud

343 1064 686 1133 principitium
737 1063 1015 1130 providens
1053 1071 1171 1114 ante
1216 1063 1420 1114 divinus
1499 1078 1673 1115 sermo
1699 1061 1878 1128 prohi—

343 1153 516 1206 buerit
541 1153 758 1204 dicens:
795 1149 912 1201 Non
952 1151 1014 1202 sit
1047 1152 1100 1201 in
1139 1160 1186 1202 te
1218 1165 1459 1202 mensura
1494 1153 1680 1217 major,
1721 1164 1878 1217 neque

342 1239 913 1294 minenabomiuabile
950 1247 1023 1291 est
1064 1241 1198 1290 enim
1261 1240 1315 1290 in
1359 1250 1626 1300 conspectu
1672 1239 1879 1290 Domini

343 1329 666 1397 utrumque’.
699 1328 990 1395 Unicuique
1027 1330 1190 1389 enim,
1226 1335 1378 1393 prout
1415 1327 1626 1395 dignum
1670 1336 1750 1379 est
1795 1327 1884 1379 tri-

350 1423 527 1485 liuere,
566 1420 785 1485 iustitia:
835 1419 934 1471 hoc
975 1418 1245 1484 proprium
1274 1430 1370 1469 est.
1409 1417 1634 1486 Propter
1656 1419 1796 1485 quod
1829 1427 1882 1470 et

349 1526 595 1565 mensura
633 1510 856 1576 integra,
889 1518 941 1561 et
973 1510 1174 1576 pondus
1207 1517 1408 1575 aequale
1450 1508 1770 1574 acceptabile
1803 1515 1884 1561 est

347 1599 484 1667 apud
527 1598 720 1659 Deum;
753 1612 853 1649 non
886 1598 983 1649 hoc
1003 1596 1145 1663 quod
1174 1597 1422 1656 mentitur
1455 1596 1755 1653 veritatem.
1786 1609 1883 1663 per

348 1686 484 1755 quod
516 1686 597 1738 vel
647 1686 760 1753 plus
806 1684 1037 1736 donatur
1080 1687 1254 1744 rebus,
1295 1699 1450 1750 quam
1504 1684 1689 1735 merita
1715 1683 1881 1749 depo-

350 1786 522 1838 scunt,
550 1777 628 1828 vel
656 1777 982 1828 subtrahitur
1027 1776 1231 1827 meritis
1260 1774 1399 1843 quod
1453 1773 1690 1826 debetur.
1724 1791 1742 1823 ι
1783 1773 1884 1840 Igi-

1970 666 2244 763 legissevse
2279 666 2542 745 testatur
2586 681 2879 742 Pbmius,
2915 680 3056 730 eod.
3100 685 3329 727 cvxrt.
3366 666 3654 719 auctoris
3689 680 3784 716 no-

1973 804 2094 841 men
2130 796 2189 839 et
2227 792 2458 837 aetatem
2490 777 2744 832 silentio
2780 770 3034 842 pressit.
3079 762 3269 829 Quid
3309 758 3450 825 jam
3498 756 3788 809 recentio—

1973 893 2058 932 res
2095 887 2578 931 commemorem,
2607 866 2920 922 Joannem
2971 858 3214 910 Picum
3259 846 3789 903 Mirandulannxn,

1973 969 2236 1022 Jacobum
2304 964 2622 1018 Met-linum
2713 949 3264 1007 Victurniensem
3311 980 3332 1003 ,
3421 936 3793 990 De'sidcrium

1977 1061 2262 1114 Erasmum
2314 1053 2826 1108 Roterodamum,
2867 1038 3129 1096 Sixtum
3168 1036 3594 1090 Senensem,
3628 1028 3795 1080 Clau-

1978 1151 2128 1202 dium
2161 1149 2557 1212 Espenczenm,
2592 1139 2955 1192 Gilbertum
2997 1119 3569 1184 Cenebrardum,
3608 1128 3672 1170 et
3703 1131 3799 1169 no-

1981 1238 2202 1290 vissime
2232 1235 2464 1286 Petrum
2501 1227 2885 1285 llalloxinm,
2935 1229 3242 1288 quorum
3313 1209 3663 1262 luculenta
3709 1220 3803 1260 cx-

1983 1337 2131 1380 stant
2161 1327 2211 1377 in
2245 1321 2512 1391 Origenis
2547 1317 2985 1372 defensionem
3026 1298 3620 1361 dissertationes!

2052 1414 2137 1468 Ill.
2173 1415 2378 1466 llorum
2411 1410 2650 1479 quidem
2679 1401 3053 1471 eat-emplum
3095 1397 3264 1450 sine
3309 1388 3807 1459 reprehensione

1983 1504 2181 1558 sectari
2222 1517 2306 1555 me
2353 1501 2615 1568 potuisse
2655 1505 2856 1563 puto;
2924 1506 3161 1558 neque
3243 1486 3384 1540 feci
3440 1495 3680 1545 tamen,
3717 1492 3812 1534 nec

1982 1613 2144 1668 porro
2182 1597 2382 1648 faciam
2423 1611 2437 1644 :
2484 1593 2540 1642 in
2579 1598 2869 1642 neutram
2903 1586 3102 1636 enim
3169 1590 3450 1647 partem
3491 1576 3676 1628 nimis
3699 1590 3817 1627 con-

1985 1666 2119 1755 spici
2151 1685 2361 1738 velim:
2417 1690 2638 1733 tantum
2685 1677 2836 1744 quid
2893 1673 3245 1740 utrinque
3293 1667 3528 1722 afferri
3590 1666 3647 1718 in
3702 1666 3817 1718 uitio

1985 1791 2204 1829 versum
2235 1771 2432 1842 possit,
2493 1770 2856 1836 disputabo.
2917 1764 3286 1825 Primum,
3363 1759 3526 1827 quid
3561 1755 3818 1825 Origenis

353 1880 438 1921 tur
474 1878 818 1934 utrorumque
871 1866 998 1918 mihi
1057 1867 1384 1932 improbatur
1429 1865 1590 1927 ratio,
1643 1875 1749 1916 ttnn
1794 1864 1882 1931 qui
1917 1851 1958 1903 Β
1987 1882 2163 1919 causa:
2198 1867 2438 1919 maxime
2474 1863 2691 1925 faveat,
2732 1858 3106 1913 videndum
3178 1864 3342 1917 est;
3385 1851 3580 1919 cujus
3630 1850 3820 1917 duplex

352 1958 606 2027 apologiis
634 1959 744 2011 snis
777 1958 919 2011 Ouini
951 1957 1066 2009 labe
1091 1972 1313 2024 purgare
1338 1956 1617 2023 Origenem
1646 1955 1882 2018 student,

354 2061 460 2104 tum
497 2053 582 2120 qui
617 2051 730 2118 ejus
763 2066 954 2104 nomen
1002 2051 1067 2102 ab
1101 2050 1338 2102 Ecclesia
1375 2049 1586 2116 penitus
1620 2049 1888 2100 detestan-

353 2152 436 2195 tur
470 2159 484 2194 :
516 2144 605 2196 sed
643 2143 706 2194 iis
743 2152 917 2194 tamen
977 2141 1066 2209 qui
1113 2141 1276 2207 ipsius
1328 2139 1754 2207 propugnaudam
1798 2154 1890 2192 su-

352 2245 629 2298 sceperunt
655 2248 865 2286 causam
897 2232 1011 2299 plus
1042 2231 1222 2283 favere
1253 2246 1334 2282 me
1369 2231 1620 2297 profiteor
1647 2244 1660 2290 ;
1696 2228 1887 2280 scitum

353 2324 544 2392 quippe
566 2333 648 2375 ρει
675 2323 789 2389 plus
830 2337 920 2375 reo
951 2319 1228 2373 favendum
1257 2333 1392 2380 esse,
1425 2334 1582 2386 quam
1615 2317 1810 2371 actori.

423 2412 483 2463 ll.
526 2411 629 2465 Nec
673 2426 756 2463 me
797 2408 1142 2478 quorumdam
1192 2408 1462 2459 hominum
1516 2416 1729 2458 moveut
1759 2421 1892 2458 con-

354 2501 515 2561 vicia,
538 2499 628 2564 qui
676 2515 778 2550 non
809 2513 902 2550 sua
933 2497 1087 2548 modo
1120 2495 1423 2548 defensione
1467 2495 1735 2560 indignum
1773 2493 1896 2546 Ori-

357 2604 540 2659 genem
576 2590 901 2651 existimant,
939 2587 1027 2640 sed
1068 2587 1130 2639 iis
1164 2587 1322 2639 etiam
1359 2583 1670 2636 temeritatis
1711 2593 1890 2636 notam

357 2681 592 2741 inurunt,
656 2679 956 2746 quicunque
999 2675 1208 2742 aliquod
1253 2674 1299 2726 ci
1349 2673 1704 2726 excusationis
1757 2689 1895 2740 pra:-

355 2780 500 2824 staut
532 2767 782 2821 oliicium.
834 2767 947 2831 Quo
993 2779 1088 2817 suo
1129 2763 1362 2825 decreto,
1385 2777 1497 2838 non
1530 2762 1784 2830 quosdam
1819 2762 1882 2815 de

359 2861 517 2913 trivio
559 2858 906 2927 magistellos,
939 2856 1029 2908 sed
1069 2853 1334 2921 principes
1370 2855 1420 2904 in
1459 2852 1649 2905 litteris
1693 2864 1745 2904 et
1784 2853 1897 2921 pie-

361 2956 468 3004 ta‘te
492 2950 726 3018 insignes
754 2949 898 3000 viros
930 2943 1241 3013 percellnnt.
1273 2942 1403 2993 Nam
1443 2949 1502 2993 ut
1536 2940 1895 2993 Alexandrum

358 3041 872 3110 Jerosolymitanum,
918 3036 1282 3089 Tlteot'listum
1318 3033 1721 3093 Caesariensem,
1768 3032 1895 3084 Dio-

1989 1967 2073 2010 est
2110 1959 2270 2018 ratio,
2325 1954 2410 2008 vel
2442 1948 2714 2008 conﬂatis
2764 1951 2826 2003 in
2886 1963 3053 2002 eum
3119 1942 3719 1999 criminationibus
3750 1942 3822 1993 di-

1990 2049 2221 2114 luendis,
2272 2047 2358 2100 vel
2416 2048 2542 2113 ipso
2586 2043 2858 2110 Origene
2900 2037 3370 2092 excusando.
3435 2032 3826 2088 Confutautur

1990 2146 2221 2214 primum
2252 2142 2649 2198 accusationes
2702 2140 2821 2191 hoc
2881 2141 3359 2202 argumento,
3400 2129 3581 2198 quod
3635 2127 3826 2196 plerae—

1991 2250 2095 2304 que
2121 2234 2222 2288 sibi
2253 2239 2568 2300 repugnant
2604 2228 2898 2291 invicem,
2978 2236 3061 2277 et
3125 2223 3204 2277 in
3281 2236 3445 2275 sese
3504 2220 3834 2272 incurrunt.-

1994 2325 2140 2379 lnter
2173 2337 2365 2376 novem
2396 2319 2856 2374 criminationes
2916 2331 2958 2368 ξι
3005 2313 3434 2382 Pamphilio
3468 2324 3829 2364 commemo-

1993 2428 2162 2476 ratas,
2195 2414 2488 2466 contrariae
2525 2410 2635 2465 sibi
2688 2418 2835 2464 sunt
2883 2405 3190 2474 priores
3231 2413 3566 2472 quatuor,
3601 2414 3732 2469 qua:
3773 2399 3831 2450 ad

1994 2505 2266 2560 Christum
2289 2504 2599 2572 pertinent,
2637 2509 2702 2552 ut
2734 2497 2838 2551 vel'
2859 2497 3136 2550 silente
3186 2496 3353 2562 ipso
3387 2494 3690 2562 Origene,
3727 2505 3831 2542 mn-

1999 2607 2088 2648 tuo
2121 2609 2240 2648 sese
2268 2593 2373 2645 illae
2410 2590 2699 2644 refellant.
2730 2586 2918 2653 Quod
2965 2587 3030 2640 si
3083 2586 3261 2654 quis
3302 2585 3618 2652 superius
3653 2587 3828 2648 caput,

1997 2687 2136 2754 quod
2159 2683 2472 2736 Adamantii
2503 2683 2781 2750 dogmata
2813 2677 3379 2747 complectitur,
3423 2675 3690 2729 attentis
3713 2688 3833 2725 ocu-

1997 2775 2064 2830 lis
2108 2773 2426 2841 perlustrct,
2475 2770 2657 2824 multa
2714 2768 2845 2822 illic
2908 2768 3218 2836 objecta
3257 2765 3547 2835 Origeui
3606 2764 3837 2817 crimina‘

1999 2863 2272 2918 adversari
2305 2861 2408 2915 sibi
2445 2860 2692 2912 invicem
2729 2859 3268 2925 deprehendet.

2071 2955 2160 3010 IV.
2205 2953 2451 3006 Alterum
2483 2948 2844 3004 defendendi
2909 2949 3354 3002 Adamantii
3430 2953 3832 3014 argumentum

2000 3061 2065 3101 ex
2101 3059 2164 3098 eo
2208 3044 2433 3111 petitur,
2494 3039 2650 3107 quod
2689 3037 3276 3106 Origenistarum
3320 3039 3834 3093 heterodoxorum

365 3135 574 3203 nysium
613 3122 1047 3189 Alexandrinum,
1088 3124 1454 3176 Firmilianum
1495 3122 1897 3186 Caesariensem,
1929 3162 1971 3216 Ο
2003 3149 2217 3190 errores
2249 3131 2475 3199 Origeni
2538 3142 2692 3197 εωρθ
2742 3129 2946 3181 animi
3029 3141 3245 3196 sunt,
3323 3139 3398 3183 ει
3441 3132 3645 3198 quod.
3684 3138 3740 3178 ιη
3771 3127 3834 3176 ,ιι

363 3223 674 3291 Gregorium
712 3219 1184 3284 Thaumaturgum,
1213 3223 1265 3267 et
1298 3213 1713 3274 Athenodorum,
1739 3213 1902 3266 alius-

361 3330 464 3382 que
534 3312 745 3380 Origeni
811 3323 1016 3362 coaevos
1092 3299 1527 3373 praetermittam;
1615 3312 1667 3356 et
1741 3313 1905 3355 tutam

363 3405 591 3470 denique
652 3401 1032 3463 Paltcstinam,
1101 3396 1386 3458 Arabiam,
1438 3394 1763 3447 Plitenieiam
1852 3399 1907 3444 et

364 3494 643 3556 Achaiam,
678 3505 792 3556 qua:
822 3489 1063 3557 Origenis
1093 3496 1270 3554 partes
1304 3488 1554 3536 adversus
1580 3483 1904 3536 Demetrium

364 3583 781 3636 Alexandrinum
810 3589 995 3631 tutata:
1034 3585 1184 3638 sunt,
1209 3584 1391 3642 aperte
1419 3576 1630 3626 easdem
1670 3573 1902 3626 luculen-

370 3671 438 3725 tis
489 3670 700 3737 scriptis
751 3668 940 3721 deinde
1002 3672 1464 3734 propuguaverunt
1529 3661 1786 3714 Eusebius
1856 3669 1910 3714 et

369 3760 698 3828 Pamphilus,
769 3772 890 3811 cum
950 3755 1001 3808 in
1067 3752 1417 3806 ecclesiastica
1471 3748 1726 3811 Historia,
1799 3760 1908 3802 tum

372 3851 536 3906 multo
578 3847 746 3916 magis
778 3861 868 3914 per
897 3844 1199 3910 Apologiaut
1230 3856 1318 3894 sex
1359 3839 1521 3891 libros
1553 3837 1906 3906 complexam,

369 3955 593 4011 quorum
628 3939 813 3991 unicus
863 3944 1128 4002 superest.
1161 3933 1308 3986 Alios
1337 3945 1547 3997 quoque
1601 3930 1776 3997 magni
1811 3945 1907 3981 no-

370 4034 528 4086 minis
554 4031 694 4082 viros
715 4027 1014 4094 complures
1038 4022 1246 4076 Eusebii
1279 4019 1601 4086 temporilms
1634 4017 1908 4084 apologias

371 4133 466 4188 pro
517 4117 743 4184 Origene
784 4113 1061 4180 scripsisse
1110 4110 1268 4162 tradit
1309 4108 1528 4161 Pbotius
1575 4107 1692 4158 cod.
1724 4120 1908 4158 cxvur.

375 4208 514 4260 Inter
549 4203 853 4272 Origeniani
893 4202 1121 4255 numinis
1171 4200 1409 4252 fautores
1437 4197 1782 4250 Athanasiqu
1819 4212 1912 4264 po-

374 4298 456 4349 nit
507 4296 806 4364 Stephanus
865 4292 1152 4352 Tritheita,
1217 4300 1571 4357 cognomento
1638 4287 1904 4351 Gobarus,

375 4386 524 4452 cujus
552 4394 800 4452 excerpta
830 4384 986 4436 habet
1018 4383 1233 4435 Photius
1272 4382 1391 4434 cod.
1424 4393 1660 4432 ccxxx”.
1688 4377 1781 4429 llis
1821 4392 1912 4430 ac-

2005 3227 2144 3278 Beda
2182 3223 2235 3277 in
2271 3220 2630 3274 Collectaneis
2675 3228 2736 3274 et
2780 3217 3055 3272 Florib.
3087 3262 3111 3287 ,
3160 3235 3331 3290 cap.
3380 3221 3466 3275 de
3511 3220 3835 3274 lutninarih.

2007 3314 2212 3367 Ecclcs.
2250 3327 2308 3365 ε(
2346 3308 2499 3361 Multi
2535 3308 2663 3374 ejus
2711 3310 2988 3376 pessimi
3057 3312 3412 3380 discipuli
3448 3312 3645 3365 multa
3691 3327 3841 3361 vene-

2008 3417 2137 3456 nosa
2185 3401 2281 3453 sub
2337 3399 2566 3450 nomine
2616 3397 2799 3462 hujus
2857 3400 3199 3455 edidisse
3255 3405 3606 3460 videntur.
3644 3422 3665 3455 ι
3715 3401 3839 3456 Cum

2009 3492 2149 3545 enim
2202 3488 2575 3541 Christianum
2630 3487 2848 3538 orbem
2912 3489 2994 3541 in
3075 3489 3449 3546 factiones
3518 3495 3842 3557 dissipasset

2012 3580 2176 3646 ipsius
2204 3576 2476 3639 doctrina,
2527 3582 2592 3626 ut
2644 3574 2840 3627 multa
2884 3575 3064 3633 huic
3120 3581 3313 3635 falso
3373 3585 3462 3635 ab
3502 3582 3844 3636 adversariis

2012 3670 2238 3735 impacta
2269 3673 2418 3728 sunt,
2467 3665 2540 3716 ita
2592 3681 2709 3717 non
2755 3682 2975 3731 pauca
3044 3682 3411 3742 tanquam
3455 3677 3540 3729 ab
3578 3677 3708 3743 ipso
3742 3686 3842 3726 ιη-

2012 3759 2118 3812 dita
2150 3765 2567 3824 propugnarunt
2601 3754 2794 3820 ipsius
2859 3763 3232 3826 asset-he;
3306 3766 3418 3818 vel
3482 3781 3632 3836 qua
3682 3765 3844 3833 reipsa

2013 3844 2228 3898 fuerant
2303 3843 2371 3896 ab
2445 3843 2537 3896 illo
2615 3844 2897 3911 tradita,
2995 3852 3067 3904 in
3182 3857 3407 3909 aliam
3503 3860 3844 3912 sententiain

2013 3935 2424 3988 detorserunt:
2477 3949 2724 4002 quorum
2793 3952 3011 3993 causa
3085 3944 3376 4001 insonti
3445 3948 3712 4018 origani
3765 3949 3844 4002 σε.

2013 4026 2314 4096 legebatur.
2385 4025 2560 4077 Caute
2616 4040 2763 4091 ergo
2828 4039 2897 4082 et
2970 4033 3392 4106 diligenter
3457 4043 3843 4109 Origenistica

2014 4118 2269 4185 dogmata
2303 4115 2370 4168 ab
2399 4113 2728 4183 Origenicis
2759 4133 3089 4188 seponat,
3145 4139 3225 4182 ει
3292 4132 3365 4184 i'n
3423 4133 3709 4188 diversis
3736 4147 3847 4187 ειη.

2015 4207 2089 4260 sis
2115 4205 2408 4274 Origenem
2457 4220 2526 4258 ac
2559 4203 2950 4273 Origenistas
2995 4223 3299 4274 versari
3352 4225 3560 4290 sciat,
3610 4228 3849 4293 quisquis

2014 4295 2298 4348 historiam
2355 4295 2499 4348 hanc
2532 4305 2813 4351 accurate
2857 4301 3118 4360 rimari
3165 4320 3247 4364 et
3307 4327 3731 4385 perspectam
3763 4317 3849 4371 ιιι-

2015 4385 2142 4438 bere
2177 4386 2339 4438 volet.

351 4479 669 4533 censendus
710 4477 957 4546 Didymus
1001 4473 1408 4534 Alexandrinus,
1437 4470 1525 4538 qui
1562 4483 1655 4560 pro
1685 4469 1910 4560 Origene
1941 4469 1985 4522 D
2091 4474 2150 4527 V.
2189 4475 2302 4544 (45)
2339 4474 2540 4528 Nocuit
2571 4485 2629 4529 et
2667 4476 2813 4531 illud
2846 4474 3158 4553 Origeui
3199 4497 3407 4560 quod
3462 4502 3753 4555 maxim:
3783 4499 3854 4553 tu.

378 4567 772 4632 Apulogeticum
812 4569 996 4630 edidit,
1032 4576 1096 4632 et
1138 4563 1290 4617 Titus
1343 4559 1666 4622 Bostrensis,
1697 4572 1748 4610 et
1777 4557 1914 4613 Gre-

379 4658 513 4728 gorii
545 4659 716 4717 ambo,
753 4658 1142 4710 Nazianzenum
1191 4656 1332 4716 dico,
1372 4663 1426 4704 ct
1467 4650 1786 4719 bysseuum,
1818 4650 1909 4716 qui

382 4765 411 4800 a
440 4744 650 4800 Gobaro
682 4755 1186 4807 connuemorantur,
1215 4753 1267 4796 et
1306 4741 1535 4794 Joannes
1567 4737 1910 4806 Jerosolymi-

383 4849 536 4893 tanus
565 4836 792 4890 assiduis
815 4851 930 4889 eam
953 4838 1020 4890 ob
1051 4852 1159 4890 rem
1196 4833 1475 4904 Epiphauii
1506 4844 1558 4884 et
1593 4830 1902 4898 llierOuymi

385 4928 590 5003 probris
636 4926 934 4980 lacessitus.
976 4926 1295 4980 Methodium
1359 4937 1593 4992 quoque,
1643 4921 1910 4974 infensum

387 5022 534 5077 illum
565 5015 810 5085 Origenis
832 5015 1215 5076 adversarium,
1243 5014 1320 5067 sui
1349 5011 1635 5081 aliquando
1663 5008 1767 5060 odii
1796 5020 1917 5076 pte-

387 5112 560 5178 nituit,
592 5118 645 5163 et
686 5108 824 5159 inter
848 5104 963 5170 ejus
986 5103 1333 5156 admiratores
1370 5117 1431 5155 ac
1471 5101 1778 5154 defensores
1813 5111 1911 5148 no-

387 5220 506 5259 men
555 5215 704 5256 suum
743 5195 1010 5264 professus
1053 5202 1154 5245 est.
1201 5193 1345 5245 Tulit
1374 5193 1557 5246 cadent
1597 5198 1726 5242 anas
1756 5186 1909 5238 addi-

387 5297 678 5350 ctissimum
709 5286 923 5357 Origeni
962 5283 1206 5336 Ruﬁnum
1231 5284 1645 5350 Aquileiensem,
1671 5288 1723 5332 et
1751 5279 1908 5331 inuu-’

386 5404 562 5441 meros
591 5402 683 5460 per
710 5381 994 5450 Algyptum
1033 5376 1298 5441 dispersos
1332 5375 1639 5436 monachos,
1667 5367 1918 5422 maximis

390 5480 570 5532 eadem
611 5458 676 5532 de
705 5489 863 5529 causa
899 5483 1016 5522 cum
1066 5462 1356 5529 Theuphilo
1391 5461 1751 5515 Alexandrino
1791 5458 1921 5510 veli-

467 5591 488 5622 ⁹
519 5589 678 5643 Prov.
720 5605 810 5654 xx,
851 5587 934 5641 l0.

462 5681 570 5746 (45)
599 5685 780 5734 Nocuit
824 5692 869 5733 et
918 5678 1048 5732 illud
1079 5670 1308 5746 Otjge‘ni,
1349 5669 1481 5746 quod
1511 5668 1746 5746 maxima:
1771 5663 1918 5746 lucu-

398 5739 678 5800 brationum
704 5766 910 5801 suariam
940 5747 1094 5800 variis
1124 5739 1367 5794 Ruﬁnum
1395 5741 1714 5802 interpretem
1742 5744 1921 5787 nactus

2019 4571 2399 4624 cubrationutn
2453 4586 2685 4626 suarum
2747 4578 2963 4642 partis
3034 4582 3403 4646 Rufinum
3479 4598 3852 4668 interpretem

2023 4670 2217 4712 nactus
2275 4668 2377 4714 est.
2429 4660 2605 4729 Cujus
2646 4671 2813 4717 tanta
2877 4666 3012 4721 fuit
3083 4675 3160 4729 in
3223 4680 3493 4740 Lmine
3558 4660 3853 4744 reddendis

2021 4759 2266 4852 veterum
2298 4751 2548 4819 scriptis,
2580 4762 2638 4806 ct
2661 4763 2782 4807 tam
2813 4757 3306 4826 immoderata
3346 4776 3656 4845 licentia,
3690 4798 3854 4852 quern-

2022 4839 2310 4927 admodum
2344 4857 2491 4909 saepe
2523 4847 2895 4911 monuimus,
2940 4868 3115 4912 cum
3165 4823 3835 4927 mtilt—awde‘t'3h‘e‘p‘d;

2023 4926 2109 4980 vel
2141 4927 2481 4983 infercienth
2503 4970 2518 4996 ,
2561 4942 2682 4984 tum
2723 4933 3052 5007 pleraque
3122 4911 3854 5026 iti't-erp‘ola‘nd:

2025 5017 2422 5118 coquendozut
2457 5019 2779 5118 intelligere
2830 5025 3094 5088 debeat
3139 5017 3573 5118 quicunque
3638 5067 3851 5106 cenvcr-

2025 5119 2144 5157 sum
2177 5105 2431 5205 a-Rulino
2461 5110 2810 5180 scriptorem
2850 5105 3191 5188 aliquem'
3221 5105 3480 5205 leget"
3501 5105 3789 5196 naniam
3810 5156 3855 5194 st

2027 5195 2272 5286 auctoris
2317 5197 2514 5264 ipsius,
2574 5213 2746 5266 quam
2807 5201 3044 5264 Rufini
3106 5195 3534 5284 sententias
3586 5195 3653 5286 et
3687 5195 3854 5286 verba

2025 5280 2251 5385 legere;
2275 5286 2352 5340 Eo
2403 5302 2539 5342 vero
2583 5290 2754 5344 latius
2800 5305 2989 5362 patet
3057 5303 3128 5358 id
3207 5280 3505 5385 vitium,

2030 5384 2151 5425 sum
2211 5373 2563 5445 Origenianze
2623 5379 2919 5438 doctrina:
2999 5389 3291 5454 fontem

2031 5462 2274 5534 ἀρχῶν,
2306 5444 2450 5524 unus
2483 5468 2574 5524 ille
2606 5470 2674 5523 ad
2711 5487 2830 5540 nos
2865 5444 3291 5543 derivari}:-
3323 5444 3358 5543 si

3571 5327 3738 5392 quod
3789 5325 3855 5391 ip-

3456 5410 3667 5467 libros
3725 5413 3853 5475 Πειὶ

3248 5531 3269 5557 9
3323 5507 3398 5552 et
3443 5503 3593 5557 suis
3639 5506 3856 5573 quidem

2033 5684 2136 5729 est.
2187 5679 2328 5733 Vide
2356 5679 2746 5735 Praefationem
2777 5690 3077 5743 nostram

2161 5699 2328 5819 liiilu;
2355 5699 2746 5818 ﬁt???“
2777 5699 3077 5743 "05mm
3127 5699 3340 5755 ίοπιο
3401 5705 3626 5772 Primo
3681 5706 3854 5778 prati-
