3920 6446
233 410 354 463 1007

1215 406 1761 464 ORIGENIANOHUM
1799 406 1920 460 LIB.
1963 405 2024 468 ll,
2061 408 2205 462 CAP.
2243 407 2328 463 Ill.

3196 410 3328 467 l098

234 524 460 577 sordibus
503 523 840 591 inquinatos;
892 523 1042 589 cujus
1087 532 1270 577 testem
1317 523 1538 576 citamus
1579 519 1720 572 Rufi-
1748 525 1792 578 Α
1819 519 2125 586 dogmaticis
2161 520 2556 586 asseuionibus,
2603 530 2657 573 et
2710 520 2786 574 sic
2834 520 2886 573 in
2938 533 3048 584 eas,
3083 527 3327 588 tauquam

231 627 342 664 num
392 612 552 678 ipsum
603 613 652 664 in
699 612 935 678 Prologo.
983 623 1034 665 et
1067 613 1117 665 in
1145 611 1452 666 Praefatione
1482 611 1596 663 libri
1633 625 1714 663 in.

230 701 379 754 Nemo
442 706 608 752 autem
691 703 972 767 superioris
1049 701 1234 767 capitis
1297 699 1716 754 dissertationum

229 790 364 842 fidem
400 788 518 841 hinc
547 791 735 842 elevari
769 803 920 855 posse
963 799 1134 856 putet;
1183 805 1302 844 cum
1345 789 1484 843 enim
1531 803 1717 856 magna

227 875 631 930 criminationum
679 891 818 942 pars.
872 893 1001 945 quas
1043 878 1284 944 Origenis
1332 887 1718 944 oppugnatores

220 966 426 1031 jactant,
459 965 575 1017 inde
605 967 765 1032 petita
796 966 863 1019 sit
891 983 905 1028 ;
949 969 1072 1034 quid
1105 968 1276 1034 aptius
1309 981 1463 1033 quam
1502 981 1718 1032 respon-

223 1056 385 1107 siones
417 1053 637 1104 indidem
670 1055 995 1119 depromere,
1026 1057 1162 1108 unde
1188 1057 1583 1110 criminationes
1626 1071 1717 1122 pe-

222 1142 318 1192 tita:
353 1139 512 1191 sunt?
579 1138 633 1192 Si
685 1145 802 1208 quis
861 1159 985 1212 ergo
1035 1159 1065 1196 e
1117 1155 1365 1212 corrupto
1408 1145 1541 1198 libro
1593 1160 1715 1212 pro-

221 1228 341 1280 latas
387 1227 710 1282 defensiones
769 1243 1009 1283 causetur
1038 1271 1054 1292 ,
1107 1233 1266 1284 cadat
1323 1233 1712 1286 accusationum

217 1333 272 1368 es
321 1321 496 1369 eodem
546 1321 922 1372 accersitarum
976 1321 1104 1374 fides
1152 1337 1367 1375 necesse
1409 1331 1508 1376 est.
1568 1323 1713 1388 Quod

217 1404 254 1456 si
304 1419 448 1455 suum
495 1403 575 1456 his
617 1414 855 1459 servetur
879 1408 1058 1469 robur,
1088 1409 1249 1462 stabit
1276 1409 1481 1462 illarum
1507 1423 1715 1478 quoque

215 1493 504 1544 auctoritas.
957 1543 963 1548 .

205 1592 210 1618 ο
277 1577 354 1630 VI.
389 1577 600 1630 Multum
646 1581 803 1633 etiam
836 1582 901 1635 ad
948 1583 1301 1638 defensionem
1328 1585 1566 1655 Origenis
1592 1599 1713 1640 con-

213 1664 306 1718 fert
329 1665 537 1720 Patrum
561 1668 781 1724 aliorum
814 1673 1104 1739 exemplum
1125 1711 1140 1734 ,
1171 1675 1360 1740 quibus
1385 1689 1590 1728 errores
1616 1675 1711 1728 ali-

208 1755 288 1821 qui
311 1755 613 1809 exciderunt
645 1758 984 1822 lmmanitus,
1020 1764 1259 1829 quamvis
1285 1764 1630 1841 orthodoxam
1657 1764 1707 1816 in

1821 610 2073 662 adversus
2133 624 2294 666 novas
2335 611 2608 678 opiniones
2658 612 2708 664 in
2761 610 3048 665 Ecclesiam
3096 611 3329 666 invectas

1815 698 2011 750 velitati
2039 709 2178 752 sunt.

1887 787 1974 839 IX.
2020 786 2124 840 Nec
2153 787 2321 840 fraudi
2346 789 2468 843 huic
2495 804 2612 844 esse
2653 791 2824 855 debet,
2854 789 2992 857 quod
3017 789 3134 844 han
3158 790 3329 844 chaao-

1816 889 1952 938 rum,
1980 874 2416 939 Sabellianorum,
2470 878 2806 942 Arianorum,
2865 878 3327 938 Eunomianorum.

1815 966 2196 1017 Anomceorum'
2245 964 2745 1034 Pelagianorumque
2775 975 2956 1034 pater,
2987 975 3038 1020 et
3087 966 3320 1019 omnium

1817 1051 2078 1104 bmreseon
2114 1052 2228 1104 fons
2272 1068 2300 1103 a
2351 1052 2615 1105 nonnullis
2657 1054 2965 1120 appellatur.
3007 1053 3136 1106 Nam
3174 1063 3230 1106 ut
3260 1054 3328 1106 ad

1814 1140 2186 1207 confingeodas
2211 1141 2437 1192 haereses
2467 1139 2786 1194 incentivum
2814 1143 3008 1208 scripta
3037 1141 3151 1208 ejus
3179 1143 3331 1196 malis

1814 1225 2036 1294 ingeniis
2073 1228 2365 1281 subdidisse
2417 1230 2619 1293 demus,
2665 1227 2988 1283 lectorumne
3024 1231 3227 1298 culpam
3277 1241 3331 1284 et

1812 1330 2057 1384 perversa
2103 1315 2294 1382 judicia
2330 1326 2579 1382 praestare
2628 1318 2877 1370 tenetur?
2919 1318 3174 1371 meritone
3204 1319 3327 1386 mgri

1811 1406 2066 1458 stomachi
2117 1406 2297 1458 vitimn
2347 1407 2396 1458 in
2455 1407 2626 1458 cibum
2656 1406 2918 1459 sincerum
2974 1407 3326 1460 transfertur?

1813 1492 1920 1547 lmo
1952 1509 2093 1557 vero,
2129 1510 2346 1548 summae
2376 1496 2488 1564 ejus
2519 1497 2569 1548 in
2600 1496 2832 1551 Ecclesia
2877 1496 3203 1550 auctoritatis
3245 1497 3328 1550 vel

1809 1596 1875 1636 ex
1905 1596 1969 1636 eo
1992 1582 2350 1650 przejudicium
2377 1583 2509 1636 sumi
2541 1592 2728 1651 potest,
2764 1584 2900 1650 quod
2930 1599 2994 1637 ex
3029 1583 3192 1652 ipsius
3219 1581 3326 1635 suf-

1810 1669 1977 1738 fragio
2013 1686 2254 1738 magnam
2301 1671 2568 1724 erroribus
2593 1672 2706 1724 suis
2735 1672 2838 1724 vim
2882 1672 3132 1725 accedere
3179 1680 3330 1740 puta-

1810 1769 1933 1813 runt
1973 1761 2294 1814 heterodoxi.
2351 1762 2534 1814 Annon
2568 1773 2741 1814 autem
2768 1763 3084 1829 prmcipuam
3123 1761 3332 1830 figmen-

204 1844 310 1896 aliis
357 1847 618 1900 tenuerint
652 1849 847 1912 tidem,
895 1861 949 1902 et
1000 1852 1139 1904 inter
1182 1831 1504 1906 ortliodoxos
1559 1853 1710 1922 positi
1742 1831 1784 1884 Β
1814 1849 1878 1900 tis
1911 1847 2024 1901 suis
2060 1849 2210 1902 fidem
2239 1865 2300 1902 ex
2341 1849 2609 1917 Scriptura
2651 1864 2799 1903 sacra
2847 1851 3124 1904 conciliare
3151 1852 3329 1904 itidem

202 1935 316 1988 sint.
349 1934 475 1987 Nam
524 1945 580 1988 ut
610 1938 748 1990 alios
777 1938 1050 1992 brevitatis
1093 1956 1252 1994 causa
1295 1944 1709 2009 praetermittam,

199 2035 319 2090 quot
342 2040 614 2079 recensere
642 2042 928 2095 possumus
967 2030 1107 2081 nulla
1138 2032 1400 2085 Interesseos
1420 2035 1712 2099 suspicione

109 2117 112 2120 ’
199 2127 461 2179 aspersos,
489 2125 541 2166 et
573 2115 637 2167 de
672 2113 926 2168 Trinitate
977 2127 1150 2170 tamen
1204 2117 1335 2172 falsa
1381 2130 1434 2173 et
1487 2121 1709 2174 absurda

198 2201 552 2253 commentos?
601 2201 827 2254 Venient
884 2203 934 2254 in
990 2203 1129 2258 hunc
1171 2207 1418 2258 ordinem
1473 2206 1711 2262 Justinus

197 2296 421 2357 tiiartyr,
483 2289 896 2355 Athenagoras,
962 2288 1280 2358 Theopnilus
1330 2293 1708 2360 Antiocheuus,

197 2375 422 2430 Clemens
472 2377 764 2440 Romanus,
812 2379 1097 2448 Gregorius
1131 2379 1572 2450 Thaumaturgns,
1607 2381 1712 2437 ille-

197 2465 411 2528 thoilius,
464 2466 759 2529 Lucianus,
808 2475 860 2520 et
909 2468 1152 2538 Origeois
1199 2470 1460 2536 prmcipue
1489 2470 1713 2540 discipu-

195 2555 268 2610 lus
321 2558 598 2627 Dionysius
655 2560 1058 2623 Alexandrinus,
1115 2575 1266 2624 quem
1334 2562 1528 2615 idcirco
1577 2563 1712 2616 Ano-

194 2659 438 2700 mteorum
483 2659 760 2715 parentem
802 2651 1032 2717 appellat
1075 2651 1296 2705 Basilius
1347 2655 1502 2717 epist.
1527 2654 1618 2719 41,
1657 2663 1712 2707 et

194 2734 461 2790 Arianismi
518 2737 722 2791 fontem
775 2737 1074 2793 Gennadius
1123 2741 1213 2793 lib.
1243 2756 1301 2801 ιι,
1357 2739 1430 2793 De
1483 2743 1708 2809 dogmat.

191 2837 299 2891 cap.
329 2827 383 2888 2,
414 2841 534 2880 cum
561 2842 685 2880 eum
717 2836 894 2882 tamen
925 2833 990 2882 ab
1019 2829 1100 2882 his
1141 2829 1562 2882 accusationibus
1606 2831 1711 2883 vin-

190 2911 317 2965 dicet
341 2915 692 2976 Athanasius,
742 2927 796 2968 et
848 2899 1042 2984 praeter
1067 2917 1412 2970 Athanasium
1463 2917 1710 2988 Hierony-

191 3016 314 3060 mus,
349 3004 436 3071 qui
468 3020 590 3057 eum
621 3007 678 3056 in
709 3004 958 3058 Trinitate
987 3005 1302 3058 Catholicam
1341 3022 1446 3059 esse
1493 3015 1710 3060 testatur

190 3088 390 3156 Apolog.
431 3090 522 3142 lib.
553 3107 588 3143 II
615 3129 631 3152 ,
680 3105 797 3157 cap.
825 3092 876 3144 4.
925 3091 1092 3156 Quam
1151 3093 1342 3145 multos
1397 3093 1608 3161 integrae
1655 3103 1705 3146 et
1732 3125 1773 3178 ϐ

187 3189 316 3229 same
349 3178 465 3230 fidei
498 3180 642 3232 viros
678 3181 793 3232 tulit
819 3180 1070 3243 Ecclesia,
1094 3181 1372 3234 calumniis
1393 3181 1704 3246 proscissus,

184 3274 229 3315 et
257 3264 560 3332 ignominiis
590 3267 847 3320 notatos?
883 3266 1052 3320 Unum
1084 3268 1305 3320 laudabo
1343 3283 1451 3336 pra:
1493 3270 1705 3336 reliquis

182 3351 423 3408 Joannem
453 3357 916 3424 Chrysostomum,
964 3357 1039 3408 vel
1085 3358 1220 3410 hanc
1267 3358 1594 3424 potissimum
1638 3361 1704 3411 oh

181 3455 405 3505 causam,
452 3445 596 3510 quod
646 3445 743 3496 has
795 3445 890 3511 ipsi
935 3445 1359 3500 conflictationes
1387 3447 1700 3516 Origenismi

180 3531 398 3595 suspicio
425 3533 653 3599 peperit.
715 3532 848 3584 Nam
902 3549 1019 3585 cum
1049 3534 1372 3603 Origenistas
1414 3539 1703 3591 monachos

177 3619 418 3672 adversus
450 3621 734 3690 Theophili
772 3622 1113 3675 Alexandrini
1169 3625 1384 3690 injurias
1441 3636 1699 3692 tueretur,

180 3707 224 3759 iu
256 3711 612 3776 suspicionem
649 3709 792 3763 venit
815 3709 1041 3764 aﬂ'ectati
1066 3711 1405 3781 Origenismi,
1435 3717 1701 3784 variisque

173 3796 367 3850 artibus
397 3799 712 3866 episcopatu
745 3799 1016 3864 depulsus,
1052 3800 1502 3870 Constantinopoli
1532 3807 1702 3856 tleltII‘-

175 3883 338 3946 Iratus,
367 3887 420 3939 in
451 3888 706 3940 exsilium
742 3895 911 3948 actus,
949 3903 1152 3941 sunnna
1185 3906 1248 3942 ac
1278 3905 1440 3959 prope
1472 3893 1636 3945 ferina
1670 3911 1696 3943 η

173 3972 450 4028 submissis
473 3975 800 4028 satellitibus
826 3975 1156 4029 inclementia
1183 3978 1466 4042 adhibitus,
1495 3981 1700 4044 aegritu-

172 4060 284 4115 diue
308 4067 526 4118 tandem
553 4065 743 4128 animi,
767 4081 828 4118 ac
851 4067 1089 4134 corporis
1117 4066 1386 4121 doloribus
1408 4069 1698 4124 exstinctus

167 4160 275 4216 est;
311 4152 682 4221 Origenisque
732 4153 1084 4206 calamitatem
1128 4165 1182 4208 et
1221 4155 1479 4210 fortunam
1516 4156 1701 4227 Orige-

171 4238 332 4292 uistas
358 4251 651 4310 protegens
675 4242 724 4294 in
752 4255 809 4294 se
835 4243 1114 4310 expressit.

242 4326 345 4380 γη.
403 4328 713 4382 Notandum
777 4343 986 4397 quoque
1045 4331 1098 4383 in
1158 4333 1378 4396 gratiam
1429 4331 1698 4404 Origenis,

1809 1939 2024 1991 student
2072 1938 2348 1992 haeretici?
2396 1954 2567 1992 annon
2603 1953 2667 1990 ex
2709 1939 2900 1991 divinis
2927 1939 3097 1993 Libris
3129 1941 3179 1992 in
3203 1939 3328 1991 alie-

1811 2041 1904 2080 nos
1931 2037 1983 2080 et
2011 2027 2238 2080 nefarios
2281 2042 2466 2080 sensus
2511 2043 2538 2080 a
2585 2042 2641 2080 se
2668 2029 2928 2081 contortis
2955 2028 3200 2095 pestifera
3233 2043 3326 2082 sua

1809 2114 2048 2183 dogmata
2086 2117 2444 2170 extuderunt?
2491 2116 2609 2168 Pari
2643 2131 2769 2185 ergo
2802 2117 2921 2186 jure
2947 2132 3184 2170 errorum
3209 2131 3326 2170 om-

1808 2205 1972 2268 nium,
2002 2205 2046 2257 si
2080 2205 2152 2258 ita
2193 2205 2333 2272 loqui
2365 2205 2502 2265 licet.
2539 2206 2811 2274 Scriptura
2845 2221 3019 2272 sacra,
3059 2206 3191 2260 male
3220 2208 3326 2261 sci-

1808 2289 1929 2344 licet
1959 2299 2196 2357 accepta,
2232 2291 2348 2344 fons
2379 2292 2582 2345 dicatur
2627 2303 2680 2346 et
2709 2293 2872 2360 origo,
2905 2293 2973 2347 ob
3013 2303 3327 2362 praepostera

1809 2395 1993 2448 nempe
2037 2381 2402 2434 haereticorum
2456 2382 2682 2452 ingenia,
2715 2385 2909 2450 optima
2946 2397 3164 2452 quaeque
3204 2398 3326 2452 per-

1807 2468 2141 2521 vertentimn.

1873 2557 1939 2610 Χ.
1972 2557 2080 2624 (14)
2110 2556 2344 2623 Denique
2385 2557 2714 2624 potissimum
2737 2558 2941 2627 Origeni
2975 2574 3039 2612 ex
3073 2558 3325 2613 librormn

1807 2647 1970 2715 ipsius
2000 2646 2372 2713 depravatione
2405 2647 2754 2712 patrocinium
2781 2647 3111 2700 conciliatur.
3156 2647 3328 2713 Argu-

1809 2745 2038 2788 mentum
2083 2733 2206 2786 illud
2250 2735 2474 2802 arripuit
2521 2750 2814 2804 anonymus
2868 2737 3031 2802 ipsius
3084 2737 3327 2791 defensor

1804 2826 1941 2889 apud
1971 2820 2212 2874 Photimn
2241 2821 2356 2875 cod.
2382 2837 2542 2875 cxvu.
2569 2823 2706 2875 Idem
2729 2838 2853 2876 vero
2883 2824 3129 2891 peculiari
3152 2825 3327 2877 libello

1807 2912 2046 2964 dilatavit
2071 2909 2310 2972 Rufinus,
2345 2910 2496 2977 cujus
2518 2927 2719 2964 summa
2757 2913 2866 2966 haec
2903 2923 3024 2966 est:
3056 2912 3178 2967 lnde
3205 2913 3324 2968 Ori-

1806 3001 1953 3068 genis
1985 3000 2195 3054 codices
2224 2999 2289 3050 ah
2328 3000 2592 3052 haereticis
2627 3010 2682 3054 et
2713 3000 2980 3056 malevolis
3017 3003 3328 3071 depravatos

1806 3089 1976 3156 argui,
2001 3090 2141 3156 quod
2165 3090 2427 3142 contraria
2453 3099 2506 3142 et
2533 3092 2898 3158 repugnantia,
2935 3107 3036 3145 non
3071 3093 3121 3146 in
3151 3094 3326 3146 diver-

1805 3180 1878 3232 sis
1901 3179 2068 3232 solum
2096 3180 2256 3247 ipsius
2278 3179 2669 3247 scriptionibus,
2697 3181 2786 3234 sed
2812 3183 2993 3234 iisdem
3015 3183 3172 3236 etiam
3198 3183 3325 3238 locis

1803 3272 2210 3339 comperiantur,
2244 3272 2416 3340 qualia
2452 3273 2518 3326 ab
2569 3273 2780 3326 homine
2825 3289 2930 3326 non
2982 3275 3189 3340 insano,
3229 3292 3327 3329 nec

1803 3362 2013 3428 penitus
2062 3373 2236 3416 mente
2281 3371 2547 3414 commoto
2597 3363 2792 3429 scripta
2849 3363 3020 3414 nullus
3071 3364 3326 3429 suspicari

1804 3451 2004 3519 possit;
2041 3453 2252 3505 Palmm
2285 3451 2509 3504 aliorum
2543 3451 2708 3505 libros
2749 3452 2860 3519 pari
2891 3454 3046 3505 modo
3076 3452 3324 3506 Ecclesia:

1803 3540 2100 3605 perduelles
2161 3542 2500 3608 corrupisse,
2557 3551 2680 3610 puta
2730 3542 3015 3596 Clementis
3081 3542 3324 3606 Romani,

1800 3633 2089 3686 Clementis
2143 3633 2358 3686 alterius
2387 3634 2723 3687 Alexandrini
2749 3675 2765 3699 ,
2826 3650 2888 3687 ac
2929 3635 3155 3704 Dionysii
3200 3636 3323 3690 item

1802 3721 2188 3788 Alexandrini;
2229 3725 2343 3791 ejus
2375 3724 2520 3778 libris
2551 3741 2737 3779 manus
2775 3729 2841 3780 ab
2869 3727 3129 3780 haereticis
3155 3727 3324 3780 illatas

1799 3811 2146 3865 Athanasium
2199 3813 2621 3876 demonstrasse;
2661 3817 2898 3868 eumdem
2943 3829 3119 3869 casum
3158 3815 3320 3866 Atha-

1802 3899 1932 3950 nasii
1976 3895 2144 3966 ipsius
2170 3901 2380 3954 codices
2417 3903 2755 3966 sustinuisse;
2802 3903 2978 3956 llilarii
3022 3917 3228 3971 quoque
3269 3915 3324 3955 et

1797 3987 2090 4056 Cypriani;
2143 4004 2240 4044 nec
2287 3992 2453 4044 sacris
2510 3992 2636 4059 ipsis
2677 3993 3038 4047 Voluminibus
3091 3993 3322 4047 nefarios

1797 4073 2038 4128 homines
2075 4074 2442 4131 Marcionistas
2482 4087 2536 4132 et
2573 4080 2826 4145 Apellitas
2853 4081 3184 4148 pepercisse;
3217 4095 3320 4133 non

1797 4179 1954 4216 unam
2003 4165 2420 4219 lucubrationum
2471 4181 2684 4220 suarum
2736 4171 3083 4235 corruptelam
3115 4169 3182 4222 ab
3223 4169 3320 4221 ad-

1796 4253 2048 4308 versariis
2093 4255 2206 4310 suis
2253 4255 2540 4324 profectam
2582 4255 2858 4323 Origenem
2908 4259 3074 4327 ipsmn
3127 4260 3319 4326 depre-

1799 4341 2064 4409 hendisse,
2096 4345 2168 4397 uti
2223 4345 2333 4414 ipse
2369 4347 2504 4414 apud
2543 4349 2740 4401 amicos
2772 4347 3151 4401 Alexandrinos
3186 4363 3318 4416 que-

168 4423 507 4506 (ιιιεεοιιηιιιμξ
539 4414 708 4506 "om?
736 4415 900 4506 ίβδῖυξ
947 4418 1158 4506 ἐκίιίιιθι
1185 4417 1473 4472 ΡῘιίίοεαίῖα
1510 4421 1694 4487 ("Nlla
1729 4441 1772 4494 ι)
1798 4441 1910 4486 stus
1941 4443 2023 4486 est
2049 4433 2100 4486 in
2124 4434 2366 4502 epistola,
2393 4450 2548 4502 quam
2580 4436 2857 4502 descripsit
2885 4437 3135 4501 Rufinus;
3157 4414 3318 4506 leam-

165 4511 334 4554 autem
365 4504 611 4565 exhibet,
639 4503 798 4556 etiam
833 4505 900 4557 ab
931 4504 1046 4571 ejus
1069 4507 1490 4564 criminatoribus
1529 4526 1700 4578 repre-

165 4584 341 4657 hensa)
385 4591 644 4658 quoniam
678 4606 706 4642 a
731 4589 983 4658 Gregorio
1016 4593 1280 4660 Theologo
1316 4605 1368 4648 et
1405 4597 1597 4651 Basilio
1623 4613 1702 4651 se-

167 4673 294 4730 lecta
327 4678 641 4732 Philocaliw
669 4681 878 4732 nomine
903 4679 1090 4734 aﬂ‘ecta
1116 4695 1258 4747 sunt,
1289 4683 1518 4751 ipsorum
1548 4687 1699 4754 quasi

165 4765 408 4837 suﬂragio
441 4779 497 4822 et
558 4769 946 4836 approbatione
994 4772 1192 4824 munita
1243 4773 1438 4837 videri;
1485 4791 1606 4828 natu
1652 4777 1696 4830 si

163 4865 312 4906 secus
334 4860 399 4908 de
429 4858 494 4909 iis
518 4859 828 4920 sensissent,
845 4871 976 4912 eane
1007 4857 1256 4926 Ἐκλογὰς
1271 4862 1563 4930 χρησίμους
1588 4867 1696 4926 τοῖς

161 4943 454 5012 φιλολόγοις
477 4946 768 5014 Gregorius
791 4947 1100 5014 appellasset
1123 4949 1173 5001 in
1195 4951 1414 5017 epistola
1438 4951 1504 5003 ad
1525 4950 1695 5004 Theo-

154 5029 335 5080 dorum
369 5032 657 5099 Tyaneum
685 5033 1030 5102 episcopum?

220 5117 346 5172 VIII.
385 5120 713 5189 Allego-ricze
743 5133 994 5190 praeterea
1031 5123 1198 5191 ipsius
1235 5123 1696 5193 interpretationes

153 5202 372 5262 lectores
422 5224 565 5262 nonn
587 5227 814 5278 unquam
862 5211 1166 5266 fefellerunt
1195 5229 1210 5266 :
1239 5230 1357 5267 cum
1385 5215 1524 5268 enim
1559 5231 1697 5284 saepe

153 5297 215 5349 ab
257 5300 604 5366 expositione
657 5301 844 5355 litteras
889 5303 954 5354 ad
1010 5303 1299 5369 spiritalem
1355 5317 1569 5357 sensum
1623 5305 1693 5358 ita

156 5394 407 5451 transeat,
464 5399 523 5441 ut
591 5394 678 5442 vix
745 5393 1020 5460 utriusque
1079 5395 1398 5463 percipiatur
1452 5397 1697 5450 commis-

159 5488 311 5540 sura,
360 5479 686 5546 allegoricas
734 5480 1194 5550 interpretationes
1250 5485 1544 5538 habuerunt
1602 5501 1694 5553 pro

225 5607 334 5682 (μ)
388 5606 642 5682 ρωιὶίμιε¹
694 5611 1274 5682 ροιὶεεὶηιηηινοτὶθρηί
1338 5629 1402 5667 ea:
1448 5613 1694 5668 librorum

165 5674 318 5740 ipsius
366 5678 740 5739 depravatione
791 5681 1128 5740 patrocinium
1161 5674 1518 5736 'concilt‘atur.
1588 5685 1685 5736 Adi

478 5765 750 5821 PATBOL.
791 5767 902 5825 Gs.
936 5770 1127 5833 XVII.

1803 4521 1917 4573 dem
1946 4537 2153 4588 quoque
2196 4523 2460 4589 querelam
2504 4525 2554 4576 in
2608 4526 2707 4577 alia
2749 4525 2916 4593 ipsum
2952 4525 3166 4593 epistola
3224 4526 3322 4578 ite-

1801 4623 1962 4662 rasse.
2000 4609 2111 4663 Prae
2145 4611 2260 4664 aliis
2286 4627 2412 4664 vero
2435 4613 2743 4680 depravatos
2781 4615 2943 4668 fuisse
2985 4614 3144 4668 libros
3181 4616 3318 4682 Περὶ

1797 4695 1994 4762 ἀρχῶν
2029 4699 2163 4750 idem
2194 4701 2351 4752 tradit
2379 4699 2601 4755 Rufinus
2643 4703 2692 4755 in
2732 4702 2952 4771 Prologo
2980 4703 3044 4756 iis
3083 4703 3315 4772 praefixo.

1801 4782 1936 4838 Huic
1973 4786 2196 4839 adsonat
2223 4786 2522 4841 Vincentius
2547 4788 2834 4845 Lirinensis
2866 4791 2916 4844 in
2938 4791 3112 4846 libello
3137 4793 3315 4844 adver-

1801 4888 1886 4923 sus
1916 4873 2166 4939 lacersset,
2199 4876 2361 4940 capit.
2392 4875 2478 4928 25.
2533 4895 2550 4928 ε
2579 4876 2680 4930 Sed
2709 4878 2848 4932 dicet
2876 4879 3086 4947 aliquis,
3122 4879 3310 4946 inquit,

1799 4970 2074 5027 corruptos
2114 4975 2231 5016 esse
2260 4961 2500 5030 Origenis
2544 4963 2707 5017 libros
2741 4982 2754 5017 :
2788 4980 2892 5019 non
2937 4967 3146 5028 resisto,
3190 4965 3314 5032 quin

1800 5050 1970 5114 potius
1992 5059 2047 5104 et
2085 5050 2221 5103 malo
2251 5070 2264 5104 :
2299 5066 2416 5104 nam
2465 5053 2512 5105 id
2559 5069 2586 5105 a
2631 5055 2941 5121 quibusdam
2968 5062 3022 5107 et
3050 5053 3315 5110 traditum,

1797 5145 1852 5189 et
1901 5141 2154 5205 scriptum
2208 5149 2308 5204 est,
2368 5155 2469 5194 non
2523 5142 2808 5196 Catholicis
2857 5150 3080 5199 tantum,
3135 5152 3315 5190 verum

1799 5226 1958 5280 etiam
1985 5227 2269 5282 bzereticis.
2296 5248 2314 5280 ι
2346 5229 2543 5284 Auctor
2577 5230 2810 5297 Catalagi
2843 5231 2908 5282 ad
2952 5224 3272 5279 Desiderium
3297 5241 3314 5276 :

1805 5314 1992 5368 «Multi
2055 5325 2227 5370 tamen
2285 5318 2487 5386 aliquos
2538 5333 2652 5385 ejus
2709 5310 2991 5386 (Urigenis)
3060 5309 3320 5376 pessimos

1801 5404 2083 5472 discipulos
2120 5405 2280 5459 multa
2330 5421 2590 5461 venenosa
2641 5405 2739 5459 sub
2788 5400 2898 5464 ejus
2941 5395 3161 5448 nomine
3215 5397 3327 5447 edi-

1802 5487 1943 5541 disse
1975 5496 2264 5542 testamur:
2292 5507 2310 5540 i
2363 5506 2478 5558 qua:
2521 5489 2676 5542 verba
2709 5481 2894 5548 repetit
2919 5477 3078 5528 Beda.
3131 5475 3331 5529 Auctor

1798 5618 2160 5674 Praefationem
2212 5622 2334 5675 tomi
2382 5621 2530 5689 primi
2578 5632 2694 5686 pag.
2729 5609 2797 5670 2.
2835 5607 2866 5658 5
2894 5604 3045 5664 et‘.
3087 5603 3183 5656 ubi
3224 5605 3340 5658 haec

1793 5691 2050 5742 sententia
2077 5690 2396 5745 confutatur.
2930 5766 3002 5822 3”

2972 5786 3006 5824 ο
