3920 6474
437 450 455 501 Ι
466 448 564 502 ουρ

1659 429 1716 483 Ρ.
1756 424 2063 481 DANIELIS
2096 420 2338 479 HUETII

3608 399 3740 454 “00

436 560 813 621 l’ra'deuinati,
845 559 968 610 hair.
1002 554 1072 607 22
1101 561 1155 606 et
1191 553 1280 615 45,
1313 551 1525 609 minime
1550 549 1623 603 'ab
1651 549 1732 603 his
1755 546 1949 603 discre-
1980 551 2024 605 Α
2052 544 2138 597 alii
2161 544 2186 595 ?
2219 542 2361 595 Tum
2402 536 2602 605 objicit
2655 531 2771 587 sibi
2811 527 3241 621 Hieronymus
3268 536 3283 572 :
3319 536 3339 568 ι
3369 516 3661 583 Quomodo
3694 516 3744 568 in

434 664 540 722 pat,
564 649 809 716 additque
828 646 1212 712 Ampullianum
1236 644 1515 711 quemdam
1547 639 1946 695 lueresiarcham

433 744 708 811 Bithynum
744 734 1017 789 astruendi
1052 734 1131 787 sui
1172 731 1430 800 dogmatis
1468 730 1633 797 gratia
1662 728 1876 780 vitiatas
1919 739 1949 777 a

430 827 758 897 seOrigenis
802 825 964 879 libros
1006 822 1309 892 protulisse.
1358 819 1587 886 Denique
1621 817 1819 885 Haymo
1862 815 1952 869 Al-

430 919 774 977 berstatensis
803 916 854 970 in
896 916 1033 969 libro
1067 914 1140 966 De
1174 912 1583 965 Christianarum
1633 923 1802 959 rerum
1846 922 1952 959 me-

430 1013 593 1064 moria
625 1010 697 1062 ita
719 1007 929 1061 disserit
963 1022 976 1057 :
1011 1023 1029 1055 t
1056 1002 1163 1071 Ego
1198 1015 1325 1055 sane
1353 1000 1417 1052 de
1447 997 1678 1067 Origene
1704 996 1818 1048 viro
1847 1004 1950 1046 tam

430 1101 639 1163 illustri,
693 1096 1152 1152 abstinentissimaa
1196 1093 1315 1143 vitae
1355 1098 1407 1143 et
1443 1087 1778 1146 castissimae,
1813 1099 1951 1152 prm-

427 1192 585 1246 clara:
612 1188 883 1248 doctrinae,
917 1186 1032 1253 puri
1077 1193 1128 1235 et
1167 1182 1325 1235 lucidi
1370 1179 1649 1239 sermonis,
1678 1176 1818 1229 salva
1852 1175 1954 1226 ﬁde

430 1281 641 1335 Patrum
680 1277 923 1341 dixerim,
968 1273 1103 1342 quod
1129 1273 1241 1326 bare
1279 1272 1497 1323 omnino
1526 1284 1625 1321 non
1655 1265 1949 1333 scripserit,

428 1374 520 1425 sed
553 1371 618 1422 ab
650 1366 908 1420 haereticis
962 1364 1041 1417 ob-
1072 1362 1379 1429 prazclarum
1427 1372 1614 1412 nomen
1660 1356 1775 1423 ejus
1812 1353 1948 1407 omi-

428 1458 701 1518 scandnm,
742 1454 965 1521 maligne
986 1449 1215 1503 conﬁcta
1271 1456 1392 1499 sunt
1444 1456 1496 1498 et
1542 1444 1858 1511 conscripta,
1903 1448 1957 1494 et

430 1545 625 1600 nomini
661 1558 758 1597 suo
780 1541 1116 1611 praetitulata.
1149 1558 1166 1588 ι

492 1634 714 1689 Constat
746 1631 977 1699 profecto
996 1630 1229 1681 solemne
1257 1627 1307 1680 id
1330 1639 1446 1679 esse
1467 1621 1730 1677 haereticis
1754 1628 1959 1672 veteres

428 1725 590 1779 libros
612 1720 939 1777 arcessenda;
956 1720 1054 1773 sibi
1074 1716 1401 1771 auctoritatis
1418 1727 1577 1767 causa
1601 1710 1815 1764 violare.
1841 1709 1961 1762 Fre-

429 1815 637 1883 qnentia
679 1819 965 1865 occurrunt
1017 1807 1255 1875 exempla
1296 1806 1346 1859 in
1380 1802 1616 1857 Panario
1651 1799 1954 1868 Epiphanii.

2048 634 2200 685 libris
2248 644 2444 684 eorum
2500 625 2768 697 (Patrum
2826 612 3157 683 Ecclesiae)
3229 610 3438 663 vitiosa
3496 609 3749 661 nonnulla

2049 723 2214 778 sunt?
2242 741 2263 774 ο
2301 720 2630 789 respondet,
2673 732 2695 765 ι
2730 713 2794 767 Si
2838 725 2942 765 me
2985 719 3218 761 causas
3240 700 3519 755 vitiorum
3548 700 3750 753 nescire

2050 788 2409 881 respondero,
2447 823 2558 860 non
2616 803 2823 859 statim
2891 799 3043 853 illos
3082 793 3410 850 haereticos
3458 788 3751 856 iudicabo:

2050 905 2164 958 fieri
2194 903 2343 956 enim
2374 908 2595 967 potest,
2632 908 2695 950 ut
2730 895 2825 950 vel
2871 889 3257 959 simpliciter
3288 881 3655 942 erraverint,
3683 880 3756 934 vel

2052 992 2156 1046 alio
2212 1004 2379 1045 sensu
2436 987 2830 1055 scripserint,
2897 979 2998 1034 vel
3067 993 3102 1030 a
3181 971 3457 1027 librariis
3503 970 3759 1039 imperitis

2052 1097 2239 1136 eorum
2288 1079 2560 1148 paulatim
2613 1076 2839 1143 scripta
2888 1075 3196 1136 cerrupta
3247 1065 3371 1117 sint
3411 1080 3427 1115 :
3465 1062 3557 1115 vel
3606 1071 3760 1120 certe.

2053 1181 2348 1238 antequam
2382 1170 2435 1221 in
2466 1164 2846 1224 Alexandria,
2878 1158 3070 1228 quasi
3102 1154 3480 1210 daemonium
3509 1151 3761 1205 meridia-

2054 1275 2219 1321 num,
2270 1259 2435 1311 Arius
2493 1262 2882 1315 nasceretur,
2964 1251 3349 1302 innocenter
3411 1243 3671 1312 quaedam
3719 1252 3769 1296 et

2056 1348 2235 1403 minus
2263 1357 2427 1402 caute
2478 1344 2649 1397 locuti
2704 1354 2873 1407 sunt,
2926 1350 2991 1394 et
3049 1353 3199 1405 qua:
3240 1351 3365 1389 non
3408 1333 3632 1404 possint
3657 1348 3770 1403 per-

2056 1452 2338 1492 versorum
2366 1437 2656 1490 hominum
2681 1431 3067 1488 calumniam
3106 1427 3461 1480 declinare.
3492 1442 3513 1476 ι
3551 1424 3775 1477 Ειουςεο

2059 1532 2258 1584 tionem
2310 1528 2545 1595 accipio,
2597 1542 2704 1578 cur
2753 1536 2815 1577 tu
2871 1524 3171 1576 eamdem
3208 1533 3328 1585 pro
3358 1517 3617 1585 Origene
3638 1517 3775 1569 adhi-

2057 1621 2225 1675 bitam
2268 1618 2634 1688 repudiabis?
2680 1633 2710 1668 a
2764 1615 3052 1669 librariis
3103 1612 3352 1680 scripta
3383 1609 3517 1678 ejus
3563 1609 3780 1662 fortasse

2058 1719 2315 1778 corrupta
2360 1709 2531 1763 fuisse
2587 1709 2888 1772 dicimus;
2955 1713 3114 1759 ante
3156 1703 3389 1756 Arium
3424 1702 3619 1753 minus
3639 1710 3781 1753 caute

2060 1802 2303 1856 locutum
2342 1800 2807 1869 pronuntiamus,
2859 1796 2960 1851 vel
3026 1794 3162 1848 alio
3217 1808 3420 1847 sensu
3477 1791 3779 1860 scripsisse.

429 1904 626 1963 Scribit
658 1903 781 1955 item
808 1900 1064 1967 Evagrius
1092 1896 1183 1950 lib.
1222 1912 1303 1957 tu.
1341 1910 1456 1958 cap.
1482 1895 1568 1958 51,
1612 1890 1953 1945 Nestorianos
1987 1867 2029 1920 Β
2058 1892 2139 1946 vel
2193 1867 2424 1958 denique
2483 1904 2755 1952 errasse;
2824 1888 3162 1941 idcircone
3229 1886 3551 1939 ll:Pl‘eSCOS
3619 1884 3780 1951 ipsum

429 2004 481 2048 et
524 1992 874 2063 Eutychianos
927 1997 1228 2042 sanctorum
1289 1986 1500 2039 Patrum
1557 1980 1955 2035 lucubrationes

428 2099 566 2151 smpe
593 2083 923 2153 depravasse,
961 2077 1256 2143 multosque
1283 2070 1591 2141 Apnllinarii
1633 2069 1798 2122 libros
1822 2066 1957 2121 Gre-

427 2175 575 2245 gorio
606 2172 1022 2237 Thaumaturgo,
1058 2165 1349 2220 Athanasio
1398 2170 1447 2215 et
1470 2159 1605 2213 Julio
1637 2158 1851 2212 mutatis
1891 2156 1956 2210 ti-

430 2242 553 2317 tulis
600 2258 932 2326 ascripsisse.
987 2251 1396 2321 Apollinaristas
1441 2258 1649 2315 quoque
1680 2242 1859 2312 Cyrilli
1891 2242 1955 2293 li.

430 2354 556 2405 bros
588 2348 907 2418 pervertisse
930 2353 1113 2408 auctor
1142 2348 1221 2394 est
1245 2338 1522 2392 Leontius.
1562 2334 1805 2388 Notarios
1829 2347 1957 2400 prae-

431 2453 574 2497 tcrea
618 2438 862 2493 homilias
893 2432 1169 2501 Origenis,
1204 2438 1256 2484 et
1294 2429 1491 2480 dictata
1543 2440 1607 2478 ex
1645 2425 1809 2492 ipsius
1864 2438 1958 2477 ore

429 2532 750 2600 excipientes
776 2542 870 2596 per
905 2526 1117 2578 nimiam
1149 2520 1539 2574 festinationem
1568 2514 1839 2569 erroribus
1864 2514 1956 2565 ali-

429 2622 620 2690 quibus
650 2617 963 2686 respersisse
988 2611 1302 2668 crediderim
1331 2624 1347 2672 ;
1386 2620 1590 2661 necnon
1629 2611 1683 2657 et
1720 2603 1958 2656 indoctas

429 2707 646 2779 puellas,
697 2719 920 2773 quarum
947 2716 1104 2771 opera
1130 2700 1194 2754 ad
1230 2695 1523 2753 exarandas
1555 2693 1737 2747 nitidis
1768 2691 1959 2745 litteris

429 2797 636 2851 codices
663 2794 928 2847 utebatur.

500 2886 605 2941 Sed
646 2884 996 2951 Hieronymus
1042 2886 1208 2933 totam
1262 2877 1397 2930 hanc
1419 2873 1684 2942 Origenis,
1731 2886 1847 2940 quae
1894 2885 1956 2923 ex

431 2978 686 3032 librorum
735 2973 905 3040 ipsius
949 2967 1324 3036 depravatione
1352 2964 1569 3033 petitur,
1600 2960 1956 3015 defensionem

430 3066 577 3122 flocci
605 3064 730 3119 facit
759 3062 849 3116 lib.
882 3076 919 3115 tt
969 3058 1183 3126 Apolog.
1215 3057 1416 3109 advers.
1447 3052 1620 3120 Ruﬁn.
1642 3091 1657 3115 ,
1696 3065 1811 3117 cap.
1845 3049 1877 3101 4
1908 3060 1960 3102 et

2054 1982 2371 2035 damnabis?
2395 1980 2577 2034 Allata
2608 1981 2850 2033 demum
2890 1979 3164 2032 Patrum
3220 1976 3507 2030 aliorum
3545 1973 3777 2038 exempla

2055 2071 2302 2125 deridens
2352 2070 2430 2122 ait
2478 2084 2587 2121 non
2633 2069 2936 2121 haereseos
2993 2066 3387 2134 suspicione
3441 2076 3647 2116 vacare
3673 2060 3789 2115 Ori-

2056 2159 2499 2229 genem,etiamsi
2541 2159 2595 2211 in
2630 2159 2839 2211 bmresi
2877 2158 3113 2210 Patres
3157 2156 3274 2210 alii
3334 2156 3587 2210 fuerint.
3618 2154 3792 2206 Dicen-

2056 2252 2177 2302 dum
2207 2252 2383 2319 potius
2412 2250 2612 2303 ltzeresi
2641 2265 2857 2302 vacare
2888 2249 3290 2318 Origenem,
3328 2248 3607 2316 quamvis
3636 2247 3689 2297 in
3712 2259 3789 2297 er-

2058 2354 2204 2392 rores
2238 2338 2417 2404 lapsus
2468 2339 2585 2400 sit,
2623 2339 2779 2404 quod
2838 2336 3115 2404 paribus
3182 2336 3486 2405 impliciti
3526 2333 3797 2389 erroribus

2054 2428 2263 2493 Patres,
2317 2429 2465 2481 omni
2503 2437 2692 2480 tamen
2734 2428 3067 2480 haereseos
3122 2435 3293 2479 nota
3347 2426 3479 2479 sint
3513 2425 3793 2477 immunes.

2058 2516 2309 2570 Mutilatae
2338 2516 2689 2583 postmodum
2719 2516 3007 2583 epistolae
3056 2516 3453 2569 ιλιι-δεηθειιῆ
3499 2517 3571 2569 ad
3607 2516 3796 2569 amicos

2056 2607 2451 2661 Alexandrinos
2494 2603 2763 2659 Rufinum
2825 2606 3049 2675 arguit
3117 2606 3599 2678 Hieronymus;
3654 2616 3710 2659 ut
3756 2606 3795 2659 si

2057 2697 2180 2764 quis
2228 2697 2543 2749 mutilatum
2583 2710 2614 2747 a
2658 2709 2753 2749 me
2803 2697 3218 2764 scriptorem
3287 2712 3431 2753 esse
3462 2699 3638 2763 dicat,
3689 2711 3795 2751 cum

2060 2787 2425 2841 testimonium
2460 2786 2688 2855 aliquod
2721 2802 2796 2841 ex
2829 2802 2909 2841 eo
2946 2791 3059 2841 vel
3093 2788 3543 2858 fragmentum
3594 2791 3659 2842 ad
3699 2803 3796 2842 rem

2058 2876 2111 2928 in
2141 2874 2516 2942 disputatione
2551 2875 2803 2943 positam
2830 2877 3197 2943 pertinens
3222 2879 3479 2933 adduco
3504 2896 3520 2934 :
3555 2892 3799 2947 quorsum

2057 2965 2200 3018 enim
2227 2963 2477 3033 Origenis
2518 2964 2802 3019 adversus
2840 2965 3273 3022 Demetrium
3332 2969 3620 3038 querelas
3646 3008 3666 3033 ,
3697 2983 3799 3034 qua:

2059 3054 2113 3108 in
2148 3054 2350 3123 reliqua
2384 3053 2639 3121 epistolae
2655 3065 2831 3121 parte
2866 3058 3353 3124 continentur,
3390 3060 3688 3115 retulisset
3711 3057 3798 3112 Ra.

431 3158 486 3219 5.
534 3165 589 3210 ει
631 3169 750 3210 cum
778 3151 967 3206 Βυίῖιιο
998 3151 1181 3216 Pedem
1219 3146 1454 3208 (εοηΐθτῑν
1487 3159 1549 3198 ac
1579 3144 1693 3198 1003
1718 3141 1959 3209 οτίεοιιίε
1987 3169 2029 3225 ο
2067 3149 2225 3211 linus,
2248 3149 2316 3201 de
2347 3146 2618 3202 librorum
2649 3149 2835 3217 ipsius
2872 3155 3449 3222 cci-stupratione
3480 3155 3698 3223 agens?
3730 3156 3799 3207 Ad

433 3247 484 3299 in
515 3244 705 3313 quibus
737 3242 1082 3312 repugnantia
1113 3248 1329 3293 exstare
1363 3236 1573 3289 dixerat
1600 3234 1842 3296 Ruﬁnus,
1867 3232 1962 3284 de-

431 3336 626 3405 signari
654 3334 753 3389 sibi
784 3331 1030 3400 postulat.
1072 3329 1179 3383 Nos
1213 3333 1358 3381 certe
1400 3326 1451 3377 in
1491 3322 1767 3391 superiore
1792 3321 1964 3386 capite

434 3423 735 3478 testimonia
784 3420 1057 3475 attulimus
1086 3428 1192 3471 tam
1233 3414 1334 3468 sibi
1367 3410 1655 3473 contraria,
1690 3419 1746 3461 ut
1775 3406 1965 3462 Hiero-

435 3528 596 3583 nymo
639 3510 947 3565 satisfacere
988 3510 1214 3576 possint.
1263 3504 1353 3558 Ait
1397 3503 1587 3557 deinde
1618 3501 1717 3555 hac
1748 3515 1967 3568 respon~

434 3604 582 3657 sione
618 3614 767 3652 usum
816 3613 917 3651 non
970 3611 1091 3649 esse
1139 3595 1436 3662 Didymnm,
1500 3604 1600 3642 non
1657 3590 1963 3643 Eusebium.

436 3691 572 3759 Quid
603 3700 710 3742 tum
739 3696 915 3741 autem
940 3687 963 3739 ‘l
995 3685 1049 3738 Si
1077 3699 1195 3752 qua:
1229 3682 1294 3736 ab
1326 3680 1586 3734 hazrcticis
1608 3680 1801 3732 inserta
1821 3688 1965 3741 sunt,

438 3783 662 3851 benigna
696 3778 1130 3848 interpretatione
1154 3773 1378 3828 mollivit
1416 3770 1693 3840 Didymus,
1731 3770 1816 3823 vel
1846 3786 1968 3836 per-

436 3887 616 3941 peram
644 3869 877 3923 defendit
905 3866 1192 3927 Eusebius;
1224 3864 1267 3917 si
1296 3862 1557 3930 obiectum
1606 3859 1964 3933 testimonium

439 3963 647 4018 solvere
690 3959 1008 4020 maluerunt,
1046 3956 1187 4024 quod
1215 3961 1329 4006 erat
1354 3953 1405 4005 in
1441 3958 1704 4018 promptu,
1729 3964 1886 4017 quam
1913 3961 1970 4002 ut

441 4052 627 4106 falsum
660 4049 958 4118 repudiare,
992 4045 1130 4113 quod
1157 4044 1383 4113 probatu
1413 4038 1674 4094 difﬁcilius
1701 4048 1843 4104 erat,
1870 4040 1971 4091 mi-

442 4156 611 4196 nusne
635 4140 833 4193 idcirco
864 4143 1063 4191 incerta
1101 4142 1155 4187 et
1176 4131 1461 4186 adventitia
1496 4129 1659 4184 sunt?
1690 4127 1831 4182 Usus
1856 4138 1971 4181 erat

443 4230 631 4283 deinde
659 4227 884 4281 Rufinus
913 4225 1131 4280 aliorum
1162 4221 1378 4275 Patrum
1428 4219 1691 4287 exemplo,
1739 4233 1968 4286 quorum

444 4318 833 4370 lucubratioacs
861 4314 1070 4368 fuerant
1099 4311 1321 4365 violatae.
1354 4310 1442 4363 Ait
1472 4323 1596 4361 vero
1617 4306 1970 4374 Hieronymus

443 4406 676 4458 futurum
707 4416 763 4458 ut
798 4408 845 4459 si
871 4406 920 4457 id
945 4404 1287 4465 concedatur,
1321 4400 1428 4466 jam
1460 4399 1644 4452 incerti
1667 4398 1772 4451 sint
1809 4398 1971 4452 libro-

2065 3238 2115 3291 id
2149 3247 2333 3292 autem
2363 3239 2512 3306 quod
2546 3249 2828 3295 causatus
2863 3241 3097 3297 fuerat
3131 3245 3467 3315 Origenes
3497 3249 3557 3302 in
3592 3247 3800 3316 epistola

2064 3329 2128 3382 ad
2174 3328 2593 3395 Alexandrinos,
2639 3330 3084 3388 adulteratum
3154 3354 3197 3391 a
3256 3340 3547 3394 Candido
3590 3340 3805 3394 Valenti-

2066 3420 2225 3472 niano
2275 3418 2539 3472 heretico
2574 3420 2757 3473 habiti
2799 3437 3031 3477 secum
3070 3426 3349 3500 Dialogi
3389 3430 3810 3496 codicem,subc

2060 3509 2177 3576 jicit
2229 3507 2649 3575 Hieronymus:
2712 3510 3229 3583 «Intelligimus
3312 3521 3377 3575 in
3441 3522 3560 3575 hoc
3621 3532 3811 3574 tantum

2067 3597 2283 3664 Dialoqo
2317 3596 2383 3649 ab
2416 3594 2660 3664 Origene
2706 3602 2882 3669 argui
2946 3604 3356 3663 ltmreticam
3402 3610 3742 3674 falsitatem,
3770 3622 3815 3663 et

2069 3703 2169 3739 non
2217 3688 2267 3739 in
2314 3686 2529 3740 caneris
2580 3687 2772 3756 libris,
2825 3692 2906 3746 de
2948 3698 3213 3762 quibus
3252 3718 3578 3771 nunquam
3607 3704 3815 3771 qna-mia

2067 3774 2450 3842 fnit:alioqui
2510 3776 2557 3828 si
2625 3780 2825 3832 omnia
2898 3797 3060 3851 qua:
3125 3788 3449 3846 haeretica
3516 3805 3673 3857 sunt,
3723 3807 3812 3844 non

2066 3876 2218 3919 erunt
2277 3866 2565 3934 Origenis,
2617 3869 2717 3921 sed
2780 3871 3303 3945 haereticorum.
3382 3899 3600 3939 omnes
3656 3893 3815 3937 autem

2068 3957 2455 4023 propemodum
2518 3957 2670 4011 illius
2728 3963 2872 4014 tomi
2928 3964 3040 4020 liis
3086 3974 3448 4028 erroribus
3486 3975 3643 4044 pleni
3684 3981 3812 4033 sunt,

2068 4045 2488 4135 ιιίιιίΙ-Οιςίεεειιὶε⁸
2528 4048 2658 4135 erit,
2709 4052 2815 4104 sed
2872 4067 3125 4112 eorum
3188 4078 3473 4130 quorum
3516 4068 3817 4135 ignoramus

2067 4131 2401 4224 vocabula.)
2456 4132 2600 4197 Quid
2662 4135 2763 4224 fiet
2829 4151 3059 4196 autem
3132 4149 3350 4205 altera
3404 4131 3682 4224 Orig'enis
3722 4152 3819 4220 epi-

2067 4218 2243 4316 stola,
2292 4220 2346 4316 in
2409 4223 2780 4316 qua-scribit
2841 4224 3144 4291 Rufinus
3231 4254 3461 4307 parem
3524 4218 3820 4298 liaberiﬁde

2070 4304 2221 4359 libris
2269 4308 2387 4376 ejus
2446 4309 2671 4365 violatis
2729 4304 3279 4381 querimoniam"?
3343 4332 3584 4387 Deinde
3632 4349 3737 4387 non
3780 4330 3820 4383 id

2070 4393 2509 4485 Ye'{e_Run""m
2562 4399 2838 4465 δί¹ί¹¹¹¹¹⁸ν
2882 4421 3329 4485 Quaecunque
3386 4424 3673 4478 haeretica
3709 4433 3815 4477 sunt

445 4506 563 4547 rum
590 4504 849 4556 auctores,
879 4492 1011 4546 nihil
1041 4492 1105 4544 ad
1142 4504 1237 4544 eos
1264 4488 1485 4543 relatum
1531 4487 1594 4540 iri
1618 4486 1708 4554 qui
1732 4488 1961 4554 scripse-
1995 4497 2042 4555 υ
2072 4475 2123 4534 in
2151 4481 2400 4551 Origenis
2439 4485 2978 4560 lucubrationibus,
3024 4475 3511 4564 hare-"comm
3712 4475 3815 4564 ά

3696 4550 3787 4573 ’σε

444 4591 588 4646 runt,
623 4581 713 4633 sed
743 4582 805 4633 ad
837 4590 1173 4648 corruptores
1199 4578 1393 4642 omnia,
1420 4591 1482 4630 ac
1516 4591 1581 4629 ne
1606 4576 1670 4627 ad
1704 4575 1820 4628 illos
1851 4575 1970 4642 qui—

445 4673 587 4733 dem,
610 4683 729 4723 cum
750 4669 908 4735 ignoti
932 4669 1056 4721 sint.
1084 4686 1101 4717 ι
1128 4666 1239 4719 Hac
1265 4663 1601 4726 defensionis,
1630 4661 1819 4730 inquit,
1846 4677 1967 4729 per-

444 4758 764 4820 turbatione,
795 4772 889 4811 nec
909 4756 1160 4817 Marcion,
1190 4769 1286 4808 nec
1308 4754 1647 4817 Manichaaus,
1680 4766 1775 4804 nec
1791 4751 1968 4814 Arius,

446 4866 543 4907 nec
568 4846 854 4904 Eunontius
888 4845 1123 4899 accusari
1164 4853 1427 4915 poterunt.
1454 4862 1471 4894 ι
1498 4840 1819 4896 Attendisset
1846 4853 1974 4893 vero

449 4942 798 5007 Hieronymus
821 4938 886 4988 ad
912 4936 1176 5001 superiora
1210 4952 1223 4987 :
1265 4934 1449 4987 scribit
1479 4932 1699 4985 Rufinus
1744 4926 1861 4983 falsi
1909 4944 1970 4983 ea

448 5046 566 5087 esse
612 5035 876 5095 suspecta,
930 5025 1119 5091 quibus
1161 5025 1260 5077 alia
1307 5024 1360 5078 in
1406 5023 1589 5076 eodem
1623 5021 1880 5086 scriptore
1907 5034 1972 5072 ex

448 5122 669 5175 adverso
701 5111 938 5182 Opposita
984 5118 1238 5163 exstant:
1290 5110 1370 5163 his
1424 5110 1677 5162 duntaxat
1731 5106 1976 5159 falsitatis

449 5218 623 5263 notam
640 5201 855 5272 apponit
878 5198 1142 5253 Rufinum
1165 5196 1273 5248 Non
1290 5196 1453 5257 enim,
1479 5214 1497 5246 ι
1520 5196 1686 5264 inquit
1714 5195 1906 5248 invect.
1943 5193 1967 5245 1

448 5306 500 5351 in
524 5296 845 5363 Hieronym.,
870 5306 889 5340 ι
923 5284 1240 5355 generaliter
1261 5285 1474 5352 promisi
1515 5300 1601 5338 me
1645 5284 1974 5352 prolaturum

451 5402 567 5454 qua:
598 5392 778 5439 essent
808 5380 927 5435 ﬁdei
964 5374 1233 5431 contraria
1260 5410 1274 5435 ,
1319 5373 1411 5425 sed
1456 5387 1572 5440 quae
1614 5373 1711 5440 ipsi
1746 5373 1844 5424 sibi
1886 5386 1976 5425 es-

452 5483 570 5526 sent
606 5472 906 5535 contraria;
934 5486 952 5519 ι
989 5467 1181 5520 ideone
1209 5474 1368 5531 porro
1407 5462 1595 5513 incerti
1632 5471 1787 5513 erunt
1815 5461 1975 5512 libro-

456 5576 568 5613 rum
607 5571 869 5624 auctores,
920 5560 963 5612 si
1012 5572 1077 5611 ea
1123 5555 1377 5608 duntaxat
1428 5549 1528 5601 illis
1576 5549 1969 5617 abjudicentur,

455 5659 570 5715 quae
596 5648 813 5715 reliquis
842 5641 1246 5701 contradicunt?
1277 5638 1480 5705 ecquod
1515 5636 1640 5689 hinc
1667 5637 1767 5689 sibi
1796 5646 1977 5703 patro-

457 5733 646 5786 cinium
669 5737 924 5801 spondere
957 5743 1201 5803 poterunt
1231 5727 1492 5790 Marcion,
1533 5724 1871 5789 Manichacus,
1926 5735 1979 5780 et

2073 4587 2135 4624 ea
2170 4581 2384 4673 tantum
2423 4576 3126 4673 quibus-repugnantes
3175 4604 3550 4657 sententias
3578 4602 3822 4673 Origenes

2075 4664 2332 4715 asseruit.
2370 4663 2425 4716 lu
2463 4665 2699 4734 epistola
2729 4685 2980 4741 quoque
3026 4680 3125 4737 65
3184 4690 3271 4738 ad
3311 4663 3757 4747 pammachil‘m
3777 4701 3820 4743 et

2076 4751 2372 4816 Oceanum,
2403 4767 2523 4822 caP-
2554 4757 2612 4822 4,
2646 4759 2827 4813 "uilla
2857 4763 2916 4816 in
2961 4777 3295 4830 eamdem
3333 4787 3702 4839 sententiam
3727 4784 3824 4837 Hie-

2079 4854 2335 4942 ronymus
2366 4843 2579 4942 colligit
2602 4884 2619 4910 ,
2649 4848 2932 4919 idemque
2970 4856 3223 4929 habet,
3269 4875 3449 4937 quod
3487 4874 3547 4926 in
3583 4877 3824 4942 Apologia

2077 4931 2326 5032 adversus
2363 4929 2622 4999 Ruﬁnum
2656 4943 3043 5007 propositum
3086 4966 3228 5018 est,
3269 4929 3337 5013 et
3402 4978 3439 5016 a
3480 4929 3654 5018 nobis
3684 4929 3823 5032 Supra

2075 5019 2433 5119 confit-tntum,
2489 5039 2691 5119 nempe
2736 5030 3119 5095 defensores
3166 5046 3480 5119 Origenis
3541 5019 3820 5107 Eusebium

2076 5117 2131 5212 et
2156 5107 2470 5212 Di‘dymunt,
2492 5114 2597 5168 hac
2623 5123 3020 5187 responsione
3051 5146 3209 5199 quae
3237 5107 3645 5197 e§ltbrorum
3678 5143 3820 5212 ipsius

2076 5201 2532 5295 “Pnsmf’f‘lﬁ‘ll'e
2572 5210 2811 5273 Ρεῑῖῑυτ,
2866 5185 3151 5275 minime
3224 5185 3651 5288 usos-"fuisse:

2079 5295 2156 5383 att
2187 5305 2202 5340 :
2254 5307 2271 5338 ι
2298 5290 2459 5383 Solus
2492 5292 2774 5383 inventus
2829 5313 2925 5356 est
2980 5272 3386 5383 Origenes:

2312 5340 2325 5342 _
2350 5340 2456 5345 ἡμή,
2503 5340 2774 5352 ---νη-..-πυ
2830 5340 2925 5356 υοι
2981 5340 3063 5362 υΙ
3088 5340 3101 5363 Ι

2084 5372 2287 5472 intoto
2314 5379 2446 5433 orbe
2480 5382 2859 5446 falsarentur.
2888 5413 2911 5447 ι
2958 5340 3820 5472 Ιιειιιξῖἒιῗῗνῗξῗιὲῖῐῗέἳῖιῗ

2084 5465 2400 5566 gelistarum
2432 5478 2947 5551 apostolorumque
3006 5499 3270 5566 scripta
3308 5465 3816 5563 adulteras-limis-
