3920 6462
423 425 558 482 “97

1645 429 1705 484 P.
1747 430 2050 487 DANIELIS
2088 429 2323 486 HUETII

3630 423 3780 477 1108

424 547 672 595 constans
696 574 712 602 ,
754 549 974 605 quorum
1007 538 1236 608 quinque
1279 555 1307 594 a
1350 541 1620 614 Pamphilo
1645 547 1696 602 in
1735 563 1944 604 carcere
1970 555 2012 610 Α
2045 549 2317 615 inveniri,
2367 561 2504 602 cum
2550 545 2826 615 quinque
2862 542 3047 597 libris
3083 537 3422 594 mutilatum
3473 539 3593 593 hoc
3643 554 3784 592 onus

425 628 635 681 detento
657 664 674 689 ,
707 634 970 693 praesente
994 628 1152 682 etiam
1205 629 1429 686 Eusebio
1451 671 1466 697 ,
1504 634 1758 690 elaborati
1792 646 1938 692 sunt.

426 714 615 769 Sextus
637 723 810 769 autem
836 752 852 779 ,
883 727 1160 786 postquam
1190 719 1364 788 gladio
1401 735 1608 795 martyr
1640 728 1745 781 vita
1773 729 1945 798 priva-

439 813 524 856 tus
555 803 797 871 migravit
823 805 888 860 ad
924 805 1087 860 Deum
1118 824 1270 880 quem
1305 815 1726 880 concupiscebat,
1757 819 1822 871 ab
1845 819 1949 871 Eu-

423 893 569 946 sebio
597 902 678 948 est
714 896 986 982 absolutus
1013 915 1027 964 ;
1061 919 1081 953 r
1114 909 1168 954 et
1196 903 1379 957 deinde
1404 923 1418 959 :
1450 907 1556 976 Τὴν
1577 909 1632 960 δὲ
1662 910 1949 982 ὑπὲρὬρι-

423 978 608 1043 γένους
637 978 943 1050 ἀπολογίαν,
977 985 1052 1048 ὡς
1079 986 1299 1058 ἔφημεν,
1342 992 1370 1042 ὁ
1414 993 1690 1063 Πάμφιλος
1721 978 1815 1050 οὖν
1848 978 1942 1051 Et’t-

425 1065 583 1134 σεϐίῳ
607 1067 985 1140 καθειργμένος
1015 1075 1091 1144 τῷ
1135 1078 1383 1148 οἰκήματι
1429 1085 1810 1154 συνεγράψατο,
1858 1087 1948 1139 καὶ

421 1156 617 1226 ταύτην
641 1159 773 1229 πρὸς
796 1163 919 1225 τοὺς
937 1165 992 1216 ἐν
1026 1165 1298 1233 μετάλλοις
1317 1168 1401 1222 διὰ
1427 1172 1653 1240 Χριστὸν
1683 1174 1951 1226 ταλαιπω-

423 1243 711 1312 ρουμένους
739 1247 1088 1319 διεπέμψατο.
1141 1271 1162 1305 t
1191 1255 1496 1325 Apologiam
1520 1270 1694 1312 autem
1725 1276 1818 1328 pro
1838 1262 1952 1317 Ori-

421 1345 574 1399 gene,
603 1343 659 1386 ut
679 1335 933 1402 diximus,
959 1338 1264 1410 Pamphilus
1299 1361 1400 1399 una
1437 1363 1554 1402 cum
1583 1350 1810 1407 Eusebio
1837 1368 1945 1407 car-

422 1432 543 1472 cere
589 1420 827 1478 iuclusus
852 1425 1215 1494 elucubravit,
1250 1438 1595 1504 eamdemque
1624 1441 1688 1492 ad
1725 1455 1816 1498 eos
1859 1443 1947 1510 qui

423 1507 476 1562 in
507 1511 731 1567 metallis
769 1528 863 1580 pro
906 1516 1117 1574 Christo
1145 1527 1554 1592 exercebantur,
1588 1530 1750 1582 misit.
1789 1550 1808 1582 ι
1846 1507 1951 1586 Eu-

423 1596 599 1653 sebius
642 1600 752 1667 ipse
777 1604 1028 1673 scriptam
1069 1623 1184 1662 eam
1226 1626 1253 1662 a
1285 1626 1340 1665 se
1367 1625 1421 1665 et
1450 1613 1723 1683 Pamphilo
1753 1618 1952 1673 fatetur

425 1684 626 1741 Hister.
655 1689 776 1744 libr.
828 1708 902 1757 vt,
929 1709 1044 1764 cap.
1076 1697 1165 1761 '55,
1190 1699 1327 1752 Ὅσα
1348 1701 1403 1752 δὲ
1442 1703 1725 1770 ἀναγκαῖα,
1764 1708 1946 1774 inquit.

423 1771 530 1824 τῶν
555 1776 680 1844 περὶ
705 1779 876 1832 αὐτῶν
893 1781 1174 1848 διαγνῶναι
1198 1781 1284 1855 ἦν,
1300 1787 1466 1840 ταῦτα
1485 1790 1576 1841 καὶ
1596 1794 1658 1843 ἐκ
1688 1795 1784 1862 τῆς
1813 1771 1952 1865 ὖπὲρ

422 1861 582 1915 αὐτοῦ
614 1869 987 1939 πεπονημένης
1011 1873 1138 1941 ἡμῖν
1157 1891 1214 1925 τε
1243 1878 1332 1928 καὶ
1371 1876 1447 1947 τῷ
1475 1878 1594 1931 καθ’
1647 1861 1789 1950 ἡμᾶς
1824 1861 1949 1954 ἱερῷ

425 1949 656 2021 μάρτυρι
699 1955 961 2026 Παμφίλῳ
999 1960 1322 2030 ἀπολογίας,
1387 1967 1641 2038 πάρεστιν
1690 1949 1940 2035 ἆναλέξαλ

425 2035 566 2090 σθαι.
605 2056 625 2090 t
658 2038 989 2112 Quacunque
1033 2061 1158 2102 vero
1209 2051 1272 2105 de
1310 2052 1398 2106 illo
1431 2035 1727 2110 necessario
1753 2073 1948 2127 cogno-

422 2129 616 2180 scenda
637 2141 779 2197 sunt,
801 2147 861 2187 ea
890 2146 1068 2202 petere
1094 2138 1219 2193 licet
1257 2155 1322 2194 ex
1352 2143 1621 2212 Apologia,
1647 2161 1804 2214 quam
1853 2165 1950 2218 pro

423 2229 488 2270 eo
532 2232 630 2289 ego
682 2229 734 2274 et
771 2225 940 2278 sancti
974 2229 1221 2296 temporis
1259 2231 1427 2285 nostri
1459 2245 1665 2304 martyr
1695 2235 1945 2306 Pamphi-

421 2305 504 2362 lus
522 2309 928 2368 elaboravimus.
970 2332 990 2365 ι
1021 2315 1349 2386 Pamphilum
1392 2322 1551 2390 igitur
1589 2334 1642 2379 et
1666 2305 1948 2383 Eusebium

423 2409 665 2454 auctores
697 2402 856 2456 habet
888 2405 1244 2475 Apologett'cus
1275 2411 1374 2466 iste
1403 2452 1418 2478 ,
1464 2423 1516 2467 et
1543 2452 1559 2478 ,
1607 2417 1651 2470 si
1704 2417 1949 2474 Photium

421 2490 683 2555 audimus,
718 2494 1024 2560 primarium
1054 2499 1265 2566 quidem
1291 2510 1344 2554 et
1365 2505 1683 2574 praecipuum
1710 2507 1953 2579 Pamphi-

421 2575 550 2630 lum.
583 2576 910 2634 Postremum
941 2583 1196 2639 duntaxat
1226 2600 1256 2640 e
1298 2588 1446 2644 libris
1485 2606 1577 2644 sex
1625 2609 1760 2648 unus
1788 2575 1953 2653 Euse-

423 2664 543 2719 bius
569 2669 904 2737 conscripsit.
927 2672 1007 2725 Ad
1030 2673 1082 2727 id
1116 2685 1293 2729 autem
1324 2680 1462 2746 quod
1489 2681 1669 2748 objicit
1692 2683 1951 2758 Hierony-

422 2768 572 2820 mus,
604 2756 745 2812 mille
768 2773 953 2814 versus
981 2762 1246 2819 detractos
1298 2776 1350 2820 et
1401 2781 1668 2834 postremo
1692 2756 1952 2845 Apologia:

422 2844 592 2909 libro,
623 2849 710 2915 qui
741 2849 953 2905 Eusebii
989 2852 1120 2919 fuit,
1162 2854 1216 2908 in
1260 2857 1488 2925 priorem
1518 2861 1664 2916 illum
1695 2844 1950 2933 Pamphili

421 2931 588 2989 fuisse
608 2935 854 2992 inductos
875 2979 891 3006 ,
925 2943 1250 3012 proindeque
1282 2962 1385 3000 non
1416 2958 1581 3004 totum
1615 2967 1645 3006 a
1675 2931 1953 3024 Pamphilo

421 3021 584 3079 fuisse
620 3024 988 3096 lucubratum;
1029 3034 1320 3102 respondeo
1366 3052 1465 3092 nec
1511 3048 1676 3095 totum
1709 3021 1955 3100 lucubra-

418 3121 533 3168 tum
565 3115 740 3183 fuisse
784 3120 850 3174 ab
882 3121 1142 3189 Eusebio;
1189 3135 1243 3180 et
1290 3129 1501 3198 utrique
1530 3133 1722 3188 ascribi

419 3202 566 3258 Vana
596 3215 678 3261 est
700 3222 823 3263 vero
843 3210 1007 3264 altera
1032 3212 1335 3286 Hieronymi
1353 3221 1556 3287 petitio,
1573 3239 1693 3278 cum
1720 3202 1792 3281 ait
1813 3245 1957 3285 sum-

419 3311 561 3349 nium
591 3298 752 3352 fuisse
801 3300 1083 3358 Eusebium
1110 3306 1250 3361 inter
1303 3319 1358 3364 et
1399 3310 1727 3382 Pamphilum
1753 3319 1959 3386 opinio~

419 3399 546 3438 num
588 3401 938 3452 consensum;
987 3410 1104 3448 cum
1164 3407 1340 3450 autem
1390 3401 1646 3457 Eusebius
1672 3405 1956 3476 Origenem

424 3484 534 3528 toto
559 3476 610 3528 in
640 3491 799 3546 opere
831 3496 925 3535 suo
957 3485 1181 3551 probare
1205 3489 1447 3543 videatur
1465 3492 1648 3546 Ariani
1672 3495 1837 3551 fuisse
1868 3501 1961 3555 de-

422 3563 687 3621 fensorem
711 3568 989 3638 dogmatis,
1013 3574 1314 3644 Pamphilus
1346 3594 1471 3633 vero
1505 3580 1716 3637 Nicena:
1740 3591 1949 3656 synodi,

421 3671 538 3726 qua:
561 3657 661 3712 fttit
683 3669 862 3728 postea
887 3702 904 3729 ,
949 3665 1316 3732 defensorem;
1368 3670 1488 3723 hinc
1516 3671 1650 3726 οιΗοὶ
1701 3691 1802 3729 non
1843 3694 1960 3735 esse

420 3746 680 3816 Pamphili
709 3759 764 3804 et
795 3752 1010 3808 Eusebii
1039 3763 1206 3810 totum
1244 3757 1373 3813 illud
1414 3775 1543 3828 opus
1564 3800 1580 3825 ,
1629 3765 1720 3817 sed
1753 3780 1958 3834 partem

421 3851 542 3893 esse
566 3840 810 3907 Eusebii,
854 3844 1083 3912 priorem
1115 3861 1241 3902 vero
1271 3849 1460 3905 librum
1499 3851 1712 3908 alterius
1737 3859 1958 3926 cujusli-

420 3929 531 3994 bet,
583 3941 706 4000 puta
741 3933 970 4003 Didymi.
1003 3935 1115 3991 Non
1153 3940 1319 4009 magis
1350 3942 1491 3994 enim
1527 3945 1717 3998 mirum
1761 3959 1846 4002 est
1877 3952 1960 4003 di-

423 4035 578 4076 versa
612 4022 676 4077 de
729 4023 974 4094 Origenis
1021 4028 1258 4082 doctrina
1314 4031 1546 4085 sensisse
1591 4042 1644 4087 et
1681 4037 1960 4105 scripsisse

420 4112 754 4182 Pamphilum
777 4127 828 4169 et
849 4117 1154 4183 Eusebium,
1179 4136 1338 4189 quam
1370 4124 1435 4176 de
1458 4122 1655 4178 Christi
1682 4127 1961 4184 divinitate

422 4204 766 4258 orthodoxam
802 4207 965 4261 fuisse
1014 4207 1274 4278 Pamphili
1325 4213 1629 4279 opinionem
1660 4256 1676 4280 ,
1703 4217 1958 4272 Arianam

423 4308 551 4346 vero
579 4303 636 4348 et
679 4297 982 4352 hacreticam
1009 4299 1243 4356 Eusebii.
1278 4301 1460 4356 Facile
1499 4319 1710 4372 quoque
1738 4306 1959 4360 diluitur

426 4381 566 4435 aliud
591 4398 955 4454 argumentum
1004 4391 1347 4461 Hieronymi,
1379 4394 1510 4447 nihil
1536 4395 1735 4462 proprii
1782 4401 1960 4464 operis

423 4467 754 4537 Pamphilum
795 4476 1094 4532 condidisse
1139 4481 1428 4534 asserentis
1453 4499 1465 4533 :
1494 4496 1590 4535 nec
1639 4481 1779 4534 enim
1831 4499 1954 4550 pro-
1989 4493 2033 4546 D

424 4559 597 4626 prium
625 4561 740 4628 ejus
758 4579 889 4630 opus
911 4569 1271 4639 Apologett'cus
1300 4569 1387 4624 ille
1410 4571 1511 4624 dici
1539 4581 1711 4640 potest
1741 4612 1756 4635 ,
1796 4588 1954 4642 quem

425 4647 644 4702 alterius
667 4666 824 4718 opera
871 4656 1081 4722 adjutus
1106 4699 1119 4722 ,
1147 4659 1357 4715 Eusebii
1388 4661 1612 4726 scilicet,
1641 4663 1954 4720 elaboravit.

426 4737 580 4793 Nunc
609 4751 734 4792 vero
760 4742 1081 4799 arbitrentur
1100 4750 1234 4816 aequi
1265 4760 1318 4804 et
1344 4751 1536 4805 eruditi
1570 4752 1814 4816 lectores,
1841 4767 1956 4807 nte-

428 4827 605 4880 ritone
635 4826 880 4882 Ruﬁnum
908 4830 1260 4903 Hieronymus
1288 4839 1714 4907 reprehenderit,
1745 4853 1959 4909 propter

429 4916 740 4985 inscriptum
765 4915 1026 4986 Pamphili
1061 4939 1252 4978 nomen
1301 4927 1463 4995 priori
1511 4928 1668 4997 hujus
1694 4929 1957 4998 Apologiw

425 5008 580 5064 libro.
614 5008 875 5063 Caeterum
909 5024 1028 5064 cum
1059 5027 1150 5066 sex
1183 5027 1452 5071 constaret
1487 5019 1635 5074 libris
1668 5021 1780 5074 haec
1802 5020 1959 5076 Pam-

425 5100 555 5168 phili
582 5099 862 5168 Apologia,
893 5099 1046 5166 cujus
1091 5102 1233 5167 prior
1266 5106 1520 5162 duntaxat
1557 5123 1587 5161 a
1615 5109 1804 5163 Ruﬁno
1830 5125 1958 5163 con-

368 5205 371 5208 '
430 5209 612 5248 versus
657 5196 722 5248 ad
765 5207 862 5247 nos
884 5193 1143 5260 pervenit,
1169 5210 1270 5248 non
1295 5207 1375 5250 est
1401 5213 1497 5252 cur
1531 5204 1752 5254 miretur
1796 5201 1959 5256 Baro-

429 5284 544 5338 nius
569 5283 810 5354 Gregorii
833 5281 1274 5340 Neocaesariensis
1295 5289 1722 5343 encomiasticam
1757 5293 1959 5346 oratio-

429 5389 545 5428 nem
583 5376 796 5443 Ot-igeni
831 5375 1024 5428 dictam
1048 5413 1063 5439 ,
1099 5387 1253 5440 quam
1302 5389 1328 5424 a
1374 5375 1645 5445 Pamphilo
1698 5381 1960 5449 Apologia:

430 5479 535 5519 suae
565 5468 818 5522 insertam
862 5465 1024 5520 fuisse
1059 5465 1321 5534 proditum
1367 5475 1470 5530 est,
1506 5467 1558 5520 iu
1583 5484 1646 5522 ea
1677 5470 1832 5523 hodie
1858 5487 1960 5525 non

499 5728 608 5791 (491
662 5733 794 5791 Nam
849 5738 1008 5791 multa
1048 5737 1252 5800 quidem
1303 5734 1508 5802 Oriqeni
1560 5735 1726 5802 nitida
1770 5737 1928 5802 fuisse
1969 5761 2141 5802 verum
2189 5765 2284 5808 est.
2333 5758 2471 5818 Vide
2522 5764 2929 5834 Prmfationetu
2980 5790 3141 5846 tomi

2045 643 2592 793 haglesiiiuzuamvts
2639 735 2848 781 autem
2909 722 3112 778 multa
3169 721 3265 773 vel
3302 720 3376 773 ad
3439 717 3784 776 refellendo:

2046 818 2298 887 Origenis
2322 817 2718 881 adversarios,
2756 816 2854 872 vel
2907 814 2989 868 ad
3027 813 3230 882 ipsum
3266 811 3685 864 excusandum
3709 823 3787 864 at-

2048 905 2334 960 tulerimus
2355 944 2373 970 ,
2401 905 2458 957 in
2509 904 2709 958 multis
2744 913 2957 958 tamen
3002 913 3303 970 peccasse
3333 897 3654 950 fatendum
3686 908 3786 954 est.

2045 996 2124 1050 Ac
2156 995 2454 1063 plerosque
2475 1009 2615 1048 sane
2642 994 2832 1062 ipsius
2873 1006 3144 1048 errores
3170 1005 3350 1059 supra
3394 988 3531 1057 jam
3570 991 3644 1042 ab
3676 992 3792 1046 aliis

2047 1083 2424 1154 deprehensos
2470 1086 2868 1154 agnovimus,
2952 1082 3053 1136 vel
3118 1081 3394 1135 nondum
3464 1093 3796 1149 perspectos

2049 1177 2381 1240 notavimus,
2412 1191 2542 1231 cum
2569 1177 2698 1245 ejus
2728 1178 3026 1246 dogmata
3075 1174 3642 1243 perpenderemus.
3666 1174 3795 1230 Pec-

2049 1267 2208 1319 candi
2247 1281 2417 1320 causa
2464 1267 2746 1334 judicium
2784 1279 3076 1335 praeceps
3106 1305 3126 1328 ,
3172 1272 3237 1318 et
3273 1264 3684 1318 immoderata
3719 1266 3798 1320 in-

2051 1354 2191 1422 genii
2241 1353 2467 1408 lascivia
2520 1363 2578 1411 et
2633 1357 2876 1410 licentia
2909 1395 2928 1420 ,
2975 1355 3081 1408 cui
3159 1363 3287 1407 tam
3328 1354 3802 1421 intemperanter

2053 1444 2520 1511 morigerabatur,
2543 1454 2604 1498 ut
2647 1447 2917 1514 cogitata
2963 1446 3212 1506 omnia,
3251 1446 3456 1498 cruda
3493 1447 3804 1502 etiamnu

2052 1543 2107 1585 et
2132 1533 2425 1587 immatura
2458 1534 2864 1603 profunderet.
2920 1536 3225 1590 Accessit
3281 1536 3502 1604 inepta
3557 1541 3806 1604 quadam

2054 1620 2357 1689 Scripturze
2390 1624 2725 1696 plerumque
2747 1627 3157 1697 explicandae
3195 1629 3366 1682 ratio
3389 1672 3407 1694 ,
3453 1643 3671 1683 vocum
3695 1632 3806 1684 siu-

2053 1712 2304 1779 gularum
2330 1717 2656 1772 notionibus
2698 1721 3000 1775 eruendis
3030 1731 3098 1774 et
3151 1721 3602 1788 expendendis
3627 1725 3807 1781 odiose

2065 1816 2129 1854 ac
2155 1804 2340 1870 putide
2374 1807 2629 1873 studens,
2659 1819 2719 1863 et
2753 1810 2813 1862 in
2869 1810 3148 1864 minutis
3213 1813 3586 1880 quibusque
3624 1829 3808 1870 conse-

2053 1893 2269 1946 ctandis
2301 1908 2365 1948 ac
2387 1894 2622 1952 invicem
2652 1898 3070 1968 conﬂigendis
3102 1916 3373 1956 morose
3405 1911 3471 1956 et
3512 1902 3720 1973 frigide
3741 1905 3810 1960 la-

2050 1987 2272 2041 borans.
2303 1989 2459 2044 Adde
2489 1992 2727 2046 nimium
2763 1993 3198 2062 profanarum
3259 1996 3730 2062 doctrinarum,
3753 2015 3812 2054 ac

2064 2075 2362 2133 Platonicae
2407 2083 2720 2148 praesertim
2766 2084 3234 2154 phil050pbize,
3277 2102 3486 2156 quam
3518 2089 3811 2145 Tertullia-

2050 2181 2156 2221 nus
2186 2167 2282 2222 lib.
2321 2169 2399 2223 De
2423 2156 2799 2242 animatfcap.
2839 2175 2956 2240 23,
2988 2195 3012 2227 ι
3055 2178 3538 2234 haereticorum
3573 2184 3813 2236 omnium

2051 2257 2556 2316 condimentarium
2590 2277 2719 2319 esse
2753 2264 3004 2321 factum
3041 2287 3065 2320 ›
3104 2274 3230 2334 ait,
3275 2273 3600 2338 studium,
3643 2275 3711 2328 ad
3731 2291 3818 2330 cu-

2046 2344 2136 2412 jus
2160 2362 2405 2402 normam
2456 2350 2771 2422 theologica
2823 2355 3146 2426 dogmata
3187 2375 3356 2415 cum
3389 2365 3698 2433 exigeret,
3731 2367 3816 2418 ab-

2051 2436 2233 2491 surdis
2266 2438 2618 2506 opinionibus
2642 2444 2764 2512 ipse
2802 2447 3103 2513 primum
3162 2450 3503 2518 imbutus,
3530 2470 3666 2510 mox
3724 2455 3816 2510 Ee-

2052 2525 2276 2581 clesiam
2324 2531 2700 2587 conturbavit.
2764 2533 3074 2592 Platonis
3113 2541 3405 2608 quidem
3464 2545 3813 2613 disciplinam

2053 2621 2308 2673 assectati
2344 2631 2474 2675 sunt
2522 2626 2727 2678 vetusti
2765 2625 3008 2684 Patres
3045 2635 3568 2702 quamplurimi,
3626 2637 3814 2706 partita

2051 2709 2376 2764 vetustiores
2425 2711 2667 2783 Origene
2699 2756 2716 2780 ,
2767 2717 3018 2784 'partim
3100 2724 3354 2779 eodem
3428 2729 3813 2790 recentiores.

2053 2797 2361 2868 quicunque
2387 2806 2702 2870 praesertim
2752 2805 3106 2865 Nicaenum
3161 2817 3531 2870 concilium
3570 2829 3813 2874 anteces-

2052 2897 2238 2942 serunt
2268 2906 2282 2941 :
2315 2899 2373 2944 at
2399 2906 2465 2945 ea
2491 2895 2670 2950 solum
2703 2896 2778 2950 ab
2842 2899 2956 2954 illo
3005 2908 3312 2961 mutuati
3365 2919 3546 2974 sunt,
3580 2926 3704 2978 quae
3734 2911 3815 2964 de-

2052 2977 2218 3031 cretis
2241 2979 2504 3036 Ecclesize
2537 2989 3014 3047 consentiebant
3042 3010 3065 3060 ;
3112 2995 3458 3068 Origenes
3493 3016 3636 3055 vero
3661 3010 3812 3056 totaut

2054 3067 2387 3124 academiam
2418 3073 2571 3128 visus
2596 3087 2682 3130 est
2709 3078 2767 3131 in
2809 3079 3194 3139 Ecclesium
3222 3067 3673 3147 transtulisse:
3703 3094 3816 3146 licet

1775 3151 1949 3204 Ροεεθο
1980 3169 2023 3226 α
2058 3155 2286 3211 fateatur
2313 3159 2462 3214 hom.
2490 3163 2560 3216 14
2584 3166 2642 3218 in
2663 3163 2904 3234 Cenes.,
2955 3189 3158 3230 num.
3191 3178 3272 3242 3.

2265 3173 2286 3211 r
2313 3159 2462 3214 hom.
2490 3163 2560 3216 14
2584 3166 2642 3218 in
2663 3163 2904 3234 Cenes.,
2955 3189 3158 3230 num.
3191 3178 3272 3242 3,
3336 3200 3360 3230 ι
3402 3182 3813 3253 philosophiar-

2057 3261 2230 3316 neque
2263 3249 2314 3302 in
2352 3253 2612 3308 omnibus
2643 3255 2754 3326 legi
2796 3260 2906 3316 Dei
2946 3249 3575 3328 corttrariatuesse
3602 3316 3619 3337 ,
3656 3291 3817 3342 neque

2059 3334 2110 3388 in
2151 3338 2399 3393 Omnibus
2429 3356 2766 3403 consonam.
2817 3371 2839 3402 ι
2876 3352 3036 3410 Inde
3103 3368 3308 3414 tanta
3361 3378 3649 3419 errorum
3678 3381 3820 3437 seges

2057 3426 2206 3479 bonae
2235 3428 2373 3498 frugi
2410 3437 2722 3492 suecrevit.
2779 3441 2870 3495 Ex
2910 3445 3018 3502 his
3053 3453 3242 3507 satis
3285 3455 3494 3525 liquet
3522 3476 3697 3528 quam
3725 3461 3822 3512 ina-

2057 3530 2151 3617 nes
2174 3517 2280 3569 sint
2299 3517 2479 3574 Ruﬁni
2511 3537 2785 3594 conatus,
2817 3547 2964 3588 cum
3011 3517 3374 3614 quidquid
3417 3517 3643 3601 falsum
3692 3549 3822 3617 apud

2059 3603 2341 3671 Origenem
2390 3615 2664 3681 occurrit,
2724 3633 2837 3686 pro
2874 3631 3124 3692 spurio
3161 3603 3246 3687 et.
3278 3639 3367 3692 ab
3402 3639 3710 3695 haereticis
3749 3642 3820 3693 in-

2061 3703 2207 3799 [1:150
2233 3697 2418 3799 haberi
2447 3701 2642 3772 jubet;
2674 3707 2800 3779 (49)
2843 3729 2991 3770 nam
3037 3725 3272 3778 multa
3312 3731 3576 3796 quidem
3609 3729 3820 3799 Origeni

2059 3783 2226 3840 afﬁcta
2273 3787 2436 3845 fuisse
2480 3807 2677 3850 verum
2745 3813 2864 3866 est,
2933 3810 3056 3862 sed
3125 3816 3327 3882 plura
3391 3831 3625 3889 tamen,
3667 3836 3824 3890 eaque

2061 3875 2220 3927 noxia
2247 3885 2301 3928 et
2353 3876 2622 3934 damnosa
2681 3886 2758 3940 ab
2817 3889 2921 3945 illo
2969 3875 3307 3963 profecta
3349 3921 3502 3962 esse
3530 3875 3820 3961 candidum

2059 3959 2231 4012 virum
2261 3963 2411 4016 fateri
2449 3968 2629 4022 decet.

2127 4049 2312 4157 ξινιμ.
2555 4065 2943 4126 quaerendum
3005 4087 3354 4147 superest
3415 4105 3545 4157 quo
3605 4110 3824 4148 numero

2061 4135 2432 4251 habendiksint
2456 4143 2592 4251 libri
2611 4147 2910 4222 Origenis,
2949 4135 3281 4236 ipseque:

2061 4235 2237 4279 utrum
2285 4229 2370 4284 hic
2400 4231 2545 4287 inter
2576 4235 2891 4299 hzereticos
2916 4287 2936 4311 ,
2970 4250 3110 4319 illi;
3163 4261 3353 4318 inter
3397 4229 3724 4328 damnautas
3774 4289 3827 4326 ac

2062 4317 2380 4383 reprobatas
2409 4324 2758 4393 scriptiones
2800 4317 3107 4401 ponendi
3147 4352 3325 4409 sint.
3359 4357 3546 4424 Quod
3592 4365 3705 4418 erit
3743 4380 3823 4419 ca.

2061 4407 2188 4520 piti's
2219 4408 2382 4481 hujus
2426 4412 2575 4467 velut
2609 4421 3045 4484 corollarium.
3093 4407 3548 4511 Dispulgnus
3602 4455 3824 4520 primum

2064 4495 2126 4520 ,1,-
2181 4495 2310 4520 ἒιε-ζ-
2369 4497 2423 4520 1--
2460 4502 2640 4520 _-A_9-,
2689 4505 2732 4520 Α
2772 4508 2784 4519 -

2062 4495 2127 4547 de
2159 4493 2331 4550 libris.
2369 4497 2426 4550 lu
2460 4502 2650 4557 varios
2687 4505 3019 4577 Origenem
3068 4493 3460 4602 inip23i553
3491 4493 3729 4596 ενι-ἶπες
3749 4556 3824 4596 εδ.

2064 4587 2129 4636 lis
2157 4601 2185 4636 a
2223 4587 2378 4700 noi’is
2407 4590 2733 4649 confessum
2767 4611 2883 4654 es"
2923 4605 3006 4659 Δί
3043 4587 3539 4685 quimzis‘eos
3573 4633 3828 4700 operibus

2064 4667 2229 4700 :nc:nn
2268 4687 2293 4700 η
2325 4675 2487 4700 ε....,ι-
2516 4695 2619 4700 --_,
2651 4693 2665 4700 -
2791 4690 2806 4700 .

3069 4667 3092 4679 _
3163 4667 3197 4670 ἡ
3231 4667 3271 4673 __
3295 4667 3387 4678 ,η
3422 4667 3539 4685 Vw
3655 4667 3827 4686 ων...

2061 4667 2231 4734 ipsius
2266 4673 2491 4731 aliunde
2513 4693 2739 4740 assutos
2771 4690 3106 4762 daremus,
3144 4711 3341 4773 quod
3369 4717 3558 4774 multi
3573 4667 3827 4776 ‘alilirma-

2060 4769 2203 4827 runt,
2251 4764 2520 4837 planeque
2566 4774 2636 4828 iis
2673 4777 3010 4841 immunem
3061 4793 3452 4870 Origeuem
3486 4827 3826 4883 agnoscere-

2063 4862 2184 4883 nxnc
2243 4853 2444 4883 ιηιΙΛ-,ιι
2486 4857 2538 4883 2.x
2567 4865 2659 4883 ---ε
2687 4866 2700 4883 ι
2895 4875 2908 4883 .

2062 4862 2209 4916 ntus,
2243 4853 2450 4910 valeret
2486 4857 2538 4914 id
2563 4865 2798 4931 quidem
2835 4875 2908 4926 ad
2955 4853 3506 4956 excusa-tionem
3527 4853 3828 4971 1⁵τιιιςῖοι’ἰε;

2063 4954 2167 4971 nnn
2207 4942 2272 4971 ..Α
2296 4951 2578 4971 ιι..-,.-ιε-η
2602 4968 2614 4971 -
2720 4957 2776 4971 ι..

3167 4942 3506 4956 “““--νν’νι-Ι
3553 4942 3749 4963 αυιιυι
3765 4942 3804 4963 1³

2063 4942 2272 5068 non'a'd
2295 4951 2686 5015 purgationem
2719 4957 3056 5026 librorum.
3099 4979 3282 5039 Cum
3328 5004 3587 5050 certum
3622 5000 3703 5052 sit
3744 4950 3829 5068 isi:

2064 5037 2151 5068 lnr
2202 5037 2329 5068 acia
2364 5052 2458 5068 an.
2511 5053 2564 5068 ,ιι
2622 5046 2785 5068 3...-.ξ·

3120 5031 3135 5033 ἡ
3169 5031 3282 5039 “---
3330 5031 3434 5046 υτ,
3453 5031 3587 5050 .uIll
3796 5031 3825 5051 Γ

2064 5037 2151 5160 tur;
2178 5031 2332 5089 falsis
2364 5052 2462 5094 eos
2509 5053 2568 5096 et
2622 5046 2823 5117 impiis
2851 5068 3122 5124 scatere
3169 5087 3546 5142 sententiis
3573 5128 3595 5154 ’
3622 5031 3703 5146 2-:
3728 5031 3825 5160 ἔξω

2066 5136 2133 5160 “ll
2158 5136 2189 5160 ρ
2239 5139 2268 5160 α
2333 5133 2568 5160 υιὶίιιοιξη
2619 5147 2768 5160 n..____
2794 5159 2803 5160 κ
2856 5147 2890 5160 ιι

3065 5165 3262 5220 malo
3310 5171 3644 5234 fermento
3675 5183 3828 5236 fuisse

3197 5794 3255 5864 Ι,
3321 5817 3475 5877 pag.
3513 5807 3550 5862 2
3580 5818 3637 5865 et
3667 5809 3725 5866 5.
