3920 6446
248 463 397 516 1109

1331 461 1885 519 ORIGENIANORUM
1910 422 2047 515 \LIB.
2089 460 2152 524 n,
2193 458 2340 513 car.
2378 461 2464 515 Ill.

3292 460 3425 514 1110

331 576 544 629 Auctor
570 584 647 630 est
679 572 988 641 Pamphilus
1016 577 1068 630 in
1099 578 1345 647 Apologia
1374 618 1389 641 ,
1435 576 1797 631 haereticorum
1828 582 1873 637 Α
1900 589 2016 628 mus
2048 573 2356 626 Tomitanus
2409 584 2462 627 et
2492 573 2720 628 Joannes
2761 572 3187 641 Chrysoslomus,
3233 572 3425 641 aliique

248 662 383 717 loco
441 679 540 718 sua
587 674 739 718 astate
773 677 799 713 a
836 664 1018 718 multis
1047 667 1256 720 habitos
1280 704 1295 729 ,
1331 666 1630 733 quicunque
1656 665 1802 718 libris

243 750 521 819 Origeuis
555 757 847 811 uterentur,
883 765 979 803 nec
1010 765 1125 804 eam
1150 752 1363 819 quidem
1393 763 1696 803 concessam
1725 748 1803 815 ip-

244 836 336 887 sis
372 835 544 890 l'uisse
572 835 799 895 veniam,
832 853 850 884 ‹
876 850 992 903 qua:
1045 837 1296 903 impertiri
1323 836 1471 899 solet,
1502 836 1647 889 verbi
1680 850 1801 905 gra-

248 922 359 989 tia,
390 925 481 979 his
522 926 609 993 qui
638 924 941 979 Graecorum
982 926 1313 980 saecularium
1350 927 1532 987 libros.
1560 925 1645 978 vel
1674 939 1804 979 non-

246 1029 547 1083 nunquam
575 1016 731 1069 etiam
764 1014 1132 1070 haereticorum
1150 1016 1494 1084 percontandi
1524 1026 1687 1084 atque
1710 1030 1804 1070 co-

244 1105 564 1173 gnoscendi
614 1104 789 1158 studio
831 1104 1140 1158 decurrunt.
1198 1125 1216 1157 ι
1272 1104 1532 1174 Pamphili
1592 1106 1806 1159 circiter

243 1196 605 1262 temporibus
629 1194 845 1248 ﬂorebat
874 1195 1187 1249 Pacliomius
1214 1196 1379 1250 abbas
1397 1235 1413 1258 ,
1456 1197 1577 1249 vitae
1604 1195 1802 1250 sancti-

244 1292 371 1337 tate
403 1285 658 1348 illustris,
681 1301 835 1354 quem
863 1285 968 1352 jam
998 1286 1150 1339 morti
1177 1287 1494 1354 proximum,
1523 1287 1807 1341 monachos

238 1386 385 1425 suos
424 1376 497 1428 ab
529 1389 712 1428 earum
754 1375 1175 1429 lucubrationum
1223 1375 1449 1430 lectione
1478 1377 1805 1446 gravissimis

237 1461 447 1516 verbis
486 1464 827 1531 prohibuisse
865 1474 1084 1526 narrat,
1131 1465 1220 1532 qui
1265 1466 1425 1518 vitam
1459 1468 1571 1533 ejus
1618 1466 1807 1519 litteris

235 1554 605 1620 consignavit
633 1568 648 1607 :
682 1556 771 1608 sed
806 1554 959 1608 [idem
1012 1555 1302 1607 narrationi
1333 1555 1562 1609 detrahit
1592 1570 1805 1623 perspe-

235 1652 404 1697 ctum
436 1644 739 1712 Scriptoris
765 1644 1019 1697 adversus
1052 1642 1437 1713 Origenismum
1461 1644 1657 1698 odium.
1678 1644 1807 1697 Mul-

237 1742 370 1786 tum
408 1734 611 1788 deinde
663 1749 692 1786 a
745 1733 1034 1799 Theophilo
1079 1743 1135 1788 et
1176 1734 1466 1802 Epiphanio
1514 1734 1803 1789 laboratum

125 1861 140 1875 .
232 1831 355 1884 est,
394 1823 648 1876 omnium
683 1824 747 1876 de
791 1824 1041 1877 manibus
1082 1824 1117 1877 ii
1154 1823 1272 1878 libri
1301 1833 1358 1877 ut
1384 1830 1754 1881 excuterentur
1788 1840 1802 1876 :

1901 663 2199 731 complures
2226 662 2477 730 episcopi,
2502 674 2554 717 et
2580 662 2927 734 καθαιρετικὰ
2954 662 3038 716 illa
3075 661 3422 731 Origeniamo-

1902 767 2019 806 rum
2044 764 2280 820 operum,
2314 764 2427 818 qua:
2456 751 2956 817 Constantinopolim
2998 750 3273 804 invexerat
3298 752 3421 820 Epi-

1904 842 2128 910 phanius
2150 879 2165 903 ,
2191 839 2576 907 subscriptione
2605 854 2698 893 sua
2730 841 2811 894 vel
2848 854 3067 894 assensu
3104 840 3425 895 confirmare

1905 940 2210 983 tenuerunt.
2246 928 2313 982 Ea
2338 929 2493 982 etiam
2525 929 2786 995 videntur,
2816 932 2858 984 si
2889 944 2991 983 non
3031 929 3203 998 palam
3235 944 3423 998 appro-

1902 1020 2056 1075 basse
2081 1058 2096 1083 ,
2126 1029 2180 1074 at
2222 1030 2363 1073 certe
2401 1034 2504 1072 non
2547 1020 2753 1087 penitus
2800 1020 3062 1088 respuisse
3084 1056 3101 1082 ,
3127 1018 3424 1086 quicunque

1904 1125 2027 1166 suas
2049 1125 2114 1164 ex
2163 1110 2228 1164 iis
2256 1108 2541 1177 Scriptum
2582 1122 2749 1161 sacrae
2781 1108 3243 1176 interpretationes
3275 1116 3422 1160 tran-

1903 1200 2184 1262 stulerunt,
2213 1213 2345 1266 quos
2363 1198 2417 1251 in
2446 1196 2903 1251 observationibus
2923 1212 3017 1266 pro
3051 1207 3288 1264 tempore
3308 1196 3423 1250 lau-

1904 1288 2163 1344 davimus.
2214 1288 2279 1341 Et
2324 1288 2565 1354 quamvis
2603 1287 2850 1341 Ecclesiae
2874 1287 3105 1342 decretis
3140 1287 3424 1355 aliquando

1903 1378 2065 1430 vetita
2081 1384 2224 1431 esset
2251 1391 2432 1431 eorum
2465 1377 2643 1441 lectio,
2664 1377 2745 1431 bis
2780 1385 2950 1431 tamen
2980 1377 3275 1431 contrarius
3299 1391 3425 1431 usus

1905 1465 2183 1533 derogasse
2204 1466 2490 1519 diceretur.

1975 1552 2295 1622 Equissima
2342 1556 2453 1608 haec
2484 1553 2721 1623 profecto
2744 1592 2758 1618 ,
2797 1562 2847 1607 et
2879 1560 3131 1622 perpetua
3177 1552 3427 1606 Ecclesiae

1905 1643 2252 1697 consensione
2281 1643 2487 1696 lirmata
2522 1644 2729 1696 videtur
2753 1656 2873 1696 esse
2902 1643 3181 1706 sententia,
3213 1656 3331 1709 quae
3360 1642 3425 1694 li-

1906 1732 2117 1783 brorum
2151 1729 2396 1799 Origenis
2428 1744 2576 1783 usum
2607 1729 2759 1798 vulgo
2797 1730 3194 1783 concedendum
3220 1728 3424 1790 deﬁnit,

1906 1819 2071 1887 ipsius
2116 1818 2272 1873 modo
2306 1834 2515 1875 errores
2555 1818 2841 1888 lugiantur.
2875 1819 2948 1872 ita
2978 1820 3145 1874 sensit
3169 1817 3426 1887 Hierony-

233 1912 541 1980 proditum
574 1913 764 1980 quippe
798 1921 879 1966 est
906 1928 933 1965 a
961 1912 1181 1967 Socrate
1228 1913 1347 1967 libr.
1379 1928 1449 1977 vr,
1482 1928 1596 1980 cap.
1627 1912 1681 1978 9,
1716 1913 1801 1976 12,
1837 1888 1879 1942 Β
1903 1922 2052 1970 mus,
2110 1908 2495 1975 quantumlibet
2546 1909 2861 1962 Adarnantio
2906 1907 3146 1963 infensus
3184 1926 3199 1961 :
3241 1926 3259 1958 ι
3291 1907 3424 1972 Quia

231 2014 301 2058 et
352 2004 673 2059 Sozomeno
706 2005 826 2058 libr.
860 2020 974 2066 VIII,
1002 2018 1119 2071 cap.
1160 2005 1245 2068 Η,
1280 2003 1418 2058 solas
1445 2002 1687 2073 Origenis
1725 2003 1803 2056 lu-

231 2091 617 2145 cubrationes
664 2092 998 2145 criminatum
1042 2105 1158 2145 esse
1201 2092 1568 2158 TheOphilum,
1621 2106 1801 2145 earum

230 2178 385 2232 licet
432 2176 761 2231 auctoritate
788 2178 1040 2230 adversus
1069 2178 1292 2231 Arianos
1331 2177 1440 2246 jam
1480 2187 1599 2231 ante
1639 2178 1804 2231 Atha-

229 2268 450 2322 nasius
483 2276 805 2336 pugnasset;
829 2268 1159 2322 Alexandriae
1196 2268 1474 2323 concilium
1521 2268 1799 2333 conﬂasse,

234 2357 300 2411 in
356 2371 549 2424 eoque
577 2356 676 2408 illae
702 2365 757 2408 ut
794 2356 1193 2424 repudiarentur
1233 2358 1547 2425 perfecisse;
1594 2359 1801 2412 easdem

231 2446 295 2499 in
324 2444 546 2515 Cypria
574 2445 777 2513 synodo
808 2459 964 2498 suasu
995 2446 1156 2514 ipsius
1184 2446 1528 2514 Epiplianium
1559 2447 1801 2501 damnas-

228 2550 323 2600 se,
360 2544 427 2588 et
472 2549 543 2587 ne
572 2534 690 2600 quis
717 2534 783 2587 iis
826 2533 1058 2602 legendis
1093 2550 1307 2602 operam
1355 2536 1506 2589 daret
1542 2538 1800 2603 sanxisse,

227 2627 547 2679 decretum
576 2621 1085 2691 ConstantinOpolim
1113 2625 1322 2678 misisse
1345 2664 1360 2686 .
1390 2626 1631 2694 idemque
1654 2638 1709 2680 ut
1735 2626 1803 2679 la-

226 2723 436 2777 ceret,
459 2712 901 2781 Chrysostomuui
922 2713 1072 2767 valde
1102 2713 1265 2767 fuisse
1298 2714 1593 2781 hortatum;
1619 2716 1802 2771 eodem

229 2806 441 2873 ipsum
465 2803 840 2865 contendisse,
883 2803 1158 2872 episcOpos
1194 2802 1246 2855 in
1280 2818 1429 2857 suam
1489 2805 1801 2858 sententiam

229 2894 528 2964 pellicere
558 2892 809 2956 voluisse,
838 2900 890 2944 et
916 2890 1231 2960 Origeniana
1264 2892 1489 2960 denique
1529 2894 1722 2960 scripta
1751 2894 1800 2946 in

228 2982 649 3055 Apostolorum
697 2980 889 3048 templo
933 2981 1151 3049 publica'
1177 2982 1578 3035 denuntiatione
1615 2997 1798 3049 repro-

227 3076 389 3129 bare
424 3080 711 3139 parantem
740 3067 1044 3137 Serapionis
1085 3068 1284 3121 monitu
1311 3069 1646 3122 absterritum
1676 3069 1801 3123 fuis-

226 3177 321 3218 se.
371 3160 430 3214 A
461 3157 724 3212 Faustino
756 3170 963 3225 quoque
988 3157 1202 3210 vetitum
1229 3171 1409 3209 eorum
1438 3172 1584 3210 usum
1618 3157 1800 3212 testiﬁ-

228 3261 424 3306 catur
458 3247 813 3317 Hieronymus
838 3248 993 3316 epist.
1021 3246 1107 3309 76,
1142 3247 1206 3298 ad
1241 3246 1530 3314 Tranquill.
1564 3245 1671 3301 Nec
1703 3247 1803 3300 Ba-

230 3340 422 3394 ronio
458 3338 745 3401 assentior,
773 3347 967 3398 contra,
986 3335 1201 3404 Sulpicii
1240 3334 1445 3401 Severi,
1472 3336 1705 3392 Socratis
1748 3347 1801 3391 et

230 3428 569 3486 Sozomeni
616 3424 982 3480 auctoritatem
1033 3424 1219 3478 falsum
1272 3441 1390 3480 esse
1440 3428 1692 3481 asserenti
1741 3428 1803 3491 ιθ,

232 3516 635 3589 Epiphanium
686 3515 838 3579 inter,
871 3515 1211 3583 TheOphilum
1262 3524 1315 3569 et
1372 3516 1804 3585 Cbrysostomum

222 3614 304 3667 de
341 3606 520 3663 libris
571 3603 819 3672 Origenis
850 3604 1189 3671 prohibendis
1223 3607 1320 3659 hac
1367 3614 1675 3674 tempestate
1718 3621 1808 3659 ac-

222 3709 365 3753 tum
402 3735 423 3761 ,
463 3693 555 3748 vel
603 3708 699 3747 eos
752 3694 804 3745 in
851 3691 1205 3746 Alexandrina
1248 3695 1447 3763 synodo
1478 3705 1569 3747 aut-
1614 3695 1805 3765 Cypria

221 3790 432 3844 fuisse
462 3783 828 3853 proscriptos;
870 3795 964 3834 nec
1002 3780 1299 3847 Gennadio,
1339 3784 1427 3850 qui
1463 3783 1715 3837 Severum
1755 3787 1805 3839 in

224 3877 493 3943 Dialogo
528 3874 707 3940 priore
738 3867 936 3922 referre
968 3868 1063 3932 ait,
1088 3886 1105 3919 ι
1146 3884 1243 3923 suo
1267 3879 1500 3937 tempore
1525 3873 1660 3937 apud
1689 3872 1809 3925 Ale-

219 3965 599 4021 xandrinam
630 3959 887 4028 synodum
917 3958 1277 4026 episcoporum
1310 3960 1599 4021 decretum,
1627 3960 1809 4028 Orige-

218 4070 381 4111 lem
419 4059 480 4103 et
511 4047 722 4101 cautius
752 4060 781 4097 a
829 4044 1156 4111 sapientibus
1203 4054 1299 4111 pro
1332 4043 1482 4099 bonis
1508 4044 1805 4114 legendum,

215 4156 291 4200 et
318 4159 358 4195 a
391 4140 585 4193 minus
613 4135 895 4202 capacibus
919 4147 1013 4201 pro
1060 4134 1212 4187 malis
1245 4134 1646 4201 repudiandum.
1679 4156 1697 4188 ι
1724 4137 1809 4191 Ait

214 4234 490 4305 quidem
542 4225 809 4293 Sulpicius
854 4224 1136 4277 maximam
1170 4224 1329 4278 luisse
1358 4226 1644 4280 monachos
1676 4226 1810 4280 inter

215 4335 293 4381 et
337 4321 649 4390 episcopos
670 4314 1115 4368 concertationem
1140 4331 1161 4365 ι
1189 4327 1254 4367 ex
1284 4327 1347 4368 ea
1372 4314 1671 4378 occasione,
1688 4317 1809 4383 quia

217 4407 586 4483 congregati
614 4407 665 4459 in
695 4419 857 4457 unum
894 4404 1086 4471 sa>pius
1123 4404 1427 4458 sacerdotes
1450 4404 1811 4473 frequentibus

1900 2009 2029 2050 mea:
2061 1996 2356 2065 parvitatis,
2414 2015 2432 2047 ι
2488 1997 2659 2066 inquit
2695 1997 2853 2065 epist.
2903 1997 2967 2050 76
3016 1998 3083 2051 ad
3111 1996 3424 2064 Tranquill.,

1903 2103 1923 2136 ι
1988 2088 2177 2154 quaeris
2225 2090 2575 2153 sententiam,
2634 2097 2810 2141 utrum
2867 2088 3156 2141 secundum
3204 2084 3421 2140 fratrem

1897 2175 2204 2230 Faustinum
2254 2176 2466 2245 penitus
2510 2178 2838 2245 respuendus
2887 2177 2987 2239 sit,
3039 2193 3106 2231 an
3136 2174 3423 2232 Secundum

1899 2266 2151 2334 quosdam
2186 2264 2438 2335 legendus
2472 2279 2533 2319 ex
2567 2274 2753 2332 parte:
2780 2264 2889 2332 Ego
2917 2262 3194 2333 Origenem
3215 2260 3430 2332 propter

1899 2355 2249 2408 eruditionem
2279 2355 2357 2409 sic
2382 2354 2645 2408 interdum
2690 2354 2968 2423 legendum
3009 2354 3264 2418 arbitror,
3295 2368 3430 2422 quo-

1900 2444 2055 2497 modo
2101 2442 2481 2497 Tcrtullianum
2506 2482 2521 2507 ,
2553 2441 2846 2510 Novatum,
2884 2443 3199 2509 Arnobium,
3228 2444 3430 2514 Apolli-

1901 2532 2126 2592 narium,
2162 2542 2216 2585 et
2247 2530 2525 2585 nonnullos
2562 2531 2947 2588 ecclesiasticos
2985 2536 3277 2601 scriptores
3293 2531 3433 2586 Gra-

1900 2633 1990 2673 cos
2017 2619 2218 2685 pariter
2242 2629 2299 2674 et
2327 2620 2546 2675 Latinos
2571 2659 2587 2683 ,
2618 2630 2675 2675 ut
2712 2621 2849 2674 bona
2898 2636 3080 2675 eorum
3128 2623 3430 2689 diligamus,

1901 2710 2232 2779 vitemusque
2257 2712 2550 2777 contraria,
2595 2712 2744 2779 juxta
2774 2708 3085 2780 Apostolum
3117 2712 3380 2765 dicentem
3408 2728 3427 2765 :

1902 2800 2087 2853 Omnia
2111 2800 2337 2869 probate,
2357 2802 2492 2871 quod
2517 2802 2700 2854 bonum
2733 2809 2810 2854 est
2844 2809 3003 2853 tenete
3026 2800 3089 2853 ".
3112 2818 3132 2850 ι
3165 2800 3231 2854 Et
3263 2816 3384 2854 mox
3409 2818 3426 2856 :

1906 2907 1924 2938 α
1949 2887 2055 2943 Nec
2075 2890 2213 2943 enim
2232 2900 2445 2959 propter
2461 2890 2757 2944 doctrinam
2777 2889 2890 2958 ejus
2909 2904 3067 2958 prava
3090 2890 3426 2959 suscipienda

1900 2988 2021 3033 sunt
2047 2979 2286 3045 dogmata
2312 3018 2326 3043 ,
2380 2993 2474 3032 nec
2504 2989 2714 3047 propter
2757 2978 3059 3048 dogmatum
3088 2981 3422 3047 pravitatem,

1900 3069 1944 3121 si
1972 3083 2106 3135 quos
2137 3068 2559 3129 Commentarios
2584 3068 2633 3120 in
2668 3069 2974 3137 Scriptores
3015 3079 3229 3122 sanctas
3269 3070 3425 3124 utiles

1903 3157 2086 3219 edidit,
2114 3159 2324 3224 penitus
2360 3160 2636 3225 respuendi
2678 3170 2820 3215 sunt.
2858 3178 2876 3210 ι
2914 3159 3022 3213 Hac
3051 3160 3283 3213 imbutus
3312 3173 3431 3228 per-

1902 3248 2148 3301 suasione
2198 3247 2516 3315 Theophilus
2556 3248 2645 3302 ille
2675 3249 3107 3317 Origenimastix,
3133 3259 3250 3317 post
3271 3265 3432 3302 vexa-

1903 3346 2011 3391 tum
2059 3340 2249 3393 misere
2291 3338 2721 3408 Chrysostonium
2750 3378 2764 3402 ,
2803 3339 3258 3408 Constantinopoli
3305 3340 3430 3394 Ale-

1903 3428 2177 3480 xandriam
2234 3430 2395 3484 redux
2422 3472 2437 3495 ,
2478 3447 2596 3485 cum
2645 3438 2785 3484 esset
2829 3431 2879 3482 in
2910 3430 3155 3499 Origenis
3208 3430 3436 3484 lectione

1904 3517 2425 3584 deprehensus,scite
2449 3521 2578 3573 dixit
2609 3538 2622 3575 :
2648 3519 2728 3572 Τὰ
2769 3520 3065 3588 Ὠριγένους
3090 3519 3231 3571 ἔοικε
3259 3519 3434 3589 βιϐλία

1903 3606 2121 3675 λειμῶνι
2152 3608 2362 3660 πάντων
2390 3609 2609 3663 ἀνθέωνο
2650 3610 2703 3661 εἴ
2727 3627 2776 3662 τι
2799 3606 2890 3663 οὖν
2922 3611 2977 3663 ὲν
3012 3609 3191 3672 αὐτοῖς
3224 3608 3433 3679 ἐφεύρω

1906 3695 2081 3761 καλὸν,
2111 3696 2262 3747 τοῦτο
2297 3696 2577 3767 δρέπομαι’
2608 3700 2655 3750 ei
2680 3698 2737 3750 δέ
2762 3698 2815 3750 τί
2863 3716 2950 3768 μοι
2999 3681 3297 3759 ἀκανθῶδες
3337 3713 3438 3765 φα.-

1904 3787 2039 3857 νείη,
2068 3787 2221 3840 τοῦτο
2253 3788 2325 3850 ὡς
2352 3788 2569 3858 κέντρον
2601 3789 2925 3860 ὑπερϐαίνω.
2960 3808 2977 3840 ‹
3017 3787 3158 3842 Libri
3194 3789 3436 3857 Origcnis

1904 3877 2105 3930 similes
2130 3885 2252 3929 sunt
2290 3886 2442 3945 prato
2482 3879 2627 3931 omni
2662 3877 2849 3931 ﬂorum
2894 3892 3085 3946 genere
3114 3878 3339 3930 consito.
3375 3875 3432 3928 Si

1906 3966 2031 4031 quid
2057 3966 2107 4018 in
2149 3965 2215 4018 iis
2249 3980 2375 4034 ergo
2402 3966 2593 4021 bonum
2625 3968 2836 4021 invenio
2862 4006 2877 4031 ,
2906 3968 2956 4018 id
2988 3967 3216 4034 decerpo
3246 3983 3259 4019 :
3291 3966 3429 4033 quod

1906 4055 1951 4107 si
2007 4056 2135 4122 quid
2187 4061 2461 4122 spinosum
2515 4058 2740 4120 videtur,
2794 4057 2843 4109 id
2894 4068 3140 4125 tanquam
3190 4058 3432 4110 aculequ

1910 4144 2169 4198 transilio.
2209 4162 2227 4195 ι
2266 4145 2515 4199 Eamdem
2565 4146 2803 4214 regulam
2856 4150 2906 4199 in
2955 4146 3178 4215 Origene
3216 4143 3436 4211 legendo

1909 4233 2256 4290 Cassiodorus
2305 4236 2505 4288 servari
2548 4235 2711 4304 jussit
2747 4235 2868 4289 libr.
2916 4235 2989 4288 De
3018 4236 3241 4288 institui.
3272 4234 3432 4287 divin.

1911 4321 2165 4389 Scriptur.
2193 4337 2310 4391 cap.
2337 4323 2388 4386 l,
2422 4324 2767 4392 liabendaque
2801 4326 2876 4377 ait
2900 4323 3014 4392 ejus
3047 4325 3243 4392 scripta
3290 4338 3435 4375 more

1910 4412 2121 4477 anethi;
2145 4410 2259 4479 ejus
2288 4426 2447 4466 succo
2480 4413 2829 4467 condiendam
2853 4427 3019 4466 sacra:
3045 4413 3331 4480 Scripturae
3364 4410 3441 4464 le-

212 4503 584 4561 decrevisse
609 4494 826 4563 synodis
861 4493 1191 4556 videbantur,
1230 4509 1298 4549 ne
1328 4494 1447 4562 quis
1474 4494 1715 4561 Origenis
1750 4496 1810 4549 li-
1841 4513 1884 4567 ι)
1912 4501 2172 4564 ctionem,
2209 4501 2483 4555 decoctum
2516 4502 2687 4571 ipsum
2722 4516 3115 4571 exsuccumque
3159 4515 3281 4555 esse
3313 4516 3437 4569 pro-

204 4597 388 4650 bros
425 4589 639 4661 legeret
672 4592 766 4636 aut
808 4582 1045 4637 haberet.
1089 4600 1106 4633 ι
1157 4583 1529 4637 Gratissimum
1561 4594 1814 4652 pra'terea

205 4686 350 4740 sibi
401 4681 581 4733 fuisse
605 4682 875 4727 asseverat
901 4673 1213 4727 Anastasius
1256 4689 1388 4743 papa
1415 4673 1466 4726 in
1496 4676 1720 4741 epistola
1745 4678 1812 4729 ad

206 4774 538 4831 Joannem
594 4763 1129 4832 Jerosolymitanum,
1165 4764 1305 4833 quod
1351 4765 1418 4818 ab
1461 4763 1705 4832 Origenis
1739 4766 1813 4819 lev

207 4865 453 4918 ctione
498 4852 833 4913 Christianos
882 4860 1199 4905 revocarunt
1240 4851 1500 4905 Arcadius
1541 4858 1597 4904 et
1636 4850 1814 4906 Hono-

210 4955 401 5009 rius,
420 4946 503 5000 Eo
519 4956 728 5012 quoque
746 4939 1004 4994 inclinare
1026 4940 1228 4994 videtur
1248 4939 1552 4994 Vincentius
1569 4939 1811 4995 Lirinen-

213 5043 353 5103 δίε,
385 5049 521 5102 cap.
541 5032 630 5097 23,
658 5031 836 5085 Contr.
862 5030 1069 5093 laterem,
1100 5038 1157 5081 ut
1182 5029 1248 5082 ab
1278 5042 1371 5082 usu
1392 5026 1814 5083 Christianorum

221 5127 387 5184 libri
424 5122 520 5177 isti
548 5128 939 5176 removeantur.
984 5118 1217 5186 Denique
1261 5116 1589 5171 Justiuianus
1618 5120 1682 5172 in
1706 5122 1815 5189 epi-

228 5216 405 5273 stola
426 5210 698 5280 encyclica
729 5206 796 5260 ad
811 5205 1016 5259 Menam
1044 5216 1099 5260 et
1120 5206 1247 5259 alios
1269 5206 1566 5275 episcopos,
1618 5222 1820 5278 cupere

234 5322 307 5363 se
366 5303 565 5360 scribit
613 5309 804 5353 omnes
860 5293 1192 5348 Christianos
1239 5307 1553 5361 cognoscere
1602 5298 1816 5365 scripta

230 5394 507 5469 Origeuis
531 5398 761 5459 prorsus
788 5396 819 5435 a
849 5381 1156 5439 Christiana
1196 5382 1298 5437 llde
1336 5399 1449 5440 esse
1489 5386 1670 5442 aliena
1696 5429 1714 5454 ,
1760 5403 1823 5443 ac

223 5489 468 5550 [lenitus
503 5469 868 5545 explodenda.

302 5578 419 5638 Sed
449 5572 648 5628 contra
675 5568 781 5625 Pro
800 5555 943 5617 libris
964 5558 1279 5619 Adamantii
1311 5569 1560 5620 steterunt
1581 5563 1826 5621 Theoti-

284 5791 333 5831 ιο
383 5779 594 5837 Bai-ou.
638 5768 765 5808 anﬂ-
800 5755 931 5833 402,
984 5778 1129 5831 cap.
1184 5761 1262 5815 l5.

1904 4587 2225 4657 jiciend-um;
2261 4606 2488 4659 cumque
2512 4592 2577 4645 de
2624 4606 2688 4645 eo
2717 4593 2913 4645 dictum
2953 4592 3019 4645 sit
3054 4608 3070 4643 :
3099 4610 3117 4642 ς
3156 4590 3256 4645 Ubi
3282 4592 3437 4652 bene,

1919 4693 2073 4731 nemo
2105 4678 2328 4745 melius;
2364 4680 2450 4734 ubi
2484 4679 2639 4745 male,
2677 4696 2832 4734 nemo
2863 4682 3029 4749 pejus,
3073 4700 3092 4733 ι
3132 4695 3315 4747 magna
3361 4680 3442 4747 ip-

1913 4782 2027 4822 sum
2061 4768 2306 4823 cautione
2338 4782 2456 4822 esse
2483 4771 2815 4823 tractandum
2848 4788 2861 4823 :
2907 4788 2927 4822 ‹
2979 4770 3332 4839 Quapropter,
3361 4770 3441 4821 in-

1913 4857 2048 4924 quit,
2076 4857 2127 4911 in
2159 4858 2410 4926 operibus
2434 4858 2671 4928 ejusdem
2694 4859 2956 4930 Origenis,
2986 4870 3239 4930 quantum
3268 4869 3441 4912 trans-

1915 4945 2029 5000 iens
2070 4948 2308 5003 invenire
2359 4950 2644 5018 pnevalui,
2684 4950 2800 5005 loca
2844 4966 2961 5020 quae
3018 4960 3201 5006 contra
3234 4948 3439 5017 regulas

1915 5036 2129 5092 Patrum
2161 5039 2300 5093 dicta
2332 5049 2475 5107 sunt,
2507 5041 2735 5096 schrein
2763 5042 3129 5109 dispunctione
3155 5037 3255 5109 (sic
3298 5036 3439 5090 enim

1924 5126 2059 5196 lego,
2091 5142 2206 5197 pro,
2245 5131 2478 5184 Itwresim
2504 5130 2864 5201 disputatione)
2887 5130 3109 5201 signavi,
3158 5136 3213 5178 ut
3240 5125 3442 5192 decipe-

1921 5231 1977 5270 re
2005 5232 2106 5271 non
2136 5220 2435 5286 praevaleat,
2469 5221 2558 5289 qui
2604 5221 2696 5274 tali
2722 5222 2873 5291 signo
2906 5221 2956 5272 in
2982 5215 3159 5286 pravis
3196 5213 3443 5266 sensibus

1920 5305 2184 5358 cavendus
2229 5320 2347 5360 esse
2398 5316 2737 5362 monstratur.
2794 5303 3113 5359 Posteriores
3159 5307 3335 5350 autem
3394 5300 3445 5351 in

1925 5402 2036 5447 toto
2066 5395 2247 5446 dicunt
2274 5410 2390 5450 esse
2418 5395 2741 5464 fugiendum,
2775 5401 3048 5463 propterea
3071 5386 3193 5452 quia
3230 5386 3446 5437 subtili-

1929 5490 2007 5536 ter
2033 5484 2224 5552 decipit
2254 5487 2580 5541 innocentes.
2619 5486 2767 5540 iJam
2798 5492 2947 5534 antea
2996 5489 3120 5527 vero
3159 5474 3451 5528 concilium

1929 5569 2243 5639 Romanum,
2261 5575 2397 5642 quod
2432 5575 2528 5630 sub
2569 5574 2779 5629 Gelasio
2807 5568 3118 5622 celebratum
3150 5567 3253 5621 est,
3283 5558 3360 5612 ita
3392 5560 3459 5612 se

1348 5769 1383 5801 ¹¹
1426 5768 1442 5822 Ι
1481 5767 1695 5823 Thess.
1753 5784 1808 5833 v,
1839 5770 1924 5837 21,
1956 5772 2037 5826 22.
