3920 6482
406 492 530 543 1111

1633 474 1689 528 ι).
1729 430 2032 526 DANlELlS
2079 464 2315 522 HUETII

3585 443 3733 496 ΠΩ

404 619 464 656 ea
497 615 553 655 re
578 599 883 652 decreverat
928 610 944 646 :
990 611 1008 644 t
1065 586 1307 661 Origenis
1354 590 1597 643 nonnulla
1646 587 1917 655 opuscula,
1948 583 2207 648 Altaque
2255 576 2631 631 anathemate
2692 565 3016 638 perculsus
3066 563 3145 615 ab
3198 573 3266 612 ea
3325 566 3387 611 et
3429 554 3738 661 haereticus

402 688 622 759 qum'vir
658 687 841 739 beatus
886 683 1241 751 Hieronymus
1266 694 1370 733 non
1405 680 1661 747 repudiat,
1698 677 1913 744 legenda

403 776 715 843 suscipimus
735 810 749 836 ,
782 772 983 840 reliqua
1014 781 1187 825 autem
1212 769 1389 823 omnia
1429 782 1547 819 cum
1581 776 1798 819 auctore
1823 778 1918 817 suo

404 866 630 921 dicimus
668 875 786 917 esse
838 859 1127 914 renuenda.
1179 876 1198 909 ι
1235 856 1561 923 Quapropter
1610 862 1751 906 recte
1788 851 1920 904 scri-

405 941 572 1022 psisse
595 952 805 1005 videtur
858 948 1105 1003 Socrates
1132 946 1253 998 libr.
1304 960 1376 1008 vt,
1422 958 1536 1010 cap.
1583 943 1669 1004 15,
1718 940 1920 993 nobiles

404 1040 645 1111 Origenis
670 1038 1019 1098 adversarios,
1042 1035 1377 1098 Methodinm,
1403 1031 1751 1093 Eustathium,
1774 1028 1923 1097 Apol-

406 1131 649 1186 linariu‘m
682 1139 735 1182 et
766 1126 1131 1195 Theophilum,
1181 1138 1210 1175 a
1241 1122 1449 1189 “quibus
1477 1118 1652 1172 multis
1697 1116 1781 1169 ille
1818 1115 1923 1168 cri-

406 1221 634 1276 minibus
661 1216 999 1285 compellatus
1039 1220 1161 1278 est,
1209 1212 1336 1266 satis
1379 1209 1674 1263 ostendisse
1710 1204 1922 1275 probari

404 1311 527 1376 sibi,
556 1321 877 1378 quaecunque
902 1304 1114 1359 minime
1138 1300 1612 1369 reprehendissent.
1634 1297 1779 1362 Quod
1801 1310 1922 1349 cum

407 1402 482 1456 ita
530 1401 618 1464 sit,
664 1414 766 1452 non
794 1396 963 1451 cuivis
994 1404 1165 1446 tamen
1207 1406 1238 1444 e
1276 1389 1432 1459 vulgo
1458 1388 1880 1443 Christianorum
1905 1425 1920 1449 ,

407 1492 501 1547 sed
549 1490 616 1544 iis
665 1488 833 1543 solum
866 1482 1273 1555 permittendum
1327 1494 1443 1533 esse
1491 1479 1924 1547 Origeniauarum

407 1581 755 1649 scriptionum
800 1591 951 1629 usum
984 1588 1172 1627 censeo
1198 1610 1213 1634 ,
1262 1585 1482 1639 quorum
1536 1576 1813 1637 perspecta
1857 1567 1927 1620 sit

409 1672 540 1726 fides
570 1680 622 1724 et
656 1667 919 1723 diuturnis
948 1662 1323 1733 experimentis
1352 1659 1573 1728 probata
1607 1657 1926 1711 constantia.

411 1760 519 1814 llos
554 1768 729 1812 autem
756 1757 1004 1825 probatos
1028 1752 1157 1806 ellici
1189 1751 1477 1818 trapezitas
1517 1747 1697 1811 velim,
1724 1746 1930 1799 adulte-

411 1849 555 1903 rinos
585 1847 837 1902 doctrina:
868 1859 1106 1899 nummos
1139 1861 1167 1897 a
1214 1842 1461 1912 legitimis
1488 1850 1641 1893 caute
1672 1848 1928 1905 seponere

410 1942 655 1995 scientes.

477 2026 621 2083 XlX.
672 2025 910 2079 Diximus
954 2025 1019 2077 de
1060 2022 1243 2084 libris;
1288 2020 1351 2072 de
1374 2020 1491 2087 ipso
1532 2016 1757 2085 Origene
1798 2013 1925 2080 quid

406 2116 737 2170 sentiendum
766 2115 854 2179 sit,
876 2114 1221 2178 exploremus.
1246 2109 1354 2162 Etsi
1389 2107 1647 2175 geminam
1672 2106 1928 2157 adversus

406 2219 527 2258 eum
552 2202 873 2257 conflaverat
918 2201 1174 2269 synodum
1206 2197 1502 2252 Demetrius
1538 2192 1929 2247 Alexandrinus

409 2292 688 2361 episcopus
711 2330 727 2357 ,
757 2307 787 2343 a
821 2290 1013 2358 quibus
1036 2286 1317 2341 sacerdotii
1365 2286 1566 2339 honore
1597 2292 1815 2345 exutus,
1859 2280 1927 2334 ab

409 2380 662 2435 Ecclesia:
709 2376 1076 2433 communione
1130 2376 1457 2443 prohibitus,
1503 2383 1557 2427 et
1609 2371 1926 2426 Alexandria

409 2470 590 2539 pulsus
614 2477 716 2531 est,
751 2469 1113 2523 consentiente
1159 2466 1210 2519 in
1240 2466 1289 2518 id
1318 2465 1582 2518 decretum
1616 2471 1724 2515 toto
1742 2474 1931 2529 prope-

413 2558 624 2612 modum
645 2560 812 2611 orbe:
838 2571 939 2610 non
966 2565 1090 2609 ante
1121 2563 1293 2608 tamen
1328 2553 1564 2608 haeretici
1601 2552 1928 2605 notaiterum

413 2648 511 2714 ipsi
541 2647 677 2699 inuri
707 2654 874 2713 empta
904 2655 1005 2707 est,
1035 2659 1191 2711 quam
1224 2642 1541 2711 Epiphanius
1578 2654 1697 2694 cum
1726 2637 1929 2692 Joanne

409 2736 883 2799 Jcrosolymitano,
913 2733 1228 2811 Thepphilus
1270 2728 1777 2799 cumrNitriensibus
1822 2741 1932 2780 mo-

409 2826 614 2888 nachis,
638 2823 984 2891 Hieronymus
1002 2838 1119 2877 cum
1149 2821 1336 2875 Rufino
1363 2820 1644 2875 altercatus
1670 2828 1767 2873 est.
1799 2818 1929 2871 Nam

412 2926 689 2983 postquam
725 2915 977 2981 synodum
1007 2910 1336 2963 Alexandria:
1367 2910 1542 2978 coegit
1586 2907 1929 2976 Theophilus,

410 3016 463 3058 et
503 3004 745 3070 Origeuis
774 3002 1018 3055 colubros
1048 2998 1347 3068 evangelica
1387 3011 1515 3051 ense
1549 2999 1830 3060 truncavit,
1876 3005 1934 3050 ut

412 3096 522 3161 ipse
549 3099 644 3154 ait,
674 3091 1019 3162 Epiphanium
1054 3090 1257 3158 rogavit
1284 3102 1377 3156 per
1411 3086 1687 3155 epistolam
1708 3124 1724 3151 ,
1757 3096 1813 3139 ιιι
1843 3101 1933 3155 sy-
1960 3114 1965 3121 -

413 3186 603 3237 nodum
633 3190 745 3250 ipse
792 3189 1151 3249 congregaret,
1181 3179 1578 3246 perliceretque,
1612 3196 1630 3228 ι
1663 3186 1719 3231 ιιι
1745 3176 1931 3246 Orige-

412 3286 503 3325 nes
534 3271 861 3330 nomiuatim,
880 3279 931 3322 et
949 3268 1145 3321 nefaria
1176 3267 1392 3319 bzeresis
1422 3267 1880 3331 condemnaretur;
1909 3285 1926 3317 ι

412 3362 560 3428 cujus
609 3359 827 3413 consilio
869 3357 1191 3426 Epiphanius
1231 3355 1442 3407 demum
1510 3354 1789 3407 obsecutus
1830 3363 1932 3408 est.

414 3444 607 3501 lleferv
633 3446 978 3513 Hieronymus
1024 3444 1113 3497 tib.
1170 3457 1205 3496 ιι
1251 3443 1463 3510 Apolog.
1503 3434 1699 3495 advers.
1732 3441 1934 3509 lin/im,

412 3553 530 3605 cap.
562 3538 615 3601 6,
641 3548 690 3590 et
722 3538 774 3587 in
820 3540 970 3602 epist.
999 3538 1062 3588 ad
1090 3534 1394 3587 Pammach.
1424 3542 1476 3585 et
1504 3532 1758 3598 Marcell.,
1794 3536 1936 3587 Ana-

412 3627 630 3681 stasium
664 3625 957 3677 Romanum
985 3624 1302 3690 pontificem,
1338 3621 1681 3688 Theophilum
1709 3624 1936 3676 Alexan-

412 3717 655 3777 drinum,
705 3712 988 3785 Venerium
1051 3712 1485 3765 Mediolaueusem
1512 3749 1528 3774 ,
1572 3710 1935 3769 Chromatium

414 3807 802 3875 Aquileiensem
824 3844 839 3868 ,
872 3814 925 3858 et
950 3819 1157 3858 omnem
1190 3815 1294 3857 tam
1338 3800 1567 3855 Orientis
1594 3817 1751 3869 quam
1782 3805 1935 3859 Occi-

414 3897 588 3950 dentis
620 3895 1005 3949 Catholicorum
1039 3893 1292 3962 synodum
1325 3891 1435 3959 pari
1460 3894 1717 3945 sententia
1745 3902 1799 3945 et
1825 3894 1939 3961 pari

415 3988 600 4055 spiritu
630 3986 929 4039 ha'reticum
963 3983 1103 4036 illum
1134 3983 1467 4035 denuntiasse
1501 3998 1514 4033 :
1546 3996 1649 4050 quo
1678 3998 1796 4036 eum
1828 3985 1940 4053 ipse

415 4093 624 4146 quoque
682 4076 832 4127 titulo
882 4074 1118 4126 infamat.
1186 4072 1506 4137 Theophilus
1559 4072 1776 4140 hydram
1818 4088 1937 4128 eum

415 4168 647 4221 omnium
678 4167 945 4219 hzereseou
986 4174 1037 4217 et
1061 4164 1258 4217 erroris
1302 4164 1607 4229 magistrum
1641 4177 1701 4216 ac
1740 4164 1939 4230 princi-

322 4246 325 4253 ’
416 4274 535 4325 pem
566 4259 822 4322 nominat,
852 4255 1039 4310 Pasch.
1070 4270 1111 4316 ι,
1140 4252 1573 4321 quemadmodum
1616 4262 1671 4306 et
1708 4253 1940 4307 Zonaras

421 4350 474 4401 iu
504 4348 682 4402 Decio.
714 4348 953 4402 Gelasius
1009 4361 1138 4414 papa
1173 4346 1224 4398 in
1254 4344 1491 4397 Romano
1531 4345 1755 4398 concilio
1795 4347 1941 4400 schi-

422 4437 695 4490 smaticum
722 4453 839 4490 eum
858 4437 1098 4505 appellat.
1122 4435 1441 4488 Autiochena
1473 4434 1750 4503 Ephraemii
1781 4449 1939 4504 syno-

419 4524 519 4575 dus
547 4525 825 4577 anathema
851 4526 984 4579 dixit
1013 4525 1220 4594 Origeni
1242 4542 1256 4589 ;
1281 4524 1413 4578 dixit
1437 4534 1489 4577 et
1516 4525 1697 4591 quinta
1727 4525 1940 4578 univer-

1789 4525 1940 4578 liver-
1971 4529 2014 4581 D
2043 4524 2169 4591 παρ’
2214 4523 2435 4574 ἐκείνων
2481 4524 2959 4600 δεδοκιμασμὲνα
3002 4540 3296 4600 ἀθετεῖν
3320 4589 3337 4602 .

419 4611 568 4667 salis.
592 4610 647 4662 ln
668 4628 728 4663 ea
756 4622 931 4666 autem
955 4626 1076 4667 ante
1097 4614 1271 4667 omnia
1300 4613 1573 4679 quaesitura
1602 4622 1779 4665 narrat
1807 4614 1941 4666 Eva-

420 4701 568 4772 grius
599 4700 720 4753 libr.
752 4716 820 4767 tv,
849 4716 965 4768 cap.
987 4702 1073 4765 58,
1094 4711 1264 4754 utrum
1291 4702 1527 4755 homines
1550 4702 1659 4770 jam
1687 4702 1790 4754 vita
1819 4701 1941 4756 fun-

421 4794 493 4849 cti
522 4790 871 4846 anathematis
901 4791 1086 4857 subjici
1120 4794 1359 4860 possint;
1405 4792 1689 4862 Eutychius
1711 4794 1799 4859 qui
1829 4793 1941 4859 epio

420 4899 582 4953 scapo
624 4884 887 4934 Amaseno
932 4890 1047 4931 erat
1088 4898 1116 4935 a
1163 4885 1466 4951 responsis,
1495 4894 1549 4936 et
1581 4884 1940 4952 episcopatum

420 4968 946 5035 Constantinopoleos
969 4974 1299 5037 postmodum
1321 4973 1540 5036 adeptus
1562 4982 1660 5033 est,
1696 4970 1943 5048 quaestio-

420 5080 540 5119 nem
571 5061 728 5118 solvit
750 5060 990 5125 exemplo
1016 5058 1169 5115 Josite
1206 5063 1362 5128 regist
1394 5064 1483 5131 qui
1515 5078 1617 5116 non
1648 5063 1941 5116 daemonum

421 5156 592 5209 solum
635 5151 936 5209 sacerdotes
970 5150 1249 5212 interfecit,
1281 5153 1369 5205 sed
1417 5163 1739 5205 mortuorum
1781 5152 1942 5205 etiam

424 5244 620 5298 loculos
648 5239 869 5305 refodit,
892 5236 1029 5305 quod
1054 5251 1240 5303 Illagno
1267 5240 1522 5306 omnium,
1541 5240 1629 5294 sed
1660 5238 1943 5293 Justiniani

422 5334 713 5402 praesertim
761 5328 1012 5400 applausu
1070 5336 1343 5392 exceptum
1387 5339 1489 5380 est.
1537 5330 1717 5396 Neque
1760 5328 1941 5393 semel,

421 5424 513 5476 sed
539 5423 728 5476 iterum
756 5421 1049 5485 iterumque
1076 5414 1127 5467 in
1152 5414 1306 5466 variis
1331 5417 1511 5480 synodi
1548 5416 1703 5482 hujus
1722 5416 1944 5474 actioni—

423 5510 524 5564 bus
555 5512 605 5565 id
634 5513 979 5578 disceptatum
1021 5514 1138 5567 est;
1185 5516 1317 5568 quas
1361 5503 1766 5570 disceptationes
1799 5520 1945 5558 sum—

426 5601 608 5653 matim
637 5601 817 5655 retulit
838 5598 1123 5654 Gratianus
1163 5593 1365 5648 Decret.
1406 5601 1543 5657 part.
1570 5607 1643 5656 tt,
1676 5607 1819 5646 caus.
1854 5593 1943 5658 24,

428 5701 613 5754 quaest.
638 5691 695 5755 2,
728 5691 1066 5758 decrevitque
1094 5687 1302 5740 demum
1334 5686 1564 5748 synodus
1591 5682 1866 5736 haereticos
1894 5698 1948 5737 et

426 5777 481 5829 in
515 5778 618 5831 vita
660 5790 713 5834 et
743 5791 857 5847 post
885 5788 1106 5835 mortem
1137 5772 1486 5830 anathematis
1525 5785 1640 5826 esse
1670 5772 1943 5828 obnoxios.

2014 645 2280 740 Origenes
2313 662 2642 735 appellatus
2671 666 2787 712 est.
2833 655 3011 721 Quod
3073 668 3106 704 a
3158 658 3324 740 sexta
3351 645 3608 700 subinde
3637 658 3741 740 ἐς-

2016 733 2153 812 ποιῶ
2184 758 2286 810 fuit
2315 733 2738 822 approbatum;
2785 760 2930 799 nam
2966 741 3154 808 hujus
3198 737 3348 790 inter
3380 736 3537 822 Acta
3571 733 3737 822 relata

2016 857 2096 899 est
2128 819 2434 913 Sophronii
2464 839 2535 891 ad
2562 835 2842 901 Sergium
2876 826 3175 897 epistola,
3210 837 3322 913 qua
3349 821 3568 913 eodem
3601 819 3743 913 Ada-

2019 907 2255 986 mantius
2289 928 2582 997 appetitur
2610 919 2947 977 maledicto
2978 934 2995 980 ;
3035 923 3101 968 et
3134 912 3372 965 actione
3408 908 3488 970 8,
3540 907 3745 997 repeti-

2022 1032 2108 1075 tur
2147 994 2423 1088 professio
2464 1013 2595 1067 fldei
2654 1026 2686 1064 a
2760 1005 3044 1060 Macario
3102 999 3491 1055 Antiochcno
3565 994 3746 1047 oblata

2018 1087 2382 1165 Coitstantino
2413 1103 2757 1172 imperatori
2783 1140 2802 1165 ,
2844 1100 2912 1152 in
2961 1109 3089 1162 qua
3129 1094 3375 1145 damnat
3415 1087 3748 1154 Origenem,

2031 1198 2322 1265 Didymum
2352 1203 2409 1248 et
2455 1191 2802 1260 Evagrium,
2836 1194 3197 1250 eorumque
3228 1177 3674 1238 deliramenta;
3702 1184 3755 1228 et

2025 1288 2240 1341 actione
2286 1285 2354 1338 17
2404 1293 2461 1338 et
2516 1280 2620 1345 18,
2674 1282 2982 1347 probatur
3032 1272 3369 1325 anathema
3442 1265 3684 1334 Origeni
3726 1279 3755 1315 a

2026 1376 2214 1445 quinta
2260 1373 2475 1444 synodo
2522 1369 2850 1432 inﬂictum,
2900 1374 2970 1420 et
3026 1364 3092 1417 in
3138 1362 3341 1415 edicto
3388 1353 3755 1412 Constantini

2031 1464 2380 1534 imperatoris
2439 1461 2509 1515 ad
2565 1459 2845 1529 populum
2912 1453 3312 1509 habitantem
3375 1448 3441 1501 in
3500 1446 3764 1501 Occiduis

2026 1554 2318 1624 partibus;
2355 1551 2633 1622 probatur
2694 1548 2972 1615 denique
3028 1545 3093 1597 itt
3145 1538 3418 1611 epistola
3473 1536 3688 1591 Leonis
3725 1535 3763 1589 ll

2026 1661 2176 1714 papa:
2219 1646 2286 1697 ad
2347 1643 2817 1699 Constantinum.
2885 1638 3241 1692 Facundos
3317 1642 3622 1702 praeterea
3680 1631 3765 1698 qui

2029 1739 2189 1789 trium
2227 1735 2601 1804 capitulorum
2632 1733 3076 1788 defensionem
3118 1728 3432 1796 suscepit,
3466 1722 3765 1793 Origenem

2030 1828 2173 1882 inter
2207 1829 2495 1882 haereticos
2539 1827 2670 1882 libr.
2726 1842 2851 1891 xu,
2898 1840 3052 1891 cap.
3090 1823 3122 1875 1
3159 1863 3178 1888 ,
3227 1830 3455 1889 aperte
3490 1824 3764 1876 recenset.

1957 1898 1999 1952 Β
2030 1919 2167 1984 Quin
2199 1929 2255 1973 et
2282 1919 2507 1972 Patrum
2541 1919 2862 1972 multorum
2905 1913 3240 1984 suﬂ'ragiis
3282 1912 3517 1966 eodem
3547 1922 3771 1962 numero

2030 2010 2272 2063 habitum
2307 2010 2475 2063 tradit
2521 2010 2921 2063 Cassiodorus
2956 2005 3111 2062 libr.
3144 2004 3239 2058 De
3294 2004 3565 2059 institui.
3612 2001 3769 2053 divin.

2031 2104 2315 2170 Scriptum,
2348 2119 2471 2173 cap.
2510 2104 2538 2157 1
2562 2145 2578 2171 ,
2618 2103 3198 2158 lueresiarcharum
3242 2100 3657 2154 deterrimum
3686 2113 3775 2166 ap-

2033 2199 2202 2263 pellat
2237 2199 2490 2268 Pelagius
2525 2199 2565 2252 ll
2602 2214 2773 2269 papa.
2806 2198 2907 2251 Ab
2964 2196 3266 2251 Ecclesia
3310 2211 3459 2250 cum
3511 2196 3645 2247 aliis
3675 2195 3777 2246 ba:-

2034 2291 2216 2343 reticis
2258 2291 2627 2359 proscribitur
2672 2305 2704 2342 a
2758 2291 2967 2357 prima
3050 2287 3491 2341 Lateranensi
3551 2285 3777 2355 synodo.

2032 2379 2272 2445 Denique
2310 2379 2483 2434 Grzrci
2530 2380 2898 2433 recentiores
2938 2418 2959 2443 ,
3019 2379 3273 2448 aliique
3320 2379 3517 2432 etiam
3565 2376 3779 2445 plurimi

2032 2469 2218 2521 eodem
2260 2470 2436 2537 ipsum
2493 2470 2744 2523 convitio
2806 2470 3284 2537 proscindunt.
3342 2467 3489 2521 Hec
3543 2481 3681 2535 ergo
3730 2466 3777 2518 in

2032 2559 2398 2627 prmjudicium
2422 2559 2963 2626 trahuntOrigenis
2987 2558 3405 2625 adversarii,
3429 2572 3541 2611 nec
3571 2557 3779 2610 hiscere

2033 2658 2221 2701 contra
2249 2648 2413 2702 licere
2439 2647 2531 2700 ulli
2561 2647 2949 2703 existimant.

2103 2736 2204 2801 Qui
2237 2738 2547 2791 contrarias
2579 2747 2776 2791 autem
2836 2748 3200 2792 sectantur
3242 2748 3491 2807 partes,
3528 2738 3665 2792 talia
3693 2753 3778 2793 rc-

2034 2837 2244 2896 gerunt,
2276 2842 2305 2879 a
2346 2827 2628 2880 Demetrio
2660 2827 2799 2880 licet
2824 2866 2843 2886 .
2901 2829 3359 2898 plurimisque
3401 2830 3520 2898 ipsi
3560 2843 3781 2883 consen-

2038 2916 2293 2969 ticutibus
2340 2915 2621 2984 episcopis
2673 2925 3056 2985 segregatus
3138 2919 3353 2972 fuerit
3407 2921 3489 2974 ab
3546 2918 3778 2972 Ecclesia

2036 3004 2294 3073 Origenes
2316 3046 2330 3071 ,
2364 3004 2540 3071 ipsius
2570 3013 2763 3058 tamen
2812 3021 3094 3060 causam
3152 3010 3535 3077 suscepisse
3564 3018 3624 3063 et
3664 3024 3779 3077 pro-

2035 3108 2297 3162 pugnasse
2361 3093 2718 3147 Palaestinam
2752 3133 2769 3157 ,
2838 3095 3219 3164 Arabiam,
3303 3100 3678 3154 Phaeniciam
3734 3109 3784 3154 et

2037 3183 2288 3235 Achaiam
2318 3199 2332 3247 ;
2367 3192 2420 3236 et
2457 3184 2617 3251 juxta
2649 3185 2917 3240 testifica
2932 3188 3190 3243 tionem
3241 3191 3650 3262 Hieronymi,
3686 3207 3781 3243 non

2037 3274 2201 3341 ipsius
2242 3286 2474 3337 errores,
2526 3273 2624 3326 sed
2672 3275 3220 3333 adversariorum
3278 3282 3581 3336 invidiam
3615 3282 3713 3336 has
3740 3281 3781 3335 ei

2035 3362 2218 3414 turbas
2253 3362 2568 3428 peperisse:
2626 3363 2857 3417 nullam
2909 3367 3504 3425 Demetrianarum
3556 3372 3786 3441 synodo-

2042 3467 2155 3503 rum
2198 3450 2519 3503 mentionem
2568 3449 2790 3505 factam
2835 3471 2868 3507 a
2930 3458 3328 3527 Tlteopbilo
3363 3468 3428 3517 et
3484 3463 3788 3533 Epiphanio

2040 3539 2412 3593 infensissimis
2479 3539 2748 3609 Origenis
2849 3546 3335 3616 adversariis,
3417 3569 3490 3607 ac
3588 3554 3789 3607 nullam

2039 3630 2255 3698 proinde
2301 3629 2543 3696 ipsarum
2596 3633 2900 3687 rationem
2976 3639 3270 3697 duxisse
3315 3662 3333 3697 :
3408 3646 3686 3698 eumdem
3727 3644 3788 3699 ab

2043 3719 2381 3785 Hieronymo,
2404 3725 2460 3769 et
2501 3715 2620 3782 jam
2671 3731 2816 3774 ante
2868 3738 2906 3776 ι
2957 3724 3261 3799 Didymo
3300 3733 3572 3786 alterum
3606 3733 3787 3787 Eccle-

2044 3807 2242 3860 siarum
2280 3814 2399 3872 post
2426 3806 2712 3872 apostolos
2758 3813 3162 3879 magistrum
3216 3824 3581 3891 nuncupari
3610 3840 3625 3889 ;
3654 3821 3787 3891 quod

2042 3896 2161 3963 quis
2185 3897 2249 3948 de
2291 3895 2508 3949 homine
2544 3896 2825 3953 haeretica
2875 3902 3145 3962 dictum
3212 3917 3445 3980 putet?
3479 3918 3687 3970 horum
3710 3930 3791 3966 an.

2042 3987 2290 4039 ctoritate
2316 3985 2482 4039 refelli
2531 3985 2931 4057 TlteOphilum
2955 4038 2975 4061 ,
3016 4014 3182 4055 cum
3228 4006 3577 4076 Origenem
3606 4010 3788 4075 queri-

2045 4088 2133 4168 t_ur
2170 4077 2421 4168 Ecclesia:
2455 4078 2751 4133 doctorem
2802 4088 3132 4153 appellari
3168 4110 3189 4146 :
3242 4100 3428 4163 pium
3463 4101 3786 4168 episcopum

2044 4165 2383 4219 Theotimum
2441 4166 2757 4235 Epiphanio
2811 4173 3143 4234 librorum
3209 4165 3519 4257 opigms‘
3569 4191 3792 4245 damna-

2048 4257 2242 4308 tionem
2272 4258 2482 4324 urgenti
2533 4262 2941 4328 respondisse,
2983 4269 3175 4325 υῦτε
3251 4277 3437 4331 ὅσιον
3509 4279 3662 4335 εἶναι
3710 4282 3794 4333 τὸν

2042 4345 2208 4445 πιάλαι
2234 4345 2667 4445 τετελευτηκότα
2690 4352 3002 4445 ’ὑϐρίξειψ
3036 4362 3209 4418 οὔτε
3266 4368 3681 4445 βλασφημίας
3712 4378 3792 4428 ἐκ·

2042 4432 2130 4493 τὸς
2157 4433 2255 4501 τὴν
2294 4432 2403 4484 τῶν
2439 4434 2833 4507 παλαιοτέρων
2862 4432 3280 4508 διαϐάλλειν-
3306 4432 3554 4530 κριοίιὶ
3610 4432 3707 4516 ttat
3734 4464 3793 4514 τὰ

2350 4553 2435 4623 ἱων
2481 4553 2959 4631 υεγυιιμσισμενα
3002 4553 3338 4602 αυετείν.
3399 4569 3424 4603 ‹
3468 4553 3677 4625 Neque
3717 4558 3792 4609 fas

2042 4628 2159 4664 esse
2217 4615 2488 4668 hominem
2539 4615 2893 4686 jampridem
2975 4630 3393 4696 defunctum
3454 4615 3793 4698 coniumelia

2043 4699 2285 4799 f‘mcere’
2324 4715 2503 4769 "eque
2532 4703 2753 4770 absque
2795 4711 3122 4772 calumnia
3174 4739 3484 4786 veterum
3527 4734 3794 4803 judicium

2050 5059 2212 5163 αρτὶίν
2225 5061 2543 5163 ηἶίξριγὲνην
2578 5066 2980 5163 ςιιξοινιὶινητον
3026 5077 3216 5140 εἶναι
3238 5050 3245 5051 7

2166 5150 2347 5218 βιϐλία
2394 5153 2536 5258 μόνα
2580 5132 2869 5213 διέϐαλε..
2909 5183 2935 5215 ι
3000 5132 3794 5261 Νιιιιῄνίιῐέῷιῖιιξτέἱξρᾙ

2047 5252 2197 5342 extra
2232 5249 2676 5342 corpumnionem
2739 5268 2875 5308 esse
2927 5249 3271 5337 decrevit,
3328 5278 3448 5330 sed
3490 5249 3679 5335 libros
3710 5297 3793 5335 80-

2052 5328 2158 5432 lum
2188 5331 2525 5432 criminatus
2537 5348 2651 5432 est,
2676 5358 2713 5432 ut
2755 5344 2953 5413 inquit
2988 5328 3793 5431 GeorgiitsATe—xa‘ndrinus

2048 5425 2443 5524 cpiscopus-“in
2484 5426 2614 5524 Vita
2659 5430 3067 5524 ()ltryaostomi
3092 5486 3115 5511 ,
3177 5425 3340 5524 Ea...
3399 5461 3527 5524 45,
3568 5425 3789 5517 nonin

2054 5526 2181 5566 vero
2218 5515 2635 5585 intelligendum
2688 5521 2996 5585 Gelasium
3031 5575 3051 5598 ,
3094 5503 3789 5609 ἐιξῶτέξδξέηςςὶξέἆ

2050 5616 2174 5703 eum
2205 5605 2465 5711 appellat,
2502 5612 2670 5676 quasi
2697 5620 3132 5684 secessionem
3178 5650 3221 5688 a
3260 5605 3787 5711 supremoiécele-

2053 5696 2145 5790 sia‘.
2174 5697 2355 5790 capit—e
2386 5698 2587 5790 fecisse
2622 5720 2752 5760 eum
2788 5711 3089 5782 voluerit,
3124 5730 3250 5782 sed
3291 5696 3557 5790 dissidia
3587 5696 3786 5790 tur-

2052 5782 2148 5838 bas
2198 5784 2251 5839 in
2303 5786 2608 5847 Ecclesiam
2660 5796 2986 5871 intulisse;
3041 5782 3785 5895 qi:;La;-;ﬂgva;6;awev
