3920 6470
135 463 194 514 \\
205 466 272 515 γε)

1257 443 1803 508 ORIGENIANOBUM
1843 441 1967 495 LIB.
2001 439 2067 502 ll,
2104 433 2256 492 CAP.
2295 428 2379 486 Ill.

3237 416 3370 470 HM

169 560 527 634 ἐκθησιᾳ.
551 583 570 616 ι
594 568 732 625 Cum
752 575 1034 628 schismata
1054 573 1105 624 in
1124 571 1351 624 Ecclesia
1371 566 1738 621 concitasset.»
1772 566 1816 620 A
1844 555 2003 611 semel
2029 556 2204 608 forent
2227 547 2456 603 damnati
2480 585 2494 609 .
2527 545 2771 634 recedere
2805 555 2862 634 εξ
2893 536 3030 591 “0"0
3060 533 3366 633 ηευξίψκξω

186 669 245 708 ut
275 663 357 712 de
385 669 450 708 eo
476 659 671 713 scribit
701 663 888 716 Petrus
913 662 1299 715 Alexandrinus
1320 659 1371 710 in
1397 653 1739 724 Mystagogia:

198 745 348 810 quod
381 745 449 798 ad
479 747 723 804 uuintam
755 752 1009 818 synodum
1061 752 1267 812 attinet,
1315 748 1552 815 judicare
1587 756 1742 810 posse

196 835 446 902 synodos
471 842 539 889 de
590 837 715 895 lide.
753 854 855 891 non
888 840 950 890 de
979 837 1218 904 personis
1240 875 1254 898 ,
1282 833 1568 898 praesertim
1601 845 1741 882 rnor-

196 924 346 987 tuis;
385 927 517 980 hinc
546 926 740 980 factum
773 937 826 980 ut
847 943 960 994 quae
983 929 1046 979 de
1065 926 1364 985 Theodoro,
1388 923 1737 981 Theodoreto,

189 1022 247 1066 et
286 1014 380 1066 Iba
430 1016 671 1070 decrexit
711 1018 948 1086 quintum
1005 1016 1130 1069 illud
1161 1014 1460 1068 concilium.
1493 1009 1740 1076 temporis

186 1105 497 1170 progressu
532 1104 635 1157 vim
664 1116 718 1159 et
745 1105 1110 1158 auctoritatem
1137 1117 1270 1171 pene
1300 1101 1608 1154 amiserint:
1637 1098 1741 1151 sci-

1839 647 2106 716 professns
2149 649 2234 694 est
2259 657 2271 692 :
2300 652 2449 691 error
2493 635 2588 687 fuit
2615 635 2666 686 in
2715 628 2980 684 intellectu
3007 642 3022 690 ;
3050 620 3358 691 pertinaciae

1836 737 2037 788 crimen
2084 733 2135 782 in
2168 727 2433 781 voluntate
2466 737 2567 775 non
2617 722 2734 774 fuit.
2771 717 2880 787 (50)
2937 715 3172 779 Denique
3212 723 3363 762 suam

1837 821 2046 889 Origeni
2078 819 2268 872 famam
2294 825 2348 869 et
2377 825 2564 865 nomen
2590 811 2716 862 satis
2746 805 2969 860 asseruit
2991 801 3095 854 Leo
3119 799 3205 860 lll,
3231 813 3360 866 pon-

1839 886 1964 966 til‘eir
1997 909 2280 968 maximus,
2303 918 2421 957 cum
2467 901 2606 954 inter
2643 900 2896 952 lectiones
2923 909 2986 947 ex
3024 891 3238 943 Patrum
3288 886 3366 938 Iu-

1837 998 2232 1054 cubrationibus
2273 994 2580 1060 decerptas,
2609 998 2663 1042 et
2713 986 2948 1038 Romano
2979 983 3206 1034 insertas
3236 978 3364 1029 Bre-

1837 1087 2024 1148 viario,
2051 1080 2326 1137 nonnullas
2351 1090 2556 1146 quoque
2591 1089 2654 1128 ex
2681 1069 3012 1139 Origeuianis
3052 1067 3200 1120 libris
3229 1063 3366 1134 peti-

1839 1189 1918 1232 tas
1947 1177 2116 1230 eidem
2149 1169 2387 1225 inseruit.

1903 1265 2001 1331 Qui
2032 1277 2158 1332 ergo
2202 1273 2412 1314 omnem
2460 1255 2723 1309 haereseos
2765 1247 3118 1315 suspicionem
3157 1245 3224 1297 ab
3249 1241 3365 1296 Ori-
3431 1283 3436 1286 .

1835 1372 1967 1426 gene
1993 1355 2178 1408 abesse
2208 1350 2423 1412 volunt,
2453 1359 2571 1399 cum
2605 1343 2670 1394 iis
2701 1341 2789 1408 qui
2826 1339 3081 1390 invidioso
3124 1332 3362 1387 haeretici

1837 1445 2048 1500 nomine
2074 1442 2246 1509 ipsum
2268 1435 2544 1494 infamant,
2563 1431 2632 1482 ita
2657 1426 2932 1482 conciliari
2962 1438 3115 1492 posse
3137 1437 3360 1485 censeo;

1836 1536 1877 1588 si
1908 1531 2100 1599 duplici
2131 1527 2346 1581 notione
2389 1520 2520 1575 sumi
2560 1516 2791 1572 haeretici
2831 1511 3236 1582 appellationem
3282 1510 3365 1562 di-

1835 1637 2034 1686 camus,
2061 1619 2141 1672 vel
2174 1618 2238 1669 ad
2266 1629 2384 1668 eum
2426 1608 2825 1678 signiﬁcandum
2865 1604 2953 1672 qui
2996 1601 3240 1656 haeresim
3272 1610 3364 1653 aut

187 1201 307 1242 tuin
339 1190 478 1245 illud
525 1207 643 1246 esse
679 1193 736 1247 S.
770 1193 982 1246 Thoma:
1023 1190 1329 1257 Quodlibeto
1375 1203 1534 1251 nono,
1583 1187 1738 1240 artic.

185 1278 318 1338 ult.,
365 1281 646 1334 neminem
679 1283 743 1336 ad
788 1296 1065 1335 assensum
1110 1279 1354 1333 Ecclesia:
1391 1272 1739 1331 adhibendum

181 1369 521 1423 necessario
566 1371 784 1438 astringi
827 1372 878 1422 in
925 1371 1020 1433 iis,
1063 1382 1180 1438 quae
1225 1368 1288 1420 ad
1329 1383 1349 1417 ι
1390 1366 1738 1421 substantiam

180 1456 315 1509 ﬁdei
357 1474 379 1506 ι
428 1473 537 1512 non
589 1460 903 1528 pertinent:
937 1458 1180 1526 Vigilium
1231 1471 1416 1525 papam
1448 1456 1500 1509 in
1532 1455 1739 1508 Consti-

179 1554 310 1598 tuto
347 1547 424 1599 ad
461 1545 844 1609 Justinianum,
873 1546 1164 1607 Theodori,
1221 1544 1532 1598 Theodoreti
1562 1553 1615 1596 et
1641 1543 1739 1595 lbae

175 1642 414 1683 errores
443 1631 688 1684 refellere
718 1641 770 1685 et
801 1633 1071 1695 damnare,
1104 1631 1426 1693 auctoribus,
1451 1631 1576 1697 ipsis
1609 1645 1740 1698 quo-

176 1717 335 1769 niam
369 1717 430 1770 in
455 1733 588 1788 pace
618 1719 862 1773 Ecclesiae
892 1690 1156 1782 obierunt,
1184 1721 1328 1788 parci
1353 1690 1537 1786 jubere
1563 1736 1575 1770 :
1599 1690 1736 1786 quod
1838 1706 2177 1764 fahrel‘ecerit
2207 1711 2297 1756 aut
2322 1710 2535 1753 secutus
2559 1697 2650 1758 sit,
2672 1709 2787 1788 eam
2815 1694 2938 1788 licet
2973 1690 3180 1788 ejurare
3211 1704 3362 1788 para-

170 1814 425 1858 eatenus
455 1777 801 1874 probandum
845 1810 917 1862 ait
959 1777 1212 1861 Baroniu-s
1251 1808 1315 1861 ad
1346 1777 1430 1860 an.
1468 1807 1590 1868 555,
1617 1777 1733 1874 cap.
1839 1811 1940 1862 ttts,
1973 1796 2128 1852 simul
2161 1805 2317 1861 atque
2345 1790 2532 1842 luisset
2562 1787 2629 1839 ab
2668 1783 2896 1874 Ecclesia
2932 1781 3233 1874 repudiata;
3283 1777 3364 1831 vel

172 1892 310 1958 185,
365 1895 416 1948 si
467 1869 630 1950 modo
675 1907 882 1951 οοηειοι
916 1912 1036 1951 eum
1077 1899 1165 1966 qui
1214 1899 1266 1950 ῑη
1319 1895 1568 1949 Ecclesiae
1613 1869 1737 1963 ικιὲε
1769 1878 1810 1931 Β
1837 1889 1900 1939 ad
1933 1882 2305 1952 designandum
2352 1891 2472 1931 eum
2514 1874 2602 1942 qui
2655 1888 2756 1925 non
2802 1871 3061 1966 haereseos
3107 1869 3367 1922 duntaxat

169 1985 415 2048 ohierit,
460 2001 638 2053 neque
683 1987 920 2042 haeresim
965 1987 1088 2040 dum
1129 1988 1352 2052 viveret,
1398 1987 1734 2055 pertinaciter

1838 1985 2020 2027 auctor
2040 1981 2093 2025 et
2117 1969 2339 2029 assecla,
2369 1966 2460 2020 sed
2505 1972 2784 2032 perpetuus
2809 1960 2965 2014 etiam
3002 1966 3361 2027 propugnator

170 2073 532 2136 defendisse,
555 2090 725 2144 neque
753 2077 803 2129 in
829 2077 1074 2130 Ecclesiae
1103 2077 1470 2130 communione
1495 2076 1734 2129 simulate

1837 2074 1884 2117 et
1915 2061 2150 2130 pertinax
2187 2059 2436 2110 adversus
2465 2052 2710 2106 Ecclesiae
2738 2049 3101 2103 auctoritatem
3135 2055 3365 2099 assertor

170 2179 619 2231 perseverasse;
659 2164 937 2235 Origenem
979 2176 1152 2217 autem
1185 2167 1303 2232 quis
1335 2166 1593 2233 dogmatis
1625 2166 1738 2218 suis
1837 2152 2026 2206 fuerit:
2059 2150 2231 2216 priore
2270 2147 2429 2215 igitur
2470 2143 2684 2235 notione
2720 2138 2954 2235 haeretici
2984 2149 3174 2188 nomen
3205 2150 3233 2186 a
3263 2133 3363 2185 Pa-

169 2255 556 2321 perJiriaciter
599 2231 812 2307 haesisse
849 2254 1019 2318 dicat,
1051 2231 1215 2321 quem
1237 2264 1342 2307 tam
1390 2231 1646 2308 submisse
1673 2255 1739 2307 de
1837 2243 2003 2296 "ibus
2029 2238 2344 2292 Adammm”
2373 2231 2567 2300 imponi
2589 2269 2603 2294 ς
2635 2239 2692 2282 “'-
2722 2231 2983 2321 Ιιπτεεερε
3013 2234 3224 2321 ῥυιξιονν
3257 2237 3360 2275 ηοιι

169 2358 231 2398 se
261 2354 326 2396 et
367 2347 655 2397 moderate
684 2344 914 2398 sensisse
941 2346 1295 2403 ostendimus.
1341 2352 1590 2412 tantaque
1605 2357 1734 2396 τηο-

1837 2338 2066 2383 assertor
2104 2326 2454 2396 signiﬁcetur.
2487 2323 2600 2386 Quo
2631 2335 2787 2372 sensu
2840 2314 3116 2370 orthodoxi
3148 2325 3365 2381 quoque

167 2430 395 2492 destia,
441 2445 566 2498 qua:
617 2431 909 2494 sentiebat,
951 2432 1288 2485 declarasse?
1322 2433 1441 2500 quis
1492 2403 1734 2485 Ecclesiae

1837 2419 2018 2473 Patres
2045 2414 2411 2484 quamplurimi
2441 2413 2668 2464 haeretici
2693 2411 2794 2464 dici
2824 2415 3064 2475 possunt,
3089 2403 3232 2457 velut
3253 2403 3366 2456 Ire-

170 2518 634 2570 communiooem
665 2518 904 2572 simulate
928 2529 1163 2573 secutum
1191 2534 1312 2572 eum
1337 2521 1628 2583 existimet,
1644 2521 1732 2586 qui

1837 2524 1994 2569 naeus,
2025 2507 2233 2574 Papias,
2259 2505 2579 2571 Cyprianus,
2603 2512 2656 2554 et
2684 2502 2791 2552 alii.
2823 2499 2944 2553 llaec
2967 2500 3179 2566 insuper
3209 2494 3366 2548 adhi-

1837 2598 1848 2616 ι
1881 2598 1942 2616 ηε
1992 2604 2160 2616 _-.--.
2207 2593 2475 2616 _............:..
2548 2591 2951 2616 :....-...:..:..--...
2997 2587 3232 2616 ιυηιηιιέιιι
3275 2600 3363 2616 ειη-

170 2603 298 2656 ﬁdei
333 2602 742 2671 professionem
769 2607 834 2658 ad
864 2605 1148 2658 Fabianum
1179 2622 1364 2675 papam
1394 2607 1569 2672 dedit,
1601 2622 1730 2663 ειο-
1834 2598 1943 2652 beri
1991 2604 2164 2666 potest
2207 2593 2499 2660 responsio,
2548 2591 2953 2672 ignominiosam
2997 2587 3232 2641 haeretici
3275 2600 3364 2653 ap-

201 2692 213 2701 .
307 2699 314 2701 _
430 2691 443 2701 .
846 2693 858 2701 .
975 2693 987 2701 .
1465 2697 1494 2701 __
1902 2686 1931 2701 ..
1972 2687 2004 2701 -.
2206 2699 2220 2701 _
2535 2683 2590 2701 -.,
2627 2679 2856 2701 n___|,._-:..
2915 2693 3065 2701 -.-μη
3102 2693 3160 2701 -_
3194 2678 3332 2701 ea-..

169 2692 396 2744 rientes
430 2691 668 2744 haereses
695 2693 948 2746 acerrime
975 2693 1259 2748 insectatus
1274 2704 1371 2757 est,
1393 2697 1583 2750 ntdlam
1613 2713 1732 2750 cum

1837 2661 2166 2756 pellationem
2205 2699 2308 2736 non
2339 2683 2488 2734 aliter
2532 2683 2592 2733 ab
2625 2661 2883 2740 Ecclesia,
2911 2693 3068 2746 quam
3099 2693 3164 2731 ex
3194 2678 3365 2745 hypo-

1837 2781 1868 2793 _.
1955 2777 1966 2788 -
2009 2791 2016 2793 Α
2048 2777 2113 2793 ,2-
2140 2789 2235 2793 Α-
2269 2773 2426 2793 μαῖαι
2479 2773 2543 2793 ε.--
2573 2773 2612 2793 --.
2638 2770 2828 2793 ,ωηιξη
2860 2764 3108 2793 unauna...
3137 2766 3362 2793 ,μη-...εις

169 2781 466 2835 haereticis
511 2781 816 2836 societatem
862 2782 1008 2847 iniit,
1039 2781 1424 2836 Catholicorum
1457 2786 1732 2853 episcopo-
1835 2777 1968 2832 thesi
1996 2777 2240 2844 cuiquam
2269 2773 2451 2841 inlligi,
2478 2773 2548 2824 ita
2571 2773 2614 2824 si
2638 2770 2830 2838 spretis
2860 2764 3109 2820 Ecclesiae
3136 2766 3364 2820 decretis

170 2885 296 2922 rum
331 2869 720 2923 familiaritate
751 2873 815 2923 ad
841 2881 1059 2923 mortem
1087 2887 1252 2940 usque
1275 2882 1580 2927 constanter
1607 2891 1732 2929 usus

1837 2868 1885 2922 in
1912 2865 2094 2920 haeresi
2117 2863 2340 2927 obierit;
2373 2877 2490 2929 quae
2513 2861 2723 2928 quidem
2749 2860 2800 2912 in
2828 2858 3112 2926 Origenem
3139 2857 3359 2909 minime

166 2959 303 3012 est?
332 2958 579 3012 Caverat
628 2967 773 3012 certe
808 2958 916 3026 jam
967 2971 1090 3013 ante
1133 2959 1482 3014 Justiniannm
1521 2961 1730 3018 Nicena
1831 2955 1970 3008 cadit
2001 2952 2318 3006 criminatio.
2365 2949 2772 3017 Acquiescamns
2807 2948 2965 3014 igitur
3009 2947 3058 2999 in
3095 2946 3194 2999 hoc
3238 2943 3359 2998 Hie-

169 3050 454 3117 εγηοιιιιε.
487 3063 555 3101 "8
584 3048 800 3102 abseme
827 3033 908 3110 εὖ,
945 3049 1092 3117 cuius
1119 3052 1370 3119 agebatur
1394 3067 1581 3116 c3083,
1611 3069 1730 3107 sen-
1780 3037 1784 3041 ’
1833 3041 2032 3110 ronymi
2080 3039 2270 3107 placito
2308 3051 2340 3090 e
2390 3035 2776 3088 Traditionibus
2821 3034 3134 3087 Hebraicis:
3187 3051 3206 3083 ι
3245 3032 3358 3086 Hoc

170 3137 347 3191 muria
385 3135 642 3189 ferretur.
681 3136 822 3190 Unde
862 3139 1109 3205 praeclare
1141 3138 1427 3194 Ροηιῑειηιιε
1453 3142 1726 3211 episcopus
1755 3180 1795 3235 C
1833 3146 1990 3182 unum
2017 3129 2132 3181 dico
2168 3145 2180 3179 :
2209 3125 2394 3178 vellem
2440 3139 2558 3176 cum
2589 3125 2777 3176 invidia
2823 3125 3050 3177 nominis
3080 3124 3193 3192 ejus
3218 3163 3232 3186 ,
3263 3123 3361 3175 ha-

175 3225 188 3237 ο
340 3227 354 3237 ι
406 3235 414 3237 -
463 3225 477 3237 ι
600 3227 612 3237 ι
661 3225 679 3237 1
755 3227 784 3237 ν.
829 3229 840 3237 .
1133 3228 1146 3237 .
1563 3233 1574 3237 _
1668 3233 1678 3237 -
1831 3221 1842 3237 ι
1899 3235 1945 3237 A,
1991 3219 2131 3237 νμιὲλ---
2168 3217 2235 3237 --με
2261 3216 2435 3237 ,--.ε-...-
2476 3215 2863 3237 Q-_:-n--_.-----_--
2938 3214 3084 3237 η---ε
3121 3216 3355 3237 --.ηιημη

174 3180 347 3191 ..,..-._
385 3180 642 3189 ---.---.-
684 3180 822 3190 νη..-
863 3180 1108 3205 rum-.-
1141 3180 1157 3191 .
1180 3180 1427 3194 ν...........,
1454 3180 1726 3211 Ἵππην,

174 3225 232 3279 in
260 3225 512 3295 epistola
548 3227 612 3278 ad
653 3225 1000 3279 Justinianum
1023 3268 1037 3290 ,
1077 3246 1095 3278 ι
1130 3228 1186 3280 ln
1222 3239 1460 3283 extremo
1495 3233 1730 3299 epistolae

1837 3221 1952 3274 bere
1982 3219 2137 3270 etiam
2164 3216 2438 3271 scientiam
2476 3215 2897 3282 Scripturarum,
2938 3214 3085 3268 ﬂocci
3121 3216 3358 3283 pendens

172 3324 383 3368 vestrae
416 3314 780 3380 cognovimus,
807 3315 943 3380 quod
979 3331 1074 3368 nos
1118 3332 1220 3370 non
1269 3317 1604 3372 mediocriter
1641 3334 1728 3372 τε,
1829 3308 2100 3376 imagines,
2127 3307 2446 3373 umbrasque
2469 3305 2758 3369 larvarum,
2780 3322 3000 3374 quarum
3027 3317 3216 3359 natura
3241 3320 3360 3358 esse

172 3405 423 3467 mordet,
452 3404 647 3456 debere
676 3420 768 3457 nos
797 3403 1156 3468 Theodorum,
1184 3415 1237 3460 et
1268 3408 1463 3476 scripta
1491 3409 1730 3464 Theodo-

1837 3398 2017 3451 dicitur
2051 3406 2244 3448 terrere
2281 3395 2549 3461 parvulos,
2572 3406 2625 3450 et
2649 3397 2702 3449 in
2735 3396 2942 3464 auguriis
2969 3395 3174 3462 garrire
3212 3407 3360 3449 tene-

173 3494 298 3556 reti,
341 3501 403 3545 et
455 3491 732 3558 epistolam
781 3493 880 3546 lhae
921 3493 1194 3549 danmare.
1245 3497 1438 3567 Eorum
1473 3499 1610 3551 dicta
1662 3499 1727 3551 ad

1837 3488 2030 3553 brosis;
2087 3504 2107 3537 ›
2140 3497 2193 3539 et
2229 3487 2280 3539 in
2324 3488 2408 3540 illo
2446 3503 2509 3540 ex
2549 3488 2704 3554 epist.
2749 3487 2817 3540 65
2853 3487 2917 3538 ad
2967 3486 3278 3540 Pammach.
3308 3498 3364 3541 et

174 3595 275 3635 nos
321 3592 508 3646 usque
549 3593 689 3631 nunc
729 3579 944 3633 minime
1002 3594 1372 3647 pervenerunt.
1419 3585 1566 3650 Quod
1608 3587 1650 3639 si
1677 3598 1729 3640 et
1823 3577 2042 3640 Ουθθιιο.
2067 3593 2184 3646 cap.
2211 3579 2270 3632 ὅτ
2309 3598 2327 3629 ι
2361 3579 2507 3645 Quod
2533 3580 2576 3632 si
2609 3581 2725 3648 quis
2750 3578 2914 3634 Judas
2946 3579 3150 3636 Zelotes
3200 3595 3362 3650 oppo-

178 3678 580 3736 pervenerunt,
612 3677 666 3719 et
695 3667 865 3734 aliqua
912 3668 981 3720 ibi
1028 3673 1325 3740 apocrypha
1349 3711 1364 3735 ,
1401 3687 1518 3740 quae
1544 3688 1726 3728 contra
1825 3669 1990 3723 suerit
2016 3670 2166 3721 nobis
2188 3685 2395 3722 errores
2415 3670 2546 3736 ejus,
2580 3670 2755 3722 audiat
2784 3670 2948 3723 libere
2975 3687 2989 3723 :

177 3758 304 3810 lidei
353 3754 604 3822 regulam
633 3756 767 3817 sint,
801 3755 1080 3822 legerimus
1110 3773 1126 3820 ;
1162 3761 1300 3811 dicta
1340 3777 1616 3828 possumus
1644 3778 1729 3817 re-
1901 3823 1942 3828 __
2042 3757 2309 3810 Interdum
2337 3776 2546 3826 magnus
2577 3761 2820 3812 dormitat
2851 3759 3106 3813 Homerus

177 3800 304 3810 ..-π
353 3800 369 3809 .
390 3800 604 3822 -,,-.----
801 3800 1079 3822 --υ-...-.,,
1110 3800 1126 3820 ,
1164 3800 1300 3811 ........
1340 3800 1616 3828 ,..,.,.,........,
1645 3800 1728 3817 ..,_
2337 3800 2546 3826 πωπω...
2577 3800 2818 3812 ..ν.........
2851 3800 3126 3824 ..ν...ν....,

174 3860 381 3914 spuere
405 3883 419 3908 ,
456 3858 562 3896 non
603 3854 845 3898 auctores
880 3845 989 3913 jam
1031 3856 1263 3902 mortuos
1311 3852 1563 3917 praecipiti
1602 3867 1728 3905 con-
1901 3823 2088 3878 verum
2115 3829 2250 3891 "Veri
2286 3831 2434 3895 ¹⁰η9⁰
2461 3828 2542 3895 1³³³
2582 3838 2653 3880 ⁸³⁸
2685 3832 2922 3895 “rem”
2954 3843 3188 3881 “mnum
3222 3829 3287 3881 ’ὀ

173 3935 536 3990 demnatione
573 3935 844 3988 damnare.
887 3934 1034 3998 Quod
1083 3937 1128 3990 si
1170 3939 1342 3991 adhuc
1371 3940 1642 4002 viverent,
1675 3951 1727 3994 et

172 4028 423 4080 correcti
451 4038 688 4078 errorem
738 4038 887 4076 suum
929 4041 1030 4079 non
1067 4029 1504 4095 condemnarent,
1540 4031 1724 4097 justis-

170 4119 311 4170 sime
344 4116 756 4169 damnarentur.
792 4136 810 4166 ο
854 4113 984 4168 Cum
1029 4117 1101 4168 ait
1139 4133 1264 4186 ergo
1306 4117 1629 4175 Justinianus
1673 4125 1724 4176 in

171 4206 378 4261 Edicto
429 4203 689 4256 adversus
737 4203 831 4255 tria
883 4203 1161 4270 Capitula:
1197 4223 1216 4257 ι
1254 4207 1308 4260 Si
1341 4223 1464 4262 vero
1514 4211 1724 4277 quidam

169 4296 372 4351 dicunt
415 4309 524 4348 non
553 4304 798 4360 oportere
835 4293 1162 4348 Theodorum
1195 4308 1312 4365 post
1352 4311 1571 4354 mortem
1597 4317 1727 4356 una-
1827 4309 1944 4348 rore
1974 4295 2339 4349 del'endere....
2370 4293 2518 4349 Nunc
2546 4311 2672 4350 vero
2705 4311 2823 4348 cum
2864 4296 3174 4364 simpliciter
3204 4311 3353 4349 erro-

175 4385 560 4449 thematizari,
583 4385 756 4436 sciant
779 4385 866 4450 qui
896 4387 1050 4438 talem
1083 4387 1382 4440 haereticum
1412 4389 1722 4454 defendunt,
1827 4401 1932 4438 rem
1968 4386 2081 4451 ejus
2107 4387 2292 4448 fatear,
2321 4387 2398 4441 sic
2439 4388 2605 4456 legam
2637 4395 2693 4439 ut
2717 4395 2935 4438 caeteros
2959 4426 2973 4449 ,
3007 4385 3126 4453 quia
3157 4385 3234 4438 sic
3262 4400 3353 4437 er-

176 4476 327 4544 quod
361 4473 546 4528 omnis
573 4473 850 4524 haereticus
887 4487 1052 4538 usque
1084 4474 1146 4526 ad
1195 4476 1348 4528 linem
1380 4478 1500 4530 vitae
1533 4478 1583 4530 in
1628 4493 1722 4531 suo
1755 4489 1794 4541 ι)
1825 4478 1955 4528 ravit
1985 4477 2257 4530 utcaeteri.
2291 4477 2392 4529 Sed
2427 4479 2578 4530 dicas
2613 4495 2627 4530 :
2661 4477 2716 4530 Si
2747 4476 3031 4532 multorum
3057 4477 3355 4529 communis

175 4577 374 4618 errore
422 4573 773 4654 permanens,
805 4565 947 4625 justo
993 4571 1242 4628 perpetuo
1283 4565 1642 4628 anathemati,
1669 4575 1724 4619 et
1825 4574 1906 4618 est
1931 4580 2098 4627 error,
2121 4581 2217 4620 cur
2240 4568 2406 4620 solum
2438 4567 2849 4635 persequimini?
2876 4567 3007 4632 Quia
3039 4581 3132 4620 vos
3164 4565 3350 4618 lauda-

177 4662 305 4718 post
336 4660 574 4704 mortem
601 4648 878 4712 subjicitur
911 4662 924 4698 :
955 4657 1008 4699 et
1040 4648 1140 4701 hoc
1166 4649 1215 4700 in
1254 4649 1432 4702 multis
1463 4649 1724 4704 haereticis
1829 4656 1895 4707 lis
1921 4665 1977 4708 ut
2009 4655 2338 4722 Apostolum.
2369 4655 2556 4710 Tollite
2591 4656 2787 4710 amoris
2809 4654 3138 4726 ὑπερϐολὴν,
3176 4665 3228 4708 et
3254 4669 3350 4708 nos

176 4752 234 4795 et
269 4737 674 4844 antiquioribus
705 4744 759 4789 et
801 4735 1130 4844 propipribus
1176 4735 1370 4790 factum
1411 4748 1524 4801 est,
1565 4737 1614 4791 id
1644 4749 1725 4794 est
1829 4745 2059 4798 tollimus
2084 4745 2186 4798 odii
2218 4748 2665 4814 magnitudinem;
2700 4765 2718 4797 ι
2749 4757 2802 4800 et
2828 4749 2927 4801 isto
2956 4762 2985 4800 e
3015 4746 3220 4815 Prolog.
3256 4745 3346 4800 lib.

177 4833 501 4891 Valentino,
528 4824 781 4889 Basilide,
808 4824 1086 4888 Marciane,
1119 4826 1388 4892 Cerintho,
1415 4827 1719 4895 Manichaeo,
1831 4847 1864 4886 ιι
1901 4833 1954 4884 in
1988 4830 2144 4886 Mida.
2176 4847 2196 4884 :
2230 4853 2247 4884 ς
2281 4834 2411 4888 Nam
2455 4837 2592 4903 quod
2621 4837 2797 4890 dicunt
2819 4837 3058 4905 Origenis
3085 4855 3169 4891 me
3204 4839 3353 4889 volu-

167 4919 455 4976 Eunomio
484 4928 540 4970 et
580 4916 784 4968 Bonoso
830 4913 970 4967 :hoc
1004 4923 1178 4967 autem
1207 4916 1343 4968 idem
1375 4926 1428 4969 et
1467 4918 1520 4970 in
1547 4917 1720 4971 Theo-
1826 4921 1963 4975 mina
2007 4937 2123 4976 com
2142 4923 2340 4991 pilare,
2367 4933 2421 4979 et
2457 4928 2799 4980 contaminari
2847 4944 2948 4980 non
2978 4929 3164 4987 decere
3205 4938 3348 4979 vetc-

169 5011 316 5065 doro
351 5008 555 5061 factum
579 5015 682 5069 est,
707 5015 759 5059 et
789 5008 842 5058 in
861 5008 965 5059 vita
992 5016 1258 5070 accusata,
1280 5014 1475 5073 etpost
1498 5018 1718 5060 mortem
1825 5025 1938 5062 rum
1972 5011 2168 5080 scripta
2193 5030 2208 5078 ;
2245 5015 2383 5082 quod
2428 5014 2500 5066 illi
2550 5015 2885 5069 maledictum
2918 5017 3200 5069 vehemens
3230 5027 3349 5065 esse

168 5097 647 5156 anathematizato
681 5112 709 5148 a
756 5098 953 5151 sanctis
1001 5095 1296 5159 Ratrihus;
1345 5115 1364 5146 ι
1409 5095 1620 5149 minime
1668 5097 1720 5150 id
1822 5100 2161 5166 existimant,
2209 5107 2443 5160 eamdem
2488 5106 2691 5160 laudem
2733 5123 2830 5176 ego
2875 5108 3154 5160 maximam
3189 5103 3342 5162 duco,

168 5191 426 5260 pertinet
467 5187 534 5239 ad
569 5185 879 5254 Origenem;
915 5201 1034 5238 nam
1067 5186 1164 5239 etsi
1200 5186 1250 5238 in
1293 5199 1502 5240 errores
1547 5185 1731 5270 lapsus
1823 5205 1940 5244 cum
1983 5192 2129 5264 illum
2172 5197 2363 5249 imitari
2391 5196 2528 5261 volo,
2557 5211 2714 5264 quem
2749 5199 2952 5252 cunctis
3003 5187 3345 5264 prudentibus

169 5259 248 5333 sit
276 5274 600 5344 aliquando,
635 5275 702 5327 ah
743 5275 808 5328 iis
835 5283 1029 5338 tamen,
1056 5283 1330 5341 postquam
1382 5274 1450 5327 ab
1485 5259 1731 5330 Ecclesia
1823 5289 1877 5333 et
1902 5283 2046 5338 vobis
2070 5260 2277 5352 placere
2305 5301 2406 5341 non
2433 5259 2632 5342 dubito.
2664 5306 2683 5340 ι

248 5370 298 5402 ι’
333 5364 528 5419 Horat.
570 5363 647 5415 De
683 5375 790 5416 arte
825 5374 960 5433 poet.
994 5379 1132 5417 vers.
1161 5361 1292 5417 360.
2070 5325 2101 5352 Υ
2433 5325 2464 5342 υ
2618 5325 2632 5341 ⁸

1824 3934 1937 3988 Νοιι
1967 3937 2234 3988 imitemur
2263 3937 2376 4001 ejus
2403 3939 2550 4003 vitia,
2581 3939 2734 4003 cujus
2766 3939 2993 3992 virtutes
3025 3955 3126 3991 non
3176 3954 3358 4006 pussu-

1825 4040 1941 4078 mus
1963 4027 2134 4094 sequi.
2159 4025 2478 4080 Erraverunt
2510 4028 2558 4079 in
2589 4028 2687 4080 lide
2707 4027 2822 4090 alii,
2845 4037 2951 4078 tam
2979 4026 3170 4088 Graeci,
3199 4043 3354 4092 quam

1825 4115 1993 4168 Latini
2021 4133 2034 4168 :
2061 4130 2282 4182 quorum
2321 4131 2424 4168 non
2473 4131 2689 4170 necesse
2731 4127 2814 4169 est
2845 4116 3088 4184 proferre
3121 4117 3352 4178 nomina,

1823 4219 1890 4258 ne
1921 4205 2192 4257 videamur
2224 4220 2342 4257 eum
2383 4219 2482 4257 non
2527 4206 2604 4257 sui
2637 4204 2825 4258 merito
2847 4242 2862 4268 ,
2890 4205 2982 4258 sed
3015 4203 3240 4257 aliorum
3265 4221 3354 4256 er-

248 5454 638 5527 (50)_De_niqu_e_
656 5470 802 5527 suam
833 5456 1044 5527 Qgrigeni
1091 5454 1278 5527 [amant
1303 5464 1351 5507 et
1382 5470 1562 5527 nomen
1590 5461 1720 5514 satis

248 5455 631 5536 (δοχοεηὶᾳυε
658 5470 802 5507 suam
833 5456 1044 5534 Qrigeni
1091 5455 1278 5533 [amant
1303 5464 1351 5507 et
1382 5470 1562 5532 nomen
1590 5461 1720 5538 satis
1824 5475 1980 5528 super
2019 5462 2291 5531 epistolam
2324 5467 2752 5538 nuncupatoriatn
2789 5473 2929 5518 tomo
2979 5457 3000 5510 1
3047 5455 3336 5525 praelium.

174 5533 420 5582 asserat:
457 5519 670 5576 Leolll
714 5524 942 5590 pontifex
969 5537 1250 5586 maximus,
1285 5533 1388 5578 etc.
1438 5523 1567 5579 Vide
1623 5542 1712 5581 ιιι-
1817 5545 1998 5587 versus
2027 5533 2200 5587 linem.

1817 5545 1998 5587 versus
2027 5533 2200 5587 linem.
