3920 6464
184 442 355 496 ίῒὶοῗ
428 456 434 468 ‘

1125 440 1676 500 ORIGENIANORUM
1715 442 1842 498 LIB.

1883 445 1948 510 ll,
1987 445 2136 500 CAP.
2177 444 2266 509 IV,
2310 446 2498 503 SECT.
2538 450 2581 503 l.
3242 445 3381 500 HIS

183 553 358 618 apud
403 549 640 605 Photium
686 542 800 598 cod.
827 561 1075 617 ccxxxn,
1107 558 1364 624 proditum
1389 568 1487 612 est.
1530 558 1592 611 Et
1630 570 1756 611 vero
1784 567 1828 620 Α
1858 560 2019 614 ferme
2055 559 2369 614 Adamantio
2411 562 2848 616 adherescerent.
2900 559 3066 626 Quem
3123 571 3296 612 tamen
3343 573 3374 612 a

184 654 356 706 quas
393 641 548 696 vivus
596 637 888 692 animorum
943 645 1124 698 turbas
1162 645 1431 699 exciverat
1473 645 1745 714 Origenes,

188 727 545 782 morientem
587 723 900 780 restinxisse
940 731 1193 784 credibile
1247 741 1358 796 est;
1421 733 1558 785 nulla
1607 732 1747 784 enim

185 819 622 882 perseverantis
645 823 762 884 post
804 814 922 882 eius
952 820 1150 872 obitum
1182 821 1286 874 odii
1320 822 1510 876 indicia
1546 829 1751 874 veteres

190 907 384 960 nobis
433 906 701 960 memoriae
745 906 1106 972 suppeditant.
1146 906 1247 962 Sed
1290 923 1393 962 non
1440 909 1603 962 multo
1635 918 1754 977 post

187 994 251 1047 in
291 996 655 1061 superstitem
680 991 792 1059 ejus
832 993 1031 1048 famam
1077 1010 1221 1050 nova:
1248 1004 1582 1064 tempestates
1605 999 1752 1051 incu-

186 1080 476 1134 buerunt.
524 1080 757 1134 Primum
801 1095 865 1135 eo
891 1082 1150 1137 exstincto
1181 1083 1506 1137 Methodium
1536 1083 1749 1153 Tyrium

185 1168 538 1236 episcopum
569 1169 872 1223 Diocletiani
911 1171 1229 1238 temporibus
1253 1171 1546 1226 doctrinam
1587 1173 1752 1241 ipsius

183 1256 568 1326 impugnasse
609 1259 813 1326 reperio
837 1277 850 1313 :
874 1268 1053 1313 narrat
1093 1261 1284 1328 quippe
1323 1260 1672 1332 llieronymus
1700 1263 1751 1315 in

183 1345 330 1400 libr.
382 1347 464 1400 De
497 1349 679 1414 script.
719 1349 916 1413 eccles.,
955 1363 1071 1417 cap.
1118 1349 1204 1412 94,
1233 1351 1460 1418 scriptos
1501 1352 1659 1405 fuisse
1687 1352 1754 1406 ab

181 1449 260 1488 eo
300 1437 490 1492 libros
515 1439 591 1492 De
619 1443 982 1494 resurrectione
1008 1451 1190 1495 contra
1221 1441 1520 1510 Origenem,
1547 1444 1620 1497 De
1644 1443 1754 1516 Py-

182 1526 481 1590 thonissa,
536 1538 590 1582 et
611 1528 685 1582 De
709 1531 911 1582 arbitrii
939 1530 1188 1586 libertate.
1217 1532 1402 1599 Operis
1426 1533 1501 1586 De
1529 1550 1752 1588 resurre-

182 1617 379 1669 ctione
394 1617 760 1686 fragmentum
781 1620 982 1688 insigne
1007 1618 1230 1674 Panario
1257 1637 1353 1675 suo
1383 1623 1604 1677 intexuit
1631 1624 1754 1692 Epi-

181 1705 450 1771 phanius
485 1709 617 1762 haer.
643 1709 892 1777 64,rujus
912 1720 1152 1778 excerpta
1173 1712 1328 1765 etiam
1363 1715 1756 1780 repraesentavit

181 1791 446 1849 Photius
475 1798 597 1851 cod.
643 1812 888 1851 ccxxxtv.
917 1798 1068 1868 ldemj
1089 1801 1206 1853 cod.
1233 1815 1476 1865 ccxxxv,
1510 1813 1750 1871 excerpta

179 1881 361 1937 aﬂ'ert
389 1899 463 1939 ex
497 1887 732 1954 ejusdem
755 1888 946 1956 Ecloga
977 1890 1102 1960 περὶ
1137 1889 1244 1943 τῶν
1265 1891 1522 1962 γενητῶν·
1557 1901 1609 1946 et
1633 1870 1747 1947 cod.
1785 1870 1824 1922 Β

179 1987 472 2039 ccxxxvr,
492 1977 722 2048 περὶτοῦ
735 1977 1084 2042 αὐτεξουσίου,
1099 1980 1284 2046 quibus
1296 1980 1536 2049 Origenis
1547 1981 1752 2049 dogma-

184 2072 243 2115 ta
281 2067 1191 2135 castigantur.Ateumsuidemum
1218 2070 1395 2137 judicii
1426 2072 1747 2140 paenituisse,

180 2160 241 2206 et
270 2153 443 2206 velut
464 2155 785 2221 palinodiam
809 2167 1077 2212 canentem
1097 2159 1465 2213 admiratorem
1489 2176 1546 2215 se
1567 2160 1751 2230 Orige-

181 2242 271 2296 uis
316 2243 642 2311 professum
663 2259 780 2300 esse
803 2246 853 2299 in
877 2247 1088 2318 Dialogo
1100 2262 1254 2316 quem
1276 2247 1542 2304 Xenonem
1565 2251 1751 2305 inscri-

180 2332 321 2397 psit,
360 2341 569 2386 auctor
592 2343 674 2386 est
704 2334 946 2389 Socrates
967 2336 1086 2390 libr.
1118 2353 1189 2403 vt,
1216 2353 1332 2406 cap.
1383 2339 1469 2394 l5.
1507 2340 1617 2409 (51)
1649 2341 1752 2395 Sed

181 2416 432 2472 Socrati
493 2421 807 2474 contradicit
851 2423 1104 2480 Baronius
1147 2427 1212 2481 ad
1259 2442 1346 2482 an.
1401 2427 1543 2494 402,
1605 2445 1750 2483 men-

185 2509 478 2576 daciique
505 2524 652 2564 reum
684 2512 885 2580 peragit
913 2513 1012 2567 hoc
1043 2526 1372 2583 argumento,
1397 2519 1545 2586 quod
1572 2518 1752 2572 lauda-

183 2606 304 2650 tum
343 2599 547 2667 primo
574 2615 601 2652 a
633 2614 689 2653 se
714 2600 991 2670 Origenem
1027 2615 1205 2670 postea
1242 2607 1505 2660 damnarit
1549 2608 1751 2663 Metho-

181 2686 313 2740 dius
341 2725 362 2749 ,
414 2695 480 2739 ut
512 2686 768 2743 Eusebius
798 2692 956 2744 tradit
993 2694 1127 2760 apud
1165 2693 1534 2764 Hieronymum
1565 2697 1681 2752 libr.
1711 2715 1750 2765 ι,

179 2777 442 2845 Apolog.
476 2777 532 2830 in
567 2776 762 2844 Ruﬁn.,
788 2795 902 2849 cap.
937 2781 991 2844 2,
1039 2791 1235 2837 tantum
1272 2784 1419 2840 abest
1443 2795 1501 2839 ut
1539 2788 1753 2842 damna-

183 2874 303 2920 tum
342 2882 382 2920 a
420 2881 482 2920 se
510 2869 911 2935 primo,deinde
936 2870 1177 2926 laudarit.
1197 2874 1353 2939 Quasi
1381 2891 1484 2930 non
1510 2876 1753 2934 laudasse

182 2960 455 3026 primum
481 2955 763 3024 Origenem
791 2962 1016 3026 potuerit
1041 2961 1350 3028 Methodins,
1375 2975 1428 3020 et
1457 2969 1752 3036 deprehen-

185 3047 267 3100 sis
297 3045 666 3115 postmodum
699 3050 968 3103 erroribus
997 3050 1339 3120 vituperasse,
1366 3065 1420 3109 et
1447 3057 1628 3112 iisdem
1659 3060 1750 3113 de-

185 3153 346 3190 mum
420 3137 692 3192 excusatis
735 3140 800 3192 ad
859 3141 1084 3219 priorem
1140 3146 1454 3200 sententiam
1512 3150 1824 3243 rediisse.c

184 3229 372 3282 Addit
410 3228 674 3282 Baronius
695 3244 758 3283 ex
788 3229 1031 3286 Methodii
1073 3243 1253 3288 contra
1291 3235 1565 3307 Origenem
1606 3239 1755 3295 lucu-

185 3317 562 3372 brationibus
583 3317 805 3382 plurima
822 3321 1201 3390 deprompsisse
1217 3325 1592 3394 Epiphanium;
1615 3332 1755 3399 quod

189 3409 406 3462 facere
454 3407 777 3472 erubuisset,
812 3411 855 3464 si
901 3412 1087 3466 scisset
1126 3415 1398 3482 pristinam
1433 3421 1752 3474 sententiam

189 3497 554 3551 Methodium
593 3511 887 3552 revocasse.
908 3499 1118 3554 Valeret
1141 3492 1190 3555 id
1217 3518 1364 3566 sane.
1396 3505 1439 3558 si
1468 3505 1519 3558 in
1541 3505 1755 3576 Dialogo

187 3587 287 3638 illo
320 3584 574 3638 Xenone
607 3587 904 3653 scripsisset
941 3587 1254 3652 Methodins,
1294 3606 1618 3666 quaecunque
1642 3614 1670 3652 a
1699 3615 1756 3654 se

191 3677 494 3732 adversus
525 3673 806 3743 Origenem
837 3675 977 3731 dicta
1006 3687 1148 3745 sunt,
1185 3679 1312 3736 falsa
1342 3699 1487 3749 esse;
1523 3687 1602 3740 sin
1632 3701 1756 3742 vero

193 3772 244 3822 id
281 3767 410 3824 sibi
458 3766 627 3819 voluit
667 3767 936 3831 duntaxat,
967 3783 1173 3825 errasse
1206 3774 1416 3840 quidem
1451 3776 1752 3846 Origenem,

194 3861 293 3912 scd
341 3870 550 3911 errore
593 3855 960 3922 condonando,
1013 3859 1274 3928 nimisque
1319 3877 1497 3916 severe
1531 3880 1648 3917 eum
1694 3880 1755 3919 ac

192 3950 431 4002 duriter
467 3959 499 3998 a
531 3959 588 3997 se
632 3957 926 4012 exceptum,
973 3946 1058 3999 cui
1105 3946 1286 4004 favere
1325 3950 1501 4016 potius
1547 3961 1757 4019 propter

191 4037 505 4106 pietatem,
545 4041 598 4084 et
635 4032 886 4098 praaclara
927 4032 979 4085 in
1018 4033 1305 4086 Ecclesiam
1336 4035 1518 4088 merita
1547 4035 1754 4090 debuis-

190 4131 303 4187 set,
339 4135 464 4189 quo
491 4118 698 4172 tandem
725 4117 1134 4172 reciditBaronii
1163 4120 1754 4177 ratiocinatioiPostre-

193 4227 360 4265 mum
414 4207 567 4260 illius
617 4205 871 4259 adversus
917 4205 1190 4260 Socratem
1242 4219 1606 4278 argumentum
1657 4212 1756 4266 hoc

191 4309 313 4361 est;
359 4293 701 4349 Methodiani
733 4293 937 4361 Dialogi
965 4297 1277 4350 mentionem
1318 4308 1527 4352 exstare
1557 4300 1753 4352 nullam

197 4389 352 4458 apud
405 4382 716 4445 Eusebium,
752 4382 944 4435 nullam
978 4389 1113 4451 apud
1143 4384 1409 4451 Ruﬁnum,
1448 4402 1510 4441 ac
1537 4389 1754 4455 proinde

1851 649 2006 702 Petro
2036 649 2388 702 Alexandrino
2416 653 2658 718 episcopo
2686 662 2740 703 et
2765 658 3021 718 martyre,
3055 649 3142 712 qui
3170 647 3375 700 Metho-

1848 735 1918 788 dii
1949 736 2088 791 aetati
2133 749 2327 803 δυρρεῖ
2380 735 2494 798 fuit,
2527 736 2660 790 male
2698 737 2933 790 habitum
2979 735 3202 803 reperio.
3237 733 3373 786 Loca

1847 821 2082 888 quaedam
2115 836 2176 874 ex
2219 822 2384 888 ipsius
2423 822 2570 874 libris
2607 822 2809 884 profert
2833 821 3165 874 Justinianus
3189 819 3239 872 in
3263 819 3376 887 epi-

1847 910 1980 963 stola
2009 911 2073 962 ad
2108 909 2333 972 Menam,
2372 910 2506 962 unde
2532 924 2687 977 quam
2721 909 2956 964 infensus
2989 908 3089 975 ipsi
3119 908 3374 960 adversus

1849 1000 2125 1068 Origenem
2171 999 2378 1052 animus
2421 999 2594 1059 fuerit,
2638 999 2962 1066 intelligitur.
3014 997 3161 1051 Tunc
3195 1007 3371 1050 autent

1850 1089 1989 1143 inter
2037 1098 2326 1144 sectatores
2373 1087 2611 1158 Origenis
2654 1089 2984 1143 Alexandria:
3023 1088 3245 1142 ﬂorebat
3294 1087 3375 1139 vir

1849 1181 2022 1246 magni
2063 1179 2290 1232 nominis
2329 1179 2534 1231 Pierius
2565 1179 2858 1247 presbyter,
2889 1192 3042 1245 quem
3080 1192 3210 1232 rara,
3243 1191 3369 1230 eru-

1850 1266 2000 1328 ditio,
2031 1266 2322 1319 indefessus
2348 1266 2512 1327 labor,
2549 1264 2674 1318 felix
2701 1265 2992 1332 ingenium,
3016 1264 3374 1332 temperantia:

1849 1368 1913 1408 ac
1943 1354 2262 1421 paupertatis
2287 1353 2539 1414 studium,
2569 1353 2721 1406 utiles
2758 1361 2814 1405 et
2841 1351 3086 1418 jucunda:
3116 1354 3182 1404 ad
3209 1365 3374 1418 popu-

1853 1441 1956 1494 lum
2004 1441 2285 1494 conciones
2333 1448 2533 1492 tantum
2585 1441 3050 1503 commendarunt,
3080 1447 3138 1490 ut
3197 1439 3375 1504 junior

1851 1531 2101 1597 Origenes
2159 1532 2469 1583 diceretur:
2505 1529 2654 1596 quasi
2709 1530 2760 1581 in
2812 1543 2875 1582 ea
2922 1528 3108 1590 laude,
3161 1527 3373 1579 laudum

1851 1618 2104 1683 omnium,
2125 1633 2241 1687 qua:
2264 1617 2674 1672 ecclesiasticum
2704 1619 2872 1668 virum
2898 1606 3140 1677 deceant,
3171 1628 3375 1668 summa

1853 1704 2369 1761 contineretur:'Hv
2409 1707 2515 1776 γὰρ
2544 1706 2660 1757 τότε
2697 1707 2752 1756 ὲν
2798 1707 2903 1766 τοῖς
2944 1703 3377 1771 ἀξιολογωτάτοις

1866 1797 2161 1866 Ὠριγένης.
2209 1816 2227 1847 ε
2253 1796 2397 1850 Tunc
2433 1798 2572 1850 enim
2614 1797 2750 1848 inter
2781 1793 3150 1848 celeberrimos
3191 1792 3378 1862 Orige-

1854 1902 1944 1941 nes
1974 1889 2325 1951 habebatnr,»
2363 1887 2530 1954 inquit
2568 1885 2787 1939 Photins
2829 1884 2945 1938 cod.
2981 1899 3122 1945 eux,
3171 1883 3256 1935 ubi
3311 1883 3376 1936 de

1855 1977 2009 2031 Pierii
2056 1977 2267 2043 scriptis
2308 1976 2538 2029 disserit.
2573 1976 2710 2028 Idem
2758 1976 2874 2027 cod.
2909 1989 3015 2034 ενι,
3058 1971 3374 2040 'l'heognosti

1852 2065 2184 2120 Alexandrini
2218 2065 2608 2134 Hypotyposeon
2643 2065 2804 2118 libros
2841 2073 3038 2130 septem
3072 2075 3376 2124 recensens,

1853 2168 1970 2208 eum
2008 2155 2082 2208 ait
2115 2156 2226 2209 sive
2262 2154 2575 2219 assectandi,
2621 2155 2734 2207 sive
2773 2151 3082 2206 defendendi
3130 2149 3372 2217 Origenis

1853 2247 2024 2299 studio
2049 2249 2260 2298 ductum
2305 2245 2600 2298 decrevisse
2638 2242 2726 2297 Dei
2756 2243 2944 2294 Filium
2970 2255 3088 2294 esse
3115 2249 3376 2303 creatum,

1852 2345 1908 2388 et
1935 2337 2133 2388 ratione
2171 2333 2402 2402 praeditis
2434 2343 2636 2386 tantum
2680 2345 2926 2400 praeesse.
2969 2330 3260 2396 eademque
3304 2328 3371 2380 de

1855 2423 2051 2491 Spiritu
2084 2432 2267 2478 sancto
2291 2437 2353 2475 ac
2375 2421 2653 2489 Origeuem
2688 2420 3044 2488 proposuisse,
3068 2426 3121 2471 et
3151 2431 3372 2484 corpora

1856 2513 2054 2580 angelis
2075 2509 2468 2565 acdazmonibus
2491 2513 2610 2563 item
2629 2519 2686 2562 ut
2703 2509 2846 2561 illum
2868 2509 3130 2560 tribuisse.
3144 2507 3211 2559 At
3230 2506 3378 2556 codi-

1854 2613 1914 2651 ce
1937 2605 2110 2650 tamen
2133 2611 2362 2659 ccxxx",
2380 2597 2720 2650 Athanasium
2747 2595 2929 2648 scribit
2953 2593 3170 2647 Photins
3203 2591 3376 2644 Theo-

1855 2695 2095 2752 gnostum
2127 2685 2177 2736 in
2210 2683 2389 2736 multis
2418 2681 2549 2736 locis
2573 2681 2868 2733 admittere.
2895 2679 3032 2732 Sane
3056 2678 3377 2732 studiosissi-

1855 2788 2000 2825 mum
2033 2773 2225 2835 virum,
2263 2781 2318 2824 et
2355 2771 2635 2832 disertum,
2665 2779 2718 2822 et
2744 2768 3108 2820 admirandum
3134 2781 3252 2820 eum
3284 2780 3377 2830 ap-

1857 2860 2010 2928 pellat
2055 2859 2371 2912 Athanasius
2414 2860 2479 2912 de
2527 2858 2712 2926 synodi
2778 2856 3002 2910 Nicsnzc
3043 2855 3292 2919 decretis,
3321 2863 3380 2909 et

1856 2951 1921 3003 de
1961 2957 2174 3017 peccato
2214 2949 2266 3001 in
2305 2947 2559 3017 Spiritum
2603 2951 2866 3010 sanctum,
2899 2936 3167 3013 ipsiusque
3191 2946 3374 3013 prasi-

1856 3036 1996 3089 dium
2026 3037 2276 3092 adversus
2299 3038 2524 3090 Arianos
2553 3047 2771 3105 usurpat
2798 3054 2811 3087 ε
2839 3047 2992 3104 atque
3023 3035 3218 3088 idcirco
3242 3050 3376 3102 prae-

1859 3127 2153 3180 termissam
2197 3129 2262 3182 ab
2299 3127 2524 3182 Eusebio
2572 3127 2888 3180 mentionem
2925 3127 3063 3178 illius
3108 3126 3376 3193 probabile

1853 3223 1957 3277 est,
1992 3214 2128 3282 quod
2161 3215 2226 3268 ab
2255 3215 2467 3268 Arianis
2505 3215 2744 3283 partibus
2792 3213 2953 3266 fuerit
2979 3213 3202 3266 alienus.
3233 3211 3374 3276 Qua-

1853 3315 2067 3373 propter
2096 3318 2372 3374 corruptas
2411 3305 2526 3373 ejns
2560 3305 2605 3358 Η
2613 3317 2910 3374 ypolyposes
2941 3305 3007 3359 ab
3037 3304 3194 3370 hujus
3219 3312 3377 3356 secttc

1853 3395 2108 3459 patronis,
2124 3393 2566 3460 quemadmodmn
2589 3406 2642 3447 et
2664 3395 2952 3448 Clementis
2979 3393 3169 3445 librum
3191 3391 3377 3444 eodem

1854 3481 2002 3538 titulo
2041 3482 2371 3552 inscriptum,
2420 3498 2521 3536 non
2575 3485 2834 3539 immerito
2859 3483 3101 3535 Andreas
3129 3479 3378 3534 Schottus

1859 3574 2120 3641 conjeclat
2149 3573 2200 3624 in
2246 3570 2420 3624 Schol.
2452 3572 2514 3624 ad
2547 3571 2717 3625 Photii
2749 3573 2866 3625 cod.
2896 3584 3000 3623 cvi.
3034 3568 3182 3633 Quod
3210 3568 3254 3622 si
3297 3568 3377 3618 in-

1852 3671 1996 3730 teger
2019 3661 2083 3714 ad
2131 3674 2227 3713 uos
2255 3657 2423 3713 Photii
2456 3662 2620 3714 codex
2650 3659 2996 3727 pervenisset,
3027 3665 3236 3710 aetatem
3265 3655 3382 3722 ejus

1854 3759 2173 3820 compertam
2200 3751 2530 3806 haberemus.
2557 3751 2726 3804 Unum
2751 3751 2849 3802 hoc
2874 3748 3013 3800 scire
3043 3747 3182 3812 licet,
3208 3746 3377 3800 Atha-

1854 3841 2006 3895 nasio
2057 3840 2403 3908 antiquiorem
2459 3840 2620 3894 fuisse
2669 3839 2850 3902 illum,
2903 3837 3131 3906 Origene
3193 3848 3378 3890 recen-

1853 3930 2058 3982 tiorem.

1921 4017 2008 4071 IV.
2047 4018 2091 4070 A
2131 4016 2375 4070 Methodii
2414 4025 2568 4069 mtate
2611 4017 2676 4070 ad
2724 4017 2917 4070 Ariaua
2970 4025 3202 4084 tempora
3250 4029 3378 4067 suns

1856 4103 2064 4174 Origeni
2095 4107 2260 4158 honos
2285 4105 2495 4158 videtur
2519 4105 2836 4160 constitisse.
2865 4105 2993 4160 Orto
3020 4115 3196 4159 autem
3226 4105 3375 4168 Ario,

1855 4197 2200 4265 patrocinium
2227 4198 2408 4250 haeresi
2432 4212 2541 4251 suae
2561 4205 2853 4264 quaerentes
2877 4197 3081 4261 Ariani,
3108 4197 3376 4272 Adaman;

1855 4287 1910 4341 tii
1935 4301 2118 4339 nomen
2136 4301 2307 4339 causa:
2325 4300 2433 4339 sua:
2451 4299 2737 4354 praetexere
2755 4282 3086 4338 stud'nernnt.
3110 4287 3184 4337 Ex
3213 4286 3376 4352 ipsius

1853 4391 1978 4446 ergo
1995 4375 2243 4444 operibus
2269 4375 2589 4444 collegerunt
2612 4376 2887 4442 diligenter
2910 4391 3235 4443 quaecunque
3257 4375 3376 4430 Filii

200 4473 626 4546 suppositilium
675 4484 809 4524 esse.
860 4471 1142 4526 Videratne
1183 4489 1310 4533 vero
1364 4475 1618 4530 Batonius
1659 4492 1750 4531 se;
1785 4486 1827 4540 ι)
1855 4467 2154 4535 dignitatem
2185 4465 2524 4529 labefactare,
2559 4466 2637 4518 vel
2667 4481 2812 4518 suam
2846 4467 3075 4533 denique
3104 4467 3169 4520 de
3199 4465 3377 4520 Trini-

201 4564 506 4634 Apologiaa
537 4559 701 4614 libros
730 4575 758 4612 a
790 4559 1062 4627 Pamphilo
1100 4569 1152 4615 et
1186 4561 1411 4616 Eusebio
1451 4564 1502 4616 in
1534 4565 1754 4632 gratiam

199 4652 479 4723 Origenis
521 4650 767 4718 scriptos,
810 4650 861 4702 in
905 4648 1094 4717 quibus
1145 4664 1468 4718 quacunque
1525 4668 1620 4720 pro
1670 4655 1758 4710 illo

200 4743 408 4799 facere
453 4746 719 4808 poterant,
781 4737 1058 4806 diligenter
1098 4739 1320 4793 collecta
1370 4739 1602 4807 fuerunt,
1660 4759 1758 4798 nec

200 4831 474 4890 Xenonis
510 4828 728 4896 proinde
766 4826 968 4894 Dialogi
1002 4829 1197 4881 mentio
1234 4830 1623 4896 praetermissa?

283 4921 388 4975 Ill.
423 4917 572 4970 Sane
612 4925 756 4968 tanta
788 4926 903 4968 erat
942 4916 1026 4969 bis
1067 4919 1390 4985 temporibus
1430 4918 1757 4986 Origeniauae

202 5009 492 5066 doctrina!
521 5005 798 5059 celebritas
823 5013 876 5058 et
917 5005 1256 5070 existimatio,
1295 5019 1352 5060 ut
1377 5009 1498 5061 hinc
1529 5008 1594 5061 ad
1634 5008 1754 5063 facti

208 5097 605 5171 paenitentiam
642 5096 918 5150 adductum
962 5095 1125 5151 fuisse
1155 5099 1364 5151 credam
1414 5099 1754 5163 Methodium,

208 5204 348 5244 cunt
381 5185 475 5238 vix
497 5197 808 5250 quemquam
834 5183 898 5237 ad
921 5198 1044 5237 suas
1063 5184 1326 5252 pelliceret
1352 5195 1556 5254 partes;
1579 5189 1753 5241 cuncti

294 5360 420 5433 (5|)
452 5357 555 5433 Sed
584 5357 1106 5433 Socratincontradicit
1129 5356 1468 5433 Batonius...
1491 5361 1622 5433 quod
1643 5361 1757 5433 lou-

214 5423 422 5486 daiurit
458 5429 620 5492 primo
650 5442 680 5476 a
707 5442 759 5477 se
782 5423 1048 5493 Origenem
1069 5433 1239 5493 postea
1272 5423 1525 5478 duntnarit
1557 5427 1756 5480 Metho-

215 5504 379 5556 ἀίω,
428 5491 482 5544 ut
526 5493 768 5560 Eusebius
813 5491 968 5544 trudit
1011 5493 1146 5560 apud
1194 5491 1556 5560 Hieronymum
1598 5495 1684 5550 lib.
1717 5512 1754 5560 ι,

218 5565 467 5634 Apolog:
512 5560 564 5634 in
608 5559 778 5634 liuiin.
805 5559 1011 5634 En_ips:t
1045 5558 1267 5634 Eusebii
1296 5558 1476 5634 verba
1501 5563 1680 5634 ex_|_i_b.
1705 5558 1753 5616 vt

219 5625 511 5699 Apologia:
551 5627 712 5699 ipsius
741 5642 832 5693 pro
860 5625 1100 5699 Origene,
1128 5625 1301 5692 qualia
1342 5627 1552 5699 exhibet
1572 5629 1754 5699 Hiero-

220 5693 440 5770 n'ymus
465 5695 579 5747 loco
601 5693 796 5770 citato:
828 5712 846 5744 ι
870 5693 1137 5770 Qnotnpdo
1168 5707 1332 5770 ausus
1351 5703 1429 5746 est
1459 5695 1752 5770 Methodins

226 5759 388 5824 nunc
418 5770 602 5816 contra
630 5759 905 5817 Orieenem
926 5764 1176 5819 scribere.
1206 5761 1292 5818 aui
1321 5762 1426 5815 haec
1462 5774 1514 5816 et
1557 5765 1667 5818 lucc
1691 5768 1752 5822 de

1857 4565 1963 4610 tate
2006 4556 2362 4623 opinationem
2399 4557 2584 4623 jnvare
2626 4555 2956 4609 videbantur.
2993 4557 3162 4625 Atque
3199 4559 3251 4610 id
3293 4570 3376 4611 to-

1857 4645 2070 4700 lerabile
2094 4655 2226 4708 erat,
2251 4647 2293 4698 si
2326 4647 2423 4698 hac
2452 4646 2554 4697 fine
2577 4646 2820 4698 vecordia
2851 4648 3081 4714 ipsorum
3109 4649 3372 4715 stetisset;

1856 4752 2034 4789 verum
2069 4737 2280 4789 nefaria:
2319 4737 2475 4788 etiam
2517 4737 2768 4790 doctrina:
2795 4739 2936 4791 virus
2970 4740 3154 4793 iisdem
3183 4742 3372 4808 passim

1855 4823 2149 4878 atl'udernnt
2176 4826 2411 4891 scriptis,
2439 4835 2495 4876 ut
2521 4840 2668 4878 suum
2701 4827 2906 4892 penitus
2929 4828 3210 4897 Origenem
3239 4828 3377 4883 face-

1859 4922 1992 4967 rent.
2016 4913 2176 4980 Cujus
2200 4913 2264 4967 ad
2286 4914 2588 4968 elevandum
2621 4916 3012 4983 auctoritatem,
3037 4934 3137 4986 qua
3174 4929 3372 4971 tantum

1859 5003 2216 5072 gloriabantur
2241 4999 2445 5066 Ariani,
2466 5005 2693 5057 animum
2723 5007 3030 5073 appulerunt
3059 5008 3370 5069 orthodoxi;

1870 5093 2272 5172 reclamantibus
2325 5096 2625 5147 ccontrario
2657 5095 2886 5160 Arianis,
2916 5108 2969 5150 et
2999 5112 3148 5150 suum
3193 5095 3374 5160 Orige-

1853 5185 2024 5236 niaute
2065 5181 2314 5236 doctrinae
2356 5197 2418 5237 ac
2467 5180 2618 5236 fama:
2661 5185 2910 5239 honorem
2955 5185 3150 5238 servari
3181 5185 3373 5237 merito

1860 5359 2098 5432 Origenis
2124 5361 2324 5418 locutus
2357 5373 2439 5418 est
2481 5364 2871 5432 dogmatibus;
2903 5359 3064 5432 Porro
3091 5358 3173 5410 hic
3201 5357 3371 5432 Euse-

1859 5425 1977 5482 bius
1997 5437 2175 5496 aperte
2204 5446 2306 5484 non
2332 5433 2462 5486 dicit
2498 5425 2811 5486 Methodium
2855 5429 3019 5496 fuisse
3044 5435 3193 5475 antea
3223 5425 3374 5496 locu-

1861 5489 2085 5566 tnm_pro
2111 5497 2351 5565 Origene.
2379 5499 2557 5566 Neque
2584 5503 2721 5553 enim
2750 5496 2893 5566 dicit,
2931 5493 3030 5558 fl“?
3045 5498 3150 5566 "(1,":
3177 5489 3374 5566 δίδαξε

1856 5565 1920 5634 de
1952 5559 2186 5634 Origeni;
2204 5559 2420 5620 'iocutus
2449 5559 2617 5620 fuerat
2643 5561 2993 5630 dogmatibus;
3023 5559 3112 5610 sed
3142 5565 3375 5633 tantum,

1856 5632 2154 5703 locutusiest
2184 5649 2202 5686 :
2231 5637 2365 5703 quod
2412 5636 2462 5688 in
2512 5643 2784 5695 utramque
2821 5637 3022 5703 Ρξηιειη
3046 5632 3381 5703 ,θεεινῖΡο-

1859 5711 1976 5754 test.
2005 5701 2116 5755 Non
2149 5689 2303 5755 icitur
2331 5703 2580 5755 mendacii
2612 5689 2938 5750 accusatidns
2984 5700 3064 5743 est
3095 5689 3380 5743 Socrates.

1856 5766 2064 5824 Henric.
2097 5755 2348 5834 Valesius,
2391 5768 2512 5822 Not.
2550 5769 2604 5819 in
2638 5763 2835 5818 Socral-
2871 5757 2944 5810 lib
3002 5771 3070 5822 γι.
3115 5771 3234 5817 cap.
3280 5755 3380 5806 1'5-
