3920 6438
648 394 786 455 ma

1913 415 1970 470 P.
2009 413 2312 468 DANlliLlS
2352 407 2597 465 IIUETII

3621 409 3718 464 ll‘lli

645 514 1123 581 volentilms.‘Quol
1147 535 1272 590 ergo
1301 522 1504 578 ferevcl
1531 524 1760 582 fautores
1784 529 1961 583 habuit
1984 529 2174 582 Ariana
2207 533 2248 587 Α
2277 541 2381 594 Qua
2418 524 2600 594 ipsius
2637 516 2836 572 referti
2881 523 3007 570 sunt
3052 513 3182 578 libri,
3229 515 3588 582 prttcrmittere;
3610 524 3718 575 noxia

645 602 877 664 haeresis,
929 605 1011 657 vel
1062 621 1474 678 oppugnatores,
1524 617 1737 670 totidem
1789 618 2168 686 propemodum

642 687 1013 756 Origenianam
1047 697 1336 755 doctrinam
1374 705 1451 758 vel
1491 706 1716 772 amplexi
1757 719 1901 774 sunt,
1947 709 2030 762 vel
2079 709 2172 762 de-

647 781 818 832 testati
850 797 862 832 :
892 797 988 836 nec
1015 785 1224 842 aliunde
1256 799 1596 860 tempestates
1626 796 1880 850 adversus
1921 812 2041 851 eum
2071 799 2170 851 hoc

641 876 876 932 tempore
916 883 1127 928 coortas
1155 878 1423 933 existimo.
1471 881 1700 935 Partium
1749 884 1970 937 istarum
1999 885 2166 938 studia

641 955 921 1013 mamifesto
965 978 1155 1020 cernas
1205 968 1254 1020 in
1295 968 1605 1026 clarissimis
1647 974 1836 1026 horum
1876 985 2167 1043 temporum

646 1047 980 1118 praesulibus,
1010 1054 1284 1112 Eustathio
1305 1056 1631 1116 Antioclteno
1673 1072 1724 1116 et
1748 1064 1973 1118 Eusebio
1994 1064 2170 1119 Caesa-

645 1135 827 1190 riensi.
874 1139 969 1193 Hic
1011 1146 1218 1201 Arianae
1265 1149 1507 1204 factionis
1553 1153 1790 1220 signifer,
1830 1155 2170 1221 quemadmo-

638 1225 760 1278 dum
792 1232 1082 1298 appedatur
1131 1237 1196 1289 ab
1250 1237 1563 1308 Hieronymo
1617 1242 1738 1296 libr.
1766 1257 1804 1308 ι,
1854 1246 1909 1296 in
1965 1243 2165 1310 Ruﬁn.,

637 1330 755 1382 cap.
790 1317 842 1381 2,
878 1333 930 1373 ut
956 1323 1282 1392 Origcnianae
1306 1331 1454 1383 fama:
1491 1333 1806 1398 consuleret,
1837 1334 1901 1386 ad
1933 1337 2167 1389 scriben-

637 1406 755 1458 datu
781 1422 876 1474 pro
894 1411 1118 1482 Origene
1147 1418 1439 1486 Apologiam
1467 1420 1668 1474 induxit
1693 1424 1915 1475 amicum
1945 1439 2094 1476 suum
2117 1433 2169 1478 et

643 1496 950 1567 familiarem
1007 1502 1334 1568 Pamphilum
1388 1511 1774 1579 presbyterum,
1817 1513 2057 1580 Origenis
2097 1515 2164 1567 ita

637 1587 954 1655 studiosum,
999 1601 1054 1644 ut
1093 1609 1278 1648 omnes
1308 1596 1550 1664 Origenis
1605 1601 1764 1654 libros
1815 1604 2164 1672 undequaqne

636 1679 963 1746 conquisitos
1010 1681 1321 1738 Ctesariensi
1379 1687 1626 1742 Ecclesia:
1677 1692 1944 1746 dedicaret
1985 1694 2165 1762 (verba

637 1775 761 1818 sunt
789 1766 1092 1840 Hieronymi
1136 1774 1185 1826 in
1212 1777 1366 1843 epist.
1413 1779 1477 1829 ad
1505 1778 1755 1848 Marcell.)
1792 1790 1839 1834 et
1879 1783 2159 1836 maximam

2275 626 2508 682 quaeque
2543 617 2603 662 et
2643 603 3026 661 criminationi
3056 614 3330 669 opportuna
3362 604 3418 655 ad
3444 603 3638 656 invidiam
3665 607 3718 659 fa-

2275 704 2527 757 ciendam
2555 697 2864 766 colligere;
2894 692 3172 745 nonnullos
3199 691 3344 744 etiam
3381 691 3425 744 in
3455 690 3548 758 ejus
3569 693 3718 750 lectione

2277 798 2555 852 versatos,
2589 797 2894 856 postquam
2929 796 3028 851 per
3051 796 3169 834 eum
3193 781 3314 833 satis
3339 780 3576 849 profecisse
3599 798 3641 836 se
3667 786 3719 838 in-

2279 878 2648 938 tellexissent,
2709 883 2827 927 tum
2879 884 3012 925 vero
3037 883 3068 922 a
3100 868 3338 936 magistro
3369 883 3454 922 suo
3480 869 3719 937 discessisse,

2276 978 2332 1022 et
2356 964 2738 1021 anathematis
2768 977 2900 1017 eum
2939 959 3253 1022 confodisse,
3281 974 3340 1014 ne
3364 959 3479 1027 quid
3514 959 3569 1012 ab
3595 964 3722 1016 eosci-

2275 1061 2399 1113 licet
2422 1058 2712 1126 accepisse
2739 1053 3082 1107 viderentur.
3115 1049 3296 1104 Deinde
3320 1048 3538 1117 subjicit:
3563 1050 3632 1102 ilo
3649 1060 3722 1104 tan.

2278 1161 2388 1204 tum
2430 1157 2616 1202 autem
2672 1146 2878 1200 horum
2925 1142 2994 1197 de
3038 1141 3230 1210 quibus
3267 1156 3403 1207 supra
3437 1140 3624 1193 diximus
3649 1156 3724 1208 pro-

2277 1254 2464 1310 gressa
2492 1238 2707 1292 malitia
2735 1244 2847 1299 est,
2878 1242 2940 1288 ut
2968 1232 3182 1302 quidam
3206 1231 3355 1283 etiam
3379 1230 3650 1284 conscribere
3667 1231 3726 1282 ad-

2279 1345 2470 1384 versus
2501 1345 2630 1384 eum
2663 1328 2788 1380 ausi
2835 1326 2970 1392 sint,
3005 1333 3061 1378 et
3104 1323 3289 1377 libellis
3316 1322 3456 1376 editis
3492 1321 3725 1389 derogareel

2273 1419 2414 1480 viro,
2463 1418 2555 1486 qni
2606 1429 2712 1484 per
2744 1423 2829 1467 tot
2877 1426 3053 1465 annos
3104 1409 3347 1476 magism
3385 1406 3725 1461 EcclesitefuiLt

2278 1509 2470 1562 Tradit
2500 1507 2734 1572 insuper
2767 1503 2943 1557 libros
2968 1516 3062 1556 eos
3093 1500 3407 1569 potissimum
3439 1497 3575 1550 fuisse
3594 1498 3728 1563 appeti-

2275 1607 2380 1660 tos,
2417 1615 2437 1647 ι
2467 1610 2610 1664 quos
2640 1609 2748 1663 per
2786 1593 3028 1662 spatium
3067 1603 3124 1645 et
3151 1591 3371 1658 quietem
3395 1588 3441 1640 in
3468 1598 3630 1640 secreto
3647 1600 3728 1638 wn-

2273 1688 2588 1754 scripserat,
2618 1703 2638 1736 ι
2679 1685 2832 1753 quod
2871 1684 2924 1736 in
2961 1683 3030 1736 iis
3057 1681 3289 1750 apertius
3311 1677 3584 1732 disseruisse
3609 1677 3727 1728 existi-

2275 1787 2554 1838 maretur;
2593 1790 2711 1843 prae
2744 1774 2874 1828 aliis
2904 1789 3033 1826 vero
3059 1772 3219 1825 libr0s
3247 1767 3374 1835 Περὶ
3397 1765 3578 1834 ἀρχῶν,
3604 1765 3728 1830 inqui-

639 1869 820 1911 eorum
863 1871 1067 1928 partem
1108 1881 1264 1918 manu
1315 1882 1406 1921 sua
1462 1869 1805 1932 describeret,
1855 1875 1942 1940 qui
1994 1873 2174 1928 Hiero-
2203 1864 2244 1916 Β
2275 1869 2375 1921 bus
2405 1868 2731 1935 dogmatum
2767 1878 2996 1918 suorum
3024 1861 3169 1915 velut
3196 1874 3327 1929 penu
3357 1851 3729 1911 collocaverat.No-

641 1947 780 2013 nymi
819 1959 974 2003 :etate
1022 1952 1074 2004 in
1119 1955 1434 2009 Caesariensi
1484 1956 1797 2011 bibliotheca
1844 1961 2000 2014 etiam
2061 1971 2168 2015 tum

640 2036 1005 2092 servabantur.
1070 2042 1293 2096 Causam
1370 2046 1632 2115 Apologia:
1685 2050 1973 2102 scribendae
2033 2052 2172 2106 hanc

641 2119 801 2176 fuisse
827 2138 1007 2179 narrat
1037 2127 1250 2183 Photins
1275 2133 1390 2185 cod.
1411 2148 1597 2198 cxvnt,
1622 2145 1676 2188 nt
1704 2135 1768 2187 ad
1797 2138 1909 2204 pios
1934 2137 2171 2191 homines

641 2209 707 2262 ad
747 2215 953 2268 metalla
1013 2218 1079 2271 ob
1130 2220 1324 2272 Christi
1373 2237 1589 2274 causam
1665 2223 1945 2277 damnatos
1998 2223 2168 2278 solatii

639 2309 770 2368 ergo
794 2304 1104 2360 mitteretur.
1129 2308 1259 2361 Cum
1291 2323 1407 2362 eam
1437 2325 1563 2364 vero
1597 2313 1851 2381 martyrio
1879 2315 2172 2367 exstinctus

640 2392 916 2449 absolvere
939 2413 1039 2449 non
1076 2401 1356 2466 potuisset,
1399 2415 1700 2468 supremam
1737 2404 1926 2472 adjecit
1959 2421 2168 2460 mamnn

637 2478 916 2548 Eusebius,
940 2495 991 2536 et
1023 2487 1072 2537 in
1105 2486 1335 2542 Historia
1357 2506 1567 2559 quoque
1589 2491 1907 2544 ecclesiatica
1932 2508 2026 2555 pro
2051 2491 2171 2547 Ori-

636 2571 860 2638 geniana
910 2590 1068 2627 causa
1119 2577 1370 2644 prascfare
1401 2582 1715 2636 decertavit.
1764 2582 1926 2650 IEgre
1957 2583 2168 2650 quidem

637 2657 687 2710 id
720 2659 822 2712 fert
845 2659 1158 2719 Anastasius
1189 2667 1650 2734 Bibliothecarins,
1695 2687 1814 2724 nam
1853 2673 1902 2724 in
1932 2671 2170 2726 Historia

636 2745 700 2796 ad
726 2761 851 2801 ann.
878 2749 1005 2806 Chr.
1037 2753 1141 2805 ΞΗ
1171 2766 1223 2807 et
1260 2757 1385 2822 946,
1425 2774 1526 2812 non
1563 2760 1725 2814 semel
1757 2763 1997 2829 queritur
2035 2763 2169 2816 mul—

636 2837 810 2890 toruni
841 2841 1035 2907 pietate
1059 2859 1120 2897 ac
1149 2844 1389 2900 doetrina
1415 2847 1696 2903 illustrium
1726 2852 1959 2905 virorum
1991 2849 2170 2907 laudes

633 2923 916 2981 Eusebium
949 2930 1130 2999 iniquo
1157 2933 1364 2989 silentio
1397 2938 1697 3002 obtrivisse,
1725 2942 1805 2995 vel
1840 2941 2024 2995 leviter
2055 2954 2172 2996 tan-

637 3021 744 3067 tum
775 3027 827 3070 et
875 3018 1134 3075 invidiose
1177 3025 1439 3094 attigisse,
1476 3043 1580 3095 quo
1615 3044 1819 3083 snnnna
1865 3033 2042 3085 omnia
2077 3034 2170 3086 tri-

634 3102 820 3159 bueret
850 3107 1060 3174 Origeni
1096 3128 1212 3176 suo,
1239 3115 1273 3163 ἰ
1297 3117 1535 3170 nesciens
1582 3132 1697 3185 qua:
1736 3119 1955 3191 diceret,
1989 3123 2072 3175 vel
2104 3124 2168 3180 de

2274 1972 2392 2012 vem
2433 1965 2624 2010 autem
2668 1955 2974 2024 praecipuis
3009 1951 3272 2020 capitibus
3315 1945 3585 2001 constabant
3613 1943 3728 1996 crimi-

2275 2051 2522 2103 nationes
2552 2048 2829 2101 advcrsus
2860 2046 3039 2112 ipsum
3068 2057 3098 2094 ιι
3128 2037 3392 2095 malevolis
3419 2033 3629 2094 conflata,
3647 2044 3730 2098 quas

2277 2148 2522 2193 recenset
2569 2148 2628 2191 et
2666 2135 2880 2190 refellit
2927 2130 3259 2199 Pamphilus,
3305 2137 3357 2180 et
3392 2140 3478 2179 nos
3510 2136 3630 2191 supra
3661 2120 3731 2172 fuse

2270 2229 2636 2282 excussimus.
2677 2226 2876 2294 Itaque
2909 2224 3151 2276 moriens
3182 2218 3480 2273 Pachomius
3516 2215 3641 2267 abbas
3662 2225 3730 2263 mo-

2273 2321 2479 2374 nachos
2517 2333 2652 2372 suos
2698 2317 2772 2370 ab
2821 2313 3278 2382 Urigeniauarum
3324 2304 3667 2360 lucubrationum
3688 2300 3733 2351 Ie

2273 2411 2452 2463 ctione
2478 2422 2674 2463 severa
2716 2404 3097 2460 obtestatione
3124 2398 3428 2454 absterruit.

2343 2499 2407 2552 V.
2437 2498 2546 2552 llas
2577 2499 2774 2551 turbas
2804 2495 3032 2564 Origeni
3061 2495 3264 2561 peperit
3290 2488 3470 2543 Ariona
3497 2483 3636 2543 factio,
3655 2480 3730 2531 dum

2271 2591 2388 2660 ejus
2419 2589 2745 2658 suffragium
2778 2586 3083 2641 studiosius
3106 2582 3274 2636 ambit
3301 2600 3314 2634 :
3343 2593 3483 2649 quam
3505 2590 3601 2630 cum
3621 2572 3731 2670 aerias

2272 2681 2664 2734 ulciscerentur
2703 2677 3006 2732 orthodoxi
3030 2715 3046 2740 ,
3078 2673 3322 2742 Origenis
3349 2683 3534 2725 causam
3557 2680 3632 2718 non
3653 2673 3732 2715 satu

2271 2771 2638 2824 distinxerunt
2685 2768 2762 2822 ab
2802 2767 3037 2828 Ariaua,
3090 2774 3146 2818 et
3191 2773 3458 2829 utramque
3490 2758 3729 2811 damnarunt.

2270 2859 2506 2914 Affectus
2531 2872 2760 2926 quoque
2773 2858 2973 2912 eadem
2997 2855 3196 2924 injuria
3219 2862 3300 2907 est
3319 2843 3730 2941 Dionysius—

2267 2950 2454 3003 drinus
2497 2949 2764 3018 Origenis
2813 2947 3142 3016 discipulus,
3183 2953 3236 3000 et
3290 2936 3730 3033 inlastejrioilatis

2270 3039 2628 3108 suspicionem
2684 3047 2952 3100 vocatus,
2993 3035 3139 3088 unde
3172 3035 3224 3086 in
3270 3030 3483 3084 multisa
3503 3025 3651 3078 Basilio
3670 3035 3729 3072 non

2271 3129 2590 3192 admissum,
2619 3129 2874 3180 maxime
2909 3127 3004 3181 ubi
3033 3126 3350 3178 Arianorum
3372 3119 3652 3176 confirmaret
3670 3111 3730 3164 he

633 3192 824 3259 quibus
851 3195 1154 3253 allii-uiaret.
1179 3219 1196 3250 ι
1232 3201 1390 3266 Quasi
1422 3219 1548 3258 vero
1585 3207 1745 3260 alium
1778 3209 1917 3263 fama
1945 3188 2015 3266 ac
2055 3228 2166 3266 me-
2195 3188 2236 3244 (ἶ
2274 3219 2456 3285 resim,
2483 3218 2674 3272 scribit
2709 3217 2979 3273 Gobartts
3003 3217 3148 3283 apud
3177 3217 3322 3268 Phot.
3345 3210 3456 3266 cod.
3491 3218 3670 3262 cornu.
3695 3200 3732 3249 Αι

637 3282 748 3335 ritis
779 3299 956 3351 parem
990 3289 1201 3356 ()rigeni
1240 3291 1419 3344 tulerit
1455 3294 1566 3348 haec
1597 3308 1746 3353 tetas.
1775 3299 1921 3353 Illius
1954 3302 2168 3369 quidem

634 3371 816 3426 laudes
849 3377 983 3429 mala
1033 3379 1251 3433 forsitan
1296 3395 1470 3437 mente
1519 3387 1847 3453 congessisse
1883 3389 2168 3443 Eusebium

633 3460 900 3516 fatendum
931 3479 1034 3529 est,
1079 3473 1169 3522 sed
1217 3475 1388 3539 quoad
1439 3489 1611 3526 rerum
1662 3487 1926 3542 gestarum
1981 3483 2173 3535 attinet

638 3551 814 3614 fidem,
845 3551 1196 3621 Epiphaninm
1229 3559 1358 3623 fere,
1397 3564 1478 3614 vel
1525 3561 1930 3632 Hieronymum,
1972 3570 2171 3626 aliosve

633 3637 1024 3697 Consenticntes
1049 3643 1255 3700 habuit.
1284 3650 1351 3700 At
1377 3650 1682 3704 Eustathius
1717 3663 1864 3706 stans
1893 3656 1959 3707 ab
1983 3660 2170 3711 ortho-

635 3727 806 3795 doxis,
842 3733 1228 3804 proptereaque
1269 3738 1656 3795 Sabellianismi
1693 3743 1760 3793 ah
1788 3744 1999 3798 Arianis
2045 3748 2171 3800 insi-

638 3820 882 3887 mulatus,
941 3825 1220 3895 Origencm
1270 3831 1486 3884 adortus
1540 3839 1640 3894 est,
1683 3832 1904 3900 ejusque
1957 3843 2171 3888 senten-

635 3909 758 3963 tiam
781 3911 846 3966 de
869 3913 1301 3986 Engastrimytho
1329 3920 1574 3988 peculiari
1600 3936 1759 3989 opere
1787 3923 2166 3990 explodendam

633 4003 882 4070 Suscepit.
913 4005 1110 4058 Scribit
1145 4007 1447 4077 Pamphilus
1483 4011 1535 4063 in
1572 4011 1745 4078 priore
1799 4012 1934 4066 libro
1970 4015 2168 4080 Apolo-

632 4089 750 4156 fiw,
786 4108 941 4159 quem
977 4095 1349 4163 interpretatus
1388 4111 1470 4153 est
1516 4099 1759 4164 Rufinus,
1816 4111 1963 4155 tanto
1995 4103 2168 4156 homi-

634 4194 756 4231 num
787 4181 991 4236 ilforinn
1033 4188 1154 4239 odio
1187 4199 1307 4240 tunc
1342 4189 1590 4256 temporis
1626 4190 1820 4243 arsisse
1861 4191 2164 4259 Origenem,

633 4279 691 4318 ut
724 4287 824 4323 non
853 4273 939 4327 ille
982 4276 1152 4328 solum
1193 4296 1210 4327 ι
1239 4277 1379 4330 velut
1408 4280 1689 4332 haereticus
1720 4291 2082 4346 accusaretur,
2112 4274 2167 4338 et

633 4360 920 4423 corruptio,
955 4371 1005 4412 et
1051 4365 1281 4427 perditio
1311 4366 1628 4430 animarunt,
1659 4385 1677 4417 ι
1719 4369 1810 4420 sed
1847 4368 1961 4435 ejus
2005 4372 2164 4424 ctiam

633 4441 947 4509 scriptorum
978 4449 1188 4506 lectioni
1221 4453 1382 4507 dediti
1413 4457 1893 4522 proscindereutur,
1921 4469 1974 4512 et
2015 4465 2162 4515 venia
2200 4503 2239 4555 ο
2271 4441 2702 4531 quotiescunque
2751 4462 3016 4533 Origenis
3064 4463 3263 4528 scripta
3315 4444 3730 4555 legentes,‘tl?_8':‘:

635 4543 976 4588 censerentur
1021 4540 1238 4609 indigni,
1286 4559 1402 4610 qua:
1449 4546 1514 4599 iis
1563 4548 1849 4601 condonari
1891 4546 2043 4613 solet,
2075 4553 2162 4617 qui

635 4620 870 4688 profanis
896 4626 973 4679 vel
1005 4627 1265 4686 haereticis
1299 4635 1450 4689 libris
1487 4636 1680 4689 addicti
1731 4649 1875 4700 sunt,
1906 4638 2164 4708 planeque

635 4725 729 4778 pro
773 4711 1034 4771 haereticis
1075 4719 1413 4779 haberentur.
1464 4745 1482 4777 ι
1511 4727 1762 4796 Denique,
1810 4728 2000 4795 inquit,
2043 4745 2161 4783 cum

635 4797 812 4853 multis
842 4800 1075 4858 honesta:
1107 4809 1248 4871 vitae,
1281 4823 1335 4866 et
1371 4814 1599 4883 religiosi
1636 4815 1884 4882 propositi
1921 4817 2071 4881 viris,
2107 4820 2160 4871 in

631 4894 826 4962 quibus
867 4892 996 4946 nihil
1043 4912 1256 4962 prorsus
1294 4904 1462 4970 culpae
1509 4905 1803 4969 inveniunt,
1858 4906 2162 4963 inimicitias

633 4991 846 5052 propter
877 4981 974 5035 hoc
1001 4983 1168 5036 solum
1215 4989 1427 5055 habent,
1472 4995 1516 5047 si
1551 5010 1733 5048 eorum
1764 4996 1994 5050 studium
2020 4998 2161 5051 circa

634 5075 909 5135 memorati
941 5075 1037 5128 viri
1071 5076 1231 5129 libros
1273 5085 1587 5149 propensius
1615 5101 1733 5140 esse
1776 5089 2161 5156 perspexerint,

633 5168 945 5222 invidiosius
968 5166 1129 5220 etiam
1165 5167 1262 5219 ista
1295 5169 1572 5237 fingentes,
1601 5177 1738 5242 quod
1765 5178 1831 5231 ab
1855 5177 1935 5229 his
1969 5177 2021 5229 in
2049 5175 2162 5232 loco

631 5271 937 5314 sanctorum
959 5257 1336 5326 apostolorum,
1365 5260 1442 5310 vel
1467 5265 1866 5329 prophetarum,
1892 5279 1994 5319 tam
2029 5268 2160 5336 ipse,

632 5360 786 5410 quam
833 5347 969 5400 dicta
1017 5343 1130 5413 ejus
1161 5344 1475 5402 habeantur.
1499 5367 1517 5396 ι
1551 5349 1708 5404 Addit
1739 5353 1897 5420 paulo
1929 5364 2046 5422 post
2083 5356 2163 5408 in-

633 5437 818 5492 doctos
848 5439 1147 5509 plerosque,
1182 5453 1246 5493 ac
1291 5437 1343 5492 in
1375 5437 1808 5508 Origenianorum
1838 5448 2158 5503 voluminum

635 5531 948 5586 tractatione
969 5534 1145 5596 rudes,
1170 5530 1250 5585 vel
1283 5544 1457 5584 rerum
1487 5531 1537 5582 iu
1564 5533 1852 5598 quazstione
1871 5539 2158 5604 positarum

637 5616 868 5682 ignaros,
899 5623 1162 5692 incognita
1191 5632 1364 5675 tamen
1389 5633 1544 5672 causa
1568 5620 1936 5676 Adamantium
1960 5625 2160 5682 calculo

637 5721 732 5760 suo
778 5710 1029 5766 damnare
1071 5712 1235 5768 fuisse
1286 5710 1492 5777 solitos;
1538 5709 1669 5765 alios
1706 5711 1893 5768 bonam
1932 5714 2157 5782 frugem,

2275 3319 2567 3377 utrumque
2603 3309 2850 3361 crimine
2882 3307 3126 3361 exsolvit
3158 3303 3481 3363 Athanasius,
3503 3306 3552 3352 ut
3573 3291 3732 3361 superius

2273 3416 2301 3454 ιι
2330 3399 2480 3454 nobis
2510 3397 2779 3451 traditum
2819 3407 2944 3462 est;
2984 3413 3088 3452 nec
3122 3397 3289 3464 pluris
3321 3393 3390 3448 illi
3415 3392 3504 3444 fuit
3536 3384 3732 3441 catholica-

2273 3505 2384 3543 rum
2415 3488 2666 3558 partium,
2700 3501 2879 3555 quam
2924 3487 3178 3541 veritatis
3205 3483 3428 3540 studium
3450 3498 3463 3534 :
3485 3480 3653 3548 ipseque
3674 3470 3733 3558 ΒΞ·

2272 3556 2496 3634 silinset
2521 3575 2830 3643 Gregorius
2855 3575 3176 3644 'l‘heologus
3198 3573 3395 3641 objecta
3421 3567 3504 3621 sibi
3522 3564 3576 3617 ab
3598 3556 3736 3614 Ariauis

2272 3661 2572 3716 Adamantii
2594 3661 2952 3726 testimonia,
2973 3661 3030 3714 in
3054 3659 3384 3716 commodum
3410 3655 3589 3710 trahere
3607 3645 3736 3702 Μυθ-

2273 3763 2394 3808 runt
2416 3767 2656 3814 sensum,
2681 3767 2861 3820 quam
2889 3753 3224 3822 contemptis
3243 3750 3421 3804 iisdem
3443 3744 3591 3828 debito
3608 3741 3736 3828 bottom

2273 3846 2543 3892 auctorem
2581 3819 2873 3893 fraudare.
2904 3836 3022 3891 lino
3059 3819 3192 3890 vero
3221 3850 3285 3888 ex
3319 3829 3533 3900 ejusdem
3561 3819 3736 3892 Operihus

2269 3921 2482 3975 assidua
2511 3919 2754 3976 lectione
2804 3937 2837 3975 a
2868 3938 2933 3978 se
2958 3924 3234 3990 contritis,
3263 3920 3464 3992 egregia
3493 3923 3662 3985 (ιιιειυε
3682 3919 3733 3957 ⁵⁸⁸

2269 4011 2405 4065 lecta
2446 4011 2500 4064 in
2547 4026 2718 4064 unum
2775 4025 3182 4082 congesserunt
3229 4010 3493 4070 volumen,
3535 4011 3578 4056 et
3607 3996 3655 4101 of)
3687 4005 3733 4044 πε

2271 4102 2528 4171 praeclare
2591 4105 2875 4172 cogitatas
2938 4105 3256 4162 Pbilocaliaa
3326 4100 3466 4156 titulo
3518 4096 3733 4179 inscrlP'F'”

2267 4192 2433 4259 (unde
2479 4201 2535 4246 et
2586 4191 2890 4262 Origenem
2941 4194 3234 4263 φιλόκαλον
3277 4189 3499 4244 nominat
3539 4180 3735 4244 Gregorius

2269 4284 2640 4339 Nazianzenus
2687 4286 2744 4339 in
2793 4287 3069 4354 epistolis)
3101 4286 3173 4339 ad
3207 4283 3520 4338 Theodorum
3553 4271 3734 4367 “ﬂeui”

2269 4375 2582 4442 episcopum
2615 4374 2912 4428 miserunt.
2969 4375 3114 4441 Quin
3140 4375 3300 4428 etiam
3349 4369 3563 4422 feruntur
3608 4354 3730 4408 iidem.

2271 4549 2443 4617 ίρείυδ
2473 4549 2716 4617 propria,
2744 4564 2802 4605 et.
2833 4566 2865 4604 a
2896 4549 3181 4604 communi
3213 4561 3306 4599 usu
3334 4533 3634 4606 discrepantia
3657 4536 3730 4578 nan-

2269 4639 2641 4705 ciscerentur,
2706 4642 2997 4709 geminum
3049 4658 3086 4710 χ
3125 4637 3388 4696 affuisse,
3443 4625 3731 4719 Platonicotllti|

2270 4745 2441 4794 more,
2469 4733 2561 4799 qui
2603 4747 2732 4787 cum
2783 4733 3078 4787 Platonem
3116 4731 3431 4788 lectitarent,
3463 4721 3562 4812 loca
3587 4714 3731 4812 ίξιδίξιξξδ

2270 4823 2371 4875 hoc
2398 4795 2724 4876 charactere
2753 4827 3027 4880 notabant
3051 4844 3065 4879 :
3101 4834 3159 4877 ut
3189 4820 3349 4877 l'efet‘l
3372 4811 3586 4872 Laertius
3608 4805 3646 4855 in
3665 4795 3732 4848 Pla-

2269 4919 2413 4964 tone.
2456 4909 2574 4966 Hac
2618 4912 2860 4970 lectione
2910 4917 3210 4969 instructus
3257 4919 3465 4976 uterque
3505 4896 3731 4990 Arianorutﬂ

2269 5000 2498 5069 impetus
2548 5001 2772 5057 fortiter
2822 5006 3051 5060 retudit.
3093 5004 3150 5058 ld
3189 5017 3253 5057 ex
3298 5000 3502 5088 Sociine
3540 4987 3728 5088 455°"???

2266 5091 2440 5156 quiet
2477 5091 2607 5145 illud
2643 5093 2800 5148 addi:
2828 5096 2958 5150 libr.
2999 5112 3076 5159 ιν,
3104 5109 3222 5160 caP-
3254 5091 3341 5188 εξ,
3370 5085 3512 5188 MF?“

2265 5176 2327 5228 τὸ
2362 5178 2677 5249 ὀριγένους
2720 5183 2846 5236 καθ’
2901 5183 3034 5252 ὅλης
3075 5181 3199 5234 τότε
3250 5179 3344 5248 τῆς
3379 5175 3642 5238 οἰκουμένης
3676 5175 3727 5216 εἶ’

2267 5267 2510 5337 ήπλωτο·
2541 5271 2773 5325 «Totum
2795 5273 2996 5340 quippe
3013 5275 3197 5327 orbem
3229 5279 3348 5323 tunc
3369 5258 3588 5328 temporis
3610 5255 3726 5340 tuast“

2268 5336 2521 5431 Origenis
2551 5364 2727 5432 gloria
2760 5336 3098 5435 pervaserat.
3122 5383 3142 5415 ι
3179 5358 3396 5428 Scriptis
3433 5349 3628 5424 Prom“)
3648 5336 3728 5435 ’Ψ

2267 5449 2423 5521 logiis
2458 5431 2617 5510 tutati
2645 5431 2776 5512 sunt
2808 5457 2986 5528 ipsum
3019 5458 3118 5511 viri
3167 5455 3416 5510 illustres,
3458 5455 3547 5512 quo
3572 5431 3726 5491 ιειυρθτέ

2270 5541 2572 5600 defensioni
2603 5545 2723 5613 ejus
2767 5527 2995 5619 operam
3027 5561 3183 5602 suam
3214 5537 3499 5643 Pamph”:is
3527 5527 3725 5643 enim;

2270 5630 2380 5697 bat,
2415 5642 2476 5687 ut
2499 5615 2826 5691 testificatur
2855 5638 3082 5692 Photius
3105 5635 3227 5690 cod.
3255 5644 3431 5691 cxvnt.
3454 5621 3588 5690 ipsius
3610 5615 3712 5661 tamet

2270 5725 2552 5794 nonnulla,
2608 5727 2956 5788 dissimulato
3000 5731 3129 5788 licet
3165 5729 3286 5800 eius
3327 5724 3530 5784 nomine.
3571 5701 3723 5770 ειτρυιί
