3920 6566
200 447 388 510 11-21

1147 460 1692 517 ΟΠΙΕΕΝΙᾹΝΟΒΠΜ
1735 459 1855 513 LIB.
1898 461 1959 524 Il,
1996 461 2144 515 CAP.
2186 462 2271 526 IV,
2316 464 2502 519 SECT.
2540 464 2578 520 1.

3277 465 3297 518 Ι
3311 465 3412 522 122

202 574 587 629 Athanasius
640 587 694 631 et
736 578 978 633 Basilius.
1013 580 1100 633 llle
1131 581 1180 633 in
1219 579 1331 632 Vita
1366 581 1569 634 Antonii
1608 581 1784 647 lapsus
1811 582 1856 636 A
1884 579 2056 648 inepta
2107 589 2162 633 et
2201 580 2388 649 frigida
2443 583 2737 646 allusione,
2791 581 2978 651 quales
3045 581 3274 651 scriptor
3323 583 3410 637 ille

203 664 578 728 animarum,
629 677 682 720 et
717 671 1085 723 conversiones
1125 685 1156 722 e
1204 672 1465 724 mentibus
1495 671 1546 723 in
1580 671 1784 722 animas

203 753 602 820 mprehendit
651 773 664 810 :
709 757 793 809 hic
841 758 891 809 in
963 760 1116 811 tertio
1173 759 1676 812 Commentariorum
1729 758 1786 810 in

209 838 621 897 Hexaemeron
655 847 864 899 damnat
895 850 1205 914 anagogicas
1232 849 1393 915 ipsius
1413 849 1782 917 expositiones,

203 930 448 996 quibus
480 933 705 986 virtutes
742 936 991 1002 quasdam
1022 937 1340 1002 superiores,
1374 952 1490 1004 quae
1532 938 1698 990 locum
1732 939 1782 990 in

207 1022 389 1073 cmlu
431 1031 620 1078 tenere
653 1025 852 1077 merita:
877 1028 1022 1086 sunt,
1045 1026 1196 1092 aquis
1221 1041 1335 1094 quae
1364 1036 1488 1080 sunt
1511 1043 1666 1092 supra
1696 1028 1784 1080 lir-

204 1124 317 1161 ma
331 1123 610 1176 mentum,
638 1114 922 1181 signiﬁcari
951 1114 1133 1177 docet;
1165 1129 1280 1182 qua:
1304 1129 1428 1167 vero
1461 1115 1586 1168 inde
1614 1116 1786 1169 detur-

204 1197 379 1250 ωιτη
414 1209 567 1259 sunt,
598 1202 749 1267 aquis
778 1201 945 1253 notari
971 1215 1085 1269 qua:
1121 1211 1245 1254 sunt
1271 1203 1367 1254 sub
1389 1203 1544 1258 coelo.

299 1285 398 1338 Vl.
437 1288 572 1340 Dum
599 1305 691 1356 pro
714 1287 936 1357 Origene
960 1300 1154 1342 starent
1181 1305 1450 1343 sermones
1479 1291 1572 1351 illi.
1611 1290 1782 1358 ipsum

204 1377 338 1429 sibi
377 1378 434 1429 in
469 1379 754 1430 scribendo
793 1381 1154 1431 assectandum
1188 1379 1509 1446 proponebat
1558 1379 1784 1435 Hilarius

202 1465 621 1520 Pictaviensis.
670 1465 858 1521 Narrat
890 1469 1079 1535 quippe
1121 1469 1464 1538 Hieronymus
1494 1469 1537 1500 “
1566 1471 1782 1524 hunc‘in

200 1555 480 1626 Phrygia
535 1558 862 1612 exsulantem
909 1573 1146 1626 magnam
1199 1557 1523 1613 Psalmorum
1584 1571 1782 1630 partem

199 1647 986 1708 commentariis,illustrasse,
1025 1649 1076 1700 in
1114 1664 1282 1717 eoque
1322 1665 1481 1716 opere
1527 1651 1782 1703 imitatum

202 1733 405 1787 fuisse
436 1734 743 1804 Origenem,
788 1737 1050 1789 nonnullis
1080 1747 1248 1790 tamen
1292 1739 1359 1790 de
1395 1753 1492 1791 suo
1531 1738 1780 1804 adjectis;

196 1823 618 1890 expositiones
673 1825 830 1877 etiam
883 1827 936 1877 in
983 1825 1168 1878 Jobum
1210 1833 1264 1878 et
1316 1826 1370 1878 in
1425 1821 1781 1879 Matthwum'e

1885 670 2210 723 comminisci
2259 681 2434 724 amat:
2462 683 2515 726 et
2563 673 2933 728 ἀνοσιώτατον.
2986 673 3114 728 Item
3163 676 3406 745 dogmata

1882 756 1994 823 ejus
2027 755 2339 826 δηλητήρια,
2362 759 2668 828 φθοροποιὰ,
2705 750 2832 825 ἑοὺς
2861 762 3253 833 ἁπλουστέρους
3284 779 3406 817 σκι-

1883 844 2092 908 λίζοντα
2115 861 2232 900 esse
2257 848 2403 902 dicit.
3113 915 3116 918 ,

1951 933 2280 990 Manifestum
2323 949 2479 1001 porro
2519 944 2598 990 est
2642 951 2704 990 ex
2750 927 3108 1008 superioribus
3151 950 3404 1010 quantum

1883 1022 2134 1076 erraverit
2158 1021 2424 1077 Halloxius
2465 1024 2548 1078 lib.
2589 1039 2640 1078 Iv
2695 1025 2838 1093 Orig.
2869 1028 3097 1094 deﬂeam,
3135 1041 3318 1098 quiest.
3346 1031 3404 1094 4,

1883 1111 2074 1178 aliique
2120 1112 2374 1174 nonnulli,
2413 1113 2501 1179 qui
2550 1123 2672 1166 ante
2717 1115 2985 1182 Epiphanii
3028 1132 3147 1170 cum
3201 1117 3405 1172 Joanne

1881 1197 2318 1270 Jerosolymitano
2342 1211 2395 1253 et
2423 1202 2796 1270 Chrysostomo
2839 1203 3192 1258 dissensiones
3214 1244 3229 1268 ,
3284 1206 3404 1260 Ori-

1883 1304 2063 1355 genem
2093 1305 2121 1342 a
2151 1291 2376 1344 nemine-
2400 1307 2493 1359 pro
2528 1292 2775 1345 hmretico
2809 1291 3046 1345 habitum
3089 1295 3267 1356 fuisse.
3296 1298 3404 1364 pri--

1885 1393 2128 1445 nunnqne
2156 1378 2500 1447 Epiphanium
2538 1380 2588 1433 in
2619 1395 2738 1434 eum
2773 1381 2917 1449 signa
2945 1383 3173 1436 movisse
3203 1397 3404 1437 memo-

1885 1468 1973 1520 ria:
1997 1468 2382 1534 prodiderunt:
2423 1483 2542 1520 nam
2592 1485 2612 1519 ς
2653 1467 2797 1522 velut
2842 1469 3141 1522 haereticnm
3183 1485 3404 1525 accusa-

1885 1564 1991 1606 tum
2020 1573 2039 1606 ι
2080 1556 2241 1609 fuisse
2267 1556 2461 1609 diserte
2486 1557 2673 1609 scribit
2711 1555 3012 1625 Pamphilus
3040 1559 3089 1610 in
3114 1559 3358 1626 Apologia
3383 1576 3402 1622 ,-

1883 1650 1932 1692 et
1954 1654 2110 1707 quam
2136 1641 2382 1707 gravibus
2406 1649 2676 1708 peteretur
2701 1643 3008 1698 criminibus
3030 1645 3266 1698 declarat
3295 1645 3403 1712 ipsa

1882 1728 1993 1781 [nec
2028 1729 2294 1797 Apologia,
2338 1745 2456 1782 nam
2506 1747 2524 1780 ι
2555 1731 2724 1796 Ipsum
2763 1746 2950 1785 nomen
3003 1733 3350 1800 Apologctici,
3380 1752 3401 1785 ο

1883 1826 1940 1872 ut
1963 1819 2034 1870 ait
2061 1819 2404 1888 Hieronymus
2418 1821 2570 1888 epist.
2599 1821 2665 1873 65
2690 1821 2752 1873 ad
2775 1821 3079 1874 Pammacb.
3103 1833 3153 1877 et
3177 1823 3403 1886 0cean.,

195 1908 431 1964 Graeco
459 1911 708 1980 Origenis
746 1912 797 1964 in
844 1911 1068 1979 linguam
1119 1912 1356 1966 Latinam
1413 1913 1774 1967 transfudisse.

1886 1923 1904 1956 ι
1930 1907 2158 1960 ostendit
2189 1909 2608 1973 accusationem;
2652 1923 2752 1961 non
2783 1910 2924 1960 enim
2967 1910 3262 1962 defenditur
3304 1910 3403 1964 nisi

195 1999 445 2053 Auctor
491 2013 574 2053 est
610 2010 862 2068 praeterea
921 2001 1268 2070 Hieronymus
1309 2002 1559 2057 Enzoium
1603 2003 1780 2056 Caesa-

199 2089 479 2144 riensem
505 2092 806 2160 episcopum
834 2093 1071 2158 Gregorii
1098 2092 1414 2146 Nazianzeni
1447 2093 1780 2160 condiscipu-

196 2181 328 2232 lum
366 2191 432 2234 et
462 2181 744 2247 aequalem,
786 2198 804 2230 ε
839 2192 1134 2246 corruptam
1185 2180 1552 2234 bibliothecam
1599 2179 1780 2248 Orige-

195 2273 296 2325 nis
373 2282 442 2325 et
499 2271 756 2340 Pamphin
811 2272 862 2325 in
931 2273 1248 2324 membranis
1308 2270 1605 2323 instaurare
1663 2283 1781 2322 esse

195 2373 500 2413 conatum
531 2378 542 2412 :
573 2378 590 2410 ι
639 2359 980 2428 Origenianas
1018 2360 1175 2413 etiam
1210 2368 1385 2427 partes
1428 2366 1637 2411 secutos
1667 2371 1782 2411 esse

194 2448 421 2502 Titum
459 2449 771 2502 Bostrorum
797 2449 1092 2516 episcopum
1111 2486 1125 2508 ,
1155 2457 1210 2500 et
1236 2447 1506 2514 Didymum
1554 2445 1782 2523 Alesan-

194 2539 479 2600 ilrinum,
518 2551 675 2603 quem
723 2536 1109 2602 apertissimum
1150 2535 1445 2588 Adamantii
1486 2548 1782 2602 propugna-

193 2637 405 2681 torem
442 2625 696 2693 appellat,
724 2625 914 2692 quique
943 2625 1094 2677 editis
1133 2625 1181 2677 in
1219 2625 1379 2676 libros
1414 2623 1552 2691 Περὶ
1588 2623 1783 2692 ἀρχῶν

191 2714 713 2772 Commentariolis
741 2714 870 2766 nihil
908 2730 1008 2766 non
1051 2715 1402 2768 orthodoxum
1429 2715 1492 2768 iis
1525 2714 1780 2768 contineri

193 2807 536 2877 pertendit,
573 2804 1007 2871 quemadmodum
1048 2814 1100 2856 et
1135 2804 1407 2856 Eusebius.
1444 2804 1777 2858 Ambrosium

195 2909 459 2966 quoque
495 2891 959 2956 Mcdiolanensem,
989 2891 1264 2944 Eusebium
1295 2890 1702 2955 Vercellensem,
1729 2901 1782 2946 et

201 2985 582 3040 Victorinum
608 2980 1038 3033 Petabionensem
1067 2979 1225 3032 multa
1259 2979 1501 3048 Origenis
1525 2982 1604 3034 vel
1634 2981 1779 3034 Lati-

197 3076 389 3130 nitati
433 3075 688 3131 donasse,
720 3070 798 3122 vel
827 3070 1057 3122 imitatos
1085 3070 1246 3124 fuisse
1289 3072 1451 3130 tradit
1489 3072 1623 3125 idem
1658 3071 1781 3127 Hic-

1881 1997 2018 2064 quod
2048 1997 2098 2050 in
2123 1997 2344 2051 crimine
2373 2008 2485 2063 est;
2517 2017 2535 2046 ι
2580 1999 2850 2052 declarant
2875 2008 2926 2052 et
2962 2000 3224 2067 Apologia:
3252 2014 3401 2053 com-

1881 2088 2055 2155 plures
2080 2104 2196 2155 qnte
2219 2104 2246 2140 a
2273 2089 2449 2142 multis
2483 2091 2654 2156 magni
2698 2089 2925 2142 nominis
2967 2089 3097 2144 viris
3143 2089 3399 2158 Pamphili

1879 2181 2111 2241 tempore
2133 2189 2228 2242 pro
2253 2175 2476 2242 Origene
2499 2180 2809 2244 conscripta:
2829 2187 2968 2232 sunt.
2993 2178 3099 2230 Nec
3125 2190 3400 2248 repugnat,

1877 2265 2014 2334 quod
2038 2265 2360 2334 Augustinus
2389 2267 2760 2336 Hieronymum
2799 2279 2950 2338 rogat
2984 2286 3078 2339 per
3102 2272 3400 2338 epistolam,

1879 2365 1937 2408 ut
1961 2355 2057 2408 sibi
2081 2355 2325 2423 Origenis
2358 2370 2568 2410 errores
2601 2359 2834 2426 aperiat;
2867 2375 2984 2412 nam
3013 2370 3226 2429 propter
3251 2360 3403 2415 Grae-

1881 2460 1954 2500 cae
1979 2446 2167 2514 lingua:
2205 2445 2484 2512 inscitiam,
2523 2449 2575 2500 in
2619 2462 2680 2502 ea
2721 2450 3048 2518 ignoratione
3091 2451 3191 2507 fuit
3228 2452 3404 2524 Augu-

1877 2535 2070 2588 stinus.

1951 2623 2052 2677 Vll.
2084 2625 2268 2678 Adhuc
2311 2639 2431 2676 eum
2474 2623 2700 2694 Origene
2749 2629 3003 2695 praeclare
3044 2641 3220 2685 actum
3264 2641 3400 2698 erat,

1878 2725 2046 2779 neque
2073 2721 2276 2764 tantum
2307 2712 2378 2764 illi
2421 2712 2718 2780 ignominia:
2752 2717 3054 2770 inusserant
3091 2721 3402 2784 adversarii,

1879 2812 2126 2868 quantum
2150 2801 2490 2863 celebritatis,
2527 2803 2907 2858 inclarescente
2932 2807 2981 2857 in
3012 2807 3126 2859 dies
3147 2808 3402 2861 doctrinae

1880 2890 2036 2952 fama,
2067 2887 2235 2941 fuerat
2260 2889 2515 2956 adeptus;
2541 2906 2658 2944 cum
2681 2893 2941 2959 susceptis
2968 2894 3222 2959 quosdam
3263 2894 3402 2948 inter

1875 2977 2258 3030 ecclesiasticos
2299 2979 2441 3030 viros
2468 2979 2784 3041 inimicitiis,
2835 2982 3022 3047 partim
3062 2981 3402 3051 Origenismi,

1877 3067 2066 3135 partim
2105 3068 2297 3136 privati
2347 3069 2450 3122 odii
2499 3085 2681 3134 causa,
2716 3071 2961 3126 max-imis
3007 3073 3236 3127 mo'tibus
3283 3076 3400 3128 uui-

196 3177 524 3238 mny..ms.
568 3161 696 3213 Tam
739 3168 916 3228 aperte
943 3167 1117 3212 autem
1150 3159 1361 3229 origani
1395 3161 1612 3214 adhaesit
1642 3161 1776 3215 Gre-
1806 3197 1847 3253 ο
1869 3169 2031 3253 versa
2062 3155 2292 3209 Ecclesia
2333 3171 2586 3210 coocussa
2623 3167 2724 3211 est.
2769 3159 2916 3224 Quod
2946 3160 2988 3211 si
3017 3169 3266 3253 accurate
3291 3161 3400 3213 sin-

193 3259 421 3326 gorius
447 3242 719 3319 Nyssenus
741 3288 756 3314 ,
789 3258 845 3301 ut
875 3265 977 3302 non
1012 3264 1131 3302 eum
1171 3251 1338 3303 solum
1369 3263 1672 3318 prosecutus
1711 3253 1780 3306 sit

195 3345 515 3404 laudibus,
544 3339 636 3393 sed
665 3340 905 3406 dogmata
942 3339 1101 3392 etiam
1130 3338 1244 3406 ejus
1281 3339 1480 3408 aliquot
1511 3344 1733 3396 teimerit
1762 3359 1776 3394 :

194 3439 359 3488 adeo
414 3442 478 3484 ut
517 3428 584 3481 ab
626 3427 935 3495 Origenistis
983 3439 1226 3496 corrupta
1265 3429 1427 3497 ipsius
1468 3432 1683 3498 scripta.
1728 3441 1780 3486 et

195 3525 547 3578 adulterata
595 3517 842 3587 peculiari
879 3516 1013 3569 libro
1050 3519 1415 3575 demonstrare.
1444 3532 1663 3575 cenatus
1709 3522 1778 3576 sit

192 3615 548 3670 Germanus
582 3607 900 3676 patriarcha.
948 3609 1099 3674 cujus
1147 3619 1394 3676 excerpta
1444 3611 1600 3664 habet
1642 3612 1777 3664 Pho-

193 3703 322 3757 tius
357 3697 494 3752 cod.
519 3710 772 3750 ccvxxul.
801 3695 957 3748 Certe
981 3697 1030 3748 in
1060 3697 1411 3763 disputatione
1459 3701 1522 3752 de
1545 3702 1774 3765 homine,

194 3795 543 3848 animarum
572 3782 903 3854 προῦπαρξιν
940 3793 993 3837 et
1026 3787 1504 3854 μετενσωμάτωσιν
1534 3793 1776 3854 reprobat

193 3878 574 3949 Gregorius,
630 3890 658 3928 a
712 3874 925 3925 nomine
983 3885 1157 3926 autem
1227 3873 1470 3942 Origenis
1527 3879 1773 3932 absuinet.

197 3975 625 4035 Hieronymum
683 3977 890 4030 quoque
947 3963 1115 4031 ipsum
1162 3963 1318 4016 etiam
1355 3973 1463 4017 tum
1507 3965 1774 4032 juvenem,

194 4066 605 4132 portentosum
649 4052 890 4120 Origenis
923 4053 1205 4122 ingenium,
1252 4063 1306 4106 et
1349 4055 1631 4122 singularis
1658 4071 1775 4109 eru-

193 4153 358 4207 ditio
411 4150 486 4199 ita
519 4152 789 4211 ceperant,
836 4151 891 4195 nt
936 4143 986 4194 in
1026 4141 1137 4209 ejus
1175 4143 1355 4196 laudes
1393 4159 1531 4211 sazpe
1582 4160 1772 4200 excur-

196 4249 395 4298 reret,
438 4244 495 4286 et
521 4247 614 4300 pro
644 4245 789 4282 mero
812 4230 1107 4298 Origenista
1135 4231 1313 4284 haberi
1343 4243 1517 4298 posset
1542 4251 1556 4288 :
1590 4249 1771 4287 verum

192 4347 306 4400 per
377 4325 541 4393 ignes
595 4320 759 4372 cineri
815 4320 994 4372 doloso
1051 4322 1348 4387 suppositos
1420 4323 1664 4377 incedere
1716 4341 1774 4379 se

195 4416 463 4475 subinde
489 4410 809 4477 intelligens,
837 4411 1017 4477 pedem
1049 4409 1245 4472 retulit,
1271 4419 1327 4464 ut
1353 4412 1402 4464 in
1429 4415 1771 4480 sequentibus

1879 3241 1997 3310 gula
2025 3245 2319 3296 consectari
2355 3245 2506 3297 nobis
2529 3257 2670 3298 esset
2710 3249 3056 3314 propositum,
3096 3247 3147 3300 in
3183 3248 3400 3301 immen-

1877 3350 1993 3390 sum
2045 3345 2308 3388 cresceret
2351 3336 2486 3388 istud
2523 3350 2686 3401 opus,
2736 3345 2788 3388 et
2841 3336 2973 3391 ultra
3024 3337 3402 3404 circumseptos

1878 3424 2228 3480 lucubrationi
2291 3425 2414 3479 huic
2466 3428 2726 3482 cancellos
2785 3443 3226 3492 excurreremus,
3275 3429 3403 3483 adeo

1877 3513 2027 3578 longa
2058 3524 2138 3568 est
2168 3515 2379 3582 injuria,
2402 3515 2566 3584 longa:
2590 3517 2866 3584 ambages;
2893 3519 2983 3571 sed
3021 3533 3224 3572 summa
3269 3519 3400 3573 ditii-

1877 3613 2022 3657 taxat
2054 3620 2226 3657 rerum
2269 3605 2474 3672 fastigia
2501 3621 2899 3674 persequemur.
2937 3607 3082 3672 Quod
3119 3618 3173 3661 ut
3215 3610 3400 3664 ordine

1875 3698 2140 3762 procedat,
2170 3711 2254 3749 res
2283 3695 2437 3748 altius
2481 3698 2760 3764 repetenda
2803 3705 2904 3750 est.
2945 3698 3318 3754 Consentiente
3346 3700 3396 3752 in

1873 3784 2112 3850 Origenis
2141 3785 2323 3838 laudes
2359 3795 2468 3837 toto
2503 3787 2877 3853 propemodum
2903 3789 3055 3850 orbe,
3086 3789 3303 3856 contigit
3343 3801 3401 3841 ut

1874 3874 2108 3927 nonnulli
2157 3876 2366 3943 egregia
2423 3876 2540 3942 ejus
2585 3877 2722 3929 dicta
2772 3877 3013 3946 factaque
3069 3895 3163 3946 pro
3211 3881 3400 3941 merito

1871 3962 2211 4025 demiranles,
2244 3962 2408 4028 ipsius
2438 3963 2596 4014 etiam
2639 3978 2848 4016 errores
2887 3980 3071 4030 parum
3117 3969 3398 4034 prudenter

1873 4057 2162 4110 tuerentur,
2190 4051 2380 4103 studiis
2411 4050 2520 4103 suis
2547 4053 2806 4104 moderari
2841 4054 3162 4117 nescientes,
3211 4054 3398 4123 Orige—

1872 4139 2028 4203 nlque
2067 4147 2206 4189 recte
2231 4138 2475 4190 sentienti
2509 4139 2890 4203 adhzerescerc,
2919 4143 3116 4194 erranti
3157 4146 3394 4197 nuntium

1872 4227 2156 4279 remittere.
2176 4225 2309 4279 Hinc
2329 4227 2513 4294 duplex
2547 4229 2740 4294 prodiit
2770 4229 3180 4298 Origenistarmn
3208 4247 3392 4300 genus,

1869 4315 2289 4385 orthodoxoruml
2349 4326 2400 4371 et
2467 4319 2928 4374 heterodoxorum.
2987 4319 3129 4375 Inter
3210 4327 3395 4378 ortho~

1870 4405 2032 4459 doxos
2061 4405 2326 4474 ponimus,
2361 4407 2448 4472 qui
2477 4410 2715 4474 proxime
2757 4408 2951 4462 lauda-ti
2993 4419 3136 4474 sunt,
3179 4411 3390 4481 Origeni

194 4503 653 4564 declarahimus.
696 4498 801 4551 Nec
850 4507 926 4550 tot
976 4507 1146 4550 tamen
1198 4499 1498 4568 Origeniani
1542 4503 1768 4557 nominis
1798 4499 1840 4553 D
1869 4510 2073 4548 summa
2108 4495 2288 4549 omnia
2317 4495 2516 4548 calculo
2547 4511 2641 4550 suo
2674 4498 2981 4562 trilmentes,
3037 4501 3100 4553 ab
3154 4501 3268 4568 ejus
3315 4507 3392 4555 vel

195 4593 476 4667 patronis
539 4588 805 4642 absterriti
848 4599 968 4641 sunt
1011 4576 1315 4641 Theodorus
1359 4589 1765 4659 Mopsuestenus

193 4699 255 4743 et
287 4680 658 4752 Apollinaris,
691 4677 969 4745 quominus
1007 4676 1077 4729 illi
1119 4678 1288 4744 palam
1333 4679 1418 4733 hic
1446 4681 1767 4744 detraheret,

195 4780 302 4832 ille
337 4769 532 4824 multis
557 4769 715 4820 etiam
742 4766 951 4833 scriptis
989 4767 1250 4832 opusculis
1283 4781 1643 4837 oppugnaret;
1677 4774 1766 4826 sed

192 4868 358 4923 levis
396 4869 483 4915 est
513 4856 761 4911 momenti
795 4857 1158 4909 luereticorum
1204 4857 1470 4910 hominum
1500 4860 1765 4914 obtrecta-

195 4962 310 5014 tio.
363 4952 574 5005 Auctor
605 4961 813 5015 quoque
855 4944 1207 5014 Dialogorum,
1241 4948 1329 5013 qui
1359 4948 1587 5001 Ciesario
1629 4949 1764 5004 Gre-

194 5045 361 5117 gorii
431 5037 753 5092 Nazianzeni
821 5035 971 5088 fratri
1028 5044 1382 5098 ascrmuntur,
1446 5047 1499 5089 et
1552 5037 1762 5092 Maximi

200 5148 412 5194 tamen
465 5129 690 5183 Czcsario
748 5123 1086 5188 recentioris,
1143 5134 1194 5176 et
1250 5123 1487 5193 Gregorii
1542 5124 1762 5194 Nysseui

201 5219 551 5294 fragmentis
581 5216 701 5270 farti
738 5221 889 5277 sunt;
920 5223 1121 5276 auctor,
1167 5214 1397 5281 inquam,
1441 5215 1527 5267 ille
1553 5217 1616 5269 de
1645 5216 1762 5271 Ori-

198 5328 362 5390 gene
425 5307 561 5363 male
606 5307 770 5360 sensit
817 5317 878 5356 ac
927 5303 1137 5370 scripsit
1183 5303 1244 5366 ⁸⁸,
1308 5303 1592 5372 μυθολόγον
1644 5319 1762 5357 eum

200 5401 521 5476 appellans,
552 5395 716 5456 ἀκοὰς
769 5395 860 5463 μὲν
909 5393 1178 5460 Θέλγοντα,
1233 5392 1404 5462 ψυχὰς
1439 5393 1493 5445 δὲ
1537 5394 1596 5445 οὐ
1635 5394 1759 5463 τρέ-

201 5505 431 5568 φοντα·
473 5505 490 5538 ι
518 5487 685 5538 Aures
727 5482 937 5550 quidem
982 5482 1326 5544 mulcentem,
1377 5483 1582 5534 animas
1637 5497 1759 5534 vero

203 5583 449 5641 minime
516 5571 920 5633 nutrientemu
986 5579 1038 5623 et
1086 5570 1182 5635 τῆς
1238 5570 1399 5639 ὀργῆς
1454 5568 1754 5639 ἐπώνυμον,

1870 4584 2219 4646 discedentes,
2259 4587 2338 4638 vel
2370 4586 2640 4638 discedere
2675 4599 2887 4653 paratos
2913 4590 3201 4653 erroribus,
3238 4593 3394 4646 simul

1867 4686 2024 4743 atque
2059 4675 2279 4728 fuissent
2311 4677 2589 4743 perspecti,
2641 4685 2693 4729 et
2740 4677 2808 4730 ab
2861 4677 3091 4733 Ecclesia
3138 4681 3389 4736 damnati.

1866 4764 2052 4816 Iisdem
2073 4779 2415 4818 accensemus
2439 4764 2691 4818 Joannem
2720 4764 3175 4834 Clirysostomum,
3224 4771 3394 4824 Theo-

1869 4855 2050 4906 timum
2075 4853 2430 4917 Tomitanum,
2457 4855 2723 4922 etaliquos
2743 4872 2808 4909 ex
2836 4858 2900 4910 iis
2926 4873 3056 4925 quos
3077 4859 3388 4928 Origenismi

1865 4957 2022 4995 causa
2049 4951 2266 4996 vexatos
2301 4942 2460 4995 fuisse
2490 4943 2623 4996 infra
2659 4947 3024 5009 narrabimus;
3054 4949 3392 5001 heterodoxis

1866 5031 2176 5084 ascribimus
2199 5029 2470 5098 Dydimum
2500 5030 2929 5097 Alexandrinum,
2954 5032 3210 5086 Joannem
3241 5034 3390 5087 Jero-

1864 5119 2256 5188 solymitanum,
2289 5119 2570 5187 Evagrium
2605 5119 2901 5185 Ponticum,
2929 5121 3213 5174 Palladium
3239 5123 3392 5175 Gala-

1865 5219 1992 5272 tam,
2023 5207 2274 5261 lsidorum
2301 5249 2315 5273 ,
2379 5209 2647 5272 Rufinum,
2695 5219 2749 5264 et
2793 5211 3090 5278 complures
3121 5225 3185 5260 ex
3220 5209 3382 5277 Egy-

1864 5300 1986 5366 ptiis
2038 5299 2307 5353 monachis
2361 5300 2450 5368 qui
2499 5298 2724 5352 Nitriam
2792 5311 3019 5352 montem
3051 5297 3385 5359 incolebant,

1865 5403 2099 5456 quosque
2121 5389 2461 5456 'Origeuismi
2500 5403 2704 5442 veneno
2734 5390 2930 5456 primos
2962 5383 3122 5435 fuisse
3156 5385 3390 5438 imbutos

1865 5479 2277 5533 narratNicetas
2305 5479 2551 5532 Thesaur.
2600 5477 2803 5529 orthod.
2846 5474 2937 5539 ῥά.
2971 5469 3090 5521 libr.
3133 5486 3210 5533 iv,
3259 5475 3386 5527 baer.

1861 5569 1948 5621 51.
2001 5567 2257 5622 Peculiari
2296 5567 2676 5622 commentario
2719 5559 3040 5628 Origenistas
3097 5564 3390 5614 monachos

291 5691 340 5720 η
367 5686 510 5738 mer.
541 5681 615 5758 ιρι
648 5679 820 5755 script.
858 5681 1028 5758 scalas.
1073 5681 1121 5732 in
1162 5679 1392 5758 Hilario;
1423 5689 1474 5732 et
1505 5680 1863 5758 librardpol.
1907 5681 2053 5758 adv.__
2075 5679 2242 5758 liii/in.
2269 5695 2384 5758 cap.
2420 5679 2473 5739 2,
2508 5686 2561 5730 et
2762 5687 2819 5736 ιι,
2850 5682 2898 5721 c.
2928 5664 2995 5727 ὃς
3073 5678 3129 5721 et
3180 5672 3390 5743 Prolog.

205 5767 270 5818 iu
305 5759 426 5811 libr.
462 5767 498 5804 Il
531 5748 729 5801 Comm.
752 5742 809 5796 in
865 5745 1040 5812 Micio,
1075 5759 1127 5801 et
1154 5751 1306 5817 epist.
1331 5749 1416 5813 75,
1449 5749 1564 5801 adv.
1597 5748 1944 5816 Vigilantiam.
2022 5749 2061 5781 ¹’⁰
2095 5742 2297 5813 Dialog.
2326 5742 2377 5809 3,
2416 5761 2551 5802 rcSD.
2593 5742 2708 5794 15L
