3920 6456
185 392 340 445 112¹ἰ
1107 397 1651 454 ORIGENIA‘NORUM
1687 395 1812 448 LIB.
1848 394 1910 451 ll.
1950 393 2095 447 CAP.
2136 394 2223 455 IV,
2267 394 2456 449 SECT.
2488 393 2526 450 I.
3233 400 3370 458 1126

184 519 292 570 pro
323 506 510 564 brutis
552 513 746 568 habent
778 514 1162 576 animantibus,
1213 525 1268 568 et
1312 523 1497 567 vocant
1546 513 1742 582 πηλου-
1777 521 1814 572 Α
1847 508 2106 562 Palladius
2157 511 2208 561 in
2258 509 2545 574 Lamiacis,
2605 520 2737 566 sect.
2785 511 2850 565 78
2902 521 2956 568 et
3001 515 3368 583 sequentibus,

185 593 432 658 σιώτας,
465 614 533 651 eo
561 602 700 666 quod
745 601 796 654 in
836 601 943 654 luto
985 602 1133 655 istius
1179 601 1412 667 corporis
1452 600 1737 661 constituti,
1842 603 1963 655 item
1994 601 2278 664 sect.124,
2305 601 2788 672 Hieronymumqne
2825 603 3089 672 suggillat.

185 694 303 734 non
339 685 624 750 possimus
649 689 846 741 sentire
866 687 1150 743 cadestia.»
1185 688 1457 758 Egyptios
1487 687 1743 755 praecipue
1909 689 1999 745 IX.
2027 691 2100 742 At
2134 689 2392 744 Joannem
2415 691 2916 760 Jerosolymitanum
2951 692 3227 761 praesulem
3253 692 3363 762 jam

185 773 529 837 monachos.
570 777 706 843 apud
727 791 859 844 quos
889 777 1111 830 maxime
1153 779 1315 844 viguit
1361 775 1740 844 Origenismus,
1841 780 2195 834 labesistbaac
2223 781 2568 848 corripuerat.
2622 781 2671 834 Is
2709 792 2830 836 ante
2867 782 3110 850 adeptum
3160 784 3364 852 episco-

185 859 427 926 ingenio
471 863 585 916 fere
628 864 786 918 fuisse
829 866 1061 932 inquieto
1107 877 1160 919 et
1188 866 1415 928 turbido,
1467 877 1520 917 et
1567 879 1741 917 rerum
1841 877 2020 936 patum
2052 867 2360 932 monachus,
2391 867 2605 920 Arianis
2635 877 2687 922 et
2729 869 3116 924 Macedonianis
3159 886 3363 924 accom-

183 962 470 1003 novarnm
513 955 1190 1021 studioso,pr0ptereaqne
1228 955 1277 1006 in
1307 955 1483 1006 varias
1516 954 1743 1007 haereses
1843 957 2150 1010 modaverat
2211 969 2389 1017 aures,
2449 955 2618 1022 iisque
2669 957 2866 1010 relictis
2915 960 2980 1011 ad
3039 959 3363 1026 pontiﬁciam

183 1035 467 1092 incidisse
495 1039 689 1094 litteris
713 1043 974 1109 proditmn
998 1052 1100 1096 est.
1130 1042 1254 1095 lude
1279 1042 1515 1104 Aeriani,
1559 1042 1743 1094 Eusta-
1839 1046 2151 1115 dignitatem
2205 1055 2418 1098 evectus
2465 1043 2783 1112 Origenistis
2839 1062 2953 1101 sese
3014 1048 3358 1116 applicuerat.

185 1124 398 1188 lbiani,
450 1129 1035 1198 Antbropomorphitze,
1077 1129 1361 1192 Joviniani,
1413 1129 1741 1197 Eutycbiani,
1841 1135 2004 1204 IEgre
2027 1135 2076 1187 id
2099 1133 2444 1187 tulitscilicet
2471 1134 2794 1201 Epiphanius
2825 1135 3142 1190 Salaminius
3162 1136 3364 1204 episco-

182 1213 402 1282 aliique
438 1217 492 1270 id
523 1231 691 1286 genus
733 1221 966 1272 sexcenti
1001 1220 1241 1287 prodiere
1272 1237 1285 1272 :
1325 1227 1377 1273 et
1413 1234 1440 1270 a
1471 1221 1742 1273 vetustiori
1842 1238 1939 1289 pus
1979 1237 2072 1288 pro
2098 1236 2160 1275 eo
2179 1236 2241 1274 ac
2279 1222 2492 1286 debuit,
2519 1233 2569 1274 et
2598 1222 2785 1275 blande
2818 1237 2995 1276 coram
3026 1225 3202 1278 multis
3229 1240 3363 1291 prte-

179 1317 418 1372 quoqne
449 1324 568 1361 aevo
623 1308 911 1363 Meletianis
937 1317 990 1362 et
1039 1309 1248 1362 Arianis
1280 1309 1573 1376 haerentes,
1605 1310 1745 1362 anti-
1841 1326 1964 1364 sens
2023 1319 2339 1379 prmsentem
2385 1311 2583 1363 erroris
2635 1311 3054 1372 commonefecit,
3117 1329 3220 1380 quo
3277 1313 3363 1366 ille

179 1395 377 1445 stitetn
439 1411 598 1449 suum
662 1400 1003 1452 Athanasium
1053 1399 1258 1466 probris
1312 1399 1558 1451 ﬁxerunt.
1587 1397 1733 1452 Unde
1842 1416 1957 1454 cum
1983 1399 2246 1468 partiariis
2280 1412 2448 1463 usque
2488 1398 2619 1450 adeo
2647 1399 2950 1460 excanduit,
2993 1408 3048 1451 ut
3075 1399 3363 1468 Epiphanio

179 1481 572 1554 Hieronymus
622 1490 832 1557 Apolog.
883 1491 1086 1542 advers.
1137 1487 1312 1555 Ruﬁn.
1364 1489 1482 1540 libr.
1515 1505 1590 1547 Ill.
1626 1505 1741 1558 cap.
1841 1483 2504 1552 AntbrOpomorpbitarum
2549 1482 2790 1535 hmresim
2827 1485 3032 1549 publice
3077 1485 3360 1552 obji‘ceret;

181 1571 264 1626 7:
341 1593 364 1626 ι
401 1577 670 1631 (Σοηιθηιιὶ
746 1578 1080 1650 Egyptum,
1152 1577 1364 1631 lustravi
1429 1581 1742 1633 monasteria
1841 1587 2095 1640 suamque
2145 1580 2290 1623 tanta
2348 1571 2635 1637 pertinacia
2697 1570 2956 1634 defendit,
3011 1582 3067 1624 ut
3121 1575 3360 1626 eumdem

177 1660 425 1727 Nitriae,
455 1675 514 1718 et
564 1667 701 1721 inter
738 1679 1038 1722 sanctorum
1078 1667 1288 1733 choros,
1328 1669 1535 1736 aspides
1583 1669 1744 1724 latere

1842 1661 2187 1730 Epiphanium
2223 1659 2414 1712 habitre
2447 1674 2564 1710 cum
2604 1657 2705 1710 illis
2758 1661 3144 1713 communionis
3192 1661 3363 1727 pumi-

178 1755 472 1820 perspexi.
512 1773 531 1806 i
1842 1759 1991 1802 teret.
2027 1749 2160 1801 llinc
2199 1746 2448 1800 efferatus
2492 1743 2724 1798 Joannes
2759 1747 2935 1799 animo
2972 1748 3174 1802 rixandi
3211 1749 3364 1801 avido

1770 1820 2024 1892 Bcausas
2047 1838 2291 1891 vindictae
2335 1836 2622 1904 quaerebat,
2683 1851 2799 1888 cum
2855 1850 2977 1890 ecce
3027 1839 3360 1891 commodum

247 1928 407 1983 VIII.
441 1932 522 1987 Ex
550 1935 650 1988 hoc
684 1949 951 1992 naereseon
997 1947 1052 1992 et
1088 1939 1453 1998 haereticorum
1511 1946 1738 1998 semina-

1837 1925 2200 1978 Paulinianum
2283 1922 2584 1992 Hieronymi
2668 1923 2884 1975 fratrem
2961 1925 3013 1977 in
3085 1925 3361 1980 Palmstina

173 2018 257 2072 rio
285 2018 632 2089 Origenistaa
670 2026 974 2081 heterodoxi
1019 2033 1355 2086 exstiterunt.
1400 2034 1588 2086 Narrat
1618 2037 1738 2103 Epi-
1836 2025 1986 2067 “"3
2043 2013 2295 2064 dilio'm“
2343 2026 2494 2103 5mm“
2537 2010 2862 2077 Epil’h“"i“s
2891 2049 2905 2074 ν
2959 2012 3179 2066 imum“
3242 2015 3364 2068 “‘3‘”

172 2109 435 2175 phanius
467 2113 598 2166 hzrr.
634 2113 721 2178 64,
754 2130 871 2184 cap.
904 2117 956 2180 4,
1000 2120 1050 2171 ἰη
1086 2120 1311 2189 Ᾱὲεγριο
1354 2125 1578 2190 primum
1619 2099 1738 2193 pro—

1836 2119 1900 2156 ac
1958 2101 2304 2155 reluctantem
2340 2139 2356 2164 ,
2432 2099 2496 2152 ad
2566 2100 2876 2154 diaconatus
2939 2109 2992 2153 ct
3053 2104 3362 2172 presbyterii

171 2207 458 2268 pagatum
511 2199 899 2268 Origeniqmum
946 2206 1081 2270 apud
1131 2189 1404 2275 Aggyluins
1457 2189 1738 2265 ιηοηεξιηη
1837 2194 2141 2262 dignitatem
2201 2191 2482 2260 promovit.
2553 2189 2706 2242 Multa
2762 2191 2969 2260 publice
3022 2201 3073 2244 et
3118 2190 3363 2260 privatim

170 2299 276 2341 suo
306 2297 574 2354 tempore
597 2287 864 2342 ﬂoruisse.
911 2289 986 2342 Ac
1030 2291 1252 2358 prinnnn
1290 2293 1510 2347 Melania
1542 2297 1736 2361 senior,
1837 2289 2152 2347 εοηίιυοειυε
2208 2289 2290 2332 εει
2345 2279 2606 2342 Joannes.
2659 2295 2770 2332 rem
2817 2294 2933 2332 sese
2975 2282 3115 2348 ³Ρ¹¹ί¹
3180 2295 3364 2334 0⁸³⁸³³0⁸

170 2375 398 2429 nobilis
453 2377 684 2438 femina,
740 2391 857 2431 cum
909 2378 1078 2446 patria
1132 2380 1310 2433 relicta
1360 2373 1738 2451 Jerosolymam
1839 2384 1932 2438 Per
1985 2369 2191 2421 “ueras
2254 2368 2622 2436 evulsaluwm
2687 2367 2970 2430 ιιιῖηῑιειιιες
3046 2369 3096 2421 in
3177 2383 3240 2421 ΘΟ
3307 2383 3364 2422 se

167 2468 420 2536 pietatis
447 2481 610 2520 causa
636 2469 968 2532 concederet,
1008 2471 1146 2522 facta
1177 2471 1312 2524 inter
1342 2471 1520 2526 Nitriae
1555 2489 1737 2528 mona~

1839 2457 2016 2510 Iasum
2076 2455 2292 2522 insuper
2345 2454 2588 2516 addens,
2657 2455 2794 2520 quod
2860 2469 2978 2506 cum
3041 2455 3146 2506 Deo
3207 2469 3361 2508 sacra

167 2560 313 2613 chos
392 2558 666 2611 mensium
723 2559 925 2627 aliqua;
979 2576 1147 2625 mora,
1200 2562 1444 2630 adilqu
1499 2565 1737 2633 Didymo,
1839 2547 2033 2598 faceret
2061 2544 2377 2612 Epiphanius
2398 2542 2790 2633 diceresoleret
2835 2557 2850 2594 :
2902 2542 3135 2606 Domine,
3175 2556 3364 2611 prmia

169 2649 553 2716 Origenianis
587 2648 692 2702 illic
716 2651 984 2704 erroribus
1025 2667 1124 2705 una
1154 2668 1272 2706 cum
1311 2654 1496 2708 Ruﬁno
1538 2632 1740 2710 itineris

1837 2635 2047 2698 Joanni,
2083 2643 2136 2686 ut
2171 2646 2300 2686 recte
2331 2634 2522 2686 credat.
2564 2632 2777 2699 Objecta
2804 2634 3026 2686 crimina
3057 2635 3212 2686 diluit
3241 2634 3365 2703 Epi-

166 2739 400 2791 comite
461 2735 656 2790 infecta
709 2747 808 2792 est.
878 2740 1112 2808 contigit
1170 2740 1295 2794 illud
1351 2744 1492 2796 circa
1544 2758 1738 2797 annum
1838 2719 2063 2800 phanius
2116 2728 2228 2781 miti
2277 2727 2517 2796 epistola,
2575 2741 2692 2795 quae
2738 2727 2873 2778 inter
2927 2725 3364 2796 llieronymianas

166 2827 400 2881 Clu-isti
459 2825 584 2880 572.
609 2825 722 2892 Quo
747 2837 979 2896 tempore
1017 2830 1288 2897 epistolam
1316 2831 1461 2885 dedit
1489 2833 1556 2885 ad
1591 2832 1737 2900 Ruﬁ-
1839 2834 2054 2875 numero
2069 2819 2391 2888 sexagesima
2422 2819 2643 2871 habetur
2668 2817 2764 2880 ‘7‘;
2798 2817 2848 2870 in
2900 2830 3002 2886 qua
3033 2831 3132 2868 non
3167 2826 3270 2868 tam
3298 2831 3356 2870 se

167 2933 300 2970 num
347 2916 719 2985 Hieronymus
749 2917 816 2982 ",
843 2934 944 2986 qua
967 2920 1032 2973 ad
1055 2935 1112 2975 se
1138 2921 1188 2974 in
1213 2920 1425 2991 Syriam
1455 2932 1511 2976 ut
1541 2923 1735 2988 veniat,
1838 2912 2124 2980 appetitum
2160 2912 2224 2963 ab
2255 2924 2317 2962 eo
2344 2907 2625 2977 signiﬁcat,
2663 2915 2877 2975 propter
2907 2905 3204 2972 impositum
3227 2902 3364 2955 Pau—

165 3010 368 3062 amice
402 3007 621 3061 invitat.
650 3006 930 3077 Postquam
959 3020 1130 3063 autem
1155 3010 1491 3079 Jerosolymze
1513 3011 1740 3066 ﬁxerunt

1838 3001 2037 3054 liniano
2065 2997 2372 3068 presbyterii
2400 2998 2758 3051 characterem
2802 3003 2952 3047 extra
2998 3009 3148 3047 suam
3205 2995 3364 3046 ditio-

166 3100 409 3162 sedem,
446 3096 689 3150 fovendis
711 3099 1002 3167 peregrinis
1021 3137 1036 3163 ,
1065 3108 1118 3152 et
1135 3099 1290 3155 rebus
1319 3101 1736 3166 Christianorum
1761 3142 1804 3199 ϐ
1841 3108 1980 3157 nem.
2011 3107 2130 3146 cum
2163 3091 2213 3146 id
2242 3092 2292 3144 in
2311 3090 2656 3153 monasterio.
2685 3103 2796 3144 non.
2823 3087 2873 3139 ῖυ
2899 3087 3146 3156 Ρθτοθιιίθ
3177 3085 3363 3140 103m“

167 3189 180 3199 ο
380 3185 418 3199 ιο
498 3198 506 3199 κ
571 3198 575 3199 ,
680 3194 690 3199 -
1279 3196 1287 3199 _
1722 3197 1729 3199 ξ
1845 3182 2061 3199 μηι.⁶Α-.-
2123 3194 2144 3199 _
2190 3193 2240 3199 ,Α
2272 3179 2462 3199 ἔ--...--..
2511 3186 2643 3199 ---ηε
2715 3187 2757 3199 Α·
2797 3186 3000 3199 ..ΑΑΑηιΑ
3045 3177 3180 3199 2--.-..
3211 3176 3363 3199 Pun”:

161 3185 453 3254 iuvandis
486 3198 615 3252 opes
644 3194 698 3238 et
733 3199 945 3254 operam
987 3196 1382 3253 consumentes,
1415 3197 1738 3258 exceperunt
1762 3176 1804 3199 "
1837 3182 2068 3250 subjecta
2120 3194 2148 3231 a
2187 3193 2244 3233 So
2272 3179 2465 3232 factum
2506 3186 2670 3240 esset.
2711 3187 2770 3240 et,
2797 3186 3006 3247 recepta
3045 3177 3180 3234 inter
3211 3176 3364 3246 Cypri

166 3275 497 3344 Evagrium
568 3272 840 3328 Ponticum
906 3274 1364 3344 Constantinopoli
1430 3285 1605 3330 certas
1669 3277 1736 3330 ob

1835 3272 2106 3341 episcopos
2145 3269 2524 3334 consuetudine
2570 3267 2743 3321 facere
2793 3266 2995 3329 liceret,
3031 3281 3186 3334 quant
3226 3269 3364 3333 quod

165 3379 396 3421 causas
437 3364 820 3426 discedentem,
865 3364 1131 3433 ipsiusque
1178 3366 1354 3420 animo
1412 3367 1608 3435 primos
1643 3365 1736 3420 Ni-
1833 3362 2080 3416 violatam
2113 3357 2445 3430 Origenianis
2475 3356 2804 3426 dogmatibus
2834 3356 2990 3410 ﬁdem
3025 3355 3146 3410 huic
3169 3369 3363 3423 expro-

169 3454 424 3509 triensis
446 3451 764 3519 Origeuismi
797 3461 942 3505 satus
965 3463 1324 3520 asperserunt.
1359 3452 1433 3505 Ita
1463 3454 1738 3507 institutus
1835 3455 2058 3506 brasset.
2085 3449 2270 3518 Capite
2313 3462 2438 3500 vero
2485 3448 2636 3500 tertio
2673 3448 2784 3499 haec
2821 3445 3002 3510 scribit
3032 3461 3048 3497 :
3079 3463 3098 3495 ι
3131 3444 3290 3500 Doleo
3313 3454 3367 3500 et

168 3541 490 3610 Evagrius,
539 3549 592 3592 et
632 3554 660 3590 a
687 3537 911 3590 Melania
963 3549 1106 3593 veste
1153 3540 1443 3594 monastica
1503 3556 1565 3595 ex
1613 3549 1736 3594 voto
1833 3542 1982 3594 valde
2009 3540 2183 3604 doleo,
2209 3538 2396 3592 videns
2413 3536 2936 3606 plurimosfratrum,
2964 3543 3014 3588 et
3041 3549 3369 3603 eorumlprae-

169 3635 442 3692 indutus,
467 3629 519 3680 in
557 3627 838 3697 Egyptum
873 3630 1034 3692 abiit,
1068 3637 1122 3681 et
1163 3638 1440 3698 postquam
1479 3645 1597 3682 cum
1642 3631 1734 3682 Di-
1831 3634 1982 3699 cipue
2011 3631 2096 3697 qui
2128 3629 2504 3697 professionem
2532 3628 2727 3680 habent
2757 3642 2859 3678 non
2910 3625 3200 3689 minimam,
3230 3635 3281 3677 et
3313 3624 3368 3677 in

169 3723 352 3790 dymo
380 3731 706 3786 congressus
730 3726 829 3777 est,
864 3716 914 3769 in
937 3716 1121 3769 Nitriae
1157 3717 1368 3769 tandem
1399 3719 1735 3772 monasteriis
1831 3720 2049 3788 gradum
2089 3733 2297 3788 quoque
2334 3716 2612 3770 sacerdotii
2662 3715 2946 3768 maximum
2991 3721 3367 3781 pervenerunt,

171 3824 304 3862 sese
364 3806 598 3868 abdidit,
645 3812 698 3857 et
742 3804 878 3856 inter
928 3803 1176 3857 ﬂorentes
1233 3804 1342 3857 illic
1405 3804 1735 3872 Origenistas
1830 3806 2250 3878 ejns(0rigenis)
2287 3803 2714 3874 persuasionibus
2743 3805 3010 3869 deceptos,
3047 3811 3100 3853 et
3148 3815 3366 3868 perver-

173 3912 394 3954 nomen
426 3895 596 3948 dedit.
621 3894 817 3946 Auctor
848 3903 927 3946 est
953 3893 1300 3962 Hieronymus
1322 3894 1373 3947 in
1411 3892 1640 3961 Epistola
1668 3896 1732 3947 ad
1829 3898 2036 3950 sissima
2082 3896 2323 3950 doctrina
2357 3894 2505 3946 cibos
2546 3893 2717 3946 factos
2750 3905 2865 3944 esse
2893 3889 3103 3944 diaboli.
3137 3907 3154 3940 ι
3215 3887 3366 3944 Unde

170 3985 627 4054 Ctesiphontem,
665 3997 780 4050 cap.
805 3981 860 4046 2,
889 3984 1157 4049 scripsisse
1191 3981 1336 4036 illmn
1381 3983 1445 4036 ad
1476 3983 1730 4052 virgines,
1831 3996 2046 4054 apparet
2076 4000 2230 4050 quam
2263 3982 2458 4035 multos
2480 3981 2586 4046 jam
2630 3989 2739 4032 tum
2773 3979 3087 4045 Origenismi
3131 3991 3257 4028 aura
3289 3976 3368 4028 af-

167 4077 242 4129 ad
280 4069 614 4130 monachos,
645 4076 698 4120 et
719 4087 735 4118 ι
776 4070 840 4120 ad
878 4083 992 4120 eam
1036 4069 1185 4136 cuius
1219 4085 1406 4122 nomen
1445 4071 1733 4140 nigredinis
1828 4074 2023 4127 ﬁxisset.
2049 4073 2263 4124 Demum
2289 4073 2340 4121 in
2368 4072 2479 4123 haec
2503 4068 2662 4121 verba
2687 4066 2959 4120 concludit
2985 4079 3000 4116 :
3030 4081 3048 4114 ι
3078 4064 3364 4116 Palladium

169 4171 434 4218 testatur
482 4158 714 4226 perﬁdize
767 4160 1048 4212 tenebras»
1095 4158 1407 4228 (Melaniam
1467 4162 1730 4216 seniorem
1830 4177 1954 4216 vero
1973 4159 2605 4227 Galatamqniquondam
2629 4156 2783 4209 nobis
2805 4157 3000 4228 charus
3024 4155 3369 4216 fuit,etnune

168 4245 469 4316 intellige)
501 4253 555 4297 et
578 4244 806 4298 edidisse
831 4246 1045 4311 insuper
1073 4226 1260 4299 librum
1285 4248 1421 4315 Περὶ
1453 4248 1732 4314 ἀπαθείας
1835 4250 2201 4308 misericordia
2239 4226 2328 4302 hei
2363 4226 2580 4317 indiget,
2607 4260 2754 4307 cave,
2781 4226 2900 4312 quia
2939 4243 3179 4310 Origems
3207 4243 3370 4295 lia-rc-

169 4353 290 4407 quo
317 4333 541 4400 insigne
571 4330 812 4398 Origenis
833 4331 1020 4400 dogma
1065 4347 1221 4401 supra
1254 4348 1284 4386 a
1315 4350 1399 4388 me
1425 4335 1728 4388 ventilalum
1829 4343 1926 4395 sim
1951 4341 2201 4410 praedicat
2223 4348 2276 4392 et
2300 4341 2473 4402 docet,
2494 4351 2558 4390 ne
2586 4334 2721 4388 forte
2743 4335 2947 4400 aliquos
2968 4333 3030 4386 de
3059 4331 3248 4401 populo
3273 4321 3366 4383 tibi

171 4423 612 4484 continebatur;
653 4420 816 4474 libros
851 4435 974 4473 vero
1023 4421 1184 4488 ipsius
1230 4437 1258 4475 a
1310 4423 1500 4477 Ruﬁno
1541 4424 1729 4479 Latine
1765 4469 1804 4523 υ
1831 4431 2032 4484 credito
2072 4428 2135 4481 ad
2167 4426 2562 4494 perversitatem
2593 4423 2670 4474 sui
2711 4422 2921 4472 inducat
2945 4419 3200 4472 erroris.»
3238 4417 3367 4470 Data

173 4520 586 4583 interpretatos
622 4509 958 4564 Occidentem
985 4511 1267 4566 lectitasse.
1301 4513 1513 4582 Appulit
1544 4517 1729 4570 eodem
1765 4507 1803 4523 ν
1839 4530 1920 4572 est
1941 4519 2052 4572 haec
2070 4516 2293 4586 epistola
2322 4529 2462 4568 anno
2483 4513 2679 4567 Christi
2706 4510 2829 4570 392.
2861 4510 3085 4564 Arcadio
3110 4507 3369 4562 etRuﬁno

173 4609 403 4675 aliquot
432 4609 553 4671 post
582 4600 736 4652 annis
775 4599 1035 4654 Palladius
1073 4601 1254 4655 Galata
1274 4642 1290 4666 ,
1329 4613 1382 4656 et
1419 4605 1644 4658 triennio
1683 4605 1734 4658 in
1837 4621 2001 4668 coss.,
2027 4621 2131 4674 qua
2159 4603 2444 4672 publicata,
2475 4601 2692 4668 aliisque
2720 4599 2953 4666 ejusdem
2981 4595 3276 4665 argumenti
3301 4597 3366 4648 ad

173 4693 486 4751 asceteriis
552 4695 854 4750 transacto,
907 4687 1235 4755 Origenismo
1303 4692 1560 4756 imbutus,
1616 4707 1734 4746 cum
1839 4694 2146 4748 Palmstinos
2174 4691 2446 4760 epismpos
2492 4699 2544 4741 et
2591 4688 2895 4752 monachos,
2924 4697 2978 4738 et
3020 4684 3081 4736 ad
3118 4682 3364 4737 Siricimn

172 4782 509 4838 valetudine
563 4785 872 4839 tentaretur,
917 4776 970 4828 in
1015 4777 1345 4840 Palaestinam
1395 4780 1646 4844 secessit,
1685 4791 1738 4834 et
1841 4799 2024 4852 papam
2053 4783 2119 4835 ab
2159 4795 2222 4836 eo
2259 4781 2415 4844 datis,
2467 4776 2807 4832 dissensionis
2845 4790 3022 4828 rumor
3065 4773 3365 4826 universum

172 4878 456 4931 haustum
483 4869 534 4922 in
559 4867 786 4936 zEgypto
817 4863 1130 4932 Origenismi
1165 4866 1309 4920 virus
1331 4868 1526 4935 passim
1555 4869 1734 4936 profu-
1839 4875 2018 4924 orbem
2066 4871 2311 4922 continuo
2359 4878 2672 4936 pervagatus
2723 4875 2826 4919 est.
2866 4863 3145 4918 Sciendum
3191 4871 3364 4914 autem

171 4967 292 5018 dit.
326 4958 586 5012 Florebat
613 4967 735 5008 tunc
774 4955 824 5007 in
874 4955 956 5008 his
997 4954 1127 5008 locis
1161 4956 1439 5009 sanctitate
1465 4965 1518 5008 et
1538 4959 1732 5010 virtute

1836 4962 2209 5029 Hieronymum
2253 4972 2463 5026 quoque
2498 4959 2634 5010 inter
2679 4965 2732 5008 et
2782 4954 3058 5017 Joannem,
3123 4950 3363 5018 ejusdem

173 5056 368 5114 Paula
401 5051 681 5106 Romana:
712 5051 848 5104 hanc
873 5048 1106 5100 adoritur
1133 5045 1414 5110 Palladius,
1440 5055 1494 5098 et
1529 5046 1581 5098 in
1610 5062 1733 5101 suas
1836 5045 2150 5107 Pauliniani,
2199 5043 2361 5116 multo
2418 5057 2546 5097 vero
2593 5043 2754 5095 maris
2808 5039 3123 5106 Origenismi
3185 5048 3363 5092 causa.

176 5140 563 5218 pertraxisset
615 5146 820 5204 partes,
885 5135 986 5188 nisi
1041 5135 1281 5204 gliscenti
1346 5134 1484 5187 malo
1531 5143 1734 5188 mature
1835 5136 2052 5189 dissidia
2083 5133 2480 5200 intercessisse;
2511 5147 2629 5183 nam
2654 5146 2772 5183 cum
2803 5131 2867 5182 ab
2892 5125 3178 5218 Epiphanio
3201 5127 3364 5172 staret

174 5209 536 5294 occurrisset
581 5228 949 5294 Hieronymus,
997 5234 1050 5276 et
1101 5224 1330 5278 hominis
1393 5223 1732 5289 petulantiam
1838 5221 2206 5290 Hieronymus,
2235 5229 2287 5272 et
2322 5232 2423 5271 non
2457 5217 2625 5271 solum
2663 5231 2746 5269 res
2784 5217 2833 5267 in
2863 5209 3157 5267 Pauliniani
3201 5218 3361 5272 nego-

176 5325 387 5384 habita
417 5334 537 5371 cum
577 5333 641 5371 eo
671 5315 1037 5370 dissertatione
1068 5314 1409 5365 coercuisset.
1446 5311 1538 5362 Rei
1568 5311 1736 5363 bisto—
1841 5311 1914 5361 tio
1943 5317 2116 5378 gestas
2147 5307 2532 5374 comprobaret,
2568 5304 2660 5358 sed
2706 5303 2944 5371 Origenis
2972 5297 3129 5384 etiam
3153 5303 3364 5345 errores

181 5382 338 5474 riam
370 5411 578 5482 prolixe
609 5409 798 5474 narratl
823 5407 1168 5471 Hieronymus
1206 5403 1256 5455 in
1289 5400 1558 5468 Epitaphio
1592 5397 1738 5452 Pau-
1837 5398 2008 5466 palam
2030 5398 2324 5460 damnaret,
2351 5409 2416 5448 eo
2448 5394 2733 5447 iracundia:
2760 5384 3008 5458 processit
3031 5382 3279 5438 Joannes,
3305 5386 3365 5482 lll

178 5513 284 5574 ιω,
319 5475 446 5572 esp.
473 5503 531 5554 ll
559 5509 613 5552 et
642 5499 726 5562 12,
753 5511 909 5566 quam
939 5492 1041 5548 sibi
1069 5493 1134 5545 ab
1158 5505 1221 5544 eo
1243 5500 1474 5558 ereptam
1500 5488 1740 5555 queritur
1839 5490 1906 5542 ab
1929 5488 2176 5544 Ecclesia
2212 5487 2582 5544 communione
2617 5484 2991 5547 Hieronymum
3039 5475 3363 5537 segregaret,

269 5685 314 5716 ⁸⁷
344 5680 560 5733 Ιιῖετοιι.
607 5673 745 5740 Epist
788 5671 884 5736 Μ,
924 5671 989 5722 ad
1035 5665 1206 5734 Rufin.
1282 5656 1737 5724 "'Alias,iiO,c.
1770 5658 1816 5710 1.
