3920 6482
474 417 603 470 “27

1710 410 1765 461 P.
1802 404 2105 460 DANlELlS
2142 403 2236 458 HU
2249 402 2388 455 ET"

3739 376 3892 429 “28

472 529 907 591 Quemadmodum
948 531 1085 597 apud
1110 527 1507 581 Pammachium
1549 528 1781 594 queritur
1813 527 1995 577 lliero-
2027 525 2070 581 Α
2097 518 2198 570 sibi
2233 518 2455 569 litteras
2491 509 2755 565 reddere
2795 503 3019 597 noluit.
3064 498 3368 564 Querentr
3414 487 3889 597 la:l_le.ﬂ-1_““l:|:‘:

472 633 658 687 nymus
710 620 868 685 epist.
900 619 997 681 61,
1052 634 1167 685 cap.
1197 618 1282 672 15.
1321 636 1339 667 ‹
1377 618 1481 685 Ego
1524 616 1776 677 misellus,
1808 616 1991 682 inquit,

470 709 591 759 dum
615 707 664 758 in
701 706 981 761 solitudine
1010 708 1281 771 delitesco,
1311 724 1337 759 a
1366 718 1510 759 tanto
1539 705 1780 773 pontifice
1805 719 1995 771 repen-

469 803 520 846 te
554 805 825 848 tmncatns
849 797 1139 865 presbyteri
1172 810 1361 849 nomen
1402 796 1569 849 amisi.
1606 814 1623 845 ι
1659 794 1765 847 Nec
1800 794 1997 846 idcirco

469 893 639 936 tamen
679 885 912 937 ecclesiae
947 886 1202 953 ingressu.
1246 884 1327 937 vel
1374 886 1733 952 episcoporum
1762 899 1821 936 ac
1843 884 1996 936 Chri-

470 975 761 1026 stianorum
792 976 1047 1028 societate
1075 989 1131 1027 se
1162 974 1481 1042 prohibitum
1516 975 1615 1027 isto
1643 975 1811 1041 capite
1838 987 1889 1027 et
1918 988 1998 1026 se—

467 1063 648 1130 quenti
684 1072 924 1120 testatur.
952 1064 1107 1115 Addit
1133 1064 1350 1131 epistola
1375 1062 1460 1122 62.
1485 1078 1599 1130 qua:
1627 1073 1704 1115 est
1733 1064 1795 1114 ad
1826 1062 1998 1114 Theo-

467 1152 691 1217 philum,
738 1168 854 1221 cap.
881 1152 933 1215 4,
973 1154 1217 1207 exsilium
1248 1153 1343 1205 sibi
1387 1167 1414 1203 a
1448 1151 1649 1206 Joanne
1682 1153 1994 1219 postulatum

467 1240 631 1296 fuisse
664 1252 717 1295 et
755 1243 1123 1310 impetratum;
1155 1241 1369 1295 minime
1402 1252 1572 1295 tamen
1598 1256 1654 1295 se
1683 1243 1733 1294 iu
1756 1241 1995 1294 exsilium

467 1331 632 1385 fuisse
663 1331 961 1397 depulsum.
1358 1338 1369 1348 °

536 1419 604 1473 Χ.
633 1418 879 1471 Rufinum
904 1420 1098 1472 interea
1134 1419 1246 1473 ha‘c
1276 1434 1481 1487 quoque
1511 1420 1787 1472 discordim
1818 1430 1999 1472 conta-

470 1511 554 1577 gio
584 1510 794 1571 infecit;
839 1525 957 1561 nam
1005 1525 1122 1561 cum
1160 1511 1316 1564 semel
1343 1513 1577 1563 haustam
1621 1510 1867 1580 Origenis
1905 1514 1998 1561 do-

467 1598 688 1648 ctrinam
715 1596 764 1646 in
793 1596 907 1648 sinu
932 1594 1149 1660 foveret,
1183 1598 1416 1649 eamdem
1459 1598 1507 1649 in
1542 1596 1744 1651 Joanne
1798 1609 1848 1651 et
1879 1598 1997 1650 Pal-

470 1686 629 1745 Iadio,
663 1685 886 1753 aliisque
914 1697 1261 1756 Oppugnatam
1293 1686 1541 1740 defendit.
1580 1688 1713 1740 llinc
1764 1688 1887 1740 illud
1916 1698 1999 1740 est

467 1774 741 1841 Epiphauii
774 1774 822 1825 in
852 1774 1071 1841 epistola
1100 1775 1165 1828 ad
1197 1775 1445 1828 Joannem
1472 1774 1719 1837 Jerosol.,
1754 1792 1869 1844 cap.
1902 1777 1933 1828 4
1980 1796 1993 1830 :

2096 621 2261 675 nymo
2298 620 2365 657 ac
2393 600 2613 655 dicenti
2656 616 2671 650 :
2719 616 2741 646 α
2785 595 2849 648 Si
2905 594 3143 659 legatus
3174 601 3269 646 es,
3321 581 3548 675 redde-
3585 578 3892 675 legationis

2095 671 2397 764 epist0las;
2426 693 2472 746 si
2506 688 2797 759 epistolas
2830 699 2951 737 non
2988 683 3205 741 habes,
3249 672 3596 764 quomodo
3645 671 3889 764 legatum

2097 761 2149 839 te
2199 781 2507 851 probabis?
2550 799 2572 831 ι
2614 780 2850 831 litteras
2889 774 3141 843 quidem
3198 770 3286 821 ad
3344 779 3505 819 eum
3566 761 3791 815 habere
3831 776 3889 815 se

2100 871 2409 940 respondit,
2445 878 2716 935 rogatum
2758 880 2829 919 se
2861 874 3069 916 tamen
3102 874 3134 910 a
3172 856 3443 909 Joanne
3490 867 3575 905 ne
3610 852 3889 904 redderet.

2098 962 2174 1015 lla
2222 961 2434 1013 favoris
2491 959 2549 1011 in
2583 957 2838 1010 alteram
2899 960 3148 1022 partem
3202 946 3605 1015 suspicione
3667 941 3889 1007 injecta,

2099 1066 2250 1120 spem
2286 1050 2444 1118 pacis
2472 1046 2749 1116 peremit,
2788 1056 2989 1111 reque
3035 1041 3261 1093 infecta
3323 1034 3669 1089 discessit.
3717 1032 3892 1085 Disce-

2099 1142 2245 1195 denti
2273 1140 2606 1208 Apologiam
2639 1151 2747 1205 pro
2786 1152 2898 1189 sua
2938 1148 3136 1187 causa
3177 1135 3257 1183 ad
3293 1126 3739 1193 Theophilum
3784 1137 3892 1177 tra-

2102 1230 2539 1284 diditJOannes.
2582 1226 2751 1294 cujus
2786 1221 3221 1278 lucubrationi
3274 1219 3683 1273 interfuerat
3734 1218 3894 1270 [sido-

2101 1335 2213 1381 rus,
2256 1330 2310 1371 et
2336 1334 2566 1385 operam
2611 1332 2779 1371 suam
2823 1312 3230 1375 contulerat;
3268 1328 3294 1361 ‹
3344 1320 3423 1361 ut
3472 1310 3645 1361 idem
3672 1319 3841 1366 esset.
3878 1328 3893 1358 I

2100 1411 2174 1463 ait
2217 1409 2612 1479 Hieronymus,
2654 1409 2835 1476 epist.
2873 1407 2985 1470 6i,
3026 1420 3177 1472 cap.
3210 1403 3257 1456 Ξ
3290 1411 3365 1457 et
3417 1401 3527 1463 15,
3575 1420 3597 1450 ε
3635 1411 3698 1453 et
3736 1402 3900 1453 dicta-

2104 1507 2189 1550 tor
2216 1508 2273 1551 ct
2310 1498 2529 1561 baiulus
2568 1498 2939 1551 litterarum.
2980 1514 3004 1546 ι
3051 1493 3428 1546 Maximam
3505 1491 3759 1542 interim
3797 1492 3899 1541 fra-

2103 1597 2244 1640 trum
2289 1589 2733 1651 multitudinem,
2778 1596 2842 1641 et
2879 1586 3379 1639 monachorum
3430 1583 3673 1635 choros
3712 1583 3765 1633 in
3806 1581 3899 1633 Pa-

2101 1677 2310 1731 laestina
2341 1677 2444 1729 sibi
2485 1692 2597 1729 non
2628 1676 3190 1731 communicantes
3251 1673 3499 1728 (verba
3536 1681 3685 1723 sunt
3720 1670 3896 1749 Hiero—

2102 1765 2273 1836 nymi)
2306 1765 2462 1834 quasi
2488 1766 2685 1819 hostes
2714 1765 3011 1833 publicos
3041 1761 3418 1814 aestimavit
3457 1758 3766 1836 Joannes;
3790 1776 3897 1813 cum

474 1880 492 1911 ι
523 1859 598 1914 Te
630 1870 824 1924 autem,
855 1861 1034 1926 frater,
1059 1861 1246 1915 liberet
1277 1864 1428 1927 Dens,
1462 1874 1514 1916 et
1545 1875 1783 1917 sanctum
1833 1880 1998 1931 pupu-

2355 1857 2751 1925 refngiendam
2789 1854 3352 1907 communionem
3432 1852 3765 1918 Epiphanii
3798 1868 3898 1903 mo-

466 1950 572 2003 lnm
617 1951 813 2004 Christi
840 1952 928 2018 qui
962 1951 1056 2003 tibi
1085 1952 1318 2004 creditus
1357 1960 1549 2014 est,'et
1587 1967 1768 2006 omnes
1809 1954 1998 2009 fratres

467 2040 552 2107 qui
582 2052 749 2094 tecmn
771 2050 913 2102 sunt,
940 2050 992 2093 et
1016 2041 1240 2113 maxime
1268 2040 1509 2093 Rufinum
1537 2043 1898 2111 presbyterum
1932 2047 1998 2097 ab

469 2128 653 2182 hmresi
676 2129 937 2196 Origeuis,
961 2140 1012 2183 et
1048 2129 1114 2181 ab
1140 2128 1258 2182 aliis
1287 2129 1573 2183 lneresibns
1629 2143 1680 2184 et
1706 2134 1999 2199 perditione

464 2231 667 2270 earum.
708 2236 726 2269 ι
764 2219 867 2271 Nec
899 2220 1051 2272 aliam
1083 2220 1151 2272 ob
1181 2236 1392 2272 causam
1419 2237 1445 2271 a
1478 2221 1701 2274 conﬂata
1730 2223 1838 2290 jam
1878 2224 1998 2277 inde

466 2318 496 2355 a
536 2305 713 2358 multis
738 2307 890 2359 anuis
932 2320 1051 2359 eum
1084 2304 1399 2376 Hieronymo
1436 2310 1822 2364 necessitudine
1852 2311 1999 2365 Rull-

470 2408 571 2446 nus
604 2393 812 2447 defecit.

532 2482 623 2536 XI.
651 2483 1140 2552 lugravesceutibus
1190 2484 1239 2537 in
1271 2485 1382 2539 dies
1438 2484 1691 2540 Joannem
1732 2488 2001 2560 Jerosoly-

469 2573 719 2625 mitanmn
748 2574 882 2626 inter
906 2584 957 2626 et
979 2574 1322 2641 Epiphaniam
1345 2575 1497 2642 odiis,
1515 2587 1687 2631 tantos
1712 2581 1999 2632 amicorum

470 2668 643 2711 motus
666 2676 998 2729 compescere
1027 2664 1225 2716 studuit
1253 2664 1543 2718 Archelaus
1585 2679 1781 2729 comes,
1810 2667 1910 2729 vir,
1948 2677 2003 2719 ut

467 2750 539 2802 ait
589 2748 959 2818 Hieronymus,
1018 2768 1037 2801 ι
1081 2753 1460 2808 disertissimus
1518 2765 1572 2807 et
1622 2756 1999 2809 christianissi-

470 2852 606 2891 mus.
656 2857 674 2888 ι
708 2838 907 2892 Placuit
946 2841 995 2893 in
1037 2843 1241 2909 primis,
1272 2854 1328 2895 ut
1364 2843 1609 2910 quoniam
1655 2845 1856 2899 violata:
1884 2845 2000 2900 fidei

465 2928 697 2995 suspicio
750 2931 1038 2996 peperisset
1089 2933 1422 2996 discordium,
1476 2933 1707 3001 ejusdem
1747 2934 2003 3002 professio

466 3017 605 3070 viam
641 3019 704 3071 ad
736 3021 1070 3073 concordiam
1100 3023 1348 3075 muniret.
1376 3022 1633 3077 Condicto
1683 3025 1898 3079 fmderis
1923 3025 2002 3077 ln-

466 3121 549 3171 co,
578 3115 629 3159 et
651 3105 758 3173 jam
786 3118 971 3161 coacto
992 3110 1388 3173 monachorum,
1414 3112 1743 3180 aliorumque
1763 3116 2001 3182 complu-

468 3194 787 3257 rimuctetn,
820 3210 954 3248 unus
1007 3197 1411 3264 exspectabatur
1462 3199 1725 3263 Joannes,
1767 3217 1885 3255 cum
1918 3203 2001 3256 ille

466 3283 785 3337 mulierculae
833 3286 1007 3337 nescio
1047 3283 1196 3351 cujus
1228 3289 1463 3339 morbum
1493 3300 1766 3354 eausatus,
1805 3306 1915 3344 rem
1949 3294 2000 3344 in

465 3373 604 3424 aliud
635 3372 838 3425 distulit
870 3384 1093 3439 tempus,
1154 3375 1489 3441 monentiqne
1537 3379 1814 3439 Archelao,
1857 3389 1911 3432 et
1935 3382 2002 3433 ad

467 3460 835 3525 paciscendum
865 3462 1130 3524 invitanti,
1158 3465 1339 3516 eadem
1372 3481 1494 3517 usus
1525 3470 1870 3523 excusatione
1899 3486 2001 3525 non

466 3549 661 3613 paruit.
685 3548 817 3601 Tum
847 3563 970 3602 vero
997 3553 1151 3603 ollicii
1182 3555 1262 3604 sui
1297 3567 1412 3605 esse
1447 3558 1654 3608 censuit
1680 3555 2004 3627 Theophilus

465 3633 853 3689 Alexandrinus
904 3638 1159 3691 laboranti
1207 3640 1452 3693 Ecclesiae
1503 3658 1842 3710 succurrere;
1891 3650 2005 3703 sive

468 3725 605 3776 liuna
641 3725 922 3790 excitatus,
969 3729 1101 3791 sive,
1131 3729 1268 3795 quod
1300 3731 1473 3796 potius
1494 3733 1827 3798 crediderim,
1867 3737 2005 3792 iuvi-

468 3823 606 3866 tatus
627 3828 654 3866 a
685 3813 907 3868 Joanne.
943 3816 1192 3869 lsidorum
1228 3819 1405 3885 itaque
1437 3820 1843 3875 Alexamlriunm
1880 3842 2004 3892 pre-

466 3903 737 3969 sbyterum
759 3919 821 3957 ac
851 3907 1184 3967 monachum,
1216 3907 1425 3974 pietatis
1459 3908 1592 3979 fatua
1637 3914 2003 3978 conspicuum,

469 3991 695 4060 legatum
719 3993 783 4044 ad
812 3992 1088 4059 Joannem,
1117 3996 1373 4063 aliosque,
1410 3999 1761 4052 sedaudarum
1787 4015 2004 4058 conten-

469 4079 667 4131 tionum
699 4095 855 4134 causa
887 4083 1048 4136 mittit
1097 4099 1213 4136 eum
1256 4085 1461 4149 litteris,
1517 4087 1709 4152 quibus
1760 4088 2005 4148 incensos

469 4168 673 4221 animos
720 4169 958 4235 delinire,
989 4180 1040 4224 et
1089 4173 1139 4225 in
1188 4175 1407 4241 gratiam
1451 4178 1701 4227 reducere
1744 4182 2001 4233 tentabat.

476 4254 663 4309 Verum
717 4272 809 4310 sua
862 4275 981 4326 spes
1028 4262 1374 4331 TheOphilnm
1408 4268 1560 4335 longe
1593 4268 1803 4333 fefellit;
1844 4286 2002 4336 quem

469 4347 609 4397 enim
661 4347 976 4416 allegaverat
1015 4351 1293 4417 lsidortun,
1340 4371 1515 4409 merus
1537 4369 1653 4410 erat
1683 4360 2000 4425 Origeuista,

470 4432 780 4499 Origcnistis
806 4437 1002 4501 favens,
1025 4444 1297 4497 turbandis
1326 4447 1481 4498 rebus
1506 4464 1660 4514 quam
1687 4462 2003 4515 componen-

471 4522 550 4573 dis
573 4525 769 4589 aptior;
807 4544 926 4580 natn
955 4541 1075 4584 ante
1115 4540 1222 4585 tres
1249 4549 1455 4588 menses
1490 4553 1645 4604 quam
1684 4540 1884 4592 veniret
1907 4541 1999 4594 Je-

473 4613 804 4678 rosolymam,
830 4618 1028 4673 litteras
1072 4624 1289 4676 dederat
1315 4627 1379 4679 ad
1420 4626 1746 4681 Vincentium
1780 4635 1999 4700 presby-

473 4707 661 4761 terum,
693 4703 878 4766 quibus
904 4720 1021 4759 eum
1056 4719 1111 4761 ut
1144 4711 1193 4762 in
1227 4713 1515 4766 orthodoxa
1550 4714 1669 4776 lide,
1710 4716 1807 4769 hoc
1838 4728 1921 4770 est
1946 4721 1996 4771 in

470 4788 818 4855 Origenismo,
844 4809 1203 4859 perseveraret
1232 4803 1573 4867 hortabatur;
1613 4805 1912 4858 adfuturum
1942 4823 1999 4861 se

470 4880 770 4946 propediem
817 4882 879 4932 ad
924 4898 1118 4939 cuneos
1160 4891 1577 4946 adversariorum
1628 4896 1993 4959 protereudos.

476 4969 639 5020 Verba
669 4978 790 5019 sunt
816 4969 1113 5041 Hieronymi
1139 4980 1289 5045 epist.
1309 4982 1396 5045 6|,
1420 4983 1484 5035 ad
1515 4982 1844 5046 Pau‘nnach.,
1877 5000 1991 5054 cap.

472 5057 559 5119 li),
592 5056 740 5124 cujus
792 5059 1011 5125 vestigia
1053 5075 1295 5118 accurate
1326 5070 1713 5137 persequimur.
1763 5070 1850 5124 Sic
1875 5086 2000 5141 ergo

472 5148 739 5198 animatus
767 5148 1013 5212 egregius
1061 5150 1143 5203 ille
1188 5157 1331 5220 pacis
1360 5169 1678 5226 -sequester,
1722 5160 1999 5227 Joannem,

472 5234 703 5301 aliosque
729 5235 1073 5290 dissensionis
1110 5239 1260 5306 hujus
1305 5247 1585 5313 participes
1631 5249 1761 5311 adit,
1790 5247 2005 5317 legatio-

472 5337 698 5391 nemque
726 5339 873 5378 suam
909 5326 1188 5382 renuntiat.
1223 5328 1287 5379 Et
1321 5345 1497 5394 pacem
1530 5336 1862 5388 conciliasset
1889 5336 1999 5391 for-

472 5419 630 5474 tasse,
659 5414 701 5466 si
732 5429 833 5466 non
854 5413 1083 5467 animum
1109 5414 1421 5484 Origenismi
1460 5418 1720 5476 fermento
1742 5422 1999 5491 imbutum

472 5500 817 5567 prodidisset;
851 5517 969 5557 cmn
995 5508 1131 5561 enim
1160 5507 1413 5561 doctrinae
1446 5510 1567 5564 huic
1599 5512 1856 5566 infensum
1883 5514 2003 5568 Hie-

476 5602 747 5655 rooymum
804 5609 919 5648 esse
946 5602 1122 5666 sciret,
1180 5601 1372 5655 iterum
1411 5599 1616 5663 quidem
1645 5616 1705 5654 ac
1736 5603 1891 5656 tertio
1936 5606 2001 5657 ad

475 5693 593 5732 eum
633 5684 900 5749 Theophili
948 5700 1156 5757 Itontine
1203 5688 1453 5757 accessit,
1485 5693 1792 5748 commissas
1822 5702 2001 5749 autem

2103 1948 2217 2000 nitu
2252 1947 2485 2001 fuissent
2519 1948 2838 2015 compulsi.
2884 1947 3333 2015 Responsum
3369 1955 3691 2013 pra-terea
3723 1946 3790 1997 ad
3816 1963 3900 1996 su-

2101 2052 2200 2106 pra
2232 2050 2596 2091 memoratam
2638 2039 2965 2106 Epiphanii
3008 2035 3393 2104 epistolam
3454 2036 3617 2088 dare
3649 2036 3903 2100 dedigna-

2104 2136 2209 2188 tus.
2246 2127 2471 2195 legatos,
2516 2128 2669 2194 quod
2716 2128 2891 2194 prius
2958 2126 3335 2179 minitatus
3378 2125 3631 2188 fuerat,
3666 2140 3902 2195 quaqua—

2100 2218 3070 2286 versusmittit,quiaccnsatorias
3105 2217 3172 2269 in
3214 2215 3680 2284 Epiphanium
3709 2217 3905 2268 litteras

2104 2310 2168 2362 ad
2196 2309 2563 2376 Theophilum
2617 2312 3133 2365 Alexandrinum
3203 2327 3247 2366 a
3291 2327 3371 2366 se
3410 2310 3800 2379 conscriptas
3825 2324 3905 2378 per

2103 2408 2270 2451 totum
2295 2400 2482 2453 orbem
2515 2402 3022 2465 disseminareut,
3071 2403 3200 2455 sed
3245 2403 3319 2455 in
3388 2403 3737 2456 Occidente
3757 2402 3905 2467 potis-

2102 2490 2317 2551 simum,
2350 2490 2574 2558 quibus,
2632 2503 2690 2543 ut
2739 2491 3034 2558 loquitur
3084 2493 3568 2563 Hieronymus
3622 2492 3791 2560 epist.
3825 2491 3902 2549 62.

2102 2596 2222 2648 cap.
2267 2582 2337 2643 5,
2375 2581 2829 2635 Occidentalium
2898 2585 3374 2636 sacerdotum
3441 2598 3637 2637 aures
3674 2598 3902 2636 comnm-

2103 2680 2271 2725 νει-ει.

2174 2758 2284 2815 XII.
2322 2760 2415 2813 llis
2443 2761 2663 2815 excitus
2694 2760 3214 2828 Pammachius,
3253 2765 3480 2818 Roma
3500 2764 3900 2834 Hieronymum

2105 2862 2256 2919 rogat
2290 2866 2388 2917 per
2418 2850 2655 2914 litteras,
2689 2862 2754 2905 ut
2785 2855 3117 2921 quoniam
3162 2856 3557 2911 munitorum
3597 2860 3818 2910 animos
3858 2855 3899 2907 in

2105 2940 2314 2992 diversa
2365 2941 2724 2994 distrahebat
2760 2944 2894 2995 lucc
2934 2945 3362 3009 altercatio,
3419 2947 3755 3017 Epiphanii
3789 2964 3893 3000 caui

2106 3045 2217 3083 sam
2247 3030 2389 3090 aliis,
2425 3030 2548 3084 aliis
2573 3029 2818 3084 Joannis
2853 3035 3269 3100 tuentihus.
3309 3052 3511 3090 suam
3552 3040 3685 3107 ipse
3711 3047 3899 3092 senten-

2106 3120 2233 3172 tiam
2267 3132 2638 3186 expromeret.
2672 3119 2906 3174 Morem
2936 3126 3175 3189 gessit
3221 3128 3705 3199 Hieronymus.
3739 3146 3802 3183 ac
3834 3132 3897 3181 luo

2101 3208 2311 3261 culenta
2345 3209 2728 3277 responsione.
2758 3224 2928 3264 anno
2994 3212 3293 3270 Christi
3350 3219 3489 3273 395
3528 3221 3696 3284 data,
3743 3235 3897 3275 ret-am

2102 3312 2164 3349 ac
2186 3297 2475 3365 genuinam
2498 3301 2899 3355 contentionis
2934 3318 3252 3360 causam
3287 3323 3457 3364 esse
3494 3313 3787 3376 ostendit,
3816 3327 3897 3363 non

2102 3386 2398 3440 Pauliniani
2453 3392 3006 3455 consecrationem.
3087 3410 3325 3464 quam
3407 3401 3754 3456 iracundia:
3811 3416 3902 3455 suae

2102 3476 2329 3530 Joannes
2375 3480 2790 3544 praetendebat,
2842 3485 2953 3535 sed
2997 3483 3591 3557 Origeuismum,
3633 3511 3802 3563 quem
3848 3496 3901 3545 ad

2103 3578 2221 3621 octo
2246 3575 2558 3622 revocatum
2603 3571 2801 3637 capita
2843 3573 3091 3630 Joanni
3137 3582 3513 3645 ohjectum
3555 3586 3744 3641 fuisse
3799 3602 3902 3639 uar-

2105 3666 2204 3719 rat,
2256 3670 2287 3709 e
2337 3658 2538 3725 quibus
2574 3660 2683 3711 tria
2748 3671 2993 3718 tantum
3060 3678 3532 3741 purgaverit.
3586 3680 3780 3747 Atque
3810 3681 3902 3731 hac

2104 3746 2387 3815 diligenter
2416 3749 2600 3800 notari
2640 3748 2848 3816 juheo,
2894 3763 2965 3807 ut
3030 3757 3217 3815 inde
3253 3746 3777 3835 Origenistarum
3822 3772 3903 3821 hu-

2099 3837 2188 3905 jus
2216 3838 2388 3890 artatis
2409 3838 2663 3891 doctrina
2696 3850 2757 3893 et
2790 3843 3110 3911 dogmata
3150 3852 3230 3906 in
3265 3861 3727 3915 controversia
3751 3861 3901 3928 posita

2105 3925 2335 3994 spectari
2366 3926 2599 3993 possint.
2631 3927 2896 3983 Primum
2961 3934 3145 3991 illud
3190 3954 3300 3997 est
3336 3962 3357 4008 ;
3415 3964 3546 4004 nec
3598 3925 3803 4004 Filium
3839 3953 3901 3998 τξο

2105 4015 2233 4111 dere
2271 4028 2431 4082 posse
2476 4013 2733 4081 Patrem,
2790 4035 2903 4073 nec
2936 4026 3312 4092 Spiritum
3371 4038 3606 4097 videre
3636 4057 3801 4111 posse
3829 4040 3898 4094 Fi-

2105 4100 2271 4165 lium;
2301 4105 2633 4167 secundum,
2666 4108 2931 4161 animam
2978 4128 3301 4186 propter
3356 4100 3653 4195 peccata-

2350 4105 2633 4167 :cnudum,
2666 4108 2931 4161 animam
2978 4128 3301 4186 propter
3356 4100 3653 4195 peccat;
3699 4146 3735 4184 θ
3783 4135 3898 4185 cado

2105 4191 2342 4245 fuissein
2375 4207 2600 4261 corpus,
2627 4197 2713 4249 sic
2734 4209 3040 4266 tanquam
3080 4209 3158 4263 in
3195 4191 3565 4275 carcerem
3605 4223 3898 4294 dejectam;

2107 4284 2348 4345 tertium,
2380 4284 2621 4337 futurum
2660 4296 2725 4339 ut
2768 4290 3109 4350 diabolum
3156 4313 3236 4356 et.
3274 4307 3628 4366 daemones
3674 4284 3901 4383 peccato-

2106 4386 2220 4423 rtun
2244 4370 2539 4439 aliquando
2570 4376 2883 4441 paeniteat,
2911 4392 2981 4434 ct.
3018 4400 3199 4444 cum
3251 4401 3529 4457 sanctis
3557 4405 3620 4459 in
3657 4370 3805 4461 έωιο
3834 4424 3896 4459 τε.

2034 4470 2296 4551 Dgnent;
2330 4472 2619 4528 quartum,
2664 4466 2964 4523 Adamum
2999 4486 3080 4528 et.
3131 4478 3367 4540 Evam
3412 4506 3576 4547 ante
3620 4508 3891 4564 peccatum

2102 4562 2329 4615 corpore
2358 4552 2627 4619 caruisse,
2662 4558 2928 4616 lnunana
2985 4582 3249 4629 autem
3331 4552 3636 4654 COI'pOI‘a-
3676 4590 3747 4645 iis
3800 4600 3893 4659 post

2106 4649 2385 4703 peccatum
2429 4642 2838 4715 circumposita
2888 4659 3153 4717 tunicis

2104 4727 2377 4834 quintum,
2411 4745 2661 4834 carnem
2718 4743 3098 4812 nentiquatu
3165 4727 3895 4834 suscitat‘umvuiriviioa

2106 4818 2346 4915 membra
2392 4821 2572 4876 denuo
2611 4826 2783 4881 simul
2815 4845 2957 4888 esse
2991 4818 3601 4922 coutpingettd;—

3387 4953 3771 5018 paradisum

2103 5001 2335 5048 restrem
2366 4997 2663 5065 allegorice
2705 5007 3210 5081 intelligendum
3251 5046 3271 5081 :

2731 5042 3210 5112 :IuU:III51-:IIUUIII
3251 5046 3272 5093 ;
3313 5042 3715 5108 septimum,
3748 5061 3892 5112 aquas

2180 5098 2189 5109 .
2731 5096 2744 5108 .
2852 5102 2863 5115 ,
2953 5106 2965 5115 ,
3256 5090 3267 5093 -
3400 5090 3420 5104 .
3748 5090 3885 5112 ,γρ

2104 5095 2254 5201 2::
2279 5100 2443 5201 illis?
2463 5090 2789 5201 "In
2827 5102 3192 5201 bertptura
3239 5139 3407 5181 esse
3452 5132 3779 5201 dicuntur.
3818 5152 3889 5187 aa-

2106 5168 2257 5234 gelos
2284 5187 2429 5237 esse,
2461 5191 2588 5245 quae
2619 5196 2791 5251 supra
2868 5200 2927 5244 et
2978 5168 3191 5257 infra-
3217 5168 3885 5287 ne};;.;:ua::$n;;

2106 5269 2469 5371 postremum,
2503 5268 2811 5339 imaginem
2848 5278 2955 5334 Dei
2986 5300 3373 5357 peccando
3415 5268 3891 5371 ti-o'mi-rgi-nvgl‘lii:

2107 5352 2267 5409 sisse.
2304 5353 2550 5413 Plurima
2590 5376 2868 5430 przcterea
2919 5352 3100 5433 lectu
3145 5388 3221 5440 di

3201 4671 3527 4737 pelliceis
3562 4681 3891 4750 signiﬁcari.

2459 5627 2849 5732 llteronymus,
2880 5647 3062 5732 quod
3096 5652 3451 5732 diximus,
3498 5688 3649 5731 ante
3677 5681 3885 5732 ordina-

2107 5713 2222 5763 tum
2274 5712 2681 5788 Paulinianum,
2723 5724 2839 5791 jam
2880 5728 3207 5803 Origeuis

2334 5717 2681 5788 Iulinianum,
2723 5724 2839 5791 jam
2880 5728 3207 5803 Origeuis
