3920 6446
226 403 374 460 1129

1075 407 1622 468 ORIGENIANORIIM
1659 413 1782 470 LIB.
1824 412 1886 479 II,
1923 413 2070 470 CAP.
2108 413 2195 479 IV,
2235 410 2422 469 SECT.
2462 411 2504 465 I.

3247 409 3379 467 “30

219 517 587 586 Epiphanium
628 519 763 575 inter
791 535 846 575 se
877 520 1039 576 fuisse
1080 525 1376 579 altercalos.
1407 525 1750 591 Quamobrem
1782 531 1826 587 Α
1853 525 2101 581 ϐεηεοδὴ
2133 525 2215 579 his
2243 521 2655 578 dissensionibus
2685 524 2913 576 animum
2950 520 3126 591 procul
3167 522 3248 576 hic
3282 523 3382 576 ha-

221 609 534 662 ﬂalloxium
599 612 783 674 miror,
837 622 889 666 et
949 617 1267 669 recentiores
1325 618 1607 683 quosdam,
1665 620 1752 685 qui

218 698 495 764 hodieque
521 700 909 764 contradicant,
942 716 1038 756 nec
1071 703 1373 775 Hieronymi
1403 707 1569 760 solum
1611 708 1757 761 testi-

216 786 468 841 monium
517 787 667 843 ﬂocci
717 789 930 855 faciant,
986 792 1076 844 sed
1125 801 1178 846 et
1215 793 1506 861 Epiphanii,
1546 795 1636 864 qui
1683 796 1753 850 ita

213 873 488 929 Joannem
537 877 868 946 alloquitur:
905 896 924 929 ι
964 878 1125 933 Video
1163 881 1304 934 enim
1351 882 1489 950 quod
1545 893 1758 952 propter

214 961 366 1016 banc
392 978 611 1017 causam
645 964 820 1018 omnis
850 973 1020 1018 vestra
1060 965 1348 1034 indignatio
1379 969 1635 1022 concitata
1665 969 1754 1034 sit,

211 1052 367 1117 quod
389 1052 616 1105 dixerim
647 1053 813 1114 vobis,
843 1053 951 1105 Arii
977 1061 1196 1120 patrem,
1227 1053 1500 1123 Origenem
1534 1059 1752 1124 scilicet,

209 1151 266 1194 et
297 1140 537 1194 aliarum
569 1143 837 1196 haereseon
863 1143 1092 1196 radicem
1137 1153 1189 1196 et
1223 1155 1493 1213 parentem
1545 1146 1757 1201 laudare

209 1245 321 1284 non
353 1231 582 1286 debetis.
623 1230 689 1283 Et
721 1246 838 1284 cum
874 1247 966 1285 vos
992 1247 1256 1300 rogarem,
1283 1250 1349 1288 ne
1381 1236 1448 1288 ita
1482 1235 1756 1301 erraretis,

1859 612 1992 676 buit,
2022 625 2190 678 neque
2211 611 2428 664 multum
2472 625 2586 666 sese
2612 609 2926 678 interposuit
2967 608 3378 679 Origeuistarum

1859 702 2016 756 rebus
2052 717 2065 754 :
2100 714 2308 754 errores
2369 701 2620 754 duntaxat
2679 700 2982 754 Adamantii
3030 715 3126 768 pro
3170 714 3226 754 re
3258 709 3381 758 nata

1860 789 2199 858 impugnavit,
2225 787 2365 840 velut
2395 789 2444 840 in
2474 788 2621 842 libris
2653 787 2724 841 De
2755 789 2952 841 civitate
2980 789 3090 841 Dei.
3126 789 3382 860 Hierony-

1859 893 1998 931 mum
2027 885 2198 932 autem
2237 876 2301 930 ad
2333 875 2779 943 redintegrandam
2821 891 2938 928 cum
2977 875 3166 930 Rufino
3197 877 3383 933 amici~

1861 967 1985 1019 tiam
2019 965 2170 1020 valde
2199 964 2434 1018 hortatus
2451 969 2550 1014 est.

1926 1055 2038 1110 XV.
2060 1057 2210 1109 Anno
2235 1069 2265 1107 a
2285 1052 2476 1108 Christi
2501 1061 2618 1104 ortu
2647 1050 2764 1116 597,
2792 1059 2907 1121 post
2946 1053 3125 1124 viginti
3151 1055 3380 1122 quinque

1861 1156 2111 1196 annorum
2135 1141 2505 1196 discessionem
2534 1138 2754 1192 Romam
2783 1155 2989 1195 reversa
3021 1153 3097 1196 est
3137 1143 3376 1208 Melania,

1860 1228 2049 1284 Rufino
2102 1229 2349 1281 itinerum
2396 1227 2539 1281 socio
2598 1227 2867 1281 comitata.
2915 1228 3136 1283 Causam
3181 1233 3381 1290 reditus

1859 1334 1973 1373 eam
2000 1319 2160 1373 fuisse
2180 1319 2308 1372 dicit
2339 1300 2600 1370 Palladius
2627 1331 2642 1370 :
2667 1315 2939 1370 Melaniam
2973 1329 3178 1386 neptem
3207 1336 3379 1388 suam,

1859 1406 2062 1460 Piniani
2111 1420 2347 1470 uxorem,
2399 1407 2716 1473 nuptiarum,
2755 1407 3037 1474 mundique
3081 1417 3379 1476 pertzrsam,
3442 1460 3453 1473 ,

1859 1496 2070 1551 Christo
2094 1497 2349 1564 reliquum
2371 1498 2493 1550 vita:
2515 1511 2823 1552 consecrare
2848 1497 2981 1551 velle
3008 1511 3123 1550 cum
3151 1500 3385 1566 accepis-

1859 1594 1957 1649 set,
2001 1586 2222 1640 veritam
2261 1585 2522 1638 seniorem
2574 1600 2639 1638 ne
2673 1586 2723 1638 in
2761 1600 3038 1652 perversos
3068 1586 3384 1640 secessionis

205 1326 262 1370 et
295 1333 607 1383 monerem,
642 1319 1056 1381 contradixistis,
1085 1331 1135 1373 et
1172 1337 1254 1375 me
1298 1323 1362 1375 ad
1396 1323 1661 1376 tristitiam
1704 1332 1758 1376 et

205 1405 494 1475 Iacrymas
533 1409 826 1462 adduxistis
867 1423 881 1459 :
922 1424 1024 1462 non
1049 1411 1214 1464 solum
1242 1420 1415 1465 autem
1455 1427 1557 1476 me,
1585 1412 1676 1466 sed
1704 1421 1758 1466 et

203 1495 351 1548 alios
381 1497 648 1564 plurimos
695 1499 1000 1564 catholicos,
1046 1501 1132 1568 qui
1161 1501 1469 1553 intererant.
1517 1501 1657 1563 Inde,
1700 1508 1758 1554 ut

205 1585 487 1653 intelligo,
523 1587 635 1640 haec
668 1595 746 1640 est
785 1589 956 1643 omnis
1011 1590 1319 1658 indignatio,
1360 1597 1414 1641 et
1444 1588 1542 1642 iste
1575 1588 1754 1656 furor;

201 1683 260 1728 et
307 1675 529 1728 idcirco
589 1677 1004 1740 comminamini,
1046 1678 1184 1745 quod
1227 1678 1447 1731 mittatis
1481 1677 1755 1730 adversum
1860 1688 1966 1726 suae
1995 1674 2152 1727 duces
2190 1673 2360 1742 neptis
2385 1687 2478 1727 sua
2520 1673 2794 1734 incideret,
2829 1673 3045 1727 Romam
3089 1674 3384 1744 advolasse,

200 1782 294 1821 me
329 1767 620 1834 epistolas,
664 1777 724 1821 ut
749 1768 850 1820 huc
882 1767 1106 1836 illucque
1137 1781 1312 1822 sermo
1345 1777 1518 1821 vester
1556 1767 1759 1821 discur-
1858 1773 2082 1827 eamque
2109 1761 2339 1813 consiliis
2367 1758 2648 1828 adiuvisse.
2703 1760 2871 1813 Aliam
2915 1759 3120 1815 itineris
3171 1777 3385 1816 causam

198 1865 316 1909 rat.
380 1875 400 1907 ι
445 1857 684 1924 Denique
738 1858 1060 1923 propositum
1112 1856 1216 1909 sibi
1264 1870 1382 1909 esse
1422 1856 1654 1910 declarat
1705 1857 1756 1908 in
1787 1850 2092 1919 Bassignat
2157 1849 2448 1914 Baronius,
2515 1849 2734 1904 Romam
2823 1865 3007 1918 nempe
3071 1851 3386 1920 Origenismi

198 1947 411 1999 eadem
445 1946 669 2012 epistola
693 1945 1057 2013 Hieronymus,
1076 1945 1495 2014 Operepeculiari
1519 1947 1760 2014 dogmata
1861 1939 2138 1992 iIlVehendi
2191 1940 2441 2002 Studium.
2493 1941 2574 1994 cui
2638 1940 2875 1993 Μθιειηίω
2933 1942 3154 2008 iunioris
3209 1957 3386 1995 88065-

196 2033 478 2102 Origenis
498 2035 817 2088 convellere.
1860 2045 1948 2084 sus
1997 2030 2132 2098 apud
2183 2029 2388 2098 vulgum
2447 2032 2660 2084 obtentu
2725 2030 2899 2084 fuerit.
2947 2031 3223 2100 Opinionis
3281 2048 3387 2088 suae

1862 2129 2129 2176 auctorem
2179 2135 2281 2174 non
2315 2120 2487 2184 dedit;
2515 2120 2836 2187 conjecturis
2867 2129 3066 2174 tantum
3107 2121 3387 2176 obsecutus

1859 2219 1959 2264 est.

1929 2297 2064 2351 XVI.
2093 2298 2258 2352 Simul
2286 2308 2442 2366 atque.
2471 2299 2689 2354 Romam
2719 2299 2913 2367 appulit
2943 2297 3186 2362 Ruﬁnus,
3224 2297 3387 2351 libros

1863 2386 2109 2455 Origenis
2135 2388 2270 2454 Περὶ
2293 2388 2490 2455 ἀρχῶν
2519 2404 2548 2441 a
2571 2404 2627 2441 se
2649 2388 2920 2440 Latinitati
2954 2388 3186 2442 redditos
3213 2388 3263 2440 in
3291 2403 3386 2456 pu-

1865 2477 2057 2530 blicum
2091 2476 2347 2539 editurus,
2375 2478 2600 2543 priorem
2623 2477 2886 2545 Apologia?
2915 2477 3170 2545 Pamphili
3199 2478 3388 2532 librum

1864 2578 2175 2617 conversum
2201 2565 2378 2617 itidem
2411 2581 2437 2616 a
2469 2579 2526 2617 se
2546 2575 2594 2617 et
2622 2566 3016 2633 interpolatum,
3043 2580 3093 2621 et
3115 2583 3215 2620 una
3242 2583 3389 2622 suam

1865 2650 1939 2704 De
1973 2651 2348 2704 adulleratione
2394 2654 2641 2704 librorum
2675 2652 2912 2720 Origenis
2972 2655 3387 2709 lucubrationem

1865 2738 2135 2805 praemisit,
2190 2739 2254 2790 ad
2312 2739 2447 2791 viam
2513 2739 2839 2808 Origenismo
2905 2743 3386 2796 communiendam.

1867 2825 2158 2894 Utrumque
2190 2827 2403 2881 Macarii
2432 2828 2642 2882 hortatu
2669 2844 2971 2898 aggressum
2996 2846 3052 2884 se
3087 2822 3307 2884 testatur
3334 2833 3389 2887 in

1865 2913 2257 2982 praefationibus
2299 2930 2310 2964 :
2341 2925 2394 2968 at
2420 2916 2470 2970 id
2491 2917 2558 2970 ab
2584 2932 2647 2970 eo
2686 2932 2780 2983 per
2807 2918 3188 2971 simulationem
3223 2917 3392 2987 jacta-

1879 3010 1986 3054 tum
2034 3004 2224 3056 asserit
2263 3001 2613 3073 Hieronymus
2653 3005 2863 3072 Apolog.
2899 3005 2990 3059 lib.
3013 3022 3069 3070 ιι,
3101 3021 3216 3075 cap.
3247 3009 3300 3061 5.
3336 3007 3391 3061 1η

1864 3088 2173 3158 ρτωΐειιίοηθ
2214 3091 2278 3145 ad
2310 3091 2590 3146 Macarium
2634 3093 2888 3162 Pamphili
2947 3095 3205 3164 Apologia:
3259 3112 3392 3165 prai-

1874 3188 2036 3244 texta,
2073 3194 2173 3233 non
2204 3181 2424 3235 obscure
2452 3183 2614 3251 tangit
2646 3182 2731 3237 ille
2757 3184 3100 3251 Epiphanium
3124 3195 3176 3238 et
3203 3184 3391 3239 Hiero-

1861 3282 2100 3336 nymum,
2150 3283 2270 3321 cum
2325 3270 2388 3322 de
2425 3286 2516 3323 sua
2554 3272 2985 3339 interpretatione
3036 3274 3113 3328 sic
3141 3275 3388 3328 disserit:

1805 3399 1809 3402 .
1865 3371 1882 3404 ‹
1921 3355 2044 3408 Mihi
2120 3365 2294 3410 tamen
2361 3373 2462 3411 non
2510 3358 2688 3413 dubito
2754 3360 2877 3428 quin
2925 3349 3173 3418 offensam
3222 3365 3396 3421 maxi-

1861 3459 1998 3496 mam
2048 3456 2313 3512 comparet
2363 3462 2562 3512 eorum,
2593 3449 2680 3516 qui
2727 3464 2787 3502 se
2822 3449 2971 3504 laesos
3008 3461 3188 3519 putant
3217 3453 3282 3506 ab
3308 3468 3392 3518 eo,

1861 3531 1950 3599 qui
1998 3532 2060 3584 de
2093 3535 2317 3602 Origene
2349 3550 2450 3588 non
2489 3536 2682 3604 aliquid
2708 3527 2842 3592 mal’e
2872 3539 3116 3595 senserit.
3157 3560 3175 3592 ι
3217 3543 3403 3610 Atque'

1860 3619 1970 3673 haec
2011 3621 2235 3675 similem
2289 3623 2452 3692 ipsius
2502 3629 2935 3695 conquestionem
2984 3630 3033 3682 in
3087 3632 3392 3685 memoriam

1861 3721 2128 3778 revocant,
2151 3727 2305 3780 quam
2340 3715 2390 3767 in
2410 3719 2800 3782 perorationem
2827 3719 2890 3770 ad
2912 3719 3394 3788 interpretationem

1862 3795 2371 3853 Commentariorum
2398 3802 2637 3870 Origenis
2664 3806 2715 3857 in
2733 3803 3024 3873 Epistolam
3056 3809 3122 3857 ad
3140 3806 3394 3860 Romanos

1865 3885 2070 3940 intersit
2104 3903 2116 3938 :
2156 3906 2174 3937 ι
2209 3889 2310 3942 Sed
2349 3890 2652 3956 delectabit,
2678 3893 2864 3962 inquit,
2893 3894 3168 3947 indulsisse
3197 3895 3394 3947 labori-

1862 3973 1981 4038 bus,
2011 3976 2053 4027 si
2081 3978 2233 4030 modo
2255 3993 2379 4041 non,
2409 3988 2465 4031 ut
2503 3981 2554 4033 in
2596 3984 2715 4035 aliis
2748 3984 2948 4050 experti
2979 3997 3184 4046 sumus,
3227 3984 3394 4038 male-

1862 4063 1992 4116 vola:
2024 4075 2224 4118 mentes
2248 4066 2438 4135 vigiliis
2480 4071 2672 4124 nostris
2701 4071 3042 4125 comumelias
3075 4073 3314 4139 reddant,
3347 4072 3394 4129 si

1865 4165 1965 4202 non
1995 4152 2161 4204 studia
2189 4151 2684 4222 obtrectationibus,
2730 4168 2783 4212 et
2813 4159 3018 4214 labores
3053 4176 3392 4217 remuneren-

1868 4246 1951 4289 tur
1993 4238 2226 4292 insidiis.-
2265 4240 2465 4296 Novum
2516 4246 2708 4314 quippe
2744 4249 2880 4314 apud
2905 4262 2997 4302 eos
3027 4249 3190 4317 culpa:
3230 4266 3395 4320 genus

1865 4325 2130 4391 subimus;
2165 4347 2184 4380 ι
2218 4339 2270 4383 et
2300 4345 2417 4384 mox
2455 4348 2469 4384 :
2501 4351 2519 4383 ι
2557 4333 2666 4389 Hoc
2713 4346 2888 4390 autem
2912 4348 3100 4406 ,totum
3143 4340 3269 4394 mihi
3297 4341 3396 4393 do-

1868 4424 2016 4476 nant,
2039 4430 2140 4469 non
2169 4432 2347 4472 amore
2372 4424 2493 4482 mei,
2519 4424 2611 4475 sed
2637 4424 2757 4477 odio
2804 4427 3033 4480 auctoris
3088 4425 3238 4496 [Sed
3278 4429 3396 4482 red-

1865 4519 2046 4557 eamus
2081 4507 2145 4559 ad
2166 4507 2426 4576 Apologia:
2457 4511 2831 4579 prmfationem.
2867 4514 3148 4584 Postquam
3171 4497 3396 4587 purgan-

1868 4593 1917 4646 di
1947 4594 2027 4646 sui
2060 4610 2240 4660 causa,
2269 4598 2408 4651 velut
2453 4600 2832 4667 professionem
2883 4607 3002 4658 fidei
3037 4607 3255 4661 Ruﬁnus
3284 4610 3394 4663 edi-

1868 4681 1945 4734 dit
1977 4698 1990 4733 :
2027 4700 2044 4732 ι
2077 4683 2219 4749 l-lznc,
2266 4685 2454 4754 inquit,
2499 4688 2842 4760 Jerosolymis
2877 4693 2926 4746 in
2956 4694 3187 4748 Ecclesia
3225 4696 3312 4750 Dei
3364 4713 3393 4748 a

1869 4780 2054 4824 sancto
2087 4774 2359 4828 sacerdote
2392 4778 2502 4842 ejus
2528 4777 2725 4833 Joanne
2745 4782 3124 4848 praedicantur;
3163 4786 3273 4838 haec
3298 4800 3394 4838 nos

1869 4871 1987 4908 eum
2033 4857 2144 4925 ipso
2195 4869 2249 4914 et
2300 4863 2524 4918 dicimus
2579 4873 2632 4920 et
2672 4877 2928 4924 tenemus.
2961 4889 2979 4923 ι
3021 4872 3392 4942 Hieronymum

1870 4945 2028 4997 etiam
2077 4946 2160 5000 his
2189 4949 2365 5002 verbis
2409 4952 2630 5008 defricat
2676 4956 2726 5010 in
2766 4972 2862 5011 suo
2902 4960 2975 5014 De
3023 4961 3392 5014 adulteratione

1869 5029 2113 5086 librorum
2137 5033 2369 5107 Origem's
2391 5039 2563 5094 libello
2597 5061 2610 5096 :
2650 5061 2668 5094 t
2695 5045 2950 5102 Auctores
2980 5049 3388 5101 obtrectatorum

1869 5121 1982 5190 ejus
2016 5122 2298 5198 (Origenis)
2328 5127 2360 5181 ii
2389 5139 2508 5183 sunt
2545 5133 2632 5200 qui
2662 5135 2745 5188 vel
2774 5137 2824 5188 in
2855 5137 3082 5190 Ecclesia
3123 5137 3392 5201 disputare

1870 5211 2027 5268 latius
2055 5216 2241 5279 solent,
2269 5219 2347 5272 vel
2376 5221 2531 5274 etiam
2551 5222 2712 5277 libros
2741 5227 2990 5290 scribere,
3014 5224 3101 5292 qui
3135 5233 3298 5274 totum
3327 5224 3393 5273 de

1871 5300 2098 5370 ονῑεθηθ
2137 5307 2217 5358 Vel
2241 5306 2541 5376 loquuntur,
2561 5312 2639 5367 vel
2669 5314 2906 5367 scribunt
2933 5331 2946 5366 :
2977 5326 3040 5364 ne
3069 5325 3194 5379 ergo
3217 5310 3392 5377 plures

1841 5392 2102 5460 .ipsorum
2138 5394 2274 5448 furta
2305 5413 2796 5473 cognoscanthquze
2848 5405 3046 5469 utique,
3099 5401 3148 5453 si
3203 5403 3391 5468 ingrati

1871 5481 1923 5532 in
1952 5481 2255 5551 magistrum
2297 5503 2398 5542 non
2425 5503 2624 5553 essent.
2649 5505 2972 5558 nequaquam
3002 5488 3285 5554 criminosa
3309 5493 3391 5540 vi-

1871 5568 2138 5637 derentur,
2166 5576 2512 5645 simpliciores
2534 5595 2764 5648 quosque
2793 5579 2858 5631 ab
2887 5578 3000 5645 ejus
3031 5576 3254 5631 lectione
3304 5579 3393 5630 dea

268 2143 432 2198 XIII.
463 2144 676 2199 Veritus
701 2147 898 2200 interea
927 2162 992 2200 ne
1018 2147 1206 2202 litteris
1231 2147 1472 2213 Joannis,
1499 2159 1553 2205 et
1578 2151 1760 2208 Isidori

193 2234 741 2290 iususurrationibus
767 2247 1050 2305 occupatus
1082 2237 1352 2306 Theophili
1397 2241 1604 2296 animus
1629 2243 1764 2296 male

191 2325 261 2378 de
285 2327 728 2379 orthodoxorum
761 2341 919 2380 causa
943 2328 1178 2390 sentiret,
1201 2343 1404 2396 (equum
1431 2330 1578 2383 duxit
1595 2341 1766 2400 gesta-

191 2431 327 2470 rum
368 2431 554 2468 rerum
587 2416 856 2469 historiam
893 2417 958 2471 ad
999 2433 1117 2470 eum
1159 2421 1504 2487 perscribere,
1531 2437 1691 2491 seque
1712 2431 1764 2477 et

187 2505 472 2575 gregales
497 2519 621 2557 suos
651 2507 786 2571 apud
814 2521 932 2558 eum
963 2521 1207 2575 purgare.
1244 2508 1429 2561 Pacem
1458 2525 1582 2576 ergo
1611 2523 1764 2579 cpta-

189 2609 251 2648 re
277 2608 386 2657 se,
460 2591 523 2644 ad
565 2605 786 2658 eamque
823 2593 1199 2646 conciliandam
1239 2605 1479 2662 paratum
1529 2597 1766 2654 declarat

184 2700 290 2756 per
365 2681 677 2749 epistolam,
726 2683 1028 2750 quae'inter
1070 2683 1503 2754 Hieronymianas
1551 2703 1765 2742 numero

191 2770 564 2837 sexagesima
625 2771 851 2822 secunda
903 2769 1141 2833 habetur,
1188 2781 1242 2824 et
1292 2773 1469 2828 eodem
1502 2788 1640 2829 anno
1664 2777 1766 2831 595

185 2863 330 2917 data
372 2869 465 2912 est
504 2875 519 2910 :
556 2859 715 2911 multa
749 2860 936 2914 deinde
965 2861 1202 2928 imposita
1229 2862 1328 2914 sibi
1370 2877 1399 2914 a
1436 2862 1637 2919 Joanne
1663 2868 1766 2919 cri-

187 2951 363 3004 mina
389 2946 668 3012 confutet;
695 2947 745 3000 in
775 2949 964 3016 quibus
991 2952 1363 3004 advertendum
1393 2961 1474 3006 est
1499 2955 1767 3009 insimula-

185 3052 318 3098 tum
379 3054 508 3092 eum
551 3053 578 3089 a
621 3037 842 3101 Joanne,
875 3041 1010 3108 quod
1050 3038 1287 3110 Origcuis
1320 3057 1475 3110 opera
1528 3047 1762 3112 quzcdam

187 3131 417 3185 Isatine
449 3127 714 3190 vertisset,
747 3130 1076 3197 respondisse
1109 3149 1122 3183 :
1157 3149 1175 3180 ι
1210 3130 1318 3184 Hoc
1357 3148 1460 3186 non
1504 3135 1644 3188 solus
1667 3150 1764 3202 ego
1789 3165 1832 3223 ο

187 3224 338 3286 feci,
376 3221 476 3274 sed
513 3229 566 3271 et
605 3219 874 3273 confessor
893 3219 1122 3274 Hilarius
1149 3221 1385 3288 fecit;ct
1413 3233 1584 3279 tamen
1617 3235 1760 3281 uter-

185 3330 307 3386 que
343 3320 597 3365 nostrum
629 3311 785 3364 noxia
815 3325 1031 3378 quaeque
1072 3313 1386 3368 detruncans
1419 3317 1560 3368 utilia
1592 3325 1762 3372 trans-

183 3406 372 3465 tulit;
415 3419 436 3451 ι
467 3407 518 3452 et
536 3399 689 3467 paulo
715 3410 827 3468 post
859 3417 872 3453 :
904 3418 922 3450 ι
954 3400 1252 3456 Sieuteuim
1283 3405 1760 3473 interpretationem

183 3507 246 3550 et
282 3495 563 3548 idiomata
595 3489 982 3558 Scripturarum
1036 3491 1246 3562 Origeni
1284 3510 1491 3565 semper
1525 3499 1759 3564 attribui,

188 3587 266 3638 ita
341 3581 660 3649 dagmatum
711 3580 1132 3635 constantissime
1177 3584 1368 3637 abstuli
1401 3587 1697 3643 veritatem.
1737 3607 1756 3640 ι

187 3675 266 3730 lit
303 3670 576 3725 ostendat
597 3677 850 3736 praeterea
888 3683 1042 3736 quam
1093 3685 1225 3724 vana
1270 3682 1408 3726 esset
1439 3673 1656 3728 Joannis
1697 3676 1762 3729 de

190 3759 526 3820 Pauliniani
551 3759 880 3812 ordinatione
905 3759 1136 3826 querela,
1165 3761 1455 3814 ordinatum
1477 3777 1593 3815 eum
1621 3779 1764 3818 asse-

188 3853 270 3906 rit
323 3851 384 3902 in
418 3843 944 3913 Eleutheropolitano
973 3847 1257 3912 territorio,
1289 3863 1391 3901 non
1431 3851 1480 3902 in
1519 3851 1758 3906 Alliensi.

189 3935 657 4003 Eleutheropolis
691 3943 861 3987 autem
891 3950 953 3989 ea
976 3945 1053 3989 est
1083 3935 1322 4000 Ilebron;
1357 3937 1518 4004 Elia,
1550 3940 1764 3996 Jerusa-

187 4034 343 4089 lem.
373 4027 622 4094 Denique
645 4034 914 4094 postquam
937 4025 1000 4078 ad
1023 4029 1407 4092 procurandum
1426 4029 1522 4081 sibi
1545 4031 1762 4083 exitium

187 4124 487 4180 Joannem
521 4117 808 4179 laborasse,
833 4121 885 4167 et
917 4115 1278 4168 auctoritatem
1309 4118 1568 4185 publicam
1599 4134 1660 4172 ac
1683 4135 1766 4173 re-

189 4214 425 4282 scripta
457 4206 776 4262 sollicitasse
812 4215 1027 4273 questus
1057 4215 1157 4270 est,
1180 4221 1369 4274 cupere
1401 4221 1459 4261 se
1486 4209 1763 4277 signiticet,

189 4315 261 4358 ut
288 4297 593 4356 discordiae
619 4310 802 4349 omnes
835 4295 1126 4362 sopiantur.
1169 4297 1399 4366 Utraque
1423 4311 1569 4368 parte
1592 4301 1766 4354 audita

189 4395 510 4449 veritatem
554 4372 833 4456 perspexit
890 4385 1226 4455 Theophilus,
1270 4399 1322 4441 et
1366 4389 1515 4443 malis
1565 4393 1767 4448 artibus

192 4500 319 4540 non
355 4481 558 4533 bonam
581 4489 794 4527 causam
824 4489 854 4528 a
885 4474 1085 4530 Joanne
1118 4477 1338 4545 aliisque
1363 4479 1525 4534 foveri
1557 4496 1768 4550 compe—
1797 4473 1840 4527 D

193 4571 390 4631 tiens,
418 4564 700 4617 adversam
748 4561 819 4614 ita
868 4562 1138 4631 amplexus
1167 4573 1264 4626 est,
1309 4574 1366 4617 ut
1404 4579 1652 4635 utrosque
1683 4578 1762 4622 ta-

193 4673 342 4713 men
379 4655 450 4707 ad
478 4652 742 4706 sinceram
767 4651 1103 4704 concordiam
1141 4667 1394 4708 revocare
1421 4657 1694 4724 niteretur,
1713 4669 1762 4714 et

193 4751 590 4818 repugnantes
611 4740 937 4810 Ot'igenistas
965 4742 1192 4796 molliter
1219 4760 1279 4798 ac
1300 4745 1524 4813 benigne
1548 4747 1766 4803 adbibe-

190 4850 319 4896 ret.

283 4943 440 5002 XIV.
471 4943 754 5004 Caeterum,
779 4939 845 4994 ad
892 4942 1238 4995 coercendam
1286 4945 1546 5010 serpentis
1585 4945 1766 5016 Orige-

194 5037 381 5096 nismi
427 5034 588 5095 luem,
611 5040 861 5099 sequente
889 5043 1026 5083 anno
1050 5029 1397 5100 Hieronymus
1421 5033 1764 5103 Augustinum

199 5137 428 5203 pietate
466 5123 740 5176 ﬂorentem
778 5129 833 5175 et
867 5121 1180 5188 eruditione,
1213 5126 1424 5191 quicum
1454 5126 1550 5180 sibi
1585 5128 1766 5181 n0titia

198 5221 405 5286 aliqua
433 5213 826 5275 intercesserat,
852 5211 1061 5276 parario
1083 5210 1266 5280 Alypio
1293 5213 1600 5282 Tagastensi
1623 5226 1768 5282 post-

200 5309 452 5364 modum
493 5299 760 5366 episcopo,
787 5299 981 5367 quique
1009 5299 1118 5368 jam
1145 5311 1266 5354 ante
1295 5310 1477 5370 optare
1505 5316 1565 5356 se
1602 5305 1767 5372 signi-

202 5398 514 5454 ﬁcaverat,
558 5396 612 5439 ut
642 5387 885 5455 Origenis
909 5401 1069 5456 opera
1115 5390 1180 5440 ab
1230 5387 1542 5457 Hieronymo
1584 5389 1767 5445 Latine

204 5484 610 5543 redderentur,
637 5485 814 5528 monet
836 5491 928 5543 per
946 5475 1240 5545 epistolam,
1273 5490 1386 5542 qua:
1406 5478 1688 5541 intercidit,
1713 5488 1767 5533 ut

205 5576 276 5628 in
309 5565 568 5633 Origeuis
591 5564 962 5630 scriptiouibus
989 5573 1170 5620 cautus
1199 5566 1421 5627 incedat,
1465 5569 1770 5634 approbatis

205 5653 570 5715 melioribus,
597 5651 927 5718 scquioribus
952 5652 1192 5720 rejectis;
1215 5661 1269 5705 at
1290 5652 1519 5720 Origeuis
1542 5656 1643 5709 sibi
1670 5671 1766 5710 no-
1873 5669 2090 5715 terrent.
2133 5683 2150 5715 ι
2175 5665 2306 5718 Nam
2334 5683 2454 5720 cum
2483 5667 2754 5736 Origenem
2809 5666 3029 5722 miriﬁce
3075 5667 3393 5722 celebrasset

207 5748 332 5803 tari
367 5756 584 5798 errores
619 5742 952 5806 responsione
977 5758 1068 5796 sua
1115 5743 1424 5811 Augustinus
1455 5744 1766 5812 postulavit.
1870 5751 2216 5825 Hieronymus
2239 5758 2396 5812 etiam
2428 5767 2533 5813 tum
2550 5759 2774 5827 iuvenis,
2799 5766 2848 5810 et
2880 5759 2993 5825 plus
3008 5759 3263 5830 quam_70
3289 5759 3392 5810 ho-

481 5836 746 5894 PATROL.
786 5837 897 5898 Gn.
928 5839 1112 5898 XVII.
3035 5850 3112 5910 36
