3920 6482
478 430 602 485 “5|

1691 422 1749 480 Ρ.
1783 423 2085 478 DANIELIS
2123 423 2212 476 HU
2225 416 2358 474 ETll

3639 401 3776 454 “'53

475 549 727 603 mileticos
768 546 928 614 ipsius
973 544 1154 607 libros,
1195 544 1352 596 multa
1398 543 1551 595 etiam
1599 544 1664 596 de
1711 543 1866 596 tomis
1931 543 1981 594 in
2013 548 2057 599 A
2153 539 2316 593 XVII.
2353 538 2423 590 At
2473 529 2888 586 Pammachius
2943 533 3005 574 et
3047 517 3335 614 Oceanus
3387 517 3463 614 de
3515 517 3681 614 rebus
3730 518 3782 614 in

471 636 775 707 Apostolum
821 635 1028 703 scriptis
1075 634 1261 688 Latine
1289 633 1620 697 reddidisset,
1662 647 1726 688 ex
1767 633 1986 699 ejusque

471 727 618 780 libris
642 723 1060 778 Commentarios
1089 737 1212 778 suos
1232 721 1616 789 locupletasset,
1643 737 1760 774 mox
1787 722 1838 773 in
1867 736 1982 773 eum

469 815 746 868 calcitrare
791 814 969 881 cmpit.
1023 811 1334 880 Neutiquam
1383 827 1504 866 vero
1563 811 1646 865 his
1705 811 1984 879 perstringi

467 902 840 973 Hieronymum
869 910 1017 970 putat
1052 899 1336 966 Halloxius,
1359 904 1480 970 quia
1504 901 1613 969 jam
1652 901 1985 954 reconciliata

465 993 638 1046 fuerat
664 994 805 1046 inter
834 1007 925 1046 eos
946 992 1134 1061 gratia,
1157 1001 1210 1045 et
1238 992 1392 1060 paulo
1412 992 1650 1060 superius
1681 991 1981 1060 Hieronymi

465 1098 580 1136 cum
607 1083 760 1136 laude
780 1083 1089 1136 meminerat
1114 1082 1195 1136 his
1208 1081 1382 1136 verbis
1408 1101 1419 1134 :
1445 1101 1463 1132 ι
1488 1083 1761 1135 Damasins
1782 1081 1984 1148 episco-

463 1188 582 1241 pus,
599 1188 715 1226 cum
741 1173 804 1227 de
831 1172 1141 1240 recipiendis
1157 1171 1534 1238 Apollinaristis
1560 1171 1861 1224 deliberatio
1884 1172 1981 1222 ha-

462 1268 694 1326 beretur,
720 1262 997 1316 editionem
1025 1261 1392 1315 ecclesiastica:
1421 1261 1555 1324 ﬁdei,
1583 1261 1665 1314 cui
1694 1261 1846 1314 iidem
1869 1261 1981 1313 edi-

465 1353 611 1415 tioni,
636 1351 676 1404 si
708 1350 958 1404 Ecclesia:
981 1350 1124 1418 iungi
1150 1350 1331 1411 velint,
1354 1351 1685 1403 subscribere
1706 1350 1978 1412 deberent,

395 1455 400 1460 ‘
459 1439 882 1494 conscribendam
909 1439 1178 1492 mandavit
1205 1441 1373 1490 amico
1405 1453 1501 1490 suo
1526 1440 1733 1492 cuidam
1765 1438 1980 1506 presby-

459 1539 572 1582 tero
600 1529 714 1582 viro
757 1528 1122 1591 disertissimo,
1153 1528 1238 1594 qui
1272 1527 1367 1579 hoc
1403 1527 1474 1578 illi
1512 1541 1576 1580 ex
1618 1541 1765 1580 more
1817 1541 1976 1594 nego-

459 1619 584 1670 tium
607 1617 939 1686 procurabat.
965 1635 984 1667 )
1006 1617 1212 1669 Addere
1229 1624 1435 1682 poterat
1457 1614 1721 1668 Halloxius
1736 1616 1975 1667 eumdem

456 1724 484 1761 a
509 1706 698 1759 Ruﬁno
720 1706 937 1760 honoris
968 1720 1123 1758 causa
1152 1705 1474 1758 nominatum
1497 1705 1548 1756 in
1577 1705 1879 1769 praefatione
1911 1703 1976 1756 li-

453 1797 666 1851 brorum
694 1796 828 1864 Περὶ
871 1794 1084 1862 ἀρχῶν,
1112 1796 1199 1862 qui
1241 1796 1341 1849 hoc
1377 1805 1609 1862 tempore
1647 1795 1970 1863 prodierunt.

2085 630 2226 684 Urbe
2250 626 2420 697 gestis
2454 623 2880 687 Hieronymum
2916 613 3249 667 certiorem
3287 606 3537 697 faciunt,
3557 616 3614 659 et
3641 605 3792 659 Ruﬁ-
3839 616 3842 618 ‘

2083 695 2300 771 nianam
2331 715 2608 768 librorum
2642 706 2794 774 Περὶ
2820 701 3059 771 ἀρχῶν
3093 695 3648 766 interpretationem
3671 708 3784 746 cum

2083 805 2394 877 praefatione
2427 799 2864 858 transmittunt,
2916 788 3361 859 postulauitque
3393 792 3461 877 ut.
3486 782 3810 877 libroseos-l

2083 873 2200 951 dem
2236 893 2448 948 meliori
2481 891 2589 943 ﬁde
2617 893 2958 948 convertat,
3000 891 3065 934 et
3113 879 3376 946 iniectas
3416 875 3491 928 de
3531 888 3592 928 se
3627 873 3811 940 suspiv'

2082 987 2267 1040 cioncs
2302 983 2503 1035 diluat.
2534 977 2813 1031 Redierat
2839 987 2985 1026 cum
3015 970 3121 1023 illo
3140 966 3272 1033 iam
3294 971 3441 1031 jtum
3479 962 3536 1016 in
3571 961 3792 1029 gratiam

2081 1073 2328 1131 Ruﬁnus,
2367 1082 2495 1122 cum
2533 1060 2924 1132 Jcrosolymis
2987 1057 3517 1126 proﬁcisceretur.
3569 1049 3793 1102 Subdola

2082 1168 2263 1234 itaque
2295 1162 2477 1216 Ruﬁni
2509 1159 2856 1229 prtefatione
2887 1155 3060 1208 clam
3096 1163 3382 1204 arrosum
3430 1160 3500 1201 sc
3544 1153 3600 1199 et
3634 1144 3792 1213 impe-

2082 1258 2237 1310 titnm
2268 1252 2514 1307 sentiens
2549 1249 2986 1316 Hieronymus,
3011 1255 3078 1297 et
3117 1242 3290 1294 inter
3325 1235 3690 1305 Origenistas
3707 1249 3792 1299 po-

2081 1347 2268 1407 situm,
2297 1343 2442 1397 hanc
2464 1356 2590 1395 cum
2625 1354 2694 1393 eo
2735 1335 3037 1405 injuriam
3069 1331 3284 1385 amice
3317 1338 3381 1382 et
3418 1325 3628 1380 leniter
3647 1337 3798 1392 expo-

2080 1435 2303 1490 stulavit
2355 1448 2454 1500 per
2501 1431 2802 1500 epistolam
2832 1465 2850 1488 ,
2891 1423 3080 1492 cujus
3109 1469 3120 1479 .
3148 1423 3275 1475 hoc
3335 1429 3432 1472 est
3477 1415 3796 1471 exordium:

2086 1545 2103 1576 ε
2130 1526 2225 1578 Diu
2257 1534 2310 1576 te
2341 1523 2530 1576 Roma:
2560 1527 2852 1574 moratum
2881 1529 3108 1571 sermo
3141 1510 3443 1580 praprius
3473 1503 3792 1564 indicavit;-

2078 1618 2218 1669 nnde
2259 1615 2386 1667 licet
2436 1611 2724 1680 conjicere
2757 1609 2884 1676 jam
2942 1612 3101 1658 ante
3149 1601 3232 1654 ad
3269 1614 3415 1652 eum
3448 1598 3670 1649 litteras
3705 1593 3801 1690 Ru-

2080 1705 2241 1757 ﬁnum
2278 1701 2513 1756 dedisse.
2559 1697 2671 1752 Sed
2715 1711 2851 1750 cum
2908 1707 3030 1762 per
3081 1699 3378 1743 vecturae
3426 1699 3623 1738 moras
3643 1695 3801 1736 serius

2076 1793 2300 1846 Romam
2337 1789 2517 1843 delata
2555 1786 2762 1840 fuisset
2795 1778 3188 1850 Hieronymi
3232 1775 3579 1845 responsio,
3617 1787 3799 1826 renun-

452 1887 644 1940 Verum
677 1853 914 1937 hoc'erat
941 1853 1152 1953 ingenio
1187 1883 1443 1946 Ruﬁnus;
1476 1853 1662 1950 palam.
1689 1884 1739 1936 in
1766 1897 1826 1937 os
1853 1883 1968 1936 lau-
2007 1853 2046 1906 Β
2079 1884 2266 1936 tiatum
2302 1881 2512 1933 interea
2538 1877 2730 1930 fuerat
2780 1872 3016 1926 Ruﬁno
3069 1883 3316 1922 novam
3357 1867 3646 1919 librorum
3675 1860 3800 1929 Περὶ

451 1974 628 2034 dabat,
655 1972 790 2025 clam
816 1971 1155 2035 detrahebat;
1183 1971 1494 2024 simuliatem
1528 1970 1732 2024 fovebat
1760 1971 1810 2024 in
1832 1971 1968 2036 sinu,

451 2061 732 2115 amicitiam
765 2059 932 2113 fronte
965 2061 1201 2127 gerebat.
1230 2059 1406 2126 Itaque
1439 2058 1644 2126 palpum
1674 2073 1853 2112 coram
1873 2060 1972 2113 ob-

450 2151 695 2204 trudebat
743 2150 1081 2218 Hieronymo,
1126 2159 1183 2201 ut
1223 2149 1396 2202 acrius
1441 2149 1644 2202 occulte
1684 2150 1967 2203 morderet.

447 2241 557 2294 Hoc
594 2241 837 2308 amplius,
863 2240 1210 2310 Hieronymus
1234 2240 1343 2307 ipse
1369 2239 1581 2307 Apolog.
1623 2239 1657 2291 2
1684 2240 1737 2290 in
1767 2238 1968 2305 Ruﬁn.,

433 2345 563 2396 cap.
587 2329 636 2391 6,
658 2330 768 2382 hch
797 2331 956 2382 verba
990 2329 1058 2382 ita
1089 2331 1294 2396 repetit,
1321 2329 1468 2397 quasi
1500 2329 1801 2396 neutiquam
1825 2329 1889 2382 ad
1915 2343 1972 2382 se

446 2421 742 2486 pertineant
774 2435 785 2470 :
821 2420 912 2471 sed
944 2419 1021 2473 vel
1042 2420 1199 2474 tacite
1228 2419 1397 2472 notari
1429 2434 1485 2472 se
1508 2434 1608 2472 non
1643 2419 1844 2484 sensit;
1891 2420 1972 2473 vel

445 2517 775 2576 perspectam
819 2509 1136 2562 calumniam
1167 2509 1408 2563 simulate
1443 2510 1670 2564 reticuit.
1710 2509 1836 2564 Utut
1866 2519 1967 2577 est,

446 2613 596 2651 suum
625 2609 834 2652 maneat
860 2599 1038 2653 lectori
1055 2599 1307 2666 judicium
1337 2616 1350 2650 :
1384 2603 1655 2668 sequentia
1687 2611 1831 2655 certe
1858 2618 1970 2654 ma»

445 2684 633 2740 nifesle
672 2686 1015 2755 Epiphanium
1065 2695 1288 2754 petunt:
1322 2705 1339 2739 ι
1379 2689 1613 2758 Denique
1642 2689 1856 2756 quidam
1901 2705 1966 2743 ex

445 2776 589 2843 ipsis,
629 2775 718 2844 qui
762 2790 820 2830 se
867 2777 1008 2830 velut
1056 2778 1443 2849 evangelizandi
1487 2780 1851 2833 necessitatem
1879 2795 1974 2849 per

441 2878 624 2918 omnes
652 2876 833 2933 gentes
854 2875 906 2919 et
934 2881 1027 2935 per
1055 2882 1236 2921 omnes
1272 2867 1476 2936 linguas
1507 2868 1698 2922 habere
1725 2877 1876 2936 putat
1908 2869 1973 2923 de

445 2954 668 3023 Origene
708 2955 863 3008 male'
887 2954 1151 3021 loquendi,
1188 2971 1278 3010 sex
1302 2955 1461 3009 millia
1495 2955 1745 3010 librorum
1777 2957 1891 3024 ejus
1916 2972 1974 3012 se

441 3043 649 3110 legisse,
679 3043 1060 3113 quamplurima
1087 3044 1310 3098 fratrum
1351 3045 1680 3098 multitudine
1707 3047 1973 3112 audiente,

2074 1971 2274 2040 ἀρχῶν
2299 1966 2826 2037 interpretationem
2855 1963 2940 2016 ab
2966 1975 3051 2014 eo
3092 1957 3352 2026 parari,
3380 1971 3564 2024 quam
3596 1969 3662 2008 eo
3691 1967 3799 2006 con-

2075 2063 2194 2115 silio
2222 2059 2498 2113 conditam
2532 2072 2563 2110 a
2595 2071 2656 2109 se
2691 2052 2909 2108 scribit
2938 2049 3399 2118 Hieronymus
3429 2047 3666 2113 Apolog.
3718 2042 3799 2094 lib.

2076 2167 2113 2214 ι,
2143 2163 2261 2216 cap.
2292 2147 2351 2212 Ξ,
2387 2160 2494 2200 non
2522 2153 2587 2197 ut
2617 2142 2891 2196 crederet
2922 2140 3146 2194 lector
3187 2138 3270 2192 iis
3313 2151 3455 2205 quae
3489 2135 3802 2202 interpreta-

2078 2233 2394 2299 batur;sed
2441 2247 2510 2286 ne
2554 2230 2818 2284 crederet
2874 2230 2958 2282 iis
3015 2242 3180 2295 quae
3238 2235 3394 2278 ante
3459 2220 3807 2276 transtulerat

2077 2324 2323 2378 Ruﬁnus.
2345 2324 2525 2390 Atque
2563 2320 2640 2373 ita
2679 2320 2988 2386 dirempta
3034 2319 3223 2370 inter
3257 2331 3374 2370 eos
3408 2315 3805 2381 gratia,datam

2075 2412 2140 2465 ad
2200 2409 2455 2463 Ruﬁnum
2510 2407 2815 2477 epistolam
2861 2405 3278 2476 Hieronymi
3343 2404 3687 2467 familiares,
3728 2403 3806 2470 qui

2075 2501 2368 2554 curandam
2405 2513 2526 2552 eam
2567 2506 2970 2566 acceperant,
3020 2504 3568 2566 suppresserunt.
3627 2492 3807 2548 Susceo

2076 2591 2486 2662 ptaminterim,
2520 2589 2888 2643 Pammachii
2936 2597 3006 2642 et
3052 2588 3323 2643 Oceani
3376 2597 3606 2658 rogatu,
3644 2587 3806 2640 since-

2077 2684 2275 2736 riorem
2301 2681 2564 2733 librorum
2593 2679 2674 2731 De
2697 2678 3022 2746 principiis
3057 2679 3562 2734 conversionem
3590 2675 3808 2731 absolvit

2077 2752 2450 2836 Hieronymus,
2470 2779 2526 2823 et
2553 2769 2621 2821 ad
2645 2783 2746 2822 eos
2790 2767 3076 2821 Romam
3114 2769 3327 2830 misit,
3369 2783 3510 2822 cum
3551 2767 3807 2821 luculenta

2077 2862 2324 2932 epistola,
2344 2877 2450 2930 qua
2477 2860 2738 2928 Origenis
2763 2861 3150 2914 doctrinam
3179 2872 3251 2916 et
3281 2853 3683 2917 eruditionem
3707 2859 3808 2914 lau-

2078 2956 2234 3008 dasse
2258 2967 2316 3008 se
2335 2952 2559 3014 fatetur,
2599 2951 2878 3018 dogmata
2913 2952 3238 3007 tenuisse
3288 2963 3607 3022 pernegat.
3638 2971 3657 3002 ι
3687 2951 3808 3005 Lau-

2079 3039 2473 3107 ἀεινίιὶηίιυίιο
2529 3039 2962 3106 Ῐηιθτρΐειθῐη,
3033 3054 3176 3093 n0n
3238 3043 3685 3110 dogmatisten;
3742 3040 3810 3092 in-

442 3132 717 3187 confessus
740 3142 841 3187 est.
881 3151 900 3183 ι
927 3135 1068 3201 Ipsos
1098 3134 1284 3187 deinde
1313 3134 1448 3200 Περὶ
1465 3132 1662 3202 ἀρχῶν
1695 3135 1858 3190 libros
1882 3134 1975 3189 Ur-
2005 3177 2046 3232 ο
2079 3134 2315 3202 genium,
2361 3145 2466 3183 non
2502 3128 2666 3182 ﬁdem
2698 3144 2714 3192 ;
2751 3127 3269 3197 philosophum,
3329 3147 3457 3185 non
3493 3131 3808 3200 apostolum.

440 3222 494 3275 bi
520 3223 802 3290 pfopinans
831 3221 1068 3285 Ruﬁnus,
1100 3236 1202 3290 quo
1243 3224 1407 3292 magis
1459 3222 1684 3277 lectores
1729 3223 1970 3285 illiceret,

440 3311 800 3379 praefationem
834 3313 978 3378 operi
1022 3312 1274 3378 przeﬁxit,
1321 3325 1487 3378 eaque
1525 3311 1812 3365 declaravit
1855 3328 1976 3368 sese

441 3401 654 3468 reliquis
675 3400 1000 3468 dogmatibus
1026 3401 1236 3453 intactis
1263 3399 1422 3453 falsas
1449 3398 1691 3468 Origenis
1715 3402 1777 3455 de
1797 3401 1974 3456 Trini-

444 3500 550 3544 tate
594 3491 915 3553 sententias,
965 3500 1141 3560 umote
1191 3491 1255 3543 ab
1298 3491 1558 3544 haereticis
1611 3491 1860 3557 insertas,
1891 3493 1974 3547 vel

441 3578 769 3642 emendasse,
803 3579 886 3631 vel
912 3578 1304 3646 praetermisisse
1337 3595 1350 3629 :
1379 3592 1626 3646 grassans
1679 3579 1820 3632 enim
1874 3583 1976 3636 hoc

443 3673 674 3733 tempore
703 3665 1029 3719 Arianismus
1057 3667 1307 3719 adversus
1329 3665 1629 3734 Origenem,
1661 3666 1812 3736 cujus
1858 3685 1974 3722 am-

439 3752 618 3832 biebat
640 3753 1009 3822 patrocinium,
1039 3752 1336 3808 Catholicos
1361 3764 1735 3809 commoverat.
1782 3757 1975 3812 Exem-

439 3849 527 3912 pi'o
555 3857 762 3911 quoque
806 3841 1132 3914 Hieronymi,
1169 3844 1449 3899 multorum
1489 3843 1599 3910 jam
1635 3844 1884 3913 Origenis
1908 3849 1974 3902 li-

436 3932 654 3986 brorum
695 3933 1017 4001 interpretis,
1055 3921 1332 3986 adductum
1361 3948 1418 3987 se
1448 3934 1705 4003 signiﬁcat
1731 3935 1830 3990 hac
1861 3936 1974 4004 ipsa

438 4021 1044 4090 pralationefRuﬁnus,
1099 4030 1155 4075 ut
1205 4024 1506 4092 scriptionis
1558 4023 1697 4077 illius
1745 4039 1970 4079 conver-

437 4113 638 4167 sionem
673 4112 980 4181 susciperet.
1016 4113 1079 4168 Et
1111 4129 1285 4168 causae
1327 4123 1502 4167 tamen
1533 4113 1605 4166 ita
1641 4111 1839 4167 diﬁisus
1865 4123 1968 4181 est,

438 4214 496 4257 ut
540 4204 834 4273 praifationi
876 4219 1064 4257 nomen
1103 4219 1254 4258 suum
1284 4205 1548 4259 ascribere
1577 4218 1679 4257 non
1712 4203 1964 4270 auderet;

436 4303 492 4345 et
522 4308 736 4348 assensu
757 4304 1012 4362 praeterea
1041 4293 1314 4363 Theophili
1348 4303 1400 4348 et
1434 4292 1736 4361 Hieronymi
1766 4291 1967 4360 gloria-

441 4391 606 4436 retur.

2079 3221 2228 3289 Quod
2248 3221 2291 3274 si
2323 3219 2508 3274 volunt
2531 3232 2704 3286 super
2737 3218 3022 3287 Origene
3077 3238 3311 3276 meum
3351 3222 3810 3291 scirejudicium,

2075 3314 2248 3381 legant
2297 3311 2347 3363 in
2399 3307 2772 3361 Ecclesiasten
2830 3308 3378 3368 Commentarios
3405 3354 3423 3378 ,
3465 3316 3737 3384 replicent
3765 3313 3811 3364 in

2074 3401 2361 3471 Epistolam
2401 3399 2468 3450 ad
2498 3396 2778 3465 Ephesios
2829 3399 2956 3453 tria
3011 3404 3399 3471 volumina,
3428 3417 3494 3460 et
3526 3405 3816 3473 intelligent

2075 3507 2158 3545 me
2173 3501 2378 3556 semper
2403 3487 2520 3554 ejus
2546 3487 2928 3554 dogmatibus
2959 3497 3420 3563 contraiisse;
3458 3516 3480 3550 ι
3505 3507 3567 3552 et
3595 3499 3814 3552 iterum:

2078 3601 2097 3632 (
2131 3580 2184 3634 Si
2209 3579 2334 3632 mihi
2368 3577 2614 3642 creditis,
2632 3575 3026 3646 Origenistes
3073 3601 3426 3656 nunquam
3479 3589 3564 3643 fui
3597 3606 3613 3656 ;
3650 3589 3694 3643 si
3726 3603 3817 3641 non

2071 3669 2305 3731 creditis,
2335 3681 2480 3720 nunc
2524 3681 2649 3720 esse
2709 3672 3010 3736 cessavi;
3062 3691 3086 3724 ι
3149 3687 3221 3729 et
3275 3682 3574 3747 sequenti
3613 3680 3814 3748 capite:

2077 3779 2096 3812 ι
2131 3759 2236 3812 Fac
2268 3770 2354 3811 me
2378 3771 2602 3810 errasse
2634 3758 2691 3809 in
2722 3759 3207 3830 adolescentia,
3228 3779 3297 3822 et
3329 3770 3813 3840 philosophorum,

2071 3850 2123 3904 id
2165 3857 2247 3903 est
2277 3847 2557 3916 gentilium
2608 3847 2823 3901 studiis
2885 3855 3245 3911 eruditum
3287 3861 3353 3913 in
3393 3864 3685 3931 principio
3709 3862 3814 3914 ﬁdei

2069 3941 2314 4008 dogmata
2369 3938 2659 4006 ignorasse
2700 3937 3085 4015 Christiana
3134 3967 3155 4013 ;
3200 3961 3274 4004 et
3335 3954 3461 4008 hoc
3519 3966 3744 4022 putasse
3769 3953 3812 4005 in

2069 4026 2344 4094 apostolis,
2373 4027 2521 4094 quod
2563 4027 2621 4078 in
2671 4026 3068 4101 Pythagora,
3099 4049 3173 4091 et
3213 4039 3513 4108 Platone,
3545 4057 3604 4098 et
3641 4045 3812 4111 Empe-

2067 4117 2219 4172 docle
2248 4117 2483 4185 legeram
2519 4135 2534 4170 :
2565 4132 2664 4170 cur
2699 4120 2940 4185 parvuli
2979 4123 3053 4178 in
3089 4128 3368 4187 Christo
3401 4145 3591 4203 atque
3625 4135 3814 4188 lacten-

2065 4207 2136 4260 tis
2163 4219 2404 4260 errorem
2433 4205 2737 4274 sequimini
2765 4206 2793 4258 ?
2823 4222 2942 4262 cur
2977 4216 3069 4268 ab
3104 4232 3191 4271 eo
3238 4218 3633 4290 impietatem
3669 4222 3817 4275 disci.

2068 4295 2158 4356 tis,
2194 4293 2284 4362 qui
2339 4293 2574 4347 necdum
2631 4296 2922 4362 pietatem
2989 4316 3288 4360 noverat
3320 4309 3350 4361 ?
3395 4311 3678 4366 Secunda
3715 4319 3816 4378 post

2065 4382 2400 4451 naufragium
2432 4382 2619 4437 tabula
2659 4395 2747 4438 est
2787 4387 3057 4458 culpant
3104 4397 3515 4468 simpliciter
3554 4401 3811 4458 conﬁteri.

507 4469 680 4527 Multis
714 4473 981 4528 enimvero
1021 4473 1168 4527 cordi
1217 4472 1314 4526 fuit
1366 4487 1497 4540 opus
1531 4474 1654 4528 illud
1701 4491 1730 4528 a
1775 4474 1966 4531 Ruﬁno
1996 4487 2040 4540 1)
2067 4471 2264 4526 lmitati
2293 4474 2426 4526 estis
2469 4484 2785 4539 errantem,
2835 4479 3209 4543 imitamini
3275 4502 3340 4545 et
3407 4480 3806 4548 correctum.'n

439 4562 766 4625 translatum,
799 4571 852 4616 et
885 4562 1102 4631 'Origeni
1149 4562 1473 4626 sacerdotes,
1521 4564 1807 4618 monachos
1838 4575 1892 4618 et
1935 4579 1966 4619 e

436 4649 856 4705 Christianorum
876 4652 1031 4721 vulgo
1059 4653 1248 4706 multos
1280 4651 1606 4719 adjunxit,et
1635 4650 1809 4707 Siricii
1834 4668 1964 4722 quo-

435 4755 538 4810 que
567 4755 710 4809 papae
751 4742 1074 4810 simplicitati
1107 4743 1289 4797 illusit.
1333 4746 1401 4794 At
1439 4742 1614 4811 plures
1651 4752 1826 4797 tamen
1873 4744 1966 4797 do-

435 4831 621 4884 ctrina:
669 4829 875 4884 novitas
903 4831 1163 4899 perculit;
1193 4833 1324 4886 adeo
1352 4842 1410 4884 ut
1441 4840 1608 4884 totum
1636 4833 1820 4886 orbem
1852 4841 1969 4899 post

433 4919 612 4973 Ruﬁni
631 4919 1118 4988 interpretationem
1141 4922 1192 4973 in
1217 4921 1458 4990 Origenis
1475 4920 1650 4974 odium
1675 4920 1963 4982 exarsisse,

433 5020 488 5062 et
534 5009 846 5063 translatum
877 5010 1022 5076 {opus
1074 5011 1348 5077 expavisse
1397 5009 1668 5062 tradiderit
1710 5007 1964 5077 Hierony-

338 5078 346 5143 ί
431 5114 551 5154 mus
576 5099 668 5154 lib.
727 5097 948 5164 tApol.,
994 5113 1110 5165 cap.
1155 5100 1207 5152 3.
1239 5101 1436 5152 Auctor
1487 5111 1696 5166 quoque
1739 5096 1824 5149 ille
1857 5105 1960 5158 est,

430 5189 652 5255 primam
677 5185 1001 5258 gﬂarcellam
1061 5185 1379 5249 Romanam,
1421 5185 1696 5238 nobilitate
1727 5183 1958 5250 generis,

430 5287 485 5330 et
504 5277 695 5345 pietate
725 5275 1003 5339 illustrem,
1031 5275 1466 5329 subolescentem
1502 5287 1736 5326 errorem
1773 5271 1962 5338 depre-

431 5365 677 5419 hendisse
709 5381 771 5419 ac
801 5364 1136 5434 repressisse.
1163 5363 1461 5415 Discessnm
1488 5361 1665 5429 itaque
1694 5359 1962 5414 destinan—

431 5459 511 5503 tes
532 5453 654 5506 facti
676 5464 939 5518 auctores,
969 5467 1086 5506 cum
1108 5451 1218 5519 jam
1245 5449 1354 5502 fere
1379 5457 1436 5501 ut
1465 5450 1696 5504 haeretici
1724 5449 1966 5517 designa-

433 5549 631 5604 rentur,
667 5542 1053 5596 ecclesiasticas
1094 5536 1344 5604 epistolas
1376 5550 1404 5586 a
1431 5534 1622 5589 Siricio
1659 5537 1960 5603 impetrant,

431 5631 493 5674 ut
527 5625 771 5680 Ecclesiae
822 5628 1189 5682 communione
1244 5623 1457 5691 gloriari
1513 5633 1723 5691 possent
1756 5639 1768 5672 :
1800 5630 1958 5690 atque

433 5709 517 5764 bis
549 5717 894 5774 communitus
918 5715 1153 5790 .Ruﬁnus
1179 5713 1469 5780 Aquileiam
1506 5714 1777 5768 remeavit.

2067 4562 2326 4664 'Similiter
2354 4563 2410 4664 in
2443 4563 2604 4630 epist.
2634 4565 2731 4626 62,
2763 4568 2842 4619 ad
2881 4568 3346 4643 Theophilum
3382 4601 3398 4637 :
3431 4603 3455 4636 α
3487 4586 3661 4641 Sicut
3689 4584 3814 4640 enim

2069 4830 2162 4882 tuli
2195 4831 2502 4884 veritatem.
2544 4851 2564 4884 ι
2602 4833 2671 4886 Et
2703 4844 2907 4890 tamen
2956 4857 3114 4899 cum
3156 4850 3684 4912 Commentarios
3708 4874 3819 4912 suos

2068 4919 2542 5010 iuAErclesiaalen,
2573 4932 2629 4976 et
2661 4925 3001 4991 Epistolam
3028 4941 3118 4988 ad
3157 4939 3483 5010 Ephesio,
3515 4949 3818 5005 Adamn";

2067 5007 2220 5061 scitis
2255 5007 2559 5076 referserit,
2586 5012 2681 5066 vix
2716 5015 2787 5068 iis
2822 5023 3028 5075 semel
3055 5007 3480 5090 contradixit
3511 5055 3524 5085 :
3567 5041 3684 5094 imo
3709 5053 3814 5090 vero

2069 5112 2136 5150 ne
2169 5097 2458 5164 Origenem
2497 5101 2724 5167 quidem
2768 5116 3102 5167 auctorem
3173 5120 3445 5180 citavit.
3488 5127 3661 5195 Quod
3690 5113 3811 5183 εῖδει

2069 5201 2165 5253 pro
2191 5185 2341 5240 falsis
2366 5187 2584 5252 habuit,
2612 5205 2715 5242 cur
2753 5206 3044 5253 censura:
3080 5215 3318 5263 notam
3366 5185 3814 5286 non~apposuiﬂ

2064 5290 2167 5373 cur
2189 5291 2311 5328 cum
2354 5277 2408 5329 id
2451 5276 2558 5332 sibi
2588 5279 2727 5333 vitio
2755 5281 3037 5350 daretur,
3092 5292 3160 5347 id
3200 5298 3333 5353 sibi
3378 5276 3812 5373 gloria-3.1mm?

2071 5383 2088 5413 ι
2125 5363 2439 5457 Namquod
2465 5367 2676 5429 dicunt,
2711 5387 2730 5421 ι
2755 5370 2957 5440 inquit
2992 5377 3271 5457 Prolog.
3302 5363 3530 5449 invlib.
3595 5412 3638 5449 ιι
3678 5395 3812 5448 σοι...

2069 5465 2228 5508 ηιεηι.
2265 5456 2322 5509 in
2351 5455 2551 5518 Mich.,
2583 5475 2603 5507 ς
2647 5458 2919 5529 Origenis
2955 5482 3064 5523 me
3105 5455 3458 5536 volumina
3496 5485 3808 5555 compilare.

2068 5546 2523 5641 tit-containinari
2569 5562 2679 5602 non
2726 5549 2933 5604 decere
2969 5570 3314 5622 -veterum
3361 5574 3600 5641 scripta
3685 5570 3810 5639 quod

2069 5629 2147 5683 illi
2187 5633 2542 5690 maledictum
2575 5640 2890 5696 vehemens
2922 5659 3070 5702 esse
3102 5629 3548 5731 existimant?
3564 5629 3806 5721 eamdem

2061 5725 2283 5781 laudem
2306 5740 2406 5794 ego
2434 5731 2732 5788 maximam
2755 5733 3131 5805 ducoiicum
3177 5749 3373 5809 illum
3411 5725 3638 5813 imitari
3675 5751 3805 5817 νοω»
