3920 6438
198 430 341 485 “53'

1014 414 1565 481 ORIGENIANORUM
1601 422 1725 478 LIB.
1768 424 1829 489 Il,
1868 424 2015 481 CAP.
2056 428 2141 496 IV,
2183 429 2368 486 SECT.
2408 431 2448 485 I.

3178 438 3313 497 H51

173 564 335 633 .quem
360 545 556 602 cunctis
596 545 938 615 prudentibus
962 556 1016 600 et
1045 547 1190 601 vobis
1221 543 1434 614 placere
1460 558 1565 597 non
1594 545 1694 597 du-
1721 546 1767 602 A
1792 560 1887 608 pro
1908 561 2085 600 rerum
2120 563 2183 603 ac
2215 559 2508 620 temporum
2538 553 2765 620 ratione,
2794 554 2930 609 trahi
2967 570 3025 611 se
3048 565 3100 610 et
3119 558 3311 627 jactari

194 644 317 704 bito;
353 656 370 688 ι
398 652 491 691 cur
527 637 578 689 in
607 635 913 703 praefatione
945 637 1009 690 ad
1050 636 1244 690 librum
1283 632 1359 687 De
1391 633 1684 687 nominibus

197 732 462 794 Hebraicis,
494 729 846 786 aitneminem
883 729 981 783 nisi
1014 728 1333 798 imperitum,
1358 741 1549 797 negare
1570 725 1687 781 Ori-

190 836 356 891 genem
379 826 493 888 post
518 818 780 888 apostolos
802 818 1157 873 Ecclesiarum
1184 832 1300 873 esse
1334 816 1686 888 magistrum?

245 908 397 978 Igitur
434 924 536 964 non
580 909 694 962 sine
740 924 895 963 causa
942 910 1158 962 Ruﬁnus
1195 907 1547 978 Origenistam
1585 905 1686 960 ali-

179 997 375 1068 quando
415 998 570 1053 fuisse
602 998 971 1071 Hieronymum
1011 999 1265 1068 iactabat.
1304 1017 1323 1050 ‹
1358 998 1478 1052 Haec
1525 1007 1624 1063 est,
1659 1014 1680 1048 ι

180 1092 355 1160 inquit,
386 1091 574 1145 iuvect.
602 1107 643 1155 ι,
687 1109 707 1141 ι
748 1100 833 1144 tua
885 1092 1013 1145 tanti
1059 1090 1292 1158 magistri
1333 1098 1592 1159 gravrtas,
1629 1096 1689 1142 ut

174 1196 284 1235 eum
334 1195 487 1249 quem
521 1181 572 1234 in
612 1180 735 1234 aliis
781 1181 983 1245 laudas,
1022 1181 1338 1235 condemnes
1377 1181 1430 1234 in
1467 1180 1585 1234 aliis
1632 1187 1687 1234 et

175 1285 316 1338 quem
346 1271 396 1323 in
426 1270 828 1338 praefationibus
871 1271 975 1323 tuis
1009 1270 1226 1325 alterum
1264 1279 1383 1339 post
1422 1269 1686 1338 apostolos

172 1359 513 1413 Ecclesiarum
546 1359 852 1427 magistrum
877 1361 1074 1426 dtxisti,
1110 1374 1249 1413 nunc
1278 1360 1579 1415 haereticum
1608 1359 1688 1413 di-

171 1462 254 1502 cas
278 1447 302 1500 ?
333 1448 459 1512 Quis
492 1447 774 1500 haereticus
802 1445 1151 1501 Eeclesiarum
1174 1448 1425 1515 magister
1449 1447 1687 1515 aliquau.

169 1537 230 1591 do
253 1535 348 1589 dici
380 1536 550 1604 potuit
576 1535 600 1588 ?
634 1552 654 1585 ι
688 1534 874 1589 Futilis
900 1537 964 1590 ad
996 1536 1107 1589 haec
1139 1534 1439 1604 Hieronymi
1468 1550 1688 1589 excusa-

170 1627 253 1688 tio,
284 1626 370 1693 qui
400 1624 631 1679 Promm.
662 1625 715 1678 in
747 1624 834 1679 lib.
866 1641 917 1680 ιι
967 1624 1249 1681 Comment.
1291 1624 1449 1678 Isaia:
1474 1639 1688 1692 respon-

168 1717 249 1767 det
292 1712 599 1783 Origenem,
634 1715 937 1779 Eusebium,
971 1714 1371 1782 Apollinarium,
1399 1714 1632 1783 aliosque
1655 1728 1687 1768 a

165 1818 217 1857 se
254 1805 304 1857 in
349 1804 748 1858 commentariis
794 1806 859 1859 ad
910 1804 1071 1857 libros
1126 1802 1371 1868 Danielis,
1408 1804 1688 1872 magistros

169 1892 408 1945 Ecclesia:
437 1895 741 1946 nominatos
763 1931 777 1955 ,
806 1892 873 1946 ad
903 1891 1293 1946 distinctionem
1339 1892 1686 1959 quorumdam

164 1986 301 2051 quia
334 1982 531 2036 Christi
568 1983 670 2036 lide
705 1990 855 2035 erant
894 1980 1070 2034 alieni.
1098 1980 1275 2049 Pergit
1311 1980 1688 2051 Hieronymum

164 2070 416 2124 lacessere
440 2071 933 2139 Ruﬁnus,eumque
966 2069 1206 2138 Origenis
1238 2070 1390 2125 ﬁdem
1421 2085 1689 2140 nunquam

163 2174 213 2214 se
251 2161 491 2215 laudasse
528 2159 818 2228 iactantem
870 2162 1098 2229 propriis
1138 2161 1300 2231 ipsius
1331 2160 1506 2216 verbis
1540 2176 1693 2216 coar-

162 2249 285 2315 guit.
304 2247 507 2313 Quibus
527 2248 618 2302 ille
647 2249 788 2303 velut
833 2249 1107 2303 convictus
1146 2249 1328 2304 scribit
1350 2248 1440 2304 lib.
1467 2265 1524 2304 III
1549 2248 1690 2318 Apo-

161 2337 283 2405 log.,
313 2353 433 2405 cap.
464 2339 516 2391 5.
561 2356 580 2387 ‹
633 2338 828 2392 Eodem
869 2339 1071 2392 fervore
1104 2353 1208 2406 quo
1251 2336 1526 2407 Origenem
1573 2347 1692 2391 ante

159 2424 503 2487 laudavimus,
527 2440 671 2479 nunc
698 2426 1001 2478 damnatum
1027 2433 1137 2480 toto
1158 2425 1286 2479 orbe
1315 2426 1622 2479 damnemus
1640 2442 1686 2489 ;ι

159 2525 208 2568 et
233 2532 352 2569 mox
387 2534 401 2570 :
427 2533 446 2566 ι
486 2516 793 2569 Erravimus
818 2516 1057 2581 juvenes,
1088 2515 1425 2569 emendemur
1451 2528 1634 2579 senes;
1665 2532 1685 2566 ι

157 2616 204 2658 et
226 2607 420 2659 iterum
451 2623 466 2659 :
516 2623 535 2656 ‹
582 2605 796 2674 Ignosce
831 2605 959 2657 mihi
997 2604 1137 2672 quod
1165 2602 1410 2671 Origenis
1437 2603 1693 2657 eruditio-

157 2706 291 2753 nem,
311 2699 376 2764 _et
411 2692 646 2745 studium
677 2690 1095 2759 Seripturarum,
1135 2698 1415 2757 antequam
1444 2689 1558 2757 ejus
1580 2688 1688 2742 hze-

156 2779 308 2832 tesim
347 2778 556 2846 plenius
609 2793 839 2842 nossem,
866 2779 917 2832 in
958 2777 1173 2846 juvenili
1215 2786 1371 2831 astate
1396 2777 1624 2831 laudavi.
1668 2795 1686 2826 ι

156 2867 273 2920 lmle
298 2867 717 2921 Posthumiauus
744 2867 878 2934 apud
906 2865 1190 2934 Sulpicium
1218 2864 1469 2920 Severum
1504 2865 1693 2918 merito

159 2957 226 3008 ait
255 2972 269 3010 :
308 2974 326 3007 α
368 2954 501 3008 Illud
533 2969 618 3008 me
643 2955 923 3008 admodum
954 2955 1308 3022 permovebat,
1336 2954 1477 3023 quod
1510 2953 1693 3009 Hiero-

156 3059 361 3111 nymus,
393 3044 477 3096 vir
521 3043 749 3096 maxime
775 3041 1094 3125 Catholicus,
1131 3050 1185 3095 et
1205 3056 1370 3096 sacra:
1394 3041 1524 3110 legis
1545 3042 1689 3109 peri-

158 3131 408 3197 tissimus,
444 3131 730 3202 Origenem
769 3142 984 3187 secutus
1008 3131 1181 3199 primo
1208 3138 1443 3199 tempore
1470 3130 1690 3198 putaba-
1716 3166 1758 3224 ο

158 3230 258 3286 tur,
286 3237 447 3291 quem
501 3237 643 3277 nunc
694 3222 830 3277 idem
880 3220 1279 3291 praecipue,vel
1332 3222 1509 3274 omnia
1553 3221 1691 3274 illius

157 3313 345 3381 scripta
376 3315 681 3367 damnaret.
731 3330 751 3363 ι
804 3311 928 3366 Inde
959 3321 1012 3364 ct
1046 3310 1366 3381 Vigilantius
1414 3310 1581 3379 ipsum
1615 3310 1692 3363 sic

158 3406 404 3467 tanquam
435 3398 797 3468 Origenistam
829 3397 1146 3464 incessebat,
1190 3412 1346 3468 quam
1378 3407 1549 3451 tamen
1581 3398 1688 3451 cri-

154 3489 496 3544 minatiouem
526 3488 792 3558 depellere
826 3499 1050 3542 conatur
1069 3490 1223 3558 epist.
1250 3488 1483 3545 75.1nde
1511 3496 1566 3541 et
1593 3490 1692 3540 Au-

154 3579 393 3646 gustinus
422 3579 838 3633 inconstantiam
869 3588 922 3634 et
956 3580 1300 3634 mobilitatem
1348 3579 1539 3648 ingenii
1564 3577 1692 3632 Hie-

154 3682 367 3737 ronymo
389 3668 679 3738 Origenem
710 3667 806 3721 sibi
835 3669 960 3723 olim
976 3684 1251 3737 percarum
1281 3669 1389 3736 jam
1414 3667 1687 3720 infamantl

156 3758 476 3815 subobscure
525 3758 836 3827 exprobrat,
869 3759 1023 3827 epist.
1066 3759 1119 3812 8.
1192 3776 1210 3808 ι
1249 3756 1484 3811 Petimus
1543 3773 1689 3827 ergo,

151 3848 335 3916 inquit,
391 3861 447 3905 et
490 3850 768 3904 nobis‘cnm
799 3849 929 3916 petit
966 3850 1137 3902 omnis
1185 3849 1550 3901 Africanarum
1587 3846 1689 3899 Ec-

153 3941 427 3996 clesiarum
464 3941 706 3995 studiosa
737 3938 983 3999 societas,
1005 3945 1061 3990 ut
1092 3937 1143 3989 in
1175 3934 1577 4003 interpretandis
1599 3949 1691 3987 eo-

148 4044 261 4084 rum
313 4029 504 4093 libris,
541 4028 634 4096 qui
697 4025 881 4081 Graece
926 4023 1227 4093 Scripturas
1272 4032 1479 4076 nostras
1533 4036 1688 4089 quam

148 4122 339 4186 optime
366 4122 757 4180 tractaverunt,
786 4129 967 4168 curam
990 4121 1146 4181 atque
1179 4126 1389 4181 operam
1424 4111 1689 4177 impende-

145 4221 201 4259 re
241 4224 343 4262 non
371 4206 664 4278 graveris:
703 4211 852 4273 potes
894 4204 1033 4257 enim
1079 4202 1303 4262 eﬁicere,
1338 4213 1393 4254 ut
1429 4216 1525 4253 nos
1562 4215 1691 4267 quo-

146 4312 243 4366 que
290 4300 594 4354 habeamus
635 4296 751 4350 illos
802 4295 931 4349 tales
977 4294 1137 4357 viros,
1184 4302 1237 4347 et
1268 4307 1429 4345 unum
1485 4291 1691 4359 potissi-

145 4400 285 4440 mum
312 4426 327 4449 ,
364 4402 529 4456 quem
583 4393 637 4438 tu
685 4383 934 4437 libentius
968 4383 1020 4435 lu
1071 4381 1174 4435 tuis
1219 4380 1410 4434 litteris
1440 4394 1631 4433 sonas:
1667 4398 1685 4429 ι

1784 632 2045 697 scivlsset,
2064 648 2437 705 nonnunquam
2467 641 2625 693 etiam
2649 641 2909 697 maximos
2936 645 3076 701 viros
3099 649 3315 704 amaris-

1784 722 1931 776 simis
1956 723 2204 779 conviciis
2226 727 2538 793 perfudisset
2560 745 2572 779 :
2592 731 2857 786 fatendum
2882 735 3072 804 quippe
3096 748 3178 793 est
3194 738 3315 807 jure

1783 823 1904 863 eum
1930 824 2066 879 satpe
2088 825 2119 864 a
2146 809 2340 867 Ruﬁno
2363 812 2528 870 fuisse
2553 819 2926 886 reprehensum
2952 840 2967 889 ;
2989 838 3126 893 saepe
3152 827 3311 881 etiam

1784 897 2031 952 Ruﬁnum
2059 901 2125 954 ab
2157 900 2344 956 eodem
2366 902 2481 957 sine
2504 918 2661 960 causa
2691 908 2852 964 fuisse
2893 912 3313 980 culpatumJlate

1782 1002 1940 1057 porro
1961 1003 2079 1043 eum
2111 1001 2409 1059 agerentur,
2449 1008 2619 1049 annus
2642 995 2836 1053 Christi
2875 1003 3182 1060 trahebatur
3206 1015 3315 1062 tre-

1783 1079 2102 1133 centesimus
2128 1080 2494 1151 uonagesimus
2521 1098 2709 1141 nonus.

1851 1206 2031 1262 XVIII.
2071 1209 2186 1276 Quo
2242 1219 2482 1280 tempore
2546 1214 3007 1289 Hieronymlanam
3053 1226 3307 1284 librorum

1783 1298 1920 1365 Περὶ
1948 1291 2145 1366 ἀρχῶν
2172 1298 2660 1367 interpretationem
2680 1303 3050 1367 Pammachius
3070 1316 3309 1370 contine-

1784 1381 1877 1436 bat
1915 1399 1930 1447 ;
1960 1398 2139 1437 verum
2167 1385 2233 1440 ab
2258 1387 2431 1442 amico
2462 1389 2623 1457 ipsius
2642 1392 2868 1453 quodam
2896 1394 3080 1452 fraude
3108 1401 3313 1457 deseri»

1784 1483 1871 1542 pta
1897 1475 1946 1529 in
1974 1477 2157 1545 vulgus
2181 1479 2371 1533 emissa
2403 1491 2502 1533 est.
2532 1478 2987 1550 Interpretationis
3015 1500 3189 1546 autem
3206 1508 3314 1550 sum

1783 1565 2056 1635 perﬁdiam
2089 1581 2154 1620 ex
2184 1567 2339 1633 hujus
2369 1569 2612 1625 conﬂictu
2636 1584 2968 1643 perspectum
3003 1577 3100 1644 iri,
3126 1595 3313 1637 versu-

1786 1656 1989 1724 tiasque
2028 1670 2151 1711 suas
2173 1657 2283 1726 jam
2325 1660 2560 1726 proditas
2609 1662 2904 1735 intelligens
2952 1666 3207 1735 Ruﬁnus,
3243 1672 3312 1726 ad

1785 1761 2014 1814 eumque
2059 1747 2274 1814 perlatis
2318 1749 2609 1816 Aproniani
2649 1767 2809 1820 opera
2849 1755 3059 1823 litteris,
3090 1773 3224 1827 quas
3247 1763 3313 1816 ad

1784 1827 2184 1916 Pammachium
2212 1842 2266 1886 et
2300 1832 2565 1888 Oceanum
2601 1851 2702 1891 una
2729 1853 2848 1892 eum
2878 1840 3024 1896 libris
3047 1847 3184 1913 Περὶ
3215 1848 3316 1916 ἁρ-

1785 1915 1909 1984 χῶν
1928 1931 2112 1972 recens
2139 1933 2167 1971 a
2200 1932 2255 1973 se
2277 1918 2564 1976 Latinitate
2589 1922 2799 1979 donatis
2824 1925 3175 1999 Hieronymus
3210 1936 3313 1986 mi-

1789 2015 1952 2071 serat,
1977 2007 2263 2062 triennium
2286 2009 2337 2062 i'I
2362 2009 2677 2065 elaboranda
2701 2013 2892 2082 duplici
2915 2016 3167 2088 Apologia
3190 2034 3317 2074 cou-

1786 2095 1958 2149 trivit.
1990 2094 2142 2149 Prior
2158 2106 2425 2153 vetustate
2453 2100 2717 2155 intercidit
2747 2118 2763 2156 :
2795 2106 3056 2171 posterior
3077 2117 3318 2176 superest

1788 2184 1999 2241 induas
2049 2186 2242 2241 divisas
2288 2196 2487 2257 partes,
2527 2204 2745 2257 quarum
2778 2196 2945 2262 prima
2984 2198 3315 2254 criminatio-

1788 2288 1882 2328 nes
1931 2276 1996 2329 ab
2029 2274 2352 2346 Hieronymo
2381 2280 2638 2349 impactas
2674 2281 2885 2348 refellit,
2919 2284 3084 2340 altera
3128 2286 3315 2342 Hiero-

1788 2376 2002 2435 nymum
2033 2362 2204 2435 ipsum
2237 2370 2500 2439 suggillat.
2534 2371 2659 2436 Quae
2696 2388 2814 2427 curn
2846 2376 2897 2429 in
2928 2386 3157 2444 apertam
3191 2394 3318 2434 eon-

1790 2453 2078 2507 tentionem
2128 2466 2487 2522 erumperent,
2514 2458 2643 2511 duas
2692 2461 2743 2513 in
2777 2471 2989 2529 partes,
3018 2473 3078 2517 ut
3104 2464 3182 2530 ﬁt,
3209 2465 3315 2519 Ilo-

1789 2559 2064 2597 manorum
2088 2543 2511 2602 Christianorum
2541 2551 2700 2603 animi
2728 2553 2926 2613 abiere,
2961 2569 3081 2608 cum
3125 2555 3318 2611 Ruﬁno

1789 2634 1898 2700 alii,
1928 2634 2016 2688 alii
2050 2633 2371 2705 Hieronymo
2419 2638 2692 2706 faverent;
2723 2656 2819 2695 uec
2865 2642 3086 2699 Romani
3124 2648 3319 2702 dunta-

1788 2731 1903 2786 xat,
1928 2723 2018 2777 sed
2046 2730 2099 2777 et
2146 2733 2404 2793 quotquot
2431 2725 2543 2779 fere
2590 2741 2684 2796 per
2726 2727 2908 2783 orbem
2941 2733 3108 2799 sparsi
3142 2745 3317 2804 erant,

1789 2811 2012 2866 diversis
2040 2811 2230 2867 studiis
2259 2813 2578 2868 ferebantur.

1857 2940 1997 2998 XIX.
2039 2941 2174 2996 Tum
2210 2955 2335 2996 vero
2380 2943 2611 3010 partium
2654 2958 2866 2999 suarum
2903 2960 3022 3001 esse
3057 2940 3343 3004 intellexit'

1789 3032 2099 3086 Anastasius
2127 3046 2282 3100 papa,
2312 3047 2414 3086 non
2453 3033 2666 3101 quidem
2707 3035 3007 3092 exorientes
3039 3046 3211 3094 motus
3247 3040 3320 3095 Ic-

1791 3121 2042 3178 nimentis
2069 3122 2323 3177 adhibitis
2347 3122 2647 3191 consepire,
2675 3127 2816 3193 quod
2856 3126 3050 3182 factum
3072 3144 3103 3184 a
3139 3130 3320 3186 deces-

1789 3224 1909 3266 sore
1944 3211 2059 3281 ejus
2098 3211 2293 3266 Siricin
2332 3213 2653 3276 notavimus,
2718 3217 2809 3269 sed
2861 3216 3053 3271 malum
3114 3220 3320 3278 occulte

1789 3316 2037 3357 crescens
2072 3302 2366 3369 apostolica
2413 3303 2735 3357 auctoritate
2763 3304 3085 3362 rescindere.
3117 3305 3197 3363 Re
3220 3309 3321 3364 ita-

1789 3406 1892 3460 que
1938 3392 2026 3446 diu
2064 3406 2127 3446 ac
2154 3401 2360 3447 mature
2400 3393 2453 3446 in
2482 3401 2760 3463 utramque
2795 3404 2998 3464 partem
3039 3410 3318 3466 perpensa,

1789 3480 2035 3550 Origenis
2064 3483 2270 3534 tandem
2290 3483 2563 3538 erroribus
2598 3484 2859 3538 haereseos
2880 3493 3056 3538 notam
3093 3486 3318 3556 impres-

1788 3568 1858 3622 sit
1880 3582 2018 3623 anno
2044 3567 2171 3622 400.
2199 3568 2471 3638 Theophili
2500 3571 2728 3624 studium
2755 3572 3008 3637 imitatus,
3045 3572 3132 3642 qui
3164 3589 3320 3643 supe-

1790 3659 1932 3711 riore
1956 3672 2096 3711 anno
2125 3657 2176 3711 in
2204 3657 2564 3712 Alexandrina
2604 3660 2806 3729 synodo
2839 3660 3053 3715 eosdem
3097 3660 3320 3717 damna-

1788 3759 1957 3803 verat.
1980 3749 2170 3802 Statim
2194 3762 2320 3802 vero
2342 3749 2574 3803 dimissis
2606 3750 2657 3802 in
2688 3764 2875 3805 omnes
2901 3762 3079 3820 partes
3100 3751 3316 3817 nuntiis,

1789 3839 2225 3907 Origeuianorum
2277 3852 2516 3892 errorum
2574 3838 2962 3893 damnationem
3022 3839 3319 3908 promulgat

1786 3927 2132 3992 Anastasius;
2189 3940 2291 3994 qua
2330 3935 2547 3994 accepta
2598 3927 2752 3980 iidem
2802 3927 2997 3993 passim
3050 3928 3316 3994 reprobati

1789 4024 1928 4069 sunt.
1960 4014 2033 4067 Ea
2067 4014 2132 4068 de
2175 4028 2233 4067 re
2272 4014 2622 4068 disserentem
2662 4016 2937 4069 audiamus
2970 4012 3316 4084 TheOphilum

1790 4103 1841 4156 iu
1882 4101 2115 4168 Epistula
2166 4108 2232 4154 ad
2282 4104 2532 4170 quosdam
2578 4104 2884 4164 monachos,
2915 4118 3074 4170 quam
3121 4104 3323 4172 profert

1788 4190 2024 4245 Julianus
2059 4190 2112 4243 in
2146 4188 2382 4259 Epistola
2427 4191 2494 4244 ad
2538 4190 2739 4244 Menam
2769 4207 2787 4243 :
2810 4189 3011 4244 Οὐκοῦν
3054 4192 3320 4262 ἀναθεμα-

1788 4279 2017 4344 τίζοντες
2065 4279 2153 4333 τὸν
2188 4279 2479 4351 Ὠριγένην,
2503 4280 2595 4332 καὶ
2631 4281 2753 4342 τοὺς
2786 4278 2972 4342 ἄλλους
2997 4281 3316 4350 αἱρετικοὺς,

1790 4370 1972 4442 ὥσπερ
2002 4372 2156 4441 ἡμεῖς
2201 4369 2292 4421 καὶ
2313 4369 2340 4420 ὁ
2368 4368 2465 4437 τῆς
2507 4368 2779 4438 Ῥωμαίων
2818 4368 2974 4435 ἁγίας
3006 4368 3319 4439 Ἐκκλησίας

146 4473 427 4544 Origenem
486 4473 781 4534 nimirum,
824 4468 971 4536 cujus
1023 4483 1263 4536 magnam
1323 4479 1430 4521 tum
1481 4481 1690 4535 quoque

1791 4461 2075 4523 ἐπίσκοπος
2134 4459 2492 4521 Ἀναστάσιος,
2527 4460 2590 4510 ὲκ
2623 4458 2983 4529 παλαιοτέρων
3016 4458 3320 4528 ἀγωνισμά-

144 4564 304 4620 fuisse
332 4567 385 4621 in
428 4565 619 4619 Africa
649 4561 1005 4615 celebritatem
1038 4575 1099 4612 ex
1132 4574 1195 4611 eo
1224 4558 1559 4611 manifestum
1587 4566 1688 4608 est.

146 4653 265 4707 lude
288 4668 344 4709 et
372 4654 630 4723 Pelagius
655 4666 785 4718 papa
810 4650 872 4713 ll,
903 4651 953 4703 iu
977 4648 1208 4716 Epistola
1236 4649 1301 4699 ad
1335 4646 1502 4698 Eliam
1533 4647 1692 4712 Aqui-

142 4743 474 4810 leiensem,et
503 4744 640 4796 alios
664 4739 835 4794 Istria:
857 4743 1138 4807 episcopos,
1164 4754 1184 4788 ι
1222 4738 1445 4799 Annon,
1497 4735 1687 4802 inquit,

142 4846 194 4888 et
246 4838 620 4906 Hieronymus
660 4841 850 4885 nostra:
884 4830 1128 4882 Ecclesia:
1165 4828 1460 4895 presbyter,
1498 4835 1552 4877 et
1588 4826 1690 4877 sin—

142 4928 343 4994 giﬂaris
382 4925 600 4980 Hebraei
643 4920 903 4977 sermonis
946 4920 1204 4987 interpres
1241 4926 1385 4969 tanto
1411 4929 1533 4982 erga
1574 4913 1693 4967 Ori-

144 5030 333 5079 genem
360 5016 552 5068 favore
576 5012 887 5071 intenditur,
903 5017 956 5060 ut
977 5022 1109 5073 pene
1136 5004 1422 5073 discipulus
1444 5004 1558 5070 ejus
1576 5016 1693 5056 esse

144 5106 392 5159 videatur
424 5105 450 5158 ἲ
492 5123 511 5155 ι
552 5103 677 5156 Inde
724 5101 949 5168 denique
993 5097 1093 5151 sub
1146 5094 1448 5162 Hieronymi
1482 5094 1692 5146 nomine

147 5197 376 5249 conﬁcta
409 5204 495 5250 est
523 5194 772 5261 epistola,
803 5191 856 5244 iu
901 5203 1003 5257 qua
1049 5202 1107 5241 se
1146 5183 1364 5252 Origeni
1410 5182 1694 5250 aliquando

148 5287 441 5340 adluesisse
471 5284 631 5337 dolet.

217 5376 482 5442 Quamvis
522 5380 702 5424 autem
732 5371 828 5424 viri
860 5369 929 5437 pii
970 5375 1022 5420 et
1059 5361 1334 5420 orthodoxi
1364 5358 1536 5414 oﬂieio
1580 5358 1691 5412 fun-

150 5474 267 5517 ctus
310 5464 404 5526 sit,
435 5476 562 5516 cum
605 5460 807 5527 agnitos
832 5455 1143 5525 Origeuismi
1178 5462 1385 5503 errores
1418 5448 1648 5512 ejuravit
1677 5463 1693 5510 ;

150 5554 387 5621 optabile
442 5560 626 5603 tamen
679 5548 838 5610 foret,
874 5558 931 5601 ut
978 5543 1339 5600 sanctissimus
1389 5537 1476 5592 Ille
1508 5539 1695 5592 doctor

153 5641 495 5697 constantior
526 5635 688 5689 auitui
720 5634 899 5688 fuisset
925 5646 977 5690 et
1005 5629 1340 5692 moderatior,
1376 5642 1551 5695 neque
1586 5637 1691 5681 tam

159 5732 315 5786 facile
340 5730 436 5784 bili
482 5740 597 5782 sua:
627 5722 808 5778 fuisset
835 5725 1193 5791 morigeratus,
1220 5727 1279 5771 ut
1312 5718 1362 5771 in
1388 5716 1692 5783 contraria,

1795 4567 1898 4603 των
1939 4549 2139 4614 ἔνδοξος
2162 4547 2453 4617 στρατηγὸς
2475 4547 2737 4615 ἐπισήμου
2762 4544 2889 4598 λαοῦ
2913 4546 3316 4617 χειροτονηθεὶς.

1794 4637 1838 4710 ᾧ
1864 4644 1953 4695 καὶ
1978 4644 2123 4694 πᾶσα
2151 4640 2255 4691 τῶν
2287 4639 2559 4710 μακαρίων
2586 4640 2722 4692 κατὰ
2742 4640 2837 4711 τὴν
2851 4640 2994 4693 δύσιν
3016 4642 3320 4694 ἐπισκόπων

1792 4732 1976 4785 ἕπεται
1988 4730 2214 4792 σύνοδος,
2231 4729 2589 4799 ἀποδεχομένη
2604 4729 2698 4799 τῆς
2710 4729 3194 4799 τῶνἈλεξανδρὲων
3210 4730 3321 4782 Ἑκ-

1791 4821 2010 4891 κλησίας
2028 4820 2123 4890 τὴν
2137 4820 2273 4873 κατὰ
2298 4818 2389 4872 τοῦ
2410 4818 2630 4882 ἀσεϐοῦς
2648 4820 2839 4890 ψῆφον.
2863 4839 2880 4870 t
2905 4816 3068 4888 Igitur
3104 4820 3319 4870 anathe-

1791 4923 1876 4962 ma
1902 4910 2137 4962 dicentes
2169 4908 2220 4960 in
2250 4904 2808 4977 Origencm,ali0sque
2830 4907 3124 4968 haereticos,
3143 4920 3321 4974 quent-

1794 4998 2076 5053 admodum
2109 4998 2304 5053 factum
2343 5008 2425 5051 est
2460 5011 2489 5049 a
2529 4997 2698 5061 nobis,
2719 5010 2772 5052 et
2797 4998 2862 5053 ab
2899 4994 3179 5050 Anastasio
3202 5007 3320 5044 san-

1790 5099 1886 5144 cta:
1913 5087 2269 5143 Romanorum
2294 5087 2539 5142 Ecclesia:
2567 5089 2832 5156 episcopo,
2852 5085 2939 5154 qui
2958 5100 3021 5136 ex
3055 5079 3317 5133 veteribus

1793 5179 2170 5234 certaminibus
2221 5177 2426 5241 clarus,
2464 5178 2567 5231 dux
2628 5176 2848 5229 illustris
2892 5169 3062 5241 populi
3105 5175 3317 5219 creatus

1792 5276 1893 5331 est,
1930 5282 2084 5335 quem
2116 5278 2173 5322 et
2197 5268 2369 5321 omnis
2405 5268 2678 5321 beatorum
2702 5259 3001 5319 Occidentis
3040 5256 3316 5321 episcopo-

1794 5374 1909 5413 rum
1934 5359 2171 5427 sequitur
2200 5368 2387 5423 coetus,
2420 5354 2893 5411 Alexandrinorum
2928 5342 3176 5396 Ecclesiae
3194 5354 3320 5427 sen-

1794 5426 2292 5502 teutiamiadversus
2326 5448 2542 5515 impium
2584 5445 2739 5497 latam
2791 5432 3096 5499 suscipiens.
3138 5444 3157 5478 ι
3191 5426 3316 5480 Hie-

1793 5552 2043 5607 ronymus
2074 5546 2216 5592 certe
2253 5538 2347 5592 lib.
2380 5553 2419 5592 ιι
2451 5534 2695 5603 Apolog.,
2715 5529 2840 5597 Icap.
2882 5522 2932 5585 6,
2957 5526 3146 5586 praeter
3171 5515 3316 5566 Aua-

1796 5630 2016 5683 stasium
2061 5637 2114 5682 et
2148 5625 2535 5694 Theophilum,
2576 5618 2733 5673 tradit
2770 5611 3050 5702 Venerium
3104 5616 3315 5702 quoque

1798 5718 2236 5775 Mediolanensem
2290 5693 2629 5775 enisconum.
2669 5712 2723 5760 et
2760 5697 3117 5758 Chromatium
3150 5693 3316 5755 Aqui-
