3920 6456
397 480 530 534 H35

400 600 664 650 ‘eiensem,
701 585 981 652 Origenem
1020 571 1276 641 subjectis
1316 568 1416 624 sibi
1462 564 1668 635 populis
1715 560 1930 614 haereti-

401 697 514 738 cum
553 674 920 731 denuntiasse.

461 765 580 823 XX.
620 764 688 817 At
714 773 898 829 parum
923 765 1045 809 sese
1068 746 1392 820 promovisse
1429 751 1574 795 ratus
1602 735 1935 795 Anastasius,

400 859 440 912 si
480 869 584 909 non
638 824 888 904 tumultus
931 848 1202 896 auctorem
1240 833 1506 893 Ruﬁnum,
1540 836 1594 882 et
1629 824 1823 880 bellum
1857 836 1939 874 re-

401 955 682 1000 novantem
719 935 1050 997 retunderet,
1088 928 1312 982 Romam
1343 936 1463 976 eum
1510 919 1576 971 ad
1616 927 1830 970 causam
1862 911 1941 964 di-

403 1033 622 1090 cendam
647 1025 874 1082 accersit
925 1039 939 1075 :
972 1019 1345 1088 tergiversatur
1378 1009 1634 1068 Ruﬁnus,
1669 1012 1722 1057 et
1753 999 1944 1069 Apolo-

403 1126 539 1196 giam
579 1118 769 1176 scribit
793 1116 858 1170 ad
884 1109 1245 1167 Anastasium,
1285 1117 1387 1172 qua
1425 1098 1632 1152 levibus
1655 1094 1720 1147 ad
1760 1092 1941 1144 detre-

404 1215 649 1270 ctandam
706 1203 1080 1278 profeCtionem
1129 1191 1556 1249 excusationibus
1602 1199 1730 1239 usus
1787 1181 1943 1234 ﬁdem

405 1317 558 1359 suam
591 1273 903 1369 proﬁtetur:
939 1286 1128 1342 deinde
1152 1284 1224 1336 ait
1255 1298 1268 1332 :
1315 1297 1333 1329 ι
1367 1273 1610 1344 Origeuis
1648 1284 1743 1337 ego
1775 1279 1948 1334 neque

407 1394 678 1452 defensor,
715 1397 887 1455 neque
923 1387 1162 1435 assertor
1198 1388 1344 1434 sum,
1371 1380 1540 1435 neque
1565 1363 1766 1431 primus
1792 1360 1950 1410 inter-

406 1499 568 1555 pres:
610 1479 699 1534 alii
721 1485 843 1532 ante
881 1487 964 1526 me
999 1471 1103 1524 hoc
1134 1466 1278 1520 idem
1309 1473 1440 1529 opus
1469 1455 1742 1516 fecerunt;
1774 1449 1872 1502 feci
1898 1455 1952 1500 et

407 1539 507 1641 ego
540 1576 862 1639 postremus,
899 1566 1120 1626 rogatus
1155 1567 1183 1604 a
1226 1545 1505 1603 fratribus.
1541 1539 1596 1594 Si
1632 1539 1846 1606 iubetur
1887 1550 1951 1588 ne

411 1624 719 1729 ﬂag-iussio
741 1624 1012 1708 observari
1045 1643 1203 1697 debet
1232 1639 1286 1692 in
1316 1643 1606 1706 posterum.
1643 1627 1698 1683 Si
1724 1624 1945 1693 culpan-

411 1766 498 1808 tur
540 1749 630 1820 qui
679 1755 802 1799 ante
841 1737 1136 1810 iussionem
1187 1729 1461 1786 fecerunt,
1504 1720 1658 1790 culpa
1698 1734 1726 1770 ιι
1766 1712 1954 1784 primis

412 1812 648 1908 incipiat.
689 1833 797 1901 Ego
824 1829 965 1882 enim
1004 1829 1198 1892 praater
1229 1818 1367 1870 hanc
1399 1812 1575 1871 ﬁdem,
1607 1819 1764 1874 quam
1794 1813 1953 1866 supra

415 1874 648 1908 IUIVblilltlDo
689 1874 796 1901 μου
827 1874 965 1882 νη.---
1007 1874 1028 1892 r

412 1925 654 1998 exposui,
680 1922 733 1975 id
755 1925 838 1973 est
877 1927 1038 1984 quam
1067 1908 1308 1962 Romana
1357 1895 1619 1956 Ecclesia,
1645 1899 1698 1945 et
1721 1887 1953 1942 Alexau-
1987 1874 2030 1931 Β

1684 1993 1772 1998 μη,
1811 1976 1926 1998 1,,,Λ

416 1976 652 1998 ,ηπ-μη
895 1976 908 1984 _

414 2018 586 2079 driua,
626 2021 681 2066 et
707 2001 1054 2076 Aquileiensis
1106 2003 1288 2050 nostra
1321 2001 1500 2050 tenet,
1557 1993 1777 2052 qumque
1806 1976 1957 2030 Jero—

417 2103 633 2175 solymis
659 2096 1000 2168 praedicatur,
1035 2088 1258 2141 alienam
1292 2094 1391 2133 nec
1427 2073 1582 2129 habui
1632 2081 1866 2137 unquam
1909 2065 1960 2117 in

417 2196 516 2248 isto
537 2191 764 2250 homine,
783 2200 878 2240 nec
898 2180 1087 2240 habeo,
1111 2188 1208 2229 nec
1237 2169 1459 2225 habebo.
1497 2183 1514 2214 ι
1534 2160 1847 2228 Neutiquam
1880 2166 1961 2208 ta-

421 2298 541 2336 men
575 2275 974 2334 excusationem
1001 2270 1138 2322 hanc
1163 2257 1477 2316 Anastasius
1507 2250 1731 2319 accepit,
1761 2247 1850 2301 sed
1883 2245 1964 2298 in-

422 2379 597 2426 stante
624 2364 896 2430 Llarcella,
918 2357 1133 2418 Ruﬁno,
1151 2363 1207 2407 ut
1233 2349 1408 2404 verbis
1431 2355 1548 2398 utar
1571 2335 1874 2406 Hieronymi
1897 2333 1962 2395 ⁸³,

421 2461 715 2517 cauterium
741 2457 1007 2510 haereseos
1045 2444 1258 2506 inussit,
1302 2449 1533 2504 eumque
1564 2429 1838 2485 damnavit
1874 2440 1968 2478 an-

424 2568 492 2607 no
513 2551 636 2604 401.
673 2565 694 2599 ο
739 2538 1106 2602 Damnationis
1135 2530 1529 2591 haereticorum,
1567 2543 1586 2576 ι
1629 2519 1800 2589 inquit
1828 2516 1965 2570 idem

425 2605 776 2709 Hieronymus
819 2633 976 2701 epist.
1008 2627 1098 2691 l6,
1142 2644 1160 2677 ι
1200 2625 1313 2678 hmc
1361 2614 1606 2671 Marcella
1641 2611 1740 2664 fuit
1766 2605 1967 2676 princi-

424 2731 594 2800 pium,
618 2691 740 2781 dum
786 2691 1003 2776 adducit
1034 2723 1211 2776 testes,
1239 2709 1328 2779 qui
1368 2706 1515 2776 prius
1543 2701 1610 2754 ab
1646 2697 1724 2752 eis
1753 2691 1970 2754 eruditi,

425 2829 474 2876 et
501 2827 684 2890 postea
717 2813 783 2867 ab
813 2808 1062 2864 haeretica
1093 2803 1305 2857 fuerant
1328 2807 1514 2851 errore
1543 2786 1808 2856 correpti;
1850 2782 1971 2835 dum

427 2869 660 2966 ostrendit
683 2901 1072 2960 multitudinem
1107 2895 1450 2959 deceptorum
1471 2924 1486 2947 ,
1508 2881 1632 2934 dum
1663 2875 1822 2944 impia
1837 2869 1972 2938 Περὶ

427 2999 625 3071 ἀρχῶν·
664 2995 855 3066 ingerit
878 2987 1167 3050 volumina,
1191 2997 1306 3053 qua:
1335 2975 1613 3032 emendata
1637 2981 1794 3023 manu
1828 2977 1973 3017 scor-

427 3095 502 3164 pii
542 3086 1006 3144 monstrabantur;
1042 3078 1165 3131 dum
1191 3051 1348 3126 acciti
1377 3059 1747 3134 frequentibus
1782 3051 1978 3108 litteris

431 3140 502 3164 r"
542 3140 685 3144 ---'~~
996 3140 1004 3144 .

431 3181 698 3242 haeretici,
737 3184 795 3230 ut
829 3187 886 3227 se
921 3165 1306 3222 defenderent,
1337 3155 1520 3209 venire
1554 3165 1656 3202 non
1685 3152 1806 3199 sunt
1837 3140 1977 3203 ausi,
2006 3176 2048 3232 ο

432 3283 683 3343 tantaque
705 3271 785 3324 vis
807 3261 1146 3322 conscientia:
1184 3255 1304 3316 fuit,
1331 3261 1389 3304 ut
1423 3248 1672 3302 absentes
1713 3234 1976 3299 damnari,

433 3324 914 3434 quamjpraesentes
939 3349 1156 3419 coargui
1200 3340 1502 3399 maluerint.
1531 3331 1701 3399 Hujus
1730 3338 1836 3382 tam
1868 3324 1980 3394 glo-

440 3415 589 3434 ἰ““”“”
627 3415 641 3432 ι
667 3415 673 3416 ί
697 3415 701 3416 ⁷
1074 3415 1095 3419 ν

434 3459 590 3512 riosze
618 3448 856 3506 victoriae
891 3443 1040 3511 origo
1077 3433 1325 3492 Marcella
1361 3437 1461 3483 est.
1501 3443 1520 3476 ι
1554 3419 1717 3488 Cujus
1743 3415 1982 3470 victoria:

439 3551 577 3602 fama
601 3557 728 3596 .eum
774 3551 868 3607 per
905 3543 1072 3586 totum
1118 3526 1299 3580 urbem
1342 3513 1715 3572 increbuisset,
1754 3507 1982 3560 Anasta-

439 3641 574 3694 sium
592 3636 778 3703 ipsum
807 3639 962 3694 super
991 3619 1184 3675 Ruﬁno
1213 3609 1480 3668 consuluit
1499 3605 1732 3659 Joannes
1761 3599 1982 3654 let-oso-

439 3689 750 3798 lymitaims,
805 3689 1025 3784 ejusque
1060 3703 1382 3763 sententiam
1433 3692 1750 3764 exploravit.
1795 3689 1985 3742 Exstat

440 3783 704 3873 Anastasii
730 3783 1004 3875 responsio
1036 3798 1155 3851 data
1183 3793 1247 3846 ad
1273 3806 1359 3842 an.
1392 3785 1517 3847 402,
1557 3783 1608 3834 in
1649 3793 1753 3846 qua
1793 3786 1985 3830 notan-

443 3865 771 3972 dtimprinio
808 3865 940 3950 illud
974 3898 1076 3952 est,
1124 3882 1304 3939 multis
1345 3879 1414 3932 ab
1441 3889 1505 3930 eo
1550 3870 1795 3925 laudibus
1825 3865 1988 3920 Joan-

443 4014 566 4055 nem
606 3985 923 4063 Origenismi
961 3983 1084 4036 licet
1114 3981 1422 4044 suspectum
1472 3962 1687 4024 extolli;
1713 3958 1905 4014 deinde
1935 3970 1988 4012 et

446 4087 620 4145 istud:
647 4102 664 4134 ι
694 4081 952 4148 Origenes
991 4078 1192 4128 autem,
1229 4061 1384 4128 cujus
1406 4057 1458 4110 in
1483 4062 1719 4109 nostram
1753 4046 1988 4113 linguam

447 4174 734 4245 composita
775 4135 1034 4223 derivavit
1069 4149 1336 4228 (Ruﬁnus)
1369 4156 1492 4200 ante
1542 4141 1661 4211 quis
1715 4136 1895 4200 fuerit,
1936 4135 1987 4188 in

450 4225 677 4245 “""r"—*
1081 4225 1090 4228 Ἴ

449 4281 567 4335 quae
609 4257 930 4332 processerit
963 4249 1143 4312 verba,
1174 4249 1416 4298 nostrum
1448 4230 1770 4304 propositum
1810 4225 1990 4279 nesci-

1251 4331 1262 4335 -
1491 4319 1681 4335 -.---r--
1719 4313 1873 4335 ιιι---
1924 4311 1989 4335 ,Αἱ

453 4311 1069 4405 vittrrRuﬁnum
1121 4335 1221 4387 hac
1250 4319 1687 4393 interpretatione
1719 4313 1876 4366 ﬁdem
1923 4311 1992 4364 ab

457 4436 706 4505 apostolis
733 4436 1074 4503 propagatam
1092 4419 1294 4476 violare
1317 4411 1584 4472 voluisse;
1608 4419 1710 4458 non
1737 4401 1992 4454 damnare

455 4540 654 4589 tamen,
689 4489 787 4577 sila
814 4489 1026 4574 traditis
1057 4515 1110 4568 in
1153 4509 1500 4574 interpretato
1530 4509 1692 4565 opere
1733 4489 1994 4559 dogmatis
2024 4511 2068 4566 ι)

456 4620 766 4678 abhorreat;
807 4613 1055 4665 damnare
1091 4617 1148 4657 se
1185 4598 1412 4668 penitus,
1443 4591 1488 4646 si
1515 4586 1700 4642 iisdem
1724 4580 1990 4636 assentia-

459 4668 722 4765 tur.v'l‘um
755 4668 908 4770 paulo
947 4703 1084 4766 post,
1134 4708 1152 4742 ι
1185 4688 1316 4742 lllud
1341 4693 1583 4752 quoque,
1624 4671 1815 4742 inquit,
1850 4668 1993 4732 quod

458 4796 700 4856 evenisse
728 4789 949 4858 gaudeo,
978 4794 1156 4836 tacere
1207 4792 1310 4831 non
1343 4771 1519 4840 potui,
1559 4761 1993 4821 beatissimorum

459 4886 757 4960 principum
799 4887 1042 4930 manasse
1093 4879 1378 4936 responsa,
1411 4859 1602 4928 quibus
1629 4850 1996 4920 unusquisque

1180 4957 1191 4960 -
1250 4956 1260 4960 _
1354 4953 1366 4960 ,
1853 4940 1964 4960 _.___

462 4940 539 4960 τη
571 4940 602 4941 η
635 4940 651 4954 .

462 4983 570 5036 Deo
631 4969 868 5029 serviens
901 4964 966 5017 ab
984 4957 1224 5030 Origenis
1250 4953 1474 5008 lectione
1508 4951 1819 5005 revocetur;
1848 4940 1998 4992 dam-

464 5067 799 5130 uaudumque
847 5049 1105 5109 sententia
1151 5044 1464 5114 principem,
1509 5049 1666 5105 quem
1716 5029 1874 5084 lectio
1909 5041 2002 5081 re-

467 5173 580 5212 rum
602 5117 824 5225 profana
845 5137 1160 5213 prodiderit.
1199 5152 1218 5185 ι
1256 5132 1416 5186 Suam
1462 5127 1672 5180 demum
1704 5133 1862 5188 super
1891 5117 1998 5169 Ru-

467 5249 572 5300 fino
592 5207 909 5298 sententiam
940 5232 1024 5286 his
1060 5223 1238 5278 verbis
1266 5218 1523 5289 exponit:
1559 5231 1578 5264 ‹
1619 5212 1803 5278 Itaque
1838 5207 2005 5261 frater

382 5327 387 5332 ’
469 5333 800 5391 cbarissime,
827 5319 974 5379 omni
993 5312 1294 5383 suspicione
1312 5307 1564 5378 seposita.
1593 5301 1843 5357 Ruﬁnum
1867 5298 2006 5351 scito

471 5421 608 5487 quod
629 5390 842 5484 propria
859 5414 1037 5464 mente
1060 5397 1302 5469 Origenis
1327 5395 1469 5449 dicta
1499 5393 1549 5446 iu
1570 5390 1808 5444 Latinum
1831 5397 2008 5439 trans-

476 5474 594 5560 ίυιίι
628 5474 689 5559 ac
718 5474 980 5571 probavit,
1012 5508 1112 5550 nec
1139 5485 1412 5545 dissimilis
1434 5486 1499 5536 ab
1525 5495 1590 5534 eo
1622 5487 1706 5534 est
1751 5477 1838 5544 qui
1872 5474 2007 5529 alie-

478 5599 558 5650 nis
585 5597 723 5648 vitiis
775 5598 990 5662 praestat
1030 5581 1324 5640 assensum.
1361 5573 1495 5630 Illud
1523 5580 1701 5628 tamen
1739 5567 1875 5622 scire
1911 5579 2006 5619 cu-

549 5787 592 5819 ²⁸
621 5785 833 5840 Hieron.
859 5780 1008 5838 Avof.
1033 5780 1220 5843 '5,cap.
1249 5773 1301 5826 6.

1633 444 1692 498 P.
1729 437 2034 494 DANIELIS
2072 429 2299 486 HUETII

1957 562 2003 615 Α
2032 554 2116 621 pio
2148 551 2217 603 ita
2259 542 2453 600 haberi
2494 553 2527 592 a
2574 533 2807 590 nostris
2853 521 3143 596 partibus
3191 513 3482 571 alienum,
3537 517 3594 558 at
3632 505 3762 573 quid

3085 610 3107 621 -
3280 606 3322 621 ,ν
3384 604 3515 621 .____
3552 598 3742 621 __._,_.,

3613 393 3636 444 ι
3653 390 3753 445 [36

2039 598 2112 621 ,ην
2263 598 2290 600 η

2039 640 2286 711 agat,ubi
2314 637 2407 693 sit.
2437 630 2672 686 nescire
2703 622 3056 691 cupiamus.
3085 610 3234 679 Ipse
3263 604 3520 669 denique
3552 598 3763 661 viderit,

3081 705 3123 711 ⁸
3194 703 3224 711 Α
3414 695 3486 711 Ἀ-
3544 689 3734 711 -ΙΙ-,.,,ε

2185 861 2560 886 ...ν.ν..,.----
2623 861 2732 878 --Γ
2812 861 2841 875 ν

2040 916 2219 985 potius
2267 911 2540 968 Romam,
2587 911 2649 957 et
2714 907 2996 968 praesens
3037 883 3208 954 apud
3251 893 3391 933 eum
3433 861 3784 941 (Romanum‘

2043 963 2216 985 r"-"~
2272 963 2279 964 κ
2527 963 2536 968 -
2715 963 2729 968 -

2042 1004 2381 1076 episcopum)
2423 992 2898 1066 expostula,cur
2932 981 3050 1036 tibi
3111 985 3178 1032 et
3229 968 3499 1031 absenti,
3536 974 3594 1020 et
3635 963 3775 1017 inno-

2045 1054 2284 1076 -r----r,
2364 1054 2376 1070 ,
2501 1054 2516 1066 ,

2043 1096 2183 1153 centi
2206 1092 2402 1148 fecerit
2435 1081 2855 1143 contumeliam
2884 1091 2904 1141 ;
2935 1072 3220 1142 primum
3257 1073 3324 1116 ut
3353 1074 3480 1114 non
3521 1054 3779 1121 reciperet

2047 1185 2447 1256 expositionem
2495 1177 2630 1232 ﬁdei
2687 1183 2830 1236 tum,
2887 1178 3091 1236 quam
3153 1155 3403 1217 omnis,
3458 1159 3531 1204 ut
3571 1145 3778 1208 scribis,

2047 1278 2196 1334 Italia
2246 1269 2684 1342 comprobavit,
2719 1271 2780 1317 et
2825 1255 3061 1312 baculo
3122 1261 3379 1305 tuarum
3424 1242 3517 1294 uti
3567 1237 3786 1291 noluerit

2047 1370 2354 1422 litterarum
2379 1326 2608 1413 [contra
2636 1326 2820 1408 canes
2857 1355 3006 1402 tuos
3063 1357 3082 1392 :
3123 1335 3360 1393 deinde
3399 1340 3470 1386 ut
3527 1326 3787 1398 Epistolas

2049 1467 2240 1513 contra
2264 1463 2319 1506 te
2347 1450 2416 1504 ad
2461 1447 2758 1502 Orientem
2821 1437 3148 1494 mitteret,
3194 1436 3260 1483 et
3319 1423 3655 1479 cauterium
3705 1415 3787 1470 tibi

2049 1549 2326 1602 hereseos
2349 1541 2486 1594 dum
2520 1533 2713 1591 nescis
2735 1534 3054 1590 iuureret,
3080 1522 3460 1583 diceretque
3489 1511 3664 1567 libros
3683 1507 3791 1564 Ori-

2052 1599 2206 1704 genis
2240 1631 2385 1698 Περὶ
2414 1625 2628 1696 ἀρχῶν
2658 1639 2690 1677 a
2725 1632 2783 1674 te
2817 1632 2964 1672 esse
3027 1609 3398 1668 translatos
3423 1646 3440 1666 ,
3477 1612 3538 1658 et
3577 1599 3790 1668 simplici

2053 1727 2314 1780 Romana:
2332 1695 2596 1775 Ecclesiae
2638 1712 2790 1782 plebi
2844 1706 3163 1766 traditos,
3206 1710 3277 1755 ut
3313 1696 3454 1752 ﬁdei
3489 1695 3791 1748 veritatem.

2056 1832 2220 1888 quam
2255 1817 2324 1868 ab
2354 1809 2624 1880 Apostolo
2648 1804 3003 1860 didicerant
3033 1837 3053 1860 ,
3099 1809 3222 1865 per
3277 1802 3340 1845 te
3391 1788 3796 1858 perderent;et

2058 1925 2166 1979 quo
2194 1907 2289 1960 tibi
2318 1903 2585 1971 majorem
2622 1897 2847 1951 faceret
2884 1889 3254 1949 invidiam,
3286 1895 3480 1937 ausus
3520 1881 3594 1934 sit
3631 1873 3791 1931 crimio

2061 1999 2182 2054 nari
2213 1999 2314 2050 hos
2348 1997 2536 2064 ipsos,
2575 1985 2950 2059 praefationis
2997 1991 3139 2034 tum
3186 1973 3551 2032 testimonio
3598 1969 3797 2023 robora-

2065 2097 2202 2140 tos.)
2248 2061 2393 2150 Quin
2428 2082 2686 2136 etiamin
2718 2073 3007 2145 Epistola
3054 2070 3174 2134 32,
3219 2068 3303 2120 ad
3355 2061 3798 2119 Ματοειιίηιηια

2063 2175 2476 2246 Anapsychiam,
2516 2186 2643 2226 sese
2684 2169 2766 2222 ait
2829 2161 3200 2220 subdolum
3252 2157 3532 2213 libellum
3562 2170 3593 2207 a
3629 2153 3801 2205 Ruﬁno

2063 2270 2302 2324 oblatum
2339 2264 2634 2319 Anastasio
2674 2275 2867 2330 papae,
2901 2257 3228 2324 aliasque
3261 2251 3466 2322 ipsius
3496 2246 3805 2315 scriptiones

2065 2360 2340 2433 Opusculis
2366 2357 2700 2428 quibusdam
2737 2351 3148 2420 explosisse,
3179 2361 3348 2416 quas
3383 2360 3504 2398 non
3534 2342 3681 2395 aliud
3705 2351 3808 2392 esse

2067 2450 2362 2520 coniecerit
2399 2447 2702 2517 quispiam,
2743 2459 2937 2513 quam
2973 2440 3359 2511 Apologias
3399 2440 3579 2506 ipsas,
3612 2434 3678 2490 de
3704 2434 3808 2504 qui-

2069 2542 2170 2595 bus
2194 2541 2443 2609 proxime
2481 2534 3156 2590 commemorabimus.

2141 2672 2283 2728 XXI.
2325 2670 2439 2726 lloc
2467 2671 2589 2739 ipso
2629 2683 2784 2721 anno
2837 2666 3199 2736 geminam
3267 2665 3480 2720 Ruﬁni
3543 2663 3807 2718 adversum

2073 2779 2132 2818 se
2161 2762 2477 2832 Apologiam
2508 2759 2733 2830 gemina
2757 2758 2981 2812 itidem
3015 2757 3360 2811 adversus
3391 2755 3659 2808 Ruﬁnum
3687 2754 3812 2819 Apo-

2073 2854 2212 2922 logia
2254 2852 2625 2919 llierouymus
2664 2849 2913 2916 excepit
2953 2864 2972 2902 :
3015 2864 3188 2900 nam
3229 2863 3385 2902 cum
3438 2863 3509 2902 ex
3541 2845 3812 2902 Occidente

2076 2943 2466 3012 Jerosolytnam
2491 2949 2802 2994 remeasset
2840 2939 3056 3008 ipsius
3089 2938 3316 2994 frater
3354 2935 3809 2999 Paulinianus,li-

2077 3036 2204 3088 hros
2227 3033 2343 3086 illos
2365 3031 2637 3085 adversus
2659 3044 2794 3082 eum
2831 3029 3268 3093 elaboratas,
3312 3029 3582 3084 nondum
3616 3028 3807 3096 quidem

2082 3127 2149 3178 ab
2170 3133 2408 3186 auctore,
2445 3136 2613 3190 quem
2666 3130 2865 3173 metus
2923 3120 3211 3175 scilicet
3267 3132 3334 3174 et
3393 3122 3585 3189 pudor
3632 3117 3814 3171 inhibe-

2084 3214 2232 3275 bant,
2262 3212 2314 3264 in
2345 3211 2522 3263 lucem
2549 3223 2678 3262 esse
2725 3207 2961 3271 editos,
3001 3209 3128 3262 sed
3188 3209 3364 3263 inter
3415 3207 3613 3262 Ruﬁni
3656 3217 3810 3259 tamen

2086 3302 2376 3356 familiares
2431 3295 2798 3352 circumferri
2875 3298 3356 3366 significavit;
3397 3316 3432 3355 e
3465 3299 3670 3369 quibus
3710 3311 3810 3349 cum

2088 3395 2138 3448 iu
2163 3391 2348 3459 vulgus
2377 3387 2646 3443 exiissem
2688 3388 3024 3453 nonnulla,
3065 3391 3358 3447 collecta
3393 3406 3467 3447 ea
3507 3391 3577 3445 ad
3621 3390 3816 3444 [mtrem

2089 3481 2304 3554 pertulit
2331 3497 2345 3532 :
2371 3479 2513 3546 quod
2547 3477 2732 3543 ipsum
2775 3481 3254 3544 prmstilerunt
3283 3498 3400 3551 per
3434 3484 3656 3537 litteras
3685 3481 3821 3533 Pam-

2091 3571 2328 3626 machius
2371 3575 2426 3622 et
2471 3565 2870 3623 Marcellinus.
2923 3569 3071 3624 Non
3146 3575 3240 3628 ad
3308 3575 3426 3628 bas
3469 3575 3626 3645 lpsas
3669 3574 3827 3641 itaque

2090 3661 2270 3717 Ruﬁni
2293 3657 2643 3725 scriptiones,
2666 3657 2769 3712 sed
2799 3659 2878 3713 ad
2912 3660 3176 3718 relatas
3206 3680 3243 3718 a
3276 3665 3690 3724 Pammachio,
3710 3662 3829 3715 Maro

2093 3705 2270 3717 ...ν-...-
2293 3705 2643 3725 vvvur‘—'--'v'
2666 3705 2769 3712 -"-
2800 3705 2878 3713 ἡ*
2912 3705 2931 3712 “
2951 3705 3176 3718 “’“““““³υ
3206 3705 3243 3718 υ·
3276 3705 3304 3717 ι
3331 3705 3670 3720 ειιιιιινιιυιι,ν
3710 3705 3797 3715 __.

2093 3751 2283 3808 cellino
2331 3757 2385 3802 et
2430 3747 2776 3802 Pauliniano
2817 3751 3344 3810 criminationes
3383 3756 3648 3824 priorem
3676 3705 3825 3823 ,quam

2093 3843 2351 3899 habemus
2394 3838 2727 3908 Apologiam
2787 3839 3256 3914 Hieronymus
3319 3851 3662 3904 adornavit.
3706 3848 3828 3899 Duo-

2093 3934 2193 4032 bus
2223 3944 2286 3984 ea
2320 3927 2874 4030 continetur-libris,
2912 3943 2981 3985 et
3036 3932 3468 3994 Pammachii
3516 3954 3587 3994 ac
3625 3933 3828 3992 Marcel-

2094 4020 2190 4074 lmt
2237 4018 2456 4073 nomine
2503 4018 2784 4086 inscripta
2834 4030 2977 4084 est,
3021 4041 3324 4094 quam,"
3393 4032 3627 4084 muni“.
3678 4031 3830 4083 mem

2094 4109 2701 4213 elucubratamdmeos
2757 4124 2906 4164 vero
2953 4121 3401 4186 transmissa,
3430 4137 3586 4191 quos
3633 4119 3831 4190 scripti,

2095 4201 2207 4255 suis
2242 4199 2470 4300 Ruﬁnus
2501 4196 2798 4252 atllaverat
2829 4215 2847 4253 :
2897 4201 2966 4257 in
2997 4221 3225 4278 eaque
3272 4215 3562 4268 declarat
3593 4215 3836 4280 l—lierony-

2097 4305 2216 4344 mus
2251 4293 2616 4344 constitutum
2651 4303 2783 4344 esse
2816 4293 2944 4346 sibi
2989 4300 3323 4364 peculiari
3361 4320 3557 4374 Opere
3591 4301 3835 4371 Pamphm

2097 4391 2151 4437 el
2183 4380 2401 4434 Eusebii
2429 4380 2766 4449 Ανθίοῧίδπι
2800 4384 3141 4444 rechere.
3180 4393 3335 4449 Haec
3367 4395 3556 4450 simul
3603 4407 3763 4450 atque
3784 4394 3833 4445 ad

2099 4413 2151 4437 ⁵⁵
2183 4413 2401 4434 "ww"
2429 4413 2766 4449 ¹¹¹¹ν¹νὸ¹⁰¹¹¹
2803 4413 3141 4444 ἐισι-επις.
3180 4413 3335 4449 uzec
3367 4413 3556 4450 srmnt
3603 4413 3763 4465 atque
3784 4413 3832 4445 au

2099 4473 2352 4528 Ruﬁnum
2385 4471 2603 4539 perlata
2636 4482 2750 4526 est.
2778 4471 2875 4527 Ira
2945 4477 3317 4553 incitatus,
3366 4504 3719 4557 responsum
3751 4499 3835 4537 una

2097 4581 2220 4620 cum
2253 4562 2531 4632 Apologiis
2565 4563 2722 4617 misit
2769 4565 2845 4619 ad
2899 4567 3425 4646 Hieronymum,
3469 4594 3592 4648 quo
3639 4577 3838 4632 hastatis

2100 4670 2221 4758 eum
2260 4652 2510 4758 apicibus
2574 4654 2930 4724 territabat,
2989 4623 3838 4732 πῖθι-(αξξ.ξῇηῗέξξξιςϊ-ξί-ξᾷ

2102 4834 2320 4890 tineret.
2350 4831 2562 4888 Verum
2584 4833 2779 4890 futiles
2811 4838 3017 4896 minas
3044 4849 3543 4918 parvipendens
3588 4852 3840 4920 lliemuy

2103 4942 2248 4989 mus,
2277 4927 2651 4996 posteriorem
2681 4931 3046 5004 Apologiam
3085 4946 3412 5001 continuo
3464 4949 3768 5005 rescripsit

2145 4966 2248 4989 um,
2280 4966 2651 4996 γνο-νιινιυιι-
2681 4966 3046 5004 ιιγυιυδηιιιι
3085 4966 3412 5001 ςυιιιιιιηο
3464 4966 3786 5018 τεεετῳειι.

2142 5016 2339 5120 .XXll:
2369 5017 2503 5120 Post
2549 5029 2770 5088 septem
2831 5039 3034 5082 annos
3092 5047 3290 5102 quam
3358 5037 3502 5092 [nec
3536 5049 3668 5091 acta
3708 5045 3832 5095 sunt.

2101 5109 2255 5213 diem.
2285 5112 2486 5168 clausit
2513 5122 2843 5170 extremum
2877 5075 3150 5177 Melania
3199 5075 3840 5196 senm-7,1322;

2105 5144 2255 5213 una".
2285 5144 2488 5216 blaualt.
2513 5144 2843 5170 csucuuuu
2877 5144 3150 5177 ulcuulla
3199 5144 3431 5182 SCIIIOI‘
3453 5171 3474 5195 ν
3513 5146 3616 5185 VII
3671 5147 3700 5183 3
3732 5144 3834 5196 qua

2105 5200 2363 5270 dragmta
2438 5205 2639 5262 diebus
2703 5207 3151 5281 Jerosolymam
3223 5233 3525 5279 reversa.
3598 5222 3834 5276 Ruﬁnum

2363 5310 2640 5400 “Qui?”
2676 5316 2865 5366 anno.
2893 5305 2992 5373 qui
3027 5305 3144 5361 fuit
3177 5325 3209 5363 a
3245 5265 3526 5370 Chr-isi;

2240 5350 2256 5398 τ
2375 5350 2639 5368 --τ---νη
2677 5350 2865 5366 -η-η,
2897 5350 2992 5373 τ--
3027 5350 3144 5361 ηπ-
3177 5350 3209 5363 ..-
3247 5350 3526 5370 Unus...
3560 5350 3700 5368 ..μιν
3733 5350 3818 5365 τιν

2111 5385 2371 5488 Aquileia
2403 5392 2476 5446 ab
2512 5393 2746 5452 Alarico
2776 5407 3000 5452 vastata
3046 5397 3109 5454 in
3143 5400 3371 5457 Sicilia
3412 5407 3732 5474 profugum
3764 5350 3839 5469 pe:

2111 5490 2283 5590 {tisse
2318 5487 2496 5590 tradit
2530 5489 2836 5548 Baronius.
2880 5492 2953 5546 ΑΙ.
2977 5492 3036 5546 in
3075 5492 3357 5563 Epistola
3405 5501 3490 5553 ad
3529 5498 3841 5554 Ursacium,

2113 5583 2288 5640 quam
2324 5583 2790 5654 interpretationi
2834 5587 3437 5646 Commentariorum
3497 5588 3768 5660 Origeuis
3797 5586 3838 5636 in
