3920 6450
247 392 368 445 “57

1052 384 1602 446 ORIGENIANORUM
1638 385 1763 439 LIB.
1797 383 1861 449 II,
1899 381 2044 439 CAP.
2085 385 2171 447 IV,
2213 385 2397 440 SECT.
2428 387 2474 440 ῐ.

3214 383 3352 439 1158

237 510 414 563 librum
439 505 778 562 Numerorum
804 507 1027 577 praeﬁxit
1059 509 1294 572 Ruﬁnus,
1332 519 1588 576 quamque
1617 518 1736 556 cum
1764 508 1808 562 Α
1837 515 1952 566 cap.
1975 501 2027 553 2.
2049 501 2114 553 Ει
2139 503 2459 570 Augustinus
2484 501 2575 557 lib.
2609 516 2646 555 ll
2676 498 2753 553 De
2771 507 2967 566 peccat.
2989 498 3197 565 ονὶθὶιι..
3227 499 3343 551 adv.

235 598 446 651 nondum
477 597 611 649 edita
643 606 800 659 esset,
830 612 1028 650 mecum
1073 599 1195 650 olim
1235 599 1452 666 benigne
1490 607 1721 647 commu-

235 685 750 742 nicaruntclarissimi
772 685 960 740 fratres
989 686 1194 754 Bigotii,
1226 688 1294 739 ita
1318 684 1500 739 scribit
1531 701 1545 736 :
1583 683 1726 736 «Sed

233 778 494 832 reddendae
529 776 884 844 pollicitationi
942 792 1044 830 non
1093 779 1487 845 tempestivum,
1523 783 1582 828 ut
1639 773 1726 827 ille

233 869 332 930 ait,
382 865 469 918 sed
527 874 934 933 tempestuosum
983 866 1132 919 nobis
1157 875 1358 933 tempus
1381 879 1443 918 ac
1464 863 1726 918 turbidum

233 959 342 1012 fuit.
383 958 504 1022 Quis
534 958 671 1012 enim
701 959 771 1011 ibi
801 957 936 1027 stylo
962 958 1106 1013 locus
1127 967 1227 1021 est,
1258 957 1344 1010 ubi
1377 956 1582 1010 hostilia
1626 954 1726 1008 tela

231 1045 672 1101 metuuntur?ubi
715 1046 766 1099 in
793 1046 959 1100 oculis
1008 1054 1086 1100 est
1135 1047 1341 1099 urbium
1383 1057 1728 1112 agrorumque

229 1133 476 1187 vastatio?
514 1133 599 1186 ubi
637 1134 831 1202 fugitur
855 1149 946 1201 per
979 1136 1172 1186 marina
1212 1133 1518 1186 discrimina
1540 1171 1556 1194 ,
1588 1141 1728 1185 etne

229 1223 331 1291 ipsa
363 1223 567 1289 quidem
610 1222 806 1288 absque
835 1233 972 1275 metu
1003 1223 1262 1276 habentur
1284 1221 1505 1275 exsilia?
1530 1222 1584 1274 In
1606 1235 1729 1274 con-

226 1321 396 1380 spectu
429 1310 645 1373 etenim,
673 1318 728 1362 ut
751 1311 962 1363 videbas
981 1311 1134 1362 etiam
1166 1310 1292 1378 ipse,
1328 1318 1506 1363 nostro
1531 1310 1727 1364 Barba-

225 1414 326 1462 rus,
355 1399 442 1464 qui
474 1397 718 1465 Rbegino
765 1398 954 1466 oppido
982 1397 1234 1451 miscebat
1283 1397 1538 1458 incendia,
1569 1411 1728 1464 angu-

223 1488 441 1543 stissimo
469 1501 497 1539 a
527 1487 679 1540 nobis
705 1484 872 1549 freto,
908 1485 992 1538 ubi
1024 1485 1179 1539 Italia:
1211 1485 1372 1539 solum
1397 1485 1573 1538 Siculo
1603 1485 1730 1537 diri-

221 1576 391 1639 mitur,
424 1574 724 1627 arcebatur.
761 1593 778 1625 ι
817 1575 1014 1642 Agebat
1041 1590 1166 1641 ergo
1197 1585 1303 1627 tum
1347 1576 1397 1626 in
1420 1573 1621 1627 Sicilia.
1645 1573 1731 1626 Ait

222 1663 396 1716 deinde
420 1681 432 1716 :
472 1681 490 1713 ι
511 1663 627 1715 Jam
651 1662 791 1715 enim
818 1679 881 1716 ex
905 1663 1144 1716 omnibus
1172 1677 1287 1730 qua:
1326 1664 1376 1714 in
1402 1664 1513 1730 lege
1539 1662 1729 1729 scripta

220 1747 414 1813 reperi,
446 1747 569 1801 solae
612 1755 670 1799 ut
700 1761 824 1815 puto
857 1749 908 1800 in
937 1749 1337 1803 Deuteronomio
1378 1749 1565 1802 desunt
1607 1763 1728 1801 ora-

1823 591 2000 659 Pelag.
2030 600 2083 644 et
2105 589 2337 654 Caelest.,
2369 591 2530 644 refert
2580 589 2631 643 in
2659 588 2856 658 judicio
2903 588 3177 657 episcOpaIi
3216 589 3344 642 Car-

1828 681 2038 748 thagine
2066 678 2265 740 habito,
2299 680 2553 747 quaerenti
2583 677 2798 731 Paulino
2825 677 3046 731 diacono
3073 677 3346 745 presbyte-

1825 784 1998 822 rorum
2027 767 2236 820 nomina
2263 806 2278 830 ,
2319 783 2347 819 a
2373 769 2558 834 quibus
2599 767 2926 836 pestilentem
2958 780 3106 820 suam
3155 766 3345 820 doctri-

1824 873 1942 912 nam
1968 856 2244 912 Coslestius
2271 856 2585 924 accepisset,
2624 857 2955 925 respondisse
2998 853 3297 909 Ctelestium
3324 869 3342 906 :

1831 965 1851 998 ι
1883 948 2111 1002 Sanctus
2159 946 2431 1015 presbyter
2479 945 2738 1010 Ruﬁnus,
2786 945 2966 1000 Roma:
3014 945 3102 1013 qui
3155 944 3345 998 mansit

1824 1052 1940 1090 cum
1969 1044 2152 1089 sancto
2183 1034 2536 1088 Pammachio.
2572 1034 2682 1102 Ego
2715 1035 2886 1087 audivi
2910 1033 3052 1086 illum
3083 1033 3343 1088 dicentem

1825 1125 1944 1193 quia
1977 1125 2162 1176 tradux
2211 1124 2416 1191 peccati
2453 1137 2556 1176 non
2610 1123 2698 1175 sit.
2735 1141 2753 1172 ι
2800 1122 3000 1177 Idcirco
3043 1122 3340 1192 Origeniani

1824 1213 2050 1267 nominis
2076 1213 2322 1265 invidiam
2373 1211 2422 1262 in
2475 1226 2531 1265 se
2577 1224 2882 1264 conversam
2923 1212 3155 1265 sentiens
3197 1211 3346 1266 Pola-
3389 1278 3392 1280 γ

1825 1302 1959 1369 gius,
1990 1315 2107 1354 cum
2141 1302 2274 1366 apud
2309 1301 2664 1353 Innocentium
2695 1313 2880 1368 papam
2910 1314 2964 1353 se
2994 1312 3259 1368 purgaret,
3291 1299 3342 1352 in

1824 1387 1997 1441 libello
2064 1387 2182 1440 ﬁdei
2225 1388 2507 1454 praecipuos
2549 1387 2787 1456 Origenis
2828 1401 3035 1440 errores
3079 1396 3346 1454 proterere

1827 1490 1882 1528 se
1931 1475 2210 1530 simulavit.
2241 1474 2406 1529 Porro
2450 1484 2506 1529 ut
2532 1476 2858 1546 Origeniana:
2894 1476 3080 1531 Itzrresi
3113 1475 3348 1545 Pelagia-

1827 1579 1911 1629 na,
1939 1565 2014 1620 sic

2167 1651 2542 1708 ...Nestoriana
2576 1655 2681 1707 lues
2704 1657 2939 1709 successit
2973 1655 3288 1723 Pelagiana,

1831 1743 1997 1810 inquit
2025 1743 2248 1811 Prosper
2276 1745 2324 1796 in
2355 1744 2629 1812 Epitaphio
2658 1743 2980 1798 Nestoriana:
3021 1753 3075 1797 et
3106 1743 3344 1811 Pelagia-

222 1835 474 1899 tiunculm,
510 1851 644 1905 quas
670 1838 713 1890 si
741 1838 991 1890 Dominus
1024 1837 1236 1904 juverit,
1264 1847 1317 1891 et
1345 1838 1618 1891 sanitatem
1642 1839 1730 1891 de-

1831 1845 1908 1885 na'
1938 1831 2225 1884 haereseon.
2255 1831 2356 1884 Sed
2408 1831 2653 1898 quoniam
2683 1841 2873 1898 preter
2919 1833 3210 1885 institutum
3255 1846 3346 1886 no-

218 1925 344 1978 derit
383 1925 572 1990 oculis,
638 1927 875 1993 cupimus
925 1925 1127 1995 reliquo
1179 1941 1396 1992 corpore
1458 1928 1658 1980 sociare
1710 1943 1722 1976 :

219 2016 449 2082 quamvis
485 2018 877 2079 amantissimus
920 2017 1056 2070 ﬁlius
1109 2026 1285 2070 noster
1314 2017 1600 2080 Pinianus,
1635 2033 1728 2072 cu-

213 2104 293 2172 jus
322 2106 622 2174 religiosum
653 2117 848 2160 cauum
890 2122 983 2175 pro
1029 2121 1206 2160 amore
1258 2106 1517 2175 pudicitiae
1556 2107 1730 2176 profu-

215 2207 330 2258 gum
363 2194 700 2258 comitamur,
746 2195 979 2262 injungat
1027 2204 1080 2247 et
1131 2195 1253 2248 alia.
1294 2213 1312 2245 ι
1353 2194 1598 2249 Pinianus
1622 2195 1727 2260 ille,

217 2279 361 2346 cujus
386 2281 439 2333 in
472 2282 721 2334 comitatu
753 2297 811 2336 se
838 2291 942 2335 tum
982 2283 1142 2337 fuisse
1171 2285 1242 2336 ait
1274 2284 1512 2347 Ruﬁnus,
1547 2285 1589 2338 is
1617 2291 1731 2336 erat

217 2367 448 2420 Melania:
488 2367 714 2433 junioris
755 2369 989 2422 maritus.
1039 2367 1184 2422 Ilunc
1221 2369 1384 2421 Roma
1428 2369 1731 2422 discessisse

218 2468 353 2508 anno
381 2456 505 2520 408,
537 2465 589 2510 et
627 2453 988 2524 Carthaginem
1014 2457 1275 2524 appulisse
1296 2472 1432 2510 anno
1459 2457 1579 2521 409,
1620 2459 1730 2526 ipse

215 2547 452 2612 agnoscit
479 2545 754 2598 Baronius.
787 2545 947 2612 Igitur
989 2546 1068 2598 vel
1096 2545 1338 2599 Ruﬁnum
1390 2546 1441 2598 in
1474 2545 1650 2598 Sicilia
1698 2561 1727 2598 a

213 2633 430 2687 Piniano
457 2645 512 2686 et
538 2643 764 2702 utraque
796 2633 1013 2687 Melania
1037 2634 1275 2688 relictum
1315 2649 1456 2688 mors
1481 2649 1619 2688 anno
1650 2647 1731 2688 se-

207 2724 387 2789 quenti
419 2723 782 2789 oppresserit;
813 2723 892 2776 vel
920 2733 1061 2776 certe
1086 2732 1286 2790 tempus
1328 2737 1356 2775 a
1390 2722 1610 2776 Baronio
1648 2736 1730 2777 as-

208 2813 472 2881 signatum
502 2827 608 2864 uno
629 2813 812 2866 saltem
841 2828 977 2867 almo
1009 2813 1179 2866 Ruﬁni
1223 2814 1397 2867 obitus
1439 2821 1731 2868 anteverte-

210 2902 297 2964 rit,
330 2901 427 2954 viri
463 2901 798 2969 Origenianm
820 2901 1069 2954 doctrinm
1097 2902 1167 2954 ita
1193 2902 1442 2966 studiosi,
1479 2912 1535 2955 ut
1558 2902 1732 2956 inﬁni-

211 2998 288 3041 tas
325 2989 426 3042 sibi
460 2990 664 3052 turbas,
699 2991 950 3052 convicia,
983 2990 1247 3042 infamiam
1269 3000 1321 3043 et
1347 2991 1728 3043 damnationem

208 3071 432 3138 denique
475 3071 592 3137 ejus
631 3085 786 3124 causa
833 3071 1089 3139 pepererit
1129 3087 1141 3122 :
1188 3073 1275 3139 qui
1319 3073 1360 3124 si
1419 3073 1592 3125 animo
1637 3087 1731 3125 suo

208 3155 392 3212 fuisset
425 3158 748 3220 moderatus,
781 3168 834 3212 et
863 3175 890 3211 a
921 3159 1168 3213 librorum
1197 3161 1329 3227 Περὶ
1351 3159 1546 3227 ἀρχῶν
1567 3161 1728 3214 inter-

206 3248 501 3313 pretatione
531 3247 868 3301 abstinuisset
897 3264 1106 3301 manum
1131 3287 1146 3312 ,
1182 3264 1333 3302 suum
1358 3251 1453 3302 sibi
1478 3249 1727 3318 Origenes

210 3337 386 3399 decus,
414 3337 744 3403 gloriamque
787 3338 835 3388 in
883 3336 1162 3392 Occidente
1208 3347 1500 3398 servasset;
1544 3352 1726 3390 verum

207 3422 325 3477 dum
358 3424 520 3476 tradit
548 3424 692 3476 illum
719 3421 919 3478 Latinis
943 3426 1230 3492 legendum,
1264 3443 1326 3482 ex
1360 3429 1587 3479 omnium
1619 3441 1728 3478 ma-

206 3509 358 3562 nibus
390 3510 630 3563 excussit
659 3527 672 3563 :
706 3528 723 3559 ι
752 3510 915 3563 Totus
960 3513 1096 3564 enim
1124 3513 1298 3574 orbis,
1329 3531 1348 3562 ι
1396 3514 1562 3579 inquit
1610 3511 1728 3566 Hie-

205 3610 458 3664 ronymus
507 3597 662 3663 Apol.
711 3612 750 3656 ι.
801 3613 916 3658 cap.
949 3599 1000 3660 5,
1053 3616 1072 3648 ι
1116 3607 1230 3664 post
1281 3599 1671 3652 translationem
1705 3617 1723 3650 ι

207 3686 375 3738 Ruﬁni
427 3706 446 3738 ι
480 3688 532 3739 in
577 3685 817 3754 Origenis
865 3687 1040 3738 odium
1092 3688 1319 3752 exarsit,
1375 3702 1527 3756 quem
1576 3699 1726 3742 antea

204 3773 518 3842 simpiiciter
564 3773 850 3826 lectitabat.
887 3792 905 3823 ι
956 3773 1302 3827 Nihilominus
1343 3777 1407 3828 ab
1451 3776 1730 3830 Anastasio

205 3861 322 3916 licet
351 3865 642 3916 damnatus
679 3861 833 3914 fuerit
856 3860 1096 3928 Ruﬁnus,
1131 3862 1241 3928 ejus
1263 3872 1434 3916 tamen
1463 3873 1736 3916 consuetu-

202 3952 316 4006 dine
369 3968 527 4006 usum
582 3951 742 4004 fuisse
783 3949 1137 4004 Chromatium
1177 3951 1560 4018 Aquileiensem
1618 3953 1731 4020 epi~

199 4057 414 4109 scopum
449 4041 738 4110 persuadet
765 4039 926 4107 ipsius
960 4040 1201 4094 Praafatio
1229 4040 1529 4094 Eusebiame
1557 4042 1734 4097 Histo-

200 4131 289 4181 ria:
329 4144 358 4181 a
400 4145 458 4182 se
486 4142 760 4181 conversa:
784 4129 1050 4196 praemissa
1073 4165 1087 4189 ,
1112 4144 1213 4196 qua
1255 4140 1432 4198 rogatu
1476 4132 1733 4185 Chroma-

199 4219 273 4276 tii.
302 4220 487 4270 animo
522 4234 587 4270 ex
614 4205 796 4285 patria:
825 4218 970 4271 clade
993 4217 1180 4272 alllicto
1211 4219 1441 4274 solamen
1484 4222 1733 4274 adhibere

201 4309 450 4370 volentis,
497 4318 796 4374 susceptam
831 4308 968 4360 illam
1007 4325 1034 4361 a
1079 4325 1134 4364 se
1167 4313 1395 4366 ostendit
1459 4311 1732 4365 Melaniam

1830 1927 1995 1976 strum
2026 1929 2105 1974 est
2130 1920 2330 1972 illarum
2359 1919 2597 1982 historia,
2625 1930 2673 1972 et
2703 1920 2922 1974 aliorum
2951 1919 3215 1974 laboribus
3237 1919 3344 1988 jam

1829 2010 1957 2062 satis
1987 2009 2268 2071 illustrata,
2301 2010 2364 2062 ad
2389 2010 2660 2077 sequentia
2687 2024 3046 2078 properamus.

1897 2096 2081 2154 XXIV.
2120 2097 2360 2152 Obtritus
2401 2097 2552 2166 plane
2596 2113 2657 2152 ac
2702 2101 3064 2166 pessumdatus
3102 2098 3152 2152 in
3193 2096 3346 2152 Occi-

1828 2186 1983 2239 dente
2029 2186 2299 2240 videbatur
2329 2187 2714 2255 Origenismus,
2748 2204 2864 2242 cum
2897 2201 3020 2242 ecce
3057 2187 3194 2240 Aviti
3243 2187 3346 2243 duo

1831 2274 2064 2343 Hispani,
2094 2275 2314 2328 Romam
2341 2277 2489 2336 alter,
2525 2277 2660 2330 alter
2691 2276 3067 2346 Jerosolymam
3102 2276 3343 2344 profecti,

1830 2363 1883 2416 in
1910 2364 2133 2431 patriam
2169 2375 2288 2432 post
2324 2367 2546 2418 reditum
2589 2381 2792 2420 merces
2833 2365 3175 2434 Origenianas
3205 2366 3344 2419 intu-

1831 2451 2018 2504 lerunt.
2047 2452 2240 2505 Horum
2271 2452 2400 2504 alter
2427 2453 2512 2523 (is,
2546 2454 2596 2506 ni
2634 2454 2804 2518 fallor,
2835 2456 2922 2523 qui
2957 2453 3340 2524 Jerosolymam

1831 2537 2188 2600 contenderat,
2232 2552 2488 2605 quemque
2519 2539 2707 2594 adiisse
2749 2542 3119 2610 Hieronymum
3163 2544 3214 2595 in
3240 2543 3342 2596 Pa-

1830 2626 2027 2680 lmstina
2053 2626 2321 2693 degentem
2359 2627 2641 2680 verisimile
2666 2629 2765 2696 est)
2811 2630 2876 2682 ab
2902 2629 3214 2699 Hieronymo
3253 2646 3346 2697 po-

1831 2713 2133 2778 stulaverat,
2171 2725 2227 2767 ut
2247 2713 2483 2782 Origenis
2510 2713 2668 2768 libros
2699 2716 2834 2782 Περὶ
2867 2717 3068 2785 ἀρχῶν
3089 2757 3104 2781 ,
3139 2720 3346 2773 sincere

1830 2812 1884 2857 et
1917 2802 2136 2857 ﬁdeliter
2175 2817 2457 2858 conversos
2505 2805 2569 2858 ad
2621 2819 2680 2858 se
2741 2806 3006 2869 mitteret;
3040 2808 3176 2873 quod
3224 2821 3344 2860 cum

1835 2889 1984 2943 facile
2015 2891 2364 2959 impetrasset,
2405 2891 2771 2960 cavendosque
2797 2907 3007 2948 errores
3034 2908 3128 2958 per
3151 2894 3346 2961 episto-

1833 2979 1934 3033 lam
1963 2981 2308 3051 Hieronymus
2334 2991 2822 3051 praamonstrasset,
2864 2984 2928 3037 iis
2975 2993 3142 3037 tamen
3177 2983 3346 3050 impli-

1833 3069 1940 3121 cari
1973 3085 2031 3122 se
2057 3078 2108 3122 et
2135 3069 2278 3124 illudi
2304 3087 2485 3139 passus
2515 3081 2631 3135 est;
2661 3087 2721 3125 ac
2735 3071 2956 3126 alterum
2988 3088 3192 3140 quoque
3217 3074 3345 3125 Avi-

1829 3164 1934 3207 tum
1965 3156 2013 3208 in
2042 3157 2251 3210 easdem
2283 3157 2610 3224 opinationes
2634 3160 2915 3227 pertraxit.
2948 3157 3136 3212 Patria:
3167 3174 3352 3214 consu-

1825 3244 1935 3296 lens
1967 3243 2156 3298 Paulus
2185 3245 2402 3300 Orosius
2425 3285 2442 3313 ,
2472 3261 2626 3314 quam
2672 3249 2781 3300 haec
2803 3287 2818 3312 ,
2865 3255 3022 3314 atque
3066 3249 3178 3300 alim
3224 3249 3345 3302 item

1825 3333 2051 3388 hazreses
2093 3335 2470 3402 pervadebant,
2509 3336 2788 3405 Augustini
2832 3351 2980 3404 opem
3027 3337 3202 3391 oblato
3249 3337 3352 3404 ipsi

1827 3423 2234 3477 Commonitorio
2274 3424 2589 3492 imploravit.
2633 3423 2843 3493 Scripto
2893 3425 3070 3478 statim
3114 3426 3177 3478 ad
3217 3425 3349 3480 Oro-

1826 3513 1959 3566 sium
2010 3512 2458 3567 Commentariolo
2505 3515 2756 3568 adversus
2819 3513 3248 3568 Priscillianistas
3297 3523 3384 3567 et-

1827 3601 2175 3670 Origenistas,
2200 3602 2441 3656 haeresim
2469 3611 2749 3671 utramque
2772 3602 3075 3670 Hispaniam
3099 3603 3352 3656 infestan-

1830 3700 1931 3744 tem
1966 3691 2667 3761 proculcavitAugustinus;
2693 3701 2745 3746 et
2771 3694 2822 3745 in
2859 3693 3055 3746 eximio
3099 3701 3356 3759 praeterea~

1829 3779 1903 3832 De
1931 3781 2128 3832 civitate
2171 3779 2259 3832 Dei
2286 3793 2463 3846 Opere,
2493 3782 2631 3846 quod
2677 3791 2802 3835 tunc
2845 3782 3176 3844 elaborabat,
3209 3791 3263 3833 ut
3297 3791 3352 3834 et

1830 3868 1880 3920 in
1911 3869 2027 3921 aliis
2056 3883 2263 3935 quoque
2291 3870 2690 3934 scriptionibus,
2725 3884 2841 3922 cum
2879 3867 3189 3936 Origenistis
3221 3881 3352 3934 pra:-

1829 3957 1988 4008 Iiatus
2022 3968 2122 4010 est.
2161 3957 2504 4019 Quastionem
2537 3972 2716 4019 unam,
2759 3972 2876 4024 qua:
2915 3966 2996 4010 est
3051 3957 3113 4009 de
3149 3955 3352 4022 origine

1830 4046 2142 4106 animarum,
2176 4045 2399 4099 deﬁnire
2427 4060 2528 4098 non
2553 4061 2735 4109 ausus,
2764 4046 3006 4099 Orosium
3041 4046 3091 4098 in
3118 4043 3351 4096 Palaesti-

1831 4149 1950 4188 nam
1993 4133 2136 4187 misit
2179 4137 2243 4188 ad
2286 4135 2699 4204 Hieronymum,
2753 4148 2909 4202 quem
2954 4133 3353 4202 disceptationis

1831 4224 1981 4291 hujus
2003 4224 2255 4278 arbitrum
2299 4236 2416 4278 esse
2452 4224 2634 4277 voluit.
2685 4223 3019 4277 Manifestum
3066 4224 3244 4291 itaque
3280 4239 3350 4278 ex

1830 4324 1894 4364 eo
1917 4318 2016 4371 est,
2047 4311 2230 4364 merito
2258 4313 2392 4364 inter
2437 4311 2766 4378 supposititia
2806 4321 2858 4365 et
2893 4313 3184 4381 Augustino
3224 4327 3352 4382 per-

202 4411 408 4463 quoque
429 4397 522 4449 diu
574 4405 692 4464 post
726 4395 971 4449 inﬁictam
1019 4399 1204 4453 Ruﬁno
1251 4415 1524 4455 censuram
1565 4409 1736 4454 certa-
1765 4421 1807 4475 ι)
1835 4412 2012 4465 peram
2042 4399 2264 4465 ascripta
2293 4397 2438 4464 rejici
2467 4397 2693 4452 libellum
2752 4399 2823 4451 De
2875 4401 3064 4453 deitate
3085 4411 3134 4453 et
3180 4401 3353 4454 incure

201 4484 289 4534 tim
326 4486 580 4538 laudibus
612 4483 908 4538 extulerunt
934 4487 1248 4556 Augustinus
1274 4496 1326 4541 et
1362 4487 1610 4542 Paulinus
1642 4504 1654 4538 :
1682 4497 1735 4541 et

199 4585 314 4638 post
354 4581 590 4627 mortem
649 4570 854 4624 demum
901 4573 952 4624 in
1012 4573 1308 4627 Graecorum
1356 4573 1734 4643 Martyrologiis

202 4662 337 4715 inter
363 4670 587 4715 sanctos
624 4660 848 4716 ascripta
877 4671 976 4715 est.

269 4749 458 4805 XXIII.
492 4751 567 4803 At
598 4762 702 4800 non
752 4748 921 4800 Ruﬁni
962 4749 1102 4801 obitu
1139 4759 1248 4802 sata
1297 4752 1362 4804 ab
1407 4751 1515 4817 ipso
1559 4749 1735 4819 Orige-

198 4840 356 4892 nismi
411 4839 623 4893 semina
669 4838 921 4890 exstincta
974 4848 1112 4890 sunt.
1162 4838 1420 4908 Pelagius,
1454 4844 1738 4896 monachus

198 4929 416 4982 natione
434 4929 754 4990 Britannus,
777 4935 983 4992 arrepta
1016 4928 1251 4993 quaedam
1272 4929 1509 4998 Origenis
1528 4931 1738 4999 dogma-

202 5027 254 5070 ta
293 5033 321 5070 a
363 5017 565 5069 Ruﬁno
613 5016 818 5068 exculta
853 5023 903 5068 et
935 5028 1216 5084 propagata
1265 5021 1548 5072 renovavit.
1596 5019 1736 5084 Quo-

204 5107 346 5160 circa
383 5105 747 5172 Hieronymus
780 5103 831 5156 in
872 5103 1131 5157 Prommio
1174 5105 1237 5158 ad
1275 5107 1363 5159 lib.
1407 5123 1423 5160 ι
1457 5105 1732 5162 Comment.

1837 4489 2062 4548 natione,
2097 4487 2160 4540 ad
2187 4486 2516 4552 Ianuarium,
2565 4489 2652 4556 qui
2687 4488 2910 4543 habetur
2966 4491 3016 4543 in
3055 4491 3356 4558 Appendice

1836 4577 2005 4643 quarti
2041 4577 2164 4630 tomi
2203 4591 2216 4626 :
2260 4577 2453 4644 quippe
2509 4578 2598 4645 qui
2650 4577 2982 4647 Origenianis
3029 4579 3139 4634 fere
3167 4581 3355 4648 pannis

1837 4674 2082 4718 consutus
2109 4675 2162 4717 et
2180 4665 2575 4718 consarcinatus
2600 4675 2702 4719 est.

1906 4755 2124 4808 Circiler
2157 4757 2292 4808 idem
2331 4765 2528 4822 tempus
2577 4755 3005 4825 Semipelagianaa
3041 4759 3226 4813 haeresi
3267 4772 3354 4810 ro-

1840 4842 1939 4896 bur
1961 4841 2191 4896 Joannes
2216 4842 2497 4897 Cassianus
2525 4844 2576 4896 in
2607 4844 2787 4898 Galliis
2810 4847 3123 4902 conciliabat
3151 4863 3216 4900 ex
3237 4846 3353 4899 Ori-

1841 4929 1988 4999 genis
2012 4930 2401 4998 scriptionibus,
2454 4932 2602 4999 cujus
2648 4936 2950 4988 econtrario
2997 4950 3183 4988 nomen
3231 4932 3355 4985 Vin-

1839 5018 2042 5072 centius
2065 5018 2356 5072 Lirinensis
2397 5019 2590 5075 ibidem
2627 5024 2936 5077 traducebat
2977 5039 2990 5073 :
3033 5024 3082 5076 in
3108 5023 3355 5075 Commo-

1840 5105 2029 5159 nitorio
2074 5105 2329 5173 siquidem
2377 5109 2550 5174 priore
2591 5111 2790 5164 advers.
2854 5110 3052 5164 Haeres.
3125 5121 3242 5173 cap.
3286 5105 3357 5157 25

1847 5196 1971 5248 dum
2009 5195 2286 5249 ostendere
2311 5208 2526 5250 conatur
2563 5213 2793 5253 errorem
2834 5197 3069 5262 Origenis
3115 5193 3360 5246 Ecclesiae

1835 5282 1936 5336 Dei
1957 5282 2230 5336 offensioni
2258 5283 2450 5352 fuisse,
2472 5297 2749 5353 postquam
2787 5285 3063 5353 praeclaras
3103 5279 3244 5331 illius
3269 5281 3363 5332 do-

1847 5379 1924 5424 tes
1948 5371 2125 5425 multis
2153 5371 2470 5438 dilaudavit,
2520 5393 2537 5426 ι
2570 5375 2674 5439 Eo,
2707 5373 2901 5439 inquit,
2931 5381 3014 5420 res
3034 5367 3265 5427 decidit,
3307 5379 3366 5418 ιιι

1844 5469 2000 5514 tantae
2029 5477 2286 5532 personae,
2318 5465 2447 5518 tanti
2487 5464 2714 5518 doctoris
2735 5499 2752 5524 ,
2781 5456 2910 5509 tanti
2948 5453 3220 5518 prophetae
3261 5467 3365 5510 nou

201 5193 258 5244 in
305 5191 506 5244 Jerem.
561 5190 883 5255 Grunnium,
931 5191 1027 5243 hoc
1083 5199 1165 5244 est
1210 5192 1491 5254 Ruﬁnum,
1547 5193 1739 5264 Pelagii

207 5298 227 5333 ι
289 5293 712 5350 prmeursorem-
743 5287 797 5332 et
855 5279 1156 5346 magistrum
1205 5298 1222 5330 ι
1267 5281 1508 5348 appellat.
1552 5283 1743 5351 Dogma

203 5385 420 5438 quoque
450 5367 720 5428 ἀπαθείας
746 5377 798 5421 et
825 5369 1251 5438 ἁναμαρτησιας,
1282 5371 1418 5437 quod
1445 5383 1602 5437 supra
1633 5382 1740 5425 tra-

207 5460 492 5519 ctavimus,
533 5458 602 5508 ab
637 5454 940 5522 Origenistis
975 5459 1240 5524 accepisse
1283 5457 1584 5526 Pelagianos
1621 5475 1740 5526 pro-

210 5548 288 5598 dit
320 5548 372 5599 in
405 5542 679 5598 Prooemio
717 5543 918 5610 Dialog.
968 5546 1082 5599 adv.
1116 5546 1289 5615 Pelag.
1335 5558 1386 5599 et
1421 5548 1473 5598 in
1515 5546 1740 5601 Procem.

213 5633 308 5688 lib.
347 5650 397 5688 tv
425 5631 718 5686 Comment.
751 5630 802 5682 in
830 5630 1013 5686 Jerem.
1037 5644 1088 5688 et
1119 5635 1168 5690 iu
1205 5635 1366 5703 Epist.
1403 5637 1468 5688 ad
1499 5634 1746 5704 Ctesiph.,
1852 5641 2028 5696 culosa
2057 5644 2272 5698 tentatio
2302 5643 2549 5712 plurimos
2578 5656 2604 5692 a
2634 5636 2758 5690 ﬁdei
2802 5628 3100 5696 integritate
3143 5627 3374 5681 deduce-

1847 5551 2073 5604 humana
2097 5553 2290 5620 aliqua.
2322 5554 2417 5606 sed
2440 5561 2495 5605 ut
2517 5553 2689 5605 exitus
2720 5543 2919 5604 docuit,
2969 5539 3191 5590 nimium
3227 5542 3372 5604 peri-
3458 5558 3466 5596 ί
