3920 6470
229 364 347 419 HM

1013 364 1558 425 ORIGENIANORUM
1593 366 1716 423 LIB.
1747 367 1819 434 ἸΙ,
1842 357 1998 424 CAP.
2039 367 2124 430 ιν,
2167 367 2354 422 SECT.
2394 367 2455 422 11.

3201 365 3337 424 1M2

221 482 454 538 habuisse
497 481 728 551 ipsorum
778 484 1086 552 partiarinm
1153 486 1404 541 lsidorum
1452 485 1717 554 conjicere
1742 493 1788 546 Α
1816 487 2089 554 dOgmatis,
2113 490 2245 554 quod
2278 489 2438 542 Deum
2469 488 2836 558 incorporeum
2864 486 3066 550 statuit,
3091 488 3333 556 quodque

217 571 329 624 licet
363 585 422 622 ex
464 569 563 623 isto
614 569 910 640 Hieronymi
957 572 1120 640 Epist.
1153 572 1238 637 6t,
1283 573 1347 626 ad
1395 571 1716 634 Pammach.,

217 671 324 724 cap.
366 655 449 720 15,
482 673 501 705 t
537 656 599 708 Et
639 665 812 709 tamen
844 657 943 709 iste
973 657 1321 727 Hieronymus
1345 672 1461 712 cum
1486 671 1718 723 pannosa

219 745 358 797 turba
385 753 437 797 et
471 745 754 798 sordidatis
788 746 1066 813 gregibus,
1096 751 1218 814 quid
1260 747 1457 802 Isidoro
1487 745 1563 798 illi
1616 745 1717 798 ful-

214 837 378 888 ntineo
406 848 562 888 ausus
593 845 676 889 est
706 838 1062 903 respondere?
1104 839 1280 890 At.ne
1312 837 1446 889 forte
1486 834 1573 888 ille
1614 849 1716 889 non

211 924 457 990 crederet,
487 933 540 977 et
564 926 881 994 opprimeret
915 941 1006 980 eos
1029 930 1304 995 prasentia
1332 936 1387 981 et
1428 927 1566 981 mole
1598 941 1716 982 cor-

207 1017 341 1083 poris
363 1017 462 1079 sui,
495 1034 512 1066 ι
544 1027 647 1072 etc.
670 1016 800 1072 Cum
825 1018 1013 1073 fratres
1041 1019 1156 1074 illos
1180 1020 1465 1088 percharos
1495 1020 1712 1073 haberet

208 1105 552 1174 TheOphilus,
631 1107 936 1162 Dioscorum
1012 1108 1384 1178 Hermopoleos
1444 1110 1716 1163 constituit

203 1195 529 1262 episcopum;
576 1195 710 1250 duos
741 1207 912 1250 autem
961 1198 1152 1251 invitos
1198 1199 1331 1266 apud
1369 1212 1426 1252 se
1467 1198 1711 1252 detinuit.

204 1286 364 1352 Atque
395 1284 528 1338 hanc
550 1286 761 1353 quidem
793 1288 976 1348 vitam,
1009 1287 1268 1342 desiderio
1307 1287 1429 1343 licet
1459 1291 1712 1343 monasti-

203 1389 272 1428 ca
302 1375 422 1426 vitae
469 1374 824 1438 tabescentes,
875 1375 1188 1440 tolerabant,
1226 1377 1397 1444 quoad
1444 1389 1712 1445 perspecta

199 1464 418 1531 episcopi
450 1463 695 1525 avaritia,
727 1463 988 1518 hominem
1012 1464 1182 1528 exosi,
1214 1480 1422 1520 rursum
1449 1467 1500 1519 in
1531 1466 1711 1519 solitu-

197 1552 361 1604 dinem
396 1560 513 1619 post
558 1551 843 1605 triennium
878 1562 1229 1606 secesserunt.
1261 1552 1430 1608 Causa
1475 1568 1713 1608 secessus

146 1623 154 1634 ’
195 1641 415 1708 cognita,
447 1641 677 1709 pessima
710 1655 929 1709 quaque
952 1643 1179 1696 minatus
1206 1651 1288 1697 est
1319 1643 1421 1697 illis
1450 1642 1713 1712 Theophi-

194 1730 288 1793 lus,
335 1730 617 1799 ipsumque
672 1731 979 1784 Dioscorum
1026 1731 1248 1786 invisum
1314 1731 1516 1786 habuit.
1580 1733 1709 1787 Cum

191 1834 312 1889 ergo
349 1819 905 1888 Anthropomorphitis
950 1818 1182 1876 infensos
1230 1822 1372 1890 ipsos
1401 1835 1466 1875 ex
1516 1822 1708 1876 mutuis

189 1907 553 1977 congressibus
604 1909 930 1977 agnovisset;
977 1909 1112 1978 apud
1157 1909 1424 1979 simplices
1456 1911 1708 1978 quosdam

189 2007 238 2053 et
263 1999 498 2052 indoctos
529 1999 836 2062 monachos,
862 2013 993 2066 quos
1023 1999 1284 2054 hareseos
1329 1999 1484 2067 hujus
1528 2000 1709 2056 aflines

186 2101 298 2142 esse
355 2087 590 2151 sciebat,
635 2087 1230 2155 Anthropomorphitam
1302 2103 1360 2142 se
1420 2089 1706 2157 professus,

186 2176 488 2231 Dioscorum
529 2192 647 2231 cum
692 2177 944 2231 fratribus
993 2179 1045 2230 in
1103 2179 1367 2233 contraria
1413 2193 1530 2233 esse
1566 2187 1709 2234 secta

185 2269 415 2333 monuit,
449 2277 503 2322 et
549 2282 738 2336 corpus
791 2269 896 2323 Deo
927 2268 1222 2333 detrahere,
1275 2269 1549 2338 Origenem
1586 2285 1708 2322 sen-

185 2357 356 2410 tentia
403 2357 560 2423 hujus
612 2367 889 2425 patronum
954 2367 1184 2413 secutos.
1233 2357 1287 2411 ln
1349 2357 1583 2411 fraudem
1628 2357 1710 2412 his

183 2447 518 2500 sermonibus
550 2446 710 2500 illecti
731 2448 850 2500 boni
899 2447 1138 2500 homines
1160 2448 1488 2507 Dioscorum,
1521 2447 1710 2514 ipsius-

180 2549 278 2602 que
313 2536 550 2590 asseclas
578 2535 915 2589 vehementer
943 2537 1203 2600 aversati,
1242 2537 1502 2593 invidioso
1530 2539 1703 2609 Orige-

180 2626 437 2680 nistarum
500 2624 712 2677 nomine
756 2623 1075 2679 infamantes
1122 2626 1472 2679 traduxerunt
1522 2645 1538 2680 :
1590 2643 1708 2682 cum

178 2729 269 2769 eos
325 2713 636 2768 econtrario
680 2714 1007 2780 adversarii,
1043 2715 1319 2783 pauciores
1355 2716 1568 2784 quidem
1614 2734 1704 2771 nu-

177 2816 346 2865 mero,
381 2802 473 2855 sed
509 2801 744 2854 doctrina
773 2810 824 2854 et
848 2817 942 2854 usu
963 2814 1136 2853 rerum
1165 2802 1458 2869 peritiores,
1487 2805 1709 2859 Anthro-

176 2888 545 2958 pomorphitas
582 2887 926 2956 appellarent.
966 2887 1040 2941 lta
1091 2888 1434 2944 seditionibus
1481 2892 1614 2944 inter
1653 2905 1710 2945 se

177 2978 354 3048 agitati
381 2975 840 3032 conflictabantur.
872 2977 941 3031 At
960 2977 1281 3045 Theophilus
1309 2979 1544 3045 privatas
1571 2980 1708 3048 inju-

177 3067 282 3120 rias
311 3079 672 3134 persequens,
702 3064 1117 3133 Origenistarum
1158 3065 1411 3119 tumultus
1451 3066 1704 3134 obtendit,
1732 3101 1772 3157 ο

178 3163 227 3206 et
249 3153 432 3207 Nitria
455 3161 713 3220 occupato
739 3159 914 3204 monte
936 3189 950 3214 ,
995 3151 1549 3220 AnthrOpomorphitis
1588 3169 1704 3208 mo-

177 3243 357 3296 nachis
400 3256 552 3294 arma
592 3239 989 3304 subministrat,
1037 3239 1270 3293 Dioscori
1333 3242 1703 3295 monasterium

175 3332 434 3395 incendit;
472 3332 566 3400 qui
610 3345 729 3383 cum
773 3328 1022 3382 fratribus
1053 3329 1263 3384 abditus
1301 3331 1470 3398 puteis
1501 3329 1588 3383 vix
1625 3330 1705 3383 in-

173 3424 379 3493 gruenti
407 3421 546 3478 cladi
576 3435 634 3474 se
670 3420 938 3476 subduxit.

235 3511 486 3581 Polybius
529 3509 1015 3564 Rhinocorurorum
1063 3513 1368 3580 episcopus,
1412 3509 1690 3580 Epiphanii

171 3601 479 3670 discipulus,
532 3599 803 3668 ipsiusque
830 3601 953 3653 vita
1003 3600 1248 3667 scriptor,
1298 3609 1406 3655 tres
1449 3603 1708 3656 duntaxat

172 3703 412 3747 numerat
463 3691 678 3758 Longos
736 3688 962 3752 fratres,
1009 3688 1345 3743 Heracleonis
1405 3690 1569 3756 filios,
1615 3693 1703 3760 qui

169 3781 504 3834 Alexandria
568 3792 692 3832 cum
755 3777 976 3844 imperio
1037 3778 1359 3845 praefuerat,
1414 3780 1705 3849 Theophilo

168 3873 397 3926 amicitia
441 3869 794 3937 conjunctds,
838 3867 902 3919 ab
935 3880 1102 3935 eoque
1137 3867 1190 3919 in
1235 3869 1418 3921 urbem
1457 3881 1486 3920 e
1523 3883 1706 3922 mona-

167 3964 342 4018 SIeriis
369 3977 468 4032 per
505 3958 744 4013 fraudem
776 3959 1052 4021 deductos,
1086 3955 1338 4024 majorem
1371 3967 1606 4011 creatum
1633 3959 1707 4011 ait

165 4056 497 4122 episcopum,
529 4049 666 4104 alios
698 4049 965 4112 diaconos,
993 4058 1047 4102 et
1083 4049 1334 4102 Ecclesia
1381 4062 1702 4104 ceconomos.

163 4145 356 4199 Narrat
401 4143 601 4198 deinde
629 4141 730 4194 hoc
775 4153 989 4193 munere
1032 4153 1124 4205 per
1153 4138 1431 4192 triennium
1471 4138 1701 4202 functos,

163 4239 425 4291 renitente
454 4231 753 4298 Theophilo
791 4230 842 4282 in
895 4230 1169 4296 pristinam
1214 4229 1547 4282 solitudinem
1577 4243 1706 4282 con-

163 4328 422 4391 cessisse;
481 4335 630 4392 agre
682 4321 732 4372 id
793 4319 972 4373 tulisse
1021 4318 1402 4387 Theophilum,
1452 4322 1701 4389 ipsosque

1819 576 1927 642 ipse
1949 584 2099 628 antea
2137 585 2573 646 propugnaverat,
2604 586 2656 632 et
2687 575 3046 631 adhuc'etiam
3088 591 3182 644 pro
3203 591 3330 631 vero

1816 663 2057 728 habebat,
2079 678 2269 717 vexare
2298 666 2448 732 hujus
2465 667 2719 720 doctrina
2740 665 2906 734 gratia
2930 679 3206 735 aggressus
3224 674 3328 726 est,

1814 752 1906 806 sed
1938 751 2062 820 ipsis
2095 751 2346 805 famosam
2368 753 2778 820 Origenistarum
2802 753 3214 821 appellationem
3244 754 3327 804 vir

1815 851 1998 894 acutus
2031 839 2247 905 aﬂinxit,
2275 856 2379 909 quo
2408 841 2720 910 Origenismi
2751 843 3080 896 adversarios
3105 842 3202 896 sibi
3240 842 3334 894 de-

1815 940 2124 992 mereretur,
2166 940 2218 982 et
2271 931 2545 984 adversum
2602 931 2718 985 illos
2767 934 3075 986 concitaret.
3121 931 3184 985 Et
3229 929 3329 984 levi

1815 1032 1942 1072 sane
1973 1028 2280 1086 argumento
2327 1019 2623 1085 impositam
2655 1020 2756 1074 illis
2781 1019 3096 1089 Origenismi
3127 1018 3329 1072 calum—

1813 1108 1951 1159 niam
1978 1106 2298 1173 approbavit,
2321 1119 2384 1159 co
2405 1104 2601 1158 scilicet
2621 1107 2755 1171 quod
2777 1107 3047 1162 sententia
3067 1106 3222 1174 hujus
3245 1118 3329 1158 as-

1811 1202 1981 1248 sertor
2004 1205 2142 1247 esset
2166 1192 2437 1262 Origenes,
2460 1209 2578 1262 qua
2605 1209 2906 1261 corpoream
2937 1212 2966 1249 a
2993 1197 3100 1251 Deo
3137 1196 3328 1250 molem

1811 1293 2068 1352 segregat.
2121 1285 2288 1351 Atque
2331 1297 2393 1336 eo
2427 1283 2630 1338 facilius
2678 1285 2726 1337 id
2767 1285 3042 1352 persuasit,
3086 1285 3224 1352 quod
3263 1285 3329 1337 ad

1810 1387 1922 1438 eos,
1967 1374 2040 1426 uti
2079 1387 2196 1426 mox
2231 1374 2482 1437 dicemus,
2522 1374 2841 1441 confugisset
2883 1372 3138 1438 Isidorus,
3170 1387 3327 1440 quem

1809 1463 2122 1516 acerrimum
2175 1463 2425 1517 doctrina
2472 1463 2624 1530 hujus
2683 1475 2960 1531 patronum
3023 1463 3184 1517 fuisse
3218 1463 3330 1530 jam

1809 1566 1964 1620 supra
2011 1553 2352 1607 ostendimus.
2399 1551 2712 1622 Origenismi
2756 1567 2880 1623 ergo
2922 1561 3324 1620 causam-post-

1809 1657 1964 1711 quam
2009 1644 2168 1698 semel
2223 1643 2442 1698 obduxit
2496 1644 2777 1698 iracundia
2821 1659 2959 1710 sua,
3003 1641 3329 1712 Origenistas

1809 1745 1992 1784 omnes
2032 1732 2276 1786 insectari
2314 1745 2584 1786 necessum
2615 1731 2832 1786 habuit:
2863 1730 3206 1798 quamobrem
3246 1743 3331 1783 re-

1810 1818 1941 1872 ferta
1967 1818 2066 1871 hoc
2094 1817 2361 1872 hominum
2388 1832 2578 1886 genere
2601 1817 2780 1872 Nitriae
2804 1818 3059 1871 asceteria
3087 1831 3331 1885 perscru-

1810 1915 1992 1971 talum,
2017 1922 2118 1960 una
2157 1921 2276 1962 cum
2319 1907 2569 1961 Dioscoro
2606 1906 2929 1978 Origenistas
2963 1920 3147 1961 omnes
3186 1905 3330 1961 illinc

1808 1993 2114 2047 exturbasse
2137 1993 2419 2061 verisimile
2444 2003 2545 2047 est.

1874 2084 1960 2138 Ill.
1992 2082 2235 2147 Scetinis,
2278 2099 2369 2138 seu
2401 2082 2747 2138 Nitrieusibus
2791 2084 3065 2138 monachis
3110 2081 3332 2146 (utrovis

1805 2176 1946 2230 enim
1981 2175 2134 2229 modo
2161 2175 2244 2228 vel
2285 2191 2314 2230 a
2343 2173 2506 2229 Nitria
2540 2184 2731 2238 monte,
2765 2174 2899 2230 vela
2934 2173 3077 2230 Sceti
3116 2177 3330 2245 regiun-

1808 2267 1925 2319 cula
1959 2266 2062 2319 dici
2099 2266 2334 2335 possunt)
2369 2266 2466 2320 alia
2503 2267 2658 2319 etiam
2699 2280 2855 2319 causa
2901 2264 3174 2333 Theophili
3201 2280 3331 2319 con-

1806 2355 2032 2410 sciverat
2058 2356 2255 2409 odium.
2283 2354 2432 2410 Hunc
2460 2358 2594 2410 inter
2633 2364 2685 2411 et
2714 2355 2926 2409 Petrum
2967 2355 3334 2408 Alexandrina

1808 2444 2061 2498 Ecclesia
2091 2444 2600 2513 archipresbyterum
2646 2443 2885 2498 simultas
2935 2443 3330 2497 intercesserat.

1806 2530 1939 2586 Hinc
1984 2531 2210 2586 infensus
2261 2531 2414 2585 Petro
2451 2531 2770 2600 TheOphilus
2830 2531 3108 2586 admissam
3154 2531 3220 2584 ab
3263 2545 3331 2583 eo

1806 2629 2024 2689 questus
2062 2630 2142 2675 est
2177 2622 2240 2674 ad
2271 2621 2638 2690 mysteriorum
2681 2619 3104 2673 communionem
3142 2616 3328 2671 muie-

1805 2723 1916 2763 rem
1942 2710 2220 2777 quamdam
2263 2707 2547 2762 Manichaa
2591 2707 2676 2760 lue
2714 2706 2985 2769 infectam,
3018 2706 3328 2772 priusquam

1805 2796 2042 2848 nuntium
2081 2795 2268 2848 haresi
2307 2794 2609 2849 remisisset.
2650 2792 2863 2846 Factum
2903 2789 3066 2843 fuisse
3096 2788 3145 2840 id
3178 2787 3329 2853 juxta

1805 2882 2053 2937 Ecclesia
2087 2882 2534 2944 consuetudinem,
2555 2891 2608 2935 et
2639 2895 2703 2932 ex
2725 2876 3000 2944 Theophili
3041 2873 3325 2953 sententia,

1804 2971 1992 3027 Petrus
2021 2973 2306 3042 respondit,
2329 2981 2381 3024 et
2411 2971 2709 3025 testimonio
2755 2965 3085 3022 confirmavit
3114 2963 3294 3017 lsidori
3312 3001 3327 3024 ,

1806 3080 1963 3135 supra
1999 3080 2028 3118 a
2059 3064 2208 3118 nobis
2243 3061 2536 3121 memorati,
2577 3060 2672 3112 viri
2705 3058 2900 3128 gravis,
2935 3067 2989 3111 et
3019 3069 3174 3124 quem
3215 3063 3332 3121 post

1806 3155 2034 3210 Nectarii
2093 3153 2291 3206 obitum
2340 3151 2400 3206 ad
2448 3147 3082 3213 Constantinopolitanam
3147 3142 3327 3196 sedem

1806 3245 2028 3301 evehere
2058 3241 2374 3310 Theophilus
2400 3240 2690 3294 studuerat.
2721 3237 2810 3290 llic
2844 3236 3074 3304 graviter
3105 3247 3328 3288 succen-

1806 3351 1926 3391 sens
1972 3345 2254 3401 utrumque
2289 3331 2517 3385 Ecclesia
2557 3328 2772 3397 expulit.
2810 3326 2939 3381 Rem
2981 3326 3050 3378 ita
3093 3339 3121 3377 a
3155 3323 3332 3376 multis

1805 3427 2009 3480 narrari
2059 3424 2219 3478 refert
2267 3423 2591 3476 Sozomenus
2632 3437 2646 3472 :
2693 3427 2748 3471 at
2789 3417 2944 3471 aliter
2978 3429 3005 3467 a
3051 3415 3164 3468 viro
3211 3427 3332 3465 cum

1805 3517 2075 3574 monachis
2114 3514 2216 3568 illis
2256 3511 2556 3566 conversari
2595 3509 2750 3563 solito
2779 3507 3048 3574 accepisse
3085 3519 3142 3559 se
3171 3503 3331 3565 dicit;

1805 3610 1934 3663 duas
1977 3620 2164 3674 nempe
2206 3617 2396 3658 causas
2440 3601 2689 3655 habuisse
2724 3596 3073 3664 Theophilum
3105 3610 3199 3650 cur
3235 3593 3333 3648 lsi-

1805 3701 1988 3754 dorum
2021 3699 2392 3759 insectaretur,
2419 3693 2575 3747 aliam
2602 3689 2801 3745 Isidoro
2831 3699 2885 3742 et
2912 3687 3068 3742 Petro
3094 3699 3332 3740 commu-

1804 3801 1944 3852 nem,
1967 3786 2106 3854 quod
2131 3783 2398 3837 testiﬁcari
2427 3789 2762 3835 recusassent
2784 3777 3060 3845 Theophili
3094 3789 3331 3829 sororem

1805 3851 2252 3930 haredemTuisse
2269 3873 2550 3939 scriptam;
2578 3869 2731 3922 aliam
2759 3867 2962 3922 Isidoro
2985 3865 3328 3931 peculiarem,

1803 3966 1942 4032 quod
1968 3979 2084 4018 cum
2114 3976 2397 4030 pauperum
2427 3968 2633 4028 gereret
2660 3971 2861 4019 curam,
2888 3963 3133 4023 erogatas
3158 3954 3208 4006 in
3238 3967 3338 4006 eos.

1804 4056 2052 4124 pecunias
2073 4051 2363 4119 Theophilo
2391 4051 2442 4102 in
2469 4047 2802 4102 exstruendis
2823 4043 3028 4112 templis
3051 4043 3332 4098 absumere

1805 4145 1994 4198 volenti
2029 4143 2155 4196 dare
2185 4140 2458 4193 renuisset.
2487 4136 2670 4205 Simile
2699 4135 2823 4204 quid
2853 4135 3012 4188 habet
3043 4133 3345 4195 Palladius,

1804 4251 1894 4291 seu
1926 4233 2164 4303 quisquis
2194 4231 2417 4298 scriptor
2442 4236 2524 4282 est
2550 4228 2668 4280 vitae
2695 4223 3080 4293 Chrysostomi,
3118 4237 3237 4276 nam
3267 4223 3333 4275 de

1805 4335 2020 4381 auctore
2049 4339 2150 4377 non
2193 4329 2401 4375 constat
2429 4319 2563 4385 apud
2589 4330 2800 4379 omnes;
2835 4315 2922 4383 qui
2956 4324 3011 4367 et
3038 4314 3138 4366 alia
3170 4313 3331 4366 multa

163 4417 544 4472 communione
588 4411 857 4480 privasse;
894 4412 958 4462 ad
989 4425 1146 4477 quam
1177 4425 1293 4464 cum
1345 4424 1460 4464 sese
1493 4411 1700 4464 admitti
1732 4411 1780 4471 ι)
1805 4407 2072 4478 congerit,
2115 4419 2230 4473 qua
2271 4404 2337 4456 ah
2380 4401 2496 4454 aliis
2549 4399 2813 4468 praterita
2861 4412 2890 4449 a
2932 4397 3087 4450 nobis
3125 4409 3334 4464 quoque

161 4506 359 4564 frustra
409 4511 706 4574 rogarent,
749 4500 1175 4570 Cbrysostomum
1232 4501 1594 4569 interpellasse
1639 4513 1702 4554 ea

159 4600 261 4654 sibi
300 4610 361 4653 ut
416 4595 838 4655 restitueretur;
888 4591 1176 4656 postulasse
1225 4592 1276 4643 id
1340 4606 1368 4643 a
1414 4591 1704 4660 TheOphilo

162 4689 650 4759 Cbrysostomum,
693 4695 791 4735 nec
840 4681 1182 4748 impetrasse,
1248 4695 1442 4748 eosque
1497 4681 1702 4733 tandem

160 4779 443 4848 TheOphili
501 4787 730 4830 censura
781 4771 1035 4824 liberasse
1079 4789 1093 4823 :
1141 4771 1263 4824 hinc
1327 4780 1507 4824 exorta
1568 4772 1705 4824 inter

162 4881 454 4936 utrumque
489 4865 736 4920 dissidia.

229 4960 293 5012 ll.
321 4959 494 5026 Igitur
521 4955 592 5010 ad
622 4955 912 5024 graviorem
943 4952 1213 5017 Dioscoro,
1251 4953 1519 5020 ipsiusque
1548 4952 1706 5007 sociis

163 5049 502 5102 conﬂandam
541 5045 814 5108 invidiam,
841 5043 1092 5110 singulari
1126 5044 1354 5096 versutia
1380 5043 1706 5111 Theophilus

162 5135 600 5206 Origenistarum
656 5149 866 5188 causam
915 5148 1032 5185 cum
1083 5133 1313 5200 ipsorum
1380 5149 1533 5186 causa
1577 5150 1704 5186 con-

162 5225 355 5292 junxit.
382 5226 523 5278 Cum
557 5224 697 5277 enim
719 5222 827 5289 jam
861 5221 1013 5289 vulgo
1051 5222 1186 5273 male.
1210 5221 1390 5274 audire
1421 5233 1708 5276 sectatores

167 5314 418 5387 Origenis
464 5312 821 5380 intelligeret,
869 5311 1292 5378 clarissimosque
1346 5311 1508 5377 partis
1569 5311 1706 5362 illius

169 5415 564 5461 consectaneos
607 5418 633 5453 a
682 5401 1033 5455 Nitricnsibus
1077 5399 1345 5452 monachis
1391 5401 1705 5452 subornatos

170 5497 464 5568 prodiisse,
489 5492 815 5560 Nitriamque
843 5493 1160 5560 pracipuum
1190 5489 1502 5557 Origenismi
1537 5490 1707 5542 domi-

174 5587 353 5640 cilium
385 5581 599 5644 haberi,
640 5597 858 5648 cumque
899 5584 1150 5636 adversus
1189 5595 1280 5633 eos
1317 5581 1383 5633 ab
1420 5580 1724 5646 Epiphanio

177 5683 232 5728 et
281 5673 615 5738 Hieronymo
668 5669 1034 5736 instigaretur;
1086 5685 1186 5724 non
1243 5667 1356 5736 ejus
1414 5670 1714 5724 defensores

1805 4500 2292 4570 pratermittentur.
2337 4491 2658 4545 Gravissima
2686 4503 2812 4542 vero
2848 4488 2936 4542 hic
2974 4495 3056 4541 est
3085 4486 3334 4555 anonymi

1806 4589 2106 4657 cujusdam,
2151 4600 2180 4637 a
2229 4599 2332 4651 quo
2381 4579 2738 4649 Chrysostomi
2813 4577 3008 4644 scripta
3063 4585 3142 4630 est
3193 4577 3332 4636 vita,

1809 4693 1965 4744 quam
2017 4677 2067 4728 in
2115 4683 2356 4728 octavum
2402 4682 2595 4724 tomum
2624 4667 2850 4737 Operam
2896 4667 3060 4736 ipsius
3112 4666 3337 4734 conjecit

1809 4769 2058 4830 Savilius,
2083 4777 2136 4818 et
2163 4763 2424 4818 Simeonis
2449 4758 2816 4824 Metaphrasta
2849 4756 3212 4819 hallucinatio,
3242 4755 3334 4821 qui

1812 4861 2068 4912 Isidorum
2104 4855 2248 4908 illum
2287 4866 2405 4904 eum
2433 4849 2632 4903 Isidoro
2668 4847 2930 4899 Pelusiota
2967 4845 3333 4898 confundunt:

1812 4949 1909 5002 nisi
1955 4947 2087 4999 forte
2128 4943 2355 5011 priorem
2390 4941 2528 4992 hunc
2571 4937 2885 4990 Pelusiotam
2926 4947 3135 5003 quoque
3175 4933 3340 4984 fuisse

1809 5039 1947 5091 dicat
1981 5035 2188 5103 aliquis,
2231 5045 2352 5085 cum
2384 5028 2766 5082 Alexandrinus
2802 5037 2974 5080 tamen
3006 5023 3161 5089 vulgo
3192 5022 3339 5073 dica-

1811 5138 1911 5178 tur.
1964 5123 2064 5178 Sed
2125 5125 2472 5177 Sozomenum
2516 5120 2694 5172 audire
2739 5129 3036 5186 pergamus.
3075 5108 3340 5176 Expulsus

1811 5219 2040 5271 Isidorus
2075 5214 2252 5268 Scetin
2279 5211 2410 5279 apud
2444 5211 2730 5263 monachos
2763 5203 3038 5262 concessit.
3062 5198 3186 5250 Adit
3210 5212 3340 5249 con-

1809 5312 1952 5364 t-inuo
1973 5307 2315 5376 Theophilum
2343 5303 2666 5362 Ammonius,
2694 5297 3021 5367 postulatque
3041 5295 3098 5338 ut
3121 5287 3344 5376 inieom-

1808 5374 2398 5454 munionemvlsidorum
2431 5394 2712 5447 admittat:
2747 5385 3124 5451 tergiversante
3158 5374 3347 5425 Theo-

1809 5489 1951 5558 philo
1982 5488 2207 5542 instabat
2244 5486 2571 5545 Ammonius,
2611 5490 2663 5533 et
2693 5489 2820 5544 quos
2856 5469 2954 5524 sibi
2999 5462 3206 5558 itineris
3239 5475 3339 5515 50-

1809 5552 1917 5632 cios
1947 5577 2289 5645 adiunxerat;
2328 5577 2454 5630 adeo
2483 5585 2538 5627 ut
2576 5555 3068 5639 perterrefaciendis
3100 5552 3240 5645 aliis,
3291 5562 3356 5607 et

1813 5686 1841 5722 a
1871 5686 1925 5724 se
1964 5671 2262 5724 arnovcndis
2296 5683 2452 5721 unum
2494 5678 2554 5718 ex
2594 5659 2717 5727 ipsis
2758 5657 2805 5705 in
2837 5657 3106 5704 carcerem
3151 5639 3337 5708 detru.

3822 1097 3823 1126 1

3821 1187 3823 1244 1

3822 1397 3823 1426 1

3822 1431 3823 1494 1

3822 1575 3823 1618 1
