3920 6478
451 415 588 469 1145

447 527 573 581 serit
597 510 1102 585 TheOphilus.lllum
1134 505 1323 575 reliqui
1349 466 1610 559 subsecuti
1644 504 1697 556 in
1723 505 1962 556 eamdem
1992 504 2039 559 Α

450 611 736 669 custodiam
772 603 956 658 t‘raude
983 599 1204 670 ingressi
1249 610 1366 651 sese
1390 604 1575 664 sponte
1618 593 1963 655 incluserunt,

448 701 583 770 quod
633 698 908 750 universos
966 690 1273 745 dimisisset.
1312 686 1469 752 Cujus
1514 685 1591 738 rei
1631 693 1773 737 tanta
1830 684 1967 750 apud

446 804 565 843 eum
598 786 694 839 l'uit
737 782 1040 852 indignatio,
1080 787 1139 833 ut
1166 793 1284 834 cum
1317 790 1423 845 prae
1467 775 1642 842 quiete
1680 780 1733 828 et
1781 786 1967 827 monao

448 881 591 933 sticae
617 878 734 930 vitae
771 873 957 929 studiis
983 871 1186 939 reliqua
1211 869 1385 923 omnia
1411 880 1502 919 eos
1528 872 1839 932 postputare
1868 861 1965 914 sci-

448 975 550 1027 ret,
582 964 666 1022 his
692 964 836 1030 ipsos
862 959 1241 1021 intercluserit,
1268 955 1542 1010 concitatis
1571 952 1790 1007 subdole
1818 951 1970 1004 dissi-

446 1055 578 1115 diis,
627 1054 830 1106 turbata
874 1064 1033 1119 pace,
1079 1059 1131 1103 et
1164 1045 1499 1100 monasteriis
1546 1045 1666 1112 igne
1725 1040 1970 1109 ferroque

448 1141 681 1194 vastatis.
707 1139 863 1192 Addit
890 1137 1151 1191 Palladius
1183 1135 1361 1189 oranti
1394 1133 1666 1186 Ammonio
1706 1140 1759 1185 et
1784 1130 1969 1185 lsidori

448 1239 620 1296 partes
663 1230 836 1297 agenti
887 1226 1114 1280 ferreum
1161 1234 1399 1293 torquem
1465 1221 1690 1291 propriis
1733 1219 1972 1273 manibus

450 1317 690 1383 injecisse
743 1316 1113 1381 Theophilum,
1168 1313 1359 1382 pugnis
1409 1311 1647 1365 maxillas
1692 1319 1745 1365 et
1792 1308 1972 1364 oculos

441 1409 767 1470 .contudisse,
795 1408 893 1460 hac
924 1406 1125 1473 ingesta
1160 1412 1214 1457 et
1247 1402 1464 1470 repetita
1490 1416 1658 1455 voce:
1693 1400 1968 1463 eretice,

448 1498 823 1552 annthematiza
868 1494 1157 1563 Origenem.
1197 1490 1328 1546 Utut
1357 1499 1475 1554 est,
1523 1498 1729 1544 constat
1766 1489 1971 1556 episco-

449 1600 632 1654 porum
679 1584 933 1653 synodum
973 1580 1301 1634 Alexandriae
1343 1579 1579 1647 coegisse
1624 1577 1972 1646 Theophilum

447 1688 585 1727 anno
613 1673 807 1727 Christi
835 1671 957 1735 399,
983 1672 1364 1735 damnatosque
1388 1682 1494 1722 uno
1522 1683 1616 1722 ore
1642 1667 1974 1736 Origenistas

449 1780 479 1815 e
509 1762 687 1815 Nitriae
719 1769 913 1820 monte,
942 1768 998 1811 ut
1043 1772 1200 1824 supra
1234 1767 1505 1811 narratum
1551 1766 1649 1819 est,
1693 1757 1969 1825 exegisse:

450 1854 730 1906 accedente
758 1849 1128 1917 imperatorum
1167 1846 1508 1910 auctoritate,
1535 1844 1623 1913 qui
1653 1859 1719 1898 ex
1746 1843 1975 1912 Egypto

451 1950 507 1994 ut
545 1939 859 2009 pellerentur
912 1935 1120 2003 scriptis
1177 1935 1313 1988 datis
1365 1934 1650 2001 jusserant.
1698 1933 1978 2003 Synodica:

449 2030 600 2096 huius
641 2027 846 2082 concilii
891 2026 1125 2093 epistolae
1170 2026 1456 2092 fragmenta
1490 2023 1724 2089 quaedam
1759 2025 1810 2076 in
1859 2024 1979 2092 Epi-

448 2121 579 2174 stula
607 2120 671 2173 ad
702 2118 904 2171 Menam
938 2115 1266 2170 Justinianus
1307 2115 1552 2167 servavit.
1598 2114 1869 2182 Adjiciunt
1913 2117 1978 2168 ad

449 2210 717 2277 superiora
753 2207 1008 2274 Georgius
1046 2204 1447 2265 Alexandrinus,
1473 2212 1525 2256 et
1562 2201 1776 2255 Sitneon
1820 2202 1981 2255 Meta-

449 2300 709 2367 phrastes,
753 2296 942 2349 ﬁnibus
998 2296 1106 2349 suis
1149 2300 1391 2346 extorres
1426 2291 1713 2344 monachos
1757 2290 1982 2343 Alexan-

450 2391 617 2443 driam
668 2388 968 2456 pervenisse
994 2426 1011 2451 ,
1054 2394 1105 2438 et
1142 2383 1424 2437 miserabili
1463 2397 1646 2435 eorum
1695 2381 1875 2435 habitu
1910 2384 1981 2435 ita

449 2487 764 2533 cmnmotam
805 2477 964 2529 fuisse
1010 2476 1234 2543 plebem,
1283 2481 1341 2524 ut
1376 2471 1724 2539 TbeOphilum
1769 2470 1981 2523 latitan-

451 2580 555 2625 tem
589 2570 653 2621 ad
696 2582 874 2622 necem
898 2568 1221 2633 deposceret,
1252 2565 1443 2630 vixque
1472 2561 1713 2628 praesidis
1740 2562 1984 2614 adhorta-

452 2662 681 2714 tionibus
722 2659 1014 2712 sedaretur.
1049 2654 1282 2723 Digressi
1308 2668 1371 2705 ex
1416 2650 1647 2720 IEgypto
1677 2648 1984 2717 Origenista:

448 2749 829 2817 Jerosolymam
860 2748 926 2799 ad
968 2744 1221 2800 Joannem
1276 2744 1421 2795 urbis
1465 2742 1758 2794 antistitem
1797 2738 1982 2792 confu-

451 2843 619 2909 giunt,
647 2854 801 2907 quem
838 2845 992 2890 antea
1023 2835 1262 2904 partibus
1294 2835 1404 2886 suis
1436 2831 1697 2885 faventem
1729 2844 1985 2899 cognove-

455 2942 595 2984 rant.
630 2930 920 2999 Sylvanum
952 2941 1070 2979 eum
1105 2938 1377 2992 perperam
1420 2920 1685 2988 appellant
1728 2918 1986 2987 Georgius

452 3021 839 3077 Alexandrinus
865 3019 916 3070 in
955 3015 1078 3068 Vita
1107 3012 1470 3082 Chrysostomi,
1498 3026 1619 3079 cap.
1643 3009 1730 3075 38,
1766 3018 1821 3062 et
1854 3010 1987 3062 alter

1668 386 1727 441 Ρ.
1766 384 2075 443 DANIELIS
2110 377 2341 437 HUETll

3660 343 3817 398 UH

2062 513 2166 567 que
2204 492 2496 549 erroribus
2545 476 2905 540 scaterent',
2946 469 3193 541 penitus
3218 461 3825 567 essereapuendos;

2064 549 2249 640 contra
2301 575 2670 649 pertendisse
2704 562 3093 624 monachos,
3142 552 3454 625 quidquid
3507 549 3708 602 inerat
3742 561 3831 602 er-

2066 689 2268 735 rorum,
2302 671 2374 724 ab
2422 661 2729 721 haereticis
2773 658 2972 711 fuisse
3010 653 3393 735 insertum;
3425 657 3549 695 nec
3598 651 3829 735 propter

2063 781 2125 820 ea
2156 776 2276 831 quae
2304 761 2363 814 in
2399 751 2944 822 reprehensionem
2981 743 3210 798 merito
3244 734 3581 797 venirent,
3614 730 3827 799 reliqua

2065 830 2185 909 esse
2227 849 2591 906 damnanda-
2633 846 2784 900 Hinc
2840 850 3053 896 ortam
3114 830 3561 889 seditionem;
3606 838 3682 876 ex
3725 837 3831 888 quo

2067 941 2469 998 contentiosum
2516 949 2577 992 et
2626 948 2867 1005 pugnax
2924 924 3427 983 cervicosorum
3462 912 3829 981 Origenista-

2069 1046 2187 1085 rum
2220 1029 2511 1098 ingenium
2566 1039 2826 1095 arguas;
2881 1018 2995 1089 qui
3044 1028 3191 1069 cum
3256 1008 3706 1098 episcoporum
3746 1019 3838 1056 an.

2070 1123 2320 1174 ctoritate
2356 1117 2590 1186 reprimi
2641 1092 2765 1171 non
2805 1114 3105 1181 possent,
3143 1098 3618 1155 assumendum
3672 1092 3840 1186 fuisse

2070 1183 2514 1274 praefectum—ab
2549 1219 2739 1273 eoque
2772 1203 2835 1256 in
2876 1201 3102 1268 lugam
3143 1189 3489 1259 coniectos
3532 1183 3839 1274 monachos

2070 1273 2147 1354 ita
2177 1299 2458 1367 dispersos
2489 1309 2639 1360 esse,
2671 1302 2736 1347 ut
2780 1286 3144 1361 propositis
3190 1278 3439 1336 edictis
3474 1273 3697 1329 nullibi
3726 1286 3843 1367 con-

2071 1366 2277 1444 sistere,
2306 1389 2654 1441 sinerentur.
2682 1383 2870 1438 Addit
2901 1386 3140 1448 postea
3173 1390 3193 1426 :
3238 1389 3266 1425 ι
3307 1368 3443 1425 Sed
3506 1378 3704 1420 tamen
3739 1366 3843 1419 sive

2073 1479 2205 1532 illud
2234 1493 2392 1532 error
2424 1487 2533 1539 est,
2562 1484 2625 1531 ut
2655 1488 2765 1543 ego
2810 1469 3073 1530 sentio;
3124 1465 3271 1519 sive
3322 1458 3625 1519 haeresis,
3661 1466 3719 1507 ut
3752 1470 3839 1521 pu-

2075 1579 2241 1631 tatur,
2267 1582 2376 1621 non
2406 1566 2587 1621 solum
2625 1561 2872 1631 reprimi
2917 1574 3052 1613 non
3092 1555 3322 1625 potuit
3350 1549 3578 1607 multis
3612 1547 3845 1602 animad-

2073 1658 2421 1713 versionibus
2469 1654 2877 1717 sacerdotum,
2936 1651 3057 1706 sed
3112 1657 3550 1716 nequaquam
3589 1650 3706 1693 tam
3749 1639 3844 1692 late

2075 1765 2133 1804 se
2165 1747 2433 1816 potuisset
2463 1744 2783 1808 eﬂundere,
2827 1741 2951 1796 nisi
2990 1737 3457 1793 contentione
3501 1732 3837 1788 crevisset.»

2078 1838 2320 1906 Denique
2360 1850 2464 1890 nec
2510 1835 2933 1903 episcoporum
2988 1827 3481 1892 severitatem,
3518 1837 3631 1877 nec
3673 1837 3844 1875 mona-

2076 1928 2303 1980 chorum
2339 1922 2790 1993 perduellionem
2831 1920 3133 1989 probare
3164 1930 3250 1971 se
3293 1914 3484 1968 dicit.
3523 1912 3694 1979 Quod
3723 1911 3839 1965 mihi

2076 2031 2208 2071 sane
2246 2016 2403 2068 valde
2440 2014 2716 2083 probatur
2762 2010 3141 2079 judicium;
3206 2023 3371 2061 nam
3433 2006 3625 2060 nimis
3677 2018 3845 2058 serere

2077 2104 2130 2157 in
2160 2101 2504 2172 Origenistas
2536 2117 2565 2153 a
2596 2098 2937 2169 TheOphilo
2974 2096 3393 2153 consultum
3429 2102 3574 2161 est;
3614 2093 3710 2149 sed
3739 2108 3848 2164 gra-

2078 2193 2195 2246 vius
2250 2201 2432 2244 tamen
2492 2202 2771 2259 peccasse
2816 2188 3145 2244 videntur
3210 2186 3536 2241 monachi
3583 2200 3616 2239 a
3670 2185 3848 2253 quibus

2082 2292 2189 2335 tam
2236 2281 2525 2350 praefracte
2556 2282 2996 2349 episcoporum
3043 2278 3454 2333 auctoritas
3508 2276 3849 2347 pessumdata

2079 2381 2182 2426 est.

2149 2463 2214 2517 γ.
2247 2463 2602 2518 Anastasium
2640 2463 2880 2518 interim
2944 2477 3330 2516 summum
3387 2462 3726 2529 pontiﬁcem
3768 2478 3850 2531 per

2080 2553 2397 2623 synodicam
2468 2553 2768 2622 epistolam
2840 2554 2938 2607 rei
3015 2564 3258 2623 gestae
3345 2556 3675 2610 certiorem
3739 2557 3849 2610 fecit

2082 2642 2435 2712 Theophilus,
2484 2658 2551 2697 ac
2600 2643 2745 2698 alios
2781 2644 2939 2696 item
2996 2644 3423 2713 episcopos,
3478 2647 3595 2713 sed
3638 2645 3849 2714 Epipha-

2084 2732 2229 2785 nium
2269 2733 2644 2801 potissimum,
2672 2735 2746 2787 ad
2774 2748 2975 2801 quem
3017 2736 3333 2803 scripsit
3367 2737 3433 2790 in
3478 2751 3616 2790 eam
3651 2748 3848 2792 senten—

2086 2823 2247 2886 tiam,
2295 2838 2354 2877 se
2397 2822 2661 2889 Origenis
2701 2823 3008 2877 colubros
3060 2828 3483 2896 evangelica
3528 2842 3670 2882 ense
3716 2837 3846 2881 trun-

2084 2926 2253 2977 casse,
2277 2922 2331 2966 et
2358 2912 2657 2968 fecundum
2686 2913 2901 2969 Nitriae
2938 2918 3465 2973 monachorum
3507 2936 3715 2988 agmen
3741 2936 3846 2973 con-

2087 3003 2299 3071 tagione
2330 3001 2593 3068 pestifera
2642 3002 2983 3068 liberasse;
3034 3005 3190 3071 iam
3263 3022 3431 3061 vero
3465 3023 3606 3062 esse
3646 3022 3847 3076 operum

452 3122 742 3179 anonymus
787 3108 1011 3175 scriptor
1053 3105 1182 3158 Vita:
1224 3102 1604 3171 Chrysostomi,
1648 3115 1765 3170 cap.
1803 3100 1890 3164 89,
1933 3108 1985 3154 et

2296 3088 2590 3189 Epiphanii,
2618 3090 2892 3189 Cyprios.
2920 3094 3319 3163 episcopos
3379 3111 3768 3167 congregare,
3800 3107 3844 3149 et

454 3202 665 3257 Siuteon
725 3201 1104 3267 Metnphrastes
1152 3198 1204 3249 in
1266 3194 1381 3261 Vita
1439 3191 1813 3260 Chrysostomi.
1851 3189 1983 3243 Nam

452 3306 589 3343 anno
613 3288 734 3353 586,
779 3289 830 3341 in
872 3287 1318 3355 Jerosolymitano
1350 3285 1538 3336 throno
1584 3282 1783 3335 sedisse
1823 3280 1985 3335 Joan-

456 3395 596 3445 nem,
632 3380 827 3432 obiisse
861 3393 987 3431 vero
1014 3393 1153 3430 anno
1175 3377 1297 3436 416,
1328 3375 1654 3426 demonstrat
1687 3372 1984 3426 Baronitts:

452 3466 831 3534 Jerosolymam
862 3474 1037 3519 autem
1071 3480 1210 3518 anno
1249 3462 1349 3517 399
1391 3461 1725 3529 Origenistze,
1760 3471 1816 3515 ut
1851 3462 1983 3527 dixi,

453 3558 824 3624 con-fugerunt.
883 3556 1166 3609 Submissis
1231 3553 1478 3607 continuo
1541 3552 1590 3603 in
1654 3551 1988 3605 Palaestinam

456 3644 642 3710 legatis
688 3645 868 3698 Prisco
914 3654 967 3697 et
1012 3644 1246 3706 Enhulo,
1293 3640 1615 3707 Jerosolyma
1679 3656 1888 3709 quoque
1936 3651 1990 3696 et

459 3734 709 3802 proximis
742 3733 867 3787 locis
907 3747 997 3785 eos
1040 3731 1229 3798 expelli
1275 3738 1425 3783 curat
1468 3728 1811 3795 TheOphilus,
1865 3746 1989 3785 nus-

457 3838 613 3889 quam
643 3831 964 3890 repugnante
1006 3819 1224 3873 Joanne.
1264 3818 1459 3871 llorum
1493 3818 1853 3885 conjecturam
1898 3834 1989 3874 ca-

458 3911 628 3978 pimus
665 3924 728 3963 ex
763 3908 980 3976 epistola
1008 3908 1076 3960 70
1115 3897 1440 3973 Hieronymi.
1468 3903 1828 3973 Scylhopolim
1868 3906 1988 3962 Ori-

459 4002 676 4063 genistae
721 4013 937 4052 numero
985 3998 1193 4051 circiter
1235 3994 1495 4063 octoginta
1555 3995 1884 4062 perveniunt.
1933 3997 1985 4050 In

459 4092 541 4143 his
586 4090 888 4151 Dioscorus,
935 4086 1264 4148 Ammonius,
1314 4083 1601 4151 Eusebius,
1649 4082 1984 4153 Euthymius,

458 4180 668 4242 llierax,
694 4178 857 4233 lsaaci
891 4179 1010 4240 duo,
1038 4187 1087 4230 et
1116 4175 1366 4229 Isidorus.
1402 4175 1470 4227 At
1503 4188 1622 4228 cum
1648 4173 1713 4227 ad
1760 4176 1989 4244 impera.

460 4279 622 4321 torem
665 4268 941 4321 Arcadium
985 4276 1038 4321 et
1077 4265 1528 4332 archiepiscopum
1588 4261 1845 4317 Joannem
1895 4265 1985 4319 de-

460 4356 621 4409 lectos
668 4371 699 4409 e
757 4356 928 4409 Nitria
985 4355 1299 4417 monachos,
1346 4351 1664 4419 Origenistis
1716 4351 1983 4415 infensos,

2084 3180 2213 3232 dare
2259 3180 2567 3245 negotium,
2617 3189 2680 3232 ut
2727 3197 2747 3230 ι
2785 3181 3129 3251 Origenes
3202 3189 3628 3251 nominatim,
3668 3197 3723 3242 et
3769 3201 3846 3240 ne-

2088 3272 2214 3325 faria
2260 3272 2485 3325 ltmresis
2536 3274 3049 3341 condemnetur;
3088 3297 3117 3330 ι
3202 3283 3460 3338 deinde
3516 3299 3659 3339 vero
3707 3299 3847 3353 syno-

2087 3360 2231 3415 dicas
2268 3360 2527 3425 epistolas
2574 3361 2645 3414 ad
2684 3378 2786 3428 se,
2844 3373 2911 3418 et
2970 3368 3060 3421 ad
3132 3369 3484 3427 Joannem
3533 3373 3849 3442 Cltrysosto-

2086 3465 2253 3512 mum,
2289 3449 2531 3516 aliosque
2565 3451 2892 3521 episcopos
2963 3458 3320 3529 mittere;
3369 3463 3572 3519 fuisse
3606 3466 3851 3535 perlatum

2087 3540 2150 3591 ad
2201 3552 2257 3592 se
2306 3535 2653 3606 Origenistas
2708 3556 2785 3595 ex
2831 3543 3142 3617 Egypto
3211 3554 3521 3623 deiectos
3589 3557 3857 3625 navigasse

2086 3628 2644 3697 Constantinopolim;
2689 3646 2872 3689 curet
2914 3638 3145 3707 igitur
3186 3654 3276 3699 ut
3311 3647 3603 3712 Isauriae,
3630 3659 3688 3703 et
3726 3649 3859 3703 Pam-

2087 3718 2283 3786 philiaa,
2304 3718 2731 3791 vicinarumque
2761 3730 3296 3792 provinciarum
3336 3741 3656 3796 antistites
3683 3753 3858 3809 operas

2087 3822 2209 3862 suas
2234 3809 2299 3861 ad
2344 3811 2780 3878 exstirpandum
2816 3815 3358 3888 Origenismum
3411 3833 3745 3895 conferant,
3785 3832 3854 3885 vi-

2088 3898 2460 3993 rum-aliquem
2508 3900 2866 3960 industrium
2909 3910 3598 3993 Constantinopolim
3657 3925 3851 3981 mittat,

2087 3987 2175 4053 qui
2221 3986 2347 4039 illuc
2390 4002 2511 4054 quae
2557 4000 2719 4058 gesta
2786 4006 2938 4051 sunt
3008 4004 3345 4076 referat;
3401 3986 3708 4069 summam
3753 4026 3853 4067 ease

2088 4078 2229 4170 apud
2266 4091 2457 4170 omnes
2508 4079 2565 4130 in
2615 4080 2878 4151 ZEgypto
2938 4090 3030 4144 ob
3102 4098 3551 4170 proﬂigatam
3620 4104 3853 4157 haeresim

2088 4166 2347 4220 laetitiam.
2399 4167 2590 4225 Notari
2637 4173 2834 4229 obiter
2893 4181 3110 4238 velim
3157 4166 3555 4253 jocularem
3610 4195 3858 4252 Cuidonis

2086 4258 2386 4358 Car-melius
2433 4276 2722 4358 errorem,
2774 4272 2878 4336 qui
2940 4273 3339 4349 Theophili
3402 4291 3625 4353 verba,
3681 4290 3858 4358 quibus

2086 4347 2333 4415 Origenis
2395 4351 2663 4408 colubros
2728 4372 2793 4411 se
2852 4347 3279 4436 evangelico
3337 4392 3504 4434 ense
3587 4347 3855 4435 truncasse

458 4442 694 4541 aliosque
743 4443 1259 4541 Constantinopolim
1318 4441 1573 4541 allegasse
1635 4440 1982 4541 Theophilum
2020 4448 2062 4502 υ
2091 4439 2629 4541 apudEpipha‘ni’um
2658 4447 2956 4515 iactabat,
2998 4472 3389 4531 perperam
3434 4472 3850 4541 ίιιιει-ρι-εωιυς,

413 4594 416 4598 ,
461 4534 804 4599 accepissent,
832 4534 920 4601 qui
949 4549 1043 4602 pro
1063 4549 1119 4587 se
1146 4546 1359 4587 causam
1384 4531 1642 4592 dicerent,
1667 4530 1849 4583 eodem
1888 4532 1984 4597 ipsi

461 4619 527 4671 ad
555 4620 824 4674 diluendas
860 4622 1133 4684 Theophili
1180 4622 1581 4685 accusationes,
1625 4633 1853 4687 suasque
1902 4635 1987 4674 res

461 4712 818 4778 procurandas
854 4712 1072 4777 profecti
1099 4725 1240 4765 sunt.

530 4794 617 4851 IV.
661 4795 758 4849 Per
785 4796 920 4850 idem
955 4808 1159 4866 tempus
1186 4815 1291 4868 quo
1319 4800 1431 4854 haec
1459 4800 1750 4867 agebantur
1782 4799 1986 4854 delatus

461 4898 543 4943 eat
570 4888 620 4941 in
658 4899 751 4939 eas
781 4899 903 4939 oras
936 4902 965 4940 a
993 4889 1158 4941 Gallia
1195 4889 1622 4945 Posthumianus.
1668 4890 1861 4944 Narrat
1901 4892 1987 4944 ille

463 4975 600 5046 apud
637 4974 927 5043 Sulpicium
975 4975 1221 5032 Severum
1261 4982 1305 5013 ιο
1336 4981 1501 5035 [tedas
1536 4982 1811 5048 episcopos
1850 4981 1988 5033 inter

460 5078 515 5123 et
559 5066 846 5122 monachos
890 5069 1315 5123 concertationes
1362 5071 1762 5135 intercessisse,
1817 5087 1835 5119 ι
1865 5070 1987 5136 quia

461 5156 762 5227 congregati
795 5155 844 5207 in
878 5170 1037 5207 unum
1065 5158 1253 5224 saepius
1294 5160 1595 5214 sacerdotes
1624 5158 1987 5228 frequentibus

462 5247 763 5300 decrevisse
803 5243 1017 5313 synodis
1045 5243 1378 5309 videbantur,
1404 5262 1470 5300 ne
1498 5249 1617 5316 quis
1647 5248 1893 5317 Origenis
1923 5248 1989 5301 ιί..

462 5336 587 5391 bros
631 5336 831 5403 legeret
874 5344 964 5389 aut
1015 5333 1255 5398 haberet,
1297 5338 1386 5401 qui
1436 5348 1689 5393 tractator
1719 5351 1987 5391 sacrarum

465 5420 856 5491 Scripturarum
901 5419 1251 5491 peritissimus
1290 5419 1621 5490 habebatur;
1648 5445 1667 5477 ι
1719 5424 1988 5478 censuisse

464 5511 755 5578 episcopos,
790 5510 952 5566 libros
1001 5508 1262 5579 Origenis,
1296 5510 1433 5574 quod
1470 5514 1668 5578 sparsis
1705 5514 1808 5566 huc
1843 5511 1991 5565 illuc-

536 5624 581 5701 ’.Ἰ
615 5623 815 5701 Sulpic-
850 5620 1206 5701 Sever.‘0iat.
1251 5637 1435 5691 μαψ,
1466 5624 1517 5679 δ,
1595 5627 1635 5658 ,ι

474 5687 516 5721 ³³⁸
546 5687 863 5755 Εκυά.’κνιι.
896 5695 979 5750 ll.

1678 5624 1830 5678 Guitl.
1866 5625 1917 5677 in
1954 5626 2178 5686 Summa
2207 5640 2274 5694 de
2308 5642 2509 5706 htcres.
2539 5653 2596 5710 in
2650 5658 2796 5722 hmr.
2839 5663 3069 5737 Origen.

2092 4536 2337 4630 questum
2363 4527 2424 4630 id
2460 4528 2641 4587 fuisse
2673 4537 2919 4604 Scripsit
2961 4527 3475 4625 Theophilum,
3513 4527 3679 4630 quod
3712 4574 3853 4615 mem-

2093 4617 2188 4707 bra
2218 4617 2323 4670 sibi
2362 4617 2509 4673 ferro
2543 4631 2890 4682 truncarent
2917 4599 3495 4707 Origevrs'is-t'z-c-iu’t

2094 4706 2326 4813 hurnilps
2352 4716 2406 4761 et
2437 4709 2795 4813 religiOS-l'i.
2830 4718 2966 4776 Mox
3020 4691 3856 4813 1.12533};st

2091 4797 3077 4905 epistola":{negenitnEpiphanius,
3122 4797 3215 4881 at]
3258 4797 3724 4905 ιιίει-οηγιιξιῖιέι
3748 4797 3860 4891 ὶοιμ

2094 4893 2241 4993 ξῖἔῗῧῗῗ
2289 4893 2883 4993 ῗὶΨ.¹⁸¹⁸;-³¹¹³¹¹1ί¹Ρ¹θ
2915 4908 3179 4976 adiecit
3234 4920 3324 4974 de
3368 4939 3519 4992 suo,
3556 4928 3616 4981 in
3658 4944 3765 4993 qua
3802 4928 3860 4981 sic

2089 4972 2237 5083 illum
2292 4975 2493 5083 ali'atur
2512 4982 2611 5036 “z
2654 5003 2675 5035 ι
2723 4988 2932 5059 Scito,
2999 4998 3093 5054 [ili
3157 4972 3616 5083 charissivtne:
3657 4972 3856 5074 Eni-al;

2092 5066 2624 5177 usquead-stirpem
2667 5091 2800 5133 esse
2830 5083 3144 5159 deletum,
3188 5110 3261 5153 et
3296 5103 3368 5157 in
3424 5118 3644 5165 monte
3679 5110 3855 5177 Raphi-

2092 5154 2201 5273 dpu
2267 5168 2522 5273 circe-turn
2579 5175 2864 5239 trepmum
2914 5185 3171 5244 crucis.
3251 5154 3853 5273 Etenimmq'uo‘modo

2094 5254 2365 5350 porr-ecus
2385 5254 2444 5305 in
2471 5254 2659 5313 altum
2688 5262 2872 5338 Moysi
2899 5274 3231 5347 manibus,
3258 5254 3577 5347 vincebat
3607 5254 3845 5350 lsra‘el'”.

2095 5338 2501 5456 lsi'ano-nnnus
2533 5354 2894 5456 confertam—it
2947 5363 3274 5431 fantulum
3328 5395 3527 5439 suum
3586 5388 3850 5456 Theophi-

2095 5423 2231 5534 lum,
2274 5442 2336 5486 ut
2368 5448 2546 5507 super
2581 5445 2773 5507 altare
2825 5454 3110 5513 Ecclesiae
3163 5423 3849 5534 Aleeriiginazuc‘oiilr'a

2099 5517 2401 5591 ungenem
2459 5536 2747 5601 venum“
2806 5559 3088 5618 Ροηετθῑν
3138 5566 3210 5612 et
3273 5517 3851 5635 impIZl-ZLEE

3163 5675 3217 5709 ”
3254 5675 3533 5738 Hieron.
3566 5686 3739 5756 epist.
3773 5685 3847 5740 73.
