  <div class='ocr_page' id='page_1' title='image "/cluster/home/n/w/nwhite01/storage/ocr_20150623/17 (Origenes, pt. 7)/nyp.33433081862348/596.png"; bbox 0 0 3920 6468; ppageno 0'>
   <div class='ocr_carea' id='block_1_1' title="bbox 181 345 319 402">
    <p class='ocr_par' dir='ltr' id='par_1_1' title="bbox 181 345 319 402">
     <span class='ocr_line' id='line_1_1' title="bbox 181 345 319 402; baseline 0.029 -4"><span class='ocrx_word' id='word_1_1' title='bbox 181 345 319 402; x_wconf 76' lang='grc'><strong>1145</strong></span> 
     </span>
    </p>
   </div>
   <div class='ocr_carea' id='block_1_2' title="bbox 1036 339 2544 421">
    <p class='ocr_par' dir='ltr' id='par_1_2' title="bbox 1036 339 2544 421">
     <span class='ocr_line' id='line_1_2' title="bbox 1036 339 2544 421; baseline 0.001 -16"><span class='ocrx_word' id='word_1_2' title='bbox 1036 339 1596 405; x_wconf 69' lang='lat' dir='ltr'><strong>ORIGENIANORUM</strong></span> <span class='ocrx_word' id='word_1_3' title='bbox 1635 350 1759 405; x_wconf 80' lang='lat' dir='ltr'><strong>LIB.</strong></span> <span class='ocrx_word' id='word_1_4' title='bbox 1800 352 1863 417; x_wconf 87' lang='grc'><strong>11,</strong></span> <span class='ocrx_word' id='word_1_5' title='bbox 1903 353 2052 408; x_wconf 79' lang='lat' dir='ltr'><strong>CAP.</strong></span> <span class='ocrx_word' id='word_1_6' title='bbox 2090 352 2178 421; x_wconf 83' lang='lat' dir='ltr'><strong>IV,</strong></span> <span class='ocrx_word' id='word_1_7' title='bbox 2217 353 2404 408; x_wconf 85' lang='lat' dir='ltr'><strong>SECT.</strong></span> <span class='ocrx_word' id='word_1_8' title='bbox 2443 355 2506 406; x_wconf 87' lang='lat' dir='ltr'><strong>ll.</strong></span> <span class='ocrx_word' id='word_1_9' title='bbox 2542 361 2544 366; x_wconf 85' lang='lat'>&#39;</span> 
     </span>
    </p>
   </div>
   <div class='ocr_carea' id='block_1_3' title="bbox 3215 351 3349 406">
    <p class='ocr_par' dir='ltr' id='par_1_3' title="bbox 3215 351 3349 406">
     <span class='ocr_line' id='line_1_3' title="bbox 3215 351 3349 406; baseline 0.015 -3"><span class='ocrx_word' id='word_1_10' title='bbox 3215 351 3349 406; x_wconf 71' lang='grc'><strong>1146</strong></span> 
     </span>
    </p>
   </div>
   <div class='ocr_carea' id='block_1_4' title="bbox 177 456 3344 544">
    <p class='ocr_par' dir='ltr' id='par_1_4' title="bbox 177 456 3344 544">
     <span class='ocr_line' id='line_1_4' title="bbox 177 456 3344 544; baseline 0.002 -37"><span class='ocrx_word' id='word_1_11' title='bbox 177 457 321 521; x_wconf 85' lang='lat' dir='ltr'><strong>quod</strong></span> <span class='ocrx_word' id='word_1_12' title='bbox 370 456 571 544; x_wconf 76' lang='lat' dir='ltr'><strong>dicitur</strong></span> <span class='ocrx_word' id='word_1_13' title='bbox 605 459 652 520; x_wconf 60' lang='grc' dir='ltr'><strong>εδ</strong></span> <span class='ocrx_word' id='word_1_14' title='bbox 691 476 706 512; x_wconf 89' lang='lat'><strong>:</strong></span> <span class='ocrx_word' id='word_1_15' title='bbox 751 459 926 516; x_wconf 78' lang='lat' dir='ltr'><strong>Scribe</strong></span> <span class='ocrx_word' id='word_1_16' title='bbox 973 462 1170 530; x_wconf 80' lang='lat' dir='ltr'><strong>signum</strong></span> <span class='ocrx_word' id='word_1_17' title='bbox 1211 478 1320 526; x_wconf 87' lang='lat' dir='ltr'><strong>noc,</strong></span> <span class='ocrx_word' id='word_1_18' title='bbox 1370 473 1493 528; x_wconf 72' lang='lat' dir='ltr'><strong>quia</strong></span> <span class='ocrx_word' id='word_1_19' title='bbox 1546 462 1718 516; x_wconf 79' lang='lat' dir='ltr'><strong><em>delebo</em></strong></span> <span class='ocrx_word' id='word_1_20' title='bbox 1746 467 1792 522; x_wconf 72' lang='grc' dir='ltr'><strong>Α</strong></span> <span class='ocrx_word' id='word_1_21' title='bbox 1817 462 1996 516; x_wconf 81' lang='lat' dir='ltr'><strong>Nitriae</strong></span> <span class='ocrx_word' id='word_1_22' title='bbox 2036 463 2273 544; x_wconf 74' lang='lat' dir='ltr'><strong>rediisse.</strong></span> <span class='ocrx_word' id='word_1_23' title='bbox 2317 459 2620 518; x_wconf 72' lang='lat' dir='ltr'><strong>Audiendus</strong></span> <span class='ocrx_word' id='word_1_24' title='bbox 2659 470 2912 528; x_wconf 64' lang='lat' dir='ltr'><strong>praeterea</strong></span> <span class='ocrx_word' id='word_1_25' title='bbox 2966 459 3344 531; x_wconf 69' lang='lat' dir='ltr'><strong>Hieronymus,</strong></span> 
     </span>
    </p>
   </div>
   <div class='ocr_carea' id='block_1_5' title="bbox 180 543 1718 618">
    <p class='ocr_par' dir='ltr' id='par_1_5' title="bbox 180 543 1718 618">
     <span class='ocr_line' id='line_1_5' title="bbox 180 543 1718 618; baseline 0.007 -22"><span class='ocrx_word' id='word_1_26' title='bbox 180 544 426 597; x_wconf 87' lang='lat' dir='ltr'><strong>funditus</strong></span> <span class='ocrx_word' id='word_1_27' title='bbox 454 543 702 615; x_wconf 79' lang='lat' dir='ltr'><strong>Origettis</strong></span> <span class='ocrx_word' id='word_1_28' title='bbox 736 549 976 602; x_wconf 62' lang='lat' dir='ltr'><strong>heresim</strong></span> <span class='ocrx_word' id='word_1_29' title='bbox 1007 567 1038 602; x_wconf 83' lang='grc' dir='ltr'><em>α</em></span> <span class='ocrx_word' id='word_1_30' title='bbox 1069 550 1197 616; x_wconf 81' lang='lat' dir='ltr'><strong>facie</strong></span> <span class='ocrx_word' id='word_1_31' title='bbox 1233 561 1384 604; x_wconf 62' lang='lat' dir='ltr'><strong>terra!</strong></span> <span class='ocrx_word' id='word_1_32' title='bbox 1428 562 1549 602; x_wconf 90' lang='lat' dir='ltr'><strong>cum</strong></span> <span class='ocrx_word' id='word_1_33' title='bbox 1602 550 1718 618; x_wconf 84' lang='lat' dir='ltr'><strong>ipso</strong></span> 
     </span>
    </p>
   </div>
   <div class='ocr_carea' id='block_1_6' title="bbox 181 633 1720 708">
    <p class='ocr_par' dir='ltr' id='par_1_6' title="bbox 181 633 1720 708">
     <span class='ocr_line' id='line_1_6' title="bbox 181 633 1720 708; baseline 0.005 -24"><span class='ocrx_word' id='word_1_34' title='bbox 181 633 452 686; x_wconf 64' lang='lat' dir='ltr'><strong>Amalec.»</strong></span> <span class='ocrx_word' id='word_1_35' title='bbox 488 634 603 701; x_wconf 85' lang='lat' dir='ltr'><strong>Quo</strong></span> <span class='ocrx_word' id='word_1_36' title='bbox 635 647 942 706; x_wconf 89' lang='lat' dir='ltr'><strong>argumento</strong></span> <span class='ocrx_word' id='word_1_37' title='bbox 963 640 1028 691; x_wconf 87' lang='lat' dir='ltr'><strong>ad</strong></span> <span class='ocrx_word' id='word_1_38' title='bbox 1057 639 1404 708; x_wconf 84' lang='lat' dir='ltr'><strong>Epiphanium</strong></span> <span class='ocrx_word' id='word_1_39' title='bbox 1435 638 1720 706; x_wconf 73' lang='lat' dir='ltr'><strong>scripserat</strong></span> 
     </span>
    </p>
   </div>
   <div class='ocr_carea' id='block_1_7' title="bbox 183 722 1720 795">
    <p class='ocr_par' dir='ltr' id='par_1_7' title="bbox 183 722 1720 795">
     <span class='ocr_line' id='line_1_7' title="bbox 183 722 1720 795; baseline 0.003 -21"><span class='ocrx_word' id='word_1_40' title='bbox 183 722 541 791; x_wconf 82' lang='lat' dir='ltr'><strong>Theophilus,</strong></span> <span class='ocrx_word' id='word_1_41' title='bbox 573 725 759 779; x_wconf 91' lang='lat' dir='ltr'><strong>eodem</strong></span> <span class='ocrx_word' id='word_1_42' title='bbox 792 728 1166 794; x_wconf 74' lang='lat' dir='ltr'><strong>propemodum</strong></span> <span class='ocrx_word' id='word_1_43' title='bbox 1195 727 1408 795; x_wconf 73' lang='lat' dir='ltr'><strong>scripsit</strong></span> <span class='ocrx_word' id='word_1_44' title='bbox 1433 726 1496 780; x_wconf 87' lang='lat' dir='ltr'><strong>ad</strong></span> <span class='ocrx_word' id='word_1_45' title='bbox 1534 725 1720 780; x_wconf 85' lang='lat' dir='ltr'><strong>Hiero-</strong></span> 
     </span>
    </p>
   </div>
   <div class='ocr_carea' id='block_1_8' title="bbox 182 812 1718 881">
    <p class='ocr_par' dir='ltr' id='par_1_8' title="bbox 182 812 1718 881">
     <span class='ocr_line' id='line_1_8' title="bbox 182 812 1718 881; baseline 0.005 -21"><span class='ocrx_word' id='word_1_46' title='bbox 182 823 441 878; x_wconf 83' lang='lat' dir='ltr'><strong>nymum;</strong></span> <span class='ocrx_word' id='word_1_47' title='bbox 477 812 564 864; x_wconf 92' lang='lat' dir='ltr'><strong>cui</strong></span> <span class='ocrx_word' id='word_1_48' title='bbox 603 813 687 866; x_wconf 91' lang='lat' dir='ltr'><strong>hic</strong></span> <span class='ocrx_word' id='word_1_49' title='bbox 724 813 1042 879; x_wconf 88' lang='lat' dir='ltr'><strong>respondens</strong></span> <span class='ocrx_word' id='word_1_50' title='bbox 1065 815 1131 876; x_wconf 80' lang='lat'><strong>&quot;,</strong></span> <span class='ocrx_word' id='word_1_51' title='bbox 1166 831 1184 864; x_wconf 75' lang='grc' dir='ltr'>ι</span> <span class='ocrx_word' id='word_1_52' title='bbox 1213 814 1342 877; x_wconf 85' lang='lat' dir='ltr'><strong>Vox,</strong></span> <span class='ocrx_word' id='word_1_53' title='bbox 1372 814 1561 881; x_wconf 89' lang='lat' dir='ltr'><strong>inqttit,</strong></span> <span class='ocrx_word' id='word_1_54' title='bbox 1595 815 1718 867; x_wconf 83' lang='lat' dir='ltr'><strong>bea-</strong></span> 
     </span>
    </p>
   </div>
   <div class='ocr_carea' id='block_1_9' title="bbox 185 899 1721 968">
    <p class='ocr_par' dir='ltr' id='par_1_9' title="bbox 185 899 1721 968">
     <span class='ocr_line' id='line_1_9' title="bbox 185 899 1721 968; baseline 0.005 -18"><span class='ocrx_word' id='word_1_55' title='bbox 185 899 434 952; x_wconf 86' lang='lat' dir='ltr'><strong>titudinis</strong></span> <span class='ocrx_word' id='word_1_56' title='bbox 477 907 582 953; x_wconf 80' lang='lat' dir='ltr'><strong>tua:</strong></span> <span class='ocrx_word' id='word_1_57' title='bbox 629 902 680 951; x_wconf 86' lang='lat' dir='ltr'><strong>in</strong></span> <span class='ocrx_word' id='word_1_58' title='bbox 735 910 842 952; x_wconf 90' lang='lat' dir='ltr'><strong>toto</strong></span> <span class='ocrx_word' id='word_1_59' title='bbox 894 901 1022 954; x_wconf 86' lang='lat' dir='ltr'><strong>orbe</strong></span> <span class='ocrx_word' id='word_1_60' title='bbox 1073 904 1371 968; x_wconf 89' lang='lat' dir='ltr'><strong>pertonuit,</strong></span> <span class='ocrx_word' id='word_1_61' title='bbox 1416 912 1472 956; x_wconf 91' lang='lat' dir='ltr'><strong>et</strong></span> <span class='ocrx_word' id='word_1_62' title='bbox 1519 903 1721 957; x_wconf 89' lang='lat' dir='ltr'><strong>cunctis</strong></span> 
     </span>
    </p>
   </div>
   <div class='ocr_carea' id='block_1_10' title="bbox 179 983 1721 1044">
    <p class='ocr_par' dir='ltr' id='par_1_10' title="bbox 179 983 1721 1044">
     <span class='ocr_line' id='line_1_10' title="bbox 179 983 1721 1044; baseline 0.003 -7"><span class='ocrx_word' id='word_1_63' title='bbox 179 983 389 1038; x_wconf 75' lang='lat' dir='ltr'><strong>Christi</strong></span> <span class='ocrx_word' id='word_1_64' title='bbox 420 985 675 1040; x_wconf 87' lang='lat' dir='ltr'><strong>Ecelesiis</strong></span> <span class='ocrx_word' id='word_1_65' title='bbox 700 986 996 1040; x_wconf 70' lang='lat' dir='ltr'><strong>ltetantibus</strong></span> <span class='ocrx_word' id='word_1_66' title='bbox 1038 989 1228 1042; x_wconf 84' lang='lat' dir='ltr'><strong>diaboli</strong></span> <span class='ocrx_word' id='word_1_67' title='bbox 1269 1005 1470 1044; x_wconf 89' lang='lat' dir='ltr'><strong>venena</strong></span> <span class='ocrx_word' id='word_1_68' title='bbox 1511 990 1721 1044; x_wconf 84' lang='lat' dir='ltr'><strong>siluere.</strong></span> 
     </span>
    </p>
   </div>
   <div class='ocr_carea' id='block_1_11' title="bbox 179 1073 1724 1145">
    <p class='ocr_par' dir='ltr' id='par_1_11' title="bbox 179 1073 1724 1145">
     <span class='ocr_line' id='line_1_11' title="bbox 179 1073 1724 1145; baseline 0.005 -19"><span class='ocrx_word' id='word_1_69' title='bbox 179 1073 534 1142; x_wconf 81' lang='lat' dir='ltr'><strong>Nequaquam</strong></span> <span class='ocrx_word' id='word_1_70' title='bbox 577 1077 800 1143; x_wconf 86' lang='lat' dir='ltr'><strong>amplius</strong></span> <span class='ocrx_word' id='word_1_71' title='bbox 844 1078 1085 1145; x_wconf 90' lang='lat' dir='ltr'><strong>antiquus</strong></span> <span class='ocrx_word' id='word_1_72' title='bbox 1117 1094 1336 1145; x_wconf 79' lang='lat' dir='ltr'><strong>serpens</strong></span> <span class='ocrx_word' id='word_1_73' title='bbox 1384 1079 1589 1143; x_wconf 85' lang='lat' dir='ltr'><strong>sibilat,</strong></span> <span class='ocrx_word' id='word_1_74' title='bbox 1631 1079 1724 1133; x_wconf 89' lang='lat' dir='ltr'><strong>sed</strong></span> 
     </span>
    </p>
   </div>
   <div class='ocr_carea' id='block_1_12' title="bbox 178 1166 1723 1223">
    <p class='ocr_par' dir='ltr' id='par_1_12' title="bbox 178 1166 1723 1223">
     <span class='ocr_line' id='line_1_12' title="bbox 178 1166 1723 1223; baseline 0.003 -5"><span class='ocrx_word' id='word_1_75' title='bbox 178 1173 462 1218; x_wconf 88' lang='lat' dir='ltr'><strong>contortus</strong></span> <span class='ocrx_word' id='word_1_76' title='bbox 505 1174 559 1219; x_wconf 89' lang='lat' dir='ltr'><strong>et</strong></span> <span class='ocrx_word' id='word_1_77' title='bbox 621 1166 940 1221; x_wconf 77' lang='lat' dir='ltr'><strong>evisceratus</strong></span> <span class='ocrx_word' id='word_1_78' title='bbox 989 1169 1039 1220; x_wconf 95' lang='lat' dir='ltr'><strong>in</strong></span> <span class='ocrx_word' id='word_1_79' title='bbox 1087 1183 1426 1221; x_wconf 86' lang='lat' dir='ltr'><strong>cavernarum</strong></span> <span class='ocrx_word' id='word_1_80' title='bbox 1492 1169 1723 1223; x_wconf 89' lang='lat' dir='ltr'><strong>tenebris</strong></span> 
     </span>
    </p>
   </div>
   <div class='ocr_carea' id='block_1_13' title="bbox 178 1251 1723 1326">
    <p class='ocr_par' dir='ltr' id='par_1_13' title="bbox 178 1251 1723 1326">
     <span class='ocr_line' id='line_1_13' title="bbox 178 1251 1723 1326; baseline 0.005 -22"><span class='ocrx_word' id='word_1_81' title='bbox 178 1251 509 1308; x_wconf 65' lang='lat' dir='ltr'><strong>delitescens</strong></span> <span class='ocrx_word' id='word_1_82' title='bbox 556 1255 716 1308; x_wconf 87' lang='lat' dir='ltr'><strong>solem</strong></span> <span class='ocrx_word' id='word_1_83' title='bbox 762 1256 958 1309; x_wconf 85' lang='lat' dir='ltr'><strong>clarqu</strong></span> <span class='ocrx_word' id='word_1_84' title='bbox 1002 1255 1142 1310; x_wconf 87' lang='lat' dir='ltr'><strong>ferre</strong></span> <span class='ocrx_word' id='word_1_85' title='bbox 1192 1273 1294 1311; x_wconf 90' lang='lat' dir='ltr'><strong>non</strong></span> <span class='ocrx_word' id='word_1_86' title='bbox 1341 1259 1723 1326; x_wconf 78' lang='lat' dir='ltr'><strong>sustinetzqui</strong></span> 
     </span>
    </p>
   </div>
   <div class='ocr_carea' id='block_1_14' title="bbox 175 1339 1722 1413">
    <p class='ocr_par' dir='ltr' id='par_1_14' title="bbox 175 1339 1722 1413">
     <span class='ocr_line' id='line_1_14' title="bbox 175 1339 1722 1413; baseline 0.005 -23"><span class='ocrx_word' id='word_1_87' title='bbox 175 1339 402 1406; x_wconf 84' lang='lat' dir='ltr'><strong>quidem</strong></span> <span class='ocrx_word' id='word_1_88' title='bbox 441 1356 600 1410; x_wconf 88' lang='lat' dir='ltr'><strong>super</strong></span> <span class='ocrx_word' id='word_1_89' title='bbox 636 1346 735 1398; x_wconf 90' lang='lat' dir='ltr'><strong>hac</strong></span> <span class='ocrx_word' id='word_1_90' title='bbox 781 1359 870 1410; x_wconf 91' lang='lat' dir='ltr'><strong>re,</strong></span> <span class='ocrx_word' id='word_1_91' title='bbox 910 1356 962 1398; x_wconf 91' lang='lat' dir='ltr'><strong>et</strong></span> <span class='ocrx_word' id='word_1_92' title='bbox 1008 1355 1286 1413; x_wconf 81' lang='lat' dir='ltr'><strong>antequam</strong></span> <span class='ocrx_word' id='word_1_93' title='bbox 1335 1347 1614 1410; x_wconf 80' lang='lat' dir='ltr'><strong>scriberes,</strong></span> <span class='ocrx_word' id='word_1_94' title='bbox 1659 1346 1722 1398; x_wconf 88' lang='lat' dir='ltr'><strong>ad</strong></span> 
     </span>
    </p>
   </div>
   <div class='ocr_carea' id='block_1_15' title="bbox 174 1426 1724 1504">
    <p class='ocr_par' dir='ltr' id='par_1_15' title="bbox 174 1426 1724 1504">
     <span class='ocr_line' id='line_1_15' title="bbox 174 1426 1724 1504; baseline 0.007 -25"><span class='ocrx_word' id='word_1_95' title='bbox 174 1426 535 1484; x_wconf 83' lang='lat' dir='ltr'><strong>Occidentem</strong></span> <span class='ocrx_word' id='word_1_96' title='bbox 575 1432 820 1500; x_wconf 80' lang='lat' dir='ltr'><strong>epistolas</strong></span> <span class='ocrx_word' id='word_1_97' title='bbox 856 1435 1122 1498; x_wconf 86' lang='lat' dir='ltr'><strong>miseram,</strong></span> <span class='ocrx_word' id='word_1_98' title='bbox 1157 1450 1218 1488; x_wconf 79' lang='lat' dir='ltr'><strong>ex</strong></span> <span class='ocrx_word' id='word_1_99' title='bbox 1261 1446 1410 1504; x_wconf 86' lang='lat' dir='ltr'><strong>parte</strong></span> <span class='ocrx_word' id='word_1_100' title='bbox 1451 1437 1724 1490; x_wconf 65' lang='lat' dir='ltr'><strong>haeretico-</strong></span> 
     </span>
    </p>
   </div>
   <div class='ocr_carea' id='block_1_16' title="bbox 179 1521 1726 1592">
    <p class='ocr_par' dir='ltr' id='par_1_16' title="bbox 179 1521 1726 1592">
     <span class='ocr_line' id='line_1_16' title="bbox 179 1521 1726 1592; baseline 0.006 -23"><span class='ocrx_word' id='word_1_101' title='bbox 179 1532 297 1569; x_wconf 90' lang='lat' dir='ltr'><strong>rum</strong></span> <span class='ocrx_word' id='word_1_102' title='bbox 339 1521 597 1588; x_wconf 83' lang='lat' dir='ltr'><strong>strophas</strong></span> <span class='ocrx_word' id='word_1_103' title='bbox 628 1538 756 1576; x_wconf 68' lang='lat' dir='ltr'><strong>meae</strong></span> <span class='ocrx_word' id='word_1_104' title='bbox 801 1523 986 1592; x_wconf 63' lang='lat' dir='ltr'><strong>linguae</strong></span> <span class='ocrx_word' id='word_1_105' title='bbox 1030 1525 1328 1580; x_wconf 89' lang='lat' dir='ltr'><strong>hominibus</strong></span> <span class='ocrx_word' id='word_1_106' title='bbox 1361 1526 1614 1580; x_wconf 87' lang='lat' dir='ltr'><strong>indicans.</strong></span> <span class='ocrx_word' id='word_1_107' title='bbox 1650 1525 1726 1579; x_wconf 80' lang='lat' dir='ltr'><strong>Ex</strong></span> 
     </span>
    </p>
   </div>
   <div class='ocr_carea' id='block_1_17' title="bbox 175 1608 1723 1682">
    <p class='ocr_par' dir='ltr' id='par_1_17' title="bbox 175 1608 1723 1682">
     <span class='ocr_line' id='line_1_17' title="bbox 175 1608 1723 1682; baseline 0.006 -24"><span class='ocrx_word' id='word_1_108' title='bbox 175 1608 586 1674; x_wconf 85' lang='lat' dir='ltr'><strong>dispensatione</strong></span> <span class='ocrx_word' id='word_1_109' title='bbox 616 1612 706 1665; x_wconf 88' lang='lat' dir='ltr'><strong>Dei</strong></span> <span class='ocrx_word' id='word_1_110' title='bbox 736 1612 929 1666; x_wconf 87' lang='lat' dir='ltr'><strong>factum</strong></span> <span class='ocrx_word' id='word_1_111' title='bbox 965 1624 1111 1682; x_wconf 89' lang='lat' dir='ltr'><strong>puto,</strong></span> <span class='ocrx_word' id='word_1_112' title='bbox 1137 1625 1195 1667; x_wconf 91' lang='lat' dir='ltr'><strong>ut</strong></span> <span class='ocrx_word' id='word_1_113' title='bbox 1221 1630 1283 1668; x_wconf 90' lang='lat' dir='ltr'><strong>eo</strong></span> <span class='ocrx_word' id='word_1_114' title='bbox 1316 1616 1366 1668; x_wconf 89' lang='lat' dir='ltr'><strong>iu</strong></span> <span class='ocrx_word' id='word_1_115' title='bbox 1403 1625 1638 1682; x_wconf 88' lang='lat' dir='ltr'><strong>tempore</strong></span> <span class='ocrx_word' id='word_1_116' title='bbox 1671 1624 1723 1669; x_wconf 91' lang='lat' dir='ltr'><strong>tu</strong></span> 
     </span>
    </p>
   </div>
   <div class='ocr_carea' id='block_1_18' title="bbox 174 1700 1717 1772">
    <p class='ocr_par' dir='ltr' id='par_1_18' title="bbox 174 1700 1717 1772">
     <span class='ocr_line' id='line_1_18' title="bbox 174 1700 1717 1772; baseline 0.007 -25"><span class='ocrx_word' id='word_1_117' title='bbox 174 1711 400 1768; x_wconf 88' lang='lat' dir='ltr'><strong>quoque</strong></span> <span class='ocrx_word' id='word_1_118' title='bbox 429 1700 496 1753; x_wconf 92' lang='lat' dir='ltr'><strong>ad</strong></span> <span class='ocrx_word' id='word_1_119' title='bbox 521 1702 852 1756; x_wconf 84' lang='lat' dir='ltr'><strong>Anastasium</strong></span> <span class='ocrx_word' id='word_1_120' title='bbox 877 1719 1060 1772; x_wconf 87' lang='lat' dir='ltr'><strong>papam</strong></span> <span class='ocrx_word' id='word_1_121' title='bbox 1093 1707 1370 1769; x_wconf 71' lang='lat' dir='ltr'><strong>scriberes,</strong></span> <span class='ocrx_word' id='word_1_122' title='bbox 1401 1714 1454 1759; x_wconf 89' lang='lat' dir='ltr'><strong>et</strong></span> <span class='ocrx_word' id='word_1_123' title='bbox 1483 1715 1717 1759; x_wconf 86' lang='lat' dir='ltr'><strong>nostram</strong></span> 
     </span>
    </p>
   </div>
   <div class='ocr_carea' id='block_1_19' title="bbox 1816 534 3344 617">
    <p class='ocr_par' dir='ltr' id='par_1_19' title="bbox 1816 534 3344 617">
     <span class='ocr_line' id='line_1_19' title="bbox 1816 534 3344 617; baseline 0 -13"><span class='ocrx_word' id='word_1_124' title='bbox 1816 551 1940 604; x_wconf 88' lang='lat' dir='ltr'><strong>dum</strong></span> <span class='ocrx_word' id='word_1_125' title='bbox 1971 534 2239 617; x_wconf 72' lang='lat' dir='ltr'><strong>aliquanto</strong></span> <span class='ocrx_word' id='word_1_126' title='bbox 2277 559 2396 617; x_wconf 84' lang='lat' dir='ltr'><strong>post</strong></span> <span class='ocrx_word' id='word_1_127' title='bbox 2435 552 2499 604; x_wconf 84' lang='lat' dir='ltr'><strong>ad</strong></span> <span class='ocrx_word' id='word_1_128' title='bbox 2533 549 2928 604; x_wconf 86' lang='lat' dir='ltr'><strong>Pammachium</strong></span> <span class='ocrx_word' id='word_1_129' title='bbox 2962 559 3015 604; x_wconf 87' lang='lat' dir='ltr'><strong>et</strong></span> <span class='ocrx_word' id='word_1_130' title='bbox 3047 547 3344 604; x_wconf 79' lang='lat' dir='ltr'><strong>Marcetlam</strong></span> 
     </span>
    </p>
   </div>
   <div class='ocr_carea' id='block_1_20' title="bbox 1815 636 3348 706">
    <p class='ocr_par' dir='ltr' id='par_1_20' title="bbox 1815 636 3348 706">
     <span class='ocr_line' id='line_1_20' title="bbox 1815 636 3348 706; baseline -0.001 -13"><span class='ocrx_word' id='word_1_131' title='bbox 1815 640 2051 693; x_wconf 87' lang='lat' dir='ltr'><strong>scribens</strong></span> <span class='ocrx_word' id='word_1_132' title='bbox 2073 639 2156 693; x_wconf 72' lang='grc' dir='ltr'><strong>’δε</strong></span> <span class='ocrx_word' id='word_1_133' title='bbox 2189 656 2208 688; x_wconf 75' lang='grc' dir='ltr'><strong><em>ι</em></strong></span> <span class='ocrx_word' id='word_1_134' title='bbox 2238 636 2338 691; x_wconf 88' lang='lat' dir='ltr'><strong>Ubi</strong></span> <span class='ocrx_word' id='word_1_135' title='bbox 2369 653 2506 692; x_wconf 89' lang='lat' dir='ltr'><strong>nunc</strong></span> <span class='ocrx_word' id='word_1_136' title='bbox 2536 646 2635 699; x_wconf 85' lang='lat' dir='ltr'><strong>est.</strong></span> <span class='ocrx_word' id='word_1_137' title='bbox 2668 637 2858 706; x_wconf 87' lang='lat' dir='ltr'><strong>inquit,</strong></span> <span class='ocrx_word' id='word_1_138' title='bbox 2885 637 3106 692; x_wconf 88' lang='lat' dir='ltr'><strong>coluber</strong></span> <span class='ocrx_word' id='word_1_139' title='bbox 3148 647 3348 692; x_wconf 84' lang='lat' dir='ltr'><strong>tortuo-</strong></span> 
     </span>
    </p>
   </div>
   <div class='ocr_carea' id='block_1_21' title="bbox 1816 729 2728 796">
    <p class='ocr_par' dir='ltr' id='par_1_21' title="bbox 1816 729 2728 796">
     <span class='ocr_line' id='line_1_21' title="bbox 1816 729 2728 796; baseline -0.002 -13"><span class='ocrx_word' id='word_1_140' title='bbox 1816 730 1938 784; x_wconf 86' lang='lat' dir='ltr'><strong>sus?</strong></span> <span class='ocrx_word' id='word_1_141' title='bbox 1967 729 2051 782; x_wconf 92' lang='lat' dir='ltr'><strong>ubi</strong></span> <span class='ocrx_word' id='word_1_142' title='bbox 2082 729 2482 783; x_wconf 86' lang='lat' dir='ltr'><strong>venenatissima</strong></span> <span class='ocrx_word' id='word_1_143' title='bbox 2509 730 2728 796; x_wconf 80' lang='lat' dir='ltr'><strong>vipera?</strong></span> 
     </span>
    </p>
   </div>
   <div class='ocr_carea' id='block_1_22' title="bbox 1887 815 3349 884">
    <p class='ocr_par' dir='ltr' id='par_1_22' title="bbox 1887 815 3349 884">
     <span class='ocr_line' id='line_1_22' title="bbox 1887 815 3349 884; baseline 0 -14"><span class='ocrx_word' id='word_1_144' title='bbox 1887 817 2063 870; x_wconf 82' lang='lat' dir='ltr'><strong>Prima</strong></span> <span class='ocrx_word' id='word_1_145' title='bbox 2093 816 2310 869; x_wconf 80' lang='lat' dir='ltr'><strong>hominis</strong></span> <span class='ocrx_word' id='word_1_146' title='bbox 2343 815 2499 884; x_wconf 81' lang='lat' dir='ltr'><strong>[acies</strong></span> <span class='ocrx_word' id='word_1_147' title='bbox 2530 828 2674 869; x_wconf 82' lang='lat' dir='ltr'><strong>utero</strong></span> <span class='ocrx_word' id='word_1_148' title='bbox 2706 817 2977 870; x_wconf 78' lang='lat' dir='ltr'><strong>commissa</strong></span> <span class='ocrx_word' id='word_1_149' title='bbox 3014 817 3251 884; x_wconf 83' lang='lat' dir='ltr'><strong>luporum</strong></span> <span class='ocrx_word' id='word_1_150' title='bbox 3271 816 3349 870; x_wconf 65' lang='grc' dir='ltr'>ἠ</span> 
     </span>
    </p>
   </div>
   <div class='ocr_carea' id='block_1_23' title="bbox 1823 902 3344 970">
    <p class='ocr_par' dir='ltr' id='par_1_23' title="bbox 1823 902 3344 970">
     <span class='ocr_line' id='line_1_23' title="bbox 1823 902 3344 970; baseline 0.001 -10"><span class='ocrx_word' id='word_1_151' title='bbox 1823 904 1919 960; x_wconf 91' lang='lat' dir='ltr'><strong>Ubi</strong></span> <span class='ocrx_word' id='word_1_152' title='bbox 1954 904 2170 957; x_wconf 66' lang='lat' dir='ltr'><strong>haeresis</strong></span> <span class='ocrx_word' id='word_1_153' title='bbox 2201 919 2319 970; x_wconf 73' lang='lat' dir='ltr'><strong>quae</strong></span> <span class='ocrx_word' id='word_1_154' title='bbox 2359 902 2598 956; x_wconf 90' lang='lat' dir='ltr'><strong>sibilabat</strong></span> <span class='ocrx_word' id='word_1_155' title='bbox 2630 903 2680 955; x_wconf 92' lang='lat' dir='ltr'><strong>in</strong></span> <span class='ocrx_word' id='word_1_156' title='bbox 2718 905 2947 958; x_wconf 88' lang='lat' dir='ltr'><strong>mundo?</strong></span> <span class='ocrx_word' id='word_1_157' title='bbox 2975 923 2994 954; x_wconf 78' lang='grc' dir='ltr'><strong><em>ι</em></strong></span> <span class='ocrx_word' id='word_1_158' title='bbox 3031 913 3085 958; x_wconf 92' lang='lat' dir='ltr'><strong>et</strong></span> <span class='ocrx_word' id='word_1_159' title='bbox 3117 904 3344 962; x_wconf 89' lang='lat' dir='ltr'><strong>deinde:</strong></span> 
     </span>
    </p>
   </div>
   <div class='ocr_carea' id='block_1_24' title="bbox 1823 992 3349 1064">
    <p class='ocr_par' dir='ltr' id='par_1_24' title="bbox 1823 992 3349 1064">
     <span class='ocr_line' id='line_1_24' title="bbox 1823 992 3349 1064; baseline 0.003 -19"><span class='ocrx_word' id='word_1_160' title='bbox 1823 1013 1843 1045; x_wconf 73' lang='grc' dir='ltr'><strong><em>ι</em></strong></span> <span class='ocrx_word' id='word_1_161' title='bbox 1872 995 2128 1064; x_wconf 68' lang='lat' dir='ltr'><strong>Oppressa</strong></span> <span class='ocrx_word' id='word_1_162' title='bbox 2161 1002 2240 1048; x_wconf 89' lang='lat' dir='ltr'><strong>est</strong></span> <span class='ocrx_word' id='word_1_163' title='bbox 2288 993 2401 1059; x_wconf 88' lang='lat' dir='ltr'><strong>ejus</strong></span> <span class='ocrx_word' id='word_1_164' title='bbox 2438 992 2760 1062; x_wconf 72' lang='lat' dir='ltr'><strong>(Theophili)</strong></span> <span class='ocrx_word' id='word_1_165' title='bbox 2799 995 3114 1048; x_wconf 88' lang='lat' dir='ltr'><strong>auctoritate</strong></span> <span class='ocrx_word' id='word_1_166' title='bbox 3150 1005 3202 1049; x_wconf 91' lang='lat' dir='ltr'><strong>et</strong></span> <span class='ocrx_word' id='word_1_167' title='bbox 3234 996 3349 1050; x_wconf 89' lang='lat' dir='ltr'><strong>elo-</strong></span> 
     </span>
    </p>
   </div>
   <div class='ocr_carea' id='block_1_25' title="bbox 1821 1081 3351 1152">
    <p class='ocr_par' dir='ltr' id='par_1_25' title="bbox 1821 1081 3351 1152">
     <span class='ocr_line' id='line_1_25' title="bbox 1821 1081 3351 1152; baseline 0.005 -17"><span class='ocrx_word' id='word_1_168' title='bbox 1821 1085 2055 1152; x_wconf 80' lang='lat' dir='ltr'><strong>quentia,</strong></span> <span class='ocrx_word' id='word_1_169' title='bbox 2092 1092 2146 1136; x_wconf 90' lang='lat' dir='ltr'><strong>et</strong></span> <span class='ocrx_word' id='word_1_170' title='bbox 2190 1083 2242 1134; x_wconf 92' lang='lat' dir='ltr'><strong>in</strong></span> <span class='ocrx_word' id='word_1_171' title='bbox 2277 1096 2474 1136; x_wconf 89' lang='lat' dir='ltr'><strong>morem</strong></span> <span class='ocrx_word' id='word_1_172' title='bbox 2517 1081 2927 1136; x_wconf 71' lang='lat' dir='ltr'><strong>daemonicorum</strong></span> <span class='ocrx_word' id='word_1_173' title='bbox 2963 1085 3240 1152; x_wconf 90' lang='lat' dir='ltr'><strong>spirituum</strong></span> <span class='ocrx_word' id='word_1_174' title='bbox 3285 1087 3351 1142; x_wconf 85' lang='lat' dir='ltr'><strong>de</strong></span> 
     </span>
    </p>
   </div>
   <div class='ocr_carea' id='block_1_26' title="bbox 1823 1173 3348 1242">
    <p class='ocr_par' dir='ltr' id='par_1_26' title="bbox 1823 1173 3348 1242">
     <span class='ocr_line' id='line_1_26' title="bbox 1823 1173 3348 1242; baseline 0.001 -13"><span class='ocrx_word' id='word_1_175' title='bbox 1823 1185 1959 1229; x_wconf 91' lang='lat' dir='ltr'><strong>terra</strong></span> <span class='ocrx_word' id='word_1_176' title='bbox 1991 1174 2256 1242; x_wconf 86' lang='lat' dir='ltr'><strong>loquitur:</strong></span> <span class='ocrx_word' id='word_1_177' title='bbox 2292 1173 2462 1228; x_wconf 88' lang='lat' dir='ltr'><strong>nescit</strong></span> <span class='ocrx_word' id='word_1_178' title='bbox 2488 1173 2630 1227; x_wconf 88' lang='lat' dir='ltr'><strong>enim</strong></span> <span class='ocrx_word' id='word_1_179' title='bbox 2662 1187 2781 1226; x_wconf 90' lang='lat' dir='ltr'><strong>eum</strong></span> <span class='ocrx_word' id='word_1_180' title='bbox 2820 1175 2906 1241; x_wconf 91' lang='lat' dir='ltr'><strong>qui</strong></span> <span class='ocrx_word' id='word_1_181' title='bbox 2957 1175 3228 1229; x_wconf 86' lang='lat' dir='ltr'><strong>desursum</strong></span> <span class='ocrx_word' id='word_1_182' title='bbox 3261 1191 3348 1232; x_wconf 85' lang='lat' dir='ltr'><strong>ve-</strong></span> 
     </span>
    </p>
   </div>
   <div class='ocr_carea' id='block_1_27' title="bbox 1823 1262 3354 1330">
    <p class='ocr_par' dir='ltr' id='par_1_27' title="bbox 1823 1262 3354 1330">
     <span class='ocr_line' id='line_1_27' title="bbox 1823 1262 3354 1330; baseline 0.003 -14"><span class='ocrx_word' id='word_1_183' title='bbox 1823 1265 1973 1317; x_wconf 89' lang='lat' dir='ltr'><strong>niens</strong></span> <span class='ocrx_word' id='word_1_184' title='bbox 2022 1277 2081 1316; x_wconf 92' lang='lat' dir='ltr'><strong>ea</strong></span> <span class='ocrx_word' id='word_1_185' title='bbox 2138 1262 2365 1329; x_wconf 88' lang='lat' dir='ltr'><strong>loquitur</strong></span> <span class='ocrx_word' id='word_1_186' title='bbox 2411 1277 2527 1330; x_wconf 77' lang='lat' dir='ltr'><strong>qua:</strong></span> <span class='ocrx_word' id='word_1_187' title='bbox 2595 1275 2803 1315; x_wconf 85' lang='lat' dir='ltr'><strong>sursum</strong></span> <span class='ocrx_word' id='word_1_188' title='bbox 2871 1273 3013 1317; x_wconf 90' lang='lat' dir='ltr'><strong>sunt.</strong></span> <span class='ocrx_word' id='word_1_189' title='bbox 3049 1282 3068 1315; x_wconf 75' lang='grc' dir='ltr'><strong><em>ι</em></strong></span> <span class='ocrx_word' id='word_1_190' title='bbox 3105 1264 3354 1330; x_wconf 90' lang='lat' dir='ltr'><strong>Queritur</strong></span> 
     </span>
    </p>
   </div>
   <div class='ocr_carea' id='block_1_28' title="bbox 1823 1349 3350 1421">
    <p class='ocr_par' dir='ltr' id='par_1_28' title="bbox 1823 1349 3350 1421">
     <span class='ocr_line' id='line_1_28' title="bbox 1823 1349 3350 1421; baseline 0.003 -18"><span class='ocrx_word' id='word_1_191' title='bbox 1823 1351 2153 1421; x_wconf 84' lang='lat' dir='ltr'><strong>postmodum</strong></span> <span class='ocrx_word' id='word_1_192' title='bbox 2203 1349 2362 1404; x_wconf 88' lang='lat' dir='ltr'><strong>tantis</strong></span> <span class='ocrx_word' id='word_1_193' title='bbox 2405 1349 2849 1404; x_wconf 88' lang='lat' dir='ltr'><strong>simultationibus</strong></span> <span class='ocrx_word' id='word_1_194' title='bbox 2891 1351 2965 1403; x_wconf 90' lang='lat' dir='ltr'><strong>uti</strong></span> <span class='ocrx_word' id='word_1_195' title='bbox 3005 1351 3187 1406; x_wconf 90' lang='lat' dir='ltr'><strong>solitos</strong></span> <span class='ocrx_word' id='word_1_196' title='bbox 3230 1353 3350 1408; x_wconf 90' lang='lat' dir='ltr'><strong>Ori-</strong></span> 
     </span>
    </p>
   </div>
   <div class='ocr_carea' id='block_1_29' title="bbox 1824 1439 3352 1510">
    <p class='ocr_par' dir='ltr' id='par_1_29' title="bbox 1824 1439 3352 1510">
     <span class='ocr_line' id='line_1_29' title="bbox 1824 1439 3352 1510; baseline 0.003 -18"><span class='ocrx_word' id='word_1_197' title='bbox 1824 1439 2080 1510; x_wconf 85' lang='lat' dir='ltr'><strong>genistas,</strong></span> <span class='ocrx_word' id='word_1_198' title='bbox 2107 1448 2166 1493; x_wconf 91' lang='lat' dir='ltr'><strong>ut</strong></span> <span class='ocrx_word' id='word_1_199' title='bbox 2197 1439 2282 1492; x_wconf 80' lang='lat' dir='ltr'><strong>vix</strong></span> <span class='ocrx_word' id='word_1_200' title='bbox 2315 1454 2343 1491; x_wconf 89' lang='lat' dir='ltr'><strong>a</strong></span> <span class='ocrx_word' id='word_1_201' title='bbox 2373 1439 2660 1493; x_wconf 88' lang='lat' dir='ltr'><strong>Catholicis</strong></span> <span class='ocrx_word' id='word_1_202' title='bbox 2689 1442 3210 1496; x_wconf 88' lang='lat' dir='ltr'><strong>internuscerentur:</strong></span> <span class='ocrx_word' id='word_1_203' title='bbox 3244 1454 3352 1496; x_wconf 85' lang='lat' dir='ltr'><strong>tum</strong></span> 
     </span>
    </p>
   </div>
   <div class='ocr_carea' id='block_1_30' title="bbox 1824 1527 3352 1596">
    <p class='ocr_par' dir='ltr' id='par_1_30' title="bbox 1824 1527 3352 1596">
     <span class='ocr_line' id='line_1_30' title="bbox 1824 1527 3352 1596; baseline -0.002 -12"><span class='ocrx_word' id='word_1_204' title='bbox 1824 1529 2039 1584; x_wconf 92' lang='lat' dir='ltr'><strong>subdit:</strong></span> <span class='ocrx_word' id='word_1_205' title='bbox 2073 1545 2092 1578; x_wconf 75' lang='grc' dir='ltr'>ι</span> <span class='ocrx_word' id='word_1_206' title='bbox 2123 1527 2258 1591; x_wconf 87' lang='lat' dir='ltr'><strong>Quid</strong></span> <span class='ocrx_word' id='word_1_207' title='bbox 2300 1539 2514 1579; x_wconf 89' lang='lat' dir='ltr'><strong>necesse</strong></span> <span class='ocrx_word' id='word_1_208' title='bbox 2557 1535 2638 1579; x_wconf 92' lang='lat' dir='ltr'><strong>est</strong></span> <span class='ocrx_word' id='word_1_209' title='bbox 2676 1527 2918 1580; x_wconf 87' lang='lat' dir='ltr'><strong>obsidere</strong></span> <span class='ocrx_word' id='word_1_210' title='bbox 2965 1527 3352 1596; x_wconf 84' lang='lat' dir='ltr'><strong>Propontidem,</strong></span> 
     </span>
    </p>
   </div>
   <div class='ocr_carea' id='block_1_31' title="bbox 1825 1617 3357 1687">
    <p class='ocr_par' dir='ltr' id='par_1_31' title="bbox 1825 1617 3357 1687">
     <span class='ocr_line' id='line_1_31' title="bbox 1825 1617 3357 1687; baseline 0.001 -14"><span class='ocrx_word' id='word_1_211' title='bbox 1825 1630 2031 1674; x_wconf 87' lang='lat' dir='ltr'><strong>mutare</strong></span> <span class='ocrx_word' id='word_1_212' title='bbox 2064 1618 2201 1680; x_wconf 89' lang='lat' dir='ltr'><strong>loca,</strong></span> <span class='ocrx_word' id='word_1_213' title='bbox 2243 1617 2477 1671; x_wconf 89' lang='lat' dir='ltr'><strong>diversas</strong></span> <span class='ocrx_word' id='word_1_214' title='bbox 2516 1617 2741 1672; x_wconf 87' lang='lat' dir='ltr'><strong>lustrare</strong></span> <span class='ocrx_word' id='word_1_215' title='bbox 2787 1619 3050 1687; x_wconf 88' lang='lat' dir='ltr'><strong>regiones,</strong></span> <span class='ocrx_word' id='word_1_216' title='bbox 3087 1627 3142 1672; x_wconf 91' lang='lat' dir='ltr'><strong>et</strong></span> <span class='ocrx_word' id='word_1_217' title='bbox 3175 1618 3357 1674; x_wconf 84' lang='lat' dir='ltr'><strong>claris-</strong></span> 
     </span>
    </p>
   </div>
   <div class='ocr_carea' id='block_1_32' title="bbox 1826 1703 3356 1776">
    <p class='ocr_par' dir='ltr' id='par_1_32' title="bbox 1826 1703 3356 1776">
     <span class='ocr_line' id='line_1_32' title="bbox 1826 1703 3356 1776; baseline -0.008 -15"><span class='ocrx_word' id='word_1_218' title='bbox 1826 1708 2013 1761; x_wconf 88' lang='lat' dir='ltr'><strong>simum</strong></span> <span class='ocrx_word' id='word_1_219' title='bbox 2056 1704 2356 1773; x_wconf 89' lang='lat' dir='ltr'><strong>pontiﬁcem</strong></span> <span class='ocrx_word' id='word_1_220' title='bbox 2393 1703 2629 1765; x_wconf 89' lang='lat' dir='ltr'><strong>Christi,</strong></span> <span class='ocrx_word' id='word_1_221' title='bbox 2681 1705 2904 1774; x_wconf 83' lang='lat' dir='ltr'><strong>ejusque</strong></span> <span class='ocrx_word' id='word_1_222' title='bbox 2945 1708 3228 1776; x_wconf 78' lang='lat' dir='ltr'><strong>discipulus</strong></span> <span class='ocrx_word' id='word_1_223' title='bbox 3277 1723 3356 1761; x_wconf 68' lang='lat' dir='ltr'><strong>ra.</strong></span> 
     </span>
    </p>
   </div>
   <div class='ocr_carea' id='block_1_33' title="bbox 172 1777 3354 1862">
    <p class='ocr_par' dir='ltr' id='par_1_33' title="bbox 172 1777 3354 1862">
     <span class='ocr_line' id='line_1_33' title="bbox 172 1777 3354 1862; baseline 0.002 -22"><span class='ocrx_word' id='word_1_224' title='bbox 172 1785 305 1840; x_wconf 87' lang='lat' dir='ltr'><strong>dum</strong></span> <span class='ocrx_word' id='word_1_225' title='bbox 341 1788 566 1856; x_wconf 90' lang='lat' dir='ltr'><strong>ignoras</strong></span> <span class='ocrx_word' id='word_1_226' title='bbox 591 1791 900 1844; x_wconf 89' lang='lat' dir='ltr'><strong>sententiam</strong></span> <span class='ocrx_word' id='word_1_227' title='bbox 932 1793 1260 1846; x_wconf 60' lang='lat' dir='ltr'><strong>roboraresa</strong></span> <span class='ocrx_word' id='word_1_228' title='bbox 1296 1793 1357 1845; x_wconf 88' lang='lat' dir='ltr'><strong>Et</strong></span> <span class='ocrx_word' id='word_1_229' title='bbox 1389 1793 1544 1860; x_wconf 89' lang='lat' dir='ltr'><strong>paulo</strong></span> <span class='ocrx_word' id='word_1_230' title='bbox 1573 1801 1722 1861; x_wconf 89' lang='lat' dir='ltr'><strong>post:</strong></span> <span class='ocrx_word' id='word_1_231' title='bbox 1759 1777 1800 1835; x_wconf 78' lang='grc' dir='ltr'><strong>Β</strong></span> <span class='ocrx_word' id='word_1_232' title='bbox 1825 1796 1948 1849; x_wconf 88' lang='lat' dir='ltr'><strong>bido</strong></span> <span class='ocrx_word' id='word_1_233' title='bbox 1977 1809 2068 1848; x_wconf 93' lang='lat' dir='ltr'><strong>ore</strong></span> <span class='ocrx_word' id='word_1_234' title='bbox 2101 1795 2432 1862; x_wconf 82' lang='lat' dir='ltr'><strong>discerpere?</strong></span> <span class='ocrx_word' id='word_1_235' title='bbox 2483 1791 2538 1846; x_wconf 88' lang='lat' dir='ltr'><strong>Si</strong></span> <span class='ocrx_word' id='word_1_236' title='bbox 2573 1808 2695 1847; x_wconf 82' lang='lat' dir='ltr'><strong>vera</strong></span> <span class='ocrx_word' id='word_1_237' title='bbox 2744 1794 3038 1862; x_wconf 90' lang='lat' dir='ltr'><strong>loquimini,</strong></span> <span class='ocrx_word' id='word_1_238' title='bbox 3075 1797 3354 1862; x_wconf 90' lang='lat' dir='ltr'><strong>pristinum</strong></span> 
     </span>
    </p>
   </div>
   <div class='ocr_carea' id='block_1_34' title="bbox 178 1874 1726 1949">
    <p class='ocr_par' dir='ltr' id='par_1_34' title="bbox 178 1874 1726 1949">
     <span class='ocr_line' id='line_1_34' title="bbox 178 1874 1726 1949; baseline 0.004 -21"><span class='ocrx_word' id='word_1_239' title='bbox 178 1892 198 1926; x_wconf 79' lang='grc' dir='ltr'>ι</span> <span class='ocrx_word' id='word_1_240' title='bbox 232 1874 555 1932; x_wconf 87' lang='lat' dir='ltr'><strong>Vincentius</strong></span> <span class='ocrx_word' id='word_1_241' title='bbox 583 1879 853 1947; x_wconf 82' lang='lat' dir='ltr'><strong>presbyter</strong></span> <span class='ocrx_word' id='word_1_242' title='bbox 873 1889 994 1933; x_wconf 86' lang='lat' dir='ltr'><strong>ante</strong></span> <span class='ocrx_word' id='word_1_243' title='bbox 1021 1880 1234 1934; x_wconf 90' lang='lat' dir='ltr'><strong>biduum</strong></span> <span class='ocrx_word' id='word_1_244' title='bbox 1261 1896 1416 1949; x_wconf 87' lang='lat' dir='ltr'><strong>quam</strong></span> <span class='ocrx_word' id='word_1_245' title='bbox 1450 1882 1584 1934; x_wconf 88' lang='lat' dir='ltr'><strong>hanc</strong></span> <span class='ocrx_word' id='word_1_246' title='bbox 1614 1881 1726 1948; x_wconf 82' lang='lat' dir='ltr'><strong>epi-</strong></span> 
     </span>
    </p>
   </div>
   <div class='ocr_carea' id='block_1_35' title="bbox 171 1968 1730 2040">
    <p class='ocr_par' dir='ltr' id='par_1_35' title="bbox 171 1968 1730 2040">
     <span class='ocr_line' id='line_1_35' title="bbox 171 1968 1730 2040; baseline 0.001 -17"><span class='ocrx_word' id='word_1_247' title='bbox 171 1968 380 2023; x_wconf 84' lang='lat' dir='ltr'><strong>stolam</strong></span> <span class='ocrx_word' id='word_1_248' title='bbox 411 1970 613 2034; x_wconf 88' lang='lat' dir='ltr'><strong>darem,</strong></span> <span class='ocrx_word' id='word_1_249' title='bbox 638 1972 702 2024; x_wconf 89' lang='lat' dir='ltr'><strong>de</strong></span> <span class='ocrx_word' id='word_1_250' title='bbox 743 1968 882 2024; x_wconf 88' lang='lat' dir='ltr'><strong>Urbe</strong></span> <span class='ocrx_word' id='word_1_251' title='bbox 907 1971 1068 2034; x_wconf 81' lang='lat' dir='ltr'><strong>venit,</strong></span> <span class='ocrx_word' id='word_1_252' title='bbox 1092 1983 1147 2025; x_wconf 91' lang='lat' dir='ltr'><strong>et</strong></span> <span class='ocrx_word' id='word_1_253' title='bbox 1169 1972 1474 2040; x_wconf 89' lang='lat' dir='ltr'><strong>suppliciter</strong></span> <span class='ocrx_word' id='word_1_254' title='bbox 1504 1982 1552 2026; x_wconf 92' lang='lat' dir='ltr'><strong>te</strong></span> <span class='ocrx_word' id='word_1_255' title='bbox 1589 1972 1730 2026; x_wconf 86' lang='lat' dir='ltr'><strong>salu-</strong></span> 
     </span>
    </p>
   </div>
   <div class='ocr_carea' id='block_1_36' title="bbox 175 2057 1730 2125">
    <p class='ocr_par' dir='ltr' id='par_1_36' title="bbox 175 2057 1730 2125">
     <span class='ocr_line' id='line_1_36' title="bbox 175 2057 1730 2125; baseline 0.004 -17"><span class='ocrx_word' id='word_1_256' title='bbox 175 2067 291 2120; x_wconf 85' lang='lat' dir='ltr'><strong>tat,</strong></span> <span class='ocrx_word' id='word_1_257' title='bbox 344 2057 650 2125; x_wconf 88' lang='lat' dir='ltr'><strong>crebroque</strong></span> <span class='ocrx_word' id='word_1_258' title='bbox 700 2073 943 2112; x_wconf 86' lang='lat' dir='ltr'><strong>sermone</strong></span> <span class='ocrx_word' id='word_1_259' title='bbox 1001 2061 1336 2114; x_wconf 88' lang='lat' dir='ltr'><strong>concelebrat</strong></span> <span class='ocrx_word' id='word_1_260' title='bbox 1381 2061 1635 2123; x_wconf 82' lang='lat' dir='ltr'><strong>Romam,</strong></span> <span class='ocrx_word' id='word_1_261' title='bbox 1677 2070 1730 2114; x_wconf 88' lang='lat' dir='ltr'><strong>et</strong></span> 
     </span>
    </p>
   </div>
   <div class='ocr_carea' id='block_1_37' title="bbox 171 2145 1726 2215">
    <p class='ocr_par' dir='ltr' id='par_1_37' title="bbox 171 2145 1726 2215">
     <span class='ocr_line' id='line_1_37' title="bbox 171 2145 1726 2215; baseline 0.001 -17"><span class='ocrx_word' id='word_1_262' title='bbox 171 2154 352 2200; x_wconf 86' lang='lat' dir='ltr'><strong>totam</strong></span> <span class='ocrx_word' id='word_1_263' title='bbox 405 2145 608 2199; x_wconf 85' lang='lat' dir='ltr'><strong>Italiam</strong></span> <span class='ocrx_word' id='word_1_264' title='bbox 657 2147 758 2200; x_wconf 89' lang='lat' dir='ltr'><strong>tuis</strong></span> <span class='ocrx_word' id='word_1_265' title='bbox 795 2155 913 2215; x_wconf 88' lang='lat' dir='ltr'><strong>post</strong></span> <span class='ocrx_word' id='word_1_266' title='bbox 947 2148 1213 2201; x_wconf 79' lang='lat' dir='ltr'><strong>Christum</strong></span> <span class='ocrx_word' id='word_1_267' title='bbox 1258 2148 1492 2215; x_wconf 87' lang='lat' dir='ltr'><strong>epistolis</strong></span> <span class='ocrx_word' id='word_1_268' title='bbox 1531 2148 1726 2201; x_wconf 89' lang='lat' dir='ltr'><strong>libera-</strong></span> 
     </span>
    </p>
   </div>
   <div class='ocr_carea' id='block_1_38' title="bbox 170 2235 1729 2304">
    <p class='ocr_par' dir='ltr' id='par_1_38' title="bbox 170 2235 1729 2304">
     <span class='ocr_line' id='line_1_38' title="bbox 170 2235 1729 2304; baseline 0.002 -16"><span class='ocrx_word' id='word_1_269' title='bbox 170 2245 286 2288; x_wconf 85' lang='lat' dir='ltr'><strong>tam</strong></span> <span class='ocrx_word' id='word_1_270' title='bbox 317 2249 334 2286; x_wconf 88' lang='lat'><strong>:</strong></span> <span class='ocrx_word' id='word_1_271' title='bbox 367 2251 389 2284; x_wconf 75' lang='grc' dir='ltr'><strong><em>ι</em></strong></span> <span class='ocrx_word' id='word_1_272' title='bbox 429 2249 556 2287; x_wconf 88' lang='lat' dir='ltr'><strong>cura</strong></span> <span class='ocrx_word' id='word_1_273' title='bbox 585 2235 828 2288; x_wconf 78' lang='lat' dir='ltr'><strong>nimirum</strong></span> <span class='ocrx_word' id='word_1_274' title='bbox 863 2237 1122 2290; x_wconf 85' lang='lat' dir='ltr'><strong>Anastasii</strong></span> <span class='ocrx_word' id='word_1_275' title='bbox 1155 2252 1317 2304; x_wconf 67' lang='lat' dir='ltr'><strong>papas,</strong></span> <span class='ocrx_word' id='word_1_276' title='bbox 1353 2251 1380 2289; x_wconf 81' lang='lat' dir='ltr'><strong>a</strong></span> <span class='ocrx_word' id='word_1_277' title='bbox 1407 2252 1530 2304; x_wconf 90' lang='lat' dir='ltr'><strong>quo,</strong></span> <span class='ocrx_word' id='word_1_278' title='bbox 1561 2248 1616 2289; x_wconf 92' lang='lat' dir='ltr'><strong>ut</strong></span> <span class='ocrx_word' id='word_1_279' title='bbox 1641 2251 1729 2291; x_wconf 88' lang='lat' dir='ltr'><strong>su-</strong></span> 
     </span>
    </p>
   </div>
   <div class='ocr_carea' id='block_1_39' title="bbox 166 2325 1728 2396">
    <p class='ocr_par' dir='ltr' id='par_1_39' title="bbox 166 2325 1728 2396">
     <span class='ocr_line' id='line_1_39' title="bbox 166 2325 1728 2396; baseline -0.002 -16"><span class='ocrx_word' id='word_1_280' title='bbox 166 2327 404 2396; x_wconf 85' lang='lat' dir='ltr'><strong>periore</strong></span> <span class='ocrx_word' id='word_1_281' title='bbox 433 2326 668 2382; x_wconf 86' lang='lat' dir='ltr'><strong>sectione</strong></span> <span class='ocrx_word' id='word_1_282' title='bbox 707 2327 903 2380; x_wconf 91' lang='lat' dir='ltr'><strong>dictum</strong></span> <span class='ocrx_word' id='word_1_283' title='bbox 941 2335 1045 2388; x_wconf 86' lang='lat' dir='ltr'><strong>est,</strong></span> <span class='ocrx_word' id='word_1_284' title='bbox 1075 2325 1383 2394; x_wconf 73' lang='lat' dir='ltr'><strong>proﬂigatus</strong></span> <span class='ocrx_word' id='word_1_285' title='bbox 1412 2325 1582 2380; x_wconf 87' lang='lat' dir='ltr'><strong>fuerat</strong></span> <span class='ocrx_word' id='word_1_286' title='bbox 1607 2326 1728 2379; x_wconf 50' lang='lat' dir='ltr'><strong>Ori-o</strong></span> 
     </span>
    </p>
   </div>
   <div class='ocr_carea' id='block_1_40' title="bbox 162 2413 1727 2485">
    <p class='ocr_par' dir='ltr' id='par_1_40' title="bbox 162 2413 1727 2485">
     <span class='ocr_line' id='line_1_40' title="bbox 162 2413 1727 2485; baseline -0.001 -17"><span class='ocrx_word' id='word_1_287' title='bbox 162 2415 482 2485; x_wconf 87' lang='lat' dir='ltr'><strong>genismus.</strong></span> <span class='ocrx_word' id='word_1_288' title='bbox 527 2413 579 2467; x_wconf 89' lang='lat' dir='ltr'><strong>In</strong></span> <span class='ocrx_word' id='word_1_289' title='bbox 624 2414 722 2467; x_wconf 87' lang='lat' dir='ltr'><strong>alia</strong></span> <span class='ocrx_word' id='word_1_290' title='bbox 761 2414 826 2467; x_wconf 89' lang='lat' dir='ltr'><strong>ad</strong></span> <span class='ocrx_word' id='word_1_291' title='bbox 863 2414 1104 2467; x_wconf 87' lang='lat' dir='ltr'><strong>eumdem</strong></span> <span class='ocrx_word' id='word_1_292' title='bbox 1139 2413 1364 2480; x_wconf 89' lang='lat' dir='ltr'><strong>epistola</strong></span> <span class='ocrx_word' id='word_1_293' title='bbox 1394 2416 1460 2476; x_wconf 78' lang='lat'><strong>“,</strong></span> <span class='ocrx_word' id='word_1_294' title='bbox 1492 2413 1727 2467; x_wconf 87' lang='lat' dir='ltr'><strong>Priscum</strong></span> 
     </span>
    </p>
   </div>
   <div class='ocr_carea' id='block_1_41' title="bbox 160 2502 1730 2572">
    <p class='ocr_par' dir='ltr' id='par_1_41' title="bbox 160 2502 1730 2572">
     <span class='ocr_line' id='line_1_41' title="bbox 160 2502 1730 2572; baseline -0.001 -13"><span class='ocrx_word' id='word_1_295' title='bbox 160 2516 220 2559; x_wconf 89' lang='lat' dir='ltr'><strong>et</strong></span> <span class='ocrx_word' id='word_1_296' title='bbox 264 2504 554 2560; x_wconf 86' lang='lat' dir='ltr'><strong>Eubulutn</strong></span> <span class='ocrx_word' id='word_1_297' title='bbox 597 2518 627 2556; x_wconf 89' lang='lat' dir='ltr'><strong>a</strong></span> <span class='ocrx_word' id='word_1_298' title='bbox 677 2503 966 2569; x_wconf 77' lang='lat' dir='ltr'><strong>Theophila</strong></span> <span class='ocrx_word' id='word_1_299' title='bbox 1029 2503 1082 2555; x_wconf 93' lang='lat' dir='ltr'><strong>in</strong></span> <span class='ocrx_word' id='word_1_300' title='bbox 1136 2502 1470 2556; x_wconf 65' lang='lat' dir='ltr'><strong>Palaestinam</strong></span> <span class='ocrx_word' id='word_1_301' title='bbox 1532 2503 1730 2572; x_wconf 77' lang='lat' dir='ltr'><strong>legatos</strong></span> 
     </span>
    </p>
   </div>
   <div class='ocr_carea' id='block_1_42' title="bbox 162 2591 1729 2659">
    <p class='ocr_par' dir='ltr' id='par_1_42' title="bbox 162 2591 1729 2659">
     <span class='ocr_line' id='line_1_42' title="bbox 162 2591 1729 2659; baseline -0.002 -11"><span class='ocrx_word' id='word_1_302' title='bbox 162 2603 374 2648; x_wconf 85' lang='lat' dir='ltr'><strong>narrat</strong></span> <span class='ocrx_word' id='word_1_303' title='bbox 405 2594 670 2659; x_wconf 88' lang='lat' dir='ltr'><strong>dispersos</strong></span> <span class='ocrx_word' id='word_1_304' title='bbox 705 2591 928 2659; x_wconf 86' lang='lat' dir='ltr'><strong>regulos.</strong></span> <span class='ocrx_word' id='word_1_305' title='bbox 959 2591 1286 2658; x_wconf 89' lang='lat' dir='ltr'><strong>Origenistas</strong></span> <span class='ocrx_word' id='word_1_306' title='bbox 1328 2593 1598 2654; x_wconf 88' lang='lat' dir='ltr'><strong>nimirum,</strong></span> <span class='ocrx_word' id='word_1_307' title='bbox 1637 2607 1729 2645; x_wconf 84' lang='lat' dir='ltr'><strong>us-</strong></span> 
     </span>
    </p>
   </div>
   <div class='ocr_carea' id='block_1_43' title="bbox 159 2680 1731 2753">
    <p class='ocr_par' dir='ltr' id='par_1_43' title="bbox 159 2680 1731 2753">
     <span class='ocr_line' id='line_1_43' title="bbox 159 2680 1731 2753; baseline -0.001 -17"><span class='ocrx_word' id='word_1_308' title='bbox 159 2697 278 2753; x_wconf 73' lang='lat' dir='ltr'><strong>que</strong></span> <span class='ocrx_word' id='word_1_309' title='bbox 330 2683 408 2734; x_wconf 86' lang='lat' dir='ltr'><strong>ad</strong></span> <span class='ocrx_word' id='word_1_310' title='bbox 455 2696 574 2734; x_wconf 85' lang='lat' dir='ltr'><strong>suas</strong></span> <span class='ocrx_word' id='word_1_311' title='bbox 620 2680 850 2734; x_wconf 89' lang='lat' dir='ltr'><strong>latebras</strong></span> <span class='ocrx_word' id='word_1_312' title='bbox 902 2681 1064 2734; x_wconf 90' lang='lat' dir='ltr'><strong>fuisse</strong></span> <span class='ocrx_word' id='word_1_313' title='bbox 1113 2691 1453 2746; x_wconf 88' lang='lat' dir='ltr'><strong>persecutos;</strong></span> <span class='ocrx_word' id='word_1_314' title='bbox 1504 2681 1731 2749; x_wconf 85' lang='lat' dir='ltr'><strong>gaudere</strong></span> 
     </span>
    </p>
   </div>
   <div class='ocr_carea' id='block_1_44' title="bbox 159 2769 1732 2838">
    <p class='ocr_par' dir='ltr' id='par_1_44' title="bbox 159 2769 1732 2838">
     <span class='ocr_line' id='line_1_44' title="bbox 159 2769 1732 2838; baseline -0.003 -10"><span class='ocrx_word' id='word_1_315' title='bbox 159 2787 381 2829; x_wconf 86' lang='lat' dir='ltr'><strong>omnes</strong></span> <span class='ocrx_word' id='word_1_316' title='bbox 418 2771 488 2824; x_wconf 93' lang='lat' dir='ltr'><strong>ob</strong></span> <span class='ocrx_word' id='word_1_317' title='bbox 527 2780 728 2838; x_wconf 89' lang='lat' dir='ltr'><strong>partam</strong></span> <span class='ocrx_word' id='word_1_318' title='bbox 758 2770 824 2824; x_wconf 90' lang='lat' dir='ltr'><strong>ab</strong></span> <span class='ocrx_word' id='word_1_319' title='bbox 856 2771 1117 2824; x_wconf 66' lang='lat' dir='ltr'><strong>haereticis</strong></span> <span class='ocrx_word' id='word_1_320' title='bbox 1162 2771 1477 2825; x_wconf 86' lang='lat' dir='ltr'><strong>victoriam:</strong></span> <span class='ocrx_word' id='word_1_321' title='bbox 1516 2788 1534 2821; x_wconf 71' lang='grc' dir='ltr'><strong><em>ι</em></strong></span> <span class='ocrx_word' id='word_1_322' title='bbox 1564 2769 1732 2824; x_wconf 83' lang='lat' dir='ltr'><strong>Macte</strong></span> 
     </span>
    </p>
   </div>
   <div class='ocr_carea' id='block_1_45' title="bbox 163 2859 1732 2928">
    <p class='ocr_par' dir='ltr' id='par_1_45' title="bbox 163 2859 1732 2928">
     <span class='ocr_line' id='line_1_45' title="bbox 163 2859 1732 2928; baseline -0.001 -14"><span class='ocrx_word' id='word_1_323' title='bbox 163 2865 424 2924; x_wconf 87' lang='lat' dir='ltr'><strong>virtute,</strong></span> <span class='ocrx_word' id='word_1_324' title='bbox 469 2859 667 2928; x_wconf 90' lang='lat' dir='ltr'><strong>inquit,</strong></span> <span class='ocrx_word' id='word_1_325' title='bbox 711 2870 878 2912; x_wconf 87' lang='lat' dir='ltr'><strong>macte</strong></span> <span class='ocrx_word' id='word_1_326' title='bbox 915 2860 1028 2912; x_wconf 85' lang='lat' dir='ltr'><strong>zelo</strong></span> <span class='ocrx_word' id='word_1_327' title='bbox 1078 2860 1231 2923; x_wconf 91' lang='lat' dir='ltr'><strong>ﬁdei,</strong></span> <span class='ocrx_word' id='word_1_328' title='bbox 1274 2859 1546 2912; x_wconf 86' lang='lat' dir='ltr'><strong>ostendisti</strong></span> <span class='ocrx_word' id='word_1_329' title='bbox 1594 2859 1732 2928; x_wconf 85' lang='lat' dir='ltr'><strong>quod</strong></span> 
     </span>
    </p>
   </div>
   <div class='ocr_carea' id='block_1_46' title="bbox 164 2947 1720 3015">
    <p class='ocr_par' dir='ltr' id='par_1_46' title="bbox 164 2947 1720 3015">
     <span class='ocr_line' id='line_1_46' title="bbox 164 2947 1720 3015; baseline -0.001 -11"><span class='ocrx_word' id='word_1_330' title='bbox 164 2953 280 3004; x_wconf 88' lang='lat' dir='ltr'><strong>huc</strong></span> <span class='ocrx_word' id='word_1_331' title='bbox 340 2960 518 3015; x_wconf 88' lang='lat' dir='ltr'><strong>usque</strong></span> <span class='ocrx_word' id='word_1_332' title='bbox 563 2947 896 3000; x_wconf 89' lang='lat' dir='ltr'><strong>taciturnitas</strong></span> <span class='ocrx_word' id='word_1_333' title='bbox 929 2948 1251 3015; x_wconf 84' lang='lat' dir='ltr'><strong>dispensatio</strong></span> <span class='ocrx_word' id='word_1_334' title='bbox 1293 2948 1422 3014; x_wconf 90' lang='lat' dir='ltr'><strong>fuit,</strong></span> <span class='ocrx_word' id='word_1_335' title='bbox 1467 2964 1568 3003; x_wconf 89' lang='lat' dir='ltr'><strong>non</strong></span> <span class='ocrx_word' id='word_1_336' title='bbox 1603 2964 1720 3002; x_wconf 89' lang='lat' dir='ltr'><strong>con-</strong></span> 
     </span>
    </p>
   </div>
   <div class='ocr_carea' id='block_1_47' title="bbox 163 3035 1729 3106">
    <p class='ocr_par' dir='ltr' id='par_1_47' title="bbox 163 3035 1729 3106">
     <span class='ocr_line' id='line_1_47' title="bbox 163 3035 1729 3106; baseline -0.003 -12"><span class='ocrx_word' id='word_1_337' title='bbox 163 3053 404 3094; x_wconf 84' lang='lat' dir='ltr'><strong>sensus.</strong></span> <span class='ocrx_word' id='word_1_338' title='bbox 435 3055 456 3087; x_wconf 66' lang='lat'>»</span> <span class='ocrx_word' id='word_1_339' title='bbox 506 3035 778 3092; x_wconf 87' lang='lat' dir='ltr'><strong>Postremo</strong></span> <span class='ocrx_word' id='word_1_340' title='bbox 823 3035 1078 3091; x_wconf 78' lang='lat' dir='ltr'><strong>Joannem</strong></span> <span class='ocrx_word' id='word_1_341' title='bbox 1128 3036 1620 3106; x_wconf 87' lang='lat' dir='ltr'><strong>Jerosolymitanum</strong></span> <span class='ocrx_word' id='word_1_342' title='bbox 1661 3039 1729 3092; x_wconf 93' lang='lat' dir='ltr'><strong>ob</strong></span> 
     </span>
    </p>
   </div>
   <div class='ocr_carea' id='block_1_48' title="bbox 161 3127 1729 3196">
    <p class='ocr_par' dir='ltr' id='par_1_48' title="bbox 161 3127 1729 3196">
     <span class='ocr_line' id='line_1_48' title="bbox 161 3127 1729 3196; baseline -0.003 -12"><span class='ocrx_word' id='word_1_343' title='bbox 161 3137 504 3194; x_wconf 87' lang='lat' dir='ltr'><strong>susceptum</strong></span> <span class='ocrx_word' id='word_1_344' title='bbox 531 3127 883 3195; x_wconf 84' lang='lat' dir='ltr'><strong>Origenistam</strong></span> <span class='ocrx_word' id='word_1_345' title='bbox 910 3128 1217 3195; x_wconf 87' lang='lat' dir='ltr'><strong>quemdam,</strong></span> <span class='ocrx_word' id='word_1_346' title='bbox 1246 3138 1527 3196; x_wconf 86' lang='lat' dir='ltr'><strong>antequam</strong></span> <span class='ocrx_word' id='word_1_347' title='bbox 1559 3127 1729 3181; x_wconf 90' lang='lat' dir='ltr'><strong>Theo-</strong></span> 
     </span>
    </p>
   </div>
   <div class='ocr_carea' id='block_1_49' title="bbox 165 3218 1732 3289">
    <p class='ocr_par' dir='ltr' id='par_1_49' title="bbox 165 3218 1732 3289">
     <span class='ocr_line' id='line_1_49' title="bbox 165 3218 1732 3289; baseline -0.002 -15"><span class='ocrx_word' id='word_1_348' title='bbox 165 3220 310 3289; x_wconf 89' lang='lat' dir='ltr'><strong>phili</strong></span> <span class='ocrx_word' id='word_1_349' title='bbox 343 3219 562 3271; x_wconf 86' lang='lat' dir='ltr'><strong>litteras</strong></span> <span class='ocrx_word' id='word_1_350' title='bbox 583 3218 890 3282; x_wconf 88' lang='lat' dir='ltr'><strong>accepisset,</strong></span> <span class='ocrx_word' id='word_1_351' title='bbox 917 3229 1135 3272; x_wconf 83' lang='lat' dir='ltr'><strong>excusat</strong></span> <span class='ocrx_word' id='word_1_352' title='bbox 1163 3219 1246 3272; x_wconf 91' lang='lat' dir='ltr'><strong>his</strong></span> <span class='ocrx_word' id='word_1_353' title='bbox 1268 3219 1478 3272; x_wconf 80' lang='lat' dir='ltr'><strong>verbis:</strong></span> <span class='ocrx_word' id='word_1_354' title='bbox 1514 3236 1531 3269; x_wconf 76' lang='grc' dir='ltr'>ι</span> <span class='ocrx_word' id='word_1_355' title='bbox 1563 3219 1732 3286; x_wconf 85' lang='lat' dir='ltr'><strong>Super</strong></span> 
     </span>
    </p>
   </div>
   <div class='ocr_carea' id='block_1_50' title="bbox 164 3306 1730 3376">
    <p class='ocr_par' dir='ltr' id='par_1_50' title="bbox 164 3306 1730 3376">
     <span class='ocr_line' id='line_1_50' title="bbox 164 3306 1730 3376; baseline -0.001 -13"><span class='ocrx_word' id='word_1_356' title='bbox 164 3306 537 3374; x_wconf 83' lang='lat' dir='ltr'><strong>susceptione</strong></span> <span class='ocrx_word' id='word_1_357' title='bbox 568 3307 838 3374; x_wconf 85' lang='lat' dir='ltr'><strong>cujusdam</strong></span> <span class='ocrx_word' id='word_1_358' title='bbox 875 3323 978 3361; x_wconf 92' lang='lat' dir='ltr'><strong>non</strong></span> <span class='ocrx_word' id='word_1_359' title='bbox 1009 3308 1165 3362; x_wconf 88' lang='lat' dir='ltr'><strong>debes</strong></span> <span class='ocrx_word' id='word_1_360' title='bbox 1192 3318 1372 3362; x_wconf 90' lang='lat' dir='ltr'><strong>contra</strong></span> <span class='ocrx_word' id='word_1_361' title='bbox 1405 3309 1550 3362; x_wconf 86' lang='lat' dir='ltr'><strong>urbis</strong></span> <span class='ocrx_word' id='word_1_362' title='bbox 1577 3309 1730 3376; x_wconf 90' lang='lat' dir='ltr'><strong>hujus</strong></span> 
     </span>
    </p>
   </div>
   <div class='ocr_carea' id='block_1_51' title="bbox 164 3394 1727 3464">
    <p class='ocr_par' dir='ltr' id='par_1_51' title="bbox 164 3394 1727 3464">
     <span class='ocr_line' id='line_1_51' title="bbox 164 3394 1727 3464; baseline 0 -12"><span class='ocrx_word' id='word_1_363' title='bbox 164 3399 371 3452; x_wconf 85' lang='lat' dir='ltr'><strong>dolere</strong></span> <span class='ocrx_word' id='word_1_364' title='bbox 423 3394 745 3462; x_wconf 87' lang='lat' dir='ltr'><strong>pontiﬁcem,</strong></span> <span class='ocrx_word' id='word_1_365' title='bbox 793 3397 912 3463; x_wconf 88' lang='lat' dir='ltr'><strong>quia</strong></span> <span class='ocrx_word' id='word_1_366' title='bbox 957 3397 1086 3450; x_wconf 90' lang='lat' dir='ltr'><strong>nihil</strong></span> <span class='ocrx_word' id='word_1_367' title='bbox 1135 3398 1236 3450; x_wconf 87' lang='lat' dir='ltr'><strong>tuis</strong></span> <span class='ocrx_word' id='word_1_368' title='bbox 1289 3397 1481 3450; x_wconf 88' lang='lat' dir='ltr'><strong>litteris</strong></span> <span class='ocrx_word' id='word_1_369' title='bbox 1531 3411 1727 3464; x_wconf 66' lang='lat' dir='ltr'><strong>praece-</strong></span> 
     </span>
    </p>
   </div>
   <div class='ocr_carea' id='block_1_52' title="bbox 162 3486 1726 3562">
    <p class='ocr_par' dir='ltr' id='par_1_52' title="bbox 162 3486 1726 3562">
     <span class='ocr_line' id='line_1_52' title="bbox 162 3486 1726 3562; baseline -0.003 -18"><span class='ocrx_word' id='word_1_370' title='bbox 162 3493 299 3562; x_wconf 88' lang='lat' dir='ltr'><strong>pisti</strong></span> <span class='ocrx_word' id='word_1_371' title='bbox 343 3507 362 3543; x_wconf 87' lang='lat'><strong>:</strong></span> <span class='ocrx_word' id='word_1_372' title='bbox 413 3495 468 3540; x_wconf 88' lang='lat' dir='ltr'><strong>et</strong></span> <span class='ocrx_word' id='word_1_373' title='bbox 512 3489 844 3540; x_wconf 89' lang='lat' dir='ltr'><strong>temerarium</strong></span> <span class='ocrx_word' id='word_1_374' title='bbox 895 3486 992 3540; x_wconf 87' lang='lat' dir='ltr'><strong>fuit</strong></span> <span class='ocrx_word' id='word_1_375' title='bbox 1037 3489 1099 3542; x_wconf 89' lang='lat' dir='ltr'><strong>de</strong></span> <span class='ocrx_word' id='word_1_376' title='bbox 1135 3504 1198 3542; x_wconf 91' lang='lat' dir='ltr'><strong>eo</strong></span> <span class='ocrx_word' id='word_1_377' title='bbox 1239 3488 1376 3556; x_wconf 91' lang='lat' dir='ltr'><strong>quod</strong></span> <span class='ocrx_word' id='word_1_378' title='bbox 1426 3488 1726 3552; x_wconf 78' lang='lat' dir='ltr'><strong>nesciebat,</strong></span> 
     </span>
    </p>
   </div>
   <div class='ocr_carea' id='block_1_53' title="bbox 164 3573 1728 3640">
    <p class='ocr_par' dir='ltr' id='par_1_53' title="bbox 164 3573 1728 3640">
     <span class='ocr_line' id='line_1_53' title="bbox 164 3573 1728 3640; baseline -0.002 -8"><span class='ocrx_word' id='word_1_379' title='bbox 164 3582 326 3633; x_wconf 84' lang='lat' dir='ltr'><strong>ferre</strong></span> <span class='ocrx_word' id='word_1_380' title='bbox 363 3573 687 3628; x_wconf 87' lang='lat' dir='ltr'><strong>sententiam</strong></span> <span class='ocrx_word' id='word_1_381' title='bbox 711 3591 725 3626; x_wconf 90' lang='lat'><strong>:</strong></span> <span class='ocrx_word' id='word_1_382' title='bbox 753 3582 926 3627; x_wconf 87' lang='lat' dir='ltr'><strong>tamen</strong></span> <span class='ocrx_word' id='word_1_383' title='bbox 957 3588 1075 3627; x_wconf 91' lang='lat' dir='ltr'><strong>reor</strong></span> <span class='ocrx_word' id='word_1_384' title='bbox 1101 3574 1244 3628; x_wconf 90' lang='lat' dir='ltr'><strong>illum</strong></span> <span class='ocrx_word' id='word_1_385' title='bbox 1272 3589 1369 3629; x_wconf 89' lang='lat' dir='ltr'><strong>nec</strong></span> <span class='ocrx_word' id='word_1_386' title='bbox 1395 3575 1607 3640; x_wconf 87' lang='lat' dir='ltr'><strong>audere,</strong></span> <span class='ocrx_word' id='word_1_387' title='bbox 1633 3589 1728 3629; x_wconf 88' lang='lat' dir='ltr'><strong>nec</strong></span> 
     </span>
    </p>
   </div>
   <div class='ocr_carea' id='block_1_54' title="bbox 163 3659 1725 3728">
    <p class='ocr_par' dir='ltr' id='par_1_54' title="bbox 163 3659 1725 3728">
     <span class='ocr_line' id='line_1_54' title="bbox 163 3659 1725 3728; baseline -0.004 -8"><span class='ocrx_word' id='word_1_388' title='bbox 163 3666 313 3720; x_wconf 86' lang='lat' dir='ltr'><strong>velle</strong></span> <span class='ocrx_word' id='word_1_389' title='bbox 369 3672 425 3717; x_wconf 90' lang='lat' dir='ltr'><strong>te</strong></span> <span class='ocrx_word' id='word_1_390' title='bbox 470 3661 522 3715; x_wconf 90' lang='lat' dir='ltr'><strong>in</strong></span> <span class='ocrx_word' id='word_1_391' title='bbox 569 3660 747 3728; x_wconf 89' lang='lat' dir='ltr'><strong>aliquo</strong></span> <span class='ocrx_word' id='word_1_392' title='bbox 788 3659 995 3714; x_wconf 57' lang='lat' dir='ltr'><strong>laedere.</strong></span> <span class='ocrx_word' id='word_1_393' title='bbox 1021 3679 1040 3712; x_wconf 72' lang='grc' dir='ltr'><strong><em>ι</em></strong></span> <span class='ocrx_word' id='word_1_394' title='bbox 1091 3660 1292 3726; x_wconf 83' lang='lat' dir='ltr'><strong>Quibus</strong></span> <span class='ocrx_word' id='word_1_395' title='bbox 1335 3676 1435 3714; x_wconf 77' lang='lat' dir='ltr'><strong>non</strong></span> <span class='ocrx_word' id='word_1_396' title='bbox 1475 3659 1725 3716; x_wconf 76' lang='lat' dir='ltr'><strong>Joannem</strong></span> 
     </span>
    </p>
   </div>
   <div class='ocr_carea' id='block_1_55' title="bbox 163 3749 1727 3821">
    <p class='ocr_par' dir='ltr' id='par_1_55' title="bbox 163 3749 1727 3821">
     <span class='ocr_line' id='line_1_55' title="bbox 163 3749 1727 3821; baseline -0.003 -11"><span class='ocrx_word' id='word_1_397' title='bbox 163 3749 837 3821; x_wconf 60' lang='lat' dir='ltr'><strong>Jerosolymitanum,&#39;sed</strong></span> <span class='ocrx_word' id='word_1_398' title='bbox 867 3749 1304 3819; x_wconf 82' lang='lat' dir='ltr'><strong>Chrysostomum</strong></span> <span class='ocrx_word' id='word_1_399' title='bbox 1342 3753 1510 3805; x_wconf 91' lang='lat' dir='ltr'><strong>notari</strong></span> <span class='ocrx_word' id='word_1_400' title='bbox 1542 3763 1727 3820; x_wconf 90' lang='lat' dir='ltr'><strong>putant</strong></span> 
     </span>
    </p>
   </div>
   <div class='ocr_carea' id='block_1_56' title="bbox 164 3837 1729 3921">
    <p class='ocr_par' dir='ltr' id='par_1_56' title="bbox 164 3837 1729 3921">
     <span class='ocr_line' id='line_1_56' title="bbox 164 3837 1729 3921; baseline -0.002 -22"><span class='ocrx_word' id='word_1_401' title='bbox 164 3841 430 3899; x_wconf 88' lang='lat' dir='ltr'><strong>nonnulli</strong></span> <span class='ocrx_word' id='word_1_402' title='bbox 463 3857 477 3892; x_wconf 88' lang='lat'><strong>:</strong></span> <span class='ocrx_word' id='word_1_403' title='bbox 513 3837 606 3891; x_wconf 87' lang='lat' dir='ltr'><strong>sed</strong></span> <span class='ocrx_word' id='word_1_404' title='bbox 638 3853 741 3891; x_wconf 92' lang='lat' dir='ltr'><strong>non</strong></span> <span class='ocrx_word' id='word_1_405' title='bbox 772 3842 1084 3906; x_wconf 85' lang='lat' dir='ltr'><strong>persuadent</strong></span> <span class='ocrx_word' id='word_1_406' title='bbox 1113 3857 1129 3906; x_wconf 89' lang='lat'><strong>;</strong></span> <span class='ocrx_word' id='word_1_407' title='bbox 1179 3855 1299 3894; x_wconf 90' lang='lat' dir='ltr'><strong>nam</strong></span> <span class='ocrx_word' id='word_1_408' title='bbox 1342 3857 1501 3895; x_wconf 91' lang='lat' dir='ltr'><strong>unum</strong></span> <span class='ocrx_word' id='word_1_409' title='bbox 1545 3857 1729 3921; x_wconf 74' lang='lat' dir='ltr'><strong>quem-</strong></span> 
     </span>
    </p>
   </div>
   <div class='ocr_carea' id='block_1_57' title="bbox 162 3926 1726 3996">
    <p class='ocr_par' dir='ltr' id='par_1_57' title="bbox 162 3926 1726 3996">
     <span class='ocr_line' id='line_1_57' title="bbox 162 3926 1726 3996; baseline -0.002 -10"><span class='ocrx_word' id='word_1_410' title='bbox 162 3940 298 3988; x_wconf 78' lang='lat' dir='ltr'><strong>dam</strong></span> <span class='ocrx_word' id='word_1_411' title='bbox 336 3936 654 3994; x_wconf 89' lang='lat' dir='ltr'><strong>susceptum</strong></span> <span class='ocrx_word' id='word_1_412' title='bbox 682 3926 813 3980; x_wconf 87' lang='lat' dir='ltr'><strong>dicit</strong></span> <span class='ocrx_word' id='word_1_413' title='bbox 854 3927 1221 3996; x_wconf 84' lang='lat' dir='ltr'><strong>Hieronymus,</strong></span> <span class='ocrx_word' id='word_1_414' title='bbox 1263 3938 1317 3981; x_wconf 89' lang='lat' dir='ltr'><strong>at</strong></span> <span class='ocrx_word' id='word_1_415' title='bbox 1351 3929 1726 3996; x_wconf 77' lang='lat' dir='ltr'><strong>quinquaginta</strong></span> 
     </span>
    </p>
   </div>
   <div class='ocr_carea' id='block_1_58' title="bbox 160 4017 1727 4092">
    <p class='ocr_par' dir='ltr' id='par_1_58' title="bbox 160 4017 1727 4092">
     <span class='ocr_line' id='line_1_58' title="bbox 160 4017 1727 4092; baseline -0.006 -12"><span class='ocrx_word' id='word_1_416' title='bbox 160 4025 609 4092; x_wconf 83' lang='lat' dir='ltr'><strong>Chrysostomus</strong></span> <span class='ocrx_word' id='word_1_417' title='bbox 654 4017 902 4084; x_wconf 90' lang='lat' dir='ltr'><strong>suscepit.</strong></span> <span class='ocrx_word' id='word_1_418' title='bbox 948 4017 1142 4072; x_wconf 88' lang='lat' dir='ltr'><strong>Deinde</strong></span> <span class='ocrx_word' id='word_1_419' title='bbox 1183 4033 1303 4072; x_wconf 89' lang='lat' dir='ltr'><strong>eum</strong></span> <span class='ocrx_word' id='word_1_420' title='bbox 1352 4018 1427 4072; x_wconf 89' lang='lat' dir='ltr'><strong>ait</strong></span> <span class='ocrx_word' id='word_1_421' title='bbox 1475 4018 1727 4088; x_wconf 83' lang='lat' dir='ltr'><strong>Hierony-</strong></span> 
     </span>
    </p>
   </div>
   <div class='ocr_carea' id='block_1_59' title="bbox 162 4106 1729 4177">
    <p class='ocr_par' dir='ltr' id='par_1_59' title="bbox 162 4106 1729 4177">
     <span class='ocr_line' id='line_1_59' title="bbox 162 4106 1729 4177; baseline -0.002 -10"><span class='ocrx_word' id='word_1_422' title='bbox 162 4129 318 4177; x_wconf 85' lang='lat' dir='ltr'><strong>mus,</strong></span> <span class='ocrx_word' id='word_1_423' title='bbox 352 4107 516 4162; x_wconf 77' lang='lat' dir='ltr'><strong>Urbis</strong></span> <span class='ocrx_word' id='word_1_424' title='bbox 550 4106 727 4173; x_wconf 80' lang='lat' dir='ltr'><strong>hujus,</strong></span> <span class='ocrx_word' id='word_1_425' title='bbox 772 4115 942 4159; x_wconf 88' lang='lat' dir='ltr'><strong>tttram</strong></span> <span class='ocrx_word' id='word_1_426' title='bbox 981 4110 1154 4174; x_wconf 90' lang='lat' dir='ltr'><strong>potius</strong></span> <span class='ocrx_word' id='word_1_427' title='bbox 1187 4108 1396 4162; x_wconf 85' lang='lat' dir='ltr'><strong>videtur</strong></span> <span class='ocrx_word' id='word_1_428' title='bbox 1428 4110 1729 4176; x_wconf 88' lang='lat' dir='ltr'><strong>signiﬁcare</strong></span> 
     </span>
    </p>
   </div>
   <div class='ocr_carea' id='block_1_60' title="bbox 157 4187 1730 4259">
    <p class='ocr_par' dir='ltr' id='par_1_60' title="bbox 157 4187 1730 4259">
     <span class='ocr_line' id='line_1_60' title="bbox 157 4187 1730 4259; baseline -0.004 -4"><span class='ocrx_word' id='word_1_429' title='bbox 157 4192 707 4259; x_wconf 81' lang='lat' dir='ltr'><strong>Constantinopolim</strong></span> <span class='ocrx_word' id='word_1_430' title='bbox 739 4200 816 4244; x_wconf 92' lang='lat' dir='ltr'><strong>tot</strong></span> <span class='ocrx_word' id='word_1_431' title='bbox 858 4187 1516 4259; x_wconf 76' lang='lat' dir='ltr'><strong>ntausionihus&#39;dissitam;</strong></span> <span class='ocrx_word' id='word_1_432' title='bbox 1550 4211 1614 4248; x_wconf 90' lang='lat' dir='ltr'><strong>an</strong></span> <span class='ocrx_word' id='word_1_433' title='bbox 1644 4195 1730 4250; x_wconf 89' lang='lat' dir='ltr'><strong>Je-</strong></span> 
     </span>
    </p>
   </div>
   <div class='ocr_carea' id='block_1_61' title="bbox 163 4282 1728 4359">
    <p class='ocr_par' dir='ltr' id='par_1_61' title="bbox 163 4282 1728 4359">
     <span class='ocr_line' id='line_1_61' title="bbox 163 4282 1728 4359; baseline -0.003 -12"><span class='ocrx_word' id='word_1_434' title='bbox 163 4291 516 4359; x_wconf 80' lang='lat' dir='ltr'><strong>rusolymam</strong></span> <span class='ocrx_word' id='word_1_435' title='bbox 555 4282 704 4348; x_wconf 90' lang='lat' dir='ltr'><strong>cujus</strong></span> <span class='ocrx_word' id='word_1_436' title='bbox 733 4284 783 4338; x_wconf 92' lang='lat' dir='ltr'><strong>in</strong></span> <span class='ocrx_word' id='word_1_437' title='bbox 811 4284 998 4338; x_wconf 82' lang='lat' dir='ltr'><strong>viclhia</strong></span> <span class='ocrx_word' id='word_1_438' title='bbox 1029 4285 1138 4338; x_wconf 73' lang='lat' dir='ltr'><strong>lnec</strong></span> <span class='ocrx_word' id='word_1_439' title='bbox 1169 4285 1463 4340; x_wconf 82' lang='lat' dir='ltr'><strong>scribebat?</strong></span> <span class='ocrx_word' id='word_1_440' title='bbox 1499 4287 1728 4342; x_wconf 92' lang='lat' dir='ltr'><strong>Omnino</strong></span> 
     </span>
    </p>
   </div>
   <div class='ocr_carea' id='block_1_62' title="bbox 1827 1884 3356 1940">
    <p class='ocr_par' dir='ltr' id='par_1_62' title="bbox 1827 1884 3356 1940">
     <span class='ocr_line' id='line_1_62' title="bbox 1827 1884 3356 1940; baseline -0.001 0"><span class='ocrx_word' id='word_1_441' title='bbox 1827 1887 2024 1940; x_wconf 87' lang='lat' dir='ltr'><strong>erroris</strong></span> <span class='ocrx_word' id='word_1_442' title='bbox 2050 1887 2290 1939; x_wconf 88' lang='lat' dir='ltr'><strong>ardorem</strong></span> <span class='ocrx_word' id='word_1_443' title='bbox 2321 1885 2509 1938; x_wconf 83' lang='lat' dir='ltr'><strong>ardore</strong></span> <span class='ocrx_word' id='word_1_444' title='bbox 2545 1884 2664 1938; x_wconf 88' lang='lat' dir='ltr'><strong>ﬁdei</strong></span> <span class='ocrx_word' id='word_1_445' title='bbox 2705 1895 3044 1938; x_wconf 89' lang='lat' dir='ltr'><strong>commutate.</strong></span> <span class='ocrx_word' id='word_1_446' title='bbox 3073 1905 3089 1936; x_wconf 71' lang='grc' dir='ltr'>ι</span> <span class='ocrx_word' id='word_1_447' title='bbox 3140 1885 3356 1938; x_wconf 80' lang='lat' dir='ltr'><strong>Domum</strong></span> 
     </span>
    </p>
   </div>
   <div class='ocr_carea' id='block_1_63' title="bbox 1825 1973 3356 2042">
    <p class='ocr_par' dir='ltr' id='par_1_63' title="bbox 1825 1973 3356 2042">
     <span class='ocr_line' id='line_1_63' title="bbox 1825 1973 3356 2042; baseline -0.001 -13"><span class='ocrx_word' id='word_1_448' title='bbox 1825 1975 2110 2029; x_wconf 88' lang='lat' dir='ltr'><strong>Pascltales</strong></span> <span class='ocrx_word' id='word_1_449' title='bbox 2145 1974 2418 2041; x_wconf 87' lang='lat' dir='ltr'><strong>Theophili</strong></span> <span class='ocrx_word' id='word_1_450' title='bbox 2453 1975 2728 2041; x_wconf 87' lang='lat' dir='ltr'><strong>epistolas,</strong></span> <span class='ocrx_word' id='word_1_451' title='bbox 2767 1974 2958 2042; x_wconf 91' lang='lat' dir='ltr'><strong>quibus</strong></span> <span class='ocrx_word' id='word_1_452' title='bbox 2998 1973 3356 2042; x_wconf 84' lang='lat' dir='ltr'><strong>Origenismus</strong></span> 
     </span>
    </p>
   </div>
   <div class='ocr_carea' id='block_1_64' title="bbox 1824 2061 3356 2129">
    <p class='ocr_par' dir='ltr' id='par_1_64' title="bbox 1824 2061 3356 2129">
     <span class='ocr_line' id='line_1_64' title="bbox 1824 2061 3356 2129; baseline -0.001 -13"><span class='ocrx_word' id='word_1_453' title='bbox 1824 2063 2101 2127; x_wconf 87' lang='lat' dir='ltr'><strong>obteritur,</strong></span> <span class='ocrx_word' id='word_1_454' title='bbox 2145 2079 2174 2116; x_wconf 88' lang='lat' dir='ltr'><strong>a</strong></span> <span class='ocrx_word' id='word_1_455' title='bbox 2218 2071 2325 2116; x_wconf 90' lang='lat' dir='ltr'><strong>toto</strong></span> <span class='ocrx_word' id='word_1_456' title='bbox 2367 2061 2581 2116; x_wconf 89' lang='lat' dir='ltr'><strong>Oriente</strong></span> <span class='ocrx_word' id='word_1_457' title='bbox 2623 2076 2741 2116; x_wconf 91' lang='lat' dir='ltr'><strong>cum</strong></span> <span class='ocrx_word' id='word_1_458' title='bbox 2781 2061 3126 2115; x_wconf 87' lang='lat' dir='ltr'><strong>admiratione</strong></span> <span class='ocrx_word' id='word_1_459' title='bbox 3163 2062 3356 2129; x_wconf 83' lang='lat' dir='ltr'><strong>suscipi</strong></span> 
     </span>
    </p>
   </div>
   <div class='ocr_carea' id='block_1_65' title="bbox 1824 2149 2494 2218">
    <p class='ocr_par' dir='ltr' id='par_1_65' title="bbox 1824 2149 2494 2218">
     <span class='ocr_line' id='line_1_65' title="bbox 1824 2149 2494 2218; baseline -0.001 -13"><span class='ocrx_word' id='word_1_460' title='bbox 1824 2161 1878 2206; x_wconf 90' lang='lat' dir='ltr'><strong>et</strong></span> <span class='ocrx_word' id='word_1_461' title='bbox 1902 2151 2168 2218; x_wconf 81' lang='lat' dir='ltr'><strong>praedicari</strong></span> <span class='ocrx_word' id='word_1_462' title='bbox 2202 2149 2494 2204; x_wconf 90' lang='lat' dir='ltr'><strong>denuntiat.</strong></span> 
     </span>
    </p>
   </div>
   <div class='ocr_carea' id='block_1_66' title="bbox 1899 2239 3358 2302">
    <p class='ocr_par' dir='ltr' id='par_1_66' title="bbox 1899 2239 3358 2302">
     <span class='ocr_line' id='line_1_66' title="bbox 1899 2239 3358 2302; baseline 0.001 -10"><span class='ocrx_word' id='word_1_463' title='bbox 1899 2239 1983 2292; x_wconf 81' lang='lat' dir='ltr'><strong>Vl.</strong></span> <span class='ocrx_word' id='word_1_464' title='bbox 2017 2239 2225 2293; x_wconf 82' lang='lat' dir='ltr'><strong>Prolixe</strong></span> <span class='ocrx_word' id='word_1_465' title='bbox 2257 2239 2368 2292; x_wconf 69' lang='lat' dir='ltr'><strong>haec</strong></span> <span class='ocrx_word' id='word_1_466' title='bbox 2395 2253 2423 2291; x_wconf 91' lang='lat' dir='ltr'><strong>a</strong></span> <span class='ocrx_word' id='word_1_467' title='bbox 2455 2252 2538 2291; x_wconf 89' lang='lat' dir='ltr'><strong>me</strong></span> <span class='ocrx_word' id='word_1_468' title='bbox 2571 2247 2747 2291; x_wconf 89' lang='lat' dir='ltr'><strong>notata</strong></span> <span class='ocrx_word' id='word_1_469' title='bbox 2777 2247 2922 2302; x_wconf 91' lang='lat' dir='ltr'><strong>sunt,</strong></span> <span class='ocrx_word' id='word_1_470' title='bbox 2945 2247 3004 2290; x_wconf 91' lang='lat' dir='ltr'><strong>ut</strong></span> <span class='ocrx_word' id='word_1_471' title='bbox 3031 2253 3149 2291; x_wconf 92' lang='lat' dir='ltr'><strong>cum</strong></span> <span class='ocrx_word' id='word_1_472' title='bbox 3178 2248 3358 2293; x_wconf 87' lang='lat' dir='ltr'><strong>aucto-</strong></span> 
     </span>
    </p>
   </div>
   <div class='ocr_carea' id='block_1_67' title="bbox 1826 2327 3358 2393">
    <p class='ocr_par' dir='ltr' id='par_1_67' title="bbox 1826 2327 3358 2393">
     <span class='ocr_line' id='line_1_67' title="bbox 1826 2327 3358 2393; baseline -0.001 -11"><span class='ocrx_word' id='word_1_473' title='bbox 1826 2330 1980 2382; x_wconf 88' lang='lat' dir='ltr'><strong>ritate</strong></span> <span class='ocrx_word' id='word_1_474' title='bbox 2008 2327 2262 2389; x_wconf 85' lang='lat' dir='ltr'><strong>Palladii,</strong></span> <span class='ocrx_word' id='word_1_475' title='bbox 2308 2327 2565 2389; x_wconf 88' lang='lat' dir='ltr'><strong>Socratis,</strong></span> <span class='ocrx_word' id='word_1_476' title='bbox 2611 2327 2927 2390; x_wconf 87' lang='lat' dir='ltr'><strong>Sozomeni,</strong></span> <span class='ocrx_word' id='word_1_477' title='bbox 2978 2327 3192 2393; x_wconf 82' lang='lat' dir='ltr'><strong>Georgii</strong></span> <span class='ocrx_word' id='word_1_478' title='bbox 3234 2328 3358 2381; x_wconf 82' lang='lat' dir='ltr'><strong>Ale—</strong></span> 
     </span>
    </p>
   </div>
   <div class='ocr_carea' id='block_1_68' title="bbox 1826 2415 3359 2484">
    <p class='ocr_par' dir='ltr' id='par_1_68' title="bbox 1826 2415 3359 2484">
     <span class='ocr_line' id='line_1_68' title="bbox 1826 2415 3359 2484; baseline -0.003 -14"><span class='ocrx_word' id='word_1_479' title='bbox 1826 2417 2092 2479; x_wconf 79' lang='lat' dir='ltr'><strong>xandrini,</strong></span> <span class='ocrx_word' id='word_1_480' title='bbox 2133 2415 2378 2483; x_wconf 85' lang='lat' dir='ltr'><strong>anonymi</strong></span> <span class='ocrx_word' id='word_1_481' title='bbox 2427 2415 2642 2469; x_wconf 88' lang='lat' dir='ltr'><strong>alterius</strong></span> <span class='ocrx_word' id='word_1_482' title='bbox 2675 2415 2761 2482; x_wconf 91' lang='lat' dir='ltr'><strong>qui</strong></span> <span class='ocrx_word' id='word_1_483' title='bbox 2797 2415 3157 2484; x_wconf 84' lang='lat' dir='ltr'><strong>Chrysostomi</strong></span> <span class='ocrx_word' id='word_1_484' title='bbox 3198 2416 3359 2468; x_wconf 89' lang='lat' dir='ltr'><strong>vitam</strong></span> 
     </span>
    </p>
   </div>
   <div class='ocr_carea' id='block_1_69' title="bbox 1826 2501 3358 2566">
    <p class='ocr_par' dir='ltr' id='par_1_69' title="bbox 1826 2501 3358 2566">
     <span class='ocr_line' id='line_1_69' title="bbox 1826 2501 3358 2566; baseline -0.003 -6"><span class='ocrx_word' id='word_1_485' title='bbox 1826 2507 1878 2560; x_wconf 91' lang='lat' dir='ltr'><strong>in</strong></span> <span class='ocrx_word' id='word_1_486' title='bbox 1926 2506 2128 2559; x_wconf 88' lang='lat' dir='ltr'><strong>litteras</strong></span> <span class='ocrx_word' id='word_1_487' title='bbox 2154 2503 2351 2566; x_wconf 86' lang='lat' dir='ltr'><strong>retulit,</strong></span> <span class='ocrx_word' id='word_1_488' title='bbox 2386 2512 2440 2556; x_wconf 93' lang='lat' dir='ltr'><strong>et</strong></span> <span class='ocrx_word' id='word_1_489' title='bbox 2467 2517 2496 2554; x_wconf 90' lang='lat' dir='ltr'><strong>a</strong></span> <span class='ocrx_word' id='word_1_490' title='bbox 2523 2501 2720 2555; x_wconf 86' lang='lat' dir='ltr'><strong>Savilio</strong></span> <span class='ocrx_word' id='word_1_491' title='bbox 2758 2502 2931 2556; x_wconf 90' lang='lat' dir='ltr'><strong>editus</strong></span> <span class='ocrx_word' id='word_1_492' title='bbox 2959 2512 3040 2555; x_wconf 90' lang='lat' dir='ltr'><strong>est</strong></span> <span class='ocrx_word' id='word_1_493' title='bbox 3084 2512 3216 2555; x_wconf 90' lang='lat' dir='ltr'><strong>tom.</strong></span> <span class='ocrx_word' id='word_1_494' title='bbox 3255 2501 3358 2556; x_wconf 81' lang='lat' dir='ltr'><strong>VIII</strong></span> 
     </span>
    </p>
   </div>
   <div class='ocr_carea' id='block_1_70' title="bbox 1827 2594 3359 2668">
    <p class='ocr_par' dir='ltr' id='par_1_70' title="bbox 1827 2594 3359 2668">
     <span class='ocr_line' id='line_1_70' title="bbox 1827 2594 3359 2668; baseline -0.004 -15"><span class='ocrx_word' id='word_1_495' title='bbox 1827 2597 2185 2668; x_wconf 87' lang='lat' dir='ltr'><strong>Chrysostomi</strong></span> <span class='ocrx_word' id='word_1_496' title='bbox 2211 2607 2264 2650; x_wconf 91' lang='lat' dir='ltr'><strong>et</strong></span> <span class='ocrx_word' id='word_1_497' title='bbox 2290 2595 2550 2650; x_wconf 88' lang='lat' dir='ltr'><strong>SimeOnis</strong></span> <span class='ocrx_word' id='word_1_498' title='bbox 2573 2594 2966 2663; x_wconf 71' lang='lat' dir='ltr'><strong>Metaphrastte,</strong></span> <span class='ocrx_word' id='word_1_499' title='bbox 2993 2594 3156 2647; x_wconf 91' lang='lat' dir='ltr'><strong>lector</strong></span> <span class='ocrx_word' id='word_1_500' title='bbox 3176 2607 3359 2661; x_wconf 73' lang='lat' dir='ltr'><strong>aequus</strong></span> 
     </span>
    </p>
   </div>
   <div class='ocr_carea' id='block_1_71' title="bbox 1829 2682 3357 2755">
    <p class='ocr_par' dir='ltr' id='par_1_71' title="bbox 1829 2682 3357 2755">
     <span class='ocr_line' id='line_1_71' title="bbox 1829 2682 3357 2755; baseline -0.007 -14"><span class='ocrx_word' id='word_1_501' title='bbox 1829 2686 2106 2755; x_wconf 85' lang='lat' dir='ltr'><strong>Epiphanii</strong></span> <span class='ocrx_word' id='word_1_502' title='bbox 2153 2695 2207 2738; x_wconf 86' lang='lat' dir='ltr'><strong>et</strong></span> <span class='ocrx_word' id='word_1_503' title='bbox 2267 2682 2570 2752; x_wconf 81' lang='lat' dir='ltr'><strong>Hieronymi</strong></span> <span class='ocrx_word' id='word_1_504' title='bbox 2613 2682 2978 2735; x_wconf 88' lang='lat' dir='ltr'><strong>auctoritatem</strong></span> <span class='ocrx_word' id='word_1_505' title='bbox 3035 2687 3357 2746; x_wconf 87' lang='lat' dir='ltr'><strong>componat,</strong></span> 
     </span>
    </p>
   </div>
   <div class='ocr_carea' id='block_1_72' title="bbox 1827 2771 3358 2844">
    <p class='ocr_par' dir='ltr' id='par_1_72' title="bbox 1827 2771 3358 2844">
     <span class='ocr_line' id='line_1_72' title="bbox 1827 2771 3358 2844; baseline -0.005 -13"><span class='ocrx_word' id='word_1_506' title='bbox 1827 2785 1879 2831; x_wconf 90' lang='lat' dir='ltr'><strong>et</strong></span> <span class='ocrx_word' id='word_1_507' title='bbox 1919 2791 2072 2844; x_wconf 91' lang='lat' dir='ltr'><strong>quam</strong></span> <span class='ocrx_word' id='word_1_508' title='bbox 2131 2775 2335 2828; x_wconf 91' lang='lat' dir='ltr'><strong>diversa</strong></span> <span class='ocrx_word' id='word_1_509' title='bbox 2404 2775 2469 2827; x_wconf 85' lang='lat' dir='ltr'><strong>tle</strong></span> <span class='ocrx_word' id='word_1_510' title='bbox 2519 2772 2791 2840; x_wconf 87' lang='lat' dir='ltr'><strong>Theophili</strong></span> <span class='ocrx_word' id='word_1_511' title='bbox 2840 2783 2894 2825; x_wconf 90' lang='lat' dir='ltr'><strong>et</strong></span> <span class='ocrx_word' id='word_1_512' title='bbox 2940 2771 3358 2838; x_wconf 79' lang='lat' dir='ltr'><strong>Origenistarum</strong></span> 
     </span>
    </p>
   </div>
   <div class='ocr_carea' id='block_1_73' title="bbox 1827 2859 3359 2932">
    <p class='ocr_par' dir='ltr' id='par_1_73' title="bbox 1827 2859 3359 2932">
     <span class='ocr_line' id='line_1_73' title="bbox 1827 2859 3359 2932; baseline -0.005 -12"><span class='ocrx_word' id='word_1_513' title='bbox 1827 2865 2044 2920; x_wconf 89' lang='lat' dir='ltr'><strong>dissidio</strong></span> <span class='ocrx_word' id='word_1_514' title='bbox 2091 2863 2383 2928; x_wconf 90' lang='lat' dir='ltr'><strong>senserint,</strong></span> <span class='ocrx_word' id='word_1_515' title='bbox 2431 2869 2732 2932; x_wconf 74' lang='lat' dir='ltr'><strong>cognoscat.</strong></span> <span class='ocrx_word' id='word_1_516' title='bbox 2777 2859 2851 2912; x_wconf 90' lang='lat' dir='ltr'><strong>Illi</strong></span> <span class='ocrx_word' id='word_1_517' title='bbox 2895 2875 3150 2914; x_wconf 90' lang='lat' dir='ltr'><strong>summam</strong></span> <span class='ocrx_word' id='word_1_518' title='bbox 3195 2859 3359 2926; x_wconf 84' lang='lat' dir='ltr'><strong>pieta&quot;</strong></span> 
     </span>
    </p>
   </div>
   <div class='ocr_carea' id='block_1_74' title="bbox 1832 2949 3357 3020">
    <p class='ocr_par' dir='ltr' id='par_1_74' title="bbox 1832 2949 3357 3020">
     <span class='ocr_line' id='line_1_74' title="bbox 1832 2949 3357 3020; baseline -0.005 -11"><span class='ocrx_word' id='word_1_519' title='bbox 1832 2958 1916 3019; x_wconf 88' lang='lat' dir='ltr'><strong>tis,</strong></span> <span class='ocrx_word' id='word_1_520' title='bbox 1948 2956 2261 3020; x_wconf 89' lang='lat' dir='ltr'><strong>sanctitatis,</strong></span> <span class='ocrx_word' id='word_1_521' title='bbox 2287 2963 2341 3008; x_wconf 90' lang='lat' dir='ltr'><strong>et</strong></span> <span class='ocrx_word' id='word_1_522' title='bbox 2368 2952 2782 3007; x_wconf 85' lang='lat' dir='ltr'><strong>mansuetudinis</strong></span> <span class='ocrx_word' id='word_1_523' title='bbox 2809 2951 3012 3004; x_wconf 89' lang='lat' dir='ltr'><strong>laudem</strong></span> <span class='ocrx_word' id='word_1_524' title='bbox 3046 2949 3357 3016; x_wconf 79' lang='lat' dir='ltr'><strong>Origenlstis</strong></span> 
     </span>
    </p>
   </div>
   <div class='ocr_carea' id='block_1_75' title="bbox 1832 3031 3351 3104">
    <p class='ocr_par' dir='ltr' id='par_1_75' title="bbox 1832 3031 3351 3104">
     <span class='ocr_line' id='line_1_75' title="bbox 1832 3031 3351 3104; baseline -0.004 -12"><span class='ocrx_word' id='word_1_525' title='bbox 1832 3041 2065 3093; x_wconf 89' lang='lat' dir='ltr'><strong>tribuunt</strong></span> <span class='ocrx_word' id='word_1_526' title='bbox 2105 3056 2119 3091; x_wconf 88' lang='lat'><strong>:</strong></span> <span class='ocrx_word' id='word_1_527' title='bbox 2159 3039 2210 3091; x_wconf 93' lang='lat' dir='ltr'><strong>hi</strong></span> <span class='ocrx_word' id='word_1_528' title='bbox 2243 3031 2562 3104; x_wconf 76' lang='lat' dir='ltr'><strong>versipelles,</strong></span> <span class='ocrx_word' id='word_1_529' title='bbox 2597 3037 2932 3090; x_wconf 88' lang='lat' dir='ltr'><strong>refractarios</strong></span> <span class='ocrx_word' id='word_1_530' title='bbox 2962 3044 3015 3088; x_wconf 92' lang='lat' dir='ltr'><strong>et</strong></span> <span class='ocrx_word' id='word_1_531' title='bbox 3057 3036 3351 3103; x_wconf 87' lang='lat' dir='ltr'><strong>pertinaces</strong></span> 
     </span>
    </p>
   </div>
   <div class='ocr_carea' id='block_1_76' title="bbox 1830 3122 3356 3194">
    <p class='ocr_par' dir='ltr' id='par_1_76' title="bbox 1830 3122 3356 3194">
     <span class='ocr_line' id='line_1_76' title="bbox 1830 3122 3356 3194; baseline -0.002 -15"><span class='ocrx_word' id='word_1_532' title='bbox 1830 3129 2041 3182; x_wconf 88' lang='lat' dir='ltr'><strong>eosdem</strong></span> <span class='ocrx_word' id='word_1_533' title='bbox 2076 3127 2297 3194; x_wconf 84' lang='lat' dir='ltr'><strong>fingunt.</strong></span> <span class='ocrx_word' id='word_1_534' title='bbox 2326 3124 2399 3178; x_wconf 85' lang='lat' dir='ltr'><strong>Illi</strong></span> <span class='ocrx_word' id='word_1_535' title='bbox 2437 3123 2780 3192; x_wconf 89' lang='lat' dir='ltr'><strong>Theophilum</strong></span> <span class='ocrx_word' id='word_1_536' title='bbox 2810 3123 3146 3186; x_wconf 87' lang='lat' dir='ltr'><strong>iracundum,</strong></span> <span class='ocrx_word' id='word_1_537' title='bbox 3184 3122 3356 3190; x_wconf 91' lang='lat' dir='ltr'><strong>impo-</strong></span> 
     </span>
    </p>
   </div>
   <div class='ocr_carea' id='block_1_77' title="bbox 1832 3209 3359 3282">
    <p class='ocr_par' dir='ltr' id='par_1_77' title="bbox 1832 3209 3359 3282">
     <span class='ocr_line' id='line_1_77' title="bbox 1832 3209 3359 3282; baseline -0.003 -14"><span class='ocrx_word' id='word_1_538' title='bbox 1832 3224 2061 3278; x_wconf 89' lang='lat' dir='ltr'><strong>tentem,</strong></span> <span class='ocrx_word' id='word_1_539' title='bbox 2110 3214 2386 3282; x_wconf 91' lang='lat' dir='ltr'><strong>iniquum,</strong></span> <span class='ocrx_word' id='word_1_540' title='bbox 2435 3213 2669 3282; x_wconf 66' lang='lat' dir='ltr'><strong>pecuniae</strong></span> <span class='ocrx_word' id='word_1_541' title='bbox 2719 3213 3001 3281; x_wconf 81' lang='lat' dir='ltr'><strong>capitium,</strong></span> <span class='ocrx_word' id='word_1_542' title='bbox 3043 3225 3262 3280; x_wconf 88' lang='lat' dir='ltr'><strong>pronum</strong></span> <span class='ocrx_word' id='word_1_543' title='bbox 3306 3209 3359 3264; x_wconf 89' lang='lat' dir='ltr'><strong>in</strong></span> 
     </span>
    </p>
   </div>
   <div class='ocr_carea' id='block_1_78' title="bbox 1828 3299 3359 3372">
    <p class='ocr_par' dir='ltr' id='par_1_78' title="bbox 1828 3299 3359 3372">
     <span class='ocr_line' id='line_1_78' title="bbox 1828 3299 3359 3372; baseline -0.002 -16"><span class='ocrx_word' id='word_1_544' title='bbox 1828 3303 2130 3367; x_wconf 86' lang='lat' dir='ltr'><strong>vindictam,</strong></span> <span class='ocrx_word' id='word_1_545' title='bbox 2165 3303 2380 3370; x_wconf 87' lang='lat' dir='ltr'><strong>privatis</strong></span> <span class='ocrx_word' id='word_1_546' title='bbox 2424 3303 2628 3372; x_wconf 91' lang='lat' dir='ltr'><strong>injuriis</strong></span> <span class='ocrx_word' id='word_1_547' title='bbox 2672 3302 2764 3355; x_wconf 91' lang='lat' dir='ltr'><strong>Dei</strong></span> <span class='ocrx_word' id='word_1_548' title='bbox 2809 3315 3023 3356; x_wconf 87' lang='lat' dir='ltr'><strong>causam</strong></span> <span class='ocrx_word' id='word_1_549' title='bbox 3094 3299 3229 3354; x_wconf 88' lang='lat' dir='ltr'><strong>falso</strong></span> <span class='ocrx_word' id='word_1_550' title='bbox 3268 3299 3359 3353; x_wconf 89' lang='lat' dir='ltr'><strong>ob-</strong></span> 
     </span>
    </p>
   </div>
   <div class='ocr_carea' id='block_1_79' title="bbox 1830 3391 3356 3454">
    <p class='ocr_par' dir='ltr' id='par_1_79' title="bbox 1830 3391 3356 3454">
     <span class='ocr_line' id='line_1_79' title="bbox 1830 3391 3356 3454; baseline -0.002 -7"><span class='ocrx_word' id='word_1_551' title='bbox 1830 3396 2128 3448; x_wconf 89' lang='lat' dir='ltr'><strong>tendentem</strong></span> <span class='ocrx_word' id='word_1_552' title='bbox 2164 3394 2454 3447; x_wconf 83' lang='lat' dir='ltr'><strong>exhibent:</strong></span> <span class='ocrx_word' id='word_1_553' title='bbox 2486 3393 2539 3447; x_wconf 91' lang='lat' dir='ltr'><strong>hi</strong></span> <span class='ocrx_word' id='word_1_554' title='bbox 2573 3391 2688 3446; x_wconf 80' lang='lat' dir='ltr'><strong>zelo</strong></span> <span class='ocrx_word' id='word_1_555' title='bbox 2717 3392 2838 3445; x_wconf 86' lang='lat' dir='ltr'><strong>ﬁdei</strong></span> <span class='ocrx_word' id='word_1_556' title='bbox 2865 3391 3052 3444; x_wconf 88' lang='lat' dir='ltr'><strong>ardere</strong></span> <span class='ocrx_word' id='word_1_557' title='bbox 3092 3391 3356 3454; x_wconf 92' lang='lat' dir='ltr'><strong>eumdem,</strong></span> 
     </span>
    </p>
   </div>
   <div class='ocr_carea' id='block_1_80' title="bbox 1827 3479 3352 3552">
    <p class='ocr_par' dir='ltr' id='par_1_80' title="bbox 1827 3479 3352 3552">
     <span class='ocr_line' id='line_1_80' title="bbox 1827 3479 3352 3552; baseline 0 -19"><span class='ocrx_word' id='word_1_558' title='bbox 1827 3483 2023 3549; x_wconf 86' lang='lat' dir='ltr'><strong>pollere</strong></span> <span class='ocrx_word' id='word_1_559' title='bbox 2050 3483 2354 3552; x_wconf 89' lang='lat' dir='ltr'><strong>prudentia,</strong></span> <span class='ocrx_word' id='word_1_560' title='bbox 2389 3483 2580 3551; x_wconf 83' lang='lat' dir='ltr'><strong>Moysis</strong></span> <span class='ocrx_word' id='word_1_561' title='bbox 2613 3482 2866 3534; x_wconf 89' lang='lat' dir='ltr'><strong>virtutem</strong></span> <span class='ocrx_word' id='word_1_562' title='bbox 2909 3479 3107 3534; x_wconf 89' lang='lat' dir='ltr'><strong>referre</strong></span> <span class='ocrx_word' id='word_1_563' title='bbox 3145 3480 3352 3533; x_wconf 89' lang='lat' dir='ltr'><strong>dicunt.</strong></span> 
     </span>
    </p>
   </div>
   <div class='ocr_carea' id='block_1_81' title="bbox 1825 3570 3352 3639">
    <p class='ocr_par' dir='ltr' id='par_1_81' title="bbox 1825 3570 3352 3639">
     <span class='ocr_line' id='line_1_81' title="bbox 1825 3570 3352 3639; baseline -0.001 -16"><span class='ocrx_word' id='word_1_564' title='bbox 1825 3573 1974 3638; x_wconf 86' lang='lat' dir='ltr'><strong>Quod</strong></span> <span class='ocrx_word' id='word_1_565' title='bbox 2003 3573 2045 3626; x_wconf 88' lang='lat' dir='ltr'><strong>si</strong></span> <span class='ocrx_word' id='word_1_566' title='bbox 2080 3588 2162 3626; x_wconf 85' lang='lat' dir='ltr'><strong>res</strong></span> <span class='ocrx_word' id='word_1_567' title='bbox 2188 3574 2258 3626; x_wconf 85' lang='lat' dir='ltr'><strong>ita</strong></span> <span class='ocrx_word' id='word_1_568' title='bbox 2285 3573 2505 3626; x_wconf 82' lang='lat' dir='ltr'><strong>fuissent</strong></span> <span class='ocrx_word' id='word_1_569' title='bbox 2529 3584 2707 3639; x_wconf 66' lang='lat' dir='ltr'><strong>gestae,</strong></span> <span class='ocrx_word' id='word_1_570' title='bbox 2732 3580 2787 3625; x_wconf 93' lang='lat' dir='ltr'><strong>ut</strong></span> <span class='ocrx_word' id='word_1_571' title='bbox 2815 3586 2845 3623; x_wconf 94' lang='lat' dir='ltr'><strong>a</strong></span> <span class='ocrx_word' id='word_1_572' title='bbox 2870 3570 3100 3624; x_wconf 89' lang='lat' dir='ltr'><strong>Palladio</strong></span> <span class='ocrx_word' id='word_1_573' title='bbox 3134 3584 3352 3622; x_wconf 82' lang='lat' dir='ltr'><strong>narran-</strong></span> 
     </span>
    </p>
   </div>
   <div class='ocr_carea' id='block_1_82' title="bbox 1827 3658 3358 3729">
    <p class='ocr_par' dir='ltr' id='par_1_82' title="bbox 1827 3658 3358 3729">
     <span class='ocr_line' id='line_1_82' title="bbox 1827 3658 3358 3729; baseline -0.003 -15"><span class='ocrx_word' id='word_1_574' title='bbox 1827 3671 1929 3724; x_wconf 92' lang='lat' dir='ltr'><strong>tur,</strong></span> <span class='ocrx_word' id='word_1_575' title='bbox 1960 3676 2082 3714; x_wconf 91' lang='lat' dir='ltr'><strong>num</strong></span> <span class='ocrx_word' id='word_1_576' title='bbox 2114 3671 2420 3729; x_wconf 73' lang='lat' dir='ltr'><strong>przesentem</strong></span> <span class='ocrx_word' id='word_1_577' title='bbox 2447 3661 2906 3723; x_wconf 87' lang='lat' dir='ltr'><strong>Posthumianum,</strong></span> <span class='ocrx_word' id='word_1_578' title='bbox 2928 3669 2982 3713; x_wconf 89' lang='lat' dir='ltr'><strong>et</strong></span> <span class='ocrx_word' id='word_1_579' title='bbox 3011 3658 3358 3726; x_wconf 85' lang='lat' dir='ltr'><strong>Epiphanium</strong></span> 
     </span>
    </p>
   </div>
   <div class='ocr_carea' id='block_1_83' title="bbox 1825 3745 3363 3818">
    <p class='ocr_par' dir='ltr' id='par_1_83' title="bbox 1825 3745 3363 3818">
     <span class='ocr_line' id='line_1_83' title="bbox 1825 3745 3363 3818; baseline -0.005 -14"><span class='ocrx_word' id='word_1_580' title='bbox 1825 3766 1888 3804; x_wconf 84' lang='lat' dir='ltr'><strong>ac</strong></span> <span class='ocrx_word' id='word_1_581' title='bbox 1916 3749 2292 3818; x_wconf 84' lang='lat' dir='ltr'><strong>Hieronymum</strong></span> <span class='ocrx_word' id='word_1_582' title='bbox 2324 3751 2376 3803; x_wconf 92' lang='lat' dir='ltr'><strong>in</strong></span> <span class='ocrx_word' id='word_1_583' title='bbox 2399 3751 2589 3804; x_wconf 87' lang='lat' dir='ltr'><strong>vicinia</strong></span> <span class='ocrx_word' id='word_1_584' title='bbox 2610 3751 2810 3818; x_wconf 90' lang='lat' dir='ltr'><strong>positos</strong></span> <span class='ocrx_word' id='word_1_585' title='bbox 2843 3747 3005 3802; x_wconf 88' lang='lat' dir='ltr'><strong>latere</strong></span> <span class='ocrx_word' id='word_1_586' title='bbox 3032 3745 3363 3816; x_wconf 77' lang='lat' dir='ltr'><strong>potuissent!</strong></span> 
     </span>
    </p>
   </div>
   <div class='ocr_carea' id='block_1_84' title="bbox 1825 3835 3361 3906">
    <p class='ocr_par' dir='ltr' id='par_1_84' title="bbox 1825 3835 3361 3906">
     <span class='ocr_line' id='line_1_84' title="bbox 1825 3835 3361 3906; baseline -0.002 -16"><span class='ocrx_word' id='word_1_587' title='bbox 1825 3853 1951 3891; x_wconf 88' lang='lat' dir='ltr'><strong>unm</strong></span> <span class='ocrx_word' id='word_1_588' title='bbox 1979 3839 2215 3892; x_wconf 89' lang='lat' dir='ltr'><strong>insontes</strong></span> <span class='ocrx_word' id='word_1_589' title='bbox 2250 3853 2314 3892; x_wconf 86' lang='lat' dir='ltr'><strong>ac</strong></span> <span class='ocrx_word' id='word_1_590' title='bbox 2364 3841 2476 3906; x_wconf 89' lang='lat' dir='ltr'><strong>pios</strong></span> <span class='ocrx_word' id='word_1_591' title='bbox 2504 3841 2744 3893; x_wconf 83' lang='lat' dir='ltr'><strong>homines</strong></span> <span class='ocrx_word' id='word_1_592' title='bbox 2798 3847 2986 3906; x_wconf 74' lang='lat' dir='ltr'><strong>pneter</strong></span> <span class='ocrx_word' id='word_1_593' title='bbox 3031 3836 3109 3890; x_wconf 87' lang='lat' dir='ltr'><strong>fas</strong></span> <span class='ocrx_word' id='word_1_594' title='bbox 3153 3835 3361 3890; x_wconf 84' lang='lat' dir='ltr'><strong>sedibus</strong></span> 
     </span>
    </p>
   </div>
   <div class='ocr_carea' id='block_1_85' title="bbox 1824 3924 3362 4003">
    <p class='ocr_par' dir='ltr' id='par_1_85' title="bbox 1824 3924 3362 4003">
     <span class='ocr_line' id='line_1_85' title="bbox 1824 3924 3362 4003; baseline -0.003 -25"><span class='ocrx_word' id='word_1_595' title='bbox 1824 3925 1935 4003; x_wconf 79' lang='lat' dir='ltr'><strong>suis</strong></span> <span class='ocrx_word' id='word_1_596' title='bbox 1967 3925 2347 4003; x_wconf 77' lang='lat' dir='ltr'><strong>exterminatos</strong></span> <span class='ocrx_word' id='word_1_597' title='bbox 2377 3926 2622 3980; x_wconf 91' lang='lat' dir='ltr'><strong>convitiis</strong></span> <span class='ocrx_word' id='word_1_598' title='bbox 2647 3926 2744 3993; x_wconf 90' lang='lat' dir='ltr'><strong>ipsi</strong></span> <span class='ocrx_word' id='word_1_599' title='bbox 2780 3939 2986 3991; x_wconf 88' lang='lat' dir='ltr'><strong>quoque</strong></span> <span class='ocrx_word' id='word_1_600' title='bbox 3015 3924 3362 3977; x_wconf 76' lang='lat' dir='ltr'><strong>lacerassent?</strong></span> 
     </span>
    </p>
   </div>
   <div class='ocr_carea' id='block_1_86' title="bbox 1825 3999 3361 4081">
    <p class='ocr_par' dir='ltr' id='par_1_86' title="bbox 1825 3999 3361 4081">
     <span class='ocr_line' id='line_1_86' title="bbox 1825 3999 3361 4081; baseline -0.002 -15"><span class='ocrx_word' id='word_1_601' title='bbox 1825 3999 1947 4066; x_wconf 81' lang='lat' dir='ltr'><strong>num</strong></span> <span class='ocrx_word' id='word_1_602' title='bbox 1971 3999 2247 4080; x_wconf 81' lang='lat' dir='ltr'><strong>Theophili</strong></span> <span class='ocrx_word' id='word_1_603' title='bbox 2288 4015 2586 4081; x_wconf 72' lang='lat' dir='ltr'><strong>petulantia:</strong></span> <span class='ocrx_word' id='word_1_604' title='bbox 2613 4014 3040 4069; x_wconf 83' lang='lat' dir='ltr'><strong>consensissent?</strong></span> <span class='ocrx_word' id='word_1_605' title='bbox 3068 4027 3190 4064; x_wconf 90' lang='lat' dir='ltr'><strong>num</strong></span> <span class='ocrx_word' id='word_1_606' title='bbox 3233 4011 3361 4075; x_wconf 75' lang='lat' dir='ltr'><strong>fero-</strong></span> 
     </span>
    </p>
   </div>
   <div class='ocr_carea' id='block_1_87' title="bbox 1823 4101 3362 4167">
    <p class='ocr_par' dir='ltr' id='par_1_87' title="bbox 1823 4101 3362 4167">
     <span class='ocr_line' id='line_1_87' title="bbox 1823 4101 3362 4167; baseline -0.001 -11"><span class='ocrx_word' id='word_1_607' title='bbox 1823 4104 2035 4156; x_wconf 90' lang='lat' dir='ltr'><strong>citatem</strong></span> <span class='ocrx_word' id='word_1_608' title='bbox 2081 4104 2195 4167; x_wconf 82' lang='lat' dir='ltr'><strong>ejus</strong></span> <span class='ocrx_word' id='word_1_609' title='bbox 2249 4118 2312 4156; x_wconf 89' lang='lat' dir='ltr'><strong>ac</strong></span> <span class='ocrx_word' id='word_1_610' title='bbox 2346 4103 2600 4157; x_wconf 70' lang='lat' dir='ltr'><strong>saevitiam</strong></span> <span class='ocrx_word' id='word_1_611' title='bbox 2657 4104 2978 4166; x_wconf 87' lang='lat' dir='ltr'><strong>laudassent,</strong></span> <span class='ocrx_word' id='word_1_612' title='bbox 3006 4112 3059 4155; x_wconf 91' lang='lat' dir='ltr'><strong>et</strong></span> <span class='ocrx_word' id='word_1_613' title='bbox 3108 4101 3362 4154; x_wconf 83' lang='lat' dir='ltr'><strong>laudando</strong></span> 
     </span>
    </p>
   </div>
   <div class='ocr_carea' id='block_1_88' title="bbox 1823 4190 3361 4258">
    <p class='ocr_par' dir='ltr' id='par_1_88' title="bbox 1823 4190 3361 4258">
     <span class='ocr_line' id='line_1_88' title="bbox 1823 4190 3361 4258; baseline -0.001 -12"><span class='ocrx_word' id='word_1_614' title='bbox 1823 4191 2128 4246; x_wconf 73' lang='lat' dir='ltr'><strong>auxissent?</strong></span> <span class='ocrx_word' id='word_1_615' title='bbox 2157 4191 2304 4256; x_wconf 86' lang='lat' dir='ltr'><strong>Quod</strong></span> <span class='ocrx_word' id='word_1_616' title='bbox 2351 4193 2394 4244; x_wconf 88' lang='lat' dir='ltr'><strong>si</strong></span> <span class='ocrx_word' id='word_1_617' title='bbox 2450 4193 2749 4246; x_wconf 86' lang='lat' dir='ltr'><strong>econtrario</strong></span> <span class='ocrx_word' id='word_1_618' title='bbox 2783 4191 2913 4244; x_wconf 84' lang='lat' dir='ltr'><strong>falsa</strong></span> <span class='ocrx_word' id='word_1_619' title='bbox 2942 4193 3006 4245; x_wconf 87' lang='lat' dir='ltr'><strong>de</strong></span> <span class='ocrx_word' id='word_1_620' title='bbox 3031 4190 3361 4258; x_wconf 80' lang='lat' dir='ltr'><strong>Origeuistts.</strong></span> 
     </span>
    </p>
   </div>
   <div class='ocr_carea' id='block_1_89' title="bbox 1823 4279 3362 4350">
    <p class='ocr_par' dir='ltr' id='par_1_89' title="bbox 1823 4279 3362 4350">
     <span class='ocr_line' id='line_1_89' title="bbox 1823 4279 3362 4350; baseline -0.002 -17"><span class='ocrx_word' id='word_1_621' title='bbox 1823 4292 1877 4333; x_wconf 90' lang='lat' dir='ltr'><strong>et</strong></span> <span class='ocrx_word' id='word_1_622' title='bbox 1897 4279 2259 4350; x_wconf 83' lang='lat' dir='ltr'><strong>Chrysostomi</strong></span> <span class='ocrx_word' id='word_1_623' title='bbox 2289 4295 2444 4332; x_wconf 89' lang='lat' dir='ltr'><strong>causa</strong></span> <span class='ocrx_word' id='word_1_624' title='bbox 2471 4280 2784 4348; x_wconf 85' lang='lat' dir='ltr'><strong>prodidisset</strong></span> <span class='ocrx_word' id='word_1_625' title='bbox 2814 4279 3036 4343; x_wconf 88' lang='lat' dir='ltr'><strong>litteris;</strong></span> <span class='ocrx_word' id='word_1_626' title='bbox 3066 4294 3130 4330; x_wconf 92' lang='lat' dir='ltr'><strong>an</strong></span> <span class='ocrx_word' id='word_1_627' title='bbox 3156 4280 3220 4331; x_wconf 92' lang='lat' dir='ltr'><strong>de</strong></span> <span class='ocrx_word' id='word_1_628' title='bbox 3251 4281 3362 4344; x_wconf 88' lang='lat' dir='ltr'><strong>ipso</strong></span> 
     </span>
    </p>
   </div>
   <div class='ocr_carea' id='block_1_90' title="bbox 159 4369 3362 4456">
    <p class='ocr_par' dir='ltr' id='par_1_90' title="bbox 159 4369 3362 4456">
     <span class='ocr_line' id='line_1_90' title="bbox 159 4369 3362 4456; baseline -0.002 -28"><span class='ocrx_word' id='word_1_629' title='bbox 159 4390 328 4436; x_wconf 81' lang='lat' dir='ltr'><strong>certe</strong></span> <span class='ocrx_word' id='word_1_630' title='bbox 378 4373 860 4441; x_wconf 85' lang='lat' dir='ltr'><strong>Jerosolymitanus</strong></span> <span class='ocrx_word' id='word_1_631' title='bbox 896 4372 1125 4428; x_wconf 84' lang='lat' dir='ltr'><strong>Joannes</strong></span> <span class='ocrx_word' id='word_1_632' title='bbox 1171 4376 1377 4430; x_wconf 86' lang='lat' dir='ltr'><strong>videtur</strong></span> <span class='ocrx_word' id='word_1_633' title='bbox 1433 4377 1724 4447; x_wconf 72' lang='lat' dir='ltr'><strong>intelligen-</strong></span> <span class='ocrx_word' id='word_1_634' title='bbox 1759 4403 1800 4456; x_wconf 69' lang='grc' dir='ltr'><strong>ο</strong></span> <span class='ocrx_word' id='word_1_635' title='bbox 1825 4372 2213 4439; x_wconf 87' lang='lat' dir='ltr'><strong>pronuntiasset</strong></span> <span class='ocrx_word' id='word_1_636' title='bbox 2247 4370 2458 4423; x_wconf 89' lang='lat' dir='ltr'><strong>Photius</strong></span> <span class='ocrx_word' id='word_1_637' title='bbox 2485 4371 2600 4423; x_wconf 89' lang='lat' dir='ltr'><strong>cod.</strong></span> <span class='ocrx_word' id='word_1_638' title='bbox 2621 4386 2760 4431; x_wconf 77' lang='lat' dir='ltr'><strong>xcvi,</strong></span> <span class='ocrx_word' id='word_1_639' title='bbox 2784 4371 2863 4422; x_wconf 82' lang='grc' dir='ltr'><strong>ὅτι</strong></span> <span class='ocrx_word' id='word_1_640' title='bbox 2907 4369 3187 4438; x_wconf 81' lang='grc' dir='ltr'><strong>διαλογικῷ</strong></span> <span class='ocrx_word' id='word_1_641' title='bbox 3211 4371 3362 4438; x_wconf 76' lang='grc' dir='ltr'><strong>τύπῳ</strong></span> 
     </span>
    </p>
   </div>
   <div class='ocr_carea' id='block_1_91' title="bbox 159 4462 1730 4534">
    <p class='ocr_par' dir='ltr' id='par_1_91' title="bbox 159 4462 1730 4534">
     <span class='ocr_line' id='line_1_91' title="bbox 159 4462 1730 4534; baseline -0.004 -8"><span class='ocrx_word' id='word_1_642' title='bbox 159 4469 296 4526; x_wconf 84' lang='lat' dir='ltr'><strong>dus.</strong></span> <span class='ocrx_word' id='word_1_643' title='bbox 347 4465 433 4518; x_wconf 77' lang='lat' dir='ltr'><strong>Ex</strong></span> <span class='ocrx_word' id='word_1_644' title='bbox 474 4462 556 4516; x_wconf 91' lang='lat' dir='ltr'><strong>his</strong></span> <span class='ocrx_word' id='word_1_645' title='bbox 601 4463 857 4528; x_wconf 87' lang='lat' dir='ltr'><strong>suspicari</strong></span> <span class='ocrx_word' id='word_1_646' title='bbox 894 4462 1018 4515; x_wconf 85' lang='lat' dir='ltr'><strong>licet</strong></span> <span class='ocrx_word' id='word_1_647' title='bbox 1067 4463 1392 4520; x_wconf 87' lang='lat' dir='ltr'><strong>deferbuisse</strong></span> <span class='ocrx_word' id='word_1_648' title='bbox 1433 4467 1730 4534; x_wconf 88' lang='lat' dir='ltr'><strong>aliquantu-</strong></span> 
     </span>
    </p>
   </div>
   <div class='ocr_carea' id='block_1_92' title="bbox 162 4551 1722 4623">
    <p class='ocr_par' dir='ltr' id='par_1_92' title="bbox 162 4551 1722 4623">
     <span class='ocr_line' id='line_1_92' title="bbox 162 4551 1722 4623; baseline -0.001 -10"><span class='ocrx_word' id='word_1_649' title='bbox 162 4559 284 4612; x_wconf 87' lang='lat' dir='ltr'><strong>lum</strong></span> <span class='ocrx_word' id='word_1_650' title='bbox 324 4557 438 4610; x_wconf 91' lang='lat' dir='ltr'><strong>hoc</strong></span> <span class='ocrx_word' id='word_1_651' title='bbox 469 4562 702 4620; x_wconf 90' lang='lat' dir='ltr'><strong>tempore</strong></span> <span class='ocrx_word' id='word_1_652' title='bbox 727 4551 888 4619; x_wconf 90' lang='lat' dir='ltr'><strong>ipsius</strong></span> <span class='ocrx_word' id='word_1_653' title='bbox 913 4567 1031 4606; x_wconf 91' lang='lat' dir='ltr'><strong>eum</strong></span> <span class='ocrx_word' id='word_1_654' title='bbox 1068 4553 1383 4623; x_wconf 83' lang='lat' dir='ltr'><strong>Hieronymo</strong></span> <span class='ocrx_word' id='word_1_655' title='bbox 1408 4557 1722 4620; x_wconf 85' lang='lat' dir='ltr'><strong>simultates,</strong></span> 
     </span>
    </p>
   </div>
   <div class='ocr_carea' id='block_1_93' title="bbox 164 4633 1726 4719">
    <p class='ocr_par' dir='ltr' id='par_1_93' title="bbox 164 4633 1726 4719">
     <span class='ocr_line' id='line_1_93' title="bbox 164 4633 1726 4719; baseline 0.001 -19"><span class='ocrx_word' id='word_1_656' title='bbox 164 4633 356 4719; x_wconf 69' lang='lat' dir='ltr'><strong>(quas</strong></span> <span class='ocrx_word' id='word_1_657' title='bbox 390 4660 604 4700; x_wconf 90' lang='lat' dir='ltr'><strong>rursum</strong></span> <span class='ocrx_word' id='word_1_658' title='bbox 641 4653 814 4696; x_wconf 90' lang='lat' dir='ltr'><strong>tamen</strong></span> <span class='ocrx_word' id='word_1_659' title='bbox 859 4644 1250 4710; x_wconf 80' lang='lat' dir='ltr'><strong>redintegratas</strong></span> <span class='ocrx_word' id='word_1_660' title='bbox 1294 4645 1456 4700; x_wconf 91' lang='lat' dir='ltr'><strong>fuisse</strong></span> <span class='ocrx_word' id='word_1_661' title='bbox 1508 4647 1726 4702; x_wconf 87' lang='lat' dir='ltr'><strong>inferius</strong></span> 
     </span>
    </p>
   </div>
   <div class='ocr_carea' id='block_1_94' title="bbox 162 4733 1724 4801">
    <p class='ocr_par' dir='ltr' id='par_1_94' title="bbox 162 4733 1724 4801">
     <span class='ocr_line' id='line_1_94' title="bbox 162 4733 1724 4801; baseline 0.002 -13"><span class='ocrx_word' id='word_1_662' title='bbox 162 4734 580 4801; x_wconf 75' lang='lat' dir='ltr'><strong>ostendemus),</strong></span> <span class='ocrx_word' id='word_1_663' title='bbox 608 4742 661 4786; x_wconf 91' lang='lat' dir='ltr'><strong>et</strong></span> <span class='ocrx_word' id='word_1_664' title='bbox 691 4733 1010 4800; x_wconf 88' lang='lat' dir='ltr'><strong>aliquantum</strong></span> <span class='ocrx_word' id='word_1_665' title='bbox 1041 4735 1105 4787; x_wconf 82' lang='lat' dir='ltr'><strong>tle</strong></span> <span class='ocrx_word' id='word_1_666' title='bbox 1131 4749 1310 4790; x_wconf 89' lang='lat' dir='ltr'><strong>amore</strong></span> <span class='ocrx_word' id='word_1_667' title='bbox 1343 4751 1438 4789; x_wconf 92' lang='lat' dir='ltr'><strong>suo</strong></span> <span class='ocrx_word' id='word_1_668' title='bbox 1471 4737 1724 4792; x_wconf 88' lang='lat' dir='ltr'><strong>adversus</strong></span> 
     </span>
    </p>
   </div>
   <div class='ocr_carea' id='block_1_95' title="bbox 160 4822 1728 4898">
    <p class='ocr_par' dir='ltr' id='par_1_95' title="bbox 160 4822 1728 4898">
     <span class='ocr_line' id='line_1_95' title="bbox 160 4822 1728 4898; baseline -0.001 -18"><span class='ocrx_word' id='word_1_669' title='bbox 160 4831 479 4898; x_wconf 85' lang='lat' dir='ltr'><strong>Origenem</strong></span> <span class='ocrx_word' id='word_1_670' title='bbox 511 4823 798 4885; x_wconf 90' lang='lat' dir='ltr'><strong>remisisse,</strong></span> <span class='ocrx_word' id='word_1_671' title='bbox 820 4822 900 4874; x_wconf 89' lang='lat' dir='ltr'><strong>vel</strong></span> <span class='ocrx_word' id='word_1_672' title='bbox 933 4824 1251 4878; x_wconf 90' lang='lat' dir='ltr'><strong>sententiam</strong></span> <span class='ocrx_word' id='word_1_673' title='bbox 1281 4833 1425 4877; x_wconf 91' lang='lat' dir='ltr'><strong>certe</strong></span> <span class='ocrx_word' id='word_1_674' title='bbox 1451 4839 1596 4878; x_wconf 87' lang='lat' dir='ltr'><strong>suam</strong></span> <span class='ocrx_word' id='word_1_675' title='bbox 1627 4825 1728 4880; x_wconf 89' lang='lat' dir='ltr'><strong>dis-</strong></span> 
     </span>
    </p>
   </div>
   <div class='ocr_carea' id='block_1_96' title="bbox 159 4911 1725 4980">
    <p class='ocr_par' dir='ltr' id='par_1_96' title="bbox 159 4911 1725 4980">
     <span class='ocr_line' id='line_1_96' title="bbox 159 4911 1725 4980; baseline -0.004 -8"><span class='ocrx_word' id='word_1_676' title='bbox 159 4916 494 4974; x_wconf 78' lang='lat' dir='ltr'><strong>simulasse.</strong></span> <span class='ocrx_word' id='word_1_677' title='bbox 521 4913 667 4976; x_wconf 83' lang='lat' dir='ltr'><strong>Quod</strong></span> <span class='ocrx_word' id='word_1_678' title='bbox 698 4922 756 4964; x_wconf 92' lang='lat' dir='ltr'><strong>ut</strong></span> <span class='ocrx_word' id='word_1_679' title='bbox 782 4912 1021 4979; x_wconf 88' lang='lat' dir='ltr'><strong>suspicer</strong></span> <span class='ocrx_word' id='word_1_680' title='bbox 1055 4912 1181 4966; x_wconf 80' lang='lat' dir='ltr'><strong>facit</strong></span> <span class='ocrx_word' id='word_1_681' title='bbox 1210 4913 1335 4965; x_wconf 92' lang='lat' dir='ltr'><strong>illud</strong></span> <span class='ocrx_word' id='word_1_682' title='bbox 1365 4911 1634 4980; x_wconf 87' lang='lat' dir='ltr'><strong>Theophili</strong></span> <span class='ocrx_word' id='word_1_683' title='bbox 1675 4914 1725 4966; x_wconf 91' lang='lat' dir='ltr'><strong>in</strong></span> 
     </span>
    </p>
   </div>
   <div class='ocr_carea' id='block_1_97' title="bbox 163 5000 1726 5070">
    <p class='ocr_par' dir='ltr' id='par_1_97' title="bbox 163 5000 1726 5070">
     <span class='ocr_line' id='line_1_97' title="bbox 163 5000 1726 5070; baseline -0.004 -10"><span class='ocrx_word' id='word_1_684' title='bbox 163 5008 287 5060; x_wconf 82' lang='lat' dir='ltr'><strong>alia</strong></span> <span class='ocrx_word' id='word_1_685' title='bbox 339 5004 410 5057; x_wconf 85' lang='lat' dir='ltr'><strong>ad</strong></span> <span class='ocrx_word' id='word_1_686' title='bbox 454 5001 828 5070; x_wconf 81' lang='lat' dir='ltr'><strong>Hieronymum</strong></span> <span class='ocrx_word' id='word_1_687' title='bbox 878 5000 1096 5069; x_wconf 87' lang='lat' dir='ltr'><strong>epistola</strong></span> <span class='ocrx_word' id='word_1_688' title='bbox 1135 5002 1173 5032; x_wconf 86' lang='lat'><strong>&quot;</strong></span> <span class='ocrx_word' id='word_1_689' title='bbox 1217 5019 1231 5054; x_wconf 90' lang='lat'><strong>:</strong></span> <span class='ocrx_word' id='word_1_690' title='bbox 1265 5019 1284 5051; x_wconf 73' lang='grc' dir='ltr'>ι</span> <span class='ocrx_word' id='word_1_691' title='bbox 1312 5001 1484 5068; x_wconf 81' lang='lat' dir='ltr'><strong>Atque</strong></span> <span class='ocrx_word' id='word_1_692' title='bbox 1526 5004 1726 5055; x_wconf 88' lang='lat' dir='ltr'><strong>utinam</strong></span> 
     </span>
    </p>
   </div>
   <div class='ocr_carea' id='block_1_98' title="bbox 165 5089 1725 5162">
    <p class='ocr_par' dir='ltr' id='par_1_98' title="bbox 165 5089 1725 5162">
     <span class='ocr_line' id='line_1_98' title="bbox 165 5089 1725 5162; baseline -0.003 -16"><span class='ocrx_word' id='word_1_693' title='bbox 165 5093 330 5162; x_wconf 79' lang='lat' dir='ltr'><strong>apud</strong></span> <span class='ocrx_word' id='word_1_694' title='bbox 378 5104 477 5143; x_wconf 88' lang='lat' dir='ltr'><strong>vos</strong></span> <span class='ocrx_word' id='word_1_695' title='bbox 501 5104 724 5157; x_wconf 82' lang='lat' dir='ltr'><strong>quoque</strong></span> <span class='ocrx_word' id='word_1_696' title='bbox 760 5093 1081 5156; x_wconf 90' lang='lat' dir='ltr'><strong>deponerent</strong></span> <span class='ocrx_word' id='word_1_697' title='bbox 1128 5089 1474 5156; x_wconf 80' lang='lat' dir='ltr'><strong>hypocrisim,</strong></span> <span class='ocrx_word' id='word_1_698' title='bbox 1521 5091 1607 5156; x_wconf 82' lang='lat' dir='ltr'><strong>qui</strong></span> <span class='ocrx_word' id='word_1_699' title='bbox 1637 5105 1725 5144; x_wconf 61' lang='lat' dir='ltr'><strong>occ</strong></span> 
     </span>
    </p>
   </div>
   <div class='ocr_carea' id='block_1_99' title="bbox 166 5175 1727 5242">
    <p class='ocr_par' dir='ltr' id='par_1_99' title="bbox 166 5175 1727 5242">
     <span class='ocr_line' id='line_1_99' title="bbox 166 5175 1727 5242; baseline -0.001 -10"><span class='ocrx_word' id='word_1_700' title='bbox 166 5182 332 5242; x_wconf 80' lang='lat' dir='ltr'><strong>culte</strong></span> <span class='ocrx_word' id='word_1_701' title='bbox 365 5177 618 5230; x_wconf 88' lang='lat' dir='ltr'><strong>dicuntur</strong></span> <span class='ocrx_word' id='word_1_702' title='bbox 659 5177 914 5230; x_wconf 91' lang='lat' dir='ltr'><strong>subruere</strong></span> <span class='ocrx_word' id='word_1_703' title='bbox 947 5175 1258 5228; x_wconf 91' lang='lat' dir='ltr'><strong>veritatem:</strong></span> <span class='ocrx_word' id='word_1_704' title='bbox 1290 5175 1356 5228; x_wconf 87' lang='lat' dir='ltr'><strong>de</strong></span> <span class='ocrx_word' id='word_1_705' title='bbox 1399 5176 1592 5242; x_wconf 89' lang='lat' dir='ltr'><strong>quibus</strong></span> <span class='ocrx_word' id='word_1_706' title='bbox 1621 5192 1727 5230; x_wconf 90' lang='lat' dir='ltr'><strong>non</strong></span> 
     </span>
    </p>
   </div>
   <div class='ocr_carea' id='block_1_100' title="bbox 165 5262 1731 5332">
    <p class='ocr_par' dir='ltr' id='par_1_100' title="bbox 165 5262 1731 5332">
     <span class='ocr_line' id='line_1_100' title="bbox 165 5262 1731 5332; baseline -0.004 -8"><span class='ocrx_word' id='word_1_707' title='bbox 165 5272 328 5325; x_wconf 79' lang='lat' dir='ltr'><strong>bene</strong></span> <span class='ocrx_word' id='word_1_708' title='bbox 373 5265 665 5320; x_wconf 90' lang='lat' dir='ltr'><strong>sentientes</strong></span> <span class='ocrx_word' id='word_1_709' title='bbox 706 5265 756 5318; x_wconf 93' lang='lat' dir='ltr'><strong>in</strong></span> <span class='ocrx_word' id='word_1_710' title='bbox 800 5265 865 5318; x_wconf 90' lang='lat' dir='ltr'><strong>iis</strong></span> <span class='ocrx_word' id='word_1_711' title='bbox 903 5263 1196 5332; x_wconf 90' lang='lat' dir='ltr'><strong>regionibus</strong></span> <span class='ocrx_word' id='word_1_712' title='bbox 1249 5262 1440 5318; x_wconf 80' lang='lat' dir='ltr'><strong>fratres</strong></span> <span class='ocrx_word' id='word_1_713' title='bbox 1485 5263 1602 5318; x_wconf 64' lang='lat' dir='ltr'><strong>haec</strong></span> <span class='ocrx_word' id='word_1_714' title='bbox 1649 5281 1731 5318; x_wconf 90' lang='lat' dir='ltr'><strong>me</strong></span> 
     </span>
    </p>
   </div>
   <div class='ocr_carea' id='block_1_101' title="bbox 166 5350 1732 5422">
    <p class='ocr_par' dir='ltr' id='par_1_101' title="bbox 166 5350 1732 5422">
     <span class='ocr_line' id='line_1_101' title="bbox 166 5350 1732 5422; baseline -0.004 -9"><span class='ocrx_word' id='word_1_715' title='bbox 166 5358 436 5417; x_wconf 83' lang='lat' dir='ltr'><strong>scribere</strong></span> <span class='ocrx_word' id='word_1_716' title='bbox 492 5355 908 5422; x_wconf 74' lang='lat' dir='ltr'><strong>provocaruutli</strong></span> <span class='ocrx_word' id='word_1_717' title='bbox 960 5353 1114 5406; x_wconf 83' lang='lat' dir='ltr'><strong>Addit</strong></span> <span class='ocrx_word' id='word_1_718' title='bbox 1159 5350 1481 5419; x_wconf 89' lang='lat' dir='ltr'><strong>Theophilus</strong></span> <span class='ocrx_word' id='word_1_719' title='bbox 1539 5353 1732 5422; x_wconf 84' lang='lat' dir='ltr'><strong>fugatis</strong></span> 
     </span>
    </p>
   </div>
   <div class='ocr_carea' id='block_1_102' title="bbox 167 5439 1729 5515">
    <p class='ocr_par' dir='ltr' id='par_1_102' title="bbox 167 5439 1729 5515">
     <span class='ocr_line' id='line_1_102' title="bbox 167 5439 1729 5515; baseline -0.003 -16"><span class='ocrx_word' id='word_1_720' title='bbox 167 5444 517 5515; x_wconf 87' lang='lat' dir='ltr'><strong>Origenistis</strong></span> <span class='ocrx_word' id='word_1_721' title='bbox 543 5441 607 5495; x_wconf 89' lang='lat' dir='ltr'><strong>ad</strong></span> <span class='ocrx_word' id='word_1_722' title='bbox 637 5443 906 5510; x_wconf 86' lang='lat' dir='ltr'><strong>pristinam</strong></span> <span class='ocrx_word' id='word_1_723' title='bbox 939 5439 1354 5508; x_wconf 87' lang='lat' dir='ltr'><strong>tranquillitatem</strong></span> <span class='ocrx_word' id='word_1_724' title='bbox 1396 5441 1729 5496; x_wconf 83' lang='lat' dir='ltr'><strong>monasteria</strong></span> 
     </span>
    </p>
   </div>
   <div class='ocr_carea' id='block_1_103' title="bbox 1831 4459 3361 4529">
    <p class='ocr_par' dir='ltr' id='par_1_103' title="bbox 1831 4459 3361 4529">
     <span class='ocr_line' id='line_1_103' title="bbox 1831 4459 3361 4529; baseline -0.003 -17"><span class='ocrx_word' id='word_1_725' title='bbox 1831 4459 2006 4522; x_wconf 76' lang='grc' dir='ltr'>καλῶς</span> <span class='ocrx_word' id='word_1_726' title='bbox 2031 4477 2090 4511; x_wconf 79' lang='grc' dir='ltr'><strong>τε</strong></span> <span class='ocrx_word' id='word_1_727' title='bbox 2122 4460 2212 4512; x_wconf 75' lang='grc' dir='ltr'><strong>καὶ</strong></span> <span class='ocrx_word' id='word_1_728' title='bbox 2248 4459 2684 4528; x_wconf 77' lang='grc' dir='ltr'><strong>ἐσπουδασμένως</strong></span> <span class='ocrx_word' id='word_1_729' title='bbox 2705 4459 2771 4512; x_wconf 83' lang='grc' dir='ltr'><strong>τὰ</strong></span> <span class='ocrx_word' id='word_1_730' title='bbox 2797 4460 2918 4528; x_wconf 72' lang='grc' dir='ltr'>περὶ</span> <span class='ocrx_word' id='word_1_731' title='bbox 2953 4459 3041 4512; x_wconf 82' lang='grc' dir='ltr'>τὸν</span> <span class='ocrx_word' id='word_1_732' title='bbox 3071 4460 3361 4529; x_wconf 85' lang='grc' dir='ltr'><strong>Χρυσόστο-</strong></span> 
     </span>
    </p>
   </div>
   <div class='ocr_carea' id='block_1_104' title="bbox 1835 4548 3362 4619">
    <p class='ocr_par' dir='ltr' id='par_1_104' title="bbox 1835 4548 3362 4619">
     <span class='ocr_line' id='line_1_104' title="bbox 1835 4548 3362 4619; baseline 0 -18"><span class='ocrx_word' id='word_1_733' title='bbox 1835 4565 1930 4618; x_wconf 84' lang='grc' dir='ltr'>μον</span> <span class='ocrx_word' id='word_1_734' title='bbox 1962 4548 2317 4619; x_wconf 78' lang='grc' dir='ltr'><strong>ἀνεγράψατο.</strong></span> <span class='ocrx_word' id='word_1_735' title='bbox 2368 4566 2386 4599; x_wconf 74' lang='grc' dir='ltr'>ι</span> <span class='ocrx_word' id='word_1_736' title='bbox 2412 4549 2677 4617; x_wconf 89' lang='lat' dir='ltr'><strong>Dialogico</strong></span> <span class='ocrx_word' id='word_1_737' title='bbox 2705 4548 2873 4616; x_wconf 89' lang='lat' dir='ltr'><strong>ipsum</strong></span> <span class='ocrx_word' id='word_1_738' title='bbox 2909 4549 3210 4603; x_wconf 88' lang='lat' dir='ltr'><strong>charactere</strong></span> <span class='ocrx_word' id='word_1_739' title='bbox 3243 4549 3362 4618; x_wconf 85' lang='lat' dir='ltr'><strong>pul-</strong></span> 
     </span>
    </p>
   </div>
   <div class='ocr_carea' id='block_1_105' title="bbox 1830 4636 3355 4707">
    <p class='ocr_par' dir='ltr' id='par_1_105' title="bbox 1830 4636 3355 4707">
     <span class='ocr_line' id='line_1_105' title="bbox 1830 4636 3355 4707; baseline 0.001 -17"><span class='ocrx_word' id='word_1_740' title='bbox 1830 4639 1956 4690; x_wconf 88' lang='lat' dir='ltr'><strong>chre</strong></span> <span class='ocrx_word' id='word_1_741' title='bbox 1983 4653 2043 4690; x_wconf 89' lang='lat' dir='ltr'><strong>ac</strong></span> <span class='ocrx_word' id='word_1_742' title='bbox 2072 4637 2349 4705; x_wconf 86' lang='lat' dir='ltr'><strong>diligenter</strong></span> <span class='ocrx_word' id='word_1_743' title='bbox 2399 4652 2484 4691; x_wconf 90' lang='lat' dir='ltr'><strong>res</strong></span> <span class='ocrx_word' id='word_1_744' title='bbox 2532 4636 2891 4707; x_wconf 85' lang='lat' dir='ltr'><strong>Chrysostomi</strong></span> <span class='ocrx_word' id='word_1_745' title='bbox 2937 4640 3355 4706; x_wconf 67' lang='lat' dir='ltr'><strong>descripsisse‘ls</strong></span> 
     </span>
    </p>
   </div>
   <div class='ocr_carea' id='block_1_106' title="bbox 1830 4725 3360 4798">
    <p class='ocr_par' dir='ltr' id='par_1_106' title="bbox 1830 4725 3360 4798">
     <span class='ocr_line' id='line_1_106' title="bbox 1830 4725 3360 4798; baseline 0.001 -18"><span class='ocrx_word' id='word_1_746' title='bbox 1830 4725 2081 4794; x_wconf 88' lang='lat' dir='ltr'><strong>Equidem</strong></span> <span class='ocrx_word' id='word_1_747' title='bbox 2111 4736 2161 4779; x_wconf 90' lang='lat' dir='ltr'><strong>et</strong></span> <span class='ocrx_word' id='word_1_748' title='bbox 2187 4727 2294 4795; x_wconf 86' lang='lat' dir='ltr'><strong>jam</strong></span> <span class='ocrx_word' id='word_1_749' title='bbox 2318 4742 2473 4795; x_wconf 87' lang='lat' dir='ltr'><strong>supra</strong></span> <span class='ocrx_word' id='word_1_750' title='bbox 2505 4726 2634 4790; x_wconf 86' lang='lat' dir='ltr'><strong>dixi,</strong></span> <span class='ocrx_word' id='word_1_751' title='bbox 2658 4736 2711 4780; x_wconf 91' lang='lat' dir='ltr'><strong>et</strong></span> <span class='ocrx_word' id='word_1_752' title='bbox 2742 4743 2881 4782; x_wconf 88' lang='lat' dir='ltr'><strong>nunc</strong></span> <span class='ocrx_word' id='word_1_753' title='bbox 2901 4743 3107 4797; x_wconf 90' lang='lat' dir='ltr'><strong>quoque</strong></span> <span class='ocrx_word' id='word_1_754' title='bbox 3129 4745 3360 4798; x_wconf 87' lang='lat' dir='ltr'><strong>pronun-</strong></span> 
     </span>
    </p>
   </div>
   <div class='ocr_carea' id='block_1_107' title="bbox 1832 4815 3359 4886">
    <p class='ocr_par' dir='ltr' id='par_1_107' title="bbox 1832 4815 3359 4886">
     <span class='ocr_line' id='line_1_107' title="bbox 1832 4815 3359 4886; baseline -0.001 -16"><span class='ocrx_word' id='word_1_755' title='bbox 1832 4819 1901 4871; x_wconf 94' lang='lat' dir='ltr'><strong>tio</strong></span> <span class='ocrx_word' id='word_1_756' title='bbox 1937 4817 2156 4884; x_wconf 90' lang='lat' dir='ltr'><strong>duplicis</strong></span> <span class='ocrx_word' id='word_1_757' title='bbox 2213 4815 2374 4870; x_wconf 90' lang='lat' dir='ltr'><strong>fuisse</strong></span> <span class='ocrx_word' id='word_1_758' title='bbox 2403 4817 2608 4885; x_wconf 86' lang='lat' dir='ltr'><strong>generis</strong></span> <span class='ocrx_word' id='word_1_759' title='bbox 2646 4817 2968 4886; x_wconf 84' lang='lat' dir='ltr'><strong>Origenistas</strong></span> <span class='ocrx_word' id='word_1_760' title='bbox 2994 4858 3011 4882; x_wconf 88' lang='lat'><strong>,</strong></span> <span class='ocrx_word' id='word_1_761' title='bbox 3045 4818 3359 4886; x_wconf 78' lang='lat' dir='ltr'><strong>orthodoxos</strong></span> 
     </span>
    </p>
   </div>
   <div class='ocr_carea' id='block_1_108' title="bbox 1831 4905 3355 4972">
    <p class='ocr_par' dir='ltr' id='par_1_108' title="bbox 1831 4905 3355 4972">
     <span class='ocr_line' id='line_1_108' title="bbox 1831 4905 3355 4972; baseline -0.002 -12"><span class='ocrx_word' id='word_1_762' title='bbox 1831 4915 1886 4960; x_wconf 89' lang='lat' dir='ltr'><strong>et</strong></span> <span class='ocrx_word' id='word_1_763' title='bbox 1917 4905 2308 4970; x_wconf 77' lang='lat' dir='ltr'><strong>heterodoxos;</strong></span> <span class='ocrx_word' id='word_1_764' title='bbox 2347 4921 2479 4972; x_wconf 89' lang='lat' dir='ltr'><strong>quos</strong></span> <span class='ocrx_word' id='word_1_765' title='bbox 2507 4922 2623 4959; x_wconf 90' lang='lat' dir='ltr'><strong>cum</strong></span> <span class='ocrx_word' id='word_1_766' title='bbox 2649 4909 2713 4961; x_wconf 88' lang='lat' dir='ltr'><strong>ab</strong></span> <span class='ocrx_word' id='word_1_767' title='bbox 2744 4909 2964 4964; x_wconf 87' lang='lat' dir='ltr'><strong>invicem</strong></span> <span class='ocrx_word' id='word_1_768' title='bbox 2999 4921 3274 4962; x_wconf 88' lang='lat' dir='ltr'><strong>secernere</strong></span> <span class='ocrx_word' id='word_1_769' title='bbox 3307 4908 3355 4960; x_wconf 90' lang='lat' dir='ltr'><strong>in</strong></span> 
     </span>
    </p>
   </div>
   <div class='ocr_carea' id='block_1_109' title="bbox 1832 4995 3357 5066">
    <p class='ocr_par' dir='ltr' id='par_1_109' title="bbox 1832 4995 3357 5066">
     <span class='ocr_line' id='line_1_109' title="bbox 1832 4995 3357 5066; baseline -0.001 -18"><span class='ocrx_word' id='word_1_770' title='bbox 1832 5007 2071 5065; x_wconf 88' lang='lat' dir='ltr'><strong>promptu</strong></span> <span class='ocrx_word' id='word_1_771' title='bbox 2097 5013 2198 5049; x_wconf 93' lang='lat' dir='ltr'><strong>non</strong></span> <span class='ocrx_word' id='word_1_772' title='bbox 2221 5006 2382 5061; x_wconf 89' lang='lat' dir='ltr'><strong>esset,</strong></span> <span class='ocrx_word' id='word_1_773' title='bbox 2414 5007 2664 5066; x_wconf 89' lang='lat' dir='ltr'><strong>utrosque</strong></span> <span class='ocrx_word' id='word_1_774' title='bbox 2703 4997 3154 5052; x_wconf 89' lang='lat' dir='ltr'><strong>indiscriminatim</strong></span> <span class='ocrx_word' id='word_1_775' title='bbox 3188 4995 3357 5047; x_wconf 89' lang='lat' dir='ltr'><strong>Theo-</strong></span> 
     </span>
    </p>
   </div>
   <div class='ocr_carea' id='block_1_110' title="bbox 1829 5088 3355 5156">
    <p class='ocr_par' dir='ltr' id='par_1_110' title="bbox 1829 5088 3355 5156">
     <span class='ocr_line' id='line_1_110' title="bbox 1829 5088 3355 5156; baseline -0.005 -16"><span class='ocrx_word' id='word_1_776' title='bbox 1829 5088 2025 5155; x_wconf 86' lang='lat' dir='ltr'><strong>philum</strong></span> <span class='ocrx_word' id='word_1_777' title='bbox 2061 5089 2372 5150; x_wconf 80' lang='lat' dir='ltr'><strong>divcxasse;</strong></span> <span class='ocrx_word' id='word_1_778' title='bbox 2413 5090 2752 5156; x_wconf 85' lang='lat' dir='ltr'><strong>eamdemque</strong></span> <span class='ocrx_word' id='word_1_779' title='bbox 2784 5089 2851 5142; x_wconf 93' lang='lat' dir='ltr'><strong>ob</strong></span> <span class='ocrx_word' id='word_1_780' title='bbox 2881 5102 3084 5142; x_wconf 88' lang='lat' dir='ltr'><strong>causam</strong></span> <span class='ocrx_word' id='word_1_781' title='bbox 3115 5095 3355 5147; x_wconf 87' lang='lat' dir='ltr'><strong>utrosque</strong></span> 
     </span>
    </p>
   </div>
   <div class='ocr_carea' id='block_1_111' title="bbox 1833 5172 3352 5248">
    <p class='ocr_par' dir='ltr' id='par_1_111' title="bbox 1833 5172 3352 5248">
     <span class='ocr_line' id='line_1_111' title="bbox 1833 5172 3352 5248; baseline -0.003 -19"><span class='ocrx_word' id='word_1_782' title='bbox 1833 5178 2289 5233; x_wconf 86' lang='lat' dir='ltr'><strong>indiscriminatim</strong></span> <span class='ocrx_word' id='word_1_783' title='bbox 2338 5178 2590 5233; x_wconf 86' lang='lat' dir='ltr'><strong>Joannem</strong></span> <span class='ocrx_word' id='word_1_784' title='bbox 2636 5180 3059 5248; x_wconf 84' lang='lat' dir='ltr'><strong>Cltrysostomum</strong></span> <span class='ocrx_word' id='word_1_785' title='bbox 3114 5172 3352 5225; x_wconf 79' lang='lat' dir='ltr'><strong>favisse:</strong></span> 
     </span>
    </p>
   </div>
   <div class='ocr_carea' id='block_1_112' title="bbox 1834 5257 3358 5334">
    <p class='ocr_par' dir='ltr' id='par_1_112' title="bbox 1834 5257 3358 5334">
     <span class='ocr_line' id='line_1_112' title="bbox 1834 5257 3358 5334; baseline -0.008 -14"><span class='ocrx_word' id='word_1_786' title='bbox 1834 5266 1959 5321; x_wconf 87' lang='lat' dir='ltr'><strong>hinc</strong></span> <span class='ocrx_word' id='word_1_787' title='bbox 2011 5268 2288 5320; x_wconf 90' lang='lat' dir='ltr'><strong>nonnullos</strong></span> <span class='ocrx_word' id='word_1_788' title='bbox 2337 5266 2531 5321; x_wconf 85' lang='lat' dir='ltr'><strong>factum</strong></span> <span class='ocrx_word' id='word_1_789' title='bbox 2582 5267 2853 5334; x_wconf 88' lang='lat' dir='ltr'><strong>Theophili</strong></span> <span class='ocrx_word' id='word_1_790' title='bbox 2900 5261 3243 5319; x_wconf 78' lang='lat' dir='ltr'><strong>heterodoxos</strong></span> <span class='ocrx_word' id='word_1_791' title='bbox 3275 5257 3358 5308; x_wconf 83' lang='lat' dir='ltr'><strong>in-</strong></span> 
     </span>
    </p>
   </div>
   <div class='ocr_carea' id='block_1_113' title="bbox 1834 5342 3356 5424">
    <p class='ocr_par' dir='ltr' id='par_1_113' title="bbox 1834 5342 3356 5424">
     <span class='ocr_line' id='line_1_113' title="bbox 1834 5342 3356 5424; baseline -0.009 -14"><span class='ocrx_word' id='word_1_792' title='bbox 1834 5357 2082 5410; x_wconf 86' lang='lat' dir='ltr'><strong>sectantis</strong></span> <span class='ocrx_word' id='word_1_793' title='bbox 2143 5357 2430 5424; x_wconf 87' lang='lat' dir='ltr'><strong>probasse;</strong></span> <span class='ocrx_word' id='word_1_794' title='bbox 2477 5359 2592 5412; x_wconf 90' lang='lat' dir='ltr'><strong>aliis</strong></span> <span class='ocrx_word' id='word_1_795' title='bbox 2633 5357 2944 5411; x_wconf 82' lang='lat' dir='ltr'><strong>orthodoxos</strong></span> <span class='ocrx_word' id='word_1_796' title='bbox 2997 5345 3129 5399; x_wconf 90' lang='lat' dir='ltr'><strong>male</strong></span> <span class='ocrx_word' id='word_1_797' title='bbox 3174 5342 3356 5397; x_wconf 84' lang='lat' dir='ltr'><strong>haberi</strong></span> 
     </span>
    </p>
   </div>
   <div class='ocr_carea' id='block_1_114' title="bbox 1837 5433 3362 5515">
    <p class='ocr_par' dir='ltr' id='par_1_114' title="bbox 1837 5433 3362 5515">
     <span class='ocr_line' id='line_1_114' title="bbox 1837 5433 3362 5515; baseline 0.001 -18"><span class='ocrx_word' id='word_1_798' title='bbox 1837 5444 2084 5500; x_wconf 89' lang='lat' dir='ltr'><strong>doluisse.</strong></span> <span class='ocrx_word' id='word_1_799' title='bbox 2121 5443 2464 5513; x_wconf 87' lang='lat' dir='ltr'><strong>Theophilum</strong></span> <span class='ocrx_word' id='word_1_800' title='bbox 2497 5456 2747 5515; x_wconf 69' lang='lat' dir='ltr'><strong>praeterea</strong></span> <span class='ocrx_word' id='word_1_801' title='bbox 2789 5437 2982 5508; x_wconf 74' lang='lat' dir='ltr'><strong>judiCiO</strong></span> <span class='ocrx_word' id='word_1_802' title='bbox 3025 5433 3189 5486; x_wconf 69' lang='grc' dir='ltr'>Ῐυίεεθ</span> <span class='ocrx_word' id='word_1_803' title='bbox 3222 5443 3362 5498; x_wconf 61' lang='grc' dir='ltr'><strong>ιπε-</strong></span> 
     </span>
    </p>
   </div>
   <div class='ocr_carea' id='block_1_115' title="bbox 262 5554 1741 5647">
    <p class='ocr_par' dir='ltr' id='par_1_115' title="bbox 262 5569 1741 5647">
     <span class='ocr_line' id='line_1_115' title="bbox 262 5569 1741 5647; baseline 0.001 -21"><span class='ocrx_word' id='word_1_804' title='bbox 262 5577 316 5608; x_wconf 55' lang='lat' dir='ltr'><strong>ﬁ</strong></span> <span class='ocrx_word' id='word_1_805' title='bbox 342 5572 514 5647; x_wconf 60' lang='lat' dir='ltr'><strong>Exod.</strong></span> <span class='ocrx_word' id='word_1_806' title='bbox 539 5588 663 5635; x_wconf 68' lang='lat' dir='ltr'><strong>xvn,</strong></span> <span class='ocrx_word' id='word_1_807' title='bbox 690 5573 816 5647; x_wconf 51' lang='lat' dir='ltr'><strong>ll.“</strong></span> <span class='ocrx_word' id='word_1_808' title='bbox 842 5573 1046 5647; x_wconf 36' lang='lat' dir='ltr'><strong>&quot;nitier.</strong></span> <span class='ocrx_word' id='word_1_809' title='bbox 1075 5571 1211 5639; x_wconf 81' lang='lat' dir='ltr'><strong>epist.</strong></span> <span class='ocrx_word' id='word_1_810' title='bbox 1251 5569 1332 5626; x_wconf 77' lang='lat' dir='ltr'><strong>7f.</strong></span> <span class='ocrx_word' id='word_1_811' title='bbox 1413 5577 1456 5608; x_wconf 73' lang='grc'><strong>³⁸</strong></span> <span class='ocrx_word' id='word_1_812' title='bbox 1488 5574 1645 5629; x_wconf 86' lang='lat' dir='ltr'><strong>llier.</strong></span> <span class='ocrx_word' id='word_1_813' title='bbox 1668 5575 1741 5644; x_wconf 83' lang='lat' dir='ltr'><strong>epi</strong></span> 
     </span>
    </p>
   </div>
   <div class='ocr_carea' id='block_1_116' title="bbox 1826 5554 3363 5647">
    <p class='ocr_par' dir='ltr' id='par_1_116' title="bbox 1827 5554 3363 5647">
     <span class='ocr_line' id='line_1_116' title="bbox 1827 5554 3363 5647; baseline -0.013 -19"><span class='ocrx_word' id='word_1_814' title='bbox 1827 5577 1920 5646; x_wconf 56' lang='grc' dir='ltr'><strong>πο.</strong></span> <span class='ocrx_word' id='word_1_815' title='bbox 1997 5576 2482 5647; x_wconf 72' lang='lat' dir='ltr'><strong>&quot;llier.epist.72.</strong></span> <span class='ocrx_word' id='word_1_816' title='bbox 2558 5569 2927 5635; x_wconf 33' lang='lat' dir='ltr'><strong>&quot;l‘licr.epist.</strong></span> <span class='ocrx_word' id='word_1_817' title='bbox 2952 5565 3036 5617; x_wconf 84' lang='lat'><strong>78.</strong></span> <span class='ocrx_word' id='word_1_818' title='bbox 3112 5554 3363 5627; x_wconf 63' lang='lat' dir='ltr'><strong>“Virgil.</strong></span> 
     </span>
    </p>
   </div>
   <div class='ocr_carea' id='block_1_117' title="bbox 172 5641 974 5704">
    <p class='ocr_par' dir='ltr' id='par_1_117' title="bbox 172 5641 974 5704">
     <span class='ocr_line' id='line_1_117' title="bbox 172 5641 974 5704; baseline -0.007 -6"><span class='ocrx_word' id='word_1_819' title='bbox 172 5645 418 5704; x_wconf 64' lang='lat' dir='ltr'><strong>dinem.</strong></span> <span class='ocrx_word' id='word_1_820' title='bbox 448 5656 532 5702; x_wconf 83' lang='lat' dir='ltr'><strong>nt,</strong></span> <span class='ocrx_word' id='word_1_821' title='bbox 560 5656 692 5695; x_wconf 87' lang='lat' dir='ltr'><strong>vers.</strong></span> <span class='ocrx_word' id='word_1_822' title='bbox 722 5641 836 5700; x_wconf 65' lang='lat'><strong>426.</strong></span> <span class='ocrx_word' id='word_1_823' title='bbox 863 5643 974 5694; x_wconf 56' lang='grc' dir='ltr'><strong>ΗΒ.</strong></span> 
     </span>
    </p>
   </div>
  </div>
