3920 6466
467 407 597 461 1147

467 518 636 588 cipiti,
667 524 720 568 et
777 508 933 563 animi
965 502 1236 558 all'ectibus
1273 501 1323 553 ni

468 578 734 675 negarem,
759 597 1071 652 reclamaret
1093 591 1525 656 Chrysostomus,
1562 583 1612 633 in
1641 593 1796 646 quem
1835 578 1999 641 impo-

469 668 640 752 tenter
661 688 896 744 deszeviit
920 704 935 748 ;
968 683 1280 736 reclamaret
1308 687 1361 731 et
1378 675 1567 728 Paulus
1593 672 1679 724 ille
1700 668 1994 736 episcopus,

467 799 618 855 quem
663 787 777 849 post
813 774 1032 843 ﬂagella,
1079 783 1347 824 carcerem
1391 774 1443 818 et
1482 761 1709 855 metalla,
1762 755 2000 855 a-Theo-

466 846 627 941 philo,
657 846 759 922 non
788 875 1001 934 propter
1051 858 1458 928 Origenismum,
1487 852 1576 906 sed
1622 849 1751 902 alias
1776 846 1842 899 ob
1877 859 2001 896 cau-

467 977 554 1016 sas
603 974 668 1011 ex
699 956 924 1025 Egypto
948 953 1294 1008 eliminatum
1322 945 1673 1012 Hieronymus
1723 947 2000 992 transeun-

468 1064 571 1106 tem
595 1049 821 1118 hospitio
847 1045 1094 1112 suscepit,
1151 1049 1203 1094 et
1226 1046 1282 1091 ut
1313 1051 1405 1106 per
1433 1030 1702 1100 imperiale
1743 1026 1995 1118 scriptum

468 1112 858 1195 restitueretur,
893 1129 1168 1186 laboravit.
1204 1122 1430 1179 Privatis
1477 1119 1695 1188 proinde
1730 1115 1903 1169 causis
1931 1112 1998 1164 ad

467 1225 760 1293 carpendos
785 1219 1109 1287 Origenislas
1158 1214 1436 1266 adductum
1502 1207 1660 1258 fuisse
1712 1203 1820 1254 veri
1869 1197 1996 1252 mihi

467 1289 676 1367 videtur
707 1323 956 1378 perquam
993 1304 1335 1361 simillimum,
1383 1306 1437 1351 et
1461 1295 1700 1348 vindicta:
1738 1307 1847 1345 sua:
1880 1289 1999 1345 Ori-

467 1403 760 1471 genismum
807 1396 1026 1450 subdole
1075 1390 1450 1461 praetexuisse;
1483 1383 1828 1452 Epiphanium
1857 1392 1996 1471 vero

466 1469 534 1543 et.
557 1489 950 1555 Hieronymum,
1005 1496 1114 1534 rem
1181 1480 1349 1546 ipsam
1408 1473 1651 1527 Ecclesia:
1695 1469 1993 1538 perutilem,

469 1576 785 1645 Origenismi
815 1574 1014 1628 scilicet
1032 1567 1462 1636 exstirpationem
1496 1572 1778 1630 spectasse,
1810 1573 1996 1612 causas

470 1667 610 1734 ipsas
641 1667 852 1732 insuper
892 1662 1160 1716 habuisse.
1203 1658 1534 1724 Quaecunque
1557 1662 1699 1707 certe
1722 1667 1806 1706 res
1827 1652 1995 1704 Theo-

468 1755 665 1822 philum
699 1753 980 1821 impulerit,
1009 1757 1216 1804 constat
1267 1747 1508 1815 legitima
1546 1744 1727 1813 synodi
1768 1742 1993 1795 decretis

1759 377 1815 428 P.
1857 369 2158 426 DANIELIS
2195 363 2444 420 HUETII

1331 499 1490 552 mium
1535 495 1924 559 obtemperasse
1955 486 1998 538 si
2025 491 2070 542 Λ
2098 497 2226 536 vero
2287 485 2454 545 rogat
2508 462 2910 559 Epiphanium
2973 451 3510 559 Theophllnssh-ut
3552 447 3791 515 aliquem

3645 332 3788 384 Η·ιὸ

2097 573 2277 625 mittat
2317 538 2923 624 Constantinopolim,
2972 549 3132 602 sicut
3163 559 3197 596 a
3229 557 3296 596 se
3326 538 3651 592 Nitrienses
3681 553 3795 589 mo-

2095 661 2249 714 nachi
2302 656 2464 711 missi
2499 661 2639 706 sunt
2667 665 2684 700 :
2717 659 2836 714 quo
2883 638 3092 694 missi?
3134 647 3354 700 nempe
3416 645 3534 698 quo
3564 629 3795 697 aliquem

2096 751 2234 803 mitti
2264 749 2384 801 vult
2432 745 2505 798 ab
2561 735 2941 808 Epiphanio;
2981 721 3574 790 Constantinopolim
3615 733 3632 771 :
3681 734 3795 772 nam

2096 840 2224 906 quid
2294 837 2448 889 aliud
2498 832 2680 885 verba
2744 823 3007 880 sonant?
3040 817 3219 884 Quod
3252 824 3458 867 autem
3518 812 3798 906 peregrina

2097 902 2488 984 communione
2517 937 2619 977 eos
2653 915 2956 984 exceperit
2987 911 3503 978 Chrysostomus,
3530 902 3661 954 inde
3683 916 3801 956 cou-

2099 1019 2270 1072 cludit
2320 1015 2604 1069 Baronius
2654 1007 2862 1080 synodi
2932 997 3384 1057 Alexandrinae
3427 993 3653 1048 litteras
3690 992 3802 1048 illuc

2097 1110 2334 1163 nondum
2373 1105 2547 1158 fuisse
2596 1101 2890 1170 perlatas;
2929 1092 3166 1159 alioqui
3221 1090 3550 1142 damnatos
3591 1094 3647 1138 et
3689 1099 3803 1151 pro-

2097 1198 2334 1265 scriptos
2390 1193 2707 1248 monachos
2759 1188 3010 1242 minime
3076 1181 3280 1235 fuisse
3309 1185 3712 1244 excepturum.
3745 1175 3807 1232 Ut

2097 1289 2148 1342 id
2172 1290 2352 1352 detur,
2389 1288 2539 1355 quod
2567 1283 2764 1352 negari
2813 1290 3017 1333 tamen
3052 1281 3295 1344 potest,
3332 1285 3476 1324 nam
3511 1270 3807 1323 damnatio-

2097 1381 2182 1434 nis
2206 1393 2430 1433 causam
2475 1385 2698 1430 certum
2732 1381 2824 1426 est
2868 1371 3066 1422 licere
3105 1363 3375 1431 inquiri,
3415 1375 3537 1415 non
3575 1360 3701 1415 inde
3730 1374 3805 1414 se-

2097 1470 2282 1536 quitur
2314 1462 3042 1532 Constantinopolitanum
3119 1457 3251 1510 iter
3286 1453 3464 1521 prius
3515 1451 3809 1519 suscepisse

2096 1557 2400 1611 Nitrienses
2452 1554 2839 1623 Origenistas,
2905 1565 3106 1620 quam
3171 1547 3422 1615 legatos
3477 1543 3803 1598 suoseodetn

2097 1648 2428 1717 Theophilus
2479 1646 2758 1698 misisset.
2827 1638 3182 1694 Probabile
3239 1636 3473 1704 quippe
3527 1643 3614 1686 est
3645 1632 3800 1686 Theo-

2097 1741 2228 1808 phili
2263 1741 2470 1807 legatos
2508 1735 2840 1804 provincias
2875 1732 3121 1785 multas
3156 1729 3428 1791 adiisse,
3456 1725 3802 1779 disseminan-

468 1843 882 1910 Origenistarum
913 1854 1123 1895 errores
1147 1838 1307 1891 fuisse
1338 1836 1625 1898 rescissos;
1667 1848 1728 1886 ac
1752 1847 1854 1885 non
1879 1841 1995 1882 tan-
2024 1809 2066 1862 Β
2099 1833 2286 1885 darum
2328 1828 2579 1897 praasulis
2619 1826 2771 1880 illius
2807 1822 3280 1895 synodicarum
3342 1819 3667 1872 litterarum
3701 1834 3802 1886 gra-

471 1944 578 1986 tum
607 1933 832 1986 fortasse
857 1931 1150 1998 TheOpbili,
1188 1937 1438 1996 quantum
1487 1923 1668 1993 synodi
1697 1920 1998 1976 auctoritati

470 2023 842 2090 Hieronymum
876 2029 929 2075 et
957 2020 1302 2089 Epiphanium
1339 2015 1600 2068 tribuisse.

538 2111 646 2164 Vll.
697 2112 860 2164 Porro
915 2125 1017 2163 non
1063 2107 1368 2177 synodicam
1429 2105 1681 2156 duntaxat
1723 2101 1999 2170 Theophili

469 2200 770 2269 epistolam,
829 2204 1003 2253 datam
1039 2212 1176 2252 anno
1206 2195 1400 2249 Christi
1439 2195 1562 2258 599,
1594 2197 1683 2246 sed
1717 2193 2001 2247 Paschales

467 2292 627 2344 etiam
653 2301 897 2356 quatuor,
924 2289 1077 2342 annis
1117 2286 1239 2350 400,
1271 2285 1392 2345 401,
1421 2283 1542 2346 402,
1567 2283 1691 2346 405,
1717 2283 1841 2347 404,
1865 2283 2003 2337 scri-

470 2389 604 2446 ptas,
657 2379 1006 2448 Hieronymus
1053 2377 1331 2429 Latinitate
1389 2373 1621 2435 donavit,
1662 2382 1716 2424 ut
1771 2387 1888 2438 quae
1934 2372 2001 2426 iis

471 2469 846 2520 continebatur
871 2467 1109 2537 Origenis
1139 2465 1423 2526 damnatio,
1462 2463 1638 2525 latius,
1676 2473 1728 2516 et
1761 2463 1810 2515 in
1849 2463 2003 2517 Occi-

472 2557 630 2609 dente
675 2558 1000 2624 potissimum
1059 2554 1469 2623 pervulgaretur.
1528 2552 1886 2605 Pervenerunt
1937 2553 2003 2606 ad

475 2646 611 2698 hanc
633 2655 838 2699 aetatem
881 2645 1200 2712 posteriores
1231 2655 1362 2705 tres,
1417 2642 1560 2710 prior
1603 2657 1721 2695 cum
1753 2641 2000 2709 synodica

473 2734 770 2799 intercidit;
807 2735 855 2786 in
879 2734 1067 2802 quibus
1089 2734 1371 2800 depravata
1397 2731 1568 2798 aliqua
1593 2731 1658 2783 ab
1684 2728 2004 2798 Hieronymo

471 2837 590 2876 cum
630 2823 791 2890 ipsius
813 2822 1096 2875 adversarii
1115 2823 1420 2889 jactassent,
1450 2834 1566 2873 sese
1587 2819 1638 2871 in
1663 2819 1882 2886 epistola
1914 2819 2001 2883 78,

473 2913 540 2964 ad
577 2911 959 2964 Pammachium
1000 2921 1044 2963 et
1085 2909 1410 2968 Marcellam,
1467 2924 1584 2962 cum
1615 2911 1680 2962 ad
1707 2923 1798 2962 eos
1824 2918 2002 2977 poste-

475 3003 648 3054 riores
669 3000 951 3054 Paschalcs
983 3001 1230 3064 mitteret,
1258 2998 1544 3051 luculenter
1571 2998 1831 3067 purgavit.

2102 1923 2196 1986 tia,
2225 1923 2564 1989 proindeque
2587 1919 2774 1972 serius
2804 1910 3449 1980 Constantinopolim
3484 1910 3702 1964 easdem
3728 1910 3809 1963 inl-

2099 2023 2382 2082 portasse;
2417 2025 2542 2065 cum
2601 2010 2830 2062 interea
2871 2003 3297 2060 discessione
3357 2001 3596 2055 illorum
3630 2001 3809 2065 audita,

2101 2108 2304 2162 nullam
2337 2107 2763 2171 interponentes
2804 2111 3092 2160 moram,
3137 2093 3407 2164 magnis
3444 2091 3812 2145 itineribusil-

2103 2199 2186 2252 luc
2213 2195 2630 2250 contendissent
2672 2190 3096 2260 Origenistaa;
3154 2196 3230 2241 et
3267 2187 3382 2255 qui
3432 2187 3627 2240 serius
3654 2198 3814 2238 susce-

2100 2296 2295 2356 perant
2327 2287 2451 2349 iter,
2486 2284 2768 2337 maturius
2799 2281 2958 2334 illud
2989 2279 3470 2334 confecissent.

2174 2377 2265 2431 IX.
2292 2373 2832 2441 Constantinopolim
2869 2370 3079 2425 delati
3133 2369 3529 2436 Origenistae
3571 2365 3818 2436 supplices

2105 2467 2356 2520 aecidunt
2387 2466 2454 2518 ad
2503 2479 2684 2531 genua
2721 2461 3010 2526 Joannis,
3074 2463 3544 2530 postulauitque
3570 2469 3630 2513 ut
3677 2472 3817 2528 opera

2104 2556 2270 2621 ipsius
2296 2564 2349 2608 et
2373 2552 2731 2615 auctoritate,
2763 2552 3118 2621 Theophili
3166 2553 3515 2608 adversum
3543 2567 3605 2606 se
3629 2553 3816 2605 iracun-

2105 2648 2190 2700 dia
2237 2653 2484 2711 sedetur,
2526 2654 2581 2700 et
2614 2645 2946 2715 IEgyptum
2989 2647 3332 2702 redeundi
3362 2647 3480 2702 sibi
3521 2646 3676 2715 c0pia
3702 2645 3816 2698 ﬁat:

2104 2737 2243 2804 quod
2277 2737 2320 2789 si
2350 2735 2664 2790 reverentia
2696 2744 2797 2787 aut
2829 2743 3010 2788 metu
3042 2734 3438 2805 Theophili,
3479 2738 3554 2790 ab
3577 2738 3690 2805 ipso
3715 2750 3820 2803 quo-

2105 2842 2209 2894 que
2240 2826 2702 2892 quemadmodum
2725 2833 2783 2878 et
2815 2827 2894 2877 ab
2923 2825 3081 2881 aliis
3109 2828 3452 2896 episcopis
3491 2829 3815 2896 repellantur,

2107 2915 2446 2982 imperatoris
2475 2929 2637 2982 Opem
2673 2929 2737 2969 se
2761 2915 3054 2982 denique
3098 2918 3587 2988 imploraturos.
3619 2919 3818 2985 Compo-

2109 3005 2244 3056 situs
2273 3004 2338 3055 ad
2377 3002 2802 3055 miserationem
2858 3008 3427 3061 commovendam
3461 3008 3706 3062 virorum
3733 3007 3818 3058 ha-

547 3089 676 3142 Vlll.
709 3090 825 3142 .lam
859 3103 984 3141 vero
1015 3103 1190 3140 rerum
1213 3087 1404 3140 seriem
1429 3101 1828 3154 persequamur.
1862 3087 2006 3141 Dixi-
2031 3108 2074 3162 ο
2108 3093 2249 3146 bitus
2273 3092 2672 3161 Chrysostomo
2723 3091 3050 3162 lacrymas
3087 3099 3421 3152 excussit.
3476 3097 3715 3164 Benigne
3737 3097 3821 3148 ita-

473 3191 591 3230 mus
628 3176 1136 3242 Constantinopolim
1180 3175 1445 3243 profectos
1485 3189 1602 3229 esse
1653 3175 1998 3244 Origenistas,

476 3275 749 3333 postquam
792 3265 974 3319 eodem
1018 3265 1216 3333 legatos
1256 3264 1598 3331 aTheophilo
1635 3264 1822 3318 missos
1850 3280 2002 3320 acce-

475 3366 683 3422 perunt.
715 3353 868 3406 Falso
897 3355 945 3406 id
975 3369 1003 3406 a
1034 3354 1264 3408 Palladio
1294 3363 1348 3407 et
1401 3353 1696 3407 Sozomeno
1717 3354 1999 3407 conlictum

476 3444 646 3510 arguit
671 3441 925 3495 Baronius
953 3442 1018 3494 ad
1047 3459 1131 3495 an.
1165 3443 1287 3505 400,
1310 3458 1427 3509 cap.
1449 3443 1536 3505 6i,
1565 3458 1660 3495 nec
1683 3458 2000 3511 quemquam

477 3535 602 3586 illuc
636 3543 757 3584 ante
784 3533 984 3600 legasse
1007 3532 1349 3600 Theophilum
1391 3533 1680 3596 contendit,
1716 3547 1874 3600 quam
1907 3549 2002 3588 eo-

477 3624 594 3675 dem
627 3622 820 3674 abiisse
851 3620 1179 3689 Origenistas
1213 3623 1484 3676 intellexit.
1544 3622 1752 3675 Falsum
1796 3639 2004 3692 quoque

473 3725 591 3764 esse
612 3711 744 3776 vult,
776 3712 912 3764 inter
940 3711 1263 3779 Origenistas
1294 3712 1458 3766 fuisse
1522 3712 1776 3766 lsidorum
1802 3731 1817 3780 ;
1852 3717 1902 3768 id
1935 3717 2002 3769 li-

476 3811 557 3854 cet
609 3811 798 3869 praeter
846 3801 1196 3854 Sozomenum
1231 3801 1476 3854 Socrates
1502 3811 1784 3855 asseverat.
1813 3801 2005 3857 Nititur

475 3891 729 3944 Baronius
753 3891 1028 3959 Theophili
1059 3894 1125 3944 ad
1147 3890 1492 3958 Epiphaniam
1511 3891 1751 3959 epistola,
1786 3908 1902 3961 qua:
1923 3905 2005 3948 est

476 3983 611 4036 inter
659 3983 1222 4053 Hieronymianast67;
1275 3983 1350 4035 sic
1405 3981 1559 4034 habet
1596 3982 1680 4034 illa
1739 3999 1804 4035 :t
1833 3984 2002 4039 Didici

475 4075 614 4126 enim
661 4076 801 4141 quod
848 4074 1254 4127 calumniatores
1305 4087 1440 4126 vera:
1486 4073 1627 4135 ﬁdei,
1657 4073 2000 4139 fAmmonitts,

476 4164 753 4228 Eusebius,
781 4173 834 4217 et
875 4163 1205 4232 Euthymius,
1256 4177 1392 4216 novo
1448 4176 1542 4228 pro
1602 4162 1786 4215 haeresi
1826 4161 2003 4214 lurore

476 4255 812 4319 bacchantes,
847 4251 1347 4318 Constantinopolim
1370 4251 1666 4318 navigarint
1694 4267 1706 4302 :
1741 4260 1797 4302 ut
1829 4260 1882 4302 et
1911 4264 2004 4303 no-

477 4359 589 4410 vos,
621 4346 662 4398 si
693 4359 825 4412 quos
867 4344 1142 4405 Valuerint,
1172 4342 1455 4409 decipiant,
1513 4350 1564 4393 et
1588 4341 1852 4393 veteribus
1895 4355 2004 4392 sua:

476 4434 765 4503 impietatis
820 4432 976 4487 sociis
1022 4433 1426 4501 coniungantur.
1459 4449 1477 4480 ι
1515 4429 1662 4482 Nulla
1699 4430 1785 4482 hic
1816 4430 2001 4484 lsidori
2033 4412 2075 4466 θ

479 4525 717 4576 mentio:
748 4533 891 4578 certe
934 4537 1103 4589 neque
1144 4522 1397 4585 Dioscori,
1447 4536 1544 4575 nec
1588 4520 1806 4574 aliorum
1850 4521 2005 4588 quiu-

475 4614 745 4681 quaginta,
800 4628 930 4680 quos
991 4612 1110 4665 illuc
1157 4612 1450 4679 perrexisse
1507 4612 1666 4664 tradit
1713 4609 1998 4664 Palladius.

477 4701 636 4766 Quasi
672 4716 796 4752 vero
852 4703 1059 4753 nomina
1090 4701 1412 4768 singulorum
1465 4715 1781 4768 percensere
1828 4700 2001 4754 Theo—

479 4789 656 4857 philus
691 4788 998 4840 instituerit.
1034 4790 1105 4840 At
1149 4788 1336 4840 deinde
1368 4787 1687 4855 Theophilus
1735 4804 1749 4840 :
1805 4804 1822 4836 t
1851 4787 1915 4842 Et
1947 4797 2004 4840 ut

477 4877 704 4932 celerius
731 4885 909 4928 nostra
931 4877 1431 4944 Constantinopolim
1459 4877 1649 4944 scripta
1676 4877 1998 4944 perveniant,

479 4970 629 5023 mitte
677 4966 985 5018 industrium
1019 4967 1207 5032 virum,
1229 4967 1524 5034 etaliquem
1549 4967 1612 5018 de
1631 4965 1856 5028 clericis,
1895 4967 1996 5019 sic-

479 5064 536 5109 ut
574 5064 627 5109 et
670 5069 766 5108 nos
785 5053 848 5106 de
874 5052 1005 5119 ipsis
1032 5052 1206 5104 Nitrite
1244 5052 1582 5107 monasteriis
1612 5065 1789 5122 patres
1818 5069 1999 5107 mona-

477 5146 718 5208 chorum,
749 5157 866 5196 cum
898 5140 1016 5193 aliis
1056 5142 1251 5194 sanctis
1291 5152 1342 5194 et
1385 5143 1849 5197 continentissimis
1875 5143 2000 5197 viris

478 5235 739 5297 misimus,
774 5232 862 5300 qui
896 5229 1100 5299 possint
1129 5240 1353 5282 cunctos
1405 5232 1457 5283 in
1491 5233 1766 5298 prmsentia
1811 5232 2000 5286 docere

477 5337 594 5390 qua:
619 5331 764 5392 gesta
799 5330 942 5376 sunt.
980 5337 998 5368 ι
1041 5317 1115 5369 Ex
1147 5317 1228 5370 his
1280 5318 1412 5370 elIici
1458 5329 1607 5386 putat
1646 5320 1900 5374 Baronius
1937 5323 2004 5374 ab

480 5410 792 5479 Epiphanio,
829 5425 930 5464 non
978 5417 1152 5460 autem
1214 5420 1244 5456 a
1273 5403 1562 5472 Theophila
1616 5416 1742 5462 tunc
1774 5409 2002 5476 legatum

481 5497 642 5551 fuisse
680 5500 897 5552 missum
931 5492 1438 5559 Constantinopolim
1466 5511 1480 5557 ;
1511 5493 1856 5563 Theophilum
1908 5513 2002 5548 au-

482 5592 584 5636 tem
613 5587 863 5653 quosdam
892 5601 921 5638 e
952 5583 1218 5636 monachis
1250 5580 1600 5635 Nitriensibus
1625 5585 1727 5636 alio
1759 5584 1998 5652 ablegas-

482 5684 558 5724 se.
613 5674 750 5729 Sane
797 5678 848 5730 id
875 5692 937 5730 ex
978 5675 1211 5743 cpistola:
1245 5671 1419 5727 verbis
1453 5688 1551 5726 non
1598 5674 1801 5741 cogitur
1842 5695 1852 5727 :
1897 5677 2000 5733 imo

2099 3196 2204 3248 que
2237 3183 2380 3249 ipsos
2409 3182 2739 3248 alloquitur,
2773 3181 2957 3247 jubet
3006 3200 3299 3242 causam
3355 3190 3648 3243 adventus
3668 3189 3820 3241 suisi-

2101 3273 2262 3334 leant,
2293 3273 2359 3325 de
2406 3273 2658 3340 ipsorum
2705 3275 3120 3331 restitutione
3190 3293 3340 3334 sese
3371 3295 3514 3347 cum
3549 3278 3822 3348 TbeOpbilo

2101 3377 2195 3428 per
2218 3361 2424 3415 litteras
2464 3371 2748 3426 acturum,
2795 3363 2854 3417 in
2889 3367 3152 3436 templo
3195 3370 3487 3434 interim,
3526 3373 3617 3425 cui
3651 3384 3821 3424 nomen

2099 3450 2405 3513 Anastasis,
2461 3452 2651 3505 sedem
2692 3467 2762 3506 ac
2795 3457 3228 3513 mansionem
3284 3461 3509 3529 ﬁgant.
3540 3461 3827 3516 Paruerant

2102 3539 2198 3601 illi,
2233 3548 2287 3592 et
2306 3539 2429 3592 vitae
2454 3543 2779 3595 necessaria
2814 3547 3057 3611 partim
3099 3554 3398 3620 propriis
3439 3554 3548 3622 ipsi
3578 3556 3826 3617 manibus,

2103 3640 2158 3681 ut
2195 3643 2309 3682 mos
2331 3638 2450 3682 erat
2484 3633 2940 3699 monachorum,
2969 3644 3233 3708 partim
3279 3645 3697 3714 religiosarutn
3729 3659 3828 3698 πιιιο

2101 3721 2283 3774 lierum
2314 3719 2644 3776 liberalitate
2678 3737 3176 3796 compararunt.
3225 3749 3306 3789 ac
3341 3734 3707 3808 Olympiadis
3740 3753 3821 3806 po-

2103 3810 2392 3899 tissimum,
2433 3824 2557 3876 quae
2593 3821 2723 3880 post
2745 3813 2993 3872 obitum
3033 3819 3349 3880 Nebridii
3373 3829 3649 3899 conjugis
3669 3842 3825 3885 creata

2101 3897 2351 3990 Ecclesiae
2422 3899 3114 3972 Constantinopolitanae
3207 3897 3623 3987 diaconissa‘,
3698 3937 3826 3990 pere

2101 3987 2285 4056 grinos
2318 3989 2558 4056 hospitio
2580 3993 2878 4062 excipere,
2914 4008 2985 4053 et
3028 4000 3473 4067 facultatibus
3507 4016 3628 4070 suis
3665 3987 3828 4069 fovere

2102 4078 2326 4132 solebat.
2379 4079 2739 4136 Publicarum
2793 4085 2892 4140 his
2942 4099 3424 4157 precationum
3503 4105 3828 4158 communio.

2103 4183 2220 4221 nem
2274 4171 2551 4224 concessit
2607 4173 3126 4249 Chrysostomus,
3203 4205 3286 4245 ac
3352 4207 3830 4251 sacramentorum

2101 4273 2257 4310 “sum
2289 4274 2396 4312 "0"
2425 4261 2679 4327 Nmis",
2727 4268 3008 4323 nondum
3041 4281 3318 4346 cognita
3351 4285 3626 4351 ipsorum
3650 4301 3828 4347 causa;

2101 4361 2221 4448 cum
2261 4350 2864 4448 p-rzasertimmler—icos
2901 4368 3241 4428 quosdam
3289 4389 3327 4424 a
3367 4375 3700 4447 Theophilo
3738 4379 3825 4448 jam

2104 4446 2227 4528 ante
2257 4437 2378 4528 aliis
2411 4439 2480 4494 de
2516 4440 2686 4496 rebus
2713 4443 3359 4528 ConstantinOpolim
3411 4437 3635 4524 missos
3667 4437 3825 4524 accer-

2104 4527 2264 4606 είδεθί
2291 4526 2556 4594 Joannes.
2602 4537 2757 4601 "que
2787 4551 2983 4606 super
3035 4526 3244 4606 rebus
3291 4561 3731 4615 monachorum
3761 4561 3826 4613 in-

2103 4619 2361 4719 terrogati
2393 4634 2649 4719 magnam
2675 4623 2805 4679 illos
2848 4629 3168 4698 iniuriam
3223 4648 3614 4706 sustinuisse
3637 4652 3830 4719 quidem

2101 4702 2382 4808 dixissent,
2420 4713 2516 4807 sed
2563 4711 2633 4762 ad
2666 4720 3185 4780 communionem
3258 4702 3832 4808 tatneniieuiiquam

2103 4805 2197 4893 etis
2221 4795 2910 4893 admittinpostulassent,
2945 4825 3032 4866 ne
3080 4818 3465 4893 Theophila
3495 4845 3594 4884 res
3625 4846 3692 4885 ea
3711 4795 3838 4884 Ture!

2106 4880 2411 4990 Ῠᾳῗιῗίωῷ
2443 4885 2662 4990 ἓθτψξί
2717 4893 2790 4945 ad
2824 4880 3310 4990 ‘Theopnnunl
3371 4880 3836 4990 Clirysostomus.

2107 4981 2366 5067 rogatque
2404 4983 2462 5027 ut
2493 4980 2791 5038 restitutos
2813 4985 3228 5058 Origenistas
3273 5006 3341 5059 in
3391 4980 3834 5067 communionem

2106 5064 2360 5166 admittat
2382 5083 2412 5166 ,ε
2441 5069 2529 5122 sin
2563 5071 2780 5166 iudicio
2814 5091 3218 5148 contendere
3251 5101 3468 5165 malit,
3498 5064 3832 5161 necessarios

2108 5160 2285 5264 mittat
2306 5160 2398 5223 qui
2437 5170 2526 5211 res
2548 5160 2743 5262 .ipsius
2789 5182 3161 5235 procurent.
3219 5185 3366 5242 Non
3404 5160 3716 5264 rescripsit
3747 5196 3832 5252 ille.

2105 5245 2367 5338 quosdam
2415 5259 2446 5299 e
2477 5249 2595 5302 suis
2623 5251 2759 5308 illud
2805 5257 3118 5331 allegasse
3182 5245 3832 5338 contentum}r

2318 5335 2328 5346 ,
2929 5324 2958 5331 -
3197 5324 3216 5327 -
3236 5324 3567 5348 ----....-...,,
3601 5324 3620 5334 -

2105 5340 2884 5444 ῗξιξξῗίξξξῗῗωἚθξίωθηθηδν
2913 5351 3120 5423 inqu“
3149 5361 3514 5438 Palladius,
3541 5391 3689 5444 Quos
3703 5388 3833 5428 more

2104 5420 2267 5476 solito
2294 5425 2423 5534 ipsis
2481 5428 2818 5500 dictaverat,
2873 5420 3170 5508 apertum
3219 5420 3830 5534 e‘t-

2106 5524 2228 5566 sum
2260 5519 2603 5576 mendacium
2637 5532 3031 5600 continentes,
3076 5519 3300 5605 variis
3327 5555 3662 5613 calumniis
3689 5519 3833 5626 ope!-

2278 5617 2331 5712 et
2380 5611 2775 5672 obumbratum
2807 5638 2821 5681 ;
2855 5632 2910 5674 et
2943 5642 3087 5682 cum
3157 5651 3302 5694 non
3366 5658 3580 5712 posset
3614 5611 3827 5702 illorum

2112 5697 2235 5752 vita:
2263 5697 2546 5770 derogare,
2601 5706 2737 5764 facit
2797 5723 2859 5768 ut
2924 5717 3086 5775 intra
3125 5697 3830 5810 palatinmhquasivmasi
