3920 6462
203 364 336 418 1149

1035 364 1590 425 ORICENIANORUM
1629 367 1756 426 LIB.
1798 369 1862 432 II,
1904 368 2052 423 CAP.
2095 364 2181 432 IV,
2224 368 2411 427 SECT.
2445 370 2510 425 II.

3228 374 3363 431 H50

196 490 537 534 notarentur.
565 499 584 532 ι
627 481 819 537 Suhdit
846 485 1174 554 postmodum
1202 485 1531 538 advertentes
1557 485 1739 553 Orige-
1767 490 1812 544 Α
1839 494 1932 538 sue
1957 483 2156 551 experti
2184 495 2306 539 sunt
2331 500 2346 538 :
2375 485 2638 555 proditum
2688 485 2877 554 quippe
2907 493 2987 539 est
3014 499 3044 537 a
3070 482 3362 540 Sozomeno

195 571 368 622 nistas
397 569 527 622 nihil
570 585 626 624 se
655 574 966 640 profecisse,
1008 575 1322 642 «plerosque
1369 575 1421 628 in
1455 576 1724 644 dignitati-

193 660 294 712 bus
330 661 657 714 constitutos
683 664 962 716 adduxisse
994 678 1194 728 secum,
1219 679 1402 719 omnes
1424 665 1726 718 anathema-

191 747 396 801 tizasse
433 750 698 804 hzeresim.
731 770 748 801 r
785 750 917 804 Tmn
974 753 1161 806 deinde
1185 753 1434 824 follectas
1479 754 1727 807 adversus

190 836 478 904 Theophili
531 842 858 909 tyrannidem
889 844 1268 908 accusationes,
1315 845 1452 897 etin
1502 843 1726 897 libellum

189 927 470 994 conjectas
509 927 697 981 Joanni
751 929 942 983 frustra
977 931 1093 985 illos
1142 931 1206 984 ab
1231 932 1438 1001 incepto
1467 935 1728 987 revocanti

190 1018 436 1070 tradunt.
504 1018 676 1072 Mouet
716 1020 802 1072 ille
825 1019 1167 1088 Theophilum
1196 1022 1432 1076 conflata:
1453 1025 1728 1077 adversum

186 1117 246 1157 se
274 1107 658 1160 accusationis.
706 1105 968 1162 Rescribit
1010 1108 1328 1176 The0philus
1366 1111 1580 1163 vetitum
1615 1124 1730 1164 esse

185 1192 429 1249 Nic-mnis
477 1198 787 1264 canonibus,
824 1215 886 1252 ne
935 1199 1052 1266 quis
1080 1199 1353 1268 episcopus
1407 1204 1470 1253 de
1501 1217 1557 1254 re
1579 1211 1728 1253 extra

187 1284 454 1337 ditionem
507 1301 655 1339 suam
694 1289 861 1354 posita
888 1291 1090 1358 judicet
1121 1309 1134 1344 :
1162 1307 1239 1351 se.
1271 1292 1313 1343 si
1352 1290 1401 1343 in
1427 1291 1513 1357 jus
1542 1306 1732 1344 vocan-

185 1373 288 1426 dus
314 1373 410 1436 sit,
450 1374 518 1428 ab
545 1375 806 1445 Egyptiis
833 1380 1089 1447 episcopis
1111 1395 1230 1435 esse
1267 1380 1627 1448 iudicandum.
1651 1381 1731 1433 Ad

183 1461 302 1514 haec
350 1467 768 1530 permovebatur
814 1467 958 1521 falsis
1002 1471 1330 1534 rumoribus;
1377 1478 1731 1522 sacramento-

182 1563 302 1602 rum
337 1553 771 1606 communionem
790 1554 1096 1621 Origcnistls
1119 1559 1438 1612 concessisse
1455 1556 1728 1622 Joannem,

182 1647 237 1692 et
263 1641 455 1693 animo
487 1656 606 1695 esse
660 1644 723 1695 ad
771 1643 1012 1698 ferendas
1060 1647 1186 1714 ipsis
1213 1648 1478 1714 suppetias
1527 1656 1728 1715 parato.

183 1725 373 1790 Quare
437 1730 504 1780 ad
561 1731 834 1796 episcopos
867 1732 1028 1784 mittit
1081 1733 1286 1786 litteras
1321 1749 1730 1801 quaquaversus,

179 1813 457 1868 Joannem
480 1817 740 1885 dignitate
767 1829 818 1872 et
850 1821 1150 1888 episcopatu
1175 1833 1432 1887 evertere,
1455 1833 1510 1877 et
1536 1823 1744 1877 Diosco-

183 1917 303 1956 rum
335 1920 466 1958 cum
508 1904 756 1962 fratribus
795 1923 856 1962 ac
882 1910 1041 1964 sociis
1082 1911 1263 1964 ulcisci
1291 1911 1433 1963 omni
1464 1912 1618 1965 modo
1647 1927 1729 1966 sa-

181 2001 409 2060 tagens,
442 1995 718 2048 consilium
756 2006 928 2051 tamen
976 2009 1130 2052 caute
1173 1999 1459 2065 occultans,
1490 1998 1730 2070 Origenis

177 2081 355 2136 libros
386 2084 720 2140 solummodo
747 2102 986 2154 carpens.

248 2173 312 2226 Si
348 2175 477 2242 quis
498 2173 824 2245 Origenistas
859 2193 887 2230 a
917 2178 1116 2233 Joanne
1146 2190 1392 2247 exceptos
1434 2181 1598 2236 fuisse
1633 2182 1732 2235 mi-

176 2272 365 2325 retur,
405 2278 648 2331 magnam
688 2266 824 2332 apud
859 2282 1039 2321 onmes
1065 2268 1406 2322 Nitriensium
1446 2271 1730 2324 monacho-

175 2365 305 2403 rum
349 2352 807 2407 existimationem
853 2353 1012 2409 fuisse
1047 2359 1376 2422 meminerit;
1420 2367 1472 2411 et
1499 2359 1731 2428 Chryso-

173 2450 374 2493 stomo
419 2439 531 2505 jam
576 2441 694 2495 inde
737 2452 884 2496 notas
922 2458 1041 2497 esse
1088 2443 1362 2513 TheOphili
1405 2457 1563 2512 artes,
1610 2461 1728 2500 cum

170 2528 456 2584 Isidorum
496 2531 548 2582 in
568 2531 1198 2600 ConstantinOpolitanam
1226 2534 1404 2589 sedem
1444 2536 1730 2600 intrudere,

169 2629 225 2674 et
265 2619 577 2688 quominus
603 2620 668 2674 ad
707 2636 823 2676 eam
864 2624 1179 2680 eveheretur
1221 2624 1448 2680 Joannes
1480 2627 1732 2694 impedire

168 2717 420 2761 conatus
447 2720 550 2761 est.
584 2708 841 2764 Praeterea
887 2711 1232 2782 Origenianos
1273 2729 1480 2769 errores
1528 2715 1731 2783 publice

168 2797 446 2851 detestati
501 2795 709 2852 fuerant
741 2799 1032 2856 Nitrienses
1080 2821 1095 2856 :
1145 2803 1267 2856 hinc
1301 2803 1448 2858 valde
1491 2814 1730 2872 suspecta

169 2887 247 2940 illi
293 2886 585 2953 TheOphili
613 2890 926 2944 criminatio.
968 2895 1046 2964 At.
1069 2907 1164 2946 nec
1185 2892 1304 2946 dum
1333 2894 1463 2948 satis
1490 2894 1731 2948 adverte-

171 2985 256 3031 rat
294 2977 430 3046 pius
465 2977 686 3031 antistes
733 2979 1091 3033 simulationes
1121 2978 1564 3049 Origeuistarum,
1611 2981 1728 3048 qui-

170 3067 278 3121 bus
344 3064 590 3132 objectos
637 3081 845 3120 errores
891 3067 1190 3136 iuramento
1249 3069 1447 3124 diluere
1500 3070 1728 3138 proclive

1830 584 1883 626 et
1915 570 2228 639 Nicephoro,
2267 575 2332 626 ad
2358 587 2496 636 eam,
2520 588 2638 627 cum
2668 571 2808 626 forte
2829 587 2989 626 curru
3017 575 3361 641 praetervehe-

1817 671 1998 723 retur,
2032 661 2322 714 accessisse
2359 661 2666 724 monachos,
2702 661 2907 730 sibique
2928 661 3103 714 illatas
3128 675 3157 714 a
3188 660 3359 714 Theo-

1832 751 1977 818 philo
2010 749 2228 817 injurias
2267 752 2593 816 exposuisse,
2640 754 2774 805 hanc
2802 753 3000 806 honore
3025 752 3149 820 ipsis
3181 751 3360 804 habito

1832 838 2141 905 pollicitam,
2167 836 2403 890 futurum
2432 847 2489 889 ut
2517 838 2662 890 brevi
2689 849 2968 907 cogeretur
2997 842 3246 908 synodus,
3293 841 3359 894 ad

1831 939 2051 993 eamque
2075 923 2395 992 Theophilus
2418 935 2741 979 evocaretur.

1905 1013 1970 1068 X.
2000 1015 2126 1067 Dum
2154 1015 2265 1067 hzec
2294 1021 2595 1082 agerentur,
2629 1013 2952 1084 Epiphanius
2975 1017 3164 1072 litteris
3189 1018 3360 1072 Theo-

1835 1103 1958 1172 phili
1999 1105 2241 1170 acceptis,
2313 1104 2502 1171 quibus
2532 1105 2597 1158 ad
2649 1109 3036 1161 convocandam
3083 1109 3356 1176 synodum,

1837 1206 1890 1250 et
1922 1194 2246 1248 damnandos
2308 1193 2638 1261 Origenistas
2692 1197 2964 1249 incitatum
3015 1197 3172 1252 fuisse
3201 1213 3359 1265 supra

1835 1286 2080 1349 diximus,
2127 1287 2266 1354 cogit
2300 1289 2658 1354 episcoporum
2699 1283 3008 1353 Cypriorum
3056 1286 3360 1350 concilium,

1839 1376 2094 1430 librorum
2136 1377 2375 1447 Origenis
2405 1377 2681 1432 lectionem
2727 1378 2940 1430 decreto
2980 1377 3238 1443 prohibet,
3276 1393 3362 1430 cu-

1829 1467 1917 1535 jus
1947 1467 2140 1520 decreti
2187 1467 2457 1536 exemplar
2506 1481 2624 1520 cum
2655 1465 2755 1518 alia
2784 1466 2836 1518 in
2886 1465 3018 1528 loca,
3045 1474 3150 1518 tum
3180 1466 3363 1533 praeci-

1836 1573 1936 1628 pne
1956 1556 2458 1626 Constantinopolim
2508 1556 2688 1619 mittit,
2721 1555 2974 1608 Joannem
3021 1555 3082 1609 ad
3123 1554 3257 1607 idem
3287 1553 3362 1606 fa-

1837 1649 2078 1702 ciendum
2107 1649 2412 1700 adhortans.
2443 1645 2726 1700 Collectam
2775 1659 2984 1712 quoque
3012 1659 3040 1696 a
3075 1641 3364 1709 Theophila

1841 1749 2020 1806 postea
2049 1739 2303 1807 synodum
2330 1737 2667 1790 Alexandrize
2696 1737 2878 1788 eadem
2927 1736 2991 1787 de
3017 1749 3173 1788 causa
3201 1733 3364 1785 fuisse

1774 1826 1814 1879 Β
1839 1827 2075 1879 scribunt
2119 1826 2386 1888 Socrates,
2419 1835 2470 1879 et
2515 1824 2838 1878 Sozomenus
2862 1841 2876 1888 ;
2903 1833 3054 1890 negat
3087 1822 3361 1884 Baronius,

1834 1925 1888 1968 et
1918 1930 2191 1983 perperam
2219 1916 2281 1967 ad
2323 1916 2372 1968 id
2403 1924 2609 1981 tempus
2644 1913 2856 1966 relatam
2900 1913 3058 1964 fuisse
3098 1912 3164 1964 ab
3197 1911 3364 1979 impu-

1836 2007 1908 2060 ris
1936 2008 2277 2075 scriptoribus
2317 2007 2570 2078 synodum
2594 2004 3001 2058 Alexandrinam
3036 2004 3242 2067 asserit,
3275 2013 3358 2055 ut-

1835 2108 1955 2167 pote
1983 2113 2099 2166 quae
2139 2098 2245 2166 jam
2281 2109 2401 2150 ante
2431 2099 2602 2150 fuerat
2643 2097 2925 2149 celebrata.
2959 2093 3066 2162 Ego
3094 2108 3218 2147 vero
3239 2093 3364 2160 quid

1835 2199 2092 2250 statuam,
2126 2203 2227 2240 non
2260 2187 2455 2249 habeo;
2489 2202 2608 2239 nam
2635 2201 2739 2239 non
2782 2200 2940 2238 unum
2967 2184 3217 2237 adversus
3241 2182 3362 2235 Ori-

1835 2279 2064 2346 genistas
2103 2277 2386 2330 conflatum
2421 2277 2590 2330 fuisse
2628 2275 2908 2329 concilium
2940 2281 3120 2326 narrat
3149 2271 3365 2325 Posthu-

1835 2367 2037 2420 miauus
2067 2367 2204 2434 apud
2227 2366 2514 2435 Sulpicium
2547 2366 2828 2429 Severum,
2854 2364 3053 2432 Dialog.
3097 2381 3133 2428 ι,
3167 2377 3283 2431 cap.
3308 2362 3362 2415 5.

1905 2453 1990 2507 XI.
2023 2454 2306 2508 Missasad
2337 2469 2396 2508 se
2428 2457 2496 2510 ab
2524 2455 2816 2524 Epiphanio
2865 2464 2917 2508 et
2950 2451 3240 2521 TheOphilo
3261 2451 3366 2519 epi-

1838 2544 2019 2607 stolas,
2069 2554 2392 2612 paratasque
2417 2545 2515 2599 sibi
2548 2545 2767 2598 insidias
2802 2544 3033 2611 neglexit
3051 2542 3364 2610 Chrysosto-

1836 2649 1972 2697 nms,
2011 2636 2347 2701 animumque
2374 2633 2425 2686 in
2463 2634 2813 2687 ecclesiastica
2842 2632 3172 2685 restituenda
3209 2629 3365 2682 disci-

1836 2723 1974 2791 plina
2017 2724 2220 2776 habnit.
2256 2721 2439 2790 Legati
2473 2721 2682 2775 interim
2725 2737 2752 2772 a
2784 2721 3072 2786 TheOphilo
3101 2719 3363 2772 Constan-

1842 2812 2110 2882 tinopolim
2163 2813 2408 2865 monachi
2442 2810 2770 2878 Origenistas
2823 2809 3011 2863 libellis
3057 2807 3364 2875 proscinde-

1833 2905 1959 2958 baut
1981 2919 1995 2955 :
2021 2903 2072 2955 hi
2091 2911 2291 2965 contra,
2321 2915 2411 2969 spe
2439 2902 2584 2968 pacis
2617 2899 2892 2968 przeclusa,
2917 2897 3050 2964 apud
3082 2896 3360 2948 Arcadium

1838 2996 2209 3062 imperatorem
2255 3001 2308 3045 et
2341 2991 2655 3055 Eudoxiam,
2708 2988 2981 3055 Theophili
3027 2986 3197 3053 questi
3241 2991 3365 3036 sunt

1836 3084 2080 3152 injurias,
2129 3082 2408 3148 libelloque
2447 3080 2626 3135 oblato
2678 3093 2867 3148 graves
2922 3077 3018 3145 ipsi
3051 3083 3104 3128 et
3145 3075 3364 3127 acerbas

168 3165 319 3210 erat.
374 3151 616 3207 Notanda
654 3156 764 3209 haec
803 3155 1104 3226 Hieronymi
1129 3159 1282 3227 epist.
1321 3159 1409 3223 65,
1467 3160 1535 3212 ad
1573 3159 1734 3213 Pam-

1835 3149 2231 3222 criminatioues
2263 3169 2612 3236 impegerunt,
2653 3165 3087 3234 postularuntque
3118 3171 3174 3214 ut
3193 3162 3363 3214 addu-

169 3246 365 3300 much.
393 3256 439 3297 et
470 3244 681 3311 Ocean,
718 3262 835 3315 cap.
864 3249 915 3310 I,
966 3265 985 3298 r
1015 3248 1223 3301 Faciant
1263 3252 1399 3317 quod
1436 3248 1605 3302 solum
1641 3263 1729 3303 ca-

170 3345 334 3398 vent,
380 3343 439 3387 ut
490 3350 638 3388 sacra
677 3351 856 3389 eormn
885 3347 1043 3404 atque
1086 3339 1335 3408 mysteria
1369 3341 1420 3392 in
1469 3340 1732 3408 publicum

171 3424 497 3494 proferam,
524 3435 576 3476 et
608 3425 780 3477 omnis
805 3425 1076 3504 prudentia
1109 3441 1311 3493 eorum,
1352 3443 1456 3496 qua
1484 3442 1579 3481 nos
1605 3428 1733 3481 sim-

170 3517 358 3585 plices
391 3513 599 3577 luduut,
628 3515 677 3566 in
709 3516 981 3582 propatulo
1021 3518 1125 3581 sit;
1159 3527 1211 3570 et
1237 3519 1323 3586 qui
1372 3519 1580 3588 neganti
1619 3519 1730 3572 voci

171 3623 280 3662 non
337 3606 600 3667 credunt,
652 3606 868 3658 credant
925 3606 1109 3660 saltem
1154 3609 1391 3676 arguenti
1418 3609 1573 3679 stylo.
1622 3608 1732 3664 Hoc

169 3701 325 3755 enim
357 3694 449 3748 vel
502 3694 726 3748 maxime
756 3706 960 3759 cavent,
991 3711 1057 3749 ne
1091 3699 1296 3764 quando
1331 3709 1511 3752 contra
1555 3709 1734 3754 aucto-

172 3807 289 3845 rem
332 3799 504 3841 suum
545 3798 724 3837 eorum
759 3786 953 3854 scripta
1001 3796 1294 3838 teneantur.
1344 3788 1517 3840 Facile
1554 3789 1733 3842 dicunt

169 3893 298 3932 cum
331 3876 672 3942 iuramento,
705 3875 841 3941 quod
895 3883 1072 3942 postea
1107 3875 1210 3928 alio
1253 3876 1455 3930 solvant
1481 3877 1728 3944 perjurio.

168 3971 254 4024 Ad
288 3963 717 4032 suscriptionem
748 3966 1178 4033 tergiversantur,
1205 3974 1546 4034 quaeruntque
1572 3965 1732 4020 suﬂ‘u-

165 4060 283 4130 gia.
332 4053 494 4109 Alius
532 4050 682 4104 :Non
717 4067 948 4118 possum,
981 4053 1167 4122 inquit,
1200 4053 1455 4108 damnare
1477 4055 1614 4122 quod
1639 4070 1732 4108 ne-

168 4167 262 4206 mo
301 4145 614 4201 damnavit.
651 4143 796 4196 Alius
829 4161 844 4196 :
876 4143 1014 4196 Nihil
1062 4158 1218 4212 super
1265 4145 1364 4198 hoc
1400 4160 1430 4198 a
1489 4145 1731 4200 Patribus

163 4247 462 4296 statutum
496 4241 611 4294 est;
640 4245 696 4286 ut
730 4235 850 4286 dum
877 4235 1036 4287 totius
1059 4234 1201 4287 orbis
1217 4245 1528 4302 provocatur
1552 4245 1731 4289 aucto-

169 4331 338 4392 ritas,
371 4322 741 4378 subscribendi
767 4323 1048 4376 necessitas
1063 4322 1298 4376 diﬂ‘eratu
1308 4340 1347 4376 r.
1367 4325 1584 4390 Quidam
1607 4339 1732 4378 con-

169 4416 452 4475 stantius,
493 4411 782 4476 Quomodo,
817 4411 1002 4478 inquit,
1037 4410 1394 4465 damnabimus
1418 4426 1549 4478 quos
1583 4425 1730 4480 syno-

170 4511 280 4563 dus
321 4505 547 4560 Niczena
581 4515 682 4552 non
722 4499 960 4566 tetigit?»
990 4501 1158 4568 Atque
1184 4500 1234 4552 id
1267 4515 1366 4554 non
1393 4503 1455 4554 de
1489 4501 1730 4554 omnibus

167 4591 532 4664 Origenistis,
576 4596 909 4656 quotcunque
934 4590 997 4640 ad
1033 4588 1465 4658 Chrysostomum
1487 4589 1732 4658 confuge-

171 4697 334 4748 rant,
400 4681 723 4736 intellectnm
773 4679 949 4741 velim,
997 4695 1115 4732 nam
1173 4683 1362 4747 partim
1404 4682 1728 4746 orthodoxis,

167 4772 389 4843 partim
425 4765 754 4820 hetcrodoxis
787 4765 922 4817 hanc
948 4767 1245 4820 constitisse
1281 4777 1543 4820 catervam
1581 4778 1733 4835 puto;

164 4864 324 4918 adeo
383 4866 442 4910 ut
486 4855 557 4909 illi
592 4870 657 4916 ex
708 4855 900 4920 animo,
955 4857 1004 4908 hi
1038 4866 1280 4910 oretenus
1307 4872 1514 4911 errores
1549 4857 1732 4926 Orige-

169 4955 268 5009 nis
321 4947 721 5002 damnaverint.
778 4945 902 5010 Qua:
943 4961 1060 4998 cum
1089 4945 1464 5015 Chrysostomo
1519 4949 1733 5001 minime

163 5045 477 5115 perspecta
517 5049 631 5087 esse
664 5044 894 5101 possent,
922 5034 1078 5086 corda
1123 5035 1227 5086 Deo
1258 5035 1535 5087 scrutanda
1568 5036 1727 5088 relin-

168 5139 392 5198 quens,
429 5121 606 5174 verbis
639 5122 752 5174 illos
794 5122 1033 5173 haeresim
1081 5120 1318 5185 ejurasse
1346 5122 1472 5173 satis
1523 5123 1722 5178 habuit.

169 5213 448 5275 Accessit
484 5210 666 5263 eodem
715 5209 938 5262 fortasse
982 5209 1152 5276 aliqua
1175 5207 1474 5275 Origeniani
1504 5211 1726 5264 nominis

170 5299 518 5362 reverentia,
554 5297 702 5364 cujus
747 5299 939 5366 scripta
991 5297 1220 5349 studiose
1264 5296 1523 5348 lectitasse
1563 5296 1724 5350 Joan-

172 5409 344 5455 nem,
373 5386 646 5453 multaque
672 5400 736 5438 ex
773 5387 837 5440 iis
866 5386 928 5440 ad
970 5397 1092 5438 suos
1121 5382 1446 5437 transtulisse
1483 5399 1610 5439 usus
1632 5387 1725 5440 ob-

176 5493 450 5540 servasse
481 5475 607 5528 mihi
631 5476 826 5540 videor,
854 5488 907 5529 et
958 5477 1007 5529 in
1037 5473 1374 5542 sequentibus
1407 5474 1549 5528 notis
1585 5491 1727 5529 com-

175 5573 476 5645 probasse.

263 5657 528 5715 Eadoxia:
570 5669 771 5723 quoque
801 5656 1036 5722 Augustm
1083 5652 1448 5706 humanitatem
1483 5651 1726 5721 Origeni-

1759 4454 1804 4512 D

1833 3267 2041 3312 ceretur
2069 3257 2149 3311 vel
2200 3256 2419 3320 invitus,
2477 3265 2529 3309 et
2561 3270 2737 3309 coram
2761 3253 2962 3308 Joanne
3004 3251 3363 3305 vadimonium

1833 3352 2080 3412 sisteret;
2139 3347 2347 3402 conficti
2380 3360 2505 3400 vero
2559 3345 2839 3398 a'dversum
2879 3359 2936 3398 se
2966 3343 3363 3395 accusationum

1831 3439 1988 3492 libelli
2039 3437 2302 3506 praefectis
2348 3437 2492 3490 urbis
2545 3436 2864 3504 dijudicandi
2911 3434 3363 3503 permitterentur.

1831 3525 2152 3579 Adducendo
2209 3523 2507 3592 Theophilo
2541 3523 2766 3576 mittitur
2820 3521 3195 3575 Alexandriam
3243 3518 3366 3571 Ela-

1832 3615 2017 3684 phius;
2049 3613 2586 3668 causamlihellorum
2621 3622 2674 3667 et
2701 3613 3096 3666 accusationum
3129 3610 3362 3678 praefecti

1830 3710 2178 3769 cognoscunt.
2213 3700 2546 3767 Deprehensa
2577 3699 3040 3767 Tthphilensium
3073 3698 3360 3764 legatorum

1829 3789 2114 3849 calumnia,
2176 3790 2376 3842 crimen
2423 3789 2473 3841 hi
2506 3787 2556 3838 in
2586 3785 2930 3854 Theophilum
2971 3784 3267 3845 conferunt,
3295 3785 3362 3835 ab
3416 3853 3424 3862 1

1839 3892 2008 3944 eoque
2033 3878 2347 3930 subornatos
2403 3890 2519 3930 sese
2568 3877 2817 3929 fatentur.
2857 3873 3102 3940 Flagellis
3130 3873 3362 3939 graviter

1829 3969 1950 4018 (εωεί
1994 3966 2340 4019 detruduntur
2376 3965 2430 4017 in
2487 3979 2780 4027 carcerem,
2826 3963 2996 4030 quoad
3038 3959 3358 4025 Theophilus

1829 4067 2039 4106 causam
2069 4067 2164 4119 pro
2190 4067 2248 4106 se
2275 4052 2516 4104 dicturus
2547 4051 2754 4103 adesset
2785 4067 2798 4101 :
2833 4064 2938 4117 quo
2959 4048 3128 4102 serius
3157 4048 3356 4099 adven-

1829 4153 1972 4196 tante
2012 4157 2133 4209 pars
2165 4143 2215 4195 in
2256 4142 2484 4196 vinculis
2525 4141 2676 4207 obiit,
2733 4154 2852 4206 pars
2886 4139 2936 4191 in
2969 4137 3189 4190 insulam
3232 4136 3360 4189 Pro-

1831 4247 2115 4286 connesum
2147 4233 2451 4299 deportatur
2496 4240 2614 4298 post
2644 4231 2921 4281 adventum
2957 4225 3252 4293 Theophili,
3274 4224 3358 4291 ju-

1829 4319 2006 4372 dicum
2037 4319 2230 4372 animis
2272 4318 2491 4386 pecunia
2523 4316 2753 4370 mollitis.
2801 4317 2922 4369 iltec
2955 4317 3024 4367 ita
3059 4330 3088 4366 a
3123 4312 3356 4366 Palladio

1831 4409 2152 4462 referuntur.
2193 4409 2598 4477 Chrysostomus
2649 4406 2856 4459 interim
2886 4403 3209 4471 Origenistas
3237 4417 3358 4455 con-

1835 4499 1967 4551 siliis
2001 4507 2054 4551 et
2081 4496 2398 4549 auctoritate
2442 4510 2533 4548 sua
2581 4494 2791 4561 juvasse
2819 4495 3052 4548 creditus
3084 4503 3182 4546 est.
3211 4493 3354 4558 Quo-

1834 4590 1976 4641 circa
2002 4587 2098 4640 sub
2128 4585 2381 4639 Baruabze
2438 4584 2650 4637 nomine
2687 4587 2910 4638 obscure
2939 4584 3004 4637 ab
3037 4583 3354 4651 Hieronymo

1835 4675 2208 4745 perstringitur
2245 4676 2295 4727 in
2327 4674 2490 4741 Epist.
2518 4672 2582 4724 16
2625 4675 2691 4724 ad
2726 4672 3041 4740 Principiam
3079 4689 3096 4725 :
3137 4691 3154 4722 ι
3185 4672 3354 4725 Refri-

1832 4769 2033 4826 gerata,
2065 4759 2250 4826 inquit,
2275 4759 2532 4810 charitate
2572 4757 2878 4820 multorum,
2907 4759 3058 4826 pauci
3093 4758 3181 4825 qui
3205 4773 3350 4810 anta-

1831 4851 1957 4902 bant
1980 4850 2097 4901 lidei
2130 4850 2405 4900 veritatem
2437 4857 2617 4902 nostro
2655 4847 3185 4918 laterijungebantur,
3218 4863 3348 4915 quo-

1833 4955 1945 4992 rum
1981 4939 2188 5006 publice
2217 4940 2491 5005 petebatur
2521 4947 2696 5004 caput,
2724 4947 2904 4991 contra
2934 4953 3068 5005 quos
3097 4953 3222 5004 opes
3240 4950 3350 4987 om-

1832 5043 1928 5081 nes
1955 5029 2305 5094 parabantur;
2359 5027 2431 5079 ita
2461 5036 2516 5080 ut
2536 5026 2802 5081 Barnabas
2841 5042 3050 5096 quoque
3075 5027 3351 5077 duceretur

1830 5118 1882 5170 iu
1934 5117 2072 5169 illaut
2122 5117 2529 5180 simulationem,
2585 5118 2957 5185 imoapertum
2989 5111 3350 5179 parricidium.

1830 5208 1966 5276 quod
1995 5221 2097 5259 non
2125 5207 2345 5271 viribus,
2372 5207 2462 5262 sed
2489 5207 2758 5258 voluntate
2779 5201 3062 5257 commisit.
3088 5216 3108 5246 ι

1899 5293 2011 5348 XII.
2042 5293 2264 5364 Jamque
2291 5276 2830 5363 famapercrebuerat
2857 5288 2989 5342 male
3016 5286 3067 5334 in
3098 5282 3357 5334 Joannem

1829 5383 2070 5438 affectum
2096 5400 2214 5438 esse
2260 5383 2626 5454 Theophilum,
2681 5395 2732 5436 et
2753 5389 2941 5434 causas
2971 5383 3219 5438 quaerere
3248 5370 3365 5434 qui-

1827 5475 1926 5528 bus
1954 5489 2072 5527 eum
2123 5475 2247 5528 sede
2298 5475 2563 5540 dejiceret.
2608 5472 2718 5525 Hoc
2774 5462 3042 5518 intellecto
3075 5454 3368 5507 concilium

1828 5565 2277 5634 Constantinopoli
2343 5567 2455 5634 cogi
2502 5564 2680 5615 volunt
2710 5555 3012 5623 optimates,
3069 5553 3133 5594 el.
3194 5543 3375 5595 clerici

1831 5659 2140 5725 complures,
2177 5673 2394 5725 quorum
2427 5649 2724 5708 inimicitias
2767 5643 3208 5704 Chrysostomus
3234 5646 3388 5685 sevo.
