  <div class='ocr_page' id='page_1' title='image "/cluster/home/n/w/nwhite01/storage/ocr_20150623/17 (Origenes, pt. 7)/nyp.33433081862348/599.png"; bbox 0 0 3920 6464; ppageno 0'>
   <div class='ocr_carea' id='block_1_1' title="bbox 472 400 599 455">
    <p class='ocr_par' dir='ltr' id='par_1_1' title="bbox 472 400 599 455">
     <span class='ocr_line' id='line_1_1' title="bbox 472 400 599 455; baseline 0.016 -2"><span class='ocrx_word' id='word_1_1' title='bbox 472 400 599 455; x_wconf 79' lang='grc'><strong>1151</strong></span> 
     </span>
    </p>
   </div>
   <div class='ocr_carea' id='block_1_2' title="bbox 1719 381 2422 438">
    <p class='ocr_par' dir='ltr' id='par_1_2' title="bbox 1719 381 2422 438">
     <span class='ocr_line' id='line_1_2' title="bbox 1719 381 2422 438; baseline -0.004 0"><span class='ocrx_word' id='word_1_2' title='bbox 1719 383 1778 438; x_wconf 84' lang='lat' dir='ltr'><strong>P.</strong></span> <span class='ocrx_word' id='word_1_3' title='bbox 1821 381 2137 437; x_wconf 78' lang='lat' dir='ltr'><strong>DANIELIS</strong></span> <span class='ocrx_word' id='word_1_4' title='bbox 2165 382 2422 438; x_wconf 42' lang='lat' dir='ltr'><strong>‘l-JUETII</strong></span> 
     </span>
    </p>
   </div>
   <div class='ocr_carea' id='block_1_3' title="bbox 3715 357 3865 410">
    <p class='ocr_par' dir='ltr' id='par_1_3' title="bbox 3715 357 3865 410">
     <span class='ocr_line' id='line_1_3' title="bbox 3715 357 3865 410; baseline -0.013 0"><span class='ocrx_word' id='word_1_5' title='bbox 3715 357 3865 410; x_wconf 74' lang='lat'><strong>“5?.</strong></span> 
     </span>
    </p>
   </div>
   <div class='ocr_carea' id='block_1_4' title="bbox 473 473 3870 580">
    <p class='ocr_par' dir='ltr' id='par_1_4' title="bbox 473 473 3870 580">
     <span class='ocr_line' id='line_1_4' title="bbox 473 473 3870 580; baseline -0.01 -10"><span class='ocrx_word' id='word_1_6' title='bbox 473 519 630 570; x_wconf 89' lang='lat' dir='ltr'><strong>ritate</strong></span> <span class='ocrx_word' id='word_1_7' title='bbox 657 528 751 568; x_wconf 90' lang='lat' dir='ltr'><strong>sua</strong></span> <span class='ocrx_word' id='word_1_8' title='bbox 790 512 889 566; x_wconf 87' lang='lat' dir='ltr'><strong>sibi</strong></span> <span class='ocrx_word' id='word_1_9' title='bbox 939 518 1236 580; x_wconf 90' lang='lat' dir='ltr'><strong>pepererat.</strong></span> <span class='ocrx_word' id='word_1_10' title='bbox 1291 508 1547 562; x_wconf 87' lang='lat' dir='ltr'><strong>Futurum</strong></span> <span class='ocrx_word' id='word_1_11' title='bbox 1576 506 1627 560; x_wconf 94' lang='lat' dir='ltr'><strong>id</strong></span> <span class='ocrx_word' id='word_1_12' title='bbox 1653 504 1880 574; x_wconf 89' lang='lat' dir='ltr'><strong>pollicita</strong></span> <span class='ocrx_word' id='word_1_13' title='bbox 1902 503 2007 572; x_wconf 83' lang='lat' dir='ltr'><strong>jam</strong></span> <span class='ocrx_word' id='word_1_14' title='bbox 2038 505 2082 559; x_wconf 76' lang='grc' dir='ltr'>Α</span> <span class='ocrx_word' id='word_1_15' title='bbox 2115 502 2288 555; x_wconf 87' lang='lat' dir='ltr'><strong>nistas</strong></span> <span class='ocrx_word' id='word_1_16' title='bbox 2339 499 2412 552; x_wconf 93' lang='lat' dir='ltr'><strong>ad</strong></span> <span class='ocrx_word' id='word_1_17' title='bbox 2445 491 2860 580; x_wconf 66' lang='lat' dir='ltr'><strong>Epiphaniam</strong></span> <span class='ocrx_word' id='word_1_18' title='bbox 2910 481 3285 580; x_wconf 39' lang='lat' dir='ltr'><strong>quaesivi-sse</strong></span> <span class='ocrx_word' id='word_1_19' title='bbox 3341 490 3498 580; x_wconf 73' lang='lat' dir='ltr'><strong>num</strong></span> <span class='ocrx_word' id='word_1_20' title='bbox 3552 473 3870 580; x_wconf 47' lang='grc' dir='ltr'><strong>δὶῖίὶξιξιξεξξν</strong></span> 
     </span>
    </p>
   </div>
   <div class='ocr_carea' id='block_1_5' title="bbox 473 593 2006 671">
    <p class='ocr_par' dir='ltr' id='par_1_5' title="bbox 473 593 2006 671">
     <span class='ocr_line' id='line_1_5' title="bbox 473 593 2006 671; baseline -0.007 -14"><span class='ocrx_word' id='word_1_21' title='bbox 473 615 596 658; x_wconf 89' lang='lat' dir='ltr'><strong>ante</strong></span> <span class='ocrx_word' id='word_1_22' title='bbox 619 602 934 671; x_wconf 84' lang='lat' dir='ltr'><strong>Origenistis</strong></span> <span class='ocrx_word' id='word_1_23' title='bbox 964 602 1136 654; x_wconf 79' lang='lat' dir='ltr'><strong>fuerat</strong></span> <span class='ocrx_word' id='word_1_24' title='bbox 1179 598 1432 652; x_wconf 82' lang='lat' dir='ltr'><strong>Eudoxia.</strong></span> <span class='ocrx_word' id='word_1_25' title='bbox 1469 595 1651 664; x_wconf 87' lang='lat' dir='ltr'><strong>Itaque</strong></span> <span class='ocrx_word' id='word_1_26' title='bbox 1685 593 2006 661; x_wconf 87' lang='lat' dir='ltr'><strong>Theophilus</strong></span> 
     </span>
    </p>
   </div>
   <div class='ocr_carea' id='block_1_6' title="bbox 470 682 2006 762">
    <p class='ocr_par' dir='ltr' id='par_1_6' title="bbox 470 682 2006 762">
     <span class='ocr_line' id='line_1_6' title="bbox 470 682 2006 762; baseline -0.008 -13"><span class='ocrx_word' id='word_1_27' title='bbox 470 692 749 762; x_wconf 68' lang='lat' dir='ltr'><strong>Egyptios</strong></span> <span class='ocrx_word' id='word_1_28' title='bbox 800 691 1078 758; x_wconf 85' lang='lat' dir='ltr'><strong>episcopos</strong></span> <span class='ocrx_word' id='word_1_29' title='bbox 1106 704 1171 744; x_wconf 91' lang='lat' dir='ltr'><strong>eo</strong></span> <span class='ocrx_word' id='word_1_30' title='bbox 1221 687 1500 742; x_wconf 87' lang='lat' dir='ltr'><strong>conlestim</strong></span> <span class='ocrx_word' id='word_1_31' title='bbox 1554 684 1802 754; x_wconf 76' lang='lat' dir='ltr'><strong>navigare</strong></span> <span class='ocrx_word' id='word_1_32' title='bbox 1839 682 2006 748; x_wconf 81' lang='lat' dir='ltr'><strong>iubet,</strong></span> 
     </span>
    </p>
   </div>
   <div class='ocr_carea' id='block_1_7' title="bbox 472 771 2008 836">
    <p class='ocr_par' dir='ltr' id='par_1_7' title="bbox 472 771 2008 836">
     <span class='ocr_line' id='line_1_7' title="bbox 472 771 2008 836; baseline -0.007 -1"><span class='ocrx_word' id='word_1_33' title='bbox 472 782 738 835; x_wconf 83' lang='lat' dir='ltr'><strong>antistites</strong></span> <span class='ocrx_word' id='word_1_34' title='bbox 764 781 996 836; x_wconf 87' lang='lat' dir='ltr'><strong>Orientis</strong></span> <span class='ocrx_word' id='word_1_35' title='bbox 1024 782 1098 836; x_wconf 55' lang='lat' dir='ltr'><strong>ad~</strong></span> <span class='ocrx_word' id='word_1_36' title='bbox 1131 780 1412 834; x_wconf 90' lang='lat' dir='ltr'><strong>concilium</strong></span> <span class='ocrx_word' id='word_1_37' title='bbox 1461 777 1669 830; x_wconf 84' lang='lat' dir='ltr'><strong>invitat.</strong></span> <span class='ocrx_word' id='word_1_38' title='bbox 1710 772 1818 828; x_wconf 84' lang='lat' dir='ltr'><strong>Nec</strong></span> <span class='ocrx_word' id='word_1_39' title='bbox 1847 771 2008 825; x_wconf 89' lang='lat' dir='ltr'><strong>multo</strong></span> 
     </span>
    </p>
   </div>
   <div class='ocr_carea' id='block_1_8' title="bbox 472 865 2006 939">
    <p class='ocr_par' dir='ltr' id='par_1_8' title="bbox 472 865 2006 939">
     <span class='ocr_line' id='line_1_8' title="bbox 472 865 2006 939; baseline -0.003 -17"><span class='ocrx_word' id='word_1_40' title='bbox 472 882 589 938; x_wconf 89' lang='lat' dir='ltr'><strong>post</strong></span> <span class='ocrx_word' id='word_1_41' title='bbox 625 871 797 939; x_wconf 85' lang='lat' dir='ltr'><strong>Cypro</strong></span> <span class='ocrx_word' id='word_1_42' title='bbox 854 871 1069 923; x_wconf 87' lang='lat' dir='ltr'><strong>solvens</strong></span> <span class='ocrx_word' id='word_1_43' title='bbox 1129 869 1450 938; x_wconf 81' lang='lat' dir='ltr'><strong>Epiphanius</strong></span> <span class='ocrx_word' id='word_1_44' title='bbox 1499 865 2006 932; x_wconf 78' lang='lat' dir='ltr'><strong>Constantinopolim</strong></span> 
     </span>
    </p>
   </div>
   <div class='ocr_carea' id='block_1_9' title="bbox 473 957 2008 1030">
    <p class='ocr_par' dir='ltr' id='par_1_9' title="bbox 473 957 2008 1030">
     <span class='ocr_line' id='line_1_9' title="bbox 473 957 2008 1030; baseline -0.003 -16"><span class='ocrx_word' id='word_1_45' title='bbox 473 961 704 1030; x_wconf 82' lang='lat' dir='ltr'><strong>appellit.</strong></span> <span class='ocrx_word' id='word_1_46' title='bbox 731 959 948 1014; x_wconf 85' lang='lat' dir='ltr'><strong>Obviam</strong></span> <span class='ocrx_word' id='word_1_47' title='bbox 974 975 1284 1028; x_wconf 79' lang='lat' dir='ltr'><strong>progressus</strong></span> <span class='ocrx_word' id='word_1_48' title='bbox 1315 959 1544 1012; x_wconf 81' lang='lat' dir='ltr'><strong>Joannes</strong></span> <span class='ocrx_word' id='word_1_49' title='bbox 1571 959 1729 1011; x_wconf 90' lang='lat' dir='ltr'><strong>totius</strong></span> <span class='ocrx_word' id='word_1_50' title='bbox 1763 957 1886 1011; x_wconf 88' lang='lat' dir='ltr'><strong>cleri</strong></span> <span class='ocrx_word' id='word_1_51' title='bbox 1921 971 2008 1011; x_wconf 82' lang='lat' dir='ltr'><strong>co—</strong></span> 
     </span>
    </p>
   </div>
   <div class='ocr_carea' id='block_1_10' title="bbox 472 1048 2006 1117">
    <p class='ocr_par' dir='ltr' id='par_1_10' title="bbox 472 1048 2006 1117">
     <span class='ocr_line' id='line_1_10' title="bbox 472 1048 2006 1117; baseline -0.004 -11"><span class='ocrx_word' id='word_1_52' title='bbox 472 1054 660 1106; x_wconf 90' lang='lat' dir='ltr'><strong>mitata</strong></span> <span class='ocrx_word' id='word_1_53' title='bbox 685 1053 1048 1105; x_wconf 85' lang='lat' dir='ltr'><strong>advenientem</strong></span> <span class='ocrx_word' id='word_1_54' title='bbox 1073 1051 1392 1110; x_wconf 88' lang='lat' dir='ltr'><strong>honestavit,</strong></span> <span class='ocrx_word' id='word_1_55' title='bbox 1438 1064 1540 1104; x_wconf 90' lang='lat' dir='ltr'><strong>nec</strong></span> <span class='ocrx_word' id='word_1_56' title='bbox 1571 1064 1635 1103; x_wconf 90' lang='lat' dir='ltr'><strong>eo</strong></span> <span class='ocrx_word' id='word_1_57' title='bbox 1670 1048 1895 1117; x_wconf 85' lang='lat' dir='ltr'><strong>perpulit</strong></span> <span class='ocrx_word' id='word_1_58' title='bbox 1928 1058 2006 1102; x_wconf 87' lang='lat' dir='ltr'><strong>ta-</strong></span> 
     </span>
    </p>
   </div>
   <div class='ocr_carea' id='block_1_11' title="bbox 474 1140 2008 1212">
    <p class='ocr_par' dir='ltr' id='par_1_11' title="bbox 474 1140 2008 1212">
     <span class='ocr_line' id='line_1_11' title="bbox 474 1140 2008 1212; baseline -0.003 -16"><span class='ocrx_word' id='word_1_59' title='bbox 474 1159 593 1198; x_wconf 89' lang='lat' dir='ltr'><strong>men</strong></span> <span class='ocrx_word' id='word_1_60' title='bbox 623 1158 680 1196; x_wconf 89' lang='lat' dir='ltr'><strong>ut</strong></span> <span class='ocrx_word' id='word_1_61' title='bbox 703 1143 929 1212; x_wconf 81' lang='lat' dir='ltr'><strong>hospitio</strong></span> <span class='ocrx_word' id='word_1_62' title='bbox 960 1156 1079 1201; x_wconf 91' lang='lat' dir='ltr'><strong>suo,</strong></span> <span class='ocrx_word' id='word_1_63' title='bbox 1110 1141 1190 1194; x_wconf 90' lang='lat' dir='ltr'><strong>vel</strong></span> <span class='ocrx_word' id='word_1_64' title='bbox 1230 1142 1473 1195; x_wconf 90' lang='lat' dir='ltr'><strong>domibus</strong></span> <span class='ocrx_word' id='word_1_65' title='bbox 1512 1141 1914 1206; x_wconf 78' lang='lat' dir='ltr'><strong>ecclesiasticis,‘</strong></span> <span class='ocrx_word' id='word_1_66' title='bbox 1929 1140 2008 1194; x_wconf 87' lang='lat' dir='ltr'><strong>vel</strong></span> 
     </span>
    </p>
   </div>
   <div class='ocr_carea' id='block_1_12' title="bbox 472 1230 2009 1301">
    <p class='ocr_par' dir='ltr' id='par_1_12' title="bbox 472 1230 2009 1301">
     <span class='ocr_line' id='line_1_12' title="bbox 472 1230 2009 1301; baseline 0 -16"><span class='ocrx_word' id='word_1_67' title='bbox 472 1247 566 1285; x_wconf 89' lang='lat' dir='ltr'><strong>sua</strong></span> <span class='ocrx_word' id='word_1_68' title='bbox 590 1233 814 1301; x_wconf 90' lang='lat' dir='ltr'><strong>denique</strong></span> <span class='ocrx_word' id='word_1_69' title='bbox 836 1231 1217 1286; x_wconf 74' lang='lat' dir='ltr'><strong>consuetudine</strong></span> <span class='ocrx_word' id='word_1_70' title='bbox 1243 1232 1316 1284; x_wconf 90' lang='lat' dir='ltr'><strong>uti</strong></span> <span class='ocrx_word' id='word_1_71' title='bbox 1351 1231 1505 1284; x_wconf 89' lang='lat' dir='ltr'><strong>vellet</strong></span> <span class='ocrx_word' id='word_1_72' title='bbox 1537 1248 1550 1283; x_wconf 89' lang='lat'><strong>:</strong></span> <span class='ocrx_word' id='word_1_73' title='bbox 1590 1232 1721 1284; x_wconf 88' lang='lat' dir='ltr'><strong>adeo</strong></span> <span class='ocrx_word' id='word_1_74' title='bbox 1746 1230 2009 1284; x_wconf 87' lang='lat' dir='ltr'><strong>infensum</strong></span> 
     </span>
    </p>
   </div>
   <div class='ocr_carea' id='block_1_13' title="bbox 474 1321 2010 1390">
    <p class='ocr_par' dir='ltr' id='par_1_13' title="bbox 474 1321 2010 1390">
     <span class='ocr_line' id='line_1_13' title="bbox 474 1321 2010 1390; baseline -0.001 -14"><span class='ocrx_word' id='word_1_75' title='bbox 474 1321 666 1376; x_wconf 84' lang='lat' dir='ltr'><strong>Joanni</strong></span> <span class='ocrx_word' id='word_1_76' title='bbox 703 1324 940 1376; x_wconf 91' lang='lat' dir='ltr'><strong>animum</strong></span> <span class='ocrx_word' id='word_1_77' title='bbox 978 1331 1195 1389; x_wconf 85' lang='lat' dir='ltr'><strong>propter</strong></span> <span class='ocrx_word' id='word_1_78' title='bbox 1223 1333 1496 1390; x_wconf 84' lang='lat' dir='ltr'><strong>susceptos</strong></span> <span class='ocrx_word' id='word_1_79' title='bbox 1531 1321 1856 1389; x_wconf 84' lang='lat' dir='ltr'><strong>Origenistas</strong></span> <span class='ocrx_word' id='word_1_80' title='bbox 1903 1335 2010 1389; x_wconf 69' lang='lat' dir='ltr'><strong>pra:</strong></span> 
     </span>
    </p>
   </div>
   <div class='ocr_carea' id='block_1_14' title="bbox 473 1413 2011 1481">
    <p class='ocr_par' dir='ltr' id='par_1_14' title="bbox 473 1413 2011 1481">
     <span class='ocr_line' id='line_1_14' title="bbox 473 1413 2011 1481; baseline 0 -15"><span class='ocrx_word' id='word_1_81' title='bbox 473 1428 532 1467; x_wconf 92' lang='lat' dir='ltr'><strong>se</strong></span> <span class='ocrx_word' id='word_1_82' title='bbox 565 1413 786 1468; x_wconf 88' lang='lat' dir='ltr'><strong>ferebat.</strong></span> <span class='ocrx_word' id='word_1_83' title='bbox 823 1413 1012 1466; x_wconf 90' lang='lat' dir='ltr'><strong>Statim</strong></span> <span class='ocrx_word' id='word_1_84' title='bbox 1057 1414 1376 1481; x_wconf 86' lang='lat' dir='ltr'><strong>Epiphanius</strong></span> <span class='ocrx_word' id='word_1_85' title='bbox 1413 1413 1477 1466; x_wconf 91' lang='lat' dir='ltr'><strong>ad</strong></span> <span class='ocrx_word' id='word_1_86' title='bbox 1507 1427 1564 1467; x_wconf 91' lang='lat' dir='ltr'><strong>se</strong></span> <span class='ocrx_word' id='word_1_87' title='bbox 1602 1421 1858 1466; x_wconf 88' lang='lat' dir='ltr'><strong>convocat</strong></span> <span class='ocrx_word' id='word_1_88' title='bbox 1899 1415 2011 1480; x_wconf 86' lang='lat' dir='ltr'><strong>epi-</strong></span> 
     </span>
    </p>
   </div>
   <div class='ocr_carea' id='block_1_15' title="bbox 477 1503 2007 1573">
    <p class='ocr_par' dir='ltr' id='par_1_15' title="bbox 477 1503 2007 1573">
     <span class='ocr_line' id='line_1_15' title="bbox 477 1503 2007 1573; baseline -0.001 -15"><span class='ocrx_word' id='word_1_89' title='bbox 477 1518 667 1573; x_wconf 88' lang='lat' dir='ltr'><strong>scopos</strong></span> <span class='ocrx_word' id='word_1_90' title='bbox 699 1505 786 1572; x_wconf 92' lang='lat' dir='ltr'><strong>qui</strong></span> <span class='ocrx_word' id='word_1_91' title='bbox 812 1514 918 1557; x_wconf 92' lang='lat' dir='ltr'><strong>tum</strong></span> <span class='ocrx_word' id='word_1_92' title='bbox 967 1503 1103 1556; x_wconf 92' lang='lat' dir='ltr'><strong>forte</strong></span> <span class='ocrx_word' id='word_1_93' title='bbox 1133 1503 1586 1570; x_wconf 71' lang='lat' dir='ltr'><strong>Constantinottoli</strong></span> <span class='ocrx_word' id='word_1_94' title='bbox 1617 1504 2007 1557; x_wconf 82' lang='lat' dir='ltr'><strong>versabantur:</strong></span> 
     </span>
    </p>
   </div>
   <div class='ocr_carea' id='block_1_16' title="bbox 475 1592 2008 1662">
    <p class='ocr_par' dir='ltr' id='par_1_16' title="bbox 475 1592 2008 1662">
     <span class='ocr_line' id='line_1_16' title="bbox 475 1592 2008 1662; baseline -0.001 -15"><span class='ocrx_word' id='word_1_95' title='bbox 475 1595 685 1647; x_wconf 90' lang='lat' dir='ltr'><strong>decreta</strong></span> <span class='ocrx_word' id='word_1_96' title='bbox 731 1594 1046 1662; x_wconf 87' lang='lat' dir='ltr'><strong>synodorum</strong></span> <span class='ocrx_word' id='word_1_97' title='bbox 1083 1593 1308 1661; x_wconf 82' lang='lat' dir='ltr'><strong>profert,</strong></span> <span class='ocrx_word' id='word_1_98' title='bbox 1349 1593 1542 1661; x_wconf 82' lang='lat' dir='ltr'><strong>quibus</strong></span> <span class='ocrx_word' id='word_1_99' title='bbox 1574 1593 1794 1647; x_wconf 88' lang='lat' dir='ltr'><strong>lectione</strong></span> <span class='ocrx_word' id='word_1_100' title='bbox 1821 1592 2008 1662; x_wconf 86' lang='lat' dir='ltr'><strong>Orige-</strong></span> 
     </span>
    </p>
   </div>
   <div class='ocr_carea' id='block_1_17' title="bbox 475 1682 2010 1750">
    <p class='ocr_par' dir='ltr' id='par_1_17' title="bbox 475 1682 2010 1750">
     <span class='ocr_line' id='line_1_17' title="bbox 475 1682 2010 1750; baseline 0.001 -16"><span class='ocrx_word' id='word_1_101' title='bbox 475 1683 558 1734; x_wconf 91' lang='lat' dir='ltr'><strong>nis</strong></span> <span class='ocrx_word' id='word_1_102' title='bbox 586 1683 828 1734; x_wconf 91' lang='lat' dir='ltr'><strong>omnibus</strong></span> <span class='ocrx_word' id='word_1_103' title='bbox 858 1682 1300 1747; x_wconf 74' lang='lat' dir='ltr'><strong>interdicebatur;</strong></span> <span class='ocrx_word' id='word_1_104' title='bbox 1331 1682 1561 1749; x_wconf 87' lang='lat' dir='ltr'><strong>postulat</strong></span> <span class='ocrx_word' id='word_1_105' title='bbox 1592 1691 1648 1735; x_wconf 83' lang='grc' dir='ltr'><strong>ιιι</strong></span> <span class='ocrx_word' id='word_1_106' title='bbox 1672 1698 1731 1736; x_wconf 89' lang='lat' dir='ltr'><strong>ea</strong></span> <span class='ocrx_word' id='word_1_107' title='bbox 1759 1683 1856 1746; x_wconf 86' lang='lat' dir='ltr'><strong>ipsi</strong></span> <span class='ocrx_word' id='word_1_108' title='bbox 1879 1699 2010 1750; x_wconf 88' lang='lat' dir='ltr'><strong>quo-</strong></span> 
     </span>
    </p>
   </div>
   <div class='ocr_carea' id='block_1_18' title="bbox 472 1769 2008 1838">
    <p class='ocr_par' dir='ltr' id='par_1_18' title="bbox 472 1769 2008 1838">
     <span class='ocr_line' id='line_1_18' title="bbox 472 1769 2008 1838; baseline 0.001 -16"><span class='ocrx_word' id='word_1_109' title='bbox 472 1784 579 1836; x_wconf 90' lang='lat' dir='ltr'><strong>que</strong></span> <span class='ocrx_word' id='word_1_110' title='bbox 621 1769 885 1838; x_wconf 78' lang='lat' dir='ltr'><strong>sam-agiis</strong></span> <span class='ocrx_word' id='word_1_111' title='bbox 911 1771 1021 1823; x_wconf 89' lang='lat' dir='ltr'><strong>suis</strong></span> <span class='ocrx_word' id='word_1_112' title='bbox 1046 1772 1378 1824; x_wconf 84' lang='lat' dir='ltr'><strong>contirment.</strong></span> <span class='ocrx_word' id='word_1_113' title='bbox 1429 1771 1724 1826; x_wconf 86' lang='lat' dir='ltr'><strong>Paruerant</strong></span> <span class='ocrx_word' id='word_1_114' title='bbox 1752 1772 2008 1836; x_wconf 88' lang='lat' dir='ltr'><strong>nonnulli,</strong></span> 
     </span>
    </p>
   </div>
   <div class='ocr_carea' id='block_1_19' title="bbox 2109 561 3867 648">
    <p class='ocr_par' dir='ltr' id='par_1_19' title="bbox 2109 561 3867 648">
     <span class='ocr_line' id='line_1_19' title="bbox 2109 561 3867 648; baseline -0.019 -4"><span class='ocrx_word' id='word_1_115' title='bbox 2109 591 2160 645; x_wconf 88' lang='lat' dir='ltr'><strong>itt</strong></span> <span class='ocrx_word' id='word_1_116' title='bbox 2191 591 2373 644; x_wconf 89' lang='lat' dir='ltr'><strong>libros</strong></span> <span class='ocrx_word' id='word_1_117' title='bbox 2399 561 2536 642; x_wconf 77' lang='lat' dir='ltr'><strong>suos</strong></span> <span class='ocrx_word' id='word_1_118' title='bbox 2564 561 2654 638; x_wconf 79' lang='lat' dir='ltr'><strong>vel</strong></span> <span class='ocrx_word' id='word_1_119' title='bbox 2679 576 3018 648; x_wconf 85' lang='lat' dir='ltr'><strong>discipulos</strong></span> <span class='ocrx_word' id='word_1_120' title='bbox 3053 570 3396 628; x_wconf 81' lang='lat' dir='ltr'><strong>incidisset</strong></span> <span class='ocrx_word' id='word_1_121' title='bbox 3421 583 3441 631; x_wconf 90' lang='lat'><strong>;</strong></span> <span class='ocrx_word' id='word_1_122' title='bbox 3483 573 3748 633; x_wconf 79' lang='lat' dir='ltr'><strong>negante</strong></span> <span class='ocrx_word' id='word_1_123' title='bbox 3776 561 3867 612; x_wconf 84' lang='lat' dir='ltr'><strong>illo</strong></span> 
     </span>
    </p>
   </div>
   <div class='ocr_carea' id='block_1_20' title="bbox 2109 655 3864 747">
    <p class='ocr_par' dir='ltr' id='par_1_20' title="bbox 2109 655 3864 747">
     <span class='ocr_line' id='line_1_20' title="bbox 2109 655 3864 747; baseline -0.017 -14"><span class='ocrx_word' id='word_1_124' title='bbox 2109 687 2476 747; x_wconf 81' lang='lat' dir='ltr'><strong>percontatos</strong></span> <span class='ocrx_word' id='word_1_125' title='bbox 2514 676 2664 727; x_wconf 91' lang='lat' dir='ltr'><strong>unde</strong></span> <span class='ocrx_word' id='word_1_126' title='bbox 2701 685 2766 726; x_wconf 90' lang='lat' dir='ltr'><strong>se</strong></span> <span class='ocrx_word' id='word_1_127' title='bbox 2796 666 3133 724; x_wconf 65' lang='lat' dir='ltr'><strong>haereticos</strong></span> <span class='ocrx_word' id='word_1_128' title='bbox 3173 655 3732 747; x_wconf 78' lang='lat' dir='ltr'><strong>deprehendisset,</strong></span> <span class='ocrx_word' id='word_1_129' title='bbox 3778 655 3864 721; x_wconf 83' lang='lat' dir='ltr'><strong>qui</strong></span> 
     </span>
    </p>
   </div>
   <div class='ocr_carea' id='block_1_21' title="bbox 2111 743 3864 821">
    <p class='ocr_par' dir='ltr' id='par_1_21' title="bbox 2111 743 3864 821">
     <span class='ocr_line' id='line_1_21' title="bbox 2111 743 3864 821; baseline -0.015 0"><span class='ocrx_word' id='word_1_130' title='bbox 2111 743 2405 821; x_wconf 63' lang='lat' dir='ltr'><strong>sententiae</strong></span> <span class='ocrx_word' id='word_1_131' title='bbox 2436 778 2553 818; x_wconf 90' lang='lat' dir='ltr'><strong>suae</strong></span> <span class='ocrx_word' id='word_1_132' title='bbox 2581 759 2811 814; x_wconf 91' lang='lat' dir='ltr'><strong>nullum</strong></span> <span class='ocrx_word' id='word_1_133' title='bbox 2873 754 3128 810; x_wconf 82' lang='lat' dir='ltr'><strong>fecisset</strong></span> <span class='ocrx_word' id='word_1_134' title='bbox 3183 745 3599 818; x_wconf 80' lang='lat' dir='ltr'><strong>periculum;</strong></span> <span class='ocrx_word' id='word_1_135' title='bbox 3633 743 3770 798; x_wconf 83' lang='lat' dir='ltr'><strong>huic</strong></span> <span class='ocrx_word' id='word_1_136' title='bbox 3804 757 3864 797; x_wconf 80' lang='lat' dir='ltr'><strong>ex</strong></span> 
     </span>
    </p>
   </div>
   <div class='ocr_carea' id='block_1_22' title="bbox 2062 835 3866 912">
    <p class='ocr_par' dir='ltr' id='par_1_22' title="bbox 2062 835 3866 912">
     <span class='ocr_line' id='line_1_22' title="bbox 2062 835 3866 912; baseline -0.014 -1"><span class='ocrx_word' id='word_1_137' title='bbox 2062 851 2068 858; x_wconf 74' lang='grc'><strong>’</strong></span> <span class='ocrx_word' id='word_1_138' title='bbox 2112 858 2300 910; x_wconf 88' lang='lat' dir='ltr'><strong>auditu</strong></span> <span class='ocrx_word' id='word_1_139' title='bbox 2332 871 2395 908; x_wconf 92' lang='lat' dir='ltr'><strong>se</strong></span> <span class='ocrx_word' id='word_1_140' title='bbox 2419 851 2779 906; x_wconf 87' lang='lat' dir='ltr'><strong>intellexisse</strong></span> <span class='ocrx_word' id='word_1_141' title='bbox 2827 841 3286 912; x_wconf 84' lang='lat' dir='ltr'><strong>respondenti,</strong></span> <span class='ocrx_word' id='word_1_142' title='bbox 3333 836 3686 906; x_wconf 70' lang='lat' dir='ltr'><strong>subiecisse</strong></span> <span class='ocrx_word' id='word_1_143' title='bbox 3711 835 3866 888; x_wconf 83' lang='lat' dir='ltr'><strong>illos:</strong></span> 
     </span>
    </p>
   </div>
   <div class='ocr_carea' id='block_1_23' title="bbox 2111 924 3870 1000">
    <p class='ocr_par' dir='ltr' id='par_1_23' title="bbox 2111 924 3870 1000">
     <span class='ocr_line' id='line_1_23' title="bbox 2111 924 3870 1000; baseline -0.013 1"><span class='ocrx_word' id='word_1_144' title='bbox 2111 946 2280 1000; x_wconf 85' lang='lat' dir='ltr'><strong>Nobis</strong></span> <span class='ocrx_word' id='word_1_145' title='bbox 2316 959 2450 997; x_wconf 82' lang='lat' dir='ltr'><strong>vero</strong></span> <span class='ocrx_word' id='word_1_146' title='bbox 2497 938 2866 997; x_wconf 88' lang='lat' dir='ltr'><strong>contrarium</strong></span> <span class='ocrx_word' id='word_1_147' title='bbox 2928 932 3178 994; x_wconf 84' lang='lat' dir='ltr'><strong>evenit,</strong></span> <span class='ocrx_word' id='word_1_148' title='bbox 3237 943 3392 984; x_wconf 86' lang='lat' dir='ltr'><strong>nam</strong></span> <span class='ocrx_word' id='word_1_149' title='bbox 3455 941 3535 980; x_wconf 75' lang='lat' dir='ltr'><strong>ex</strong></span> <span class='ocrx_word' id='word_1_150' title='bbox 3590 924 3870 992; x_wconf 86' lang='lat' dir='ltr'><strong>discipulis</strong></span> 
     </span>
    </p>
   </div>
   <div class='ocr_carea' id='block_1_24' title="bbox 2114 1017 3872 1096">
    <p class='ocr_par' dir='ltr' id='par_1_24' title="bbox 2114 1017 3872 1096">
     <span class='ocr_line' id='line_1_24' title="bbox 2114 1017 3872 1096; baseline -0.013 -5"><span class='ocrx_word' id='word_1_151' title='bbox 2114 1039 2220 1091; x_wconf 89' lang='lat' dir='ltr'><strong>tuis</strong></span> <span class='ocrx_word' id='word_1_152' title='bbox 2246 1046 2302 1091; x_wconf 90' lang='lat' dir='ltr'><strong>et</strong></span> <span class='ocrx_word' id='word_1_153' title='bbox 2333 1035 2512 1096; x_wconf 83' lang='lat' dir='ltr'><strong>libris,</strong></span> <span class='ocrx_word' id='word_1_154' title='bbox 2553 1048 2622 1087; x_wconf 88' lang='lat' dir='ltr'><strong>ac</strong></span> <span class='ocrx_word' id='word_1_155' title='bbox 2657 1032 2962 1084; x_wconf 80' lang='lat' dir='ltr'><strong>Ancorato</strong></span> <span class='ocrx_word' id='word_1_156' title='bbox 3020 1022 3348 1094; x_wconf 77' lang='lat' dir='ltr'><strong>praecipue</strong></span> <span class='ocrx_word' id='word_1_157' title='bbox 3396 1030 3514 1074; x_wconf 86' lang='lat' dir='ltr'><strong>tua</strong></span> <span class='ocrx_word' id='word_1_158' title='bbox 3570 1017 3742 1071; x_wconf 86' lang='lat' dir='ltr'><strong>nobis</strong></span> <span class='ocrx_word' id='word_1_159' title='bbox 3767 1034 3872 1084; x_wconf 86' lang='lat' dir='ltr'><strong>per-</strong></span> 
     </span>
    </p>
   </div>
   <div class='ocr_carea' id='block_1_25' title="bbox 2121 1109 3869 1197">
    <p class='ocr_par' dir='ltr' id='par_1_25' title="bbox 2121 1109 3869 1197">
     <span class='ocr_line' id='line_1_25' title="bbox 2121 1109 3869 1197; baseline -0.012 -16"><span class='ocrx_word' id='word_1_160' title='bbox 2121 1136 2310 1197; x_wconf 86' lang='lat' dir='ltr'><strong>specta</strong></span> <span class='ocrx_word' id='word_1_161' title='bbox 2353 1125 2638 1180; x_wconf 87' lang='lat' dir='ltr'><strong>sententia</strong></span> <span class='ocrx_word' id='word_1_162' title='bbox 2697 1118 3033 1176; x_wconf 91' lang='lat' dir='ltr'><strong>nonnullos</strong></span> <span class='ocrx_word' id='word_1_163' title='bbox 3084 1128 3264 1182; x_wconf 75' lang='lat' dir='ltr'><strong>saepe</strong></span> <span class='ocrx_word' id='word_1_164' title='bbox 3301 1109 3749 1170; x_wconf 80' lang='lat' dir='ltr'><strong>refutavimus,</strong></span> <span class='ocrx_word' id='word_1_165' title='bbox 3789 1110 3869 1178; x_wconf 82' lang='lat' dir='ltr'><strong>qui</strong></span> 
     </span>
    </p>
   </div>
   <div class='ocr_carea' id='block_1_26' title="bbox 2115 1202 3875 1275">
    <p class='ocr_par' dir='ltr' id='par_1_26' title="bbox 2115 1202 3875 1275">
     <span class='ocr_line' id='line_1_26' title="bbox 2115 1202 3875 1275; baseline -0.011 -3"><span class='ocrx_word' id='word_1_166' title='bbox 2115 1219 2398 1272; x_wconf 74' lang='lat' dir='ltr'><strong>haereseos</strong></span> <span class='ocrx_word' id='word_1_167' title='bbox 2433 1213 2788 1269; x_wconf 90' lang='lat' dir='ltr'><strong>calumniam</strong></span> <span class='ocrx_word' id='word_1_168' title='bbox 2828 1210 2944 1264; x_wconf 91' lang='lat' dir='ltr'><strong>tibi</strong></span> <span class='ocrx_word' id='word_1_169' title='bbox 2981 1203 3451 1275; x_wconf 83' lang='lat' dir='ltr'><strong>impingebant</strong></span> <span class='ocrx_word' id='word_1_170' title='bbox 3485 1218 3505 1265; x_wconf 86' lang='lat'><strong>;</strong></span> <span class='ocrx_word' id='word_1_171' title='bbox 3551 1217 3752 1268; x_wconf 87' lang='lat' dir='ltr'><strong>parem</strong></span> <span class='ocrx_word' id='word_1_172' title='bbox 3783 1202 3875 1254; x_wconf 81' lang='lat' dir='ltr'><strong>ita-</strong></span> 
     </span>
    </p>
   </div>
   <div class='ocr_carea' id='block_1_27' title="bbox 2116 1292 3875 1379">
    <p class='ocr_par' dir='ltr' id='par_1_27' title="bbox 2116 1292 3875 1379">
     <span class='ocr_line' id='line_1_27' title="bbox 2116 1292 3875 1379; baseline -0.008 -19"><span class='ocrx_word' id='word_1_173' title='bbox 2116 1326 2222 1378; x_wconf 91' lang='lat' dir='ltr'><strong>que</strong></span> <span class='ocrx_word' id='word_1_174' title='bbox 2247 1308 2406 1361; x_wconf 82' lang='lat' dir='ltr'><strong>nobis</strong></span> <span class='ocrx_word' id='word_1_175' title='bbox 2435 1306 2619 1359; x_wconf 86' lang='lat' dir='ltr'><strong>vicem</strong></span> <span class='ocrx_word' id='word_1_176' title='bbox 2652 1301 3002 1379; x_wconf 80' lang='lat' dir='ltr'><strong>retribuere</strong></span> <span class='ocrx_word' id='word_1_177' title='bbox 3033 1298 3378 1352; x_wconf 84' lang='lat' dir='ltr'><strong>debueras</strong></span> <span class='ocrx_word' id='word_1_178' title='bbox 3409 1311 3428 1346; x_wconf 90' lang='lat'><strong>:</strong></span> <span class='ocrx_word' id='word_1_179' title='bbox 3458 1293 3562 1346; x_wconf 83' lang='lat' dir='ltr'><strong>his</strong></span> <span class='ocrx_word' id='word_1_180' title='bbox 3587 1292 3875 1347; x_wconf 84' lang='lat' dir='ltr'><strong>intellectis</strong></span> 
     </span>
    </p>
   </div>
   <div class='ocr_carea' id='block_1_28' title="bbox 2120 1385 3872 1468">
    <p class='ocr_par' dir='ltr' id='par_1_28' title="bbox 2120 1385 3872 1468">
     <span class='ocr_line' id='line_1_28' title="bbox 2120 1385 3872 1468; baseline -0.009 -15"><span class='ocrx_word' id='word_1_181' title='bbox 2120 1400 2395 1468; x_wconf 91' lang='lat' dir='ltr'><strong>placatum</strong></span> <span class='ocrx_word' id='word_1_182' title='bbox 2441 1395 2831 1464; x_wconf 78' lang='lat' dir='ltr'><strong>Epiphaniam</strong></span> <span class='ocrx_word' id='word_1_183' title='bbox 2894 1392 3078 1445; x_wconf 90' lang='lat' dir='ltr'><strong>viros</strong></span> <span class='ocrx_word' id='word_1_184' title='bbox 3126 1385 3481 1442; x_wconf 82' lang='lat' dir='ltr'><strong>dimisisse</strong></span> <span class='ocrx_word' id='word_1_185' title='bbox 3529 1403 3547 1450; x_wconf 89' lang='lat'><strong>;</strong></span> <span class='ocrx_word' id='word_1_186' title='bbox 3609 1393 3672 1439; x_wconf 90' lang='lat' dir='ltr'><strong>et</strong></span> <span class='ocrx_word' id='word_1_187' title='bbox 3713 1385 3872 1452; x_wconf 82' lang='lat' dir='ltr'><strong>ipsum</strong></span> 
     </span>
    </p>
   </div>
   <div class='ocr_carea' id='block_1_29' title="bbox 2116 1474 3877 1557">
    <p class='ocr_par' dir='ltr' id='par_1_29' title="bbox 2116 1474 3877 1557">
     <span class='ocr_line' id='line_1_29' title="bbox 2116 1474 3877 1557; baseline -0.007 -16"><span class='ocrx_word' id='word_1_188' title='bbox 2116 1503 2330 1557; x_wconf 85' lang='lat' dir='ltr'><strong>quoque</strong></span> <span class='ocrx_word' id='word_1_189' title='bbox 2363 1486 2528 1555; x_wconf 88' lang='lat' dir='ltr'><strong>paulo</strong></span> <span class='ocrx_word' id='word_1_190' title='bbox 2561 1495 2694 1555; x_wconf 90' lang='lat' dir='ltr'><strong>post</strong></span> <span class='ocrx_word' id='word_1_191' title='bbox 2736 1484 3071 1551; x_wconf 80' lang='lat' dir='ltr'><strong>navigasse</strong></span> <span class='ocrx_word' id='word_1_192' title='bbox 3127 1480 3202 1533; x_wconf 90' lang='lat' dir='ltr'><strong>in</strong></span> <span class='ocrx_word' id='word_1_193' title='bbox 3252 1477 3574 1547; x_wconf 86' lang='lat' dir='ltr'><strong>Cyprum,</strong></span> <span class='ocrx_word' id='word_1_194' title='bbox 3610 1475 3732 1528; x_wconf 83' lang='lat' dir='ltr'><strong>sive</strong></span> <span class='ocrx_word' id='word_1_195' title='bbox 3751 1474 3877 1544; x_wconf 49' lang='lat' dir='ltr'><strong>Cous</strong></span> 
     </span>
    </p>
   </div>
   <div class='ocr_carea' id='block_1_30' title="bbox 2117 1566 3875 1645">
    <p class='ocr_par' dir='ltr' id='par_1_30' title="bbox 2117 1566 3875 1645">
     <span class='ocr_line' id='line_1_30' title="bbox 2117 1566 3875 1645; baseline -0.007 -12"><span class='ocrx_word' id='word_1_196' title='bbox 2117 1577 2472 1644; x_wconf 88' lang='lat' dir='ltr'><strong>stantiuopoli</strong></span> <span class='ocrx_word' id='word_1_197' title='bbox 2528 1575 2920 1645; x_wconf 83' lang='lat' dir='ltr'><strong>paenituisset</strong></span> <span class='ocrx_word' id='word_1_198' title='bbox 2991 1586 3158 1625; x_wconf 87' lang='lat' dir='ltr'><strong>eum</strong></span> <span class='ocrx_word' id='word_1_199' title='bbox 3232 1568 3526 1630; x_wconf 88' lang='lat' dir='ltr'><strong>itineris,</strong></span> <span class='ocrx_word' id='word_1_200' title='bbox 3582 1566 3708 1621; x_wconf 84' lang='lat' dir='ltr'><strong>sive</strong></span> <span class='ocrx_word' id='word_1_201' title='bbox 3752 1566 3875 1621; x_wconf 80' lang='lat' dir='ltr'><strong>Deus</strong></span> 
     </span>
    </p>
   </div>
   <div class='ocr_carea' id='block_1_31' title="bbox 2115 1663 3872 1728">
    <p class='ocr_par' dir='ltr' id='par_1_31' title="bbox 2115 1663 3872 1728">
     <span class='ocr_line' id='line_1_31' title="bbox 2115 1663 3872 1728; baseline -0.007 0"><span class='ocrx_word' id='word_1_202' title='bbox 2115 1674 2336 1728; x_wconf 89' lang='lat' dir='ltr'><strong>oraculo</strong></span> <span class='ocrx_word' id='word_1_203' title='bbox 2359 1682 2599 1726; x_wconf 91' lang='lat' dir='ltr'><strong>mortem</strong></span> <span class='ocrx_word' id='word_1_204' title='bbox 2648 1672 2878 1723; x_wconf 88' lang='lat' dir='ltr'><strong>instare</strong></span> <span class='ocrx_word' id='word_1_205' title='bbox 2946 1667 3371 1720; x_wconf 84' lang='lat' dir='ltr'><strong>monuisset.</strong></span> <span class='ocrx_word' id='word_1_206' title='bbox 3424 1664 3675 1728; x_wconf 86' lang='lat' dir='ltr'><strong>Ecquas</strong></span> <span class='ocrx_word' id='word_1_207' title='bbox 3719 1663 3872 1716; x_wconf 87' lang='lat' dir='ltr'><strong>disce-</strong></span> 
     </span>
    </p>
   </div>
   <div class='ocr_carea' id='block_1_32' title="bbox 2116 1754 3873 1823">
    <p class='ocr_par' dir='ltr' id='par_1_32' title="bbox 2116 1754 3873 1823">
     <span class='ocr_line' id='line_1_32' title="bbox 2116 1754 3873 1823; baseline -0.007 -3"><span class='ocrx_word' id='word_1_208' title='bbox 2116 1765 2276 1820; x_wconf 89' lang='lat' dir='ltr'><strong>dendi</strong></span> <span class='ocrx_word' id='word_1_209' title='bbox 2314 1779 2514 1818; x_wconf 82' lang='lat' dir='ltr'><strong>causas</strong></span> <span class='ocrx_word' id='word_1_210' title='bbox 2571 1761 2871 1823; x_wconf 86' lang='lat' dir='ltr'><strong>habuerit,</strong></span> <span class='ocrx_word' id='word_1_211' title='bbox 2930 1760 3287 1812; x_wconf 86' lang='lat' dir='ltr'><strong>incertum</strong></span> <span class='ocrx_word' id='word_1_212' title='bbox 3347 1765 3478 1810; x_wconf 86' lang='lat' dir='ltr'><strong>est.</strong></span> <span class='ocrx_word' id='word_1_213' title='bbox 3540 1754 3714 1810; x_wconf 84' lang='lat' dir='ltr'><strong>Certe</strong></span> <span class='ocrx_word' id='word_1_214' title='bbox 3741 1764 3873 1808; x_wconf 84' lang='lat' dir='ltr'><strong>ante-</strong></span> 
     </span>
    </p>
   </div>
   <div class='ocr_carea' id='block_1_33' title="bbox 474 1836 3871 1926">
    <p class='ocr_par' dir='ltr' id='par_1_33' title="bbox 474 1836 3871 1926">
     <span class='ocr_line' id='line_1_33' title="bbox 474 1836 3871 1926; baseline 0.003 -15"><span class='ocrx_word' id='word_1_215' title='bbox 474 1859 652 1926; x_wconf 88' lang='lat' dir='ltr'><strong>plares</strong></span> <span class='ocrx_word' id='word_1_216' title='bbox 687 1836 1130 1912; x_wconf 71' lang='lat' dir='ltr'><strong>detrectaverunt.</strong></span> <span class='ocrx_word' id='word_1_217' title='bbox 1179 1860 1231 1913; x_wconf 94' lang='lat' dir='ltr'><strong>In</strong></span> <span class='ocrx_word' id='word_1_218' title='bbox 1264 1861 1346 1914; x_wconf 93' lang='lat' dir='ltr'><strong>his</strong></span> <span class='ocrx_word' id='word_1_219' title='bbox 1373 1861 1679 1915; x_wconf 84' lang='lat' dir='ltr'><strong>TheOtimus</strong></span> <span class='ocrx_word' id='word_1_220' title='bbox 1705 1861 2012 1916; x_wconf 90' lang='lat' dir='ltr'><strong>Tomitanus</strong></span> <span class='ocrx_word' id='word_1_221' title='bbox 2046 1836 2089 1890; x_wconf 80' lang='grc' dir='ltr'>Β</span> <span class='ocrx_word' id='word_1_222' title='bbox 2117 1871 2276 1923; x_wconf 77' lang='lat' dir='ltr'><strong>quam</strong></span> <span class='ocrx_word' id='word_1_223' title='bbox 2309 1854 2583 1922; x_wconf 68' lang='lat' dir='ltr'><strong>alligiSSel</strong></span> <span class='ocrx_word' id='word_1_224' title='bbox 2613 1851 2899 1921; x_wconf 78' lang='lat' dir='ltr'><strong>Cyprum.</strong></span> <span class='ocrx_word' id='word_1_225' title='bbox 2946 1851 3012 1902; x_wconf 78' lang='grc' dir='ltr'><strong>Ῑη</strong></span> <span class='ocrx_word' id='word_1_226' title='bbox 3048 1850 3207 1916; x_wconf 63' lang='lat' dir='ltr'><strong>ipsa</strong></span> <span class='ocrx_word' id='word_1_227' title='bbox 3249 1847 3407 1901; x_wconf 62' lang='grc' dir='ltr'><strong>ηδνί</strong></span> <span class='ocrx_word' id='word_1_228' title='bbox 3455 1845 3734 1906; x_wconf 46' lang='lat' dir='ltr'><strong>decessu,</strong></span> <span class='ocrx_word' id='word_1_229' title='bbox 3769 1861 3871 1898; x_wconf 67' lang='lat' dir='ltr'><strong>cm“</strong></span> 
     </span>
    </p>
   </div>
   <div class='ocr_carea' id='block_1_34' title="bbox 474 1948 2014 2018">
    <p class='ocr_par' dir='ltr' id='par_1_34' title="bbox 474 1948 2014 2018">
     <span class='ocr_line' id='line_1_34' title="bbox 474 1948 2014 2018; baseline 0.005 -19"><span class='ocrx_word' id='word_1_230' title='bbox 474 1948 771 2014; x_wconf 85' lang='lat' dir='ltr'><strong>episcopus,</strong></span> <span class='ocrx_word' id='word_1_231' title='bbox 817 1958 1062 2014; x_wconf 66' lang='lat' dir='ltr'><strong>spectatae</strong></span> <span class='ocrx_word' id='word_1_232' title='bbox 1107 1950 1186 2002; x_wconf 90' lang='lat' dir='ltr'><strong>vir</strong></span> <span class='ocrx_word' id='word_1_233' title='bbox 1243 1951 1559 2010; x_wconf 84' lang='lat' dir='ltr'><strong>sanctitatis.</strong></span> <span class='ocrx_word' id='word_1_234' title='bbox 1615 1953 1849 2018; x_wconf 90' lang='lat' dir='ltr'><strong>iniquum</strong></span> <span class='ocrx_word' id='word_1_235' title='bbox 1895 1967 2014 2007; x_wconf 89' lang='lat' dir='ltr'><strong>esse</strong></span> 
     </span>
    </p>
   </div>
   <div class='ocr_carea' id='block_1_35' title="bbox 477 2036 2016 2109">
    <p class='ocr_par' dir='ltr' id='par_1_35' title="bbox 477 2036 2016 2109">
     <span class='ocr_line' id='line_1_35' title="bbox 477 2036 2016 2109; baseline 0.006 -21"><span class='ocrx_word' id='word_1_236' title='bbox 477 2036 626 2100; x_wconf 73' lang='lat' dir='ltr'><strong>dixit,</strong></span> <span class='ocrx_word' id='word_1_237' title='bbox 653 2037 848 2090; x_wconf 89' lang='lat' dir='ltr'><strong>homini</strong></span> <span class='ocrx_word' id='word_1_238' title='bbox 870 2039 1182 2105; x_wconf 85' lang='lat' dir='ltr'><strong>jatrpridem</strong></span> <span class='ocrx_word' id='word_1_239' title='bbox 1210 2050 1417 2093; x_wconf 84' lang='lat' dir='ltr'><strong>mmtao</strong></span> <span class='ocrx_word' id='word_1_240' title='bbox 1445 2041 1685 2109; x_wconf 73' lang='lat' dir='ltr'><strong>iniuriam</strong></span> <span class='ocrx_word' id='word_1_241' title='bbox 1711 2043 1929 2105; x_wconf 87' lang='lat' dir='ltr'><strong>inferre,</strong></span> <span class='ocrx_word' id='word_1_242' title='bbox 1959 2051 2016 2098; x_wconf 92' lang='lat' dir='ltr'><strong>et</strong></span> 
     </span>
    </p>
   </div>
   <div class='ocr_carea' id='block_1_36' title="bbox 476 2125 2015 2198">
    <p class='ocr_par' dir='ltr' id='par_1_36' title="bbox 476 2125 2015 2198">
     <span class='ocr_line' id='line_1_36' title="bbox 476 2125 2015 2198; baseline 0.006 -21"><span class='ocrx_word' id='word_1_243' title='bbox 476 2125 733 2191; x_wconf 87' lang='lat' dir='ltr'><strong>majorum</strong></span> <span class='ocrx_word' id='word_1_244' title='bbox 767 2127 832 2179; x_wconf 92' lang='lat' dir='ltr'><strong>de</strong></span> <span class='ocrx_word' id='word_1_245' title='bbox 861 2142 922 2180; x_wconf 88' lang='lat' dir='ltr'><strong>eo</strong></span> <span class='ocrx_word' id='word_1_246' title='bbox 949 2128 1162 2181; x_wconf 87' lang='lat' dir='ltr'><strong>decreta</strong></span> <span class='ocrx_word' id='word_1_247' title='bbox 1217 2131 1517 2183; x_wconf 85' lang='lat' dir='ltr'><strong>rescindere</strong></span> <span class='ocrx_word' id='word_1_248' title='bbox 1557 2150 1571 2184; x_wconf 90' lang='lat'><strong>:</strong></span> <span class='ocrx_word' id='word_1_249' title='bbox 1614 2146 1718 2198; x_wconf 90' lang='lat' dir='ltr'><strong>quo</strong></span> <span class='ocrx_word' id='word_1_250' title='bbox 1758 2132 1898 2186; x_wconf 90' lang='lat' dir='ltr'><strong>dicto</strong></span> <span class='ocrx_word' id='word_1_251' title='bbox 1954 2133 2015 2186; x_wconf 93' lang='lat' dir='ltr'><strong>li-</strong></span> 
     </span>
    </p>
   </div>
   <div class='ocr_carea' id='block_1_37' title="bbox 477 2216 2020 2289">
    <p class='ocr_par' dir='ltr' id='par_1_37' title="bbox 477 2216 2020 2289">
     <span class='ocr_line' id='line_1_37' title="bbox 477 2216 2020 2289; baseline 0.004 -21"><span class='ocrx_word' id='word_1_252' title='bbox 477 2217 626 2269; x_wconf 81' lang='lat' dir='ltr'><strong>ltrum</strong></span> <span class='ocrx_word' id='word_1_253' title='bbox 650 2219 929 2285; x_wconf 86' lang='lat' dir='ltr'><strong>quemdam</strong></span> <span class='ocrx_word' id='word_1_254' title='bbox 959 2216 1204 2286; x_wconf 84' lang='lat' dir='ltr'><strong>Origenis</strong></span> <span class='ocrx_word' id='word_1_255' title='bbox 1233 2221 1455 2286; x_wconf 84' lang='lat' dir='ltr'><strong>profert,</strong></span> <span class='ocrx_word' id='word_1_256' title='bbox 1489 2221 1830 2289; x_wconf 86' lang='lat' dir='ltr'><strong>pellectisque</strong></span> <span class='ocrx_word' id='word_1_257' title='bbox 1855 2223 2020 2276; x_wconf 83' lang='lat' dir='ltr'><strong>versi-</strong></span> 
     </span>
    </p>
   </div>
   <div class='ocr_carea' id='block_1_38' title="bbox 474 2307 2014 2374">
    <p class='ocr_par' dir='ltr' id='par_1_38' title="bbox 474 2307 2014 2374">
     <span class='ocr_line' id='line_1_38' title="bbox 474 2307 2014 2374; baseline 0.005 -17"><span class='ocrx_word' id='word_1_258' title='bbox 474 2307 573 2358; x_wconf 87' lang='lat' dir='ltr'><strong>hus</strong></span> <span class='ocrx_word' id='word_1_259' title='bbox 606 2307 832 2372; x_wconf 87' lang='lat' dir='ltr'><strong>aliquot,</strong></span> <span class='ocrx_word' id='word_1_260' title='bbox 859 2308 1051 2374; x_wconf 84' lang='lat' dir='ltr'><strong>quibus</strong></span> <span class='ocrx_word' id='word_1_261' title='bbox 1083 2307 1328 2360; x_wconf 71' lang='lat' dir='ltr'><strong>Ecclesiae</strong></span> <span class='ocrx_word' id='word_1_262' title='bbox 1359 2309 1512 2363; x_wconf 85' lang='lat' dir='ltr'><strong>utiles</strong></span> <span class='ocrx_word' id='word_1_263' title='bbox 1545 2312 1819 2364; x_wconf 69' lang='lat' dir='ltr'><strong>sententia:</strong></span> <span class='ocrx_word' id='word_1_264' title='bbox 1845 2314 2014 2365; x_wconf 77' lang='lat' dir='ltr'><strong>couti-</strong></span> 
     </span>
    </p>
   </div>
   <div class='ocr_carea' id='block_1_39' title="bbox 476 2395 2016 2468">
    <p class='ocr_par' dir='ltr' id='par_1_39' title="bbox 476 2395 2016 2468">
     <span class='ocr_line' id='line_1_39' title="bbox 476 2395 2016 2468; baseline 0.005 -22"><span class='ocrx_word' id='word_1_265' title='bbox 476 2395 735 2447; x_wconf 87' lang='lat' dir='ltr'><strong>nebantar</strong></span> <span class='ocrx_word' id='word_1_266' title='bbox 761 2413 774 2448; x_wconf 89' lang='lat'><strong>:</strong></span> <span class='ocrx_word' id='word_1_267' title='bbox 799 2395 1119 2464; x_wconf 88' lang='lat' dir='ltr'><strong>Intelligant,</strong></span> <span class='ocrx_word' id='word_1_268' title='bbox 1148 2397 1336 2464; x_wconf 84' lang='lat' dir='ltr'><strong>inquit,</strong></span> <span class='ocrx_word' id='word_1_269' title='bbox 1359 2399 1444 2465; x_wconf 88' lang='lat' dir='ltr'><strong>qui</strong></span> <span class='ocrx_word' id='word_1_270' title='bbox 1476 2399 1638 2452; x_wconf 86' lang='lat' dir='ltr'><strong>libros</strong></span> <span class='ocrx_word' id='word_1_271' title='bbox 1664 2398 1906 2468; x_wconf 80' lang='lat' dir='ltr'><strong>Origenis</strong></span> <span class='ocrx_word' id='word_1_272' title='bbox 1938 2416 2016 2454; x_wconf 91' lang='lat' dir='ltr'><strong>re-</strong></span> 
     </span>
    </p>
   </div>
   <div class='ocr_carea' id='block_1_40' title="bbox 476 2483 2014 2553">
    <p class='ocr_par' dir='ltr' id='par_1_40' title="bbox 476 2483 2014 2553">
     <span class='ocr_line' id='line_1_40' title="bbox 476 2483 2014 2553; baseline 0.006 -20"><span class='ocrx_word' id='word_1_273' title='bbox 476 2483 718 2548; x_wconf 86' lang='lat' dir='ltr'><strong>pudiant,</strong></span> <span class='ocrx_word' id='word_1_274' title='bbox 753 2484 863 2536; x_wconf 59' lang='lat' dir='ltr'><strong>haec</strong></span> <span class='ocrx_word' id='word_1_275' title='bbox 895 2499 1102 2551; x_wconf 83' lang='lat' dir='ltr'><strong>quoque</strong></span> <span class='ocrx_word' id='word_1_276' title='bbox 1129 2501 1156 2538; x_wconf 86' lang='lat' dir='ltr'><strong>a</strong></span> <span class='ocrx_word' id='word_1_277' title='bbox 1202 2502 1259 2540; x_wconf 92' lang='lat' dir='ltr'><strong>se</strong></span> <span class='ocrx_word' id='word_1_278' title='bbox 1314 2488 1600 2553; x_wconf 89' lang='lat' dir='ltr'><strong>repudiari.</strong></span> <span class='ocrx_word' id='word_1_279' title='bbox 1640 2487 1811 2541; x_wconf 88' lang='lat' dir='ltr'><strong>Nihilo</strong></span> <span class='ocrx_word' id='word_1_280' title='bbox 1840 2499 2014 2542; x_wconf 89' lang='lat' dir='ltr'><strong>tamen</strong></span> 
     </span>
    </p>
   </div>
   <div class='ocr_carea' id='block_1_41' title="bbox 475 2572 2011 2643">
    <p class='ocr_par' dir='ltr' id='par_1_41' title="bbox 475 2572 2011 2643">
     <span class='ocr_line' id='line_1_41' title="bbox 475 2572 2011 2643; baseline 0.003 -18"><span class='ocrx_word' id='word_1_281' title='bbox 475 2572 649 2625; x_wconf 82' lang='lat' dir='ltr'><strong>secius</strong></span> <span class='ocrx_word' id='word_1_282' title='bbox 691 2574 891 2640; x_wconf 86' lang='lat' dir='ltr'><strong>roganti</strong></span> <span class='ocrx_word' id='word_1_283' title='bbox 938 2573 1334 2643; x_wconf 89' lang='lat' dir='ltr'><strong>Chrysostomo,</strong></span> <span class='ocrx_word' id='word_1_284' title='bbox 1372 2586 1430 2630; x_wconf 87' lang='lat' dir='ltr'><strong>at</strong></span> <span class='ocrx_word' id='word_1_285' title='bbox 1481 2592 1582 2629; x_wconf 90' lang='lat' dir='ltr'><strong>una</strong></span> <span class='ocrx_word' id='word_1_286' title='bbox 1617 2578 2011 2642; x_wconf 70' lang='lat' dir='ltr'><strong>secamfdomo,</strong></span> 
     </span>
    </p>
   </div>
   <div class='ocr_carea' id='block_1_42' title="bbox 477 2661 2014 2734">
    <p class='ocr_par' dir='ltr' id='par_1_42' title="bbox 477 2661 2014 2734">
     <span class='ocr_line' id='line_1_42' title="bbox 477 2661 2014 2734; baseline 0.004 -20"><span class='ocrx_word' id='word_1_287' title='bbox 477 2669 533 2714; x_wconf 89' lang='lat' dir='ltr'><strong>et</strong></span> <span class='ocrx_word' id='word_1_288' title='bbox 569 2677 667 2713; x_wconf 89' lang='lat' dir='ltr'><strong>una</strong></span> <span class='ocrx_word' id='word_1_289' title='bbox 700 2661 934 2715; x_wconf 83' lang='lat' dir='ltr'><strong>Ecclesia</strong></span> <span class='ocrx_word' id='word_1_290' title='bbox 977 2673 1234 2730; x_wconf 87' lang='lat' dir='ltr'><strong>uteretur,</strong></span> <span class='ocrx_word' id='word_1_291' title='bbox 1265 2666 1587 2731; x_wconf 73' lang='lat' dir='ltr'><strong>renuntiavit</strong></span> <span class='ocrx_word' id='word_1_292' title='bbox 1615 2666 1940 2734; x_wconf 87' lang='lat' dir='ltr'><strong>Epiphanius</strong></span> <span class='ocrx_word' id='word_1_293' title='bbox 1962 2667 2014 2720; x_wconf 93' lang='lat' dir='ltr'><strong>in</strong></span> 
     </span>
    </p>
   </div>
   <div class='ocr_carea' id='block_1_43' title="bbox 477 2750 2016 2818">
    <p class='ocr_par' dir='ltr' id='par_1_43' title="bbox 477 2750 2016 2818">
     <span class='ocr_line' id='line_1_43' title="bbox 477 2750 2016 2818; baseline 0.007 -16"><span class='ocrx_word' id='word_1_294' title='bbox 477 2750 664 2804; x_wconf 93' lang='lat' dir='ltr'><strong>domus</strong></span> <span class='ocrx_word' id='word_1_295' title='bbox 691 2761 743 2804; x_wconf 87' lang='lat' dir='ltr'><strong>et.</strong></span> <span class='ocrx_word' id='word_1_296' title='bbox 769 2765 980 2818; x_wconf 86' lang='lat' dir='ltr'><strong>precum</strong></span> <span class='ocrx_word' id='word_1_297' title='bbox 1021 2757 1441 2810; x_wconf 91' lang='lat' dir='ltr'><strong>communionem</strong></span> <span class='ocrx_word' id='word_1_298' title='bbox 1473 2772 1593 2811; x_wconf 91' lang='lat' dir='ltr'><strong>cam</strong></span> <span class='ocrx_word' id='word_1_299' title='bbox 1622 2757 1712 2812; x_wconf 94' lang='lat' dir='ltr'><strong>illo</strong></span> <span class='ocrx_word' id='word_1_300' title='bbox 1746 2773 1864 2812; x_wconf 89' lang='lat' dir='ltr'><strong>sese</strong></span> <span class='ocrx_word' id='word_1_301' title='bbox 1891 2775 2016 2813; x_wconf 86' lang='lat' dir='ltr'><strong>ven-</strong></span> 
     </span>
    </p>
   </div>
   <div class='ocr_carea' id='block_1_44' title="bbox 480 2838 2013 2916">
    <p class='ocr_par' dir='ltr' id='par_1_44' title="bbox 480 2838 2013 2916">
     <span class='ocr_line' id='line_1_44' title="bbox 480 2838 2013 2916; baseline 0.01 -30"><span class='ocrx_word' id='word_1_302' title='bbox 480 2844 674 2890; x_wconf 88' lang='lat' dir='ltr'><strong>turum.</strong></span> <span class='ocrx_word' id='word_1_303' title='bbox 727 2838 798 2890; x_wconf 88' lang='lat' dir='ltr'><strong>ita</strong></span> <span class='ocrx_word' id='word_1_304' title='bbox 829 2839 870 2892; x_wconf 88' lang='lat' dir='ltr'><strong>si</strong></span> <span class='ocrx_word' id='word_1_305' title='bbox 901 2838 1062 2892; x_wconf 88' lang='lat' dir='ltr'><strong>libros</strong></span> <span class='ocrx_word' id='word_1_306' title='bbox 1097 2841 1342 2911; x_wconf 87' lang='lat' dir='ltr'><strong>Origenis</strong></span> <span class='ocrx_word' id='word_1_307' title='bbox 1375 2845 1646 2907; x_wconf 88' lang='lat' dir='ltr'><strong>damnare,</strong></span> <span class='ocrx_word' id='word_1_308' title='bbox 1685 2854 1738 2899; x_wconf 89' lang='lat' dir='ltr'><strong>et</strong></span> <span class='ocrx_word' id='word_1_309' title='bbox 1767 2845 2013 2916; x_wconf 87' lang='lat' dir='ltr'><strong>Origeni-</strong></span> 
     </span>
    </p>
   </div>
   <div class='ocr_carea' id='block_1_45' title="bbox 479 2924 2016 3003">
    <p class='ocr_par' dir='ltr' id='par_1_45' title="bbox 479 2924 2016 3003">
     <span class='ocr_line' id='line_1_45' title="bbox 479 2924 2016 3003; baseline 0.009 -25"><span class='ocrx_word' id='word_1_310' title='bbox 479 2937 591 2979; x_wconf 87' lang='lat' dir='ltr'><strong>stas</strong></span> <span class='ocrx_word' id='word_1_311' title='bbox 619 2924 901 2996; x_wconf 64' lang='lat' dir='ltr'><strong>Egyptios</strong></span> <span class='ocrx_word' id='word_1_312' title='bbox 930 2946 957 2982; x_wconf 90' lang='lat' dir='ltr'><strong>a</strong></span> <span class='ocrx_word' id='word_1_313' title='bbox 985 2947 1042 2985; x_wconf 92' lang='lat' dir='ltr'><strong>se</strong></span> <span class='ocrx_word' id='word_1_314' title='bbox 1085 2933 1307 3001; x_wconf 82' lang='lat' dir='ltr'><strong>rejicere</strong></span> <span class='ocrx_word' id='word_1_315' title='bbox 1338 2933 1496 2988; x_wconf 88' lang='lat' dir='ltr'><strong>vellet</strong></span> <span class='ocrx_word' id='word_1_316' title='bbox 1529 2953 1542 2988; x_wconf 89' lang='lat'><strong>:</strong></span> <span class='ocrx_word' id='word_1_317' title='bbox 1577 2937 1716 3003; x_wconf 89' lang='lat' dir='ltr'><strong>quod</strong></span> <span class='ocrx_word' id='word_1_318' title='bbox 1745 2952 1863 2991; x_wconf 89' lang='lat' dir='ltr'><strong>cum</strong></span> <span class='ocrx_word' id='word_1_319' title='bbox 1893 2949 2016 2993; x_wconf 88' lang='lat' dir='ltr'><strong>ante</strong></span> 
     </span>
    </p>
   </div>
   <div class='ocr_carea' id='block_1_46' title="bbox 478 3016 2016 3094">
    <p class='ocr_par' dir='ltr' id='par_1_46' title="bbox 478 3016 2016 3094">
     <span class='ocr_line' id='line_1_46' title="bbox 478 3016 2016 3094; baseline 0.01 -27"><span class='ocrx_word' id='word_1_320' title='bbox 478 3016 908 3083; x_wconf 83' lang='lat' dir='ltr'><strong>disceptationem</strong></span> <span class='ocrx_word' id='word_1_321' title='bbox 935 3037 1105 3076; x_wconf 72' lang='lat' dir='ltr'><strong>cauam</strong></span> <span class='ocrx_word' id='word_1_322' title='bbox 1132 3023 1305 3077; x_wconf 88' lang='lat' dir='ltr'><strong>facere</strong></span> <span class='ocrx_word' id='word_1_323' title='bbox 1326 3035 1600 3079; x_wconf 85' lang='lat' dir='ltr'><strong>recusaret</strong></span> <span class='ocrx_word' id='word_1_324' title='bbox 1627 3025 1876 3088; x_wconf 79' lang='lat' dir='ltr'><strong>Joannes,</strong></span> <span class='ocrx_word' id='word_1_325' title='bbox 1903 3044 2016 3094; x_wconf 89' lang='lat' dir='ltr'><strong>pcr-</strong></span> 
     </span>
    </p>
   </div>
   <div class='ocr_carea' id='block_1_47' title="bbox 477 3109 2016 3179">
    <p class='ocr_par' dir='ltr' id='par_1_47' title="bbox 477 3109 2016 3179">
     <span class='ocr_line' id='line_1_47' title="bbox 477 3109 2016 3179; baseline 0.008 -22"><span class='ocrx_word' id='word_1_326' title='bbox 477 3121 667 3160; x_wconf 86' lang='lat' dir='ltr'><strong>suasus</strong></span> <span class='ocrx_word' id='word_1_327' title='bbox 696 3116 774 3160; x_wconf 88' lang='lat' dir='ltr'><strong>est</strong></span> <span class='ocrx_word' id='word_1_328' title='bbox 803 3109 1124 3178; x_wconf 88' lang='lat' dir='ltr'><strong>Epiphanius</strong></span> <span class='ocrx_word' id='word_1_329' title='bbox 1171 3127 1198 3163; x_wconf 92' lang='lat' dir='ltr'><strong>a</strong></span> <span class='ocrx_word' id='word_1_330' title='bbox 1230 3111 1546 3179; x_wconf 88' lang='lat' dir='ltr'><strong>quibusdam</strong></span> <span class='ocrx_word' id='word_1_331' title='bbox 1575 3113 1791 3168; x_wconf 89' lang='lat' dir='ltr'><strong>Joannis</strong></span> <span class='ocrx_word' id='word_1_332' title='bbox 1828 3119 2016 3169; x_wconf 82' lang='lat' dir='ltr'><strong>adver-</strong></span> 
     </span>
    </p>
   </div>
   <div class='ocr_carea' id='block_1_48' title="bbox 478 3195 2015 3274">
    <p class='ocr_par' dir='ltr' id='par_1_48' title="bbox 478 3195 2015 3274">
     <span class='ocr_line' id='line_1_48' title="bbox 478 3195 2015 3274; baseline 0.008 -30"><span class='ocrx_word' id='word_1_333' title='bbox 478 3195 656 3256; x_wconf 83' lang='lat' dir='ltr'><strong>sariis,</strong></span> <span class='ocrx_word' id='word_1_334' title='bbox 686 3205 742 3248; x_wconf 90' lang='lat' dir='ltr'><strong>at</strong></span> <span class='ocrx_word' id='word_1_335' title='bbox 772 3197 822 3249; x_wconf 92' lang='lat' dir='ltr'><strong>in</strong></span> <span class='ocrx_word' id='word_1_336' title='bbox 852 3201 1100 3264; x_wconf 87' lang='lat' dir='ltr'><strong>templum</strong></span> <span class='ocrx_word' id='word_1_337' title='bbox 1139 3201 1526 3267; x_wconf 84' lang='lat' dir='ltr'><strong>Apostolorum,</strong></span> <span class='ocrx_word' id='word_1_338' title='bbox 1559 3215 1664 3274; x_wconf 79' lang='lat' dir='ltr'><strong>quo</strong></span> <span class='ocrx_word' id='word_1_339' title='bbox 1701 3201 2015 3257; x_wconf 87' lang='lat' dir='ltr'><strong>celebranda</strong></span> 
     </span>
    </p>
   </div>
   <div class='ocr_carea' id='block_1_49' title="bbox 477 3283 2018 3356">
    <p class='ocr_par' dir='ltr' id='par_1_49' title="bbox 477 3283 2018 3356">
     <span class='ocr_line' id='line_1_49' title="bbox 477 3283 2018 3356; baseline 0.008 -21"><span class='ocrx_word' id='word_1_340' title='bbox 477 3294 593 3336; x_wconf 89' lang='lat' dir='ltr'><strong>erat</strong></span> <span class='ocrx_word' id='word_1_341' title='bbox 625 3283 872 3355; x_wconf 80' lang='lat' dir='ltr'><strong>Synaxis,</strong></span> <span class='ocrx_word' id='word_1_342' title='bbox 901 3286 1108 3354; x_wconf 82' lang='lat' dir='ltr'><strong>publiee</strong></span> <span class='ocrx_word' id='word_1_343' title='bbox 1132 3289 1382 3356; x_wconf 85' lang='lat' dir='ltr'><strong>prodiret,</strong></span> <span class='ocrx_word' id='word_1_344' title='bbox 1411 3291 1685 3344; x_wconf 89' lang='lat' dir='ltr'><strong>damnaret</strong></span> <span class='ocrx_word' id='word_1_345' title='bbox 1716 3291 1878 3346; x_wconf 89' lang='lat' dir='ltr'><strong>libros</strong></span> <span class='ocrx_word' id='word_1_346' title='bbox 1905 3293 2018 3349; x_wconf 87' lang='lat' dir='ltr'><strong>Ori-</strong></span> 
     </span>
    </p>
   </div>
   <div class='ocr_carea' id='block_1_50' title="bbox 478 3373 2016 3447">
    <p class='ocr_par' dir='ltr' id='par_1_50' title="bbox 478 3373 2016 3447">
     <span class='ocr_line' id='line_1_50' title="bbox 478 3373 2016 3447; baseline 0.008 -23"><span class='ocrx_word' id='word_1_347' title='bbox 478 3373 626 3440; x_wconf 81' lang='lat' dir='ltr'><strong>genis</strong></span> <span class='ocrx_word' id='word_1_348' title='bbox 654 3389 716 3427; x_wconf 91' lang='lat' dir='ltr'><strong>ac</strong></span> <span class='ocrx_word' id='word_1_349' title='bbox 743 3373 1085 3439; x_wconf 79' lang='lat' dir='ltr'><strong>Origenistas,</strong></span> <span class='ocrx_word' id='word_1_350' title='bbox 1117 3386 1169 3429; x_wconf 85' lang='lat' dir='ltr'><strong>et</strong></span> <span class='ocrx_word' id='word_1_351' title='bbox 1195 3377 1627 3446; x_wconf 83' lang='lat' dir='ltr'><strong>Chrysostomum</strong></span> <span class='ocrx_word' id='word_1_352' title='bbox 1649 3380 1817 3447; x_wconf 87' lang='lat' dir='ltr'><strong>ipsum</strong></span> <span class='ocrx_word' id='word_1_353' title='bbox 1846 3383 2016 3436; x_wconf 69' lang='lat' dir='ltr'><strong>inces~</strong></span> 
     </span>
    </p>
   </div>
   <div class='ocr_carea' id='block_1_51' title="bbox 477 3461 2016 3539">
    <p class='ocr_par' dir='ltr' id='par_1_51' title="bbox 477 3461 2016 3539">
     <span class='ocr_line' id='line_1_51' title="bbox 477 3461 2016 3539; baseline 0.009 -26"><span class='ocrx_word' id='word_1_354' title='bbox 477 3471 638 3514; x_wconf 80' lang='lat' dir='ltr'><strong>seret.</strong></span> <span class='ocrx_word' id='word_1_355' title='bbox 671 3461 735 3515; x_wconf 88' lang='lat' dir='ltr'><strong>Et</strong></span> <span class='ocrx_word' id='word_1_356' title='bbox 765 3462 974 3517; x_wconf 83' lang='lat' dir='ltr'><strong>fecisset</strong></span> <span class='ocrx_word' id='word_1_357' title='bbox 1012 3480 1158 3528; x_wconf 92' lang='lat' dir='ltr'><strong>sane,</strong></span> <span class='ocrx_word' id='word_1_358' title='bbox 1186 3466 1284 3518; x_wconf 88' lang='lat' dir='ltr'><strong>nisi</strong></span> <span class='ocrx_word' id='word_1_359' title='bbox 1307 3467 1417 3533; x_wconf 88' lang='lat' dir='ltr'><strong>jam</strong></span> <span class='ocrx_word' id='word_1_360' title='bbox 1450 3467 1640 3534; x_wconf 89' lang='lat' dir='ltr'><strong>templo</strong></span> <span class='ocrx_word' id='word_1_361' title='bbox 1666 3470 2016 3539; x_wconf 90' lang='lat' dir='ltr'><strong>propinquum</strong></span> 
     </span>
    </p>
   </div>
   <div class='ocr_carea' id='block_1_52' title="bbox 480 3551 2018 3622">
    <p class='ocr_par' dir='ltr' id='par_1_52' title="bbox 480 3551 2018 3622">
     <span class='ocr_line' id='line_1_52' title="bbox 480 3551 2018 3622; baseline 0.01 -21"><span class='ocrx_word' id='word_1_362' title='bbox 480 3551 697 3604; x_wconf 91' lang='lat' dir='ltr'><strong>adiisset</strong></span> <span class='ocrx_word' id='word_1_363' title='bbox 725 3553 979 3619; x_wconf 87' lang='lat' dir='ltr'><strong>Serapion</strong></span> <span class='ocrx_word' id='word_1_364' title='bbox 1033 3557 1286 3607; x_wconf 86' lang='lat' dir='ltr'><strong>diaconus</strong></span> <span class='ocrx_word' id='word_1_365' title='bbox 1329 3569 1357 3607; x_wconf 90' lang='lat' dir='ltr'><strong>a</strong></span> <span class='ocrx_word' id='word_1_366' title='bbox 1391 3555 1592 3609; x_wconf 86' lang='lat' dir='ltr'><strong>Joanne</strong></span> <span class='ocrx_word' id='word_1_367' title='bbox 1639 3560 1850 3622; x_wconf 89' lang='lat' dir='ltr'><strong>missus,</strong></span> <span class='ocrx_word' id='word_1_368' title='bbox 1903 3579 2018 3616; x_wconf 88' lang='lat' dir='ltr'><strong>mo-</strong></span> 
     </span>
    </p>
   </div>
   <div class='ocr_carea' id='block_1_53' title="bbox 478 3638 2018 3711">
    <p class='ocr_par' dir='ltr' id='par_1_53' title="bbox 478 3638 2018 3711">
     <span class='ocr_line' id='line_1_53' title="bbox 478 3638 2018 3711; baseline 0.007 -19"><span class='ocrx_word' id='word_1_369' title='bbox 478 3638 787 3705; x_wconf 86' lang='lat' dir='ltr'><strong>nuissetque</strong></span> <span class='ocrx_word' id='word_1_370' title='bbox 808 3642 1041 3705; x_wconf 92' lang='lat' dir='ltr'><strong>periculo</strong></span> <span class='ocrx_word' id='word_1_371' title='bbox 1091 3643 1254 3708; x_wconf 87' lang='lat' dir='ltr'><strong>ipsius</strong></span> <span class='ocrx_word' id='word_1_372' title='bbox 1302 3643 1556 3707; x_wconf 91' lang='lat' dir='ltr'><strong>futurum,</strong></span> <span class='ocrx_word' id='word_1_373' title='bbox 1593 3644 1633 3698; x_wconf 90' lang='lat' dir='ltr'><strong>si</strong></span> <span class='ocrx_word' id='word_1_374' title='bbox 1669 3646 1805 3711; x_wconf 93' lang='lat' dir='ltr'><strong>quod</strong></span> <span class='ocrx_word' id='word_1_375' title='bbox 1839 3649 2018 3703; x_wconf 90' lang='lat' dir='ltr'><strong>animo</strong></span> 
     </span>
    </p>
   </div>
   <div class='ocr_carea' id='block_1_54' title="bbox 477 3727 2017 3805">
    <p class='ocr_par' dir='ltr' id='par_1_54' title="bbox 477 3727 2017 3805">
     <span class='ocr_line' id='line_1_54' title="bbox 477 3727 2017 3805; baseline 0.005 -23"><span class='ocrx_word' id='word_1_376' title='bbox 477 3727 856 3793; x_wconf 87' lang='lat' dir='ltr'><strong>destinaverat,</strong></span> <span class='ocrx_word' id='word_1_377' title='bbox 891 3730 1060 3798; x_wconf 89' lang='lat' dir='ltr'><strong>reipsa</strong></span> <span class='ocrx_word' id='word_1_378' title='bbox 1098 3739 1402 3797; x_wconf 64' lang='lat' dir='ltr'><strong>prmstaret;</strong></span> <span class='ocrx_word' id='word_1_379' title='bbox 1432 3731 1497 3783; x_wconf 90' lang='lat' dir='ltr'><strong>ad</strong></span> <span class='ocrx_word' id='word_1_380' title='bbox 1525 3732 1834 3787; x_wconf 86' lang='lat' dir='ltr'><strong>seditionem</strong></span> <span class='ocrx_word' id='word_1_381' title='bbox 1859 3738 2017 3805; x_wconf 89' lang='lat' dir='ltr'><strong>quip-</strong></span> 
     </span>
    </p>
   </div>
   <div class='ocr_carea' id='block_1_55' title="bbox 479 3819 2018 3892">
    <p class='ocr_par' dir='ltr' id='par_1_55' title="bbox 479 3819 2018 3892">
     <span class='ocr_line' id='line_1_55' title="bbox 479 3819 2018 3892; baseline 0.008 -22"><span class='ocrx_word' id='word_1_382' title='bbox 479 3831 546 3885; x_wconf 91' lang='lat' dir='ltr'><strong>pe</strong></span> <span class='ocrx_word' id='word_1_383' title='bbox 569 3832 679 3871; x_wconf 90' lang='lat' dir='ltr'><strong>rem</strong></span> <span class='ocrx_word' id='word_1_384' title='bbox 705 3826 962 3884; x_wconf 82' lang='lat' dir='ltr'><strong>spectare.</strong></span> <span class='ocrx_word' id='word_1_385' title='bbox 994 3819 1364 3874; x_wconf 86' lang='lat' dir='ltr'><strong>Admonitione</strong></span> <span class='ocrx_word' id='word_1_386' title='bbox 1387 3822 1670 3877; x_wconf 87' lang='lat' dir='ltr'><strong>deterritus</strong></span> <span class='ocrx_word' id='word_1_387' title='bbox 1698 3823 2018 3892; x_wconf 87' lang='lat' dir='ltr'><strong>Epiphanius</strong></span> 
     </span>
    </p>
   </div>
   <div class='ocr_carea' id='block_1_56' title="bbox 479 3907 878 3973">
    <p class='ocr_par' dir='ltr' id='par_1_56' title="bbox 479 3907 878 3973">
     <span class='ocr_line' id='line_1_56' title="bbox 479 3907 878 3973; baseline 0.005 -14"><span class='ocrx_word' id='word_1_388' title='bbox 479 3907 660 3973; x_wconf 88' lang='lat' dir='ltr'><strong>pedem</strong></span> <span class='ocrx_word' id='word_1_389' title='bbox 689 3907 878 3961; x_wconf 87' lang='lat' dir='ltr'><strong>retulit.</strong></span> 
     </span>
    </p>
   </div>
   <div class='ocr_carea' id='block_1_57' title="bbox 549 3994 2014 4068">
    <p class='ocr_par' dir='ltr' id='par_1_57' title="bbox 549 3994 2014 4068">
     <span class='ocr_line' id='line_1_57' title="bbox 549 3994 2014 4068; baseline 0.01 -21"><span class='ocrx_word' id='word_1_390' title='bbox 549 3994 680 4048; x_wconf 76' lang='lat' dir='ltr'>XIII.</span> <span class='ocrx_word' id='word_1_391' title='bbox 711 3996 863 4050; x_wconf 87' lang='lat' dir='ltr'><strong>Circa</strong></span> <span class='ocrx_word' id='word_1_392' title='bbox 900 3998 1036 4051; x_wconf 91' lang='lat' dir='ltr'><strong>idem</strong></span> <span class='ocrx_word' id='word_1_393' title='bbox 1073 4008 1276 4068; x_wconf 90' lang='lat' dir='ltr'><strong>tempus</strong></span> <span class='ocrx_word' id='word_1_394' title='bbox 1308 4001 1449 4055; x_wconf 90' lang='lat' dir='ltr'><strong>hunc</strong></span> <span class='ocrx_word' id='word_1_395' title='bbox 1483 4003 1624 4056; x_wconf 91' lang='lat' dir='ltr'><strong>inter</strong></span> <span class='ocrx_word' id='word_1_396' title='bbox 1647 4012 1696 4056; x_wconf 93' lang='lat' dir='ltr'><strong>et</strong></span> <span class='ocrx_word' id='word_1_397' title='bbox 1725 4003 2014 4060; x_wconf 82' lang='lat' dir='ltr'><strong>Eudoxiam</strong></span> 
     </span>
    </p>
   </div>
   <div class='ocr_carea' id='block_1_58' title="bbox 480 4087 2018 4160">
    <p class='ocr_par' dir='ltr' id='par_1_58' title="bbox 480 4087 2018 4160">
     <span class='ocr_line' id='line_1_58' title="bbox 480 4087 2018 4160; baseline 0.007 -22"><span class='ocrx_word' id='word_1_398' title='bbox 480 4087 721 4154; x_wconf 80' lang='lat' dir='ltr'><strong>simultas</strong></span> <span class='ocrx_word' id='word_1_399' title='bbox 750 4087 1078 4139; x_wconf 82' lang='lat' dir='ltr'><strong>intervenit:</strong></span> <span class='ocrx_word' id='word_1_400' title='bbox 1128 4103 1338 4142; x_wconf 82' lang='lat' dir='ltr'><strong>causam</strong></span> <span class='ocrx_word' id='word_1_401' title='bbox 1383 4090 1529 4144; x_wconf 90' lang='lat' dir='ltr'><strong>varie</strong></span> <span class='ocrx_word' id='word_1_402' title='bbox 1563 4092 1852 4160; x_wconf 83' lang='lat' dir='ltr'><strong>scriptores</strong></span> <span class='ocrx_word' id='word_1_403' title='bbox 1890 4111 2018 4148; x_wconf 78' lang='lat' dir='ltr'><strong>nar-</strong></span> 
     </span>
    </p>
   </div>
   <div class='ocr_carea' id='block_1_59' title="bbox 479 4177 2014 4247">
    <p class='ocr_par' dir='ltr' id='par_1_59' title="bbox 479 4177 2014 4247">
     <span class='ocr_line' id='line_1_59' title="bbox 479 4177 2014 4247; baseline 0.007 -19"><span class='ocrx_word' id='word_1_404' title='bbox 479 4187 619 4230; x_wconf 86' lang='lat' dir='ltr'><strong>rant.</strong></span> <span class='ocrx_word' id='word_1_405' title='bbox 666 4177 914 4230; x_wconf 89' lang='lat' dir='ltr'><strong>Scribunt</strong></span> <span class='ocrx_word' id='word_1_406' title='bbox 965 4179 1071 4233; x_wconf 85' lang='lat' dir='ltr'><strong>Leo</strong></span> <span class='ocrx_word' id='word_1_407' title='bbox 1124 4179 1408 4247; x_wconf 87' lang='lat' dir='ltr'><strong>imperator</strong></span> <span class='ocrx_word' id='word_1_408' title='bbox 1467 4191 1518 4233; x_wconf 91' lang='lat' dir='ltr'><strong>et</strong></span> <span class='ocrx_word' id='word_1_409' title='bbox 1563 4181 1775 4236; x_wconf 90' lang='lat' dir='ltr'><strong>Simeon</strong></span> <span class='ocrx_word' id='word_1_410' title='bbox 1845 4183 2014 4238; x_wconf 84' lang='lat' dir='ltr'><strong>Meta-</strong></span> 
     </span>
    </p>
   </div>
   <div class='ocr_carea' id='block_1_60' title="bbox 483 4267 2014 4338">
    <p class='ocr_par' dir='ltr' id='par_1_60' title="bbox 483 4267 2014 4338">
     <span class='ocr_line' id='line_1_60' title="bbox 483 4267 2014 4338; baseline 0.008 -21"><span class='ocrx_word' id='word_1_411' title='bbox 483 4267 724 4332; x_wconf 83' lang='lat' dir='ltr'><strong>phrastes</strong></span> <span class='ocrx_word' id='word_1_412' title='bbox 771 4268 1058 4322; x_wconf 82' lang='lat' dir='ltr'><strong>Eudoxiam</strong></span> <span class='ocrx_word' id='word_1_413' title='bbox 1108 4271 1422 4338; x_wconf 82' lang='lat' dir='ltr'><strong>Augustam,</strong></span> <span class='ocrx_word' id='word_1_414' title='bbox 1471 4272 1689 4326; x_wconf 89' lang='lat' dir='ltr'><strong>inimico</strong></span> <span class='ocrx_word' id='word_1_415' title='bbox 1725 4282 1780 4326; x_wconf 91' lang='lat' dir='ltr'><strong>ut</strong></span> <span class='ocrx_word' id='word_1_416' title='bbox 1813 4284 1930 4328; x_wconf 87' lang='lat' dir='ltr'><strong>erat</strong></span> <span class='ocrx_word' id='word_1_417' title='bbox 1963 4277 2014 4331; x_wconf 91' lang='lat' dir='ltr'><strong>in</strong></span> 
     </span>
    </p>
   </div>
   <div class='ocr_carea' id='block_1_61' title="bbox 483 4354 2016 4433">
    <p class='ocr_par' dir='ltr' id='par_1_61' title="bbox 483 4354 2016 4433">
     <span class='ocr_line' id='line_1_61' title="bbox 483 4354 2016 4433; baseline 0.01 -29"><span class='ocrx_word' id='word_1_418' title='bbox 483 4354 914 4421; x_wconf 73' lang='lat' dir='ltr'><strong>Cltrysostovnum</strong></span> <span class='ocrx_word' id='word_1_419' title='bbox 959 4359 1156 4424; x_wconf 89' lang='lat' dir='ltr'><strong>animo,</strong></span> <span class='ocrx_word' id='word_1_420' title='bbox 1189 4359 1360 4427; x_wconf 83' lang='lat' dir='ltr'><strong>ipsum</strong></span> <span class='ocrx_word' id='word_1_421' title='bbox 1411 4360 1673 4415; x_wconf 69' lang='lat' dir='ltr'><strong>haereseos</strong></span> <span class='ocrx_word' id='word_1_422' title='bbox 1716 4365 1851 4429; x_wconf 87' lang='lat' dir='ltr'><strong>apud</strong></span> <span class='ocrx_word' id='word_1_423' title='bbox 1894 4365 2016 4433; x_wconf 75' lang='lat' dir='ltr'><strong>Epi~</strong></span> 
     </span>
    </p>
   </div>
   <div class='ocr_carea' id='block_1_62' title="bbox 485 4440 3006 4526">
    <p class='ocr_par' dir='ltr' id='par_1_62' title="bbox 485 4440 3006 4526">
     <span class='ocr_line' id='line_1_62' title="bbox 485 4440 3006 4526; baseline 0.012 -36"><span class='ocrx_word' id='word_1_424' title='bbox 485 4440 733 4503; x_wconf 89' lang='lat' dir='ltr'><strong>phanium</strong></span> <span class='ocrx_word' id='word_1_425' title='bbox 780 4461 1064 4498; x_wconf 78' lang='lat' dir='ltr'><strong>accusasse</strong></span> <span class='ocrx_word' id='word_1_426' title='bbox 1100 4464 1114 4511; x_wconf 94' lang='lat'><strong>;</strong></span> <span class='ocrx_word' id='word_1_427' title='bbox 1181 4446 1472 4514; x_wconf 86' lang='lat' dir='ltr'><strong>postulasse</strong></span> <span class='ocrx_word' id='word_1_428' title='bbox 1527 4447 1895 4515; x_wconf 85' lang='lat' dir='ltr'><strong>Epiphaniam,</strong></span> <span class='ocrx_word' id='word_1_429' title='bbox 1955 4463 2012 4505; x_wconf 92' lang='lat' dir='ltr'><strong>ut</strong></span> <span class='ocrx_word' id='word_1_430' title='bbox 2045 4472 2088 4526; x_wconf 74' lang='grc' dir='ltr'><strong>ο</strong></span> <span class='ocrx_word' id='word_1_431' title='bbox 2117 4460 2192 4502; x_wconf 86' lang='lat' dir='ltr'><strong>set</strong></span> <span class='ocrx_word' id='word_1_432' title='bbox 2219 4469 2234 4516; x_wconf 92' lang='lat'><strong>;</strong></span> <span class='ocrx_word' id='word_1_433' title='bbox 2267 4453 2349 4505; x_wconf 89' lang='lat' dir='ltr'><strong>sin</strong></span> <span class='ocrx_word' id='word_1_434' title='bbox 2380 4455 2493 4521; x_wconf 90' lang='lat' dir='ltr'><strong>ipsa</strong></span> <span class='ocrx_word' id='word_1_435' title='bbox 2521 4457 2589 4508; x_wconf 87' lang='lat' dir='ltr'><strong>ad</strong></span> <span class='ocrx_word' id='word_1_436' title='bbox 2622 4459 3006 4520; x_wconf 84' lang='lat' dir='ltr'><strong>ulciscendas</strong></span> 
     </span>
    </p>
   </div>
   <div class='ocr_carea' id='block_1_63' title="bbox 483 4532 2013 4608">
    <p class='ocr_par' dir='ltr' id='par_1_63' title="bbox 483 4532 2013 4608">
     <span class='ocr_line' id='line_1_63' title="bbox 483 4532 2013 4608; baseline 0.009 -28"><span class='ocrx_word' id='word_1_437' title='bbox 483 4541 698 4580; x_wconf 88' lang='lat' dir='ltr'><strong>causam</strong></span> <span class='ocrx_word' id='word_1_438' title='bbox 745 4532 981 4588; x_wconf 87' lang='lat' dir='ltr'><strong>dicturus</strong></span> <span class='ocrx_word' id='word_1_439' title='bbox 1029 4535 1256 4589; x_wconf 88' lang='lat' dir='ltr'><strong>Joannes</strong></span> <span class='ocrx_word' id='word_1_440' title='bbox 1296 4546 1683 4599; x_wconf 86' lang='lat' dir='ltr'><strong>accerseretur,</strong></span> <span class='ocrx_word' id='word_1_441' title='bbox 1717 4553 1775 4590; x_wconf 88' lang='lat' dir='ltr'><strong>se</strong></span> <span class='ocrx_word' id='word_1_442' title='bbox 1817 4539 2013 4608; x_wconf 88' lang='lat' dir='ltr'><strong>alioqui</strong></span> 
     </span>
    </p>
   </div>
   <div class='ocr_carea' id='block_1_64' title="bbox 483 4616 2015 4700">
    <p class='ocr_par' dir='ltr' id='par_1_64' title="bbox 483 4616 2015 4700">
     <span class='ocr_line' id='line_1_64' title="bbox 483 4616 2015 4700; baseline 0.01 -32"><span class='ocrx_word' id='word_1_443' title='bbox 483 4616 700 4668; x_wconf 89' lang='lat' dir='ltr'><strong>minime</strong></span> <span class='ocrx_word' id='word_1_444' title='bbox 755 4634 1136 4690; x_wconf 85' lang='lat' dir='ltr'><strong>assensurum;</strong></span> <span class='ocrx_word' id='word_1_445' title='bbox 1183 4626 1248 4677; x_wconf 91' lang='lat' dir='ltr'><strong>ad</strong></span> <span class='ocrx_word' id='word_1_446' title='bbox 1297 4625 1406 4678; x_wconf 68' lang='lat' dir='ltr'><strong>haec</strong></span> <span class='ocrx_word' id='word_1_447' title='bbox 1461 4625 1782 4680; x_wconf 78' lang='lat' dir='ltr'><strong>exclamasse</strong></span> <span class='ocrx_word' id='word_1_448' title='bbox 1838 4628 2015 4700; x_wconf 82' lang='lat' dir='ltr'><strong>Augu-</strong></span> 
     </span>
    </p>
   </div>
   <div class='ocr_carea' id='block_1_65' title="bbox 485 4707 2006 4784">
    <p class='ocr_par' dir='ltr' id='par_1_65' title="bbox 485 4707 2006 4784">
     <span class='ocr_line' id='line_1_65' title="bbox 485 4707 2006 4784; baseline 0.009 -24"><span class='ocrx_word' id='word_1_449' title='bbox 485 4714 640 4769; x_wconf 82' lang='lat' dir='ltr'><strong>stam,</strong></span> <span class='ocrx_word' id='word_1_450' title='bbox 673 4709 716 4760; x_wconf 90' lang='lat' dir='ltr'><strong>si</strong></span> <span class='ocrx_word' id='word_1_451' title='bbox 741 4707 960 4764; x_wconf 90' lang='lat' dir='ltr'><strong>Joannis</strong></span> <span class='ocrx_word' id='word_1_452' title='bbox 993 4715 1212 4767; x_wconf 81' lang='lat' dir='ltr'><strong>exitium</strong></span> <span class='ocrx_word' id='word_1_453' title='bbox 1248 4715 1568 4784; x_wconf 89' lang='lat' dir='ltr'><strong>interpellet,</strong></span> <span class='ocrx_word' id='word_1_454' title='bbox 1602 4731 1717 4770; x_wconf 89' lang='lat' dir='ltr'><strong>sese</strong></span> <span class='ocrx_word' id='word_1_455' title='bbox 1749 4717 2006 4773; x_wconf 89' lang='lat' dir='ltr'><strong>idolorum</strong></span> 
     </span>
    </p>
   </div>
   <div class='ocr_carea' id='block_1_66' title="bbox 485 4793 2012 4872">
    <p class='ocr_par' dir='ltr' id='par_1_66' title="bbox 485 4793 2012 4872">
     <span class='ocr_line' id='line_1_66' title="bbox 485 4793 2012 4872; baseline 0.008 -24"><span class='ocrx_word' id='word_1_456' title='bbox 485 4793 683 4848; x_wconf 84' lang='lat' dir='ltr'><strong>cultum</strong></span> <span class='ocrx_word' id='word_1_457' title='bbox 718 4797 1115 4864; x_wconf 90' lang='lat' dir='ltr'><strong>restituturam;</strong></span> <span class='ocrx_word' id='word_1_458' title='bbox 1151 4817 1255 4868; x_wconf 89' lang='lat' dir='ltr'><strong>quo</strong></span> <span class='ocrx_word' id='word_1_459' title='bbox 1290 4803 1470 4856; x_wconf 90' lang='lat' dir='ltr'><strong>audito</strong></span> <span class='ocrx_word' id='word_1_460' title='bbox 1505 4803 1685 4858; x_wconf 90' lang='lat' dir='ltr'><strong>dolore</strong></span> <span class='ocrx_word' id='word_1_461' title='bbox 1709 4805 2012 4872; x_wconf 85' lang='lat' dir='ltr'><strong>perculsum</strong></span> 
     </span>
    </p>
   </div>
   <div class='ocr_carea' id='block_1_67' title="bbox 483 4884 2010 4961">
    <p class='ocr_par' dir='ltr' id='par_1_67' title="bbox 483 4884 2010 4961">
     <span class='ocr_line' id='line_1_67' title="bbox 483 4884 2010 4961; baseline 0.01 -25"><span class='ocrx_word' id='word_1_462' title='bbox 483 4884 830 4952; x_wconf 87' lang='lat' dir='ltr'><strong>Epiphaniam</strong></span> <span class='ocrx_word' id='word_1_463' title='bbox 860 4884 988 4939; x_wconf 82' lang='lat' dir='ltr'><strong>fusis</strong></span> <span class='ocrx_word' id='word_1_464' title='bbox 1026 4888 1269 4958; x_wconf 82' lang='lat' dir='ltr'><strong>lacrymis</strong></span> <span class='ocrx_word' id='word_1_465' title='bbox 1319 4891 1772 4961; x_wconf 88' lang='lat' dir='ltr'><strong>Constantinopoli</strong></span> <span class='ocrx_word' id='word_1_466' title='bbox 1824 4909 2010 4951; x_wconf 83' lang='lat' dir='ltr'><strong>exces-</strong></span> 
     </span>
    </p>
   </div>
   <div class='ocr_carea' id='block_1_68' title="bbox 484 4973 2014 5047">
    <p class='ocr_par' dir='ltr' id='par_1_68' title="bbox 484 4973 2014 5047">
     <span class='ocr_line' id='line_1_68' title="bbox 484 4973 2014 5047; baseline 0.007 -21"><span class='ocrx_word' id='word_1_467' title='bbox 484 4975 638 5028; x_wconf 86' lang='lat' dir='ltr'><strong>sisse.</strong></span> <span class='ocrx_word' id='word_1_468' title='bbox 683 4973 749 5027; x_wconf 85' lang='lat' dir='ltr'><strong>At</strong></span> <span class='ocrx_word' id='word_1_469' title='bbox 787 4973 992 5025; x_wconf 87' lang='lat' dir='ltr'><strong>diversa</strong></span> <span class='ocrx_word' id='word_1_470' title='bbox 1028 4975 1185 5029; x_wconf 88' lang='lat' dir='ltr'><strong>habet</strong></span> <span class='ocrx_word' id='word_1_471' title='bbox 1231 4979 1556 5035; x_wconf 85' lang='lat' dir='ltr'><strong>Sozomenus</strong></span> <span class='ocrx_word' id='word_1_472' title='bbox 1594 4999 1609 5047; x_wconf 90' lang='lat'><strong>;</strong></span> <span class='ocrx_word' id='word_1_473' title='bbox 1664 4983 1714 5034; x_wconf 92' lang='lat' dir='ltr'><strong>in</strong></span> <span class='ocrx_word' id='word_1_474' title='bbox 1771 4985 2014 5037; x_wconf 88' lang='lat' dir='ltr'><strong>morbum</strong></span> 
     </span>
    </p>
   </div>
   <div class='ocr_carea' id='block_1_69' title="bbox 485 5064 2012 5134">
    <p class='ocr_par' dir='ltr' id='par_1_69' title="bbox 485 5064 2012 5134">
     <span class='ocr_line' id='line_1_69' title="bbox 485 5064 2012 5134; baseline 0.005 -16"><span class='ocrx_word' id='word_1_475' title='bbox 485 5064 1096 5128; x_wconf 89' lang='lat' dir='ltr'><strong>iacidisseimperatoris</strong></span> <span class='ocrx_word' id='word_1_476' title='bbox 1128 5065 1342 5119; x_wconf 83' lang='lat' dir='ltr'><strong>filiolum</strong></span> <span class='ocrx_word' id='word_1_477' title='bbox 1370 5086 1382 5130; x_wconf 89' lang='lat'><strong>;</strong></span> <span class='ocrx_word' id='word_1_478' title='bbox 1414 5068 1570 5134; x_wconf 82' lang='lat' dir='ltr'><strong>hujus</strong></span> <span class='ocrx_word' id='word_1_479' title='bbox 1592 5071 1712 5123; x_wconf 70' lang='lat' dir='ltr'><strong>vita:</strong></span> <span class='ocrx_word' id='word_1_480' title='bbox 1743 5073 2012 5127; x_wconf 88' lang='lat' dir='ltr'><strong>timentem</strong></span> 
     </span>
    </p>
   </div>
   <div class='ocr_carea' id='block_1_70' title="bbox 489 5154 2016 5229">
    <p class='ocr_par' dir='ltr' id='par_1_70' title="bbox 489 5154 2016 5229">
     <span class='ocr_line' id='line_1_70' title="bbox 489 5154 2016 5229; baseline 0.006 -23"><span class='ocrx_word' id='word_1_481' title='bbox 489 5154 878 5222; x_wconf 89' lang='lat' dir='ltr'><strong>imperatricem</strong></span> <span class='ocrx_word' id='word_1_482' title='bbox 926 5166 1142 5216; x_wconf 84' lang='lat' dir='ltr'><strong>rogasse</strong></span> <span class='ocrx_word' id='word_1_483' title='bbox 1176 5154 1526 5222; x_wconf 86' lang='lat' dir='ltr'><strong>Epiphaniam</strong></span> <span class='ocrx_word' id='word_1_484' title='bbox 1575 5168 1632 5213; x_wconf 91' lang='lat' dir='ltr'><strong>ut</strong></span> <span class='ocrx_word' id='word_1_485' title='bbox 1683 5175 1777 5229; x_wconf 91' lang='lat' dir='ltr'><strong>pro</strong></span> <span class='ocrx_word' id='word_1_486' title='bbox 1810 5175 1874 5212; x_wconf 87' lang='lat' dir='ltr'><strong>eo</strong></span> <span class='ocrx_word' id='word_1_487' title='bbox 1897 5177 2016 5215; x_wconf 89' lang='lat' dir='ltr'><strong>ora-</strong></span> 
     </span>
    </p>
   </div>
   <div class='ocr_carea' id='block_1_71' title="bbox 489 5241 2017 5313">
    <p class='ocr_par' dir='ltr' id='par_1_71' title="bbox 489 5241 2017 5313">
     <span class='ocr_line' id='line_1_71' title="bbox 489 5241 2017 5313; baseline 0.005 -16"><span class='ocrx_word' id='word_1_488' title='bbox 489 5254 567 5299; x_wconf 83' lang='lat' dir='ltr'><strong>ret</strong></span> <span class='ocrx_word' id='word_1_489' title='bbox 595 5262 610 5310; x_wconf 91' lang='lat'><strong>;</strong></span> <span class='ocrx_word' id='word_1_490' title='bbox 644 5243 732 5313; x_wconf 92' lang='lat' dir='ltr'><strong>qui</strong></span> <span class='ocrx_word' id='word_1_491' title='bbox 762 5258 881 5298; x_wconf 90' lang='lat' dir='ltr'><strong>cum</strong></span> <span class='ocrx_word' id='word_1_492' title='bbox 923 5241 1154 5295; x_wconf 91' lang='lat' dir='ltr'><strong>futurum</strong></span> <span class='ocrx_word' id='word_1_493' title='bbox 1185 5244 1492 5311; x_wconf 87' lang='lat' dir='ltr'><strong>recepisset,</strong></span> <span class='ocrx_word' id='word_1_494' title='bbox 1521 5258 1580 5300; x_wconf 82' lang='lat' dir='ltr'><strong>ut</strong></span> <span class='ocrx_word' id='word_1_495' title='bbox 1623 5251 2017 5306; x_wconf 90' lang='lat' dir='ltr'><strong>convalesceret</strong></span> 
     </span>
    </p>
   </div>
   <div class='ocr_carea' id='block_1_72' title="bbox 489 5329 2020 5404">
    <p class='ocr_par' dir='ltr' id='par_1_72' title="bbox 489 5329 2020 5404">
     <span class='ocr_line' id='line_1_72' title="bbox 489 5329 2020 5404; baseline 0.004 -18"><span class='ocrx_word' id='word_1_496' title='bbox 489 5331 651 5396; x_wconf 83' lang='lat' dir='ltr'><strong>tilias,</strong></span> <span class='ocrx_word' id='word_1_497' title='bbox 685 5335 727 5388; x_wconf 91' lang='lat' dir='ltr'><strong>si</strong></span> <span class='ocrx_word' id='word_1_498' title='bbox 753 5333 818 5386; x_wconf 90' lang='lat' dir='ltr'><strong>ab</strong></span> <span class='ocrx_word' id='word_1_499' title='bbox 851 5329 1274 5400; x_wconf 88' lang='lat' dir='ltr'><strong>Origenistarum</strong></span> <span class='ocrx_word' id='word_1_500' title='bbox 1301 5333 1540 5397; x_wconf 89' lang='lat' dir='ltr'><strong>partibus</strong></span> <span class='ocrx_word' id='word_1_501' title='bbox 1560 5335 1646 5388; x_wconf 90' lang='lat' dir='ltr'><strong>illa</strong></span> <span class='ocrx_word' id='word_1_502' title='bbox 1678 5337 2020 5404; x_wconf 87' lang='lat' dir='ltr'><strong>descisceret,</strong></span> 
     </span>
    </p>
   </div>
   <div class='ocr_carea' id='block_1_73' title="bbox 491 5418 2022 5491">
    <p class='ocr_par' dir='ltr' id='par_1_73' title="bbox 491 5418 2022 5491">
     <span class='ocr_line' id='line_1_73' title="bbox 491 5418 2022 5491; baseline 0.005 -18"><span class='ocrx_word' id='word_1_503' title='bbox 491 5423 824 5489; x_wconf 84' lang='lat' dir='ltr'><strong>respondisse</strong></span> <span class='ocrx_word' id='word_1_504' title='bbox 876 5423 1166 5488; x_wconf 80' lang='lat' dir='ltr'><strong>Augustam</strong></span> <span class='ocrx_word' id='word_1_505' title='bbox 1221 5433 1235 5469; x_wconf 89' lang='lat'><strong>:</strong></span> <span class='ocrx_word' id='word_1_506' title='bbox 1305 5418 1360 5470; x_wconf 91' lang='lat' dir='ltr'><strong>In</strong></span> <span class='ocrx_word' id='word_1_507' title='bbox 1414 5420 1504 5474; x_wconf 88' lang='lat' dir='ltr'><strong>Dei</strong></span> <span class='ocrx_word' id='word_1_508' title='bbox 1569 5433 1834 5491; x_wconf 90' lang='lat' dir='ltr'><strong>potestate</strong></span> <span class='ocrx_word' id='word_1_509' title='bbox 1883 5427 2022 5482; x_wconf 84' lang='lat' dir='ltr'><strong>tilias</strong></span> 
     </span>
    </p>
   </div>
   <div class='ocr_carea' id='block_1_74' title="bbox 491 5505 2018 5576">
    <p class='ocr_par' dir='ltr' id='par_1_74' title="bbox 491 5505 2018 5576">
     <span class='ocr_line' id='line_1_74' title="bbox 491 5505 2018 5576; baseline 0.007 -16"><span class='ocrx_word' id='word_1_510' title='bbox 491 5523 642 5562; x_wconf 88' lang='lat' dir='ltr'><strong>meus</strong></span> <span class='ocrx_word' id='word_1_511' title='bbox 667 5520 782 5572; x_wconf 86' lang='lat' dir='ltr'><strong>est;</strong></span> <span class='ocrx_word' id='word_1_512' title='bbox 815 5522 868 5563; x_wconf 93' lang='lat' dir='ltr'><strong>tu</strong></span> <span class='ocrx_word' id='word_1_513' title='bbox 904 5524 1048 5573; x_wconf 89' lang='lat' dir='ltr'><strong>vero,</strong></span> <span class='ocrx_word' id='word_1_514' title='bbox 1084 5505 1364 5576; x_wconf 85' lang='lat' dir='ltr'><strong>Epiphani,</strong></span> <span class='ocrx_word' id='word_1_515' title='bbox 1401 5507 1442 5559; x_wconf 93' lang='lat' dir='ltr'><strong>si</strong></span> <span class='ocrx_word' id='word_1_516' title='bbox 1475 5518 1708 5564; x_wconf 84' lang='lat' dir='ltr'><strong>mortuos</strong></span> <span class='ocrx_word' id='word_1_517' title='bbox 1751 5513 1815 5564; x_wconf 87' lang='lat' dir='ltr'><strong>ad</strong></span> <span class='ocrx_word' id='word_1_518' title='bbox 1857 5516 2018 5570; x_wconf 86' lang='lat' dir='ltr'><strong>vitam</strong></span> 
     </span>
    </p>
   </div>
   <div class='ocr_carea' id='block_1_75' title="bbox 491 5595 2023 5668">
    <p class='ocr_par' dir='ltr' id='par_1_75' title="bbox 491 5595 2023 5668">
     <span class='ocr_line' id='line_1_75' title="bbox 491 5595 2023 5668; baseline 0.008 -20"><span class='ocrx_word' id='word_1_519' title='bbox 491 5609 744 5653; x_wconf 84' lang='lat' dir='ltr'><strong>revocare</strong></span> <span class='ocrx_word' id='word_1_520' title='bbox 777 5615 979 5668; x_wconf 87' lang='lat' dir='ltr'><strong>posses,</strong></span> <span class='ocrx_word' id='word_1_521' title='bbox 1023 5599 1326 5667; x_wconf 81' lang='lat' dir='ltr'><strong>neutiquam</strong></span> <span class='ocrx_word' id='word_1_522' title='bbox 1355 5595 1573 5649; x_wconf 81' lang='lat' dir='ltr'><strong>obiissct</strong></span> <span class='ocrx_word' id='word_1_523' title='bbox 1612 5607 1732 5653; x_wconf 91' lang='lat' dir='ltr'><strong>tuus</strong></span> <span class='ocrx_word' id='word_1_524' title='bbox 1757 5603 2023 5660; x_wconf 90' lang='lat' dir='ltr'><strong>archidia-</strong></span> 
     </span>
    </p>
   </div>
   <div class='ocr_carea' id='block_1_76' title="bbox 503 5687 2026 5762">
    <p class='ocr_par' dir='ltr' id='par_1_76' title="bbox 503 5687 2026 5762">
     <span class='ocr_line' id='line_1_76' title="bbox 503 5687 2026 5762; baseline 0.008 -27"><span class='ocrx_word' id='word_1_525' title='bbox 503 5697 709 5745; x_wconf 81' lang='lat' dir='ltr'><strong>conus;</strong></span> <span class='ocrx_word' id='word_1_526' title='bbox 743 5689 932 5745; x_wconf 82' lang='lat' dir='ltr'><strong>missos</strong></span> <span class='ocrx_word' id='word_1_527' title='bbox 969 5690 1152 5746; x_wconf 84' lang='lat' dir='ltr'><strong>eodem</strong></span> <span class='ocrx_word' id='word_1_528' title='bbox 1196 5697 1429 5754; x_wconf 87' lang='lat' dir='ltr'><strong>tempore</strong></span> <span class='ocrx_word' id='word_1_529' title='bbox 1475 5687 1540 5740; x_wconf 65' lang='lat' dir='ltr'><strong>ait</strong></span> <span class='ocrx_word' id='word_1_530' title='bbox 1573 5687 1801 5741; x_wconf 74' lang='lat' dir='ltr'><strong>Eudoxia</strong></span> <span class='ocrx_word' id='word_1_531' title='bbox 1839 5691 2026 5762; x_wconf 80' lang='lat' dir='ltr'><strong>Orige-</strong></span> 
     </span>
    </p>
   </div>
   <div class='ocr_carea' id='block_1_77' title="bbox 2109 1937 3874 2012">
    <p class='ocr_par' dir='ltr' id='par_1_77' title="bbox 2109 1937 3874 2012">
     <span class='ocr_line' id='line_1_77' title="bbox 2109 1937 3874 2012; baseline -0.005 -13"><span class='ocrx_word' id='word_1_532' title='bbox 2109 1945 2220 2012; x_wconf 82' lang='lat' dir='ltr'><strong>jam</strong></span> <span class='ocrx_word' id='word_1_533' title='bbox 2265 1953 2410 1998; x_wconf 90' lang='lat' dir='ltr'><strong>esset</strong></span> <span class='ocrx_word' id='word_1_534' title='bbox 2450 1955 2654 2010; x_wconf 88' lang='lat' dir='ltr'><strong>magno</strong></span> <span class='ocrx_word' id='word_1_535' title='bbox 2694 1950 2863 1994; x_wconf 89' lang='lat' dir='ltr'><strong>natu.</strong></span> <span class='ocrx_word' id='word_1_536' title='bbox 2928 1939 3107 1992; x_wconf 86' lang='lat' dir='ltr'><strong>Fato</strong></span> <span class='ocrx_word' id='word_1_537' title='bbox 3175 1952 3458 2008; x_wconf 88' lang='lat' dir='ltr'><strong>quoque</strong></span> <span class='ocrx_word' id='word_1_538' title='bbox 3512 1937 3751 1992; x_wconf 91' lang='lat' dir='ltr'><strong>circiter</strong></span> <span class='ocrx_word' id='word_1_539' title='bbox 3786 1937 3874 1992; x_wconf 84' lang='lat' dir='ltr'><strong>hoc</strong></span> 
     </span>
    </p>
   </div>
   <div class='ocr_carea' id='block_1_78' title="bbox 2119 2028 3875 2102">
    <p class='ocr_par' dir='ltr' id='par_1_78' title="bbox 2119 2028 3875 2102">
     <span class='ocr_line' id='line_1_78' title="bbox 2119 2028 3875 2102; baseline -0.003 -16"><span class='ocrx_word' id='word_1_540' title='bbox 2119 2043 2328 2102; x_wconf 90' lang='lat' dir='ltr'><strong>tempus</strong></span> <span class='ocrx_word' id='word_1_541' title='bbox 2353 2033 2620 2087; x_wconf 81' lang='lat' dir='ltr'><strong>exstincti</strong></span> <span class='ocrx_word' id='word_1_542' title='bbox 2659 2040 2801 2084; x_wconf 92' lang='lat' dir='ltr'><strong>sunt</strong></span> <span class='ocrx_word' id='word_1_543' title='bbox 2851 2029 3481 2096; x_wconf 82' lang='lat' dir='ltr'><strong>Constantinopoli</strong></span> <span class='ocrx_word' id='word_1_544' title='bbox 3531 2028 3798 2092; x_wconf 89' lang='lat' dir='ltr'><strong>Isidorus,</strong></span> <span class='ocrx_word' id='word_1_545' title='bbox 3831 2037 3875 2080; x_wconf 85' lang='lat' dir='ltr'><strong>et</strong></span> 
     </span>
    </p>
   </div>
   <div class='ocr_carea' id='block_1_79' title="bbox 2117 2120 3876 2190">
    <p class='ocr_par' dir='ltr' id='par_1_79' title="bbox 2117 2120 3876 2190">
     <span class='ocr_line' id='line_1_79' title="bbox 2117 2120 3876 2190; baseline -0.002 -13"><span class='ocrx_word' id='word_1_546' title='bbox 2117 2125 2428 2188; x_wconf 90' lang='lat' dir='ltr'><strong>Dioscorus,</strong></span> <span class='ocrx_word' id='word_1_547' title='bbox 2456 2130 2513 2174; x_wconf 89' lang='lat' dir='ltr'><strong>et</strong></span> <span class='ocrx_word' id='word_1_548' title='bbox 2549 2121 2719 2190; x_wconf 92' lang='lat' dir='ltr'><strong>paulo</strong></span> <span class='ocrx_word' id='word_1_549' title='bbox 2749 2129 2892 2188; x_wconf 93' lang='lat' dir='ltr'><strong>post</strong></span> <span class='ocrx_word' id='word_1_550' title='bbox 2934 2120 3398 2183; x_wconf 86' lang='lat' dir='ltr'><strong>Ammonius,</strong></span> <span class='ocrx_word' id='word_1_551' title='bbox 3457 2133 3734 2189; x_wconf 78' lang='lat' dir='ltr'><strong>magnam</strong></span> <span class='ocrx_word' id='word_1_552' title='bbox 3775 2130 3876 2188; x_wconf 87' lang='lat' dir='ltr'><strong>post</strong></span> 
     </span>
    </p>
   </div>
   <div class='ocr_carea' id='block_1_80' title="bbox 2115 2209 3878 2276">
    <p class='ocr_par' dir='ltr' id='par_1_80' title="bbox 2115 2209 3878 2276">
     <span class='ocr_line' id='line_1_80' title="bbox 2115 2209 3878 2276; baseline -0.002 -9"><span class='ocrx_word' id='word_1_553' title='bbox 2115 2215 2324 2267; x_wconf 88' lang='lat' dir='ltr'><strong>obitum</strong></span> <span class='ocrx_word' id='word_1_554' title='bbox 2366 2212 2684 2264; x_wconf 85' lang='lat' dir='ltr'><strong>sanctitatis</strong></span> <span class='ocrx_word' id='word_1_555' title='bbox 2714 2210 2945 2262; x_wconf 85' lang='lat' dir='ltr'><strong>fatuam</strong></span> <span class='ocrx_word' id='word_1_556' title='bbox 3004 2209 3408 2264; x_wconf 87' lang='lat' dir='ltr'><strong>consecuti.</strong></span> <span class='ocrx_word' id='word_1_557' title='bbox 3473 2210 3612 2275; x_wconf 84' lang='lat' dir='ltr'><strong>Quo</strong></span> <span class='ocrx_word' id='word_1_558' title='bbox 3657 2219 3878 2276; x_wconf 85' lang='lat' dir='ltr'><strong>tempore</strong></span> 
     </span>
    </p>
   </div>
   <div class='ocr_carea' id='block_1_81' title="bbox 2116 2301 2748 2370">
    <p class='ocr_par' dir='ltr' id='par_1_81' title="bbox 2116 2301 2748 2370">
     <span class='ocr_line' id='line_1_81' title="bbox 2116 2301 2748 2370; baseline -0.003 -15"><span class='ocrx_word' id='word_1_559' title='bbox 2116 2319 2290 2356; x_wconf 88' lang='lat' dir='ltr'><strong>annus</strong></span> <span class='ocrx_word' id='word_1_560' title='bbox 2317 2303 2590 2370; x_wconf 80' lang='lat' dir='ltr'><strong>agebatur</strong></span> <span class='ocrx_word' id='word_1_561' title='bbox 2614 2301 2748 2354; x_wconf 70' lang='grc'><strong>405.</strong></span> 
     </span>
    </p>
   </div>
   <div class='ocr_carea' id='block_1_82' title="bbox 2189 2391 3877 2461">
    <p class='ocr_par' dir='ltr' id='par_1_82' title="bbox 2189 2391 3877 2461">
     <span class='ocr_line' id='line_1_82' title="bbox 2189 2391 3877 2461; baseline -0.001 -15"><span class='ocrx_word' id='word_1_562' title='bbox 2189 2393 2334 2447; x_wconf 81' lang='lat' dir='ltr'><strong>XIV.</strong></span> <span class='ocrx_word' id='word_1_563' title='bbox 2369 2391 2512 2457; x_wconf 86' lang='lat' dir='ltr'><strong>Quid</strong></span> <span class='ocrx_word' id='word_1_564' title='bbox 2549 2393 2619 2444; x_wconf 90' lang='lat' dir='ltr'><strong>de</strong></span> <span class='ocrx_word' id='word_1_565' title='bbox 2657 2392 2766 2444; x_wconf 85' lang='lat' dir='ltr'><strong>hoc</strong></span> <span class='ocrx_word' id='word_1_566' title='bbox 2817 2391 3094 2454; x_wconf 82' lang='lat' dir='ltr'><strong>itinere,</strong></span> <span class='ocrx_word' id='word_1_567' title='bbox 3143 2391 3558 2461; x_wconf 83' lang='lat' dir='ltr'><strong>itinerisque</strong></span> <span class='ocrx_word' id='word_1_568' title='bbox 3602 2407 3769 2446; x_wconf 87' lang='lat' dir='ltr'><strong>causa</strong></span> <span class='ocrx_word' id='word_1_569' title='bbox 3802 2394 3877 2445; x_wconf 85' lang='lat' dir='ltr'><strong>Iit-</strong></span> 
     </span>
    </p>
   </div>
   <div class='ocr_carea' id='block_1_83' title="bbox 2115 2478 3877 2551">
    <p class='ocr_par' dir='ltr' id='par_1_83' title="bbox 2115 2478 3877 2551">
     <span class='ocr_line' id='line_1_83' title="bbox 2115 2478 3877 2551; baseline 0.004 -21"><span class='ocrx_word' id='word_1_570' title='bbox 2115 2480 2246 2532; x_wconf 88' lang='lat' dir='ltr'><strong>teris</strong></span> <span class='ocrx_word' id='word_1_571' title='bbox 2289 2478 2577 2532; x_wconf 88' lang='lat' dir='ltr'><strong>tradiderit</strong></span> <span class='ocrx_word' id='word_1_572' title='bbox 2650 2478 2940 2548; x_wconf 81' lang='lat' dir='ltr'><strong>Polybius</strong></span> <span class='ocrx_word' id='word_1_573' title='bbox 3010 2479 3399 2549; x_wconf 82' lang='lat' dir='ltr'><strong>Epiphanii</strong></span> <span class='ocrx_word' id='word_1_574' title='bbox 3470 2482 3781 2551; x_wconf 80' lang='lat' dir='ltr'><strong>discipulus</strong></span> <span class='ocrx_word' id='word_1_575' title='bbox 3827 2498 3877 2537; x_wconf 81' lang='lat' dir='ltr'><strong>ac</strong></span> 
     </span>
    </p>
   </div>
   <div class='ocr_carea' id='block_1_84' title="bbox 2115 2569 3876 2641">
    <p class='ocr_par' dir='ltr' id='par_1_84' title="bbox 2115 2569 3876 2641">
     <span class='ocr_line' id='line_1_84' title="bbox 2115 2569 3876 2641; baseline 0.003 -20"><span class='ocrx_word' id='word_1_576' title='bbox 2115 2569 2314 2630; x_wconf 91' lang='lat' dir='ltr'><strong>socius,</strong></span> <span class='ocrx_word' id='word_1_577' title='bbox 2359 2583 2424 2622; x_wconf 93' lang='lat' dir='ltr'><strong>ac</strong></span> <span class='ocrx_word' id='word_1_578' title='bbox 2469 2580 2657 2622; x_wconf 82' lang='lat' dir='ltr'><strong>rerum</strong></span> <span class='ocrx_word' id='word_1_579' title='bbox 2718 2569 3009 2620; x_wconf 89' lang='lat' dir='ltr'><strong>omnium</strong></span> <span class='ocrx_word' id='word_1_580' title='bbox 3075 2572 3419 2626; x_wconf 87' lang='lat' dir='ltr'><strong>oculatus</strong></span> <span class='ocrx_word' id='word_1_581' title='bbox 3477 2575 3672 2636; x_wconf 87' lang='lat' dir='ltr'><strong>testis,</strong></span> <span class='ocrx_word' id='word_1_582' title='bbox 3717 2589 3876 2641; x_wconf 68' lang='lat' dir='ltr'><strong>opere</strong></span> 
     </span>
    </p>
   </div>
   <div class='ocr_carea' id='block_1_85' title="bbox 2117 2658 3875 2733">
    <p class='ocr_par' dir='ltr' id='par_1_85' title="bbox 2117 2658 3875 2733">
     <span class='ocr_line' id='line_1_85' title="bbox 2117 2658 3875 2733; baseline 0.005 -24"><span class='ocrx_word' id='word_1_583' title='bbox 2117 2658 2352 2724; x_wconf 91' lang='lat' dir='ltr'><strong>pretium</strong></span> <span class='ocrx_word' id='word_1_584' title='bbox 2417 2666 2502 2710; x_wconf 92' lang='lat' dir='ltr'><strong>est</strong></span> <span class='ocrx_word' id='word_1_585' title='bbox 2560 2672 2955 2727; x_wconf 86' lang='lat' dir='ltr'><strong>cognoscere.</strong></span> <span class='ocrx_word' id='word_1_586' title='bbox 3021 2661 3313 2717; x_wconf 85' lang='lat' dir='ltr'><strong>Scribit</strong></span> <span class='ocrx_word' id='word_1_587' title='bbox 3371 2664 3480 2718; x_wconf 90' lang='lat' dir='ltr'><strong>ille</strong></span> <span class='ocrx_word' id='word_1_588' title='bbox 3528 2663 3875 2733; x_wconf 83' lang='lat' dir='ltr'><strong>Theophilum</strong></span> 
     </span>
    </p>
   </div>
   <div class='ocr_carea' id='block_1_86' title="bbox 2115 2748 3877 2818">
    <p class='ocr_par' dir='ltr' id='par_1_86' title="bbox 2115 2748 3877 2818">
     <span class='ocr_line' id='line_1_86' title="bbox 2115 2748 3877 2818; baseline 0.005 -16"><span class='ocrx_word' id='word_1_589' title='bbox 2115 2748 2740 2818; x_wconf 79' lang='lat' dir='ltr'><strong>JoanniChrysostomo</strong></span> <span class='ocrx_word' id='word_1_590' title='bbox 2771 2751 3115 2806; x_wconf 89' lang='lat' dir='ltr'><strong>infensum</strong></span> <span class='ocrx_word' id='word_1_591' title='bbox 3211 2756 3304 2810; x_wconf 89' lang='lat' dir='ltr'><strong>ob</strong></span> <span class='ocrx_word' id='word_1_592' title='bbox 3368 2757 3774 2810; x_wconf 85' lang='lat' dir='ltr'><strong>commaniooi</strong></span> <span class='ocrx_word' id='word_1_593' title='bbox 3807 2772 3877 2810; x_wconf 80' lang='lat' dir='ltr'><strong>re-</strong></span> 
     </span>
    </p>
   </div>
   <div class='ocr_carea' id='block_1_87' title="bbox 2117 2839 3874 2914">
    <p class='ocr_par' dir='ltr' id='par_1_87' title="bbox 2117 2839 3874 2914">
     <span class='ocr_line' id='line_1_87' title="bbox 2117 2839 3874 2914; baseline 0.003 -20"><span class='ocrx_word' id='word_1_594' title='bbox 2117 2839 2334 2894; x_wconf 87' lang='lat' dir='ltr'><strong>stitutos</strong></span> <span class='ocrx_word' id='word_1_595' title='bbox 2366 2839 2591 2908; x_wconf 87' lang='lat' dir='ltr'><strong>Longos</strong></span> <span class='ocrx_word' id='word_1_596' title='bbox 2633 2839 2879 2904; x_wconf 82' lang='lat' dir='ltr'><strong>fratres,</strong></span> <span class='ocrx_word' id='word_1_597' title='bbox 2920 2857 3084 2896; x_wconf 89' lang='lat' dir='ltr'><strong>cum</strong></span> <span class='ocrx_word' id='word_1_598' title='bbox 3129 2845 3640 2914; x_wconf 87' lang='lat' dir='ltr'><strong>imperatricem</strong></span> <span class='ocrx_word' id='word_1_599' title='bbox 3688 2847 3874 2900; x_wconf 84' lang='lat' dir='ltr'><strong>mittere</strong></span> 
     </span>
    </p>
   </div>
   <div class='ocr_carea' id='block_1_88' title="bbox 2121 2929 3877 3006">
    <p class='ocr_par' dir='ltr' id='par_1_88' title="bbox 2121 2929 3877 3006">
     <span class='ocr_line' id='line_1_88' title="bbox 2121 2929 3877 3006; baseline 0.005 -24"><span class='ocrx_word' id='word_1_600' title='bbox 2121 2931 2260 2982; x_wconf 81' lang='lat' dir='ltr'><strong>hunc</strong></span> <span class='ocrx_word' id='word_1_601' title='bbox 2296 2929 2349 2982; x_wconf 90' lang='lat' dir='ltr'><strong>in</strong></span> <span class='ocrx_word' id='word_1_602' title='bbox 2387 2930 2647 2983; x_wconf 83' lang='lat' dir='ltr'><strong>exsilium</strong></span> <span class='ocrx_word' id='word_1_603' title='bbox 2685 2929 2836 2983; x_wconf 89' lang='lat' dir='ltr'><strong>velle</strong></span> <span class='ocrx_word' id='word_1_604' title='bbox 2893 2935 3340 3001; x_wconf 74' lang='lat' dir='ltr'><strong>accepisset,</strong></span> <span class='ocrx_word' id='word_1_605' title='bbox 3403 2938 3468 2990; x_wconf 91' lang='lat' dir='ltr'><strong>id</strong></span> <span class='ocrx_word' id='word_1_606' title='bbox 3514 2947 3580 2990; x_wconf 88' lang='lat' dir='ltr'><strong>ut</strong></span> <span class='ocrx_word' id='word_1_607' title='bbox 3617 2939 3877 3006; x_wconf 80' lang='lat' dir='ltr'><strong>perﬁcere-</strong></span> 
     </span>
    </p>
   </div>
   <div class='ocr_carea' id='block_1_89' title="bbox 2121 3019 3875 3097">
    <p class='ocr_par' dir='ltr' id='par_1_89' title="bbox 2121 3019 3875 3097">
     <span class='ocr_line' id='line_1_89' title="bbox 2121 3019 3875 3097; baseline 0.007 -28"><span class='ocrx_word' id='word_1_608' title='bbox 2121 3027 2204 3070; x_wconf 90' lang='lat' dir='ltr'><strong>tur</strong></span> <span class='ocrx_word' id='word_1_609' title='bbox 2239 3033 2589 3088; x_wconf 91' lang='lat' dir='ltr'><strong>summopere</strong></span> <span class='ocrx_word' id='word_1_610' title='bbox 2644 3019 2972 3075; x_wconf 88' lang='lat' dir='ltr'><strong>lahorasse</strong></span> <span class='ocrx_word' id='word_1_611' title='bbox 3010 3040 3031 3086; x_wconf 88' lang='lat'><strong>;</strong></span> <span class='ocrx_word' id='word_1_612' title='bbox 3080 3026 3372 3081; x_wconf 82' lang='lat' dir='ltr'><strong>dedisse</strong></span> <span class='ocrx_word' id='word_1_613' title='bbox 3438 3027 3647 3097; x_wconf 88' lang='lat' dir='ltr'><strong>itaque</strong></span> <span class='ocrx_word' id='word_1_614' title='bbox 3693 3028 3875 3085; x_wconf 84' lang='lat' dir='ltr'><strong>litteras</strong></span> 
     </span>
    </p>
   </div>
   <div class='ocr_carea' id='block_1_90' title="bbox 2123 3109 3878 3181">
    <p class='ocr_par' dir='ltr' id='par_1_90' title="bbox 2123 3109 3878 3181">
     <span class='ocr_line' id='line_1_90' title="bbox 2123 3109 3878 3181; baseline 0.007 -22"><span class='ocrx_word' id='word_1_615' title='bbox 2123 3109 2188 3160; x_wconf 90' lang='lat' dir='ltr'><strong>ad</strong></span> <span class='ocrx_word' id='word_1_616' title='bbox 2222 3109 2614 3177; x_wconf 87' lang='lat' dir='ltr'><strong>Epiphaniam,</strong></span> <span class='ocrx_word' id='word_1_617' title='bbox 2649 3111 2872 3178; x_wconf 89' lang='lat' dir='ltr'><strong>quibus</strong></span> <span class='ocrx_word' id='word_1_618' title='bbox 2906 3112 3353 3181; x_wconf 83' lang='lat' dir='ltr'><strong>Origenismi</strong></span> <span class='ocrx_word' id='word_1_619' title='bbox 3401 3118 3698 3174; x_wconf 82' lang='lat' dir='ltr'><strong>Joannem</strong></span> <span class='ocrx_word' id='word_1_620' title='bbox 3741 3136 3878 3173; x_wconf 82' lang='lat' dir='ltr'><strong>acca-</strong></span> 
     </span>
    </p>
   </div>
   <div class='ocr_carea' id='block_1_91' title="bbox 2120 3197 3876 3279">
    <p class='ocr_par' dir='ltr' id='par_1_91' title="bbox 2120 3197 3876 3279">
     <span class='ocr_line' id='line_1_91' title="bbox 2120 3197 3876 3279; baseline 0.008 -31"><span class='ocrx_word' id='word_1_621' title='bbox 2120 3198 2308 3260; x_wconf 84' lang='lat' dir='ltr'><strong>sabat;</strong></span> <span class='ocrx_word' id='word_1_622' title='bbox 2346 3197 2512 3251; x_wconf 89' lang='lat' dir='ltr'><strong>aliam</strong></span> <span class='ocrx_word' id='word_1_623' title='bbox 2557 3208 2748 3252; x_wconf 90' lang='lat' dir='ltr'><strong>autem</strong></span> <span class='ocrx_word' id='word_1_624' title='bbox 2788 3201 2871 3254; x_wconf 87' lang='lat' dir='ltr'><strong>ol)</strong></span> <span class='ocrx_word' id='word_1_625' title='bbox 2937 3218 3254 3260; x_wconf 82' lang='lat' dir='ltr'><strong>causam</strong></span> <span class='ocrx_word' id='word_1_626' title='bbox 3315 3208 3876 3279; x_wconf 82' lang='lat' dir='ltr'><strong>Constantinopolim</strong></span> 
     </span>
    </p>
   </div>
   <div class='ocr_carea' id='block_1_92' title="bbox 2118 3287 3875 3370">
    <p class='ocr_par' dir='ltr' id='par_1_92' title="bbox 2118 3287 3875 3370">
     <span class='ocr_line' id='line_1_92' title="bbox 2118 3287 3875 3370; baseline 0.007 -29"><span class='ocrx_word' id='word_1_627' title='bbox 2118 3287 2499 3353; x_wconf 82' lang='lat' dir='ltr'><strong>navigaturum</strong></span> <span class='ocrx_word' id='word_1_628' title='bbox 2554 3289 2964 3356; x_wconf 79' lang='lat' dir='ltr'><strong>Epiphaniam</strong></span> <span class='ocrx_word' id='word_1_629' title='bbox 3041 3309 3132 3349; x_wconf 91' lang='lat' dir='ltr'><strong>eo</strong></span> <span class='ocrx_word' id='word_1_630' title='bbox 3201 3299 3433 3369; x_wconf 82' lang='lat' dir='ltr'><strong>magis</strong></span> <span class='ocrx_word' id='word_1_631' title='bbox 3489 3302 3875 3370; x_wconf 82' lang='lat' dir='ltr'><strong>profectionem</strong></span> 
     </span>
    </p>
   </div>
   <div class='ocr_carea' id='block_1_93' title="bbox 2119 3378 3875 3451">
    <p class='ocr_par' dir='ltr' id='par_1_93' title="bbox 2119 3378 3875 3451">
     <span class='ocr_line' id='line_1_93' title="bbox 2119 3378 3875 3451; baseline 0.009 -21"><span class='ocrx_word' id='word_1_632' title='bbox 2119 3378 2477 3439; x_wconf 76' lang='lat' dir='ltr'><strong>aucelerasse,</strong></span> <span class='ocrx_word' id='word_1_633' title='bbox 2510 3394 2619 3431; x_wconf 92' lang='lat' dir='ltr'><strong>non</strong></span> <span class='ocrx_word' id='word_1_634' title='bbox 2654 3380 3136 3451; x_wconf 84' lang='lat' dir='ltr'><strong>Chrysostomo</strong></span> <span class='ocrx_word' id='word_1_635' title='bbox 3191 3399 3424 3446; x_wconf 88' lang='lat' dir='ltr'><strong>tamen</strong></span> <span class='ocrx_word' id='word_1_636' title='bbox 3487 3393 3738 3448; x_wconf 87' lang='lat' dir='ltr'><strong>nocendi</strong></span> <span class='ocrx_word' id='word_1_637' title='bbox 3779 3403 3875 3447; x_wconf 83' lang='lat' dir='ltr'><strong>sta-</strong></span> 
     </span>
    </p>
   </div>
   <div class='ocr_carea' id='block_1_94' title="bbox 2121 3467 3879 3553">
    <p class='ocr_par' dir='ltr' id='par_1_94' title="bbox 2121 3467 3879 3553">
     <span class='ocr_line' id='line_1_94' title="bbox 2121 3467 3879 3553; baseline 0.009 -33"><span class='ocrx_word' id='word_1_638' title='bbox 2121 3467 2244 3521; x_wconf 90' lang='lat' dir='ltr'><strong>dio:</strong></span> <span class='ocrx_word' id='word_1_639' title='bbox 2277 3482 2526 3536; x_wconf 89' lang='lat' dir='ltr'><strong>magnam</strong></span> <span class='ocrx_word' id='word_1_640' title='bbox 2562 3478 2678 3522; x_wconf 92' lang='lat' dir='ltr'><strong>tum</strong></span> <span class='ocrx_word' id='word_1_641' title='bbox 2706 3469 2909 3526; x_wconf 90' lang='lat' dir='ltr'><strong>fuisse</strong></span> <span class='ocrx_word' id='word_1_642' title='bbox 2952 3475 3023 3528; x_wconf 87' lang='lat' dir='ltr'><strong>in</strong></span> <span class='ocrx_word' id='word_1_643' title='bbox 3068 3481 3259 3536; x_wconf 87' lang='lat' dir='ltr'><strong>urbe</strong></span> <span class='ocrx_word' id='word_1_644' title='bbox 3304 3485 3490 3552; x_wconf 74' lang='lat' dir='ltr'><strong>regia</strong></span> <span class='ocrx_word' id='word_1_645' title='bbox 3535 3501 3732 3540; x_wconf 86' lang='lat' dir='ltr'><strong>rerum</strong></span> <span class='ocrx_word' id='word_1_646' title='bbox 3776 3501 3879 3553; x_wconf 85' lang='lat' dir='ltr'><strong>per-</strong></span> 
     </span>
    </p>
   </div>
   <div class='ocr_carea' id='block_1_95' title="bbox 2120 3558 3883 3647">
    <p class='ocr_par' dir='ltr' id='par_1_95' title="bbox 2120 3558 3883 3647">
     <span class='ocr_line' id='line_1_95' title="bbox 2120 3558 3883 3647; baseline 0.01 -37"><span class='ocrx_word' id='word_1_647' title='bbox 2120 3558 2500 3622; x_wconf 91' lang='lat' dir='ltr'><strong>turbationem,</strong></span> <span class='ocrx_word' id='word_1_648' title='bbox 2544 3569 2782 3628; x_wconf 88' lang='lat' dir='ltr'><strong>propter</strong></span> <span class='ocrx_word' id='word_1_649' title='bbox 2813 3561 3155 3624; x_wconf 65' lang='lat' dir='ltr'><strong>Eudoxiae</strong></span> <span class='ocrx_word' id='word_1_650' title='bbox 3200 3586 3286 3627; x_wconf 82' lang='lat' dir='ltr'><strong>ac</strong></span> <span class='ocrx_word' id='word_1_651' title='bbox 3323 3573 3760 3647; x_wconf 83' lang='lat' dir='ltr'><strong>Chrysostomi</strong></span> <span class='ocrx_word' id='word_1_652' title='bbox 3791 3577 3883 3629; x_wconf 86' lang='lat' dir='ltr'><strong>dis-</strong></span> 
     </span>
    </p>
   </div>
   <div class='ocr_carea' id='block_1_96' title="bbox 2120 3649 3884 3738">
    <p class='ocr_par' dir='ltr' id='par_1_96' title="bbox 2120 3649 3884 3738">
     <span class='ocr_line' id='line_1_96' title="bbox 2120 3649 3884 3738; baseline 0.011 -36"><span class='ocrx_word' id='word_1_653' title='bbox 2120 3649 2310 3738; x_wconf 87' lang='lat' dir='ltr'><strong>sidia;</strong></span> <span class='ocrx_word' id='word_1_654' title='bbox 2365 3649 2683 3738; x_wconf 87' lang='lat' dir='ltr'><strong>ingressum</strong></span> <span class='ocrx_word' id='word_1_655' title='bbox 2733 3659 3243 3716; x_wconf 84' lang='lat' dir='ltr'><strong>monasterium</strong></span> <span class='ocrx_word' id='word_1_656' title='bbox 3293 3667 3628 3735; x_wconf 86' lang='lat' dir='ltr'><strong>quoddam</strong></span> <span class='ocrx_word' id='word_1_657' title='bbox 3669 3668 3884 3738; x_wconf 71' lang='lat' dir='ltr'><strong>Epipha-</strong></span> 
     </span>
    </p>
   </div>
   <div class='ocr_carea' id='block_1_97' title="bbox 2121 3737 3884 3825">
    <p class='ocr_par' dir='ltr' id='par_1_97' title="bbox 2121 3737 3884 3825">
     <span class='ocr_line' id='line_1_97' title="bbox 2121 3737 3884 3825; baseline 0.01 -36"><span class='ocrx_word' id='word_1_658' title='bbox 2121 3737 2270 3789; x_wconf 86' lang='lat' dir='ltr'><strong>niutn</strong></span> <span class='ocrx_word' id='word_1_659' title='bbox 2301 3737 2632 3790; x_wconf 86' lang='lat' dir='ltr'><strong>necessitate</strong></span> <span class='ocrx_word' id='word_1_660' title='bbox 2663 3737 2849 3795; x_wconf 89' lang='lat' dir='ltr'><strong>fuisse</strong></span> <span class='ocrx_word' id='word_1_661' title='bbox 2885 3758 3255 3818; x_wconf 81' lang='lat' dir='ltr'><strong>coactum,</strong></span> <span class='ocrx_word' id='word_1_662' title='bbox 3288 3764 3365 3807; x_wconf 90' lang='lat' dir='ltr'><strong>ut</strong></span> <span class='ocrx_word' id='word_1_663' title='bbox 3405 3757 3732 3825; x_wconf 88' lang='lat' dir='ltr'><strong>quemdam</strong></span> <span class='ocrx_word' id='word_1_664' title='bbox 3759 3756 3884 3809; x_wconf 79' lang='lat' dir='ltr'><strong>ordi-</strong></span> 
     </span>
    </p>
   </div>
   <div class='ocr_carea' id='block_1_98' title="bbox 2120 3828 3884 3907">
    <p class='ocr_par' dir='ltr' id='par_1_98' title="bbox 2120 3828 3884 3907">
     <span class='ocr_line' id='line_1_98' title="bbox 2120 3828 3884 3907; baseline 0.014 -31"><span class='ocrx_word' id='word_1_665' title='bbox 2120 3837 2276 3879; x_wconf 87' lang='lat' dir='ltr'><strong>naret</strong></span> <span class='ocrx_word' id='word_1_666' title='bbox 2301 3843 2315 3891; x_wconf 91' lang='lat'><strong>;</strong></span> <span class='ocrx_word' id='word_1_667' title='bbox 2339 3842 2481 3896; x_wconf 64' lang='lat' dir='ltr'><strong>aegre</strong></span> <span class='ocrx_word' id='word_1_668' title='bbox 2511 3828 2562 3880; x_wconf 92' lang='lat' dir='ltr'><strong>id</strong></span> <span class='ocrx_word' id='word_1_669' title='bbox 2594 3828 2796 3884; x_wconf 89' lang='lat' dir='ltr'><strong>tulisse</strong></span> <span class='ocrx_word' id='word_1_670' title='bbox 2829 3831 3428 3905; x_wconf 82' lang='lat' dir='ltr'><strong>Cltrysostomum</strong></span> <span class='ocrx_word' id='word_1_671' title='bbox 3464 3865 3482 3907; x_wconf 69' lang='grc' dir='ltr'>ξ</span> <span class='ocrx_word' id='word_1_672' title='bbox 3525 3848 3669 3902; x_wconf 82' lang='lat' dir='ltr'><strong>hinc</strong></span> <span class='ocrx_word' id='word_1_673' title='bbox 3695 3850 3884 3902; x_wconf 81' lang='lat' dir='ltr'><strong>dissen-</strong></span> 
     </span>
    </p>
   </div>
   <div class='ocr_carea' id='block_1_99' title="bbox 2119 3915 3877 3998">
    <p class='ocr_par' dir='ltr' id='par_1_99' title="bbox 2119 3915 3877 3998">
     <span class='ocr_line' id='line_1_99' title="bbox 2119 3915 3877 3998; baseline 0.013 -32"><span class='ocrx_word' id='word_1_674' title='bbox 2119 3915 2302 3968; x_wconf 87' lang='lat' dir='ltr'><strong>siones</strong></span> <span class='ocrx_word' id='word_1_675' title='bbox 2327 3917 2469 3969; x_wconf 88' lang='lat' dir='ltr'><strong>inter</strong></span> <span class='ocrx_word' id='word_1_676' title='bbox 2503 3926 2814 3986; x_wconf 88' lang='lat' dir='ltr'><strong>utrumque</strong></span> <span class='ocrx_word' id='word_1_677' title='bbox 2861 3928 3233 3986; x_wconf 78' lang='lat' dir='ltr'><strong>exstitisse</strong></span> <span class='ocrx_word' id='word_1_678' title='bbox 3274 3951 3293 3998; x_wconf 90' lang='lat'><strong>;</strong></span> <span class='ocrx_word' id='word_1_679' title='bbox 3383 3936 3724 3992; x_wconf 78' lang='lat' dir='ltr'><strong>Eudoxiam</strong></span> <span class='ocrx_word' id='word_1_680' title='bbox 3768 3952 3877 3990; x_wconf 81' lang='lat' dir='ltr'><strong>vero</strong></span> 
     </span>
    </p>
   </div>
   <div class='ocr_carea' id='block_1_100' title="bbox 2121 4002 3880 4096">
    <p class='ocr_par' dir='ltr' id='par_1_100' title="bbox 2121 4002 3880 4096">
     <span class='ocr_line' id='line_1_100' title="bbox 2121 4002 3880 4096; baseline 0.018 -42"><span class='ocrx_word' id='word_1_681' title='bbox 2121 4002 2207 4056; x_wconf 91' lang='lat' dir='ltr'><strong>his</strong></span> <span class='ocrx_word' id='word_1_682' title='bbox 2241 4005 2537 4072; x_wconf 90' lang='lat' dir='ltr'><strong>compertis</strong></span> <span class='ocrx_word' id='word_1_683' title='bbox 2588 4010 3006 4070; x_wconf 86' lang='lat' dir='ltr'><strong>accersivisse</strong></span> <span class='ocrx_word' id='word_1_684' title='bbox 3067 4019 3568 4096; x_wconf 79' lang='lat' dir='ltr'><strong>Epiphaniam,</strong></span> <span class='ocrx_word' id='word_1_685' title='bbox 3627 4031 3880 4086; x_wconf 61' lang='lat' dir='ltr'><strong>haereseos</strong></span> 
     </span>
    </p>
   </div>
   <div class='ocr_carea' id='block_1_101' title="bbox 2118 4094 3882 4181">
    <p class='ocr_par' dir='ltr' id='par_1_101' title="bbox 2118 4094 3882 4181">
     <span class='ocr_line' id='line_1_101' title="bbox 2118 4094 3882 4181; baseline 0.01 -38"><span class='ocrx_word' id='word_1_686' title='bbox 2118 4107 2404 4147; x_wconf 88' lang='lat' dir='ltr'><strong>accusasse</strong></span> <span class='ocrx_word' id='word_1_687' title='bbox 2434 4094 2943 4167; x_wconf 81' lang='lat' dir='ltr'><strong>Chrysostomum,</strong></span> <span class='ocrx_word' id='word_1_688' title='bbox 3015 4120 3088 4162; x_wconf 77' lang='lat' dir='ltr'><strong>et</strong></span> <span class='ocrx_word' id='word_1_689' title='bbox 3131 4119 3527 4181; x_wconf 63' lang='lat' dir='ltr'><strong>posmlasse</strong></span> <span class='ocrx_word' id='word_1_690' title='bbox 3553 4094 3617 4176; x_wconf 59' lang='grc' dir='ltr'>ω</span> <span class='ocrx_word' id='word_1_691' title='bbox 3649 4137 3719 4176; x_wconf 70' lang='grc' dir='ltr'>ρο</span> <span class='ocrx_word' id='word_1_692' title='bbox 3747 4125 3882 4176; x_wconf 50' lang='grc' dir='ltr'><strong>ειη-φ</strong></span> 
     </span>
    </p>
   </div>
   <div class='ocr_carea' id='block_1_102' title="bbox 2119 4184 3884 4281">
    <p class='ocr_par' dir='ltr' id='par_1_102' title="bbox 2119 4184 3884 4281">
     <span class='ocr_line' id='line_1_102' title="bbox 2119 4184 3884 4281; baseline 0.022 -47"><span class='ocrx_word' id='word_1_693' title='bbox 2119 4193 2239 4251; x_wconf 90' lang='lat' dir='ltr'><strong>gato</strong></span> <span class='ocrx_word' id='word_1_694' title='bbox 2277 4184 2441 4281; x_wconf 78' lang='lat' dir='ltr'><strong>aliam</strong></span> <span class='ocrx_word' id='word_1_695' title='bbox 2480 4185 3008 4281; x_wconf 56' lang='lat' dir='ltr'><strong>Constantinopoli</strong></span> <span class='ocrx_word' id='word_1_696' title='bbox 3066 4204 3486 4277; x_wconf 85' lang='lat' dir='ltr'><strong>episcopum</strong></span> <span class='ocrx_word' id='word_1_697' title='bbox 3542 4213 3884 4281; x_wconf 75' lang='lat' dir='ltr'><strong>pra-ticeret;</strong></span> 
     </span>
    </p>
   </div>
   <div class='ocr_carea' id='block_1_103' title="bbox 2119 4275 3886 4372">
    <p class='ocr_par' dir='ltr' id='par_1_103' title="bbox 2119 4275 3886 4372">
     <span class='ocr_line' id='line_1_103' title="bbox 2119 4275 3886 4372; baseline 0.009 -33"><span class='ocrx_word' id='word_1_698' title='bbox 2119 4275 2944 4372; x_wconf 57' lang='lat' dir='ltr'><strong>respondisse_EP3P&#39;lalﬁ&quot;m.</strong></span> <span class='ocrx_word' id='word_1_699' title='bbox 2993 4275 3408 4355; x_wconf 79' lang='lat' dir='ltr'><strong>sacerdotio</strong></span> <span class='ocrx_word' id='word_1_700' title='bbox 3477 4275 3725 4372; x_wconf 76' lang='lat' dir='ltr'><strong>quidem</strong></span> <span class='ocrx_word' id='word_1_701' title='bbox 3774 4304 3886 4356; x_wconf 85' lang='lat' dir='ltr'><strong>indi-</strong></span> 
     </span>
    </p>
   </div>
   <div class='ocr_carea' id='block_1_104' title="bbox 2119 4364 3883 4454">
    <p class='ocr_par' dir='ltr' id='par_1_104' title="bbox 2119 4364 3883 4454">
     <span class='ocr_line' id='line_1_104' title="bbox 2119 4364 3883 4454; baseline 0.024 -42"><span class='ocrx_word' id='word_1_702' title='bbox 2119 4377 2442 4454; x_wconf 15' lang='lat' dir='ltr'><strong>gnumiesse</strong></span> <span class='ocrx_word' id='word_1_703' title='bbox 2478 4364 2785 4436; x_wconf 89' lang='lat' dir='ltr'><strong>Joannem,</strong></span> <span class='ocrx_word' id='word_1_704' title='bbox 2821 4375 2871 4428; x_wconf 92' lang='lat' dir='ltr'><strong>si</strong></span> <span class='ocrx_word' id='word_1_705' title='bbox 2910 4379 3143 4450; x_wconf 82' lang='lat' dir='ltr'><strong>reipsa</strong></span> <span class='ocrx_word' id='word_1_706' title='bbox 3215 4389 3288 4444; x_wconf 87' lang='lat' dir='ltr'><strong>in</strong></span> <span class='ocrx_word' id='word_1_707' title='bbox 3337 4364 3650 4452; x_wconf 59' lang='lat' dir='ltr'><strong>haeresim</strong></span> <span class='ocrx_word' id='word_1_708' title='bbox 3693 4397 3883 4454; x_wconf 79' lang='lat' dir='ltr'><strong>incidis-</strong></span> 
     </span>
    </p>
   </div>
   <div class='ocr_carea' id='block_1_105' title="bbox 3105 4477 3878 4555">
    <p class='ocr_par' dir='ltr' id='par_1_105' title="bbox 3105 4477 3878 4555">
     <span class='ocr_line' id='line_1_105' title="bbox 3105 4477 3878 4555; baseline 0.01 -28"><span class='ocrx_word' id='word_1_709' title='bbox 3105 4477 3305 4541; x_wconf 81' lang='lat' dir='ltr'><strong>priva</strong></span> <span class='ocrx_word' id='word_1_710' title='bbox 3318 4489 3425 4535; x_wconf 83' lang='lat' dir='ltr'><strong>tas</strong></span> <span class='ocrx_word' id='word_1_711' title='bbox 3485 4485 3746 4555; x_wconf 83' lang='lat' dir='ltr'><strong>injurias</strong></span> <span class='ocrx_word' id='word_1_712' title='bbox 3782 4500 3878 4538; x_wconf 81' lang='lat' dir='ltr'><strong>eum</strong></span> 
     </span>
    </p>
   </div>
   <div class='ocr_carea' id='block_1_106' title="bbox 2117 4547 3880 4647">
    <p class='ocr_par' dir='ltr' id='par_1_106' title="bbox 2117 4547 3880 4647">
     <span class='ocr_line' id='line_1_106' title="bbox 2117 4547 3880 4647; baseline 0.027 -56"><span class='ocrx_word' id='word_1_713' title='bbox 2117 4552 2478 4647; x_wconf 66' lang='lat' dir='ltr'><strong>exauctprare</strong></span> <span class='ocrx_word' id='word_1_714' title='bbox 2509 4547 2710 4647; x_wconf 70' lang='lat' dir='ltr'><strong>vellet,</strong></span> <span class='ocrx_word' id='word_1_715' title='bbox 2738 4556 3138 4626; x_wconf 83' lang='lat' dir='ltr'><strong>neutiquam</strong></span> <span class='ocrx_word' id='word_1_716' title='bbox 3174 4582 3256 4621; x_wconf 86' lang='lat' dir='ltr'><strong>se</strong></span> <span class='ocrx_word' id='word_1_717' title='bbox 3289 4547 3880 4647; x_wconf 69' lang='lat' dir='ltr'><strong>obtemperaturum;</strong></span> 
     </span>
    </p>
   </div>
   <div class='ocr_carea' id='block_1_107' title="bbox 2115 4630 2688 4700">
    <p class='ocr_par' dir='ltr' id='par_1_107' title="bbox 2115 4630 2688 4700">
     <span class='ocr_line' id='line_1_107' title="bbox 2115 4630 2688 4700; baseline 0.017 -21"><span class='ocrx_word' id='word_1_718' title='bbox 2115 4630 2479 4685; x_wconf 80' lang='lat' dir='ltr'><strong>excanduisse</strong></span> <span class='ocrx_word' id='word_1_719' title='bbox 2509 4633 2688 4700; x_wconf 93' lang='lat' dir='ltr'><strong>illam,</strong></span> 
     </span>
    </p>
   </div>
   <div class='ocr_carea' id='block_1_108' title="bbox 2114 5119 3880 5212">
    <p class='ocr_par' dir='ltr' id='par_1_108' title="bbox 2114 5119 3880 5212">
     <span class='ocr_line' id='line_1_108' title="bbox 2119 5119 3880 5179; baseline 0.001 -4"><span class='ocrx_word' id='word_1_720' title='bbox 2119 5119 2288 5138; x_wconf 43' lang='lat' dir='ltr'><strong>vn&quot;,</strong></span> <span class='ocrx_word' id='word_1_721' title='bbox 2338 5119 2506 5147; x_wconf 46' lang='lat' dir='ltr'><strong>“ur”,</strong></span> <span class='ocrx_word' id='word_1_722' title='bbox 2559 5119 2714 5139; x_wconf 50' lang='lat' dir='ltr'><strong>&quot;un&quot;</strong></span> <span class='ocrx_word' id='word_1_723' title='bbox 2781 5119 3068 5155; x_wconf 51' lang='lat' dir='ltr'><strong>Vlc&#39;bslm</strong></span> <span class='ocrx_word' id='word_1_724' title='bbox 3141 5119 3658 5178; x_wconf 60' lang='lat' dir='ltr'><strong>PNBDuntiasse</strong></span> <span class='ocrx_word' id='word_1_725' title='bbox 3705 5123 3880 5179; x_wconf 63' lang='grc'><strong>³0311111</strong></span> 
     </span>
     <span class='ocr_line' id='line_1_109' title="bbox 2114 5159 3046 5212; baseline 0 0"><span class='ocrx_word' id='word_1_726' title='bbox 2114 5159 2356 5212; x_wconf 71' lang='grc' dir='ltr'><strong>ΐυῑυτιιηι</strong></span> <span class='ocrx_word' id='word_1_727' title='bbox 2399 5177 2458 5212; x_wconf 85' lang='lat' dir='ltr'><strong>Ill</strong></span> <span class='ocrx_word' id='word_1_728' title='bbox 2482 5171 2550 5212; x_wconf 82' lang='lat' dir='ltr'><strong>ml</strong></span> <span class='ocrx_word' id='word_1_729' title='bbox 2585 5176 2774 5212; x_wconf 60' lang='lat' dir='ltr'><strong>nuailii</strong></span> <span class='ocrx_word' id='word_1_730' title='bbox 2836 5180 3046 5212; x_wconf 47' lang='lat' dir='ltr'><strong>In-..“</strong></span> 
     </span>
    </p>
   </div>
   <div class='ocr_carea' id='block_1_109' title="bbox 2139 5171 3884 5278">
    <p class='ocr_par' dir='ltr' id='par_1_109' title="bbox 2139 5171 3884 5278">
     <span class='ocr_line' id='line_1_110' title="bbox 2139 5171 3884 5278; baseline 0.022 -1"><span class='ocrx_word' id='word_1_731' title='bbox 3779 5231 3884 5269; x_wconf 64' lang='grc' dir='ltr'><strong>σοιν</strong></span> 
     </span>
    </p>
   </div>
   <div class='ocr_carea' id='block_1_110' title="bbox 2114 5258 3882 5378">
    <p class='ocr_par' dir='ltr' id='par_1_110' title="bbox 2114 5258 3882 5378">
     <span class='ocr_line' id='line_1_111' title="bbox 2114 5258 3882 5378; baseline 0 0"><span class='ocrx_word' id='word_1_732' title='bbox 2114 5258 2728 5378; x_wconf 52' lang='lat' dir='ltr'><strong>i‘iﬂi“..‘.‘f.&quot;“i&#39;li.i‘i‘&quot;</strong></span> <span class='ocrx_word' id='word_1_733' title='bbox 2755 5267 3226 5378; x_wconf 61' lang='grc' dir='ltr'><strong>Ξ¹³¹⁹¹¹ῗ¹¹¹¹¹¹¹¹¹ν</strong></span> <span class='ocrx_word' id='word_1_734' title='bbox 3262 5307 3634 5369; x_wconf 61' lang='lat' dir='ltr'><strong>antequam</strong></span> <span class='ocrx_word' id='word_1_735' title='bbox 3663 5306 3882 5378; x_wconf 70' lang='lat' dir='ltr'><strong>Cyprum</strong></span> 
     </span>
    </p>
   </div>
   <div class='ocr_carea' id='block_1_111' title="bbox 2119 5344 3626 5458">
    <p class='ocr_par' dir='ltr' id='par_1_111' title="bbox 2119 5350 3626 5458">
     <span class='ocr_line' id='line_1_112' title="bbox 2119 5350 3626 5458; baseline 0 0"><span class='ocrx_word' id='word_1_736' title='bbox 2119 5350 2713 5458; x_wconf 58' lang='lat' dir='ltr'><strong>ii!!ﬂ§°i‘3i*.f’l’_&quot;s%f’-</strong></span> <span class='ocrx_word' id='word_1_737' title='bbox 3139 5380 3238 5432; x_wconf 74' lang='grc' dir='ltr'><em>αα</em></span> <span class='ocrx_word' id='word_1_738' title='bbox 3470 5391 3626 5458; x_wconf 59' lang='grc' dir='ltr'><strong>ωε.</strong></span> 
     </span>
    </p>
   </div>
   <div class='ocr_carea' id='block_1_112' title="bbox 2123 5430 3885 5550">
    <p class='ocr_par' dir='ltr' id='par_1_112' title="bbox 2123 5430 3885 5550">
     <span class='ocr_line' id='line_1_113' title="bbox 2637 5430 3882 5464; baseline -0.005 -11"><span class='ocrx_word' id='word_1_739' title='bbox 2637 5442 2650 5453; x_wconf 94' lang='grc'><strong>.</strong></span> <span class='ocrx_word' id='word_1_740' title='bbox 2870 5451 2884 5462; x_wconf 80' lang='grc'><em>,</em></span> <span class='ocrx_word' id='word_1_741' title='bbox 3217 5430 3226 5432; x_wconf 57' lang='grc' dir='ltr'>τ</span> <span class='ocrx_word' id='word_1_742' title='bbox 3311 5430 3431 5443; x_wconf 77' lang='lat'><strong>---.</strong></span> <span class='ocrx_word' id='word_1_743' title='bbox 3470 5430 3626 5458; x_wconf 67' lang='grc' dir='ltr'><strong>τυ...</strong></span> <span class='ocrx_word' id='word_1_744' title='bbox 3673 5430 3794 5464; x_wconf 61' lang='grc' dir='ltr'><strong>μμ.</strong></span> <span class='ocrx_word' id='word_1_745' title='bbox 3846 5430 3882 5455; x_wconf 88' lang='grc'><strong>.,</strong></span> 
     </span>
     <span class='ocr_line' id='line_1_114' title="bbox 2123 5430 3885 5550; baseline -0.008 0"><span class='ocrx_word' id='word_1_746' title='bbox 2123 5430 2459 5550; x_wconf 36' lang='lat' dir='ltr'><strong>alii???</strong></span> <span class='ocrx_word' id='word_1_747' title='bbox 2477 5453 2688 5550; x_wconf 50' lang='lat' dir='ltr'><strong>afien:</strong></span> <span class='ocrx_word' id='word_1_748' title='bbox 2708 5447 2782 5546; x_wconf 48' lang='lat' dir='ltr'><strong>af!</strong></span> <span class='ocrx_word' id='word_1_749' title='bbox 2799 5537 2812 5550; x_wconf 92' lang='lat'><strong>.</strong></span> <span class='ocrx_word' id='word_1_750' title='bbox 2828 5451 3179 5550; x_wconf 65' lang='lat' dir='ltr'><strong>d&#39;a.c°n_am</strong></span> <span class='ocrx_word' id='word_1_751' title='bbox 3192 5483 3262 5522; x_wconf 65' lang='grc' dir='ltr'><strong>πῖ</strong></span> <span class='ocrx_word' id='word_1_752' title='bbox 3303 5489 3707 5550; x_wconf 75' lang='lat' dir='ltr'><strong>quemQuam</strong></span> <span class='ocrx_word' id='word_1_753' title='bbox 3735 5484 3885 5538; x_wconf 71' lang='lat' dir='ltr'><strong>fuisse</strong></span> 
     </span>
    </p>
   </div>
  </div>
