  <div class='ocr_page' id='page_1' title='image "/cluster/home/n/w/nwhite01/storage/ocr_20150623/17 (Origenes, pt. 7)/nyp.33433081862348/600.png"; bbox 0 0 3920 6474; ppageno 0'>
   <div class='ocr_carea' id='block_1_1' title="bbox 164 451 292 507">
    <p class='ocr_par' dir='ltr' id='par_1_1' title="bbox 164 451 292 507">
     <span class='ocr_line' id='line_1_1' title="bbox 164 451 292 507; baseline -0.016 0"><span class='ocrx_word' id='word_1_1' title='bbox 164 451 292 507; x_wconf 60' lang='grc'><strong>1155</strong></span> 
     </span>
    </p>
   </div>
   <div class='ocr_carea' id='block_1_2' title="bbox 162 530 1758 622">
    <p class='ocr_par' dir='ltr' id='par_1_2' title="bbox 162 530 1758 622">
     <span class='ocr_line' id='line_1_2' title="bbox 162 530 1758 622; baseline -0.026 -1"><span class='ocrx_word' id='word_1_2' title='bbox 162 578 273 620; x_wconf 79' lang='lat' dir='ltr'><strong>esse</strong></span> <span class='ocrx_word' id='word_1_3' title='bbox 299 558 525 618; x_wconf 87' lang='lat' dir='ltr'><strong>divinat,</strong></span> <span class='ocrx_word' id='word_1_4' title='bbox 557 557 696 622; x_wconf 86' lang='lat' dir='ltr'><strong>quod</strong></span> <span class='ocrx_word' id='word_1_5' title='bbox 728 555 778 608; x_wconf 92' lang='lat' dir='ltr'><strong>in</strong></span> <span class='ocrx_word' id='word_1_6' title='bbox 811 545 1032 607; x_wconf 86' lang='lat' dir='ltr'><strong>Joannis</strong></span> <span class='ocrx_word' id='word_1_7' title='bbox 1079 531 1510 604; x_wconf 83' lang='lat' dir='ltr'><strong>Jerosolymitani</strong></span> <span class='ocrx_word' id='word_1_8' title='bbox 1555 530 1685 583; x_wconf 70' lang='grc' dir='ltr'><strong>ἀίω·</strong></span> <span class='ocrx_word' id='word_1_9' title='bbox 1713 536 1758 590; x_wconf 76' lang='grc' dir='ltr'>Α</span> 
     </span>
    </p>
   </div>
   <div class='ocr_carea' id='block_1_3' title="bbox 161 621 1686 720">
    <p class='ocr_par' dir='ltr' id='par_1_3' title="bbox 161 621 1686 720">
     <span class='ocr_line' id='line_1_3' title="bbox 161 621 1686 720; baseline -0.026 -10"><span class='ocrx_word' id='word_1_10' title='bbox 161 653 264 710; x_wconf 81' lang='lat' dir='ltr'><strong>cesi</strong></span> <span class='ocrx_word' id='word_1_11' title='bbox 294 652 402 720; x_wconf 81' lang='lat' dir='ltr'><strong>jam</strong></span> <span class='ocrx_word' id='word_1_12' title='bbox 431 662 462 699; x_wconf 89' lang='lat' dir='ltr'><strong>a</strong></span> <span class='ocrx_word' id='word_1_13' title='bbox 485 621 587 700; x_wconf 11' lang='lat' dir='ltr'><strong>nte,</strong></span> <span class='ocrx_word' id='word_1_14' title='bbox 607 646 906 699; x_wconf 85' lang='lat' dir='ltr'><strong>Pauliniano</strong></span> <span class='ocrx_word' id='word_1_15' title='bbox 934 630 1238 702; x_wconf 80' lang='lat' dir='ltr'><strong>Hieronymi</strong></span> <span class='ocrx_word' id='word_1_16' title='bbox 1265 623 1415 679; x_wconf 87' lang='lat' dir='ltr'><strong>fratri</strong></span> <span class='ocrx_word' id='word_1_17' title='bbox 1461 621 1686 690; x_wconf 84' lang='lat' dir='ltr'><strong>presby-</strong></span> 
     </span>
    </p>
   </div>
   <div class='ocr_carea' id='block_1_4' title="bbox 167 710 1691 801">
    <p class='ocr_par' dir='ltr' id='par_1_4' title="bbox 167 710 1691 801">
     <span class='ocr_line' id='line_1_4' title="bbox 167 710 1691 801; baseline -0.026 -3"><span class='ocrx_word' id='word_1_18' title='bbox 167 743 668 800; x_wconf 86' lang='lat' dir='ltr'><strong>teriicharacterem</strong></span> <span class='ocrx_word' id='word_1_19' title='bbox 705 737 1064 801; x_wconf 92' lang='lat' dir='ltr'><strong>imposuerat;</strong></span> <span class='ocrx_word' id='word_1_20' title='bbox 1098 722 1250 776; x_wconf 81' lang='lat' dir='ltr'><strong>facile</strong></span> <span class='ocrx_word' id='word_1_21' title='bbox 1302 717 1474 780; x_wconf 78' lang='lat' dir='ltr'><strong>itaque</strong></span> <span class='ocrx_word' id='word_1_22' title='bbox 1521 710 1691 764; x_wconf 85' lang='lat' dir='ltr'><strong>Joan-</strong></span> 
     </span>
    </p>
   </div>
   <div class='ocr_carea' id='block_1_5' title="bbox 163 804 1687 898">
    <p class='ocr_par' dir='ltr' id='par_1_5' title="bbox 163 804 1687 898">
     <span class='ocr_line' id='line_1_5' title="bbox 163 804 1687 898; baseline -0.024 -8"><span class='ocrx_word' id='word_1_23' title='bbox 163 849 279 890; x_wconf 86' lang='lat' dir='ltr'><strong>nem</strong></span> <span class='ocrx_word' id='word_1_24' title='bbox 341 827 844 898; x_wconf 87' lang='lat' dir='ltr'><strong>Jerosolymitanum</strong></span> <span class='ocrx_word' id='word_1_25' title='bbox 922 833 1038 873; x_wconf 91' lang='lat' dir='ltr'><strong>cum</strong></span> <span class='ocrx_word' id='word_1_26' title='bbox 1103 804 1687 873; x_wconf 87' lang='lat' dir='ltr'><strong>Constantinopolitano</strong></span> 
     </span>
    </p>
   </div>
   <div class='ocr_carea' id='block_1_6' title="bbox 163 897 1692 988">
    <p class='ocr_par' dir='ltr' id='par_1_6' title="bbox 163 897 1692 988">
     <span class='ocr_line' id='line_1_6' title="bbox 163 897 1692 988; baseline -0.021 -9"><span class='ocrx_word' id='word_1_27' title='bbox 163 926 362 979; x_wconf 87' lang='lat' dir='ltr'><strong>Joanne</strong></span> <span class='ocrx_word' id='word_1_28' title='bbox 418 921 710 988; x_wconf 89' lang='lat' dir='ltr'><strong>scriptores</strong></span> <span class='ocrx_word' id='word_1_29' title='bbox 771 911 1089 968; x_wconf 82' lang='lat' dir='ltr'><strong>confudisse.</strong></span> <span class='ocrx_word' id='word_1_30' title='bbox 1157 904 1346 957; x_wconf 80' lang='lat' dir='ltr'><strong>Verum</strong></span> <span class='ocrx_word' id='word_1_31' title='bbox 1405 907 1463 950; x_wconf 86' lang='grc' dir='ltr'><strong>ιιι</strong></span> <span class='ocrx_word' id='word_1_32' title='bbox 1514 897 1692 950; x_wconf 81' lang='lat' dir='ltr'><strong>dicere</strong></span> 
     </span>
    </p>
   </div>
   <div class='ocr_carea' id='block_1_7' title="bbox 163 985 1684 1085">
    <p class='ocr_par' dir='ltr' id='par_1_7' title="bbox 163 985 1684 1085">
     <span class='ocr_line' id='line_1_7' title="bbox 163 985 1684 1085; baseline -0.022 -18"><span class='ocrx_word' id='word_1_33' title='bbox 163 985 567 1085; x_wconf 71' lang='lat' dir='ltr'><strong>praetermittam</strong></span> <span class='ocrx_word' id='word_1_34' title='bbox 598 1021 754 1074; x_wconf 87' lang='lat' dir='ltr'><strong>quam</strong></span> <span class='ocrx_word' id='word_1_35' title='bbox 784 1005 898 1056; x_wconf 89' lang='lat' dir='ltr'><strong>leve</strong></span> <span class='ocrx_word' id='word_1_36' title='bbox 930 1001 999 1054; x_wconf 86' lang='lat' dir='ltr'><strong>sit</strong></span> <span class='ocrx_word' id='word_1_37' title='bbox 1026 1001 1392 1065; x_wconf 75' lang='lat' dir='ltr'><strong>argumentum</strong></span> <span class='ocrx_word' id='word_1_38' title='bbox 1419 1003 1482 1042; x_wconf 81' lang='lat' dir='ltr'><strong>ex</strong></span> <span class='ocrx_word' id='word_1_39' title='bbox 1517 985 1684 1039; x_wconf 77' lang='lat' dir='ltr'><strong>Soza-</strong></span> 
     </span>
    </p>
   </div>
   <div class='ocr_carea' id='block_1_8' title="bbox 165 1075 1696 1168">
    <p class='ocr_par' dir='ltr' id='par_1_8' title="bbox 165 1075 1696 1168">
     <span class='ocr_line' id='line_1_8' title="bbox 165 1075 1696 1168; baseline -0.022 -11"><span class='ocrx_word' id='word_1_40' title='bbox 165 1075 300 1157; x_wconf 71' lang='lat' dir='ltr'><strong>ineni</strong></span> <span class='ocrx_word' id='word_1_41' title='bbox 336 1101 445 1168; x_wconf 89' lang='lat' dir='ltr'><strong>(cui</strong></span> <span class='ocrx_word' id='word_1_42' title='bbox 480 1110 533 1152; x_wconf 91' lang='lat' dir='ltr'><strong>et</strong></span> <span class='ocrx_word' id='word_1_43' title='bbox 558 1097 853 1151; x_wconf 88' lang='lat' dir='ltr'><strong>Cedrenum</strong></span> <span class='ocrx_word' id='word_1_44' title='bbox 883 1089 1075 1141; x_wconf 80' lang='lat' dir='ltr'><strong>addere</strong></span> <span class='ocrx_word' id='word_1_45' title='bbox 1105 1083 1294 1152; x_wconf 79' lang='lat' dir='ltr'><strong>potuit)</strong></span> <span class='ocrx_word' id='word_1_46' title='bbox 1323 1076 1532 1132; x_wconf 89' lang='lat' dir='ltr'><strong>silentio</strong></span> <span class='ocrx_word' id='word_1_47' title='bbox 1563 1075 1696 1141; x_wconf 91' lang='lat' dir='ltr'><strong>peti-</strong></span> 
     </span>
    </p>
   </div>
   <div class='ocr_carea' id='block_1_9' title="bbox 165 1160 1699 1254">
    <p class='ocr_par' dir='ltr' id='par_1_9' title="bbox 165 1160 1699 1254">
     <span class='ocr_line' id='line_1_9' title="bbox 165 1160 1699 1254; baseline -0.021 -11"><span class='ocrx_word' id='word_1_48' title='bbox 165 1203 298 1254; x_wconf 92' lang='lat' dir='ltr'><strong>tum,</strong></span> <span class='ocrx_word' id='word_1_49' title='bbox 330 1197 523 1240; x_wconf 88' lang='lat' dir='ltr'><strong>contra</strong></span> <span class='ocrx_word' id='word_1_50' title='bbox 547 1182 802 1243; x_wconf 85' lang='lat' dir='ltr'><strong>Socratis,</strong></span> <span class='ocrx_word' id='word_1_51' title='bbox 829 1177 1016 1232; x_wconf 87' lang='lat' dir='ltr'><strong>Leonis</strong></span> <span class='ocrx_word' id='word_1_52' title='bbox 1057 1168 1408 1240; x_wconf 79' lang='lat' dir='ltr'><strong>imperatoris,</strong></span> <span class='ocrx_word' id='word_1_53' title='bbox 1437 1160 1699 1218; x_wconf 89' lang='lat' dir='ltr'><strong>Simeonis</strong></span> 
     </span>
    </p>
   </div>
   <div class='ocr_carea' id='block_1_10' title="bbox 166 1251 1692 1345">
    <p class='ocr_par' dir='ltr' id='par_1_10' title="bbox 166 1251 1692 1345">
     <span class='ocr_line' id='line_1_10' title="bbox 166 1251 1692 1345; baseline -0.022 -11"><span class='ocrx_word' id='word_1_54' title='bbox 166 1279 587 1345; x_wconf 66' lang='lat' dir='ltr'><strong>Metaphrastae,</strong></span> <span class='ocrx_word' id='word_1_55' title='bbox 650 1281 702 1325; x_wconf 89' lang='lat' dir='ltr'><strong>et</strong></span> <span class='ocrx_word' id='word_1_56' title='bbox 771 1264 1048 1334; x_wconf 81' lang='lat' dir='ltr'><strong>Nicephori</strong></span> <span class='ocrx_word' id='word_1_57' title='bbox 1109 1258 1497 1316; x_wconf 86' lang='lat' dir='ltr'><strong>auctoritatem,</strong></span> <span class='ocrx_word' id='word_1_58' title='bbox 1556 1251 1692 1304; x_wconf 89' lang='lat' dir='ltr'><strong>tollit</strong></span> 
     </span>
    </p>
   </div>
   <div class='ocr_carea' id='block_1_11' title="bbox 973 407 2452 487">
    <p class='ocr_par' dir='ltr' id='par_1_11' title="bbox 973 407 2452 487">
     <span class='ocr_line' id='line_1_11' title="bbox 973 407 2452 487; baseline -0.022 1"><span class='ocrx_word' id='word_1_59' title='bbox 973 411 1532 487; x_wconf 72' lang='lat' dir='ltr'><strong>ORIGENIANOBUM</strong></span> <span class='ocrx_word' id='word_1_60' title='bbox 1569 415 1696 470; x_wconf 82' lang='lat' dir='ltr'><strong>LIB.</strong></span> <span class='ocrx_word' id='word_1_61' title='bbox 1738 416 1802 479; x_wconf 90' lang='lat' dir='ltr'><strong>ll,</strong></span> <span class='ocrx_word' id='word_1_62' title='bbox 1841 412 1988 466; x_wconf 78' lang='lat' dir='ltr'><strong>CAP.</strong></span> <span class='ocrx_word' id='word_1_63' title='bbox 2029 409 2119 470; x_wconf 83' lang='lat' dir='ltr'><strong>IV,</strong></span> <span class='ocrx_word' id='word_1_64' title='bbox 2160 408 2346 460; x_wconf 64' lang='grc' dir='ltr'><strong>δκω.</strong></span> <span class='ocrx_word' id='word_1_65' title='bbox 2391 407 2452 456; x_wconf 87' lang='grc' dir='ltr'><strong>ιι.</strong></span> 
     </span>
    </p>
   </div>
   <div class='ocr_carea' id='block_1_12' title="bbox 1783 501 3307 595">
    <p class='ocr_par' dir='ltr' id='par_1_12' title="bbox 1783 501 3307 595">
     <span class='ocr_line' id='line_1_12' title="bbox 1783 501 3307 595; baseline -0.018 -16"><span class='ocrx_word' id='word_1_66' title='bbox 1783 531 2064 595; x_wconf 56' lang='lat' dir='ltr'><strong>praesentat</strong></span> <span class='ocrx_word' id='word_1_67' title='bbox 2105 519 2317 573; x_wconf 77' lang='lat' dir='ltr'><strong>l’hotius</strong></span> <span class='ocrx_word' id='word_1_68' title='bbox 2365 515 2480 570; x_wconf 90' lang='lat' dir='ltr'><strong>cod.</strong></span> <span class='ocrx_word' id='word_1_69' title='bbox 2531 527 2644 566; x_wconf 77' lang='grc' dir='ltr'><strong>ιιι.</strong></span> <span class='ocrx_word' id='word_1_70' title='bbox 2675 509 2740 562; x_wconf 84' lang='lat' dir='ltr'><strong>At</strong></span> <span class='ocrx_word' id='word_1_71' title='bbox 2777 502 3043 560; x_wconf 86' lang='lat' dir='ltr'><strong>Palladius</strong></span> <span class='ocrx_word' id='word_1_72' title='bbox 3095 501 3307 570; x_wconf 89' lang='lat' dir='ltr'><strong>triginta</strong></span> 
     </span>
    </p>
   </div>
   <div class='ocr_carea' id='block_1_13' title="bbox 1787 591 3308 677">
    <p class='ocr_par' dir='ltr' id='par_1_13' title="bbox 1787 591 3308 677">
     <span class='ocr_line' id='line_1_13' title="bbox 1787 591 3308 677; baseline -0.02 -5"><span class='ocrx_word' id='word_1_73' title='bbox 1787 631 1880 672; x_wconf 63' lang='lat' dir='ltr'><strong>sax</strong></span> <span class='ocrx_word' id='word_1_74' title='bbox 1912 615 2164 667; x_wconf 75' lang='lat' dir='ltr'><strong>duntaxat</strong></span> <span class='ocrx_word' id='word_1_75' title='bbox 2191 607 2428 677; x_wconf 80' lang='lat' dir='ltr'><strong>agnoscit</strong></span> <span class='ocrx_word' id='word_1_76' title='bbox 2468 622 2481 657; x_wconf 86' lang='lat'><strong>:</strong></span> <span class='ocrx_word' id='word_1_77' title='bbox 2510 605 2586 656; x_wconf 90' lang='lat' dir='ltr'><strong>sic</strong></span> <span class='ocrx_word' id='word_1_78' title='bbox 2633 599 2771 653; x_wconf 87' lang='lat' dir='ltr'><strong>enim</strong></span> <span class='ocrx_word' id='word_1_79' title='bbox 2811 595 3082 666; x_wconf 82' lang='lat' dir='ltr'><strong>episcopos</strong></span> <span class='ocrx_word' id='word_1_80' title='bbox 3109 591 3198 661; x_wconf 89' lang='lat' dir='ltr'><strong>qui</strong></span> <span class='ocrx_word' id='word_1_81' title='bbox 3226 605 3308 642; x_wconf 89' lang='lat' dir='ltr'><strong>as-</strong></span> 
     </span>
    </p>
   </div>
   <div class='ocr_carea' id='block_1_14' title="bbox 1788 679 3312 760">
    <p class='ocr_par' dir='ltr' id='par_1_14' title="bbox 1788 679 3312 760">
     <span class='ocr_line' id='line_1_14' title="bbox 1788 679 3312 760; baseline -0.019 -1"><span class='ocrx_word' id='word_1_82' title='bbox 1788 704 2033 760; x_wconf 89' lang='lat' dir='ltr'><strong>sidebaut</strong></span> <span class='ocrx_word' id='word_1_83' title='bbox 2083 696 2308 760; x_wconf 89' lang='lat' dir='ltr'><strong>Joanni,</strong></span> <span class='ocrx_word' id='word_1_84' title='bbox 2375 695 2440 746; x_wconf 89' lang='lat' dir='ltr'><strong>ad</strong></span> <span class='ocrx_word' id='word_1_85' title='bbox 2497 687 2916 746; x_wconf 82' lang='lat' dir='ltr'><strong>conventiculum</strong></span> <span class='ocrx_word' id='word_1_86' title='bbox 2976 679 3312 748; x_wconf 85' lang='lat' dir='ltr'><strong>rescripsisse</strong></span> 
     </span>
    </p>
   </div>
   <div class='ocr_carea' id='block_1_15' title="bbox 3161 387 3299 440">
    <p class='ocr_par' dir='ltr' id='par_1_15' title="bbox 3161 387 3299 440">
     <span class='ocr_line' id='line_1_15' title="bbox 3161 387 3299 440; baseline -0.014 0"><span class='ocrx_word' id='word_1_87' title='bbox 3161 387 3299 440; x_wconf 59' lang='lat'><strong>“5‘5</strong></span> 
     </span>
    </p>
   </div>
   <div class='ocr_carea' id='block_1_16' title="bbox 1792 769 3313 852">
    <p class='ocr_par' dir='ltr' id='par_1_16' title="bbox 1792 769 3313 852">
     <span class='ocr_line' id='line_1_16' title="bbox 1792 769 3313 852; baseline -0.017 -6"><span class='ocrx_word' id='word_1_88' title='bbox 1792 791 1982 846; x_wconf 85' lang='lat' dir='ltr'><strong>tradit:</strong></span> <span class='ocrx_word' id='word_1_89' title='bbox 2019 810 2038 838; x_wconf 71' lang='grc' dir='ltr'>ι</span> <span class='ocrx_word' id='word_1_90' title='bbox 2065 787 2175 839; x_wconf 86' lang='lat' dir='ltr'><strong>Tua</strong></span> <span class='ocrx_word' id='word_1_91' title='bbox 2199 783 2408 852; x_wconf 83' lang='lat' dir='ltr'><strong>quidem</strong></span> <span class='ocrx_word' id='word_1_92' title='bbox 2438 779 2668 848; x_wconf 80' lang='lat' dir='ltr'><strong>synodus</strong></span> <span class='ocrx_word' id='word_1_93' title='bbox 2699 773 2913 844; x_wconf 80' lang='lat' dir='ltr'><strong>triginta</strong></span> <span class='ocrx_word' id='word_1_94' title='bbox 2938 781 2991 825; x_wconf 92' lang='lat' dir='ltr'><strong>et</strong></span> <span class='ocrx_word' id='word_1_95' title='bbox 3021 784 3115 825; x_wconf 80' lang='lat' dir='ltr'><strong>sex</strong></span> <span class='ocrx_word' id='word_1_96' title='bbox 3154 769 3313 823; x_wconf 88' lang='lat' dir='ltr'><strong>habet</strong></span> 
     </span>
    </p>
   </div>
   <div class='ocr_carea' id='block_1_17' title="bbox 1791 857 3312 948">
    <p class='ocr_par' dir='ltr' id='par_1_17' title="bbox 1791 857 3312 948">
     <span class='ocr_line' id='line_1_17' title="bbox 1791 857 3312 948; baseline -0.018 -13"><span class='ocrx_word' id='word_1_97' title='bbox 1791 882 2064 948; x_wconf 89' lang='lat' dir='ltr'><strong>episcopos</strong></span> <span class='ocrx_word' id='word_1_98' title='bbox 2128 890 2192 928; x_wconf 84' lang='lat' dir='ltr'><strong>ex</strong></span> <span class='ocrx_word' id='word_1_99' title='bbox 2241 887 2340 924; x_wconf 88' lang='lat' dir='ltr'><strong>ttna</strong></span> <span class='ocrx_word' id='word_1_100' title='bbox 2396 868 2702 937; x_wconf 89' lang='lat' dir='ltr'><strong>provincia:</strong></span> <span class='ocrx_word' id='word_1_101' title='bbox 2745 879 2841 920; x_wconf 92' lang='lat' dir='ltr'><strong>nos</strong></span> <span class='ocrx_word' id='word_1_102' title='bbox 2885 872 3059 917; x_wconf 91' lang='lat' dir='ltr'><strong>autem</strong></span> <span class='ocrx_word' id='word_1_103' title='bbox 3085 857 3312 928; x_wconf 75' lang='lat' dir='ltr'><strong>quadra~</strong></span> 
     </span>
    </p>
   </div>
   <div class='ocr_carea' id='block_1_18' title="bbox 1793 953 3311 1042">
    <p class='ocr_par' dir='ltr' id='par_1_18' title="bbox 1793 953 3311 1042">
     <span class='ocr_line' id='line_1_18' title="bbox 1793 953 3311 1042; baseline -0.015 -19"><span class='ocrx_word' id='word_1_104' title='bbox 1793 972 1936 1042; x_wconf 80' lang='lat' dir='ltr'><strong>ginta</strong></span> <span class='ocrx_word' id='word_1_105' title='bbox 1981 979 2162 1020; x_wconf 88' lang='lat' dir='ltr'><strong>sumus</strong></span> <span class='ocrx_word' id='word_1_106' title='bbox 2189 977 2251 1016; x_wconf 82' lang='lat' dir='ltr'><strong>ex</strong></span> <span class='ocrx_word' id='word_1_107' title='bbox 2281 959 2563 1030; x_wconf 77' lang='lat' dir='ltr'><strong>provinciis</strong></span> <span class='ocrx_word' id='word_1_108' title='bbox 2593 955 2768 1017; x_wconf 86' lang='lat' dir='ltr'><strong>variis,</strong></span> <span class='ocrx_word' id='word_1_109' title='bbox 2808 956 2860 1007; x_wconf 91' lang='lat' dir='ltr'><strong>in</strong></span> <span class='ocrx_word' id='word_1_110' title='bbox 2883 953 3071 1021; x_wconf 89' lang='lat' dir='ltr'><strong>quibus</strong></span> <span class='ocrx_word' id='word_1_111' title='bbox 3116 958 3169 1004; x_wconf 86' lang='lat' dir='ltr'><strong>et</strong></span> <span class='ocrx_word' id='word_1_112' title='bbox 3223 961 3311 1001; x_wconf 82' lang='lat' dir='ltr'><strong>se-</strong></span> 
     </span>
    </p>
   </div>
   <div class='ocr_carea' id='block_1_19' title="bbox 1796 1038 3316 1128">
    <p class='ocr_par' dir='ltr' id='par_1_19' title="bbox 1796 1038 3316 1128">
     <span class='ocr_line' id='line_1_19' title="bbox 1796 1038 3316 1128; baseline -0.016 -15"><span class='ocrx_word' id='word_1_113' title='bbox 1796 1038 1935 1128; x_wconf 77' lang='lat' dir='ltr'><strong>ptem</strong></span> <span class='ocrx_word' id='word_1_114' title='bbox 2004 1064 2125 1110; x_wconf 89' lang='lat' dir='ltr'><strong>sunt</strong></span> <span class='ocrx_word' id='word_1_115' title='bbox 2195 1048 2555 1117; x_wconf 66' lang='lat' dir='ltr'><strong>metr0politm.</strong></span> <span class='ocrx_word' id='word_1_116' title='bbox 2589 1063 2607 1096; x_wconf 76' lang='grc' dir='ltr'><strong><em>ι</em></strong></span> <span class='ocrx_word' id='word_1_117' title='bbox 2674 1045 2812 1098; x_wconf 91' lang='lat' dir='ltr'><strong>Duos</strong></span> <span class='ocrx_word' id='word_1_118' title='bbox 2862 1051 2916 1096; x_wconf 92' lang='lat' dir='ltr'><strong>et</strong></span> <span class='ocrx_word' id='word_1_119' title='bbox 2973 1038 3316 1109; x_wconf 78' lang='lat' dir='ltr'><strong>quadraginta</strong></span> 
     </span>
    </p>
   </div>
   <div class='ocr_carea' id='block_1_20' title="bbox 1795 1127 3320 1203">
    <p class='ocr_par' dir='ltr' id='par_1_20' title="bbox 1795 1127 3320 1203">
     <span class='ocr_line' id='line_1_20' title="bbox 1795 1127 3320 1203; baseline -0.016 -1"><span class='ocrx_word' id='word_1_120' title='bbox 1795 1147 1980 1203; x_wconf 90' lang='lat' dir='ltr'><strong>Joanni</strong></span> <span class='ocrx_word' id='word_1_121' title='bbox 2009 1143 2242 1198; x_wconf 75' lang='lat' dir='ltr'><strong>adfuisse</strong></span> <span class='ocrx_word' id='word_1_122' title='bbox 2265 1149 2447 1192; x_wconf 90' lang='lat' dir='ltr'><strong>auctor</strong></span> <span class='ocrx_word' id='word_1_123' title='bbox 2483 1144 2562 1189; x_wconf 90' lang='lat' dir='ltr'><strong>est</strong></span> <span class='ocrx_word' id='word_1_124' title='bbox 2603 1134 2709 1188; x_wconf 89' lang='lat' dir='ltr'><strong>Leo</strong></span> <span class='ocrx_word' id='word_1_125' title='bbox 2739 1133 3042 1200; x_wconf 83' lang='lat' dir='ltr'><strong>imperator.</strong></span> <span class='ocrx_word' id='word_1_126' title='bbox 3082 1129 3212 1182; x_wconf 88' lang='lat' dir='ltr'><strong>Cum</strong></span> <span class='ocrx_word' id='word_1_127' title='bbox 3239 1127 3320 1191; x_wconf 86' lang='lat' dir='ltr'><strong>sit</strong></span> 
     </span>
    </p>
   </div>
   <div class='ocr_carea' id='block_1_21' title="bbox 1800 1216 3315 1290">
    <p class='ocr_par' dir='ltr' id='par_1_21' title="bbox 1800 1216 3315 1290">
     <span class='ocr_line' id='line_1_21' title="bbox 1800 1216 3315 1290; baseline -0.016 -1"><span class='ocrx_word' id='word_1_128' title='bbox 1800 1246 1972 1290; x_wconf 92' lang='lat' dir='ltr'><strong>autem</strong></span> <span class='ocrx_word' id='word_1_129' title='bbox 2028 1234 2079 1286; x_wconf 94' lang='lat' dir='ltr'><strong>in</strong></span> <span class='ocrx_word' id='word_1_130' title='bbox 2142 1226 2458 1283; x_wconf 87' lang='lat' dir='ltr'><strong>aduotandis</strong></span> <span class='ocrx_word' id='word_1_131' title='bbox 2509 1221 2740 1275; x_wconf 88' lang='lat' dir='ltr'><strong>numeris</strong></span> <span class='ocrx_word' id='word_1_132' title='bbox 2791 1218 3038 1287; x_wconf 88' lang='lat' dir='ltr'><strong>proclivis</strong></span> <span class='ocrx_word' id='word_1_133' title='bbox 3105 1216 3315 1283; x_wconf 88' lang='lat' dir='ltr'><strong>lapsus,</strong></span> 
     </span>
    </p>
   </div>
   <div class='ocr_carea' id='block_1_22' title="bbox 1801 1303 3317 1394">
    <p class='ocr_par' dir='ltr' id='par_1_22' title="bbox 1801 1303 3317 1394">
     <span class='ocr_line' id='line_1_22' title="bbox 1801 1303 3317 1394; baseline -0.016 -16"><span class='ocrx_word' id='word_1_134' title='bbox 1801 1323 2095 1394; x_wconf 86' lang='lat' dir='ltr'><strong>promptius</strong></span> <span class='ocrx_word' id='word_1_135' title='bbox 2128 1328 2210 1372; x_wconf 90' lang='lat' dir='ltr'><strong>est</strong></span> <span class='ocrx_word' id='word_1_136' title='bbox 2235 1313 2491 1385; x_wconf 81' lang='lat' dir='ltr'><strong>suSpicari</strong></span> <span class='ocrx_word' id='word_1_137' title='bbox 2519 1319 2824 1376; x_wconf 91' lang='lat' dir='ltr'><strong>corruptum</strong></span> <span class='ocrx_word' id='word_1_138' title='bbox 2867 1319 3146 1360; x_wconf 87' lang='lat' dir='ltr'><strong>numerum</strong></span> <span class='ocrx_word' id='word_1_139' title='bbox 3179 1303 3317 1371; x_wconf 90' lang='lat' dir='ltr'><strong>apud</strong></span> 
     </span>
    </p>
   </div>
   <div class='ocr_carea' id='block_1_23' title="bbox 1759 1396 3320 1484">
    <p class='ocr_par' dir='ltr' id='par_1_23' title="bbox 1759 1396 3320 1484">
     <span class='ocr_line' id='line_1_23' title="bbox 1759 1396 3320 1484; baseline -0.016 -14"><span class='ocrx_word' id='word_1_140' title='bbox 1759 1447 1771 1461; x_wconf 89' lang='lat'><strong>-</strong></span> <span class='ocrx_word' id='word_1_141' title='bbox 1801 1416 2085 1484; x_wconf 87' lang='lat' dir='ltr'><strong>scriptores</strong></span> <span class='ocrx_word' id='word_1_142' title='bbox 2114 1411 2250 1470; x_wconf 89' lang='lat' dir='ltr'><strong>illos,</strong></span> <span class='ocrx_word' id='word_1_143' title='bbox 2284 1420 2441 1477; x_wconf 91' lang='lat' dir='ltr'><strong>quam</strong></span> <span class='ocrx_word' id='word_1_144' title='bbox 2493 1401 2628 1470; x_wconf 90' lang='lat' dir='ltr'><strong>apud</strong></span> <span class='ocrx_word' id='word_1_145' title='bbox 2667 1397 2956 1453; x_wconf 84' lang='lat' dir='ltr'><strong>Palladium</strong></span> <span class='ocrx_word' id='word_1_146' title='bbox 2984 1396 3073 1462; x_wconf 91' lang='lat' dir='ltr'><strong>qui</strong></span> <span class='ocrx_word' id='word_1_147' title='bbox 3112 1396 3320 1462; x_wconf 89' lang='lat' dir='ltr'><strong>paucio-</strong></span> 
     </span>
    </p>
   </div>
   <div class='ocr_carea' id='block_1_24' title="bbox 1805 1483 3324 1572">
    <p class='ocr_par' dir='ltr' id='par_1_24' title="bbox 1805 1483 3324 1572">
     <span class='ocr_line' id='line_1_24' title="bbox 1805 1483 3324 1572; baseline -0.017 -12"><span class='ocrx_word' id='word_1_148' title='bbox 1805 1521 1888 1561; x_wconf 91' lang='lat' dir='ltr'><strong>res</strong></span> <span class='ocrx_word' id='word_1_149' title='bbox 1910 1517 2065 1572; x_wconf 91' lang='lat' dir='ltr'><strong>quam</strong></span> <span class='ocrx_word' id='word_1_150' title='bbox 2089 1497 2458 1568; x_wconf 86' lang='lat' dir='ltr'><strong>quadringinta</strong></span> <span class='ocrx_word' id='word_1_151' title='bbox 2509 1488 2802 1555; x_wconf 89' lang='lat' dir='ltr'><strong>&#39;l‘heophilo</strong></span> <span class='ocrx_word' id='word_1_152' title='bbox 2861 1484 3092 1538; x_wconf 83' lang='lat' dir='ltr'><strong>adfuisse</strong></span> <span class='ocrx_word' id='word_1_153' title='bbox 3128 1483 3324 1535; x_wconf 88' lang='lat' dir='ltr'><strong>diserte</strong></span> 
     </span>
    </p>
   </div>
   <div class='ocr_carea' id='block_1_25' title="bbox 1806 1571 3323 1648">
    <p class='ocr_par' dir='ltr' id='par_1_25' title="bbox 1806 1571 3323 1648">
     <span class='ocr_line' id='line_1_25' title="bbox 1806 1571 3323 1648; baseline -0.019 0"><span class='ocrx_word' id='word_1_154' title='bbox 1806 1571 2016 1648; x_wconf 80' lang='lat' dir='ltr'><strong>asserit.</strong></span> <span class='ocrx_word' id='word_1_155' title='bbox 2047 1589 2239 1644; x_wconf 86' lang='lat' dir='ltr'><strong>Statim</strong></span> <span class='ocrx_word' id='word_1_156' title='bbox 2269 1586 2460 1638; x_wconf 86' lang='lat' dir='ltr'><strong>adesse</strong></span> <span class='ocrx_word' id='word_1_157' title='bbox 2483 1580 2694 1646; x_wconf 75' lang='lat' dir='ltr'><strong>iubetur</strong></span> <span class='ocrx_word' id='word_1_158' title='bbox 2717 1575 2968 1636; x_wconf 78' lang='lat' dir='ltr'><strong>Joannes,</strong></span> <span class='ocrx_word' id='word_1_159' title='bbox 2995 1581 3042 1626; x_wconf 93' lang='lat' dir='ltr'><strong>et</strong></span> <span class='ocrx_word' id='word_1_160' title='bbox 3069 1571 3134 1624; x_wconf 92' lang='lat' dir='ltr'><strong>ad</strong></span> <span class='ocrx_word' id='word_1_161' title='bbox 3165 1582 3323 1624; x_wconf 86' lang='lat' dir='ltr'><strong>accu-</strong></span> 
     </span>
    </p>
   </div>
   <div class='ocr_carea' id='block_1_26' title="bbox 1806 1660 3332 1744">
    <p class='ocr_par' dir='ltr' id='par_1_26' title="bbox 1806 1660 3332 1744">
     <span class='ocr_line' id='line_1_26' title="bbox 1806 1660 3332 1744; baseline -0.018 -6"><span class='ocrx_word' id='word_1_162' title='bbox 1806 1684 2042 1740; x_wconf 86' lang='lat' dir='ltr'><strong>sationes</strong></span> <span class='ocrx_word' id='word_1_163' title='bbox 2075 1675 2413 1744; x_wconf 90' lang='lat' dir='ltr'><strong>respondere,</strong></span> <span class='ocrx_word' id='word_1_164' title='bbox 2433 1683 2651 1737; x_wconf 33' lang='lat' dir='ltr'><strong>lunaque</strong></span> <span class='ocrx_word' id='word_1_165' title='bbox 2684 1681 2804 1722; x_wconf 90' lang='lat' dir='ltr'><strong>cum</strong></span> <span class='ocrx_word' id='word_1_166' title='bbox 2844 1679 2908 1717; x_wconf 94' lang='lat' dir='ltr'><strong>eo</strong></span> <span class='ocrx_word' id='word_1_167' title='bbox 2953 1660 3233 1729; x_wconf 84' lang='lat' dir='ltr'><strong>Serapion,</strong></span> <span class='ocrx_word' id='word_1_168' title='bbox 3277 1665 3332 1711; x_wconf 89' lang='lat' dir='ltr'><strong>et</strong></span> 
     </span>
    </p>
   </div>
   <div class='ocr_carea' id='block_1_27' title="bbox 1808 1746 3333 1841">
    <p class='ocr_par' dir='ltr' id='par_1_27' title="bbox 1808 1746 3333 1841">
     <span class='ocr_line' id='line_1_27' title="bbox 1808 1746 3333 1841; baseline -0.02 -14"><span class='ocrx_word' id='word_1_169' title='bbox 1808 1772 1980 1841; x_wconf 88' lang='lat' dir='ltr'><strong>Tigris</strong></span> <span class='ocrx_word' id='word_1_170' title='bbox 2013 1766 2283 1824; x_wconf 87' lang='lat' dir='ltr'><strong>eunuchus</strong></span> <span class='ocrx_word' id='word_1_171' title='bbox 2324 1758 2647 1832; x_wconf 84' lang='lat' dir='ltr'><strong>presbyteri,</strong></span> <span class='ocrx_word' id='word_1_172' title='bbox 2715 1764 2768 1808; x_wconf 91' lang='lat' dir='ltr'><strong>et</strong></span> <span class='ocrx_word' id='word_1_173' title='bbox 2810 1752 3001 1805; x_wconf 87' lang='lat' dir='ltr'><strong>Paulus</strong></span> <span class='ocrx_word' id='word_1_174' title='bbox 3038 1749 3228 1811; x_wconf 87' lang='lat' dir='ltr'><strong>lector;</strong></span> <span class='ocrx_word' id='word_1_175' title='bbox 3260 1746 3333 1799; x_wconf 84' lang='lat' dir='ltr'><strong>si-</strong></span> 
     </span>
    </p>
   </div>
   <div class='ocr_carea' id='block_1_28' title="bbox 1811 1834 3331 1917">
    <p class='ocr_par' dir='ltr' id='par_1_28' title="bbox 1811 1834 3331 1917">
     <span class='ocr_line' id='line_1_28' title="bbox 1811 1834 3331 1917; baseline -0.02 0"><span class='ocrx_word' id='word_1_176' title='bbox 1811 1862 1920 1917; x_wconf 91' lang='lat' dir='ltr'><strong>mul</strong></span> <span class='ocrx_word' id='word_1_177' title='bbox 1948 1860 2252 1913; x_wconf 91' lang='lat' dir='ltr'><strong>universum</strong></span> <span class='ocrx_word' id='word_1_178' title='bbox 2297 1850 2547 1906; x_wconf 73' lang='lat' dir='ltr'><strong>Ecclesiae</strong></span> <span class='ocrx_word' id='word_1_179' title='bbox 2583 1838 3181 1906; x_wconf 73' lang='lat' dir='ltr'><strong>Constantinopolitanae</strong></span> <span class='ocrx_word' id='word_1_180' title='bbox 3223 1834 3331 1888; x_wconf 90' lang='lat' dir='ltr'><strong>cle-</strong></span> 
     </span>
    </p>
   </div>
   <div class='ocr_carea' id='block_1_29' title="bbox 163 1337 1700 1427">
    <p class='ocr_par' dir='ltr' id='par_1_29' title="bbox 163 1337 1700 1427">
     <span class='ocr_line' id='line_1_29' title="bbox 163 1337 1700 1427; baseline -0.02 -8"><span class='ocrx_word' id='word_1_181' title='bbox 163 1337 323 1419; x_wconf 80' lang='lat' dir='ltr'><strong>omne</strong></span> <span class='ocrx_word' id='word_1_182' title='bbox 368 1337 592 1416; x_wconf 84' lang='lat' dir='ltr'><strong>dubium</strong></span> <span class='ocrx_word' id='word_1_183' title='bbox 637 1356 887 1427; x_wconf 82' lang='lat' dir='ltr'><strong>Polybius</strong></span> <span class='ocrx_word' id='word_1_184' title='bbox 921 1353 969 1406; x_wconf 90' lang='lat' dir='ltr'><strong>id</strong></span> <span class='ocrx_word' id='word_1_185' title='bbox 1001 1352 1168 1419; x_wconf 90' lang='lat' dir='ltr'><strong>ipsum</strong></span> <span class='ocrx_word' id='word_1_186' title='bbox 1197 1358 1459 1406; x_wconf 87' lang='lat' dir='ltr'><strong>asserens,</strong></span> <span class='ocrx_word' id='word_1_187' title='bbox 1501 1339 1590 1410; x_wconf 91' lang='lat' dir='ltr'><strong>qui</strong></span> <span class='ocrx_word' id='word_1_188' title='bbox 1623 1337 1700 1391; x_wconf 86' lang='lat' dir='ltr'><strong>rei</strong></span> 
     </span>
    </p>
   </div>
   <div class='ocr_carea' id='block_1_30' title="bbox 163 1450 628 1524">
    <p class='ocr_par' dir='ltr' id='par_1_30' title="bbox 163 1450 628 1524">
     <span class='ocr_line' id='line_1_30' title="bbox 163 1450 628 1524; baseline -0.017 -14"><span class='ocrx_word' id='word_1_189' title='bbox 163 1464 327 1524; x_wconf 63' lang='lat' dir='ltr'><strong>gesta</strong></span> <span class='ocrx_word' id='word_1_190' title='bbox 353 1450 628 1505; x_wconf 88' lang='lat' dir='ltr'><strong>interfuit.</strong></span> 
     </span>
    </p>
   </div>
   <div class='ocr_carea' id='block_1_31' title="bbox 229 1518 1702 1602">
    <p class='ocr_par' dir='ltr' id='par_1_31' title="bbox 229 1518 1702 1602">
     <span class='ocr_line' id='line_1_31' title="bbox 229 1518 1702 1602; baseline -0.02 -3"><span class='ocrx_word' id='word_1_191' title='bbox 229 1541 351 1599; x_wconf 75' lang='lat' dir='ltr'><strong>XV.</strong></span> <span class='ocrx_word' id='word_1_192' title='bbox 407 1540 524 1594; x_wconf 88' lang='lat' dir='ltr'><strong>Hae</strong></span> <span class='ocrx_word' id='word_1_193' title='bbox 588 1541 899 1602; x_wconf 85' lang='lat' dir='ltr'><strong>tempestate</strong></span> <span class='ocrx_word' id='word_1_194' title='bbox 952 1521 1409 1591; x_wconf 87' lang='lat' dir='ltr'><strong>Constantinopoli</strong></span> <span class='ocrx_word' id='word_1_195' title='bbox 1469 1518 1702 1587; x_wconf 79' lang='lat' dir='ltr'><strong>agebant</strong></span> 
     </span>
    </p>
   </div>
   <div class='ocr_carea' id='block_1_32' title="bbox 164 1608 1706 1690">
    <p class='ocr_par' dir='ltr' id='par_1_32' title="bbox 164 1608 1706 1690">
     <span class='ocr_line' id='line_1_32' title="bbox 164 1608 1706 1690; baseline -0.021 0"><span class='ocrx_word' id='word_1_196' title='bbox 164 1634 401 1690; x_wconf 79' lang='lat' dir='ltr'><strong>Aeacius</strong></span> <span class='ocrx_word' id='word_1_197' title='bbox 421 1626 751 1683; x_wconf 64' lang='lat' dir='ltr'><strong>Berozensis.</strong></span> <span class='ocrx_word' id='word_1_198' title='bbox 779 1621 1102 1677; x_wconf 87' lang='lat' dir='ltr'><strong>Severianus</strong></span> <span class='ocrx_word' id='word_1_199' title='bbox 1125 1615 1495 1674; x_wconf 85' lang='lat' dir='ltr'><strong>Gabalitauus,</strong></span> <span class='ocrx_word' id='word_1_200' title='bbox 1525 1615 1579 1662; x_wconf 91' lang='lat' dir='ltr'><strong>et</strong></span> <span class='ocrx_word' id='word_1_201' title='bbox 1605 1608 1706 1660; x_wconf 81' lang='lat' dir='ltr'><strong>An-</strong></span> 
     </span>
    </p>
   </div>
   <div class='ocr_carea' id='block_1_33' title="bbox 167 1689 1764 1779">
    <p class='ocr_par' dir='ltr' id='par_1_33' title="bbox 167 1689 1764 1779">
     <span class='ocr_line' id='line_1_33' title="bbox 167 1689 1764 1779; baseline -0.019 1"><span class='ocrx_word' id='word_1_202' title='bbox 167 1689 380 1779; x_wconf 85' lang='lat' dir='ltr'><strong>tiochus</strong></span> <span class='ocrx_word' id='word_1_203' title='bbox 435 1715 778 1775; x_wconf 80' lang='lat' dir='ltr'><strong>Ptolemaidis</strong></span> <span class='ocrx_word' id='word_1_204' title='bbox 821 1709 1072 1779; x_wconf 90' lang='lat' dir='ltr'><strong>episcopi,</strong></span> <span class='ocrx_word' id='word_1_205' title='bbox 1097 1715 1148 1760; x_wconf 87' lang='lat' dir='ltr'><strong>et</strong></span> <span class='ocrx_word' id='word_1_206' title='bbox 1177 1703 1397 1774; x_wconf 86' lang='lat' dir='ltr'><strong>Syrulus</strong></span> <span class='ocrx_word' id='word_1_207' title='bbox 1423 1689 1730 1752; x_wconf 82' lang='lat' dir='ltr'><strong>monachus</strong></span> <span class='ocrx_word' id='word_1_208' title='bbox 1756 1730 1764 1737; x_wconf 87' lang='lat'><strong>-</strong></span> 
     </span>
    </p>
   </div>
   <div class='ocr_carea' id='block_1_34' title="bbox 164 1791 1709 1876">
    <p class='ocr_par' dir='ltr' id='par_1_34' title="bbox 164 1791 1709 1876">
     <span class='ocr_line' id='line_1_34' title="bbox 164 1791 1709 1876; baseline -0.021 -6"><span class='ocrx_word' id='word_1_209' title='bbox 164 1817 413 1870; x_wconf 82' lang='lat' dir='ltr'><strong>lsaacus.</strong></span> <span class='ocrx_word' id='word_1_210' title='bbox 457 1809 522 1863; x_wconf 90' lang='lat' dir='ltr'><strong>Hi</strong></span> <span class='ocrx_word' id='word_1_211' title='bbox 554 1809 787 1876; x_wconf 89' lang='lat' dir='ltr'><strong>privatas</strong></span> <span class='ocrx_word' id='word_1_212' title='bbox 821 1798 1127 1855; x_wconf 86' lang='lat' dir='ltr'><strong>inimicitias</strong></span> <span class='ocrx_word' id='word_1_213' title='bbox 1172 1810 1290 1848; x_wconf 91' lang='lat' dir='ltr'><strong>cum</strong></span> <span class='ocrx_word' id='word_1_214' title='bbox 1331 1791 1709 1859; x_wconf 83' lang='lat' dir='ltr'><strong>Chrysostomo</strong></span> 
     </span>
    </p>
   </div>
   <div class='ocr_carea' id='block_1_35' title="bbox 167 1879 1709 1974">
    <p class='ocr_par' dir='ltr' id='par_1_35' title="bbox 167 1879 1709 1974">
     <span class='ocr_line' id='line_1_35' title="bbox 167 1879 1709 1974; baseline -0.021 -15"><span class='ocrx_word' id='word_1_215' title='bbox 167 1912 451 1974; x_wconf 77' lang='lat' dir='ltr'><strong>gerentes,</strong></span> <span class='ocrx_word' id='word_1_216' title='bbox 503 1893 849 1962; x_wconf 84' lang='lat' dir='ltr'><strong>TheOphilum</strong></span> <span class='ocrx_word' id='word_1_217' title='bbox 899 1887 1182 1944; x_wconf 86' lang='lat' dir='ltr'><strong>sollicitant</strong></span> <span class='ocrx_word' id='word_1_218' title='bbox 1237 1897 1332 1952; x_wconf 91' lang='lat' dir='ltr'><strong>per</strong></span> <span class='ocrx_word' id='word_1_219' title='bbox 1395 1879 1604 1933; x_wconf 91' lang='lat' dir='ltr'><strong>nuntios</strong></span> <span class='ocrx_word' id='word_1_220' title='bbox 1653 1884 1709 1927; x_wconf 88' lang='lat' dir='ltr'><strong>ttt</strong></span> 
     </span>
    </p>
   </div>
   <div class='ocr_carea' id='block_1_36' title="bbox 166 1966 1694 2057">
    <p class='ocr_par' dir='ltr' id='par_1_36' title="bbox 166 1966 1694 2057">
     <span class='ocr_line' id='line_1_36' title="bbox 166 1966 1694 2057; baseline -0.022 -9"><span class='ocrx_word' id='word_1_221' title='bbox 166 2007 356 2048; x_wconf 88' lang='lat' dir='ltr'><strong>secum</strong></span> <span class='ocrx_word' id='word_1_222' title='bbox 395 2001 592 2057; x_wconf 90' lang='lat' dir='ltr'><strong>operas</strong></span> <span class='ocrx_word' id='word_1_223' title='bbox 635 1984 699 2037; x_wconf 91' lang='lat' dir='ltr'><strong>ad</strong></span> <span class='ocrx_word' id='word_1_224' title='bbox 729 1979 1092 2050; x_wconf 81' lang='lat' dir='ltr'><strong>expellendum</strong></span> <span class='ocrx_word' id='word_1_225' title='bbox 1135 1971 1390 2027; x_wconf 87' lang='lat' dir='ltr'><strong>Joannem</strong></span> <span class='ocrx_word' id='word_1_226' title='bbox 1427 1966 1694 2023; x_wconf 90' lang='lat' dir='ltr'><strong>consocia-</strong></span> 
     </span>
    </p>
   </div>
   <div class='ocr_carea' id='block_1_37' title="bbox 164 2061 1713 2142">
    <p class='ocr_par' dir='ltr' id='par_1_37' title="bbox 164 2061 1713 2142">
     <span class='ocr_line' id='line_1_37' title="bbox 164 2061 1713 2142; baseline -0.02 -5"><span class='ocrx_word' id='word_1_227' title='bbox 164 2093 270 2137; x_wconf 90' lang='lat' dir='ltr'><strong>ret.</strong></span> <span class='ocrx_word' id='word_1_228' title='bbox 303 2081 614 2134; x_wconf 79' lang='lat' dir='ltr'><strong>Morantem</strong></span> <span class='ocrx_word' id='word_1_229' title='bbox 649 2087 861 2142; x_wconf 88' lang='lat' dir='ltr'><strong>quoque</strong></span> <span class='ocrx_word' id='word_1_230' title='bbox 885 2077 1032 2138; x_wconf 89' lang='lat' dir='ltr'><strong>urget</strong></span> <span class='ocrx_word' id='word_1_231' title='bbox 1067 2064 1303 2119; x_wconf 86' lang='lat' dir='ltr'><strong>Eudoxia</strong></span> <span class='ocrx_word' id='word_1_232' title='bbox 1339 2061 1713 2128; x_wconf 87' lang='lat' dir='ltr'><strong>Chrysostomo</strong></span> 
     </span>
    </p>
   </div>
   <div class='ocr_carea' id='block_1_38' title="bbox 165 2144 1715 2234">
    <p class='ocr_par' dir='ltr' id='par_1_38' title="bbox 165 2144 1715 2234">
     <span class='ocr_line' id='line_1_38' title="bbox 165 2144 1715 2234; baseline -0.021 -7"><span class='ocrx_word' id='word_1_233' title='bbox 165 2171 462 2234; x_wconf 70' lang='lat' dir='ltr'><strong>offensior,</strong></span> <span class='ocrx_word' id='word_1_234' title='bbox 497 2168 613 2221; x_wconf 92' lang='lat' dir='ltr'><strong>ideo</strong></span> <span class='ocrx_word' id='word_1_235' title='bbox 645 2163 782 2232; x_wconf 89' lang='lat' dir='ltr'><strong>quod</strong></span> <span class='ocrx_word' id='word_1_236' title='bbox 805 2160 972 2214; x_wconf 89' lang='lat' dir='ltr'><strong>sacris</strong></span> <span class='ocrx_word' id='word_1_237' title='bbox 996 2156 1160 2225; x_wconf 85' lang='lat' dir='ltr'><strong>ipsius</strong></span> <span class='ocrx_word' id='word_1_238' title='bbox 1187 2150 1554 2210; x_wconf 84' lang='lat' dir='ltr'><strong>conciouibus,</strong></span> <span class='ocrx_word' id='word_1_239' title='bbox 1597 2144 1715 2213; x_wconf 88' lang='lat' dir='ltr'><strong>qui-</strong></span> 
     </span>
    </p>
   </div>
   <div class='ocr_carea' id='block_1_39' title="bbox 167 2238 1714 2318">
    <p class='ocr_par' dir='ltr' id='par_1_39' title="bbox 167 2238 1714 2318">
     <span class='ocr_line' id='line_1_39' title="bbox 167 2238 1714 2318; baseline -0.022 1"><span class='ocrx_word' id='word_1_240' title='bbox 167 2266 269 2318; x_wconf 87' lang='lat' dir='ltr'><strong>bus</strong></span> <span class='ocrx_word' id='word_1_241' title='bbox 301 2261 610 2315; x_wconf 87' lang='lat' dir='ltr'><strong>aulicarum</strong></span> <span class='ocrx_word' id='word_1_242' title='bbox 644 2254 922 2309; x_wconf 87' lang='lat' dir='ltr'><strong>mulierum</strong></span> <span class='ocrx_word' id='word_1_243' title='bbox 955 2261 1132 2301; x_wconf 83' lang='lat' dir='ltr'><strong>mores</strong></span> <span class='ocrx_word' id='word_1_244' title='bbox 1164 2257 1300 2311; x_wconf 63' lang='lat' dir='ltr'><strong>smpe</strong></span> <span class='ocrx_word' id='word_1_245' title='bbox 1344 2238 1714 2306; x_wconf 87' lang='lat' dir='ltr'><strong>carpebantur,</strong></span> 
     </span>
    </p>
   </div>
   <div class='ocr_carea' id='block_1_40' title="bbox 163 2322 1716 2408">
    <p class='ocr_par' dir='ltr' id='par_1_40' title="bbox 163 2322 1716 2408">
     <span class='ocr_line' id='line_1_40' title="bbox 163 2322 1716 2408; baseline -0.021 -2"><span class='ocrx_word' id='word_1_246' title='bbox 163 2355 438 2408; x_wconf 85' lang='lat' dir='ltr'><strong>vitiorum</strong></span> <span class='ocrx_word' id='word_1_247' title='bbox 468 2361 680 2403; x_wconf 86' lang='lat' dir='ltr'><strong>suorum</strong></span> <span class='ocrx_word' id='word_1_248' title='bbox 709 2345 805 2398; x_wconf 89' lang='lat' dir='ltr'><strong>sibi</strong></span> <span class='ocrx_word' id='word_1_249' title='bbox 833 2339 1042 2396; x_wconf 88' lang='lat' dir='ltr'><strong>conscia</strong></span> <span class='ocrx_word' id='word_1_250' title='bbox 1072 2334 1242 2390; x_wconf 85' lang='lat' dir='ltr'><strong>notari</strong></span> <span class='ocrx_word' id='word_1_251' title='bbox 1280 2345 1338 2384; x_wconf 89' lang='lat' dir='ltr'><strong>se</strong></span> <span class='ocrx_word' id='word_1_252' title='bbox 1359 2327 1628 2384; x_wconf 89' lang='lat' dir='ltr'><strong>censebat.</strong></span> <span class='ocrx_word' id='word_1_253' title='bbox 1647 2322 1716 2375; x_wconf 86' lang='lat' dir='ltr'><strong>E-</strong></span> 
     </span>
    </p>
   </div>
   <div class='ocr_carea' id='block_1_41' title="bbox 166 2412 1718 2500">
    <p class='ocr_par' dir='ltr' id='par_1_41' title="bbox 166 2412 1718 2500">
     <span class='ocr_line' id='line_1_41' title="bbox 166 2412 1718 2500; baseline -0.024 0"><span class='ocrx_word' id='word_1_254' title='bbox 166 2441 464 2500; x_wconf 87' lang='lat' dir='ltr'><strong>contrario</strong></span> <span class='ocrx_word' id='word_1_255' title='bbox 494 2451 619 2490; x_wconf 88' lang='lat' dir='ltr'><strong>vero</strong></span> <span class='ocrx_word' id='word_1_256' title='bbox 638 2432 946 2487; x_wconf 88' lang='lat' dir='ltr'><strong>accersitum</strong></span> <span class='ocrx_word' id='word_1_257' title='bbox 981 2443 1098 2480; x_wconf 91' lang='lat' dir='ltr'><strong>eum</strong></span> <span class='ocrx_word' id='word_1_258' title='bbox 1128 2425 1192 2476; x_wconf 91' lang='lat' dir='ltr'><strong>ad</strong></span> <span class='ocrx_word' id='word_1_259' title='bbox 1235 2417 1477 2475; x_wconf 89' lang='lat' dir='ltr'><strong>diluenda</strong></span> <span class='ocrx_word' id='word_1_260' title='bbox 1497 2412 1718 2468; x_wconf 89' lang='lat' dir='ltr'><strong>crimina</strong></span> 
     </span>
    </p>
   </div>
   <div class='ocr_carea' id='block_1_42' title="bbox 165 2505 1721 2601">
    <p class='ocr_par' dir='ltr' id='par_1_42' title="bbox 165 2505 1721 2601">
     <span class='ocr_line' id='line_1_42' title="bbox 165 2505 1721 2601; baseline -0.022 -15"><span class='ocrx_word' id='word_1_261' title='bbox 165 2533 341 2601; x_wconf 86' lang='lat' dir='ltr'><strong>(apud</strong></span> <span class='ocrx_word' id='word_1_262' title='bbox 401 2531 771 2594; x_wconf 89' lang='lat' dir='ltr'><strong>imperatorem</strong></span> <span class='ocrx_word' id='word_1_263' title='bbox 827 2519 1016 2586; x_wconf 88' lang='lat' dir='ltr'><strong>quippe</strong></span> <span class='ocrx_word' id='word_1_264' title='bbox 1088 2514 1258 2566; x_wconf 89' lang='lat' dir='ltr'><strong>fuerat</strong></span> <span class='ocrx_word' id='word_1_265' title='bbox 1309 2505 1620 2561; x_wconf 81' lang='lat' dir='ltr'><strong>seditionmn</strong></span> <span class='ocrx_word' id='word_1_266' title='bbox 1667 2508 1721 2554; x_wconf 89' lang='lat' dir='ltr'><strong>et</strong></span> 
     </span>
    </p>
   </div>
   <div class='ocr_carea' id='block_1_43' title="bbox 168 2589 1715 2675">
    <p class='ocr_par' dir='ltr' id='par_1_43' title="bbox 168 2589 1715 2675">
     <span class='ocr_line' id='line_1_43' title="bbox 168 2589 1715 2675; baseline -0.021 0"><span class='ocrx_word' id='word_1_267' title='bbox 168 2621 416 2674; x_wconf 68' lang='lat' dir='ltr'><strong>aedium</strong></span> <span class='ocrx_word' id='word_1_268' title='bbox 451 2612 746 2675; x_wconf 85' lang='lat' dir='ltr'><strong>accusatus)</strong></span> <span class='ocrx_word' id='word_1_269' title='bbox 801 2613 1018 2658; x_wconf 84' lang='lat' dir='ltr'><strong>testatur</strong></span> <span class='ocrx_word' id='word_1_270' title='bbox 1067 2603 1176 2668; x_wconf 90' lang='lat' dir='ltr'><strong>ipse</strong></span> <span class='ocrx_word' id='word_1_271' title='bbox 1215 2598 1624 2662; x_wconf 80' lang='lat' dir='ltr'><strong>Chrysostoinus</strong></span> <span class='ocrx_word' id='word_1_272' title='bbox 1663 2589 1715 2642; x_wconf 91' lang='lat' dir='ltr'><strong>in</strong></span> 
     </span>
    </p>
   </div>
   <div class='ocr_carea' id='block_1_44' title="bbox 1812 1923 3332 2018">
    <p class='ocr_par' dir='ltr' id='par_1_44' title="bbox 1812 1923 3332 2018">
     <span class='ocr_line' id='line_1_44' title="bbox 1812 1923 3332 2018; baseline -0.021 -13"><span class='ocrx_word' id='word_1_273' title='bbox 1812 1965 1928 2005; x_wconf 91' lang='lat' dir='ltr'><strong>rum</strong></span> <span class='ocrx_word' id='word_1_274' title='bbox 1958 1947 2190 2018; x_wconf 85' lang='lat' dir='ltr'><strong>synodus</strong></span> <span class='ocrx_word' id='word_1_275' title='bbox 2217 1939 2465 1996; x_wconf 88' lang='lat' dir='ltr'><strong>accersit.</strong></span> <span class='ocrx_word' id='word_1_276' title='bbox 2491 1933 2742 2001; x_wconf 80' lang='lat' dir='ltr'><strong>Quamvis</strong></span> <span class='ocrx_word' id='word_1_277' title='bbox 2776 1939 2948 1983; x_wconf 90' lang='lat' dir='ltr'><strong>autem</strong></span> <span class='ocrx_word' id='word_1_278' title='bbox 2985 1923 3174 1979; x_wconf 88' lang='lat' dir='ltr'><strong>Joanni</strong></span> <span class='ocrx_word' id='word_1_279' title='bbox 3208 1937 3332 1991; x_wconf 87' lang='lat' dir='ltr'><strong>qua-</strong></span> 
     </span>
    </p>
   </div>
   <div class='ocr_carea' id='block_1_45' title="bbox 1811 2011 3330 2107">
    <p class='ocr_par' dir='ltr' id='par_1_45' title="bbox 1811 2011 3330 2107">
     <span class='ocr_line' id='line_1_45' title="bbox 1811 2011 3330 2107; baseline -0.021 -12"><span class='ocrx_word' id='word_1_280' title='bbox 1811 2037 2050 2107; x_wconf 87' lang='lat' dir='ltr'><strong>draginta</strong></span> <span class='ocrx_word' id='word_1_281' title='bbox 2074 2033 2386 2087; x_wconf 87' lang='lat' dir='ltr'><strong>assisterent</strong></span> <span class='ocrx_word' id='word_1_282' title='bbox 2411 2023 2664 2095; x_wconf 85' lang='lat' dir='ltr'><strong>episcopi,</strong></span> <span class='ocrx_word' id='word_1_283' title='bbox 2695 2035 2797 2073; x_wconf 89' lang='lat' dir='ltr'><strong>non</strong></span> <span class='ocrx_word' id='word_1_284' title='bbox 2825 2017 3022 2070; x_wconf 91' lang='lat' dir='ltr'><strong>idcirco</strong></span> <span class='ocrx_word' id='word_1_285' title='bbox 3055 2020 3231 2065; x_wconf 87' lang='lat' dir='ltr'><strong>tamen</strong></span> <span class='ocrx_word' id='word_1_286' title='bbox 3262 2011 3330 2064; x_wconf 89' lang='lat' dir='ltr'><strong>ad</strong></span> 
     </span>
    </p>
   </div>
   <div class='ocr_carea' id='block_1_46' title="bbox 1812 2097 3336 2191">
    <p class='ocr_par' dir='ltr' id='par_1_46' title="bbox 1812 2097 3336 2191">
     <span class='ocr_line' id='line_1_46' title="bbox 1812 2097 3336 2191; baseline -0.02 -11"><span class='ocrx_word' id='word_1_287' title='bbox 1812 2127 2079 2191; x_wconf 85' lang='lat' dir='ltr'><strong>Quercunt</strong></span> <span class='ocrx_word' id='word_1_288' title='bbox 2125 2133 2338 2174; x_wconf 87' lang='lat' dir='ltr'><strong>causam</strong></span> <span class='ocrx_word' id='word_1_289' title='bbox 2383 2115 2622 2169; x_wconf 88' lang='lat' dir='ltr'><strong>dicturus</strong></span> <span class='ocrx_word' id='word_1_290' title='bbox 2672 2109 2856 2160; x_wconf 82' lang='lat' dir='ltr'><strong>adesse</strong></span> <span class='ocrx_word' id='word_1_291' title='bbox 2909 2101 3236 2158; x_wconf 86' lang='lat' dir='ltr'><strong>recusabat;</strong></span> <span class='ocrx_word' id='word_1_292' title='bbox 3290 2097 3336 2151; x_wconf 88' lang='lat' dir='ltr'><strong>si</strong></span> 
     </span>
    </p>
   </div>
   <div class='ocr_carea' id='block_1_47' title="bbox 1814 2189 3336 2266">
    <p class='ocr_par' dir='ltr' id='par_1_47' title="bbox 1814 2189 3336 2266">
     <span class='ocr_line' id='line_1_47' title="bbox 1814 2189 3336 2266; baseline -0.021 1"><span class='ocrx_word' id='word_1_293' title='bbox 1814 2212 1968 2266; x_wconf 89' lang='lat' dir='ltr'><strong>modo</strong></span> <span class='ocrx_word' id='word_1_294' title='bbox 1996 2225 2061 2264; x_wconf 84' lang='lat' dir='ltr'><strong>ex</strong></span> <span class='ocrx_word' id='word_1_295' title='bbox 2131 2207 2419 2260; x_wconf 88' lang='lat' dir='ltr'><strong>antistitum</strong></span> <span class='ocrx_word' id='word_1_296' title='bbox 2458 2213 2677 2255; x_wconf 91' lang='lat' dir='ltr'><strong>numero</strong></span> <span class='ocrx_word' id='word_1_297' title='bbox 2703 2203 2930 2264; x_wconf 84' lang='lat' dir='ltr'><strong>quatuor</strong></span> <span class='ocrx_word' id='word_1_298' title='bbox 2959 2189 3336 2248; x_wconf 85' lang='lat' dir='ltr'><strong>eximereutur,</strong></span> 
     </span>
    </p>
   </div>
   <div class='ocr_carea' id='block_1_48' title="bbox 1815 2272 3342 2355">
    <p class='ocr_par' dir='ltr' id='par_1_48' title="bbox 1815 2272 3342 2355">
     <span class='ocr_line' id='line_1_48' title="bbox 1815 2272 3342 2355; baseline -0.02 0"><span class='ocrx_word' id='word_1_299' title='bbox 1815 2300 2006 2355; x_wconf 89' lang='lat' dir='ltr'><strong>merito</strong></span> <span class='ocrx_word' id='word_1_300' title='bbox 2033 2298 2132 2352; x_wconf 89' lang='lat' dir='ltr'><strong>sibi</strong></span> <span class='ocrx_word' id='word_1_301' title='bbox 2161 2296 2264 2351; x_wconf 89' lang='lat' dir='ltr'><strong>odii</strong></span> <span class='ocrx_word' id='word_1_302' title='bbox 2292 2303 2345 2348; x_wconf 92' lang='lat' dir='ltr'><strong>et</strong></span> <span class='ocrx_word' id='word_1_303' title='bbox 2374 2288 2764 2345; x_wconf 86' lang='lat' dir='ltr'><strong>inimicitiarum</strong></span> <span class='ocrx_word' id='word_1_304' title='bbox 2819 2279 3048 2348; x_wconf 87' lang='lat' dir='ltr'><strong>suspecti</strong></span> <span class='ocrx_word' id='word_1_305' title='bbox 3088 2293 3102 2341; x_wconf 94' lang='lat'><strong>;</strong></span> <span class='ocrx_word' id='word_1_306' title='bbox 3151 2275 3232 2329; x_wconf 90' lang='lat' dir='ltr'><strong>sin</strong></span> <span class='ocrx_word' id='word_1_307' title='bbox 3268 2272 3342 2326; x_wconf 90' lang='lat' dir='ltr'><strong>ul-</strong></span> 
     </span>
    </p>
   </div>
   <div class='ocr_carea' id='block_1_49' title="bbox 1819 2361 3343 2457">
    <p class='ocr_par' dir='ltr' id='par_1_49' title="bbox 1819 2361 3343 2457">
     <span class='ocr_line' id='line_1_49' title="bbox 1819 2361 3343 2457; baseline -0.02 -13"><span class='ocrx_word' id='word_1_308' title='bbox 1819 2391 1980 2445; x_wconf 87' lang='lat' dir='ltr'><strong>terius</strong></span> <span class='ocrx_word' id='word_1_309' title='bbox 2017 2386 2424 2457; x_wconf 87' lang='lat' dir='ltr'><strong>pertenderent,</strong></span> <span class='ocrx_word' id='word_1_310' title='bbox 2454 2379 2709 2448; x_wconf 88' lang='lat' dir='ltr'><strong>synodum</strong></span> <span class='ocrx_word' id='word_1_311' title='bbox 2749 2369 3127 2426; x_wconf 69' lang='lat' dir='ltr'><strong>mcumenicam</strong></span> <span class='ocrx_word' id='word_1_312' title='bbox 3165 2361 3343 2433; x_wconf 85' lang='lat' dir='ltr'><strong>appel-</strong></span> 
     </span>
    </p>
   </div>
   <div class='ocr_carea' id='block_1_50' title="bbox 1819 2461 3346 2534">
    <p class='ocr_par' dir='ltr' id='par_1_50' title="bbox 1819 2461 3346 2534">
     <span class='ocr_line' id='line_1_50' title="bbox 1819 2461 3346 2534; baseline -0.016 -4"><span class='ocrx_word' id='word_1_313' title='bbox 1819 2479 1930 2532; x_wconf 85' lang='lat' dir='ltr'><strong>lare</strong></span> <span class='ocrx_word' id='word_1_314' title='bbox 1949 2491 2006 2531; x_wconf 85' lang='lat' dir='ltr'><strong>se</strong></span> <span class='ocrx_word' id='word_1_315' title='bbox 2032 2474 2420 2530; x_wconf 78' lang='lat' dir='ltr'><strong>obtestabatur.</strong></span> <span class='ocrx_word' id='word_1_316' title='bbox 2451 2468 2657 2534; x_wconf 84' lang='lat' dir='ltr'><strong>Quibus</strong></span> <span class='ocrx_word' id='word_1_317' title='bbox 2690 2461 2907 2522; x_wconf 86' lang='lat' dir='ltr'><strong>auditis,</strong></span> <span class='ocrx_word' id='word_1_318' title='bbox 2945 2467 3134 2527; x_wconf 89' lang='lat' dir='ltr'><strong>quater</strong></span> <span class='ocrx_word' id='word_1_319' title='bbox 3159 2471 3222 2509; x_wconf 92' lang='lat' dir='ltr'><strong>eo</strong></span> <span class='ocrx_word' id='word_1_320' title='bbox 3253 2467 3346 2506; x_wconf 76' lang='lat' dir='ltr'><strong>vo—</strong></span> 
     </span>
    </p>
   </div>
   <div class='ocr_carea' id='block_1_51' title="bbox 1820 2543 3348 2633">
    <p class='ocr_par' dir='ltr' id='par_1_51' title="bbox 1820 2543 3348 2633">
     <span class='ocr_line' id='line_1_51' title="bbox 1820 2543 3348 2633; baseline -0.019 -8"><span class='ocrx_word' id='word_1_321' title='bbox 1820 2579 1961 2633; x_wconf 85' lang='lat' dir='ltr'><strong>cato,</strong></span> <span class='ocrx_word' id='word_1_322' title='bbox 2009 2569 2298 2632; x_wconf 84' lang='lat' dir='ltr'><strong>eademque</strong></span> <span class='ocrx_word' id='word_1_323' title='bbox 2339 2558 2650 2626; x_wconf 86' lang='lat' dir='ltr'><strong>exceptione</strong></span> <span class='ocrx_word' id='word_1_324' title='bbox 2702 2568 2818 2615; x_wconf 91' lang='lat' dir='ltr'><strong>uso,</strong></span> <span class='ocrx_word' id='word_1_325' title='bbox 2868 2549 2934 2603; x_wconf 89' lang='lat' dir='ltr'><strong>ad</strong></span> <span class='ocrx_word' id='word_1_326' title='bbox 2979 2543 3348 2601; x_wconf 79' lang='lat' dir='ltr'><strong>accusationes</strong></span> 
     </span>
    </p>
   </div>
   <div class='ocr_carea' id='block_1_52' title="bbox 1822 2632 3346 2726">
    <p class='ocr_par' dir='ltr' id='par_1_52' title="bbox 1822 2632 3346 2726">
     <span class='ocr_line' id='line_1_52' title="bbox 1822 2632 3346 2726; baseline -0.022 -7"><span class='ocrx_word' id='word_1_327' title='bbox 1822 2664 2032 2718; x_wconf 90' lang='lat' dir='ltr'><strong>tandem</strong></span> <span class='ocrx_word' id='word_1_328' title='bbox 2079 2652 2450 2726; x_wconf 82' lang='lat' dir='ltr'><strong>expendendas</strong></span> <span class='ocrx_word' id='word_1_329' title='bbox 2491 2648 2727 2700; x_wconf 89' lang='lat' dir='ltr'><strong>animum</strong></span> <span class='ocrx_word' id='word_1_330' title='bbox 2771 2643 3118 2708; x_wconf 83' lang='lat' dir='ltr'><strong>Quercctana:</strong></span> <span class='ocrx_word' id='word_1_331' title='bbox 3158 2632 3346 2705; x_wconf 85' lang='lat' dir='ltr'><strong>synodi</strong></span> 
     </span>
    </p>
   </div>
   <div class='ocr_carea' id='block_1_53' title="bbox 1823 2744 2433 2824">
    <p class='ocr_par' dir='ltr' id='par_1_53' title="bbox 1823 2744 2433 2824">
     <span class='ocr_line' id='line_1_53' title="bbox 1823 2744 2433 2824; baseline -0.026 -17"><span class='ocrx_word' id='word_1_332' title='bbox 1823 2750 2072 2824; x_wconf 67' lang='lat' dir='ltr'><strong>praesules</strong></span> <span class='ocrx_word' id='word_1_333' title='bbox 2100 2744 2433 2813; x_wconf 88' lang='lat' dir='ltr'><strong>appulerunt.</strong></span> 
     </span>
    </p>
   </div>
   <div class='ocr_carea' id='block_1_54' title="bbox 1893 2812 3352 2895">
    <p class='ocr_par' dir='ltr' id='par_1_54' title="bbox 1893 2812 3352 2895">
     <span class='ocr_line' id='line_1_54' title="bbox 1893 2812 3352 2895; baseline -0.024 1"><span class='ocrx_word' id='word_1_334' title='bbox 1893 2839 2030 2895; x_wconf 76' lang='lat' dir='ltr'><strong>XVI.</strong></span> <span class='ocrx_word' id='word_1_335' title='bbox 2074 2812 2189 2890; x_wconf 86' lang='lat' dir='ltr'><strong>Non</strong></span> <span class='ocrx_word' id='word_1_336' title='bbox 2237 2847 2322 2886; x_wconf 88' lang='lat' dir='ltr'><strong>res</strong></span> <span class='ocrx_word' id='word_1_337' title='bbox 2371 2829 2476 2882; x_wconf 91' lang='lat' dir='ltr'><strong>illic</strong></span> <span class='ocrx_word' id='word_1_338' title='bbox 2520 2840 2583 2878; x_wconf 83' lang='lat' dir='ltr'><strong>ex</strong></span> <span class='ocrx_word' id='word_1_339' title='bbox 2626 2835 2776 2890; x_wconf 65' lang='lat' dir='ltr'><strong>aequo</strong></span> <span class='ocrx_word' id='word_1_340' title='bbox 2815 2829 3096 2885; x_wconf 77' lang='lat' dir='ltr'><strong>expensas,</strong></span> <span class='ocrx_word' id='word_1_341' title='bbox 3137 2812 3226 2865; x_wconf 75' lang='lat' dir='ltr'><strong>sed</strong></span> <span class='ocrx_word' id='word_1_342' title='bbox 3256 2823 3352 2878; x_wconf 89' lang='lat' dir='ltr'><strong>per</strong></span> 
     </span>
    </p>
   </div>
   <div class='ocr_carea' id='block_1_55' title="bbox 1825 2905 3351 2988">
    <p class='ocr_par' dir='ltr' id='par_1_55' title="bbox 1825 2905 3351 2988">
     <span class='ocr_line' id='line_1_55' title="bbox 1825 2905 3351 2988; baseline -0.024 0"><span class='ocrx_word' id='word_1_343' title='bbox 1825 2928 2198 2988; x_wconf 87' lang='lat' dir='ltr'><strong>contumeliam</strong></span> <span class='ocrx_word' id='word_1_344' title='bbox 2235 2931 2289 2976; x_wconf 92' lang='lat' dir='ltr'><strong>et</strong></span> <span class='ocrx_word' id='word_1_345' title='bbox 2317 2917 2591 2974; x_wconf 88' lang='lat' dir='ltr'><strong>maledicta</strong></span> <span class='ocrx_word' id='word_1_346' title='bbox 2639 2913 2803 2988; x_wconf 85' lang='lat' dir='ltr'><strong>fuisse</strong></span> <span class='ocrx_word' id='word_1_347' title='bbox 2845 2917 3019 2978; x_wconf 88' lang='lat' dir='ltr'><strong>gestas</strong></span> <span class='ocrx_word' id='word_1_348' title='bbox 3065 2905 3351 2970; x_wconf 73' lang='lat' dir='ltr'><strong>scriptores</strong></span> 
     </span>
    </p>
   </div>
   <div class='ocr_carea' id='block_1_56' title="bbox 1828 2983 3352 3078">
    <p class='ocr_par' dir='ltr' id='par_1_56' title="bbox 1828 2983 3352 3078">
     <span class='ocr_line' id='line_1_56' title="bbox 1828 2983 3352 3078; baseline -0.024 -1"><span class='ocrx_word' id='word_1_349' title='bbox 1828 3021 2063 3076; x_wconf 89' lang='lat' dir='ltr'><strong>tradunt.</strong></span> <span class='ocrx_word' id='word_1_350' title='bbox 2094 3014 2159 3067; x_wconf 86' lang='lat' dir='ltr'><strong>Et</strong></span> <span class='ocrx_word' id='word_1_351' title='bbox 2188 3024 2295 3067; x_wconf 87' lang='lat' dir='ltr'><strong>tres</strong></span> <span class='ocrx_word' id='word_1_352' title='bbox 2317 3009 2529 3078; x_wconf 86' lang='lat' dir='ltr'><strong>quidem</strong></span> <span class='ocrx_word' id='word_1_353' title='bbox 2569 2983 2998 3056; x_wconf 82' lang='lat' dir='ltr'><strong>criminationum</strong></span> <span class='ocrx_word' id='word_1_354' title='bbox 3038 2992 3242 3045; x_wconf 89' lang='lat' dir='ltr'><strong>libellos</strong></span> <span class='ocrx_word' id='word_1_355' title='bbox 3287 2989 3352 3041; x_wconf 90' lang='lat' dir='ltr'><strong>ad</strong></span> 
     </span>
    </p>
   </div>
   <div class='ocr_carea' id='block_1_57' title="bbox 1828 3079 3350 3166">
    <p class='ocr_par' dir='ltr' id='par_1_57' title="bbox 1828 3079 3350 3166">
     <span class='ocr_line' id='line_1_57' title="bbox 1828 3079 3350 3166; baseline -0.024 0"><span class='ocrx_word' id='word_1_356' title='bbox 1828 3106 2228 3166; x_wconf 83' lang='lat' dir='ltr'><strong>conciliabulum</strong></span> <span class='ocrx_word' id='word_1_357' title='bbox 2290 3099 2489 3152; x_wconf 87' lang='lat' dir='ltr'><strong>delatos</strong></span> <span class='ocrx_word' id='word_1_358' title='bbox 2520 3095 2936 3148; x_wconf 86' lang='lat' dir='ltr'><strong>commemorant</strong></span> <span class='ocrx_word' id='word_1_359' title='bbox 2990 3091 3106 3136; x_wconf 90' lang='lat' dir='ltr'><strong>acta</strong></span> <span class='ocrx_word' id='word_1_360' title='bbox 3155 3079 3350 3132; x_wconf 90' lang='lat' dir='ltr'><strong>illiusa</strong></span> 
     </span>
    </p>
   </div>
   <div class='ocr_carea' id='block_1_58' title="bbox 1833 3165 3355 3254">
    <p class='ocr_par' dir='ltr' id='par_1_58' title="bbox 1833 3165 3355 3254">
     <span class='ocr_line' id='line_1_58' title="bbox 1833 3165 3355 3254; baseline -0.026 1"><span class='ocrx_word' id='word_1_361' title='bbox 1833 3199 2018 3254; x_wconf 84' lang='lat' dir='ltr'><strong>Photio</strong></span> <span class='ocrx_word' id='word_1_362' title='bbox 2041 3194 2301 3254; x_wconf 80' lang='lat' dir='ltr'><strong>exhibita,</strong></span> <span class='ocrx_word' id='word_1_363' title='bbox 2338 3195 2390 3240; x_wconf 91' lang='lat' dir='ltr'><strong>et</strong></span> <span class='ocrx_word' id='word_1_364' title='bbox 2437 3185 2487 3236; x_wconf 92' lang='lat' dir='ltr'><strong>in</strong></span> <span class='ocrx_word' id='word_1_365' title='bbox 2523 3181 2650 3236; x_wconf 90' lang='lat' dir='ltr'><strong>Jure</strong></span> <span class='ocrx_word' id='word_1_366' title='bbox 2677 3174 3130 3232; x_wconf 60' lang='lat' dir='ltr'><strong>Greco—Romano</strong></span> <span class='ocrx_word' id='word_1_367' title='bbox 3168 3165 3355 3228; x_wconf 82' lang='lat' dir='ltr'><strong>relata,</strong></span> 
     </span>
    </p>
   </div>
   <div class='ocr_carea' id='block_1_59' title="bbox 1833 3255 3357 3355">
    <p class='ocr_par' dir='ltr' id='par_1_59' title="bbox 1833 3255 3357 3355">
     <span class='ocr_line' id='line_1_59' title="bbox 1833 3255 3357 3355; baseline -0.022 -16"><span class='ocrx_word' id='word_1_368' title='bbox 1833 3289 1972 3355; x_wconf 91' lang='lat' dir='ltr'><strong>quod</strong></span> <span class='ocrx_word' id='word_1_369' title='bbox 2006 3283 2170 3337; x_wconf 90' lang='lat' dir='ltr'><strong>edidit</strong></span> <span class='ocrx_word' id='word_1_370' title='bbox 2199 3272 2568 3331; x_wconf 86' lang='lat' dir='ltr'><strong>Leunclavius.</strong></span> <span class='ocrx_word' id='word_1_371' title='bbox 2611 3267 2850 3320; x_wconf 82' lang='lat' dir='ltr'><strong>Priorem</strong></span> <span class='ocrx_word' id='word_1_372' title='bbox 2891 3259 3086 3315; x_wconf 88' lang='lat' dir='ltr'><strong>obtulit</strong></span> <span class='ocrx_word' id='word_1_373' title='bbox 3126 3255 3357 3310; x_wconf 83' lang='lat' dir='ltr'><strong>Joannes</strong></span> 
     </span>
    </p>
   </div>
   <div class='ocr_carea' id='block_1_60' title="bbox 1833 3345 3356 3444">
    <p class='ocr_par' dir='ltr' id='par_1_60' title="bbox 1833 3345 3356 3444">
     <span class='ocr_line' id='line_1_60' title="bbox 1833 3345 3356 3444; baseline -0.025 -14"><span class='ocrx_word' id='word_1_374' title='bbox 1833 3370 2192 3444; x_wconf 86' lang='lat' dir='ltr'><strong>Chrysostomi</strong></span> <span class='ocrx_word' id='word_1_375' title='bbox 2227 3367 2501 3422; x_wconf 84' lang='lat' dir='ltr'><strong>diaconus,</strong></span> <span class='ocrx_word' id='word_1_376' title='bbox 2532 3356 2716 3425; x_wconf 87' lang='lat' dir='ltr'><strong>viginti</strong></span> <span class='ocrx_word' id='word_1_377' title='bbox 2744 3366 2930 3406; x_wconf 90' lang='lat' dir='ltr'><strong>novem</strong></span> <span class='ocrx_word' id='word_1_378' title='bbox 2960 3345 3356 3401; x_wconf 88' lang='lat' dir='ltr'><strong>accusationum</strong></span> 
     </span>
    </p>
   </div>
   <div class='ocr_carea' id='block_1_61' title="bbox 1835 3432 3358 3534">
    <p class='ocr_par' dir='ltr' id='par_1_61' title="bbox 1835 3432 3358 3534">
     <span class='ocr_line' id='line_1_61' title="bbox 1835 3432 3358 3534; baseline -0.025 -13"><span class='ocrx_word' id='word_1_379' title='bbox 1835 3465 2092 3534; x_wconf 88' lang='lat' dir='ltr'><strong>capitibus</strong></span> <span class='ocrx_word' id='word_1_380' title='bbox 2143 3459 2393 3512; x_wconf 86' lang='lat' dir='ltr'><strong>refertum</strong></span> <span class='ocrx_word' id='word_1_381' title='bbox 2434 3466 2448 3514; x_wconf 92' lang='lat'><strong>;</strong></span> <span class='ocrx_word' id='word_1_382' title='bbox 2485 3448 2709 3500; x_wconf 89' lang='lat' dir='ltr'><strong>alterum</strong></span> <span class='ocrx_word' id='word_1_383' title='bbox 2755 3441 2997 3495; x_wconf 88' lang='lat' dir='ltr'><strong>Joannes</strong></span> <span class='ocrx_word' id='word_1_384' title='bbox 3047 3432 3358 3493; x_wconf 88' lang='lat' dir='ltr'><strong>monachus,</strong></span> 
     </span>
    </p>
   </div>
   <div class='ocr_carea' id='block_1_62' title="bbox 1836 3524 3359 3625">
    <p class='ocr_par' dir='ltr' id='par_1_62' title="bbox 1836 3524 3359 3625">
     <span class='ocr_line' id='line_1_62' title="bbox 1836 3524 3359 3625; baseline -0.024 -16"><span class='ocrx_word' id='word_1_385' title='bbox 1836 3524 1940 3625; x_wconf 69' lang='lat' dir='ltr'><strong>quo</strong></span> <span class='ocrx_word' id='word_1_386' title='bbox 1988 3549 2292 3607; x_wconf 86' lang='lat' dir='ltr'><strong>Heraclides</strong></span> <span class='ocrx_word' id='word_1_387' title='bbox 2330 3537 2645 3609; x_wconf 84' lang='lat' dir='ltr'><strong>Origenismi</strong></span> <span class='ocrx_word' id='word_1_388' title='bbox 2695 3548 2757 3588; x_wconf 90' lang='lat' dir='ltr'><strong>ac</strong></span> <span class='ocrx_word' id='word_1_389' title='bbox 2799 3530 2925 3584; x_wconf 91' lang='lat' dir='ltr'><strong>furti</strong></span> <span class='ocrx_word' id='word_1_390' title='bbox 2970 3524 3359 3582; x_wconf 82' lang='lat' dir='ltr'><strong>arcessebatur,</strong></span> 
     </span>
    </p>
   </div>
   <div class='ocr_carea' id='block_1_63' title="bbox 1836 3611 3364 3714">
    <p class='ocr_par' dir='ltr' id='par_1_63' title="bbox 1836 3611 3364 3714">
     <span class='ocr_line' id='line_1_63' title="bbox 1836 3611 3364 3714; baseline -0.026 -13"><span class='ocrx_word' id='word_1_391' title='bbox 1836 3611 2213 3714; x_wconf 62' lang='lat' dir='ltr'><strong>éltrysostonto</strong></span> <span class='ocrx_word' id='word_1_392' title='bbox 2258 3648 2386 3688; x_wconf 90' lang='lat' dir='ltr'><strong>vero</strong></span> <span class='ocrx_word' id='word_1_393' title='bbox 2433 3627 2644 3682; x_wconf 88' lang='lat' dir='ltr'><strong>crirniui</strong></span> <span class='ocrx_word' id='word_1_394' title='bbox 2675 3625 2921 3686; x_wconf 84' lang='lat' dir='ltr'><strong>dabatur,</strong></span> <span class='ocrx_word' id='word_1_395' title='bbox 2949 3617 3088 3688; x_wconf 89' lang='lat' dir='ltr'><strong>quod</strong></span> <span class='ocrx_word' id='word_1_396' title='bbox 3125 3611 3364 3667; x_wconf 83' lang='lat' dir='ltr'><strong>Heracli-</strong></span> 
     </span>
    </p>
   </div>
   <div class='ocr_carea' id='block_1_64' title="bbox 1838 3703 3366 3798">
    <p class='ocr_par' dir='ltr' id='par_1_64' title="bbox 1838 3703 3366 3798">
     <span class='ocr_line' id='line_1_64' title="bbox 1838 3703 3366 3798; baseline -0.025 -9"><span class='ocrx_word' id='word_1_397' title='bbox 1838 3737 1960 3798; x_wconf 89' lang='lat' dir='ltr'><strong>den,</strong></span> <span class='ocrx_word' id='word_1_398' title='bbox 1992 3730 2294 3786; x_wconf 74' lang='lat' dir='ltr'><strong>luereticum</strong></span> <span class='ocrx_word' id='word_1_399' title='bbox 2323 3725 2447 3778; x_wconf 89' lang='lat' dir='ltr'><strong>licet</strong></span> <span class='ocrx_word' id='word_1_400' title='bbox 2471 3736 2533 3773; x_wconf 88' lang='lat' dir='ltr'><strong>ac</strong></span> <span class='ocrx_word' id='word_1_401' title='bbox 2567 3716 2758 3776; x_wconf 87' lang='lat' dir='ltr'><strong>furem,</strong></span> <span class='ocrx_word' id='word_1_402' title='bbox 2814 3708 3135 3778; x_wconf 86' lang='lat' dir='ltr'><strong>Ephesinum</strong></span> <span class='ocrx_word' id='word_1_403' title='bbox 3159 3703 3366 3770; x_wconf 81' lang='lat' dir='ltr'><strong>episco-</strong></span> 
     </span>
    </p>
   </div>
   <div class='ocr_carea' id='block_1_65' title="bbox 1839 3789 3364 3893">
    <p class='ocr_par' dir='ltr' id='par_1_65' title="bbox 1839 3789 3364 3893">
     <span class='ocr_line' id='line_1_65' title="bbox 1839 3789 3364 3893; baseline -0.024 -17"><span class='ocrx_word' id='word_1_404' title='bbox 1839 3839 1960 3893; x_wconf 90' lang='lat' dir='ltr'><strong>pum</strong></span> <span class='ocrx_word' id='word_1_405' title='bbox 1989 3817 2380 3876; x_wconf 89' lang='lat' dir='ltr'><strong>constituisset,</strong></span> <span class='ocrx_word' id='word_1_406' title='bbox 2417 3811 2684 3872; x_wconf 90' lang='lat' dir='ltr'><strong>multaque</strong></span> <span class='ocrx_word' id='word_1_407' title='bbox 2715 3814 2902 3869; x_wconf 90' lang='lat' dir='ltr'><strong>passus</strong></span> <span class='ocrx_word' id='word_1_408' title='bbox 2959 3805 3098 3849; x_wconf 90' lang='lat' dir='ltr'><strong>esset</strong></span> <span class='ocrx_word' id='word_1_409' title='bbox 3121 3789 3364 3857; x_wconf 83' lang='lat' dir='ltr'><strong>Origeni-</strong></span> 
     </span>
    </p>
   </div>
   <div class='ocr_carea' id='block_1_66' title="bbox 1845 3880 3364 3968">
    <p class='ocr_par' dir='ltr' id='par_1_66' title="bbox 1845 3880 3364 3968">
     <span class='ocr_line' id='line_1_66' title="bbox 1845 3880 3364 3968; baseline -0.026 -3"><span class='ocrx_word' id='word_1_410' title='bbox 1845 3923 2042 3965; x_wconf 78' lang='lat' dir='ltr'><strong>Starum</strong></span> <span class='ocrx_word' id='word_1_411' title='bbox 2062 3918 2221 3958; x_wconf 89' lang='lat' dir='ltr'><strong>causa</strong></span> <span class='ocrx_word' id='word_1_412' title='bbox 2243 3921 2256 3965; x_wconf 92' lang='lat'><strong>;</strong></span> <span class='ocrx_word' id='word_1_413' title='bbox 2283 3897 2627 3968; x_wconf 88' lang='lat' dir='ltr'><strong>posteriorem</strong></span> <span class='ocrx_word' id='word_1_414' title='bbox 2657 3890 2795 3943; x_wconf 85' lang='lat' dir='ltr'><strong>dedit</strong></span> <span class='ocrx_word' id='word_1_415' title='bbox 2821 3885 3052 3939; x_wconf 86' lang='lat' dir='ltr'><strong>lsaacius</strong></span> <span class='ocrx_word' id='word_1_416' title='bbox 3071 3880 3364 3948; x_wconf 84' lang='lat' dir='ltr'><strong>episcopus,</strong></span> 
     </span>
    </p>
   </div>
   <div class='ocr_carea' id='block_1_67' title="bbox 1842 3973 3356 4067">
    <p class='ocr_par' dir='ltr' id='par_1_67' title="bbox 1842 3973 3356 4067">
     <span class='ocr_line' id='line_1_67' title="bbox 1842 3973 3356 4067; baseline -0.026 -12"><span class='ocrx_word' id='word_1_417' title='bbox 1842 4000 2013 4067; x_wconf 89' lang='lat' dir='ltr'><strong>capita</strong></span> <span class='ocrx_word' id='word_1_418' title='bbox 2043 3991 2336 4048; x_wconf 91' lang='lat' dir='ltr'><strong>octodecim</strong></span> <span class='ocrx_word' id='word_1_419' title='bbox 2373 3981 2801 4040; x_wconf 89' lang='lat' dir='ltr'><strong>criminationum</strong></span> <span class='ocrx_word' id='word_1_420' title='bbox 2845 3973 3200 4040; x_wconf 85' lang='lat' dir='ltr'><strong>complexum,</strong></span> <span class='ocrx_word' id='word_1_421' title='bbox 3233 3980 3356 4020; x_wconf 91' lang='lat' dir='ltr'><strong>cum</strong></span> 
     </span>
    </p>
   </div>
   <div class='ocr_carea' id='block_1_68' title="bbox 1844 4058 3362 4156">
    <p class='ocr_par' dir='ltr' id='par_1_68' title="bbox 1844 4058 3362 4156">
     <span class='ocr_line' id='line_1_68' title="bbox 1844 4058 3362 4156; baseline -0.026 -15"><span class='ocrx_word' id='word_1_422' title='bbox 1844 4089 1990 4156; x_wconf 90' lang='lat' dir='ltr'><strong>prius</strong></span> <span class='ocrx_word' id='word_1_423' title='bbox 2029 4075 2342 4148; x_wconf 75' lang='lat' dir='ltr'><strong>Origenismi</strong></span> <span class='ocrx_word' id='word_1_424' title='bbox 2393 4069 2634 4126; x_wconf 89' lang='lat' dir='ltr'><strong>eumdem</strong></span> <span class='ocrx_word' id='word_1_425' title='bbox 2684 4060 2994 4117; x_wconf 88' lang='lat' dir='ltr'><strong>Heracliden</strong></span> <span class='ocrx_word' id='word_1_426' title='bbox 3039 4058 3362 4108; x_wconf 82' lang='lat' dir='ltr'><strong>accusasset.</strong></span> 
     </span>
    </p>
   </div>
   <div class='ocr_carea' id='block_1_69' title="bbox 1844 4141 3369 4228">
    <p class='ocr_par' dir='ltr' id='par_1_69' title="bbox 1844 4141 3369 4228">
     <span class='ocr_line' id='line_1_69' title="bbox 1844 4141 3369 4228; baseline -0.026 -1"><span class='ocrx_word' id='word_1_427' title='bbox 1844 4141 2036 4228; x_wconf 51' lang='lat' dir='ltr'><strong>harrat</strong></span> <span class='ocrx_word' id='word_1_428' title='bbox 2072 4141 2287 4220; x_wconf 62' lang='lat' dir='ltr'><strong>Pliotius</strong></span> <span class='ocrx_word' id='word_1_429' title='bbox 2311 4159 2557 4214; x_wconf 91' lang='lat' dir='ltr'><strong>tredecim</strong></span> <span class='ocrx_word' id='word_1_430' title='bbox 2587 4151 2881 4206; x_wconf 86' lang='lat' dir='ltr'><strong>actionibus</strong></span> <span class='ocrx_word' id='word_1_431' title='bbox 2916 4143 3174 4214; x_wconf 86' lang='lat' dir='ltr'><strong>synodum</strong></span> <span class='ocrx_word' id='word_1_432' title='bbox 3197 4141 3369 4201; x_wconf 83' lang='lat' dir='ltr'><strong>illam,</strong></span> 
     </span>
    </p>
   </div>
   <div class='ocr_carea' id='block_1_70' title="bbox 1846 4227 3372 4334">
    <p class='ocr_par' dir='ltr' id='par_1_70' title="bbox 1846 4227 3372 4334">
     <span class='ocr_line' id='line_1_70' title="bbox 1846 4227 3372 4334; baseline -0.026 -19"><span class='ocrx_word' id='word_1_433' title='bbox 1846 4279 1963 4334; x_wconf 65' lang='lat' dir='ltr'><strong>quae</strong></span> <span class='ocrx_word' id='word_1_434' title='bbox 1993 4277 2020 4314; x_wconf 91' lang='lat' dir='ltr'><strong>a</strong></span> <span class='ocrx_word' id='word_1_435' title='bbox 2045 4274 2102 4312; x_wconf 90' lang='lat' dir='ltr'><strong>se</strong></span> <span class='ocrx_word' id='word_1_436' title='bbox 2131 4257 2265 4310; x_wconf 90' lang='lat' dir='ltr'><strong>lecta</strong></span> <span class='ocrx_word' id='word_1_437' title='bbox 2291 4261 2393 4313; x_wconf 91' lang='lat' dir='ltr'><strong>est,</strong></span> <span class='ocrx_word' id='word_1_438' title='bbox 2433 4246 2592 4299; x_wconf 86' lang='lat' dir='ltr'><strong>fuisse</strong></span> <span class='ocrx_word' id='word_1_439' title='bbox 2620 4238 2941 4296; x_wconf 89' lang='lat' dir='ltr'><strong>absolutam,</strong></span> <span class='ocrx_word' id='word_1_440' title='bbox 2984 4243 3202 4299; x_wconf 90' lang='lat' dir='ltr'><strong>quarum</strong></span> <span class='ocrx_word' id='word_1_441' title='bbox 3228 4227 3372 4294; x_wconf 88' lang='lat' dir='ltr'><strong>prio-</strong></span> 
     </span>
    </p>
   </div>
   <div class='ocr_carea' id='block_1_71' title="bbox 1850 4325 3372 4409">
    <p class='ocr_par' dir='ltr' id='par_1_71' title="bbox 1850 4325 3372 4409">
     <span class='ocr_line' id='line_1_71' title="bbox 1850 4325 3372 4409; baseline -0.029 1"><span class='ocrx_word' id='word_1_442' title='bbox 1850 4325 1932 4409; x_wconf 62' lang='lat' dir='ltr'><strong>res</strong></span> <span class='ocrx_word' id='word_1_443' title='bbox 1960 4347 2237 4406; x_wconf 87' lang='lat' dir='ltr'><strong>duodecim</strong></span> <span class='ocrx_word' id='word_1_444' title='bbox 2287 4343 2719 4409; x_wconf 83' lang='lat' dir='ltr'><strong>Chrysostnmum</strong></span> <span class='ocrx_word' id='word_1_445' title='bbox 2785 4325 3056 4395; x_wconf 88' lang='lat' dir='ltr'><strong>petebant,</strong></span> <span class='ocrx_word' id='word_1_446' title='bbox 3107 4327 3372 4386; x_wconf 84' lang='lat' dir='ltr'><strong>postrema</strong></span> 
     </span>
    </p>
   </div>
   <div class='ocr_carea' id='block_1_72' title="bbox 1776 4415 3376 4503">
    <p class='ocr_par' dir='ltr' id='par_1_72' title="bbox 1776 4415 3376 4503">
     <span class='ocr_line' id='line_1_72' title="bbox 1776 4415 3376 4503; baseline -0.028 -1"><span class='ocrx_word' id='word_1_447' title='bbox 1776 4451 1818 4503; x_wconf 92' lang='lat' dir='ltr'><strong>D</strong></span> <span class='ocrx_word' id='word_1_448' title='bbox 1849 4440 2184 4498; x_wconf 86' lang='lat' dir='ltr'><strong>Heracliden;</strong></span> <span class='ocrx_word' id='word_1_449' title='bbox 2210 4430 2400 4501; x_wconf 90' lang='lat' dir='ltr'><strong>prioris</strong></span> <span class='ocrx_word' id='word_1_450' title='bbox 2424 4425 2581 4478; x_wconf 89' lang='lat' dir='ltr'><strong>libelli</strong></span> <span class='ocrx_word' id='word_1_451' title='bbox 2627 4426 2784 4487; x_wconf 88' lang='lat' dir='ltr'><strong>caput</strong></span> <span class='ocrx_word' id='word_1_452' title='bbox 2812 4415 3038 4483; x_wconf 90' lang='lat' dir='ltr'><strong>primum</strong></span> <span class='ocrx_word' id='word_1_453' title='bbox 3089 4424 3151 4462; x_wconf 89' lang='lat' dir='ltr'><strong>ac</strong></span> <span class='ocrx_word' id='word_1_454' title='bbox 3195 4421 3376 4460; x_wconf 77' lang='lat' dir='ltr'><strong>secun-</strong></span> 
     </span>
    </p>
   </div>
   <div class='ocr_carea' id='block_1_73' title="bbox 1852 4495 3377 4585">
    <p class='ocr_par' dir='ltr' id='par_1_73' title="bbox 1852 4495 3377 4585">
     <span class='ocr_line' id='line_1_73' title="bbox 1852 4495 3377 4585; baseline -0.026 1"><span class='ocrx_word' id='word_1_455' title='bbox 1852 4535 1971 4585; x_wconf 91' lang='lat' dir='ltr'><strong>dum</strong></span> <span class='ocrx_word' id='word_1_456' title='bbox 2004 4525 2335 4582; x_wconf 82' lang='lat' dir='ltr'><strong>examinasse</strong></span> <span class='ocrx_word' id='word_1_457' title='bbox 2381 4515 2680 4584; x_wconf 82' lang='lat' dir='ltr'><strong>episcopos,</strong></span> <span class='ocrx_word' id='word_1_458' title='bbox 2713 4504 2832 4559; x_wconf 82' lang='lat' dir='ltr'><strong>inde</strong></span> <span class='ocrx_word' id='word_1_459' title='bbox 2873 4503 2923 4554; x_wconf 93' lang='lat' dir='ltr'><strong>in</strong></span> <span class='ocrx_word' id='word_1_460' title='bbox 2981 4495 3286 4552; x_wconf 79' lang='lat' dir='ltr'><strong>Heracliden</strong></span> <span class='ocrx_word' id='word_1_461' title='bbox 3322 4499 3377 4547; x_wconf 87' lang='lat' dir='ltr'><strong>et</strong></span> 
     </span>
    </p>
   </div>
   <div class='ocr_carea' id='block_1_74' title="bbox 1853 4586 3378 4681">
    <p class='ocr_par' dir='ltr' id='par_1_74' title="bbox 1853 4586 3378 4681">
     <span class='ocr_line' id='line_1_74' title="bbox 1853 4586 3378 4681; baseline -0.026 -6"><span class='ocrx_word' id='word_1_462' title='bbox 1853 4617 2136 4675; x_wconf 86' lang='lat' dir='ltr'><strong>Palladium</strong></span> <span class='ocrx_word' id='word_1_463' title='bbox 2163 4610 2504 4681; x_wconf 60' lang='lat' dir='ltr'><strong>quaestionem</strong></span> <span class='ocrx_word' id='word_1_464' title='bbox 2529 4598 2802 4664; x_wconf 85' lang='lat' dir='ltr'><strong>habuisse,</strong></span> <span class='ocrx_word' id='word_1_465' title='bbox 2831 4595 2882 4647; x_wconf 91' lang='lat' dir='ltr'><strong>iu</strong></span> <span class='ocrx_word' id='word_1_466' title='bbox 2913 4604 3106 4645; x_wconf 88' lang='lat' dir='ltr'><strong>nonum</strong></span> <span class='ocrx_word' id='word_1_467' title='bbox 3131 4586 3378 4653; x_wconf 86' lang='lat' dir='ltr'><strong>deinceps</strong></span> 
     </span>
    </p>
   </div>
   <div class='ocr_carea' id='block_1_75' title="bbox 1853 4675 3432 4767">
    <p class='ocr_par' dir='ltr' id='par_1_75' title="bbox 1853 4675 3432 4767">
     <span class='ocr_line' id='line_1_75' title="bbox 1853 4675 3432 4767; baseline -0.026 -2"><span class='ocrx_word' id='word_1_468' title='bbox 1853 4727 1914 4764; x_wconf 90' lang='lat' dir='ltr'><strong>ac</strong></span> <span class='ocrx_word' id='word_1_469' title='bbox 1930 4709 2236 4763; x_wconf 78' lang='lat' dir='ltr'><strong>vicesimum</strong></span> <span class='ocrx_word' id='word_1_470' title='bbox 2253 4697 2532 4767; x_wconf 89' lang='lat' dir='ltr'><strong>septimum</strong></span> <span class='ocrx_word' id='word_1_471' title='bbox 2549 4688 2706 4757; x_wconf 81' lang='lat' dir='ltr'><strong>caput</strong></span> <span class='ocrx_word' id='word_1_472' title='bbox 2726 4684 3060 4754; x_wconf 88' lang='lat' dir='ltr'><strong>inquisivisse</strong></span> <span class='ocrx_word' id='word_1_473' title='bbox 3082 4696 3097 4733; x_wconf 90' lang='lat'><strong>:</strong></span> <span class='ocrx_word' id='word_1_474' title='bbox 3123 4675 3375 4747; x_wconf 89' lang='lat' dir='ltr'><strong>postremi</strong></span> <span class='ocrx_word' id='word_1_475' title='bbox 3425 4727 3432 4738; x_wconf 60' lang='grc'><em>,</em></span> 
     </span>
    </p>
   </div>
   <div class='ocr_carea' id='block_1_76' title="bbox 1857 4766 3374 4869">
    <p class='ocr_par' dir='ltr' id='par_1_76' title="bbox 1857 4766 3374 4869">
     <span class='ocr_line' id='line_1_76' title="bbox 1857 4766 3374 4869; baseline -0.029 -12"><span class='ocrx_word' id='word_1_476' title='bbox 1857 4803 2083 4869; x_wconf 90' lang='lat' dir='ltr'><strong>denique</strong></span> <span class='ocrx_word' id='word_1_477' title='bbox 2133 4792 2292 4848; x_wconf 88' lang='lat' dir='ltr'><strong>libelli</strong></span> <span class='ocrx_word' id='word_1_478' title='bbox 2319 4766 2604 4843; x_wconf 84' lang='lat' dir='ltr'><strong>excussum</strong></span> <span class='ocrx_word' id='word_1_479' title='bbox 2658 4779 2818 4832; x_wconf 86' lang='lat' dir='ltr'><strong>fuisse</strong></span> <span class='ocrx_word' id='word_1_480' title='bbox 2867 4780 3022 4841; x_wconf 88' lang='lat' dir='ltr'><strong>caput</strong></span> <span class='ocrx_word' id='word_1_481' title='bbox 3069 4766 3374 4822; x_wconf 84' lang='lat' dir='ltr'><strong>secundum,</strong></span> 
     </span>
    </p>
   </div>
   <div class='ocr_carea' id='block_1_77' title="bbox 1855 4855 3378 4962">
    <p class='ocr_par' dir='ltr' id='par_1_77' title="bbox 1855 4855 3378 4962">
     <span class='ocr_line' id='line_1_77' title="bbox 1855 4855 3378 4962; baseline -0.03 -16"><span class='ocrx_word' id='word_1_482' title='bbox 1855 4855 2012 4962; x_wconf 50' lang='lat' dir='ltr'><strong>quod.</strong></span> <span class='ocrx_word' id='word_1_483' title='bbox 2045 4889 2142 4940; x_wconf 86' lang='lat' dir='ltr'><strong>fuit</strong></span> <span class='ocrx_word' id='word_1_484' title='bbox 2180 4876 2518 4950; x_wconf 69' lang='lat' dir='ltr'><strong>huiusmodi:</strong></span> <span class='ocrx_word' id='word_1_485' title='bbox 2560 4873 2678 4924; x_wconf 80' lang='grc' dir='ltr'><strong>Ὅτι</strong></span> <span class='ocrx_word' id='word_1_486' title='bbox 2713 4870 2740 4921; x_wconf 87' lang='grc' dir='ltr'>ὁ</span> <span class='ocrx_word' id='word_1_487' title='bbox 2777 4863 3036 4936; x_wconf 82' lang='grc' dir='ltr'><strong>μακάριος</strong></span> <span class='ocrx_word' id='word_1_488' title='bbox 3076 4855 3378 4923; x_wconf 74' lang='grc' dir='ltr'><strong>Ἐπιεράνιος</strong></span> 
     </span>
    </p>
   </div>
   <div class='ocr_carea' id='block_1_78' title="bbox 1856 4940 3378 5044">
    <p class='ocr_par' dir='ltr' id='par_1_78' title="bbox 1856 4940 3378 5044">
     <span class='ocr_line' id='line_1_78' title="bbox 1856 4940 3378 5044; baseline -0.031 -7"><span class='ocrx_word' id='word_1_489' title='bbox 1856 4940 1942 5038; x_wconf 44' lang='lat' dir='ltr'><strong>alia</strong></span> <span class='ocrx_word' id='word_1_490' title='bbox 1970 4980 2094 5040; x_wconf 69' lang='grc' dir='ltr'><strong>τοὺς</strong></span> <span class='ocrx_word' id='word_1_491' title='bbox 2132 4940 2550 5044; x_wconf 43' lang='grc' dir='ltr'><strong>Ὦριξενειαστὰς</strong></span> <span class='ocrx_word' id='word_1_492' title='bbox 2587 4957 2906 5030; x_wconf 80' lang='grc' dir='ltr'><strong>Ἀμμώνιον,</strong></span> <span class='ocrx_word' id='word_1_493' title='bbox 2961 4948 3258 5016; x_wconf 81' lang='grc' dir='ltr'><strong>Ἐυθύμιον,</strong></span> <span class='ocrx_word' id='word_1_494' title='bbox 3287 4940 3378 4992; x_wconf 74' lang='grc' dir='ltr'><strong>καὶ</strong></span> 
     </span>
    </p>
   </div>
   <div class='ocr_carea' id='block_1_79' title="bbox 1868 5030 3376 5143">
    <p class='ocr_par' dir='ltr' id='par_1_79' title="bbox 1868 5030 3376 5143">
     <span class='ocr_line' id='line_1_79' title="bbox 1868 5030 3376 5143; baseline -0.034 -16"><span class='ocrx_word' id='word_1_495' title='bbox 1868 5030 2232 5143; x_wconf 44' lang='grc' dir='ltr'><strong>ῑῆρᾷξλέίδηᾷ,</strong></span> <span class='ocrx_word' id='word_1_496' title='bbox 2249 5030 2339 5114; x_wconf 48' lang='grc' dir='ltr'><strong>ξω).</strong></span> <span class='ocrx_word' id='word_1_497' title='bbox 2360 5055 2666 5116; x_wconf 72' lang='grc' dir='ltr'><strong>Παλλάδιον,</strong></span> <span class='ocrx_word' id='word_1_498' title='bbox 2686 5049 2783 5101; x_wconf 71' lang='grc' dir='ltr'><strong>οὐκ</strong></span> <span class='ocrx_word' id='word_1_499' title='bbox 2807 5043 3023 5111; x_wconf 58' lang='lat' dir='ltr'><strong>suam</strong></span> <span class='ocrx_word' id='word_1_500' title='bbox 3046 5030 3376 5096; x_wconf 77' lang='grc' dir='ltr'><strong>κοινωνῆσαι.</strong></span> 
     </span>
    </p>
   </div>
   <div class='ocr_carea' id='block_1_80' title="bbox 1866 5123 3378 5220">
    <p class='ocr_par' dir='ltr' id='par_1_80' title="bbox 1866 5123 3378 5220">
     <span class='ocr_line' id='line_1_80' title="bbox 1866 5123 3378 5220; baseline -0.036 -5"><span class='ocrx_word' id='word_1_501' title='bbox 1866 5189 1884 5214; x_wconf 79' lang='grc' dir='ltr'>ι</span> <span class='ocrx_word' id='word_1_502' title='bbox 1917 5123 2130 5213; x_wconf 61' lang='lat' dir='ltr'><strong>Heatum</strong></span> <span class='ocrx_word' id='word_1_503' title='bbox 2167 5123 2511 5220; x_wconf 67' lang='lat' dir='ltr'><strong>lﬂpiphanium</strong></span> <span class='ocrx_word' id='word_1_504' title='bbox 2558 5149 2772 5209; x_wconf 80' lang='lat' dir='ltr'><strong>prOpter</strong></span> <span class='ocrx_word' id='word_1_505' title='bbox 2802 5128 3126 5200; x_wconf 83' lang='lat' dir='ltr'><strong>Origcuistas</strong></span> <span class='ocrx_word' id='word_1_506' title='bbox 3162 5123 3378 5170; x_wconf 83' lang='lat' dir='ltr'><strong>Ammo-</strong></span> 
     </span>
    </p>
   </div>
   <div class='ocr_carea' id='block_1_81' title="bbox 1860 5207 3381 5314">
    <p class='ocr_par' dir='ltr' id='par_1_81' title="bbox 1860 5207 3381 5314">
     <span class='ocr_line' id='line_1_81' title="bbox 1860 5207 3381 5314; baseline -0.039 -5"><span class='ocrx_word' id='word_1_507' title='bbox 1860 5255 2025 5314; x_wconf 91' lang='lat' dir='ltr'><strong>nium,</strong></span> <span class='ocrx_word' id='word_1_508' title='bbox 2083 5243 2440 5313; x_wconf 85' lang='lat' dir='ltr'><strong>Euthymium,</strong></span> <span class='ocrx_word' id='word_1_509' title='bbox 2504 5230 2804 5288; x_wconf 85' lang='lat' dir='ltr'><strong>Eusebium,</strong></span> <span class='ocrx_word' id='word_1_510' title='bbox 2849 5232 2903 5275; x_wconf 91' lang='lat' dir='ltr'><strong>et</strong></span> <span class='ocrx_word' id='word_1_511' title='bbox 2950 5207 3275 5270; x_wconf 87' lang='lat' dir='ltr'><strong>Heracliden,</strong></span> <span class='ocrx_word' id='word_1_512' title='bbox 3326 5209 3381 5253; x_wconf 91' lang='lat' dir='ltr'><strong>et</strong></span> 
     </span>
     <span class='ocr_line' id='line_1_82' title="bbox 2969 5289 3378 5314; baseline -0.037 0"><span class='ocrx_word' id='word_1_513' title='bbox 2969 5303 3040 5314; x_wconf 63' lang='grc' dir='ltr'><strong>η..</strong></span> <span class='ocrx_word' id='word_1_514' title='bbox 3164 5289 3378 5314; x_wconf 39' lang='lat' dir='ltr'><strong>mm“,</strong></span> 
     </span>
    </p>
   </div>
   <div class='ocr_carea' id='block_1_82' title="bbox 1858 5289 3380 5400">
    <p class='ocr_par' dir='ltr' id='par_1_82' title="bbox 1858 5289 3380 5400">
     <span class='ocr_line' id='line_1_83' title="bbox 1860 5289 2440 5314; baseline -0.033 -6"><span class='ocrx_word' id='word_1_515' title='bbox 1860 5289 2025 5314; x_wconf 83' lang='lat'><strong>........,</strong></span> <span class='ocrx_word' id='word_1_516' title='bbox 2083 5289 2242 5313; x_wconf 52' lang='grc' dir='ltr'><strong>--.ηδ</strong></span> <span class='ocrx_word' id='word_1_517' title='bbox 2427 5289 2440 5300; x_wconf 86' lang='grc'>,</span> 
     </span>
     <span class='ocr_line' id='line_1_84' title="bbox 1858 5289 3380 5400; baseline -0.035 -1"><span class='ocrx_word' id='word_1_518' title='bbox 1858 5341 2172 5400; x_wconf 84' lang='lat' dir='ltr'><strong>Palladium,</strong></span> <span class='ocrx_word' id='word_1_519' title='bbox 2215 5325 2640 5386; x_wconf 89' lang='lat' dir='ltr'><strong>communionem</strong></span> <span class='ocrx_word' id='word_1_520' title='bbox 2696 5329 2814 5372; x_wconf 92' lang='lat' dir='ltr'><strong>cum</strong></span> <span class='ocrx_word' id='word_1_521' title='bbox 2863 5323 2926 5362; x_wconf 91' lang='lat' dir='ltr'><strong>eo</strong></span> <span class='ocrx_word' id='word_1_522' title='bbox 2964 5289 3380 5371; x_wconf 78' lang='lat' dir='ltr'><strong>(Chrysostomo)</strong></span> 
     </span>
    </p>
   </div>
   <div class='ocr_carea' id='block_1_83' title="bbox 1862 5389 3384 5490">
    <p class='ocr_par' dir='ltr' id='par_1_83' title="bbox 1862 5389 3384 5490">
     <span class='ocr_line' id='line_1_85' title="bbox 1862 5389 3384 5490; baseline -0.041 0"><span class='ocrx_word' id='word_1_523' title='bbox 1862 5435 2054 5490; x_wconf 90' lang='lat' dir='ltr'><strong>habere</strong></span> <span class='ocrx_word' id='word_1_524' title='bbox 2081 5425 2349 5479; x_wconf 82' lang='lat' dir='ltr'><strong>noluisse;</strong></span> <span class='ocrx_word' id='word_1_525' title='bbox 2379 5437 2396 5468; x_wconf 74' lang='grc' dir='ltr'><strong><em>ι</em></strong></span> <span class='ocrx_word' id='word_1_526' title='bbox 2432 5422 2711 5470; x_wconf 84' lang='lat' dir='ltr'><strong>excussum</strong></span> <span class='ocrx_word' id='word_1_527' title='bbox 2751 5405 2958 5464; x_wconf 90' lang='lat' dir='ltr'><strong>insuper</strong></span> <span class='ocrx_word' id='word_1_528' title='bbox 2979 5389 3384 5490; x_wconf 53' lang='lat' dir='ltr'><strong>septimum‘ca-</strong></span> 
     </span>
    </p>
   </div>
   <div class='ocr_carea' id='block_1_84' title="bbox 1861 5469 3384 5593">
    <p class='ocr_par' dir='ltr' id='par_1_84' title="bbox 1861 5469 3384 5593">
     <span class='ocr_line' id='line_1_86' title="bbox 1862 5469 2348 5490; baseline -0.029 -2"><span class='ocrx_word' id='word_1_529' title='bbox 1862 5469 2054 5490; x_wconf 77' lang='grc' dir='ltr'><strong>ιΙιΙυνιυ</strong></span> <span class='ocrx_word' id='word_1_530' title='bbox 2082 5469 2311 5479; x_wconf 60' lang='grc' dir='ltr'><strong>--υ--υ-νν</strong></span> <span class='ocrx_word' id='word_1_531' title='bbox 2334 5469 2348 5473; x_wconf 89' lang='grc'><strong>-</strong></span> 
     </span>
     <span class='ocr_line' id='line_1_87' title="bbox 1861 5469 3384 5593; baseline -0.036 -16"><span class='ocrx_word' id='word_1_532' title='bbox 1861 5531 1974 5593; x_wconf 91' lang='lat' dir='ltr'><strong>put,</strong></span> <span class='ocrx_word' id='word_1_533' title='bbox 2004 5533 2067 5572; x_wconf 89' lang='lat' dir='ltr'><strong>ac</strong></span> <span class='ocrx_word' id='word_1_534' title='bbox 2091 5515 2279 5570; x_wconf 89' lang='lat' dir='ltr'><strong>deinde</strong></span> <span class='ocrx_word' id='word_1_535' title='bbox 2313 5507 2545 5562; x_wconf 90' lang='lat' dir='ltr'><strong>tertium.</strong></span> <span class='ocrx_word' id='word_1_536' title='bbox 2574 5499 2769 5552; x_wconf 62' lang='lat' dir='ltr'><strong>Praeter</strong></span> <span class='ocrx_word' id='word_1_537' title='bbox 2797 5485 2944 5545; x_wconf 90' lang='lat' dir='ltr'><strong>illud,</strong></span> <span class='ocrx_word' id='word_1_538' title='bbox 2976 5480 3076 5532; x_wconf 90' lang='lat' dir='ltr'><strong>duo</strong></span> <span class='ocrx_word' id='word_1_539' title='bbox 3100 5469 3384 5593; x_wconf 50' lang='lat' dir='ltr'><strong>aptnodum</strong></span> 
     </span>
     <span class='ocr_line' id='line_1_88' title="bbox 2594 5572 3382 5593; baseline -0.019 15"><span class='ocrx_word' id='word_1_540' title='bbox 2594 5589 2606 5593; x_wconf 78' lang='lat'><em>‘</em></span> <span class='ocrx_word' id='word_1_541' title='bbox 2704 5590 2712 5593; x_wconf 78' lang='grc'><strong><em>-</em></strong></span> <span class='ocrx_word' id='word_1_542' title='bbox 2821 5574 3045 5593; x_wconf 54' lang='grc' dir='ltr'><strong>-λ-ε-α---ηιι</strong></span> <span class='ocrx_word' id='word_1_543' title='bbox 3159 5572 3382 5593; x_wconf 65' lang='lat' dir='ltr'><strong>nonnon“</strong></span> 
     </span>
    </p>
   </div>
   <div class='ocr_carea' id='block_1_85' title="bbox 1867 5563 3382 5677">
    <p class='ocr_par' dir='ltr' id='par_1_85' title="bbox 1867 5563 3382 5677">
     <span class='ocr_line' id='line_1_89' title="bbox 1867 5563 2274 5593; baseline -0.034 -16"><span class='ocrx_word' id='word_1_544' title='bbox 1867 5563 1974 5593; x_wconf 58' lang='grc' dir='ltr'><strong>,ιιι-ς</strong></span> <span class='ocrx_word' id='word_1_545' title='bbox 2004 5563 2067 5572; x_wconf 69' lang='grc' dir='ltr'><strong>-ν</strong></span> <span class='ocrx_word' id='word_1_546' title='bbox 2094 5563 2274 5570; x_wconf 65' lang='grc' dir='ltr'><strong>---η--</strong></span> 
     </span>
     <span class='ocr_line' id='line_1_90' title="bbox 1867 5563 3382 5677; baseline -0.04 -9"><span class='ocrx_word' id='word_1_547' title='bbox 1867 5616 1930 5667; x_wconf 88' lang='lat' dir='ltr'><strong>ad</strong></span> <span class='ocrx_word' id='word_1_548' title='bbox 1969 5607 2355 5677; x_wconf 81' lang='lat' dir='ltr'><strong>Origenismum</strong></span> <span class='ocrx_word' id='word_1_549' title='bbox 2389 5589 2766 5666; x_wconf 81' lang='lat' dir='ltr'><strong>pertinebant;</strong></span> <span class='ocrx_word' id='word_1_550' title='bbox 2820 5574 3074 5641; x_wconf 85' lang='lat' dir='ltr'><strong>primum,</strong></span> <span class='ocrx_word' id='word_1_551' title='bbox 3117 5563 3382 5626; x_wconf 73' lang='lat' dir='ltr'><strong>Joannem</strong></span> 
     </span>
     <span class='ocr_line' id='line_1_91' title="bbox 2652 5647 3382 5677; baseline -0.037 26"><span class='ocrx_word' id='word_1_552' title='bbox 2652 5673 2662 5677; x_wconf 44' lang='grc' dir='ltr'><strong>Α</strong></span> <span class='ocrx_word' id='word_1_553' title='bbox 3029 5647 3382 5677; x_wconf 58' lang='grc' dir='ltr'><strong>θ’·-ι---Αηοηιιὶῖ</strong></span> 
     </span>
    </p>
   </div>
   <div class='ocr_carea' id='block_1_86' title="bbox 1868 5647 3386 5760">
    <p class='ocr_par' dir='ltr' id='par_1_86' title="bbox 1868 5647 3386 5760">
     <span class='ocr_line' id='line_1_92' title="bbox 1868 5647 3386 5760; baseline -0.04 0"><span class='ocrx_word' id='word_1_554' title='bbox 1868 5649 2182 5760; x_wconf 56' lang='lat' dir='ltr'><strong>monachum</strong></span> <span class='ocrx_word' id='word_1_555' title='bbox 2219 5647 2430 5760; x_wconf 56' lang='lat' dir='ltr'><strong>propter</strong></span> <span class='ocrx_word' id='word_1_556' title='bbox 2456 5673 2779 5744; x_wconf 76' lang='lat' dir='ltr'><strong>Origeuistas</strong></span> <span class='ocrx_word' id='word_1_557' title='bbox 2804 5677 2998 5719; x_wconf 76' lang='lat' dir='ltr'><strong>caesum</strong></span> <span class='ocrx_word' id='word_1_558' title='bbox 3028 5647 3386 5727; x_wconf 85' lang='lat' dir='ltr'><strong>Chrysostomi</strong></span> 
     </span>
    </p>
   </div>
   <div class='ocr_carea' id='block_1_87' title="bbox 162 2679 1723 2779">
    <p class='ocr_par' dir='ltr' id='par_1_87' title="bbox 162 2679 1723 2779">
     <span class='ocr_line' id='line_1_93' title="bbox 162 2679 1723 2779; baseline -0.024 -13"><span class='ocrx_word' id='word_1_559' title='bbox 162 2707 420 2779; x_wconf 86' lang='lat' dir='ltr'><strong>epistola</strong></span> <span class='ocrx_word' id='word_1_560' title='bbox 480 2703 543 2754; x_wconf 88' lang='lat' dir='ltr'><strong>ad</strong></span> <span class='ocrx_word' id='word_1_561' title='bbox 594 2697 950 2752; x_wconf 87' lang='lat' dir='ltr'><strong>Innocentium</strong></span> <span class='ocrx_word' id='word_1_562' title='bbox 1021 2703 1240 2760; x_wconf 76' lang='lat' dir='ltr'><strong>papam,</strong></span> <span class='ocrx_word' id='word_1_563' title='bbox 1294 2699 1448 2752; x_wconf 88' lang='lat' dir='ltr'><strong>quam</strong></span> <span class='ocrx_word' id='word_1_564' title='bbox 1517 2679 1723 2734; x_wconf 87' lang='lat' dir='ltr'><strong>exhibet</strong></span> 
     </span>
    </p>
   </div>
   <div class='ocr_carea' id='block_1_88' title="bbox 163 2767 1723 2855">
    <p class='ocr_par' dir='ltr' id='par_1_88' title="bbox 163 2767 1723 2855">
     <span class='ocr_line' id='line_1_94' title="bbox 163 2767 1723 2855; baseline -0.024 -1"><span class='ocrx_word' id='word_1_565' title='bbox 163 2797 486 2855; x_wconf 67' lang='lat' dir='ltr'><strong>Paiiadius.</strong></span> <span class='ocrx_word' id='word_1_566' title='bbox 528 2790 633 2843; x_wconf 86' lang='lat' dir='ltr'><strong>Le0</strong></span> <span class='ocrx_word' id='word_1_567' title='bbox 677 2797 849 2841; x_wconf 91' lang='lat' dir='ltr'><strong>autem</strong></span> <span class='ocrx_word' id='word_1_568' title='bbox 899 2784 1222 2850; x_wconf 89' lang='lat' dir='ltr'><strong>imperator,</strong></span> <span class='ocrx_word' id='word_1_569' title='bbox 1255 2778 1600 2841; x_wconf 83' lang='lat' dir='ltr'><strong>cognomento</strong></span> <span class='ocrx_word' id='word_1_570' title='bbox 1624 2767 1723 2819; x_wconf 85' lang='lat' dir='ltr'><strong>Sa-</strong></span> 
     </span>
    </p>
   </div>
   <div class='ocr_carea' id='block_1_89' title="bbox 167 2857 1725 2958">
    <p class='ocr_par' dir='ltr' id='par_1_89' title="bbox 167 2857 1725 2958">
     <span class='ocr_line' id='line_1_95' title="bbox 167 2857 1725 2958; baseline -0.026 -14"><span class='ocrx_word' id='word_1_571' title='bbox 167 2890 367 2958; x_wconf 85' lang='lat' dir='ltr'><strong>piens,</strong></span> <span class='ocrx_word' id='word_1_572' title='bbox 415 2879 603 2936; x_wconf 88' lang='lat' dir='ltr'><strong>scribit</strong></span> <span class='ocrx_word' id='word_1_573' title='bbox 650 2879 702 2929; x_wconf 93' lang='lat' dir='ltr'><strong>in</strong></span> <span class='ocrx_word' id='word_1_574' title='bbox 733 2873 851 2927; x_wconf 76' lang='lat' dir='ltr'><strong>Vita</strong></span> <span class='ocrx_word' id='word_1_575' title='bbox 876 2865 1252 2939; x_wconf 82' lang='lat' dir='ltr'><strong>Chrysostomi,</strong></span> <span class='ocrx_word' id='word_1_576' title='bbox 1299 2860 1514 2929; x_wconf 80' lang='lat' dir='ltr'><strong>iussisse</strong></span> <span class='ocrx_word' id='word_1_577' title='bbox 1559 2857 1725 2909; x_wconf 82' lang='lat' dir='ltr'><strong>Arca-</strong></span> 
     </span>
    </p>
   </div>
   <div class='ocr_carea' id='block_1_90' title="bbox 165 2947 1723 3031">
    <p class='ocr_par' dir='ltr' id='par_1_90' title="bbox 165 2947 1723 3031">
     <span class='ocr_line' id='line_1_96' title="bbox 165 2947 1723 3031; baseline -0.022 1"><span class='ocrx_word' id='word_1_578' title='bbox 165 2980 330 3031; x_wconf 77' lang='lat' dir='ltr'><strong>dium</strong></span> <span class='ocrx_word' id='word_1_579' title='bbox 392 2973 442 3023; x_wconf 82' lang='lat' dir='ltr'><strong>vi</strong></span> <span class='ocrx_word' id='word_1_580' title='bbox 494 2969 683 3022; x_wconf 88' lang='lat' dir='ltr'><strong>adduci</strong></span> <span class='ocrx_word' id='word_1_581' title='bbox 740 2961 1107 3028; x_wconf 84' lang='lat' dir='ltr'><strong>Theophilum,</strong></span> <span class='ocrx_word' id='word_1_582' title='bbox 1168 2969 1284 3008; x_wconf 85' lang='lat' dir='ltr'><strong>cum</strong></span> <span class='ocrx_word' id='word_1_583' title='bbox 1317 2964 1431 3017; x_wconf 81' lang='lat' dir='ltr'><strong>qrue</strong></span> <span class='ocrx_word' id='word_1_584' title='bbox 1476 2947 1723 2999; x_wconf 88' lang='lat' dir='ltr'><strong>adversus</strong></span> 
     </span>
    </p>
   </div>
   <div class='ocr_carea' id='block_1_91' title="bbox 166 3033 1729 3120">
    <p class='ocr_par' dir='ltr' id='par_1_91' title="bbox 166 3033 1729 3120">
     <span class='ocr_line' id='line_1_97' title="bbox 166 3033 1729 3120; baseline -0.022 -2"><span class='ocrx_word' id='word_1_585' title='bbox 166 3066 458 3120; x_wconf 87' lang='lat' dir='ltr'><strong>Joannem</strong></span> <span class='ocrx_word' id='word_1_586' title='bbox 495 3055 669 3108; x_wconf 86' lang='lat' dir='ltr'><strong>fuerat</strong></span> <span class='ocrx_word' id='word_1_587' title='bbox 727 3051 938 3104; x_wconf 88' lang='lat' dir='ltr'><strong>molitus</strong></span> <span class='ocrx_word' id='word_1_588' title='bbox 973 3044 1348 3112; x_wconf 87' lang='lat' dir='ltr'><strong>comperisset;</strong></span> <span class='ocrx_word' id='word_1_589' title='bbox 1393 3046 1445 3091; x_wconf 91' lang='lat' dir='ltr'><strong>et</strong></span> <span class='ocrx_word' id='word_1_590' title='bbox 1481 3037 1546 3089; x_wconf 93' lang='lat' dir='ltr'><strong>ab</strong></span> <span class='ocrx_word' id='word_1_591' title='bbox 1577 3033 1729 3086; x_wconf 85' lang='lat' dir='ltr'><strong>Inno-</strong></span> 
     </span>
    </p>
   </div>
   <div class='ocr_carea' id='block_1_92' title="bbox 168 3125 1796 3217">
    <p class='ocr_par' dir='ltr' id='par_1_92' title="bbox 168 3125 1796 3217">
     <span class='ocr_line' id='line_1_98' title="bbox 168 3125 1796 3217; baseline -0.026 -6"><span class='ocrx_word' id='word_1_592' title='bbox 168 3153 374 3210; x_wconf 87' lang='lat' dir='ltr'><strong>centio</strong></span> <span class='ocrx_word' id='word_1_593' title='bbox 422 3146 670 3217; x_wconf 88' lang='lat' dir='ltr'><strong>poutilicc</strong></span> <span class='ocrx_word' id='word_1_594' title='bbox 703 3141 956 3201; x_wconf 78' lang='lat' dir='ltr'><strong>Romano,</strong></span> <span class='ocrx_word' id='word_1_595' title='bbox 987 3144 1038 3189; x_wconf 92' lang='lat' dir='ltr'><strong>et</strong></span> <span class='ocrx_word' id='word_1_596' title='bbox 1070 3135 1134 3186; x_wconf 90' lang='lat' dir='ltr'><strong>ab</strong></span> <span class='ocrx_word' id='word_1_597' title='bbox 1165 3129 1393 3184; x_wconf 91' lang='lat' dir='ltr'><strong>Honorio</strong></span> <span class='ocrx_word' id='word_1_598' title='bbox 1428 3125 1590 3178; x_wconf 89' lang='lat' dir='ltr'><strong>fratre</strong></span> <span class='ocrx_word' id='word_1_599' title='bbox 1639 3135 1729 3188; x_wconf 90' lang='lat' dir='ltr'><strong>po-</strong></span> <span class='ocrx_word' id='word_1_600' title='bbox 1754 3151 1796 3208; x_wconf 64' lang='grc' dir='ltr'>ο</span> 
     </span>
    </p>
   </div>
   <div class='ocr_carea' id='block_1_93' title="bbox 169 3209 1730 3303">
    <p class='ocr_par' dir='ltr' id='par_1_93' title="bbox 169 3209 1730 3303">
     <span class='ocr_line' id='line_1_99' title="bbox 169 3209 1730 3303; baseline -0.025 -4"><span class='ocrx_word' id='word_1_601' title='bbox 169 3245 452 3303; x_wconf 86' lang='lat' dir='ltr'><strong>stulasse,</strong></span> <span class='ocrx_word' id='word_1_602' title='bbox 489 3245 546 3290; x_wconf 88' lang='lat' dir='ltr'><strong>ut</strong></span> <span class='ocrx_word' id='word_1_603' title='bbox 574 3235 732 3301; x_wconf 85' lang='lat' dir='ltr'><strong>aliqui</strong></span> <span class='ocrx_word' id='word_1_604' title='bbox 764 3231 928 3283; x_wconf 75' lang='lat' dir='ltr'><strong>Roma</strong></span> <span class='ocrx_word' id='word_1_605' title='bbox 973 3226 1323 3281; x_wconf 88' lang='lat' dir='ltr'><strong>mitterentur,</strong></span> <span class='ocrx_word' id='word_1_606' title='bbox 1354 3216 1442 3284; x_wconf 92' lang='lat' dir='ltr'><strong>qui</strong></span> <span class='ocrx_word' id='word_1_607' title='bbox 1474 3214 1537 3266; x_wconf 85' lang='lat' dir='ltr'><strong>de</strong></span> <span class='ocrx_word' id='word_1_608' title='bbox 1558 3209 1730 3263; x_wconf 91' lang='lat' dir='ltr'><strong>Theo-</strong></span> 
     </span>
    </p>
   </div>
   <div class='ocr_carea' id='block_1_94' title="bbox 170 3300 1730 3404">
    <p class='ocr_par' dir='ltr' id='par_1_94' title="bbox 170 3300 1730 3404">
     <span class='ocr_line' id='line_1_100' title="bbox 170 3300 1730 3404; baseline -0.026 -16"><span class='ocrx_word' id='word_1_609' title='bbox 170 3334 316 3404; x_wconf 92' lang='lat' dir='ltr'><strong>phili</strong></span> <span class='ocrx_word' id='word_1_610' title='bbox 345 3342 514 3383; x_wconf 85' lang='lat' dir='ltr'><strong>causa</strong></span> <span class='ocrx_word' id='word_1_611' title='bbox 540 3327 958 3389; x_wconf 83' lang='lat' dir='ltr'><strong>cognoscerent:</strong></span> <span class='ocrx_word' id='word_1_612' title='bbox 991 3313 1378 3381; x_wconf 85' lang='lat' dir='ltr'><strong>tergiversante</strong></span> <span class='ocrx_word' id='word_1_613' title='bbox 1412 3317 1536 3356; x_wconf 85' lang='lat' dir='ltr'><strong>vero</strong></span> <span class='ocrx_word' id='word_1_614' title='bbox 1570 3300 1730 3352; x_wconf 86' lang='lat' dir='ltr'><strong>Inno-</strong></span> 
     </span>
    </p>
   </div>
   <div class='ocr_carea' id='block_1_95' title="bbox 168 3388 1735 3481">
    <p class='ocr_par' dir='ltr' id='par_1_95' title="bbox 168 3388 1735 3481">
     <span class='ocr_line' id='line_1_101' title="bbox 168 3388 1735 3481; baseline -0.024 -5"><span class='ocrx_word' id='word_1_615' title='bbox 168 3388 401 3481; x_wconf 67' lang='lat' dir='ltr'><strong>centio,</strong></span> <span class='ocrx_word' id='word_1_616' title='bbox 455 3388 803 3478; x_wconf 85' lang='lat' dir='ltr'><strong>Theophilum</strong></span> <span class='ocrx_word' id='word_1_617' title='bbox 857 3399 1168 3473; x_wconf 80' lang='lat' dir='ltr'><strong>Origenismi</strong></span> <span class='ocrx_word' id='word_1_618' title='bbox 1228 3397 1400 3449; x_wconf 86' lang='lat' dir='ltr'><strong>dicam</strong></span> <span class='ocrx_word' id='word_1_619' title='bbox 1459 3388 1735 3458; x_wconf 90' lang='lat' dir='ltr'><strong>scripsisse</strong></span> 
     </span>
    </p>
   </div>
   <div class='ocr_carea' id='block_1_96' title="bbox 166 3473 1735 3567">
    <p class='ocr_par' dir='ltr' id='par_1_96' title="bbox 166 3473 1735 3567">
     <span class='ocr_line' id='line_1_102' title="bbox 166 3473 1735 3567; baseline -0.026 -2"><span class='ocrx_word' id='word_1_620' title='bbox 166 3507 415 3567; x_wconf 89' lang='lat' dir='ltr'><strong>Joanni,</strong></span> <span class='ocrx_word' id='word_1_621' title='bbox 451 3512 506 3556; x_wconf 88' lang='lat' dir='ltr'><strong>et</strong></span> <span class='ocrx_word' id='word_1_622' title='bbox 547 3473 896 3553; x_wconf 76' lang='lat' dir='ltr'><strong>Nitriensibus</strong></span> <span class='ocrx_word' id='word_1_623' title='bbox 943 3487 1213 3544; x_wconf 91' lang='lat' dir='ltr'><strong>monachis</strong></span> <span class='ocrx_word' id='word_1_624' title='bbox 1238 3527 1252 3548; x_wconf 94' lang='lat'><strong>,</strong></span> <span class='ocrx_word' id='word_1_625' title='bbox 1291 3497 1320 3536; x_wconf 90' lang='lat' dir='ltr'><strong>a</strong></span> <span class='ocrx_word' id='word_1_626' title='bbox 1369 3479 1558 3549; x_wconf 89' lang='lat' dir='ltr'><strong>quibus</strong></span> <span class='ocrx_word' id='word_1_627' title='bbox 1599 3473 1735 3543; x_wconf 90' lang='lat' dir='ltr'><strong>apud</strong></span> 
     </span>
    </p>
   </div>
   <div class='ocr_carea' id='block_1_97' title="bbox 171 3569 1738 3669">
    <p class='ocr_par' dir='ltr' id='par_1_97' title="bbox 171 3569 1738 3669">
     <span class='ocr_line' id='line_1_103' title="bbox 171 3569 1738 3669; baseline -0.026 -14"><span class='ocrx_word' id='word_1_628' title='bbox 171 3603 580 3669; x_wconf 80' lang='lat' dir='ltr'><strong>imperatorem</strong></span> <span class='ocrx_word' id='word_1_629' title='bbox 626 3589 794 3639; x_wconf 88' lang='lat' dir='ltr'><strong>fuerat</strong></span> <span class='ocrx_word' id='word_1_630' title='bbox 844 3587 1142 3636; x_wconf 82' lang='lat' dir='ltr'><strong>accusatus,</strong></span> <span class='ocrx_word' id='word_1_631' title='bbox 1177 3585 1404 3638; x_wconf 79' lang='lat' dir='ltr'><strong>suasque</strong></span> <span class='ocrx_word' id='word_1_632' title='bbox 1457 3569 1509 3620; x_wconf 91' lang='lat' dir='ltr'><strong>in</strong></span> <span class='ocrx_word' id='word_1_633' title='bbox 1561 3573 1738 3632; x_wconf 87' lang='lat' dir='ltr'><strong>partes</strong></span> 
     </span>
    </p>
   </div>
   <div class='ocr_carea' id='block_1_98' title="bbox 171 3656 1740 3763">
    <p class='ocr_par' dir='ltr' id='par_1_98' title="bbox 171 3656 1740 3763">
     <span class='ocr_line' id='line_1_104' title="bbox 171 3656 1740 3763; baseline -0.028 -14"><span class='ocrx_word' id='word_1_634' title='bbox 171 3656 561 3763; x_wconf 74' lang='lat' dir='ltr'><strong>Epiphanium</strong></span> <span class='ocrx_word' id='word_1_635' title='bbox 613 3678 856 3732; x_wconf 84' lang='lat' dir='ltr'><strong>illexisse.</strong></span> <span class='ocrx_word' id='word_1_636' title='bbox 894 3671 1120 3725; x_wconf 78' lang='lat' dir='ltr'><strong>Narrant</strong></span> <span class='ocrx_word' id='word_1_637' title='bbox 1145 3665 1250 3719; x_wconf 65' lang='lat' dir='ltr'><strong>Lm</strong></span> <span class='ocrx_word' id='word_1_638' title='bbox 1277 3673 1327 3714; x_wconf 90' lang='lat' dir='ltr'><strong>et</strong></span> <span class='ocrx_word' id='word_1_639' title='bbox 1355 3658 1614 3714; x_wconf 85' lang='lat' dir='ltr'><strong>Palladius</strong></span> <span class='ocrx_word' id='word_1_640' title='bbox 1647 3656 1740 3708; x_wconf 86' lang='lat' dir='ltr'><strong>da-</strong></span> 
     </span>
    </p>
   </div>
   <div class='ocr_carea' id='block_1_99' title="bbox 171 3745 1739 3838">
    <p class='ocr_par' dir='ltr' id='par_1_99' title="bbox 171 3745 1739 3838">
     <span class='ocr_line' id='line_1_105' title="bbox 171 3745 1739 3838; baseline -0.026 -3"><span class='ocrx_word' id='word_1_641' title='bbox 171 3745 262 3838; x_wconf 46' lang='lat' dir='ltr'><strong>to‘s</strong></span> <span class='ocrx_word' id='word_1_642' title='bbox 285 3745 584 3833; x_wconf 41' lang='lat' dir='ltr'><strong>tadversus</strong></span> <span class='ocrx_word' id='word_1_643' title='bbox 613 3762 958 3830; x_wconf 87' lang='lat' dir='ltr'><strong>Theophilum</strong></span> <span class='ocrx_word' id='word_1_644' title='bbox 985 3750 1342 3810; x_wconf 88' lang='lat' dir='ltr'><strong>accusationis</strong></span> <span class='ocrx_word' id='word_1_645' title='bbox 1392 3745 1617 3805; x_wconf 91' lang='lat' dir='ltr'><strong>libellos,</strong></span> <span class='ocrx_word' id='word_1_646' title='bbox 1665 3756 1739 3795; x_wconf 87' lang='lat' dir='ltr'><strong>se-</strong></span> 
     </span>
    </p>
   </div>
   <div class='ocr_carea' id='block_1_100' title="bbox 169 3831 1741 3942">
    <p class='ocr_par' dir='ltr' id='par_1_100' title="bbox 169 3831 1741 3942">
     <span class='ocr_line' id='line_1_106' title="bbox 169 3831 1741 3942; baseline -0.029 -17"><span class='ocrx_word' id='word_1_647' title='bbox 169 3868 483 3942; x_wconf 83' lang='lat' dir='ltr'><strong>ptuaginta</strong></span> <span class='ocrx_word' id='word_1_648' title='bbox 517 3856 691 3924; x_wconf 82' lang='lat' dir='ltr'><strong>capita</strong></span> <span class='ocrx_word' id='word_1_649' title='bbox 742 3850 1016 3908; x_wconf 87' lang='lat' dir='ltr'><strong>habuisse.</strong></span> <span class='ocrx_word' id='word_1_650' title='bbox 1051 3843 1274 3895; x_wconf 84' lang='lat' dir='ltr'><strong>Malurat</strong></span> <span class='ocrx_word' id='word_1_651' title='bbox 1293 3850 1417 3904; x_wconf 84' lang='lat' dir='ltr'><strong>ergo</strong></span> <span class='ocrx_word' id='word_1_652' title='bbox 1449 3835 1549 3886; x_wconf 88' lang='lat' dir='ltr'><strong>iter</strong></span> <span class='ocrx_word' id='word_1_653' title='bbox 1574 3831 1741 3882; x_wconf 83' lang='lat' dir='ltr'><strong>Theo-</strong></span> 
     </span>
     <span class='ocr_line' id='line_1_107' title="bbox 1123 3921 1736 3942; baseline -0.021 0"><span class='ocrx_word' id='word_1_654' title='bbox 1123 3933 1152 3942; x_wconf 32' lang='grc' dir='ltr'><em>,ν</em></span> <span class='ocrx_word' id='word_1_655' title='bbox 1224 3927 1263 3942; x_wconf 61' lang='grc' dir='ltr'><strong>,η</strong></span> <span class='ocrx_word' id='word_1_656' title='bbox 1319 3926 1357 3942; x_wconf 24' lang='grc' dir='ltr'><strong>,μ</strong></span> <span class='ocrx_word' id='word_1_657' title='bbox 1388 3940 1410 3942; x_wconf 23' lang='grc' dir='ltr'><em>ν,</em></span> <span class='ocrx_word' id='word_1_658' title='bbox 1477 3921 1736 3942; x_wconf 46' lang='grc' dir='ltr'>η-ηηηη,</span> 
     </span>
    </p>
   </div>
   <div class='ocr_carea' id='block_1_101' title="bbox 171 3921 1742 4030">
    <p class='ocr_par' dir='ltr' id='par_1_101' title="bbox 171 3921 1742 4030">
     <span class='ocr_line' id='line_1_108' title="bbox 171 3921 1742 4030; baseline -0.031 -13"><span class='ocrx_word' id='word_1_659' title='bbox 171 3921 406 4030; x_wconf 56' lang='grc' dir='ltr'><strong>ξιιιίιιῗε,</strong></span> <span class='ocrx_word' id='word_1_660' title='bbox 439 3958 495 4004; x_wconf 89' lang='lat' dir='ltr'><strong>et</strong></span> <span class='ocrx_word' id='word_1_661' title='bbox 521 3945 902 4001; x_wconf 76' lang='lat' dir='ltr'><strong>Chalcedoneu‘.</strong></span> <span class='ocrx_word' id='word_1_662' title='bbox 927 3933 1180 4005; x_wconf 77' lang='lat' dir='ltr'><strong>pervenit.</strong></span> <span class='ocrx_word' id='word_1_663' title='bbox 1224 3926 1417 3980; x_wconf 80' lang='lat' dir='ltr'><strong>Eodem</strong></span> <span class='ocrx_word' id='word_1_664' title='bbox 1471 3921 1742 3975; x_wconf 84' lang='lat' dir='ltr'><strong>conﬂuunt</strong></span> 
     </span>
    </p>
   </div>
   <div class='ocr_carea' id='block_1_102' title="bbox 164 4011 1744 4114">
    <p class='ocr_par' dir='ltr' id='par_1_102' title="bbox 164 4011 1744 4114">
     <span class='ocr_line' id='line_1_109' title="bbox 164 4011 1744 4114; baseline -0.028 -14"><span class='ocrx_word' id='word_1_665' title='bbox 164 4011 470 4114; x_wconf 63' lang='lat' dir='ltr'><strong>episcopi,</strong></span> <span class='ocrx_word' id='word_1_666' title='bbox 532 4032 720 4100; x_wconf 82' lang='lat' dir='ltr'><strong>partim</strong></span> <span class='ocrx_word' id='word_1_667' title='bbox 744 4023 1018 4093; x_wconf 84' lang='lat' dir='ltr'><strong>Theophili</strong></span> <span class='ocrx_word' id='word_1_668' title='bbox 1055 4019 1269 4078; x_wconf 90' lang='lat' dir='ltr'><strong>nuntiis,</strong></span> <span class='ocrx_word' id='word_1_669' title='bbox 1301 4013 1488 4082; x_wconf 88' lang='lat' dir='ltr'><strong>partim</strong></span> <span class='ocrx_word' id='word_1_670' title='bbox 1516 4011 1744 4076; x_wconf 89' lang='lat' dir='ltr'><strong>impera-</strong></span> 
     </span>
    </p>
   </div>
   <div class='ocr_carea' id='block_1_103' title="bbox 172 4103 1745 4193">
    <p class='ocr_par' dir='ltr' id='par_1_103' title="bbox 172 4103 1745 4193">
     <span class='ocr_line' id='line_1_110' title="bbox 172 4103 1745 4193; baseline -0.024 -6"><span class='ocrx_word' id='word_1_671' title='bbox 172 4139 326 4193; x_wconf 82' lang='lat' dir='ltr'><strong>toris</strong></span> <span class='ocrx_word' id='word_1_672' title='bbox 369 4125 630 4183; x_wconf 86' lang='lat' dir='ltr'><strong>mandato</strong></span> <span class='ocrx_word' id='word_1_673' title='bbox 655 4119 833 4174; x_wconf 86' lang='lat' dir='ltr'><strong>exciti.</strong></span> <span class='ocrx_word' id='word_1_674' title='bbox 882 4116 956 4170; x_wconf 75' lang='lat' dir='ltr'><strong>Es</strong></span> <span class='ocrx_word' id='word_1_675' title='bbox 1009 4127 1109 4165; x_wconf 90' lang='lat' dir='ltr'><strong>una</strong></span> <span class='ocrx_word' id='word_1_676' title='bbox 1144 4121 1328 4163; x_wconf 90' lang='lat' dir='ltr'><strong>omnes</strong></span> <span class='ocrx_word' id='word_1_677' title='bbox 1375 4103 1579 4156; x_wconf 88' lang='lat' dir='ltr'><strong>venisse</strong></span> <span class='ocrx_word' id='word_1_678' title='bbox 1621 4113 1745 4168; x_wconf 92' lang='lat' dir='ltr'><strong>pro-</strong></span> 
     </span>
    </p>
   </div>
   <div class='ocr_carea' id='block_1_104' title="bbox 172 4193 1747 4282">
    <p class='ocr_par' dir='ltr' id='par_1_104' title="bbox 172 4193 1747 4282">
     <span class='ocr_line' id='line_1_111' title="bbox 172 4193 1747 4282; baseline -0.027 2"><span class='ocrx_word' id='word_1_679' title='bbox 172 4225 380 4282; x_wconf 81' lang='lat' dir='ltr'><strong>vincia</strong></span> <span class='ocrx_word' id='word_1_680' title='bbox 415 4215 609 4273; x_wconf 91' lang='lat' dir='ltr'><strong>scribit</strong></span> <span class='ocrx_word' id='word_1_681' title='bbox 651 4209 956 4270; x_wconf 88' lang='lat' dir='ltr'><strong>Palladins;</strong></span> <span class='ocrx_word' id='word_1_682' title='bbox 995 4204 1081 4255; x_wconf 91' lang='lat' dir='ltr'><strong>alii</strong></span> <span class='ocrx_word' id='word_1_683' title='bbox 1121 4216 1186 4255; x_wconf 84' lang='lat' dir='ltr'><strong>ex</strong></span> <span class='ocrx_word' id='word_1_684' title='bbox 1225 4196 1480 4267; x_wconf 64' lang='lat' dir='ltr'><strong>Egypto,</strong></span> <span class='ocrx_word' id='word_1_685' title='bbox 1529 4193 1747 4257; x_wconf 83' lang='lat' dir='ltr'><strong>aliisque</strong></span> 
     </span>
    </p>
   </div>
   <div class='ocr_carea' id='block_1_105' title="bbox 171 4283 1749 4388">
    <p class='ocr_par' dir='ltr' id='par_1_105' title="bbox 171 4283 1749 4388">
     <span class='ocr_line' id='line_1_112' title="bbox 171 4283 1749 4388; baseline -0.029 -14"><span class='ocrx_word' id='word_1_686' title='bbox 171 4317 486 4388; x_wconf 81' lang='lat' dir='ltr'><strong>profectos</strong></span> <span class='ocrx_word' id='word_1_687' title='bbox 540 4303 670 4357; x_wconf 91' lang='lat' dir='ltr'><strong>locis</strong></span> <span class='ocrx_word' id='word_1_688' title='bbox 703 4305 942 4358; x_wconf 88' lang='lat' dir='ltr'><strong>narrant,</strong></span> <span class='ocrx_word' id='word_1_689' title='bbox 992 4306 1192 4345; x_wconf 90' lang='lat' dir='ltr'><strong>necnon</strong></span> <span class='ocrx_word' id='word_1_690' title='bbox 1237 4304 1298 4340; x_wconf 81' lang='lat' dir='ltr'><strong>ex</strong></span> <span class='ocrx_word' id='word_1_691' title='bbox 1327 4287 1471 4349; x_wconf 84' lang='lat' dir='ltr'><strong>Asia,</strong></span> <span class='ocrx_word' id='word_1_692' title='bbox 1529 4283 1749 4349; x_wconf 88' lang='lat' dir='ltr'><strong>quicun-</strong></span> 
     </span>
    </p>
   </div>
   <div class='ocr_carea' id='block_1_106' title="bbox 173 4371 1750 4475">
    <p class='ocr_par' dir='ltr' id='par_1_106' title="bbox 173 4371 1750 4475">
     <span class='ocr_line' id='line_1_113' title="bbox 173 4371 1750 4475; baseline -0.024 -17"><span class='ocrx_word' id='word_1_693' title='bbox 173 4421 298 4475; x_wconf 86' lang='lat' dir='ltr'><strong>que</strong></span> <span class='ocrx_word' id='word_1_694' title='bbox 327 4397 562 4456; x_wconf 87' lang='lat' dir='ltr'><strong>sedibus</strong></span> <span class='ocrx_word' id='word_1_695' title='bbox 614 4390 722 4444; x_wconf 88' lang='lat' dir='ltr'><strong>suis</strong></span> <span class='ocrx_word' id='word_1_696' title='bbox 766 4385 1008 4453; x_wconf 90' lang='lat' dir='ltr'><strong>depulsos</strong></span> <span class='ocrx_word' id='word_1_697' title='bbox 1033 4395 1090 4435; x_wconf 91' lang='lat' dir='ltr'><strong>se</strong></span> <span class='ocrx_word' id='word_1_698' title='bbox 1126 4395 1156 4431; x_wconf 88' lang='lat' dir='ltr'><strong>a</strong></span> <span class='ocrx_word' id='word_1_699' title='bbox 1181 4377 1384 4432; x_wconf 90' lang='lat' dir='ltr'><strong>Joanne</strong></span> <span class='ocrx_word' id='word_1_700' title='bbox 1440 4388 1580 4441; x_wconf 67' lang='lat' dir='ltr'><strong>mgre</strong></span> <span class='ocrx_word' id='word_1_701' title='bbox 1614 4371 1750 4422; x_wconf 82' lang='lat' dir='ltr'><strong>fcre-</strong></span> 
     </span>
    </p>
   </div>
   <div class='ocr_carea' id='block_1_107' title="bbox 173 4458 1740 4554">
    <p class='ocr_par' dir='ltr' id='par_1_107' title="bbox 173 4458 1740 4554">
     <span class='ocr_line' id='line_1_114' title="bbox 173 4458 1740 4554; baseline -0.026 -3"><span class='ocrx_word' id='word_1_702' title='bbox 173 4498 354 4554; x_wconf 82' lang='lat' dir='ltr'><strong>bant,</strong></span> <span class='ocrx_word' id='word_1_703' title='bbox 402 4483 488 4538; x_wconf 89' lang='lat' dir='ltr'><strong>vel</strong></span> <span class='ocrx_word' id='word_1_704' title='bbox 515 4478 633 4532; x_wconf 89' lang='lat' dir='ltr'><strong>aliis</strong></span> <span class='ocrx_word' id='word_1_705' title='bbox 677 4475 773 4542; x_wconf 86' lang='lat' dir='ltr'><strong>ipsi</strong></span> <span class='ocrx_word' id='word_1_706' title='bbox 805 4475 868 4526; x_wconf 91' lang='lat' dir='ltr'><strong>de</strong></span> <span class='ocrx_word' id='word_1_707' title='bbox 913 4469 1091 4525; x_wconf 89' lang='lat' dir='ltr'><strong>causis</strong></span> <span class='ocrx_word' id='word_1_708' title='bbox 1129 4465 1526 4520; x_wconf 88' lang='lat' dir='ltr'><strong>succensebant.</strong></span> <span class='ocrx_word' id='word_1_709' title='bbox 1577 4458 1740 4528; x_wconf 63' lang='grc' dir='ltr'><strong>Εεν-</strong></span> 
     </span>
    </p>
   </div>
   <div class='ocr_carea' id='block_1_108' title="bbox 175 4551 1745 4656">
    <p class='ocr_par' dir='ltr' id='par_1_108' title="bbox 175 4551 1745 4656">
     <span class='ocr_line' id='line_1_115' title="bbox 175 4551 1745 4656; baseline -0.027 -14"><span class='ocrx_word' id='word_1_710' title='bbox 175 4551 441 4656; x_wconf 31' lang='lat' dir='ltr'><strong>ptiis&#39;illi</strong></span> <span class='ocrx_word' id='word_1_711' title='bbox 471 4571 690 4626; x_wconf 91' lang='lat' dir='ltr'><strong>navibus</strong></span> <span class='ocrx_word' id='word_1_712' title='bbox 716 4563 1026 4619; x_wconf 88' lang='lat' dir='ltr'><strong>transmisso</strong></span> <span class='ocrx_word' id='word_1_713' title='bbox 1069 4557 1341 4625; x_wconf 81' lang='lat' dir='ltr'><strong>BOSphoro</strong></span> <span class='ocrx_word' id='word_1_714' title='bbox 1369 4551 1745 4607; x_wconf 82' lang='lat' dir='ltr'><strong>Constantino-</strong></span> 
     </span>
    </p>
   </div>
   <div class='ocr_carea' id='block_1_109' title="bbox 175 4643 1745 4748">
    <p class='ocr_par' dir='ltr' id='par_1_109' title="bbox 175 4643 1745 4748">
     <span class='ocr_line' id='line_1_116' title="bbox 175 4643 1745 4748; baseline -0.027 -16"><span class='ocrx_word' id='word_1_715' title='bbox 175 4643 371 4748; x_wconf 63' lang='lat' dir='ltr'><strong>polim</strong></span> <span class='ocrx_word' id='word_1_716' title='bbox 405 4661 697 4733; x_wconf 89' lang='lat' dir='ltr'><strong>appellunt.</strong></span> <span class='ocrx_word' id='word_1_717' title='bbox 716 4650 1141 4718; x_wconf 82' lang='lat' dir='ltr'><strong>AtTheophilum</strong></span> <span class='ocrx_word' id='word_1_718' title='bbox 1168 4661 1285 4700; x_wconf 92' lang='lat' dir='ltr'><strong>cum</strong></span> <span class='ocrx_word' id='word_1_719' title='bbox 1325 4643 1506 4712; x_wconf 89' lang='lat' dir='ltr'><strong>plausu</strong></span> <span class='ocrx_word' id='word_1_720' title='bbox 1524 4651 1745 4706; x_wconf 82' lang='lat' dir='ltr'><strong>excepe-</strong></span> 
     </span>
    </p>
   </div>
   <div class='ocr_carea' id='block_1_110' title="bbox 180 4727 1752 4825">
    <p class='ocr_par' dir='ltr' id='par_1_110' title="bbox 180 4727 1752 4825">
     <span class='ocr_line' id='line_1_117' title="bbox 180 4727 1752 4825; baseline -0.029 -2"><span class='ocrx_word' id='word_1_721' title='bbox 180 4727 334 4823; x_wconf 60' lang='lat' dir='ltr'><strong>rr&#39;unt</strong></span> <span class='ocrx_word' id='word_1_722' title='bbox 366 4727 616 4825; x_wconf 61' lang='lat' dir='ltr'><strong>Egyptii</strong></span> <span class='ocrx_word' id='word_1_723' title='bbox 650 4754 862 4807; x_wconf 74' lang='lat' dir='ltr'><strong>nautae;</strong></span> <span class='ocrx_word' id='word_1_724' title='bbox 896 4740 1227 4795; x_wconf 86' lang='lat' dir='ltr'><strong>clericorum</strong></span> <span class='ocrx_word' id='word_1_725' title='bbox 1265 4733 1468 4788; x_wconf 84' lang='lat' dir='ltr'><strong>obviam</strong></span> <span class='ocrx_word' id='word_1_726' title='bbox 1497 4727 1752 4798; x_wconf 88' lang='lat' dir='ltr'><strong>processit</strong></span> 
     </span>
    </p>
   </div>
   <div class='ocr_carea' id='block_1_111' title="bbox 176 4817 1749 4913">
    <p class='ocr_par' dir='ltr' id='par_1_111' title="bbox 176 4817 1749 4913">
     <span class='ocr_line' id='line_1_118' title="bbox 176 4817 1749 4913; baseline -0.032 1"><span class='ocrx_word' id='word_1_727' title='bbox 176 4817 681 4913; x_wconf 48' lang='lat' dir='ltr'><strong>nulltts,“ntpote</strong></span> <span class='ocrx_word' id='word_1_728' title='bbox 755 4833 1010 4887; x_wconf 89' lang='lat' dir='ltr'><strong>infensum</strong></span> <span class='ocrx_word' id='word_1_729' title='bbox 1065 4827 1446 4893; x_wconf 86' lang='lat' dir='ltr'><strong>Chrysostomo</strong></span> <span class='ocrx_word' id='word_1_730' title='bbox 1518 4817 1749 4869; x_wconf 85' lang='lat' dir='ltr'><strong>animum</strong></span> 
     </span>
    </p>
   </div>
   <div class='ocr_carea' id='block_1_112' title="bbox 178 4905 1750 5016">
    <p class='ocr_par' dir='ltr' id='par_1_112' title="bbox 178 4905 1750 5016">
     <span class='ocr_line' id='line_1_119' title="bbox 178 4905 1750 5016; baseline -0.027 -20"><span class='ocrx_word' id='word_1_731' title='bbox 178 4959 318 5016; x_wconf 67' lang='lat' dir='ltr'><strong>pne</strong></span> <span class='ocrx_word' id='word_1_732' title='bbox 350 4953 417 4992; x_wconf 89' lang='lat' dir='ltr'><strong>se</strong></span> <span class='ocrx_word' id='word_1_733' title='bbox 465 4929 670 4986; x_wconf 88' lang='lat' dir='ltr'><strong>ferenti.</strong></span> <span class='ocrx_word' id='word_1_734' title='bbox 722 4924 836 4990; x_wconf 88' lang='lat' dir='ltr'><strong>Ipse</strong></span> <span class='ocrx_word' id='word_1_735' title='bbox 875 4918 1150 4974; x_wconf 88' lang='lat' dir='ltr'><strong>ecclesiam</strong></span> <span class='ocrx_word' id='word_1_736' title='bbox 1198 4921 1624 4981; x_wconf 82' lang='lat' dir='ltr'><strong>praetergressus,</strong></span> <span class='ocrx_word' id='word_1_737' title='bbox 1698 4905 1750 4956; x_wconf 91' lang='lat' dir='ltr'><strong>in</strong></span> 
     </span>
     <span class='ocr_line' id='line_1_120' title="bbox 832 4993 1716 5016; baseline -0.025 22"><span class='ocrx_word' id='word_1_738' title='bbox 832 5010 846 5016; x_wconf 75' lang='grc'><strong>’</strong></span> <span class='ocrx_word' id='word_1_739' title='bbox 992 5008 1002 5016; x_wconf 78' lang='grc'><strong><em>⁵</em></strong></span> <span class='ocrx_word' id='word_1_740' title='bbox 1265 5001 1330 5016; x_wconf 77' lang='grc'><strong>’⁸⁸</strong></span> <span class='ocrx_word' id='word_1_741' title='bbox 1376 5013 1398 5016; x_wconf 44' lang='grc' dir='ltr'><strong>μλ</strong></span> <span class='ocrx_word' id='word_1_742' title='bbox 1447 5005 1610 5016; x_wconf 55' lang='grc' dir='ltr'><strong>-ΑιΑη-</strong></span> <span class='ocrx_word' id='word_1_743' title='bbox 1670 4993 1716 5016; x_wconf 80' lang='lat' dir='ltr'><strong>.l:</strong></span> 
     </span>
    </p>
   </div>
   <div class='ocr_carea' id='block_1_113' title="bbox 183 4993 1747 5100">
    <p class='ocr_par' dir='ltr' id='par_1_113' title="bbox 183 4993 1747 5100">
     <span class='ocr_line' id='line_1_121' title="bbox 183 4993 1747 5100; baseline -0.026 -17"><span class='ocrx_word' id='word_1_744' title='bbox 183 4993 627 5100; x_wconf 43' lang='lat' dir='ltr'><strong>imperatoriam</strong></span> <span class='ocrx_word' id='word_1_745' title='bbox 655 5010 938 5082; x_wconf 89' lang='lat' dir='ltr'><strong>quamdam</strong></span> <span class='ocrx_word' id='word_1_746' title='bbox 975 5008 1184 5058; x_wconf 88' lang='lat' dir='ltr'><strong>donnnu</strong></span> <span class='ocrx_word' id='word_1_747' title='bbox 1233 5001 1332 5054; x_wconf 91' lang='lat' dir='ltr'><strong>sibi</strong></span> <span class='ocrx_word' id='word_1_748' title='bbox 1375 5005 1614 5067; x_wconf 86' lang='lat' dir='ltr'><strong>paratam</strong></span> <span class='ocrx_word' id='word_1_749' title='bbox 1667 4993 1747 5044; x_wconf 83' lang='lat' dir='ltr'><strong>di-</strong></span> 
     </span>
    </p>
   </div>
   <div class='ocr_carea' id='block_1_114' title="bbox 186 5085 1756 5179">
    <p class='ocr_par' dir='ltr' id='par_1_114' title="bbox 186 5085 1756 5179">
     <span class='ocr_line' id='line_1_122' title="bbox 186 5085 1756 5179; baseline -0.039 1"><span class='ocrx_word' id='word_1_750' title='bbox 186 5085 409 5179; x_wconf 60' lang='lat' dir='ltr'><strong>vertit.</strong></span> <span class='ocrx_word' id='word_1_751' title='bbox 438 5110 583 5164; x_wconf 78' lang='lat' dir='ltr'><strong>Mora</strong></span> <span class='ocrx_word' id='word_1_752' title='bbox 614 5105 718 5158; x_wconf 92' lang='lat' dir='ltr'><strong>illic</strong></span> <span class='ocrx_word' id='word_1_753' title='bbox 749 5101 903 5154; x_wconf 88' lang='lat' dir='ltr'><strong>trium</strong></span> <span class='ocrx_word' id='word_1_754' title='bbox 935 5090 1387 5149; x_wconf 88' lang='lat' dir='ltr'><strong>hebdomadarum</strong></span> <span class='ocrx_word' id='word_1_755' title='bbox 1427 5085 1594 5147; x_wconf 85' lang='lat' dir='ltr'><strong>facta,</strong></span> <span class='ocrx_word' id='word_1_756' title='bbox 1635 5097 1756 5150; x_wconf 64' lang='lat' dir='ltr'><strong>per.</strong></span> 
     </span>
    </p>
   </div>
   <div class='ocr_carea' id='block_1_115' title="bbox 184 5172 1754 5270">
    <p class='ocr_par' dir='ltr' id='par_1_115' title="bbox 184 5172 1754 5270">
     <span class='ocr_line' id='line_1_123' title="bbox 184 5172 1754 5270; baseline -0.03 0"><span class='ocrx_word' id='word_1_757' title='bbox 184 5205 448 5270; x_wconf 83' lang='lat' dir='ltr'><strong>tentatis</strong></span> <span class='ocrx_word' id='word_1_758' title='bbox 478 5197 761 5251; x_wconf 87' lang='lat' dir='ltr'><strong>multorum</strong></span> <span class='ocrx_word' id='word_1_759' title='bbox 786 5186 996 5248; x_wconf 89' lang='lat' dir='ltr'><strong>animis,</strong></span> <span class='ocrx_word' id='word_1_760' title='bbox 1029 5193 1081 5236; x_wconf 90' lang='lat' dir='ltr'><strong>et</strong></span> <span class='ocrx_word' id='word_1_761' title='bbox 1110 5182 1175 5233; x_wconf 87' lang='lat' dir='ltr'><strong>ad</strong></span> <span class='ocrx_word' id='word_1_762' title='bbox 1210 5177 1566 5231; x_wconf 86' lang='lat' dir='ltr'><strong>accusandum</strong></span> <span class='ocrx_word' id='word_1_763' title='bbox 1592 5172 1754 5228; x_wconf 87' lang='lat' dir='ltr'><strong>Joan-</strong></span> 
     </span>
    </p>
   </div>
   <div class='ocr_carea' id='block_1_116' title="bbox 186 5263 1757 5362">
    <p class='ocr_par' dir='ltr' id='par_1_116' title="bbox 186 5263 1757 5362">
     <span class='ocr_line' id='line_1_124' title="bbox 186 5263 1757 5362; baseline -0.031 0"><span class='ocrx_word' id='word_1_764' title='bbox 186 5316 369 5362; x_wconf 88' lang='lat' dir='ltr'><strong>nem,</strong></span> <span class='ocrx_word' id='word_1_765' title='bbox 405 5287 564 5357; x_wconf 81' lang='lat' dir='ltr'><strong>cujus</strong></span> <span class='ocrx_word' id='word_1_766' title='bbox 593 5291 940 5348; x_wconf 83' lang='lat' dir='ltr'><strong>congressum</strong></span> <span class='ocrx_word' id='word_1_767' title='bbox 985 5279 1138 5326; x_wconf 88' lang='lat' dir='ltr'><strong>caute</strong></span> <span class='ocrx_word' id='word_1_768' title='bbox 1193 5266 1417 5328; x_wconf 86' lang='lat' dir='ltr'><strong>vitabat,</strong></span> <span class='ocrx_word' id='word_1_769' title='bbox 1464 5263 1757 5324; x_wconf 86' lang='lat' dir='ltr'><strong>instructis,</strong></span> 
     </span>
    </p>
   </div>
   <div class='ocr_carea' id='block_1_117' title="bbox 186 5353 1760 5452">
    <p class='ocr_par' dir='ltr' id='par_1_117' title="bbox 186 5353 1760 5452">
     <span class='ocr_line' id='line_1_125' title="bbox 186 5353 1760 5452; baseline -0.026 -10"><span class='ocrx_word' id='word_1_770' title='bbox 186 5399 257 5452; x_wconf 79' lang='lat' dir='ltr'><strong>in</strong></span> <span class='ocrx_word' id='word_1_771' title='bbox 309 5389 588 5452; x_wconf 86' lang='lat' dir='ltr'><strong>Quereum</strong></span> <span class='ocrx_word' id='word_1_772' title='bbox 633 5366 980 5427; x_wconf 87' lang='lat' dir='ltr'><strong>Chalcedonis</strong></span> <span class='ocrx_word' id='word_1_773' title='bbox 1029 5358 1342 5415; x_wconf 88' lang='lat' dir='ltr'><strong>suburbium</strong></span> <span class='ocrx_word' id='word_1_774' title='bbox 1380 5369 1482 5406; x_wconf 92' lang='lat' dir='ltr'><strong>una</strong></span> <span class='ocrx_word' id='word_1_775' title='bbox 1516 5368 1633 5405; x_wconf 89' lang='lat' dir='ltr'><strong>cum</strong></span> <span class='ocrx_word' id='word_1_776' title='bbox 1683 5353 1760 5403; x_wconf 86' lang='lat' dir='ltr'><strong>fa-</strong></span> 
     </span>
    </p>
   </div>
   <div class='ocr_carea' id='block_1_118' title="bbox 188 5441 1759 5541">
    <p class='ocr_par' dir='ltr' id='par_1_118' title="bbox 188 5441 1759 5541">
     <span class='ocr_line' id='line_1_126' title="bbox 188 5441 1759 5541; baseline -0.032 0"><span class='ocrx_word' id='word_1_777' title='bbox 188 5478 426 5541; x_wconf 84' lang='lat' dir='ltr'><strong>ctionis</strong></span> <span class='ocrx_word' id='word_1_778' title='bbox 465 5482 573 5524; x_wconf 70' lang='lat' dir='ltr'><strong>suae</strong></span> <span class='ocrx_word' id='word_1_779' title='bbox 615 5461 922 5532; x_wconf 72' lang='lat' dir='ltr'><strong>prazsulibus</strong></span> <span class='ocrx_word' id='word_1_780' title='bbox 948 5451 1235 5510; x_wconf 87' lang='lat' dir='ltr'><strong>concessit,</strong></span> <span class='ocrx_word' id='word_1_781' title='bbox 1275 5455 1330 5499; x_wconf 91' lang='lat' dir='ltr'><strong>et</strong></span> <span class='ocrx_word' id='word_1_782' title='bbox 1351 5441 1759 5499; x_wconf 86' lang='lat' dir='ltr'><strong>conciliabulum</strong></span> 
     </span>
    </p>
   </div>
   <div class='ocr_carea' id='block_1_119' title="bbox 188 5531 1760 5635">
    <p class='ocr_par' dir='ltr' id='par_1_119' title="bbox 188 5531 1760 5635">
     <span class='ocr_line' id='line_1_127' title="bbox 188 5531 1760 5635; baseline -0.03 -10"><span class='ocrx_word' id='word_1_783' title='bbox 188 5559 546 5635; x_wconf 72' lang='lat' dir='ltr'><strong>celebravit.</strong></span> <span class='ocrx_word' id='word_1_784' title='bbox 594 5551 947 5622; x_wconf 82' lang='lat' dir='ltr'><strong>Quadraginta</strong></span> <span class='ocrx_word' id='word_1_785' title='bbox 981 5543 1225 5619; x_wconf 84' lang='lat' dir='ltr'><strong>quinque</strong></span> <span class='ocrx_word' id='word_1_786' title='bbox 1275 5533 1584 5589; x_wconf 88' lang='lat' dir='ltr'><strong>interfuisse</strong></span> <span class='ocrx_word' id='word_1_787' title='bbox 1647 5531 1760 5598; x_wconf 82' lang='lat' dir='ltr'><strong>epi-</strong></span> 
     </span>
    </p>
   </div>
   <div class='ocr_carea' id='block_1_120' title="bbox 189 5615 1759 5727">
    <p class='ocr_par' dir='ltr' id='par_1_120' title="bbox 189 5615 1759 5727">
     <span class='ocr_line' id='line_1_128' title="bbox 189 5615 1098 5635; baseline -0.01 -7"><span class='ocrx_word' id='word_1_788' title='bbox 189 5615 399 5635; x_wconf 41' lang='grc' dir='ltr'><strong>ννηηκ</strong></span> <span class='ocrx_word' id='word_1_789' title='bbox 606 5615 637 5619; x_wconf 41' lang='grc' dir='ltr'><strong>ν-</strong></span> <span class='ocrx_word' id='word_1_790' title='bbox 814 5615 828 5617; x_wconf 84' lang='grc'><strong>-</strong></span> <span class='ocrx_word' id='word_1_791' title='bbox 874 5615 878 5622; x_wconf 60' lang='lat'><strong>,.</strong></span> <span class='ocrx_word' id='word_1_792' title='bbox 1095 5615 1098 5619; x_wconf 90' lang='lat'><strong>.</strong></span> 
     </span>
     <span class='ocr_line' id='line_1_129' title="bbox 189 5619 1759 5727; baseline -0.024 -20"><span class='ocrx_word' id='word_1_793' title='bbox 189 5668 426 5727; x_wconf 69' lang='lat' dir='ltr'><strong>scapos</strong></span> <span class='ocrx_word' id='word_1_794' title='bbox 470 5645 740 5700; x_wconf 89' lang='lat' dir='ltr'><strong>declarant</strong></span> <span class='ocrx_word' id='word_1_795' title='bbox 779 5637 1032 5704; x_wconf 82' lang='lat' dir='ltr'><strong>Georgius</strong></span> <span class='ocrx_word' id='word_1_796' title='bbox 1065 5624 1485 5686; x_wconf 78' lang='lat' dir='ltr'><strong>Alexandrinus,</strong></span> <span class='ocrx_word' id='word_1_797' title='bbox 1541 5619 1759 5673; x_wconf 84' lang='lat' dir='ltr'><strong>Simcon</strong></span> 
     </span>
    </p>
   </div>
   <div class='ocr_carea' id='block_1_121' title="bbox 198 5713 1762 5810">
    <p class='ocr_par' dir='ltr' id='par_1_121' title="bbox 198 5713 1762 5810">
     <span class='ocr_line' id='line_1_130' title="bbox 198 5713 1762 5810; baseline -0.027 -5"><span class='ocrx_word' id='word_1_798' title='bbox 198 5713 646 5810; x_wconf 48' lang='lat' dir='ltr'><strong>Mct&#39;aphrastes,</strong></span> <span class='ocrx_word' id='word_1_799' title='bbox 677 5741 727 5783; x_wconf 87' lang='lat' dir='ltr'><strong>et</strong></span> <span class='ocrx_word' id='word_1_800' title='bbox 757 5731 882 5781; x_wconf 82' lang='lat' dir='ltr'><strong>Acta</strong></span> <span class='ocrx_word' id='word_1_801' title='bbox 913 5715 1296 5793; x_wconf 86' lang='lat' dir='ltr'><strong>pseudosyuodi</strong></span> <span class='ocrx_word' id='word_1_802' title='bbox 1329 5713 1499 5769; x_wconf 88' lang='lat' dir='ltr'><strong>illius.</strong></span> <span class='ocrx_word' id='word_1_803' title='bbox 1526 5723 1645 5775; x_wconf 75' lang='lat' dir='ltr'><strong>qua:</strong></span> <span class='ocrx_word' id='word_1_804' title='bbox 1680 5725 1762 5763; x_wconf 86' lang='lat' dir='ltr'><strong>rc-</strong></span> 
     </span>
    </p>
   </div>
  </div>
