3920 6474
507 453 644 503 “55

1768 439 1825 494 Ρ.
1867 435 2172 491 DANIELIS
2208 429 2442 488 HUETII

3729 413 3874 468 1156

497 568 664 636 jussu,
707 574 759 618 et
801 578 956 633 porro
984 564 1233 617 "vinctum
1279 562 1443 617 fuisse
1490 562 1750 614 decimum
1785 567 2024 620 sextum,
2059 562 2104 617 Α,
2132 555 2394 617 Eudoxia.
2422 561 2481 606 ιιι
2509 566 2639 606 eum
2674 549 2751 602 ab
2785 545 3017 636 θκξῖιίο
3048 533 3354 636 revocavi
3397 531 3690 633 comm“?
3717 545 3877 636 et)!"

501 657 736 710 eumdem
776 654 1070 722 suscepisse
1094 653 1443 723 Origenistas,
1481 670 1532 706 in
1578 666 1845 705 carcerem
1903 665 2026 701 con-

497 746 684 814 jecisse
715 742 985 812 Theophili
1015 743 1238 812 legatos,
1286 753 1339 797 et
1386 755 1451 797 ne
1501 743 1786 796 morientes
1809 740 2023 808 quidem

501 833 566 884 ad
599 833 868 885 visendum
923 833 1136 891 adiisse.
1193 833 1343 886 Nulla
1393 843 1646 900 prteterea
1703 832 1755 884 in
1806 830 2027 897 reliquis

502 921 958 975 criminationibus
981 923 1322 989 Origenismi,
1351 922 1838 991 Origenistarnmve
1879 934 2030 972 men-

500 1011 572 1064 tio
599 1028 612 1063 :
642 1011 693 1063 in
725 1012 898 1079 priore
929 1028 1057 1066 vero
1083 1013 1257 1066 libello
1284 1013 1421 1065 nulla
1451 1015 1678 1080 penitus.

571 1099 725 1155 XVII.
796 1103 1045 1154 Actorum
1106 1100 1480 1155 Photianorum
1547 1100 1902 1154 conventiculi
1961 1099 2027 1152 ad

504 1191 770 1256 Quercum
809 1190 965 1243 fidem
1000 1191 1207 1244 elevare
1253 1201 1473 1244 conatur
1507 1190 1764 1243 Baronius
1802 1189 1904 1244 hoc
1943 1205 2031 1243 ar-

500 1289 766 1350 gumento,
793 1283 930 1348 quod
958 1282 1208 1349 pleraque
1235 1282 1299 1334 ab
1326 1281 1442 1332 aliis
1484 1289 1918 1345 commemorata,
1973 1279 2026 1331 in

502 1371 568 1423 iis
599 1371 794 1423 omissa
824 1371 949 1422 sint.
983 1371 1175 1422 Verum
1224 1385 1325 1422 non
1371 1370 1592 1422 attendit
1636 1369 2027 1422 illustrissimus

500 1457 780 1510 cardinalis
830 1457 1018 1510 eximia
1081 1460 1320 1524 quaedam
1365 1455 1732 1508 tantummodo
1776 1455 2030 1521 selegisse

503 1545 788 1608 Photium,
829 1554 881 1597 et
932 1546 982 1597 in
1038 1543 1400 1613 Myriobiblum
1453 1543 1748 1608 retulisse;
1805 1543 2029 1611 plurima

500 1651 626 1688 vero
665 1636 904 1688 consulto
935 1635 1355 1703 praetermisisse.
1419 1635 1523 1686 Sua
1570 1649 1695 1702 ergo
1753 1635 1884 1688 actis
1925 1635 2030 1688 illis

502 1737 742 1778 servetur
771 1725 1080 1788 auctoritas,
1114 1725 1284 1790 quoad
1303 1724 1544 1777 validiori
1578 1723 1780 1776 ratione
1816 1723 2028 1776 Baronii

502 1816 798 1882 conjectura
841 1815 1096 1866 firmetur.

2131 645 2292 695 verit.
2328 642 2398 694 At
2433 635 3001 694 recrudescentibus
3038 634 3367 698 sequente
3401 638 3570 677 anno
3605 621 3867 676 simulta-

2135 734 2276 788 tibus
2322 740 2380 786 et
2419 729 2795 789 factionibus,
2845 724 3100 792 injuriae
3177 715 3506 776 concedit,
3565 721 3630 766 et
3688 709 3872 765 Nicaac

2133 824 2525 892 aliquantisper
2577 826 2876 877 moratus,
2943 812 3318 872 Cucusum,
3394 820 3539 874 qua:
3603 803 3873 892 Armenia:

2133 890 2260 966 urbs
2284 920 2388 974 est,
2413 910 2499 962 vel
2532 917 2594 961 ut
2623 913 2885 960 testatur
2919 903 3058 969 ipse
3089 900 3628 966 Chrysostomus,
3657 890 3871 958 Ciliciae,

2135 1005 2185 1056 iu
2219 1001 2473 1056 exsilium
2511 999 2763 1052 mittitur
2791 1013 2806 1048 :
2839 994 3103 1048 Cucuso
3137 987 3531 1042 Arabissum
3564 994 3626 1037 et
3660 982 3876 1052 Pityun-

2139 1105 2241 1146 tem
2281 1091 2496 1159 migrat.
2530 1086 2839 1140 SulIioitur
2885 1083 3008 1152 ipsi
3044 1079 3367 1134 Arsacius
3419 1075 3746 1144 presbyter
3774 1074 3869 1127 Ne-

2135 1184 2287 1239 ctarii
2320 1173 2958 1245 Constantinopolitani
2995 1171 3160 1225 olim
3198 1167 3504 1237 praesulis
3565 1165 3765 1229 frater,
3792 1167 3876 1219 Ar-

2136 1271 2539 1326 sacio'Atticns.
2572 1266 2737 1319 Pium
2786 1262 3050 1316 interim
3097 1259 3406 1314 exsulem
3475 1256 3725 1308 mitibus
3779 1257 3879 1322 epi-

2136 1362 2290 1415 stolis
2328 1359 2542 1413 solatur
2577 1356 2970 1410 lnnocentius
3004 1366 3180 1420 papa
3269 1348 3407 1418 (qui
3466 1361 3672 1400 rerum
3722 1355 3880 1413 gesta-

2138 1467 2258 1503 rum
2288 1464 2386 1517 per
2413 1450 2588 1516 ipsius
2616 1449 2851 1501 litteras
2877 1447 3134 1500 certior
3168 1442 3394 1495 factus
3424 1439 3658 1504 fuerat)
3678 1448 3733 1491 et
3753 1454 3878 1491 com-

2137 1543 2400 1594 munione
2436 1557 2534 1595 sua
2571 1541 2964 1609 impertitur;
3014 1536 3407 1604 improbam
3461 1531 3774 1602 Theophili
3805 1532 3876 1585 fa-

2138 1639 2244 1692 cto,
2277 1645 2436 1697 quem
2474 1640 2532 1682 et
2588 1627 3130 1683 consentientibus
3186 1627 3337 1681 fere
3388 1625 3657 1692 Europa:
3688 1626 3878 1691 episco-

2137 1719 2220 1788 pis
2249 1735 2278 1771 a
2307 1719 2707 1773 communione
2740 1735 2853 1774 sua
2895 1719 3146 1772 deinde
3185 1715 3572 1784 segregavit
3605 1731 3624 1780 ;
3660 1725 3722 1769 ut
3757 1726 3881 1784 patet

2137 1821 2203 1860 ex
2243 1809 2472 1875 epistola
2505 1807 2756 1875 quadam
2797 1806 3176 1861 Innocentii
3224 1807 3312 1857 ad
3354 1806 3713 1866 Arcadium,
3739 1819 3876 1871 quam

571 1905 749 1959 XVIII.
789 1906 1046 1958 Caeterum
1085 1904 1150 1956 de
1180 1903 1331 1957 libris
1363 1902 1605 1971 Origenis
1638 1902 1802 1954 altum
1850 1902 1949 1954 fuit
1975 1903 2025 1955 in
2059 1900 2102 1953 Β
2129 1897 2388 1950 exhibent
2437 1897 2716 1966 Georgius
2756 1896 3266 1951 Alexandrinus
3349 1893 3416 1946 in
3480 1889 3619 1945 Vita
3672 1891 3878 1964 Chryso-

502 1994 850 2050 couciliahulo
895 1993 1196 2047 silentium:
1246 1992 1310 2044 de
1348 1990 1664 2058 Origcnistis
1693 2005 1819 2043 vero
1849 1999 2040 2058 praeter

502 2099 766 2153 perpauca
801 2083 909 2146 illa,
947 2098 1062 2151 quae
1087 2083 1454 2143 disseruimus,
1482 2081 1592 2134 haec
1613 2080 1774 2133 etiam
1806 2081 2040 2134 referun-

507 2181 632 2236 tur;
675 2171 915 2224 Scetinos
965 2170 1151 2222 leniter
1187 2169 1474 2238 appellasse
1507 2169 1886 2235 Theophilum,
1919 2173 2042 2226 hor-

507 2273 671 2314 tatum
705 2276 821 2314 esse
856 2261 919 2313 ad
949 2261 1334 2328 pmliitentiam,
1371 2259 1738 2328 impunitatem
1765 2274 1882 2314 esse
1926 2262 2040 2330 pol-

504 2349 731 2412 licitum,
767 2347 920 2402 simul
948 2363 1038 2402 eos
1067 2347 1130 2400 ad
1168 2349 1543 2416 implorandam
1595 2350 1803 2402 veniam
1837 2353 2041 2419 magnis

505 2439 975 2493 vociferationibus
1052 2438 1318 2507 impulisse
1361 2440 1449 2506 qui
1490 2440 1713 2493 aderant
1762 2440 2041 2509 Theophili

507 2527 829 2592 familiares;
866 2543 969 2595 qua
1013 2541 1069 2580 re
1121 2537 1392 2595 permotos
1426 2529 1717 2582 monachos
1744 2545 1912 2582 noxas
1939 2530 2040 2584 sibi

509 2619 792 2672 condonari
823 2619 1153 2686 postulasse;
1197 2618 1369 2672 fcedus
1402 2619 1563 2673 inisse
1588 2635 1709 2672 cum
1749 2621 1851 2673 illis
1874 2620 2043 2674 Theo-

507 2709 732 2775 philum,
776 2718 831 2760 et
879 2711 926 2760 in
964 2709 1386 2762 communionem
1435 2709 1721 2777 recepisse,
1763 2722 1923 2779 atque
1967 2714 2039 2764 ita

507 2795 729 2850 crimine
763 2795 1032 2849 absolutos
1063 2811 1182 2848 esse
1205 2796 1522 2861 Nitrienses,
1553 2811 1582 2850 e
1603 2799 1797 2866 quibus
1825 2801 1957 2868 jam,
1985 2808 2042 2852 ut

508 2884 758 2946 diximus,
792 2885 1122 2949 interierant,
1153 2886 1437 2939 Dioscorus
1464 2895 1516 2939 et
1542 2885 1793 2952 Isidorus,
1823 2891 2039 2942 Ammo-

511 2973 629 3026 nius
654 2988 783 3028 vero
813 2976 863 3026 in
897 2973 1106 3038 Quercu
1136 2976 1234 3028 sub
1265 2976 1374 3044 ipsa
1405 2977 1589 3045 synodi
1615 2977 1762 3030 initia
1794 2978 2039 3032 decesse-

511 3073 612 3117 κη.
645 3065 837 3119 Fertur
865 3065 1022 3134 hujus
1050 3066 1224 3118 audita
1258 3075 1424 3119 morte
1468 3067 1826 3136 illacrymasse
1869 3068 2042 3122 Theo-

510 3157 709 3225 philus,
749 3155 1028 3224 palamque
1058 3157 1260 3211 dixisse
1289 3157 1514 3210 similem
1547 3159 1684 3210 inter
1713 3174 1836 3211 suos
1871 3164 2040 3214 nemi-

511 3262 629 3299 nem
655 3244 904 3297 habuisse
938 3243 1295 3297 Ammonium.
1329 3245 1636 3298 Dioscorum
1667 3248 1876 3314 quidem
1921 3260 2040 3317 post
2068 3229 2111 3286 (ἶ

511 3336 766 3404 synodum
801 3345 855 3387 et
884 3333 1160 3402 Theophili
1194 3335 1369 3402 fugam
1404 3336 1600 3389 obiisse
1623 3339 1849 3402 produnt
1877 3339 2043 3392 Geor-

511 3425 627 3490 gius
674 3423 1062 3476 Alexandrinus
1111 3436 1166 3476 et
1237 3421 1522 3487 Socrates;
1572 3427 1664 3477 sed
1707 3425 1758 3476 in
1807 3435 2041 3495 tempora

515 3512 715 3580 synodo
749 3514 926 3578 priora
953 3522 1174 3566 mortem
1223 3513 1389 3580 ipsius
1436 3512 1763 3567 Sozomenus
1805 3516 2040 3584 conjicit,

513 3602 594 3653 cui
620 3603 938 3668 praecipuam
981 3600 1135 3652 fidem
1183 3601 1483 3655 tribuimus.
1512 3604 1685 3668 Atque
1718 3603 1794 3654 ita
1829 3605 2041 3658 demum

513 3690 785 3759 consopita
817 3699 898 3742 est
928 3691 1094 3742 tristis
1118 3689 1206 3742 illa
1252 3700 1303 3742 et
1353 3690 1663 3744 calamitosa
1701 3693 1766 3746 de
1797 3692 2043 3763 Origenis

513 3781 784 3834 erroribus
828 3779 1230 3833 controversia:
1271 3781 1512 3846 quamvis
1552 3782 1690 3833 enim
1741 3783 1867 3835 hinc
1913 3795 2044 3838 ortae

514 3873 617 3925 sint
648 3879 988 3937 tempestates
1013 3879 1065 3922 et
1089 3869 1367 3934 tumultus,
1396 3871 1589 3937 quibus
1617 3882 1805 3924 vexata
1848 3872 2042 3928 deinde

514 3970 568 4016 et
617 3963 826 4014 turbata
876 3960 1121 4030 Ecclesia.
1156 3967 1255 4024 est,
1285 3963 1656 4015 accedentibus
1706 3971 1878 4016 tamen
1909 3965 2035 4017 sub.

517 4051 637 4104 inde
689 4049 840 4102 novis
897 4051 1234 4118 querelarum
1285 4060 1337 4105 et
1376 4051 1480 4104 odii
1533 4054 1878 4119 argumentis,
1917 4053 2040 4106 dum

517 4152 704 4211 praesto
732 4152 855 4196 Sttlll
889 4144 1212 4196 recentiores
1268 4142 1503 4206 oﬂ‘ensze,
1541 4153 1746 4196 veteres
1793 4144 2042 4196 exoleve-

517 4242 661 4285 runt.
695 4232 885 4285 Paucis
911 4233 1090 4299 itaque
1117 4241 1168 4283 et
1195 4231 1393 4284 cursim
1429 4245 1543 4297 qua:
1577 4242 1859 4298 supersunt
1887 4235 2044 4286 attin-

517 4335 720 4387 gamus.

589 4406 724 4462 XIX.
776 4411 928 4463 Anno
968 4410 1163 4464 Christi
1208 4409 1331 4475 405,
1380 4409 1520 4463 circa
1568 4424 1801 4464 mensem
1847 4410 2041 4466 Julium

520 4498 867 4552 couveuticuli
903 4499 1165 4568 suffragiis
1195 4509 1573 4556 exauctoratur
1600 4499 2035 4571 Chrysostomus.

522 4583 576 4636 1d
609 4599 767 4635 unum
797 4590 1148 4642 causabantur
1175 4589 1427 4656 episcopi,
1460 4594 1598 4656 quod
1644 4590 1906 4643 mandatis
1932 4594 2043 4648 suis

527 4672 726 4724 accitus
756 4676 1052 4728 audientem
1090 4692 1148 4730 se
1178 4694 1281 4730 non
1315 4679 1644 4746 praebuisset.
1690 4677 1792 4731 Per
1825 4696 2040 4735 causam

522 4777 648 4815 vero
695 4763 770 4816 rei
822 4775 981 4828 gesta:
1023 4768 1086 4819 ad
1127 4769 1498 4836 imperatorem
1546 4769 1852 4834 referendae,
1911 4772 2046 4827 laesae

523 4867 728 4920 quoque
769 4852 1052 4919 maiestatis
1087 4859 1522 4928 Chrysostomuin
1555 4861 1690 4928 apud
1746 4861 1916 4929 ipsum
1947 4879 2041 4918 ac-

523 4951 728 4998 cusant,
757 4943 946 5008 quippe
979 4947 1074 4996 sub
1099 4946 1354 5002 Jezabehe
1381 4961 1433 5003 et
1462 4950 1773 5004 llerodiadis
1819 4955 2044 5006 nomini-

528 5031 626 5084 bus
663 5031 868 5100 publice
903 5033 1036 5098 apud
1065 5035 1309 5100 poliulum
1338 5040 1674 5104 perstrictam
1702 5042 1767 5094 ab
1794 5055 1856 5093 eo
1882 5042 2044 5095 fuisse

523 5121 834 5174 Eudoxiam.
870 5118 1063 5172 Verum
1094 5121 1321 5177 Arcadio
1346 5127 1477 5179 satis
1516 5128 1612 5181 fuit
1655 5129 1908 5183 Joannem
1949 5131 2048 5186 Ec-

525 5209 683 5264 clesia
730 5207 1008 5278 depulisse,
1048 5208 1212 5260 misso
1240 5213 1304 5262 ad
1337 5214 1386 5265 id
1416 5218 1608 5270 comite
1649 5229 1703 5271 et
1757 5219 2037 5277 militibus.

525 5297 898 5351 'l‘umultuante
934 5296 1119 5349 deinde
1159 5298 1371 5363 populo,
1402 5311 1453 5354 et
1483 5303 1847 5372 Chrysostonii
1881 5309 2046 5360 resti-

529 5386 779 5438 tutionem
819 5385 1066 5438 seditiose
1118 5392 1440 5452 postmante,
1485 5388 1758 5456 ingruente
1785 5403 2042 5460 prieterea

533 5476 627 5526 sub
676 5475 838 5543 ipsam
886 5485 1113 5539 noctem,
1172 5487 1288 5542 qua:
1339 5474 1502 5541 ipsius
1551 5479 1748 5532 exitum
1807 5483 2045 5548 proxime

481 5612 498 5628 J
536 5575 816 5618 consecuta
864 5575 962 5629 est,
1008 5575 1159 5618 terra:
1211 5572 1375 5628 motu,
1423 5565 1492 5616 ita
1542 5571 1920 5634 perterrefacta
1964 5584 2046 5628 est

598 5737 640 5766 ³⁰
668 5737 844 5795 Isidor.
879 5743 1071 5811 Pelus.,
1101 5745 1184 5799 5'2.
1263 5744 1300 5776 ²¹
1335 5743 1524 5798 Baron.
1556 5760 1641 5798 an.
1679 5746 1798 5812 400,
1822 5763 1935 5816 cap.
1968 5751 2084 5824 58.}

2139 1984 2314 2048 atomi,
2343 1999 2460 2052 cap.
2493 1985 2583 2047 68,
2614 1995 2672 2038 et
2708 1998 3076 2053 anonymus
3131 1983 3294 2036 vita:
3332 1981 3620 2048 ejusdem
3648 1983 3878 2051 scriptor,

2141 2089 2258 2141 cap.
2295 2074 2420 2137 130,
2483 2089 2727 2142 quaeque
2777 2073 2841 2126 in
2903 2073 3118 2127 tomis
3182 2072 3636 2126 Conciliorum
3685 2082 3877 2126 exstat:

2140 2175 2196 2217 et
2225 2165 2459 2218 stitisset
2491 2175 2648 2218 certe
2674 2166 3132 2218 vadimonium
3169 2179 3412 2217 coram
3471 2163 3783 2217 universali
3812 2178 3882 2230 sy-

2141 2253 2304 2315 nodo,
2334 2268 2496 2321 quam
2523 2268 2734 2322 cogere
2773 2254 3248 2308 meditabatur
3291 2253 3638 2317 Arcadius,
3673 2254 3776 2308 nisi
3815 2253 3883 2307 ln-

2143 2344 2454 2397 nocentium
2481 2360 2713 2412 papam,
2774 2344 3170 2399 conﬂandae
3216 2347 3370 2414 ejus
3409 2357 3720 2401 auctorem
3764 2362 3884 2399 mors

2141 2441 2484 2502 occupasset.
2553 2434 2818 2487 Tandem
2886 2437 3089 2489 varie
3159 2437 3472 2506 jactatus
3525 2436 3799 2503 Joannes,
3842 2449 3883 2492 et

2141 2537 2348 2577 summa
2388 2523 2805 2580 inhumanitate
2835 2525 2919 2578 ab
2971 2527 3288 2582 inimicis
3333 2530 3616 2593 habitus,
3658 2529 3883 2584 Cumanis

2141 2612 2276 2666 obiit
2305 2627 2449 2668 anno
2475 2614 2605 2666 407.

2211 2703 2328 2758 XX.
2362 2703 2473 2759 Nec
2518 2706 2598 2758 ita
2631 2715 2826 2761 tamen
2895 2706 3281 2778 Theophili
3349 2713 3464 2766 irae
3515 2715 3881 2781 conquierunt.

2143 2793 2191 2848 ls
2223 2805 2342 2862 post
2367 2800 2613 2863 priorem
2651 2798 3114 2869 Chrysostomi
3170 2804 3694 2868 restitutionem,
3724 2804 3772 2856 in
3805 2805 3881 2856 de-

2140 2886 2279 2939 cima
2335 2886 2491 2940 tertia
2528 2890 2966 2960 pseudosynodi
3014 2895 3308 2949 actione
3359 2894 3713 2959 Heraclida.
3753 2913 3880 2966 quem

2142 2976 2478 3044 Ephesinuin
2515 2980 2848 3048 episcopum
2883 2982 3220 3041 Joannes
3259 3001 3624 3052 creaverat,
3679 2992 3882 3059 dignita-

2147 3075 2254 3119 tem
2287 3069 2556 3137 abrogare
2589 3071 2849 3124 studuit:
2899 3082 2973 3126 at
3003 3082 3563 3148 repugnantibus
3624 3084 3816 3146 multis,
3842 3083 3882 3132 in

2143 3168 2386 3225 apertam
2415 3159 2762 3214 seditionem
2819 3169 3201 3222 contentio
3260 3175 3518 3242 erupit.
3569 3173 3884 3242 Jamqueres

2147 3246 2315 3300 armis
2343 3249 2650 3315 agebatur;
2696 3252 2912 3306 multis
2977 3257 3426 3330 vulneratis,
3469 3267 3682 3333 paucis
3714 3267 3884 3334 aliquot

2147 3335 2489 3403 interfectis,
2539 3339 2632 3405 qui
2681 3355 2833 3395 unus
2897 3348 3230 3403 omnium
3294 3357 3580 3409 maxime
3635 3359 3886 3424 petebatur

2147 3425 2504 3494 Theophilus,
2538 3427 2665 3496 fuga
2723 3432 2836 3484 sibi
2883 3439 3260 3494 consuluit
3316 3461 3336 3509 ;
3399 3449 3680 3514 quamvis
3723 3449 3890 3501 litteris

2145 3529 2554 3604 quaquaversus
2586 3519 2804 3586 missis,
2835 3525 2913 3576 ad
2951 3533 3317 3596 synodum
3357 3540 3802 3604 celebrandam,
3825 3555 3891 3592 ro-

2145 3613 2272 3670 gatu
2309 3603 2716 3673 Chrysostomi,
2769 3614 3138 3686 episcopos
3201 3625 3547 3684 Arcadius
3604 3632 3889 3686 accivisseL

2145 3695 2274 3750 Post
2330 3699 2540 3751 obitum
2600 3713 2790 3754 autem
2849 3703 3187 3778 Joannis,
3249 3733 3392 3772 non
3456 3736 3701 3790 operam
3743 3723 3888 3775 solum

2146 3785 2482 3883 TheOphilus
2511 3789 2668 3883 dedit
2704 3807 2776 3845 ne
2816 3793 2875 3846 in
2925 3796 3288 3872 Diptycha
3330 3785 3569 3866 nomen
3625 3814 3789 3883 ipsius
3831 3826 3892 3865 re-

2146 3879 2380 3933 ferretur
2408 3884 2472 3935 ab
2495 3881 2752 3937 Orientis
2791 3887 3178 3960 episcopis,
3233 3903 3356 3954 sed
3407 3914 3481 3956 ut
3513 3879 3730 3958 iurante
3749 3905 3888 3957 etiam

2147 3971 2308 4063 vulgo
2364 3973 2692 4037 haberetur,
2737 3979 2982 4048 scripto
3059 3988 3153 4040 ad
3204 3990 3276 4045 id
3331 3997 3566 4063 grandi
3621 3997 3886 4052 volumine.

2145 4061 2313 4128 Cujus
2346 4063 2468 4116 libri
2495 4063 2890 4134 fragmentum
2957 4071 3154 4132 libro
3217 4061 3360 4138 suo.
3407 4101 3592 4142 sexto
3636 4088 3891 4142 Facundos

2147 4150 2415 4217 inseruit,
2447 4159 2828 4226 eamdemque
2856 4162 2940 4215 ab
2979 4164 3426 4244 Hieronymo
3457 4180 3675 4236 Latine
3694 4195 3892 4238 conver-

2145 4332 2386 4397 fueruut,
2415 4352 2516 4392 cur
2544 4339 2940 4410 Theophilum
2973 4360 3302 4421 graviter
3339 4380 3738 4439 coargueret,
3784 4369 3892 4421 λιθῡ·

2148 4423 2293 4526 pavi;
2320 4425 2582 4526 illium-et
2619 4435 3032 4509 χρυσολάτριν
3091 4423 3596 4526 θρρθιιθιιε,υθι
3629 4423 3886 4517 adducto

2147 4513 2337 4567 dicens
2386 4518 2456 4608 ad
2484 4520 2920 4608 rinsectandum
2977 4513 3334 4600 Joannem
3371 4513 3891 4608 ex’lgiﬁdgg—ﬂtim

2148 4615 2309 4700 supra
2324 4619 2350 4655 a
2369 4605 2531 4704 nobis
2545 4625 2998 4675 commemorati
3015 4635 3390 4692 occasione
3409 4643 3466 4674 ³⁸
3492 4663 3509 4696 :

2151 4688 2347 4756 inquit,
2373 4695 2470 4746 καὶ
2507 4695 2775 4770 θεόλογον
2816 4682 3390 4771 κατεπολέ-ἫῊΝ
3493 4683 3509 4696 .
3549 4682 3656 4700 ﬂ"
3684 4682 3890 4751 “WHT”

2152 4779 2277 4806 -.-ε
2313 4779 2402 4806 -λ.-
2601 4791 2615 4806 .
2692 4792 2705 4806 ,
2970 4803 2983 4806 _
3155 4739 3376 4796 μησεν
3432 4733 3779 4806 ἀνθρωπονς
3819 4753 3892 4804 την

2152 4779 2294 4898 ἒτί
2430 4784 2456 4833 ὲ
2466 4787 2791 4898 μοὶηόμιὶῗνυ
2801 4813 2908 4898 pov
2958 4777 3220 4879 ἀπέχόε
3232 4777 3363 4870 -
3400 4777 3549 4877 xviiii:

2668 4886 2898 4987 οἰκῆας
2933 4895 3278 4968 εὑρηκότα
3321 4868 3733 4987 σκαιότητοὲ
3769 4938 3788 4970 t
3817 4919 3892 4972 Det

2154 4960 2404 5025 charum,
2439 4977 2498 5020 et
2526 4984 2728 5028 rerum
2763 4960 3119 5046 divinarum
3162 5013 3196 5046 ο

2155 5007 2404 5099 ¹ί¹ὀ’⁷-;“’··ν
2441 5007 2498 5020 νι
2526 5007 3119 5081 ιιιυῖιιιυινιιιὸΐιηη
3162 5007 3553 5063 consultum
3575 5014 3892 5084 oppugnavit

2230 5065 2459 5106 minem.
2502 5074 2636 5106 cum
2676 5074 3063 5106 Inlnainht...“
3117 5097 3170 5106 -.
3273 5093 3314 5106 ..
3829 5105 3834 5106 γ

2217 5074 2459 5150 ἶιιιιιιυῑῐι,
2502 5074 2638 5115 cum
2676 5074 3065 5134 inimicitiam
3108 5097 3176 5140 et

2533 5534 2716 5585 ersus
2747 5533 3066 5598 Baronium
3098 5550 3524 5614 confirmatur
3544 5563 3626 5615 ".

2233 5591 2379 5655 XXI:
2402 5603 2703 5680 SYnesius
3657 5651 3892 5723 aqualis:
