3920 6442
174 434 302 486 IIS?

1014 421 1565 485 ONGENIANORUM
1608 431 1732 484 LIB.
1774 431 1836 493 ll,
1871 431 2016 484 CAP.
2058 431 2145 493 IV,
2183 431 2367 486 SECT.
2409 431 2471 484 II.

3177 431 3343 487 “58‘

171 542 295 594 licet
325 542 424 594 sub
455 542 726 613 Theophili
755 548 949 601 ditione
989 544 1211 610 positus,
1246 543 1295 593 in
1340 537 1559 606 epistola
1611 550 1693 593 ta-
1723 549 1769 602 Α
1795 543 1985 609 quibus
2007 557 2155 594 suum
2185 543 2436 597 adversus
2466 542 2745 612 Origenem
2777 541 2858 595 vel
2892 555 3096 605 verum,
3129 544 3212 594 vel
3235 543 3310 595 si-

171 645 289 682 men
314 629 378 680 ad
413 629 581 696 ipsum
613 632 754 695 data,
775 633 996 686 Joannis
1017 630 1354 684 nihilominus
1380 628 1691 681 memoriam

169 717 327 768 laude
387 719 729 785 prosequitur
781 722 843 772 ³³.
891 721 1031 773 Idem
1087 733 1204 772 cum
1238 719 1302 770 ad
1334 717 1690 783 episcOpatum

167 805 529 872 Cyrenensem
570 808 838 873 superiore
867 821 1004 861 anno
1045 806 1241 858 invitus
1276 812 1691 871 promoveretur,

168 901 236 948 ad
269 896 637 949 declinandum
655 912 806 963 onus,
831 906 882 949 et
905 896 1146 964 populum
1175 894 1566 948 absterrendum
1601 911 1693 962 pu-

165 986 304 1039 blice
327 989 750 1050 contestabatur,
769 1001 865 1040 nec
888 985 1064 1038 mundi
1091 1000 1353 1046 occasum,
1386 999 1481 1038 nec
1511 1000 1691 1038 resur-

163 1075 466 1128 rectionem
497 1089 802 1142 corporum,
842 1089 938 1128 nec
969 1075 1167 1128 animae
1196 1075 1301 1142 jam
1346 1073 1584 1127 formatis
1615 1075 1695 1126 iu-

162 1164 268 1216 seri
299 1163 621 1230 corporibus
652 1164 754 1216 sibi
794 1179 946 1231 posse
965 1164 1265 1231 persuaderi
1293 1180 1304 1214 :
1333 1178 1448 1230 quae
1474 1177 1592 1215 cum
1616 1163 1695 1215 in-

162 1252 336 1320 signia
372 1252 679 1318 sintcapita
717 1251 1044 1321 Origenianze
1062 1253 1334 1315 doctrinae,
1365 1251 1514 1304 valde
1536 1253 1587 1304 in
1613 1251 1694 1305 his

160 1339 297 1393 locis
325 1353 550 1393 exosam
586 1348 710 1392 tunc
730 1338 889 1392 fuisse
919 1340 1301 1394 concludimus.
1331 1343 1398 1393 At
1430 1340 1692 1408 Hierony-

159 1443 278 1480 mus
294 1427 666 1495 Chrysostomi
687 1428 1042 1494 expulsionem
1073 1429 1377 1482 etexsilium
1405 1429 1695 1498 Theophilo

160 1530 254 1582 per
292 1515 580 1582 epistolam
634 1515 928 1581 gratulatus
961 1525 1040 1570 est
1088 1516 1178 1569 “z
1218 1535 1236 1566 ι
1287 1517 1434 1572 Unde
1465 1527 1518 1571 et
1565 1533 1692 1582 nos,

161 1604 356 1670 inquit,
390 1603 649 1657 Joannem
705 1605 794 1672 qui
847 1605 1036 1658 dudum
1067 1604 1694 1674 Constantinopolitanam

160 1694 306 1746 rexit
335 1693 665 1756 Ecclesiam,
692 1692 796 1746 Deo
831 1694 1038 1761 placere
1069 1709 1274 1762 semper
1296 1697 1610 1763 optavimus,
1643 1706 1696 1750 et

158 1796 354 1835 causas
389 1781 710 1849 perditionis
744 1781 887 1849 ejus,
923 1783 974 1836 in
1007 1797 1139 1850 quas
1183 1783 1450 1836 ferebatur
1505 1786 1697 1854 impro-

1791 631 2040 684 mulatum
2070 631 2246 682 odium
2287 631 2578 698 insignibus
2625 629 2976 683 monumentis
3009 630 3297 697 expressit.

1795 722 1863 772 De
1885 718 2235 773 eovolumine
2271 719 2348 770 sic
2372 719 2671 772 Gennadius
2702 719 2793 772 lib.
2830 720 2902 772 De
2946 720 3040 771 vir.
3076 719 3264 772 illustr.
3289 732 3308 769 :

1793 826 1812 858 ε
1848 807 2071 875 Scripsit
2097 807 2372 860 adversum
2402 807 2682 874 Origenem
2715 822 2874 860 unum
2903 819 2957 861 et
2995 806 3192 874 grande
3219 819 3311 857 vo-

1790 899 1993 960 lumen,
2019 899 2072 950 in
2113 914 2215 966 quo
2255 897 2432 950 omnia
2453 911 2583 963 pene
2607 897 2720 962 ejus
2745 899 2905 962 dicta,
2933 908 2987 951 et
3014 899 3182 963 ipsum
3217 910 3308 963 pa-

1792 989 1920 1041 riter
1948 989 2194 1050 damnat;
2221 985 2464 1040 similiter
2497 986 2690 1038 docens
2717 1001 2817 1038 non
2859 1002 2887 1039 a
2945 1001 3004 1040 se
3033 1000 3152 1039 eum
3199 985 3306 1052 pri-

1789 1090 1956 1136 mum,
1980 1075 2070 1128 sed
2101 1079 2165 1128 ab
2194 1073 2427 1140 antiquis
2450 1073 2720 1135 Patribus,
2750 1083 2803 1125 et
2829 1076 3056 1128 maxime
3085 1073 3307 1128 Hcracla

1790 1160 1953 1214 fuisse
1977 1169 2028 1212 et
2059 1175 2087 1212 a
2118 1161 2447 1228 presbyterio
2470 1159 2718 1224 ejectum,
2749 1169 2802 1212 et
2831 1161 2896 1213 de
2919 1160 3148 1214 Ecclesia
3190 1160 3307 1227 pul-

1792 1267 1928 1314 sum,
1983 1261 2037 1304 et
2063 1251 2128 1303 de
2173 1250 2387 1304 civitate
2425 1248 2680 1316 fugatum.
2718 1266 2736 1297 ι
2783 1249 2965 1300 Refert
2995 1263 3058 1302 ex
3108 1249 3308 1304 Isidoro

1791 1341 2015 1394 diacono
2053 1339 2282 1392 Joannes
2332 1337 2710 1399 Damascenus,
2757 1336 3101 1402 Theophilum
3149 1338 3307 1390 morti

1792 1425 2104 1494 proximum,
2131 1439 2247 1477 cum
2280 1433 2494 1491 propter
2521 1424 2802 1476 admissum
2830 1425 2878 1474 in
2901 1421 3121 1476 Joannis
3149 1439 3308 1477 causa

1793 1511 2373 1582 peccatum,'exhalare
2398 1511 2638 1577 spiritum
2663 1525 2764 1563 non
2796 1519 2994 1577 posset,
3018 1509 3187 1564 oblata
3210 1510 3310 1580 ipsi

1792 1601 2156 1671 Chrysosmmi
2205 1599 2433 1668 imagine
2484 1608 2538 1652 et
2582 1599 2796 1652 adorata
2853 1599 3031 1651 statim
3081 1599 3312 1652 animam

1791 1693 1980 1759 egisse.
2009 1687 2183 1742 Nihilo
2236 1689 2408 1742 secius
2440 1697 2616 1740 tamen
2651 1686 2764 1753 ejus
2794 1687 2984 1740 famam
3029 1687 3314 1740 lancinavit

1792 1778 2016 1849 Cyrillus
2042 1777 2314 1844 Theophili
2343 1785 2614 1843 cognatus.
2638 1775 2706 1827 At
2735 1791 2856 1830 cum
2882 1777 3116 1828 animum
3147 1776 3314 1844 ipsius

159 1869 342 1932 vidus,
377 1884 718 1938 nequaquam
775 1871 990 1924 credere
1021 1849 1296 1927 voluimus,
1349 1870 1452 1926 Sed
1483 1849 1592 1937 ille;
1640 1885 1699 1927 ιιι
1726 1849 1768 1901 Β
1799 1868 2042 1934 mitigare
2074 1866 2305 1920 studenti
2343 1867 2522 1919 Attico
2565 1865 3148 1933 Constantinopolitano
3194 1866 3311 1932 epi-

156 1965 359 2008 caetera
385 1955 583 2024 ﬂagitia
613 1955 724 2022 ejus
759 1967 978 2022 taceam,
1010 1957 1334 2029 Origenistas
1353 1963 1407 2014 in
1432 1977 1578 2016 suam
1615 1978 1698 2018 re-

156 2043 368 2110 cipiens
401 2043 841 2108 familiaritatem,
861 2053 916 2097 et
942 2059 1006 2098 ex
1034 2045 1397 2113 his'plurimos
1437 2046 1488 2098 in
1518 2061 1696 2100 sacer-

157 2131 369 2184 d0tium
407 2133 725 2199 provehens,
760 2142 920 2201 atque
949 2135 1016 2188 ob
1045 2135 1148 2188 hoc
1195 2134 1365 2188 scelus
1398 2135 1563 2188 beatae
1587 2151 1698 2189 me-

157 2220 355 2271 moriae
387 2219 656 2272 hominem
684 2219 772 2273 Dei
811 2220 1179 2289 Epiphanium,
1204 2223 1292 2289 qui
1328 2221 1464 2274 inter
1501 2222 1700 2290 episco-

155 2320 250 2373 pos
288 2306 507 2360 clarum
531 2307 584 2360 in
612 2309 738 2360 orbe
759 2308 903 2361 sidus
930 2308 1142 2373 eﬂulsit,
1169 2325 1270 2363 non
1293 2325 1454 2376 parvo
1475 2325 1700 2364 maerore

155 2396 502 2450 contristans
547 2397 738 2448 meruit
779 2399 999 2452 audire:
1029 2398 1244 2460 Cecidit,
1290 2400 1470 2451 cecidit
1524 2398 1697 2466 Baby-

156 2483 243 2534 lon
281 2483 359 2534 “.
407 2500 426 2532 ι
459 2481 674 2534 Minime
728 2482 902 2549 itaque
949 2484 1338 2537 assentiendum
1374 2485 1598 2538 Baronio
1629 2485 1698 2548 ³⁸,

155 2571 244 2634 qui
274 2569 592 2622 concitatas
619 2582 648 2618 a
667 2566 956 2636 TheOphilo
986 2572 1236 2624 adversus
1264 2552 1699 2639 Chrysostomum

156 2657 364 2710 turbas
405 2655 683 2721 aegerrime
723 2656 900 2710 tulisse
926 2657 1300 2726 Hieronymum
1342 2657 1626 2726 conjectat.

219 2743 413 2795 XXII.
474 2741 855 2796 Observatione
899 2759 1023 2798 vero
1059 2745 1270 2812 dignum
1303 2755 1385 2799 est
1407 2746 1545 2814 quod
1580 2761 1701 2799 nar-

154 2842 284 2886 rant
327 2831 606 2893 Socrates,
658 2831 911 2899 Georgius
949 2831 1336 2886 Alexandrinus
1389 2843 1441 2886 et
1486 2832 1700 2888 Sitneon

159 2921 594 2988 Metaphrastes,
630 2919 681 2970 in
702 2917 1046 2987 Theophilum
1068 2921 1206 2989 vulgi
1246 2920 1420 2974 odium
1445 2922 1698 2987 crevisse,

152 3011 379 3065 idcirco
407 3009 547 3076 quod
596 3019 713 3076 post
745 3010 1020 3064 damnatos
1074 3021 1216 3066 tanto
1241 3021 1428 3066 conatu
1458 3011 1702 3082 Origenis

150 3101 360 3162 libros,
405 3112 589 3150 eorum
619 3100 778 3152 etiam
815 3108 928 3152 tum
981 3099 1190 3153 lectioni
1232 3103 1437 3156 deditus
1456 3116 1573 3156 esse
1605 3103 1700 3155 de-

150 3191 474 3259 prehensus
509 3188 612 3250 sit;
649 3187 795 3254 cujus
847 3190 921 3242 rei
965 3204 1176 3244 causam
1220 3205 1341 3244 cum
1379 3192 1447 3245 ab
1477 3205 1542 3245 eo
1577 3205 1699 3260 per-

150 3287 492 3335 contaretur
547 3279 804 3348 quispiam
833 3317 849 3342 ,
905 3281 1236 3349 respondisse
1286 3291 1437 3350 prato
1486 3281 1702 3336 ﬂoribus

157 3370 394 3425 consito
423 3367 624 3421 similes
653 3382 768 3422 esse
801 3368 964 3423 libros
1007 3369 1248 3439 Origenis
1269 3409 1284 3434 ,
1319 3371 1602 3438 decerpere
1644 3385 1703 3424 se

153 3474 282 3526 quae
320 3457 555 3526 pulchra
583 3466 739 3522 sunt;
775 3471 888 3523 qua:
915 3456 1148 3524 spinosa,
1179 3458 1449 3525 praeterire
1478 3476 1492 3510 :
1546 3467 1704 3525 atque

150 3551 203 3601 id
235 3546 514 3608 omnibus
565 3541 840 3597 oﬂ‘ensioui
888 3544 1072 3598 fuisse.
1119 3548 1190 3601 De
1218 3562 1278 3601 ea
1306 3562 1362 3600 re
1395 3547 1467 3600 ita
1501 3547 1703 3614 Ruper-

155 3649 239 3691 tus
270 3633 583 3690 Tuitieusis
608 3633 698 3685 lib.
725 3648 741 3685 ι
802 3633 1082 3688 Comment.
1105 3635 1158 3686 in
1183 3635 1457 3690 Deuteron.
1490 3651 1608 3704 cap.
1628 3651 1703 3690 Ix.

159 3746 176 3776 ι
201 3728 388 3781 Juxta
419 3722 651 3773 litteram
711 3722 988 3774 manifesta
1013 3731 1095 3775 est
1128 3724 1370 3792 aequitas,
1405 3725 1553 3792 juxta
1584 3739 1706 3777 ana-

150 3831 337 3886 gogen
379 3823 516 3863 vero
539 3810 720 3877 judicii
761 3810 1013 3864 lectorum
1061 3813 1326 3865 inhibetur
1362 3815 1703 3878 mutabilitas,

153 3904 432 3959 videlicet
464 3913 619 3966 quam
646 3899 695 3950 in
741 3897 1030 3968 Theophilo
1063 3901 1440 3955 Alexandrina:
1477 3903 1707 3955 civitatis

151 3998 433 4064 episcopo
453 3987 808 4043 ecclesiastica
835 3989 1166 4058 reprehendit
1197 3990 1398 4044 relatio.
1433 3991 1532 4056 Qui
1589 4007 1705 4044 cum

144 4080 398 4138 Joannis
422 4076 1010 4144 Constantinopolitani,
1039 4079 1127 4147 qui
1157 4078 1563 4148 Chrysostomus
1617 4096 1710 4149 ap-

1796 1970 1954 2024 sc0po
1981 1964 2258 2022 perpetuas
2278 1967 2394 2007 sese
2428 1967 2546 2004 cum
2580 1952 2654 2006 Ch
2666 1953 2940 2021 rysostomi
2969 1953 3182 2006 nomine
3209 1954 3308 2005 ini-

1797 2045 2021 2097 micitias
2082 2053 2353 2110 gesturum
2394 2040 2616 2108 Cyrillus
2667 2041 3039 2105 renuntiasset;
3084 2043 3135 2094 in
3165 2056 3314 2095 acres

1797 2132 1978 2186 lsidori
2009 2131 2287 2184 Pelusioue
2311 2129 2704 2197 objurgationes
2742 2128 2964 2182 incurrit
2988 2145 3004 2181 :
3031 2139 3084 2181 et
3110 2130 3174 2182 ad
3201 2145 3313 2182 tne-

1797 2223 1979 2277 liorem
2013 2223 2220 2275 tandem
2253 2229 2529 2273 revocatus
2563 2229 2787 2272 mentem
2811 2233 2928 2271 cum
2958 2216 3177 2271 Joannis
3209 2233 3318 2272 me-

1798 2314 1963 2366 moria
1991 2313 2145 2367 rediit
2174 2313 2224 2364 in
2255 2311 2500 2378 gratiam,
2525 2323 2824 2376 nomenque
2851 2309 3017 2376 ipsius
3047 2309 3319 2378 Diptychis

1797 2402 2035 2455 inseruit.
2061 2403 2368 2468 Anouytnus
2407 2398 2766 2467 Cbrysostomi
2801 2398 2924 2451 vita:
2982 2399 3234 2466 scriptor.
3259 2399 3314 2452 in

1796 2491 1996 2546 somnis
2032 2490 2286 2542 mouitqu
2343 2504 2372 2541 a
2427 2486 2630 2540 Joanne
2685 2487 2937 2556 Cyrillum
2999 2489 3316 2542 sententiam

1799 2590 2028 2632 mutasse
2056 2589 2252 2642 narrat,
2280 2579 2449 2645 deque
2496 2577 2612 2644 ejus
2663 2578 2858 2644 pietate
2910 2586 2964 2630 et
3015 2579 3320 2646 integritate

1799 2669 2024 2722 saniora
2054 2668 2299 2721 sensisse.
2336 2666 2517 2718 Relato
2550 2665 2663 2731 ejus
2690 2664 2742 2716 in
2777 2665 3030 2733 Diptycha
3066 2667 3318 2733 nomine,

1802 2757 2020 2823 reliquis
2042 2756 2348 2824 praesulibus
2375 2756 2506 2808 idem
2532 2763 2588 2805 ut
2621 2755 2876 2818 facerent,
2900 2755 3140 2820 exemplo
3198 2755 3317 2810 fuit.

1797 2847 1942 2899 Adeo
1965 2855 2018 2898 ut
2051 2845 2253 2913 publice
2301 2843 2400 2896 coli
2437 2845 2623 2898 deinde
2657 2853 2860 2910 cceptus
2891 2844 2959 2895 sit
3002 2844 3316 2912 Chrysosto-

1799 2948 1934 2998 mus,
1963 2944 2015 2988 et
2036 2949 2218 3001 magna
2265 2933 2471 2984 demum
2500 2947 2684 2999 pompa
2709 2947 2771 2984 ac
2794 2931 3040 2984 comitatu
3064 2933 3320 2987 Constan-

1801 3021 2075 3089 tinopolim
2109 3020 2360 3086 reliquias
2386 3019 2550 3084 ipsius
2588 3018 2834 3071 Cumanis
2865 3019 3145 3070 devcxerit
3193 3020 3320 3072 Pro-

1799 3110 1908 3164 clus
1933 3111 2153 3162 antistes
2173 3107 2800 3176 Constantinopolitatms.
2823 3107 2918 3160 Hic
2943 3123 3098 3176 porro
3109 3109 3318 3163 .frustra

1801 3200 2020 3254 miratur
2041 3197 2306 3260 Socrates,
2337 3198 2462 3265 quid
2489 3197 2558 3251 sit
2580 3211 2675 3250 cur
2708 3203 2792 3250 tot‘
2805 3207 2922 3265 post
2958 3198 3159 3272 obitum
3216 3214 3318 3251 au-

1801 3291 1882 3344 nis
1915 3289 2193 3357 Origenem
2225 3288 2290 3340 ab
2318 3286 2564 3341 Ecclesiae
2591 3289 2958 3341 communione
2989 3299 3320 3358 segregatum

1800 3378 2218 3448 pronuntiaverit
2246 3376 2590 3444 Theophilus,
2621 3377 2874 3431 Joannem
2897 3393 3026 3432 vero
3052 3380 3322 3434 tricesimo

1800 3470 1983 3535 quinto
2013 3483 2040 3519 a
2069 3477 2240 3521 morte
2269 3482 2409 3520 anno
2447 3469 2500 3519 in
2531 3469 2767 3540 eamdem
2806 3468 3019 3522 Proclus
3049 3479 3316 3538 receptum

1801 3555 2023 3610 voluerit
2053 3571 2068 3606 :
2101 3569 2220 3606 nam
2251 3553 2376 3606 licet
2403 3552 2642 3621 Origenis
2666 3556 2839 3620 potius
2867 3556 3125 3619 doctrina,
3164 3571 3321 3622 quam

1803 3657 1995 3696 nomen
2039 3641 2198 3695 fuerit
2241 3658 2273 3696 a
2311 3642 2606 3710 Theophilo
2637 3644 3015 3708 damnandum,
3055 3645 3323 3698 nihilomi-

1803 3747 1904 3787 nus
1929 3740 2100 3785 tamen
2129 3741 2186 3783 ut
2227 3739 2349 3800 pote
2383 3732 2596 3784 nefariae
2616 3732 2871 3786 doctrina:
2921 3742 3106 3786 auctor
3131 3734 3322 3802 Orige-

1805 3837 1898 3875 nes
1925 3835 2202 3874 ceusuram
2235 3822 2468 3889 aliquam
2498 3830 2550 3874 et
2574 3823 3036 3888 reprehensionem
3095 3836 3323 3876 comme-

1807 3914 1942 3976 ruit;
1983 3930 2100 3967 cum
2145 3915 2340 3967 nullius
2387 3916 2682 3968 econtrario
2721 3917 2918 3969 erroris
2958 3914 3125 3968 amnis
3158 3914 3322 3980 Chry-

1805 4012 2089 4064 sostomus,
2150 4018 2243 4070 per
2296 4018 2556 4057 summum
2597 4004 2772 4057 scelus
2815 4005 2882 4056 ab
2934 4002 3161 4056 Ecclesia
3197 4017 3322 4070 pro-

1819 4091 2066 4156 scriptus,
2082 4089 2199 4157 jure
2232 4091 2282 4142 in
2308 4104 2423 4142 eam
2440 4091 2660 4144 subinde
2690 4100 2928 4158 receptus
2947 4092 3034 4145 sit.
3060 4091 3175 4145 Jam
3202 4099 3324 4144 ante

149 4174 410 4242 pellatur
430 4207 447 4231 ,
478 4174 620 4219 esset
649 4166 910 4232 inimicus,
939 4168 1214 4221 lectionem
1237 4169 1499 4238 Origenis,
1533 4171 1614 4222 cui
1647 4171 1709 4222 li-

148 4263 365 4316 benter
391 4253 751 4319 incumbebat,
781 4255 894 4308 zelo
921 4256 1154 4324 ejusdem
1175 4257 1396 4313 Joannis
1421 4259 1707 4324 datllltaVil;
1808 4282 1991 4337 geriem
2018 4267 2311 4334 scripserat
2338 4267 2588 4321 Hammon
2621 4269 3137 4338 Adrianopolitanus,
3194 4280 3252 4322 ut
3292 4286 3324 4324 a

155 4352 511 4415 tandemque
565 4345 811 4399 damnato
853 4345 1054 4400 Joanne
1081 4387 1097 4412 ,
1152 4350 1274 4415 quia
1307 4363 1366 4403 se
1415 4365 1444 4402 a
1487 4350 1710 4406 lectione
1809 4357 2038 4410 Maximo
2067 4357 2314 4409 traditum
2343 4366 2426 4411 est
2475 4359 2526 4410 in
2555 4357 2782 4414 Scholiis
2807 4361 2872 4412 ad
2918 4360 3220 4428 Dionysium
3252 4361 3324 4415 De

147 4439 427 4510 Origenis
486 4449 591 4489 non
655 4435 906 4500 cohibuit,
949 4450 1129 4490 rursus
1178 4439 1287 4506 ipse
1333 4440 1542 4493 lectioni
1595 4441 1712 4496 Ori-
1742 4451 1784 4504 1)
1812 4446 1998 4498 celesti
2021 4445 2330 4509 hieran/tia,
2363 4461 2480 4514 cap.
2533 4445 2582 4498 7.
2615 4445 2688 4499 De
2714 4447 2826 4512 ejus
2857 4455 3010 4501 aetate
3048 4464 3206 4501 unum
3236 4451 3327 4503 ha-

151 4533 322 4602 genis
351 4525 598 4596 ejusdem
630 4522 883 4577 Ῐηευῢυὶῑ-
946 4544 964 4574 ³
1014 4524 1149 4579 Hinc
1193 4527 1488 4581 “istimari
1534 4539 1708 4597 potest
1811 4536 1908 4588 beo
1945 4536 2082 4603 quod
2114 4536 2306 4601 dicam,
2347 4537 2686 4590 vetustiorem
2715 4536 2880 4591 fuisse
2913 4539 3082 4604 ipsum
3108 4540 3325 4608 Cyrilln,

150 4631 378 4690 quanta
413 4614 625 4669 vafritie
652 4611 996 4681 TheOphilus,
1021 4628 1114 4682 per
1157 4616 1386 4682 speciem
1418 4617 1705 4671 insectandi
1813 4638 1840 4676 a
1869 4639 1974 4690 quo
2008 4624 2058 4675 in
2091 4624 2442 4676 testimonium
2478 4625 2670 4678 alicubi
2706 4626 2900 4680 citatus
2921 4636 3022 4680 est.

152 4706 507 4780 Origenismi
536 4704 770 4772 privatas
795 4703 1088 4757 simultates
1108 4705 1246 4758 ultus
1273 4707 1372 4771 sit;
1402 4705 1557 4760 facile
1581 4721 1709 4774 prae-
1878 4711 2060 4765 XXIV.
2088 4712 2351 4766 Restituto
2383 4715 2432 4765 iu
2464 4705 2736 4782 pris'tinam
2774 4715 2966 4768 famam
3015 4717 3329 4786 Chrysosto-

150 4803 359 4858 sertim
403 4794 634 4862 receptis
661 4797 815 4858 paulo
871 4801 992 4846 ante
1030 4793 1080 4846 in
1106 4795 1328 4860 gratiam
1355 4795 1704 4864 Origenistis:
1811 4815 1915 4862 mo,
1943 4816 2130 4868 magna
2186 4812 2357 4855 tamen
2404 4818 2467 4856 ex
2509 4804 2588 4856 bis
2615 4805 3090 4860 conflictationibus
3142 4808 3327 4876 Orige-

152 4897 254 4949 sed
297 4901 362 4945 nt
393 4889 449 4941 in
475 4895 646 4952 empta
676 4894 851 4937 tamen
905 4884 1242 4938 simulatione
1294 4895 1660 4953 perseveraret
1690 4926 1704 4951 ,
1813 4890 1967 4942 niano
2003 4893 2201 4942 nomini
2239 4892 2519 4960 ignominia
2547 4893 2687 4946 illata
2710 4903 2810 4956 est,
2834 4905 2888 4947 ut
2911 4895 3020 4948 fere
3041 4897 3150 4963 jam
3172 4897 3326 4962 vulgo

152 4984 377 5054 stylum
401 4976 504 5029 hoc
525 4976 656 5042 ipso,
693 4981 745 5026 et
777 4982 1026 5040 sequente
1053 4981 1303 5039 praeterea
1334 4989 1473 5028 anno
1502 4989 1705 5028 summa
1812 4995 1908 5047 pro
1931 4981 2182 5034 haeretica
2233 4982 2537 5035 haberetur.
2592 4983 2922 5052 Quapropter
2980 4985 3326 5054 Hieronymus

154 5071 478 5142 asperitate
515 5073 568 5118 et
594 5063 961 5117 maledicentia
981 5065 1216 5116 exercuit
1243 5065 1494 5118 adversus
1522 5063 1708 5132 Orige-
1815 5068 2198 5121 Demetriadem
2259 5069 2515 5137 virginem
2562 5075 2834 5139 praeceptis
2865 5074 3137 5126 instituens
3188 5086 3325 5122 anno

158 5178 297 5217 nem
329 5160 388 5211 in
418 5153 656 5221 epistolis
683 5152 1044 5214 Paschalibus,
1082 5167 1216 5219 quas
1257 5153 1442 5206 Latine
1474 5155 1712 5221 eXposuit
1815 5157 1937 5219 415,
1976 5169 2132 5230 caute
2179 5170 2354 5211 monet
2399 5170 2455 5211 ut
2503 5161 2601 5214 sibi
2643 5163 2708 5214 ab
2754 5162 3171 5230 Origenistarum
3223 5159 3325 5210 fer-

160 5251 563 5312 llieronymus,
593 5243 643 5294 in
667 5240 938 5295 abolendis
973 5240 1384 5309 Origenistarutl
1447 5242 1713 5295 erroribus
1819 5257 1992 5302 mento
2018 5260 2220 5302 caveat.
2254 5249 2383 5303 Nam
2408 5266 2524 5304 cum
2551 5252 2932 5319 Origenismum
2957 5252 3021 5301 ab
3047 5248 3327 5301 Anastasio

157 5329 485 5400 Theophilo
512 5331 870 5382 consentiens.

1817 5341 2094 5405 protritum
2133 5338 2374 5402 dixisset,
2423 5341 2606 5393 addit:
2645 5359 2663 5390 ι
2704 5341 2768 5392 Ει
2803 5342 2924 5406 quia
2966 5351 3171 5396 vereor,
3222 5335 3328 5386 imo

239 5420 446 5480 XXIII.
476 5419 628 5469 Anno
664 5417 851 5471 Christi
882 5418 984 5472 412
1007 5416 1228 5469 decessit
1253 5414 1600 5486 Theophilus,
1630 5435 1713 5472 re-
1820 5443 2028 5481 rumore
2051 5429 2292 5497 cognovi,
2328 5429 2378 5481 in
2401 5427 2711 5496 quibusdam
2741 5427 2910 5477 adhuc
2938 5423 3112 5474 vivere
3135 5429 3187 5474 et
3213 5418 3327 5486 pul-

157 5523 301 5569 tgcto
338 5525 469 5564 cum
499 5507 731 5574 epistolis
757 5507 1094 5562 Paschalibus
1124 5509 1312 5572 grandi
1346 5509 1630 5573 volumine,
1661 5513 1712 5564 in
1817 5516 1978 5569 lulare
2010 5526 2260 5569 venenata
2295 5517 2578 5584 plantaria,
2639 5513 2760 5566 illud
2806 5522 2856 5562 te
2915 5510 2998 5576 pio
3045 5507 3321 5562 charitatis

1810 4179 1923 4231 hate
1963 4189 2198 4245 tempora
2226 4178 2416 4231 librum
2444 4178 2515 4230 De
2539 4181 2904 4233 resurrectione
2928 4181 3178 4234 adversus
3205 4181 3324 4234 Ori-

242 5695 292 5726 υ
341 5689 540 5755 synes.
575 5685 724 5750 epist.
749 5684 830 5740 66.
905 5686 946 5716 ³³
970 5684 1178 5737 Hieron.
1209 5685 1367 5751 epist.
1395 5687 1477 5741 88.
1556 5688 1598 5719 ³⁸
1631 5689 1696 5745 Isa

1797 5709 1864 5755 xx,
1894 5694 1942 5747 9.
2018 5694 2058 5725 ³⁵
2092 5694 2282 5750 Baron.
2313 5709 2398 5747 an.
2423 5691 2543 5751 404,
2575 5702 2685 5748 cap.
2718 5699 2782 5738 an
2814 5683 2930 5738 135.

1556 5688 1598 5719 ³⁸
1631 5689 1724 5745 Isa.
1757 5708 1864 5756 xxx,
1894 5694 1942 5747 9.
