3920 6474
503 417 639 471 1165

1723 407 1781 460 Ρ.
1821 406 2126 461 DANIELIS
2162 404 2406 459 HUETH

3746 375 3892 431 ιιθι

503 529 700 592 t-iperct
754 522 964 575 Petrum
1020 521 1458 586 Alexandrinum,
1509 532 1662 587 quem
1717 517 2012 571 Sucaeensis
2040 524 2218 584 Aqtto
2267 522 2506 582 notatur
2561 509 2918 572 monachus,
2958 503 3166 558 oritur
3197 513 3277 552 ex
3345 504 3525 560 am,
3561 491 3892 592 fonti-trba-

505 610 1132 678 monasteriiprmfectum
1161 610 1430 679 depulsum
1475 610 1724 672 diximus,
1759 619 1810 664 et
1834 609 2012 662 Joan»

502 716 618 755 nem
676 708 1019 768 cognomento
1065 699 1419 769 Strongylum.
1451 699 1564 764 Quo
1617 698 1757 754 facto
1814 707 2013 752 tantum

499 791 808 859 Origenistis
835 791 1058 844 accessit
1090 791 1312 854 fiduciae,
1360 799 1416 842 ut
1461 790 1566 858 jam
1617 803 2014 857 quaquaversus

498 880 785 934 doctrinam
847 894 1016 940 suam,
1047 880 1137 933 sic
1185 889 1429 944 tanquam
1471 877 1657 947 legem,
1717 878 2016 946 promulga-

496 978 643 1033 rent;
700 969 744 1023 si
792 983 923 1037 quos
961 968 1145 1023 obvios
1202 967 1454 1022 haberent
1505 967 1842 1036 Jerosolymaa
1903 981 2015 1020 mo-

495 1055 694 1116 nachos
730 1061 1076 1124 orthodoxos,
1123 1059 1258 1113 male
1319 1059 1598 1112 multantes
1655 1054 1875 1124 turpiter
1917 1056 2013 1124 eji-

495 1159 710 1216 cerent;
740 1151 934 1206 multos
957 1151 1115 1205 etiam
1141 1150 1474 1218 gravissimis
1519 1149 1792 1216 suppliciis
1822 1162 2016 1203 excru-

495 1237 716 1293 ciarent.
750 1237 951 1304 Quibus
980 1238 1044 1291 ad
1070 1252 1160 1292 eos
1185 1237 1519 1307 perlatis,qui
1556 1239 1696 1289 circa
1730 1234 2013 1290 Iordanem

493 1328 645 1383 sedes
681 1337 983 1396 posuerant,
1021 1329 1084 1381 ad
1124 1343 1274 1395 Opem
1310 1329 1468 1381 sociis
1494 1327 1761 1380 ferendam
1803 1334 2013 1390 coeunt,

493 1424 548 1470 et
575 1415 624 1468 in
655 1415 805 1468 Saba:
827 1415 1079 1476 Lauram,
1105 1414 1245 1467 velut
1278 1415 1328 1467 in
1352 1412 1796 1482 propugnaculum
1827 1412 2018 1465 confu-

493 1507 665 1574 giunt.
689 1505 756 1558 At
783 1505 904 1558 illuc
931 1520 1141 1572 quoque
1171 1519 1326 1556 manu
1354 1503 1492 1556 facta
1528 1502 1774 1554 advolant
1825 1500 2008 1570 Orige-

491 1597 664 1659 nistze,
690 1605 742 1648 et
770 1593 969 1647 foribus
995 1594 1253 1657 effractis,
1288 1593 1460 1646 Laura
1512 1592 1683 1660 potiti,
1717 1606 1783 1644 ex
1829 1591 2013 1643 ortho-

493 1685 646 1739 doxis
671 1684 967 1752 complures
994 1683 1305 1736 vulneribus
1334 1682 1638 1735 concidunt.

564 1779 625 1832 γ.
653 1779 774 1832 llaec
805 1776 856 1831 in
898 1773 1015 1828 Vita
1042 1773 1199 1829 Saba:
1225 1787 1448 1827 narrans
1471 1769 1717 1838 Cyrillus,
1743 1777 1796 1823 et
1830 1767 2012 1836 Orige-

2113 577 2205 666 eit,
2228 579 2525 668 perterruit
2562 613 2583 652 :
2612 599 2749 652 hinc
2793 593 2939 666 quis
2979 591 3263 646 fortasse
3317 580 3684 642 sarabaitas
3716 577 3889 632 dictos

2113 700 2266 760 putet
2316 690 2640 746 monachos
2711 685 3053 754 inquietos,
3117 685 3553 733 contumaces
3597 679 3662 724 et
3697 671 3887 760 turbu-

2114 758 2322 846 lentos;
2386 794 2521 833 nam
2574 792 2677 832 eos
2735 776 2903 830 inter
2936 786 3012 827 se
3054 764 3372 822 altercari
3414 772 3481 815 et
3541 758 3891 814 contendere

2115 871 2302 925 solitos
2345 867 2522 922 tradit
2579 865 3020 931 Hieronymus.
3077 854 3487 910 Nominatos
3524 849 3772 916 quidam
3799 863 3884 899 su-

2115 958 2397 1026 spicantur
2423 953 2538 1008 ἀπὸ
2571 951 2671 1004 τοῦ
2697 947 3013 1020 Σαράὸου,
3056 932 3372 995 course-1t
3413 933 3534 987 τοῦ
3569 931 3888 1001 γυναικείου

2115 1023 2342 1109 etesiae,
2373 1043 2456 1098 sic
2485 1043 2640 1098 enim
2676 1053 2889 1094 vocem
2923 1037 3096 1090 hanc
3153 1031 3692 1098 interpretantur
3727 1023 3887 1092 llesy-

2115 1137 2272 1191 chius
2300 1143 2360 1188 et
2413 1132 2644 1186 Suidas.
2698 1126 2980 1197 Prompti
3025 1130 3260 1176 autem
3295 1125 3500 1173 erant
3548 1115 3612 1168 in
3641 1121 3888 1167 Venerem

2116 1227 2416 1282 sarabaitre
2442 1233 2463 1276 ’:
2504 1227 2886 1292 quapropter
2929 1216 3024 1269 ait
3074 1212 3500 1268 Humbertus
3531 1203 3845 1260 cardinalis
3873 1221 3890 1256 :

2121 1338 2139 1370 ι
2173 1315 2330 1371 Unde
2357 1326 2410 1371 et
2451 1315 2812 1369 fornicantes
2849 1305 3235 1362 sarabaitas
3282 1307 3732 1361 venerantur;
3763 1315 3781 1348 ι
3807 1297 3889 1350 sed

2117 1404 2474 1461 verisimilius
2507 1413 2612 1468 est,
2644 1402 2804 1471 quod
2833 1397 3186 1452 attulimus
3225 1393 3464 1461 priore
3492 1387 3638 1444 loco
3666 1390 3891 1443 nominis

2117 1496 2278 1566 hujus
2303 1495 2708 1564 veriloquium.
2742 1491 2895 1546 Utut
2928 1499 3033 1543 est
3109 1501 3254 1540 non
3319 1491 3570 1551 praeter
3627 1480 3885 1533 rationem

2116 1585 2263 1639 credi
2298 1586 2496 1654 possit,
2525 1581 2811 1650 ejusmodi
2852 1575 3166 1633 convicio
3232 1574 3390 1644 pios
3445 1581 3514 1627 et
3563 1571 3889 1626 orthodoxe:

2117 1676 2419 1728 monachos
2466 1675 2538 1727 ab
2571 1674 2764 1740 impiis
2802 1664 3221 1738 Origenistis
3285 1664 3504 1726 fuisse
3560 1664 3888 1716 traductos:

2116 1765 2209 1817 sed
2255 1762 2390 1816 nihil
2425 1773 2609 1816 tamen
2677 1771 2996 1814 imitamus
3035 1777 3054 1813 :
3106 1771 3246 1810 nec
3329 1753 3694 1810 asserimus
3745 1754 3885 1823 quid-

493 1869 756 1925 nistarum
815 1864 1023 1918 illorum
1066 1862 1406 1933 petulantiam
1454 1837 1780 1920 describens,
1815 1875 1832 1907 ι
1873 1855 2008 1921 Quin
2044 1837 2083 1891 Β
2114 1869 2298 1921 quam,
2327 1854 2422 1906 sed
2454 1863 2669 1904 tantum
2703 1851 3164 1918 proponimus.
3214 1847 3452 1915 Atque
3487 1845 3628 1899 haec
3660 1845 3846 1897 obiter.

492 1959 674 2022 etiam,
703 1955 892 2023 inquit,
920 1955 963 2009 si
996 1953 1223 2021 aliquem
1279 1965 1342 2005 ex
1391 1947 1704 2004 orthodoxis
1739 1944 2013 2000 monachis

493 2046 968 2117 deprehendissent
996 2045 1048 2099 in
1071 2051 1253 2098 sancta
1284 2042 1514 2106 civitate,
1548 2032 1703 2107 im'pia
1735 2052 1889 2114 manu
1930 2035 2012 2089 fe-

401 2158 418 2170 ο
491 2143 689 2198 riemes
737 2151 790 2194 et
842 2140 1078 2195 sabaiten
1129 2143 1396 2198 vocantes,
1456 2132 1600 2186 illinc
1639 2145 1759 2184 eum
1789 2129 2014 2197 turpiter

489 2234 821 2304 expellebant
848 2247 869 2281 »ε
904 2228 1211 2298 nl'sabaiten
1246 2224 1496 2292 intellige,
1529 2207 1680 2275 Sabae
1694 2227 2011 2273 sectatorem

489 2332 545 2378 et
572 2320 917 2388 discipulum;
948 2317 1050 2370 nisi
1094 2315 1232 2368 forte
1283 2313 1434 2368 malis
1462 2312 1660 2379 legere,
1686 2307 2008 2363 sarabaiten.

489 2413 700 2480 Triplex
736 2420 849 2465 erat
897 2408 1033 2477 apud
1075 2404 1351 2476 IEgyptios
1393 2400 1774 2456 monachorum
1825 2412 2009 2466 genus,

485 2503 896 2565 emnobitarum,
959 2497 1402 2555 anachoretarum
1486 2500 1539 2544 et
1601 2489 2008 2543 sarabaitarum.

485 2592 779 2648 Sarabaitte
795 2588 1011 2658 proprio
1035 2585 1254 2640 arbitrio
1277 2583 1522 2636 vivebant
1560 2590 1709 2634 extra
1740 2577 2008 2640 ctenobia,

490 2683 735 2738 homines
765 2678 932 2741 avari,
964 2674 1270 2745 hypocritre,
1293 2682 1634 2732 scortatores,
1659 2668 1850 2738 gulosi.
1877 2666 2012 2721 Dicti

486 2774 730 2826 videntur
768 2784 798 2822 a
844 2777 987 2832 ιτ),
1039 2764 1270 2825 rebellis,
1316 2761 1665 2828 refractarius,
1717 2766 2012 2811 contumax.

486 2865 773 2920 “eminere
810 2861 1018 2914 illorum
1041 2856 1345 2915 Cassianus,
1381 2850 1719 2913 Benedictus,
1751 2848 2012 2900 llumber-

488 2968 590 3020 tus,
613 2955 721 3015 lvo,
749 2960 802 3006 et
825 2950 936 3003 alii.
966 2947 1190 3002 Eosdem
1217 2941 1472 2998 remoborh
1505 2939 1794 3009 appellatos
1826 2936 2013 2991 scribit

483 3048 836 3117 hieronymus
867 3044 1020 3113 epist.
1064 3041 1152 3104 22,
1183 3041 1246 3093 ad
1287 3036 1562 3100 Eustoch.,
1618 3049 1738 3102 cap.
1771 3034 1859 3087 15.
1886 3033 2012 3097 Qui-

2110 1952 2128 2007 ί
2166 1943 2250 1995 Vl.
2275 1943 2598 2012 Expugnata
2621 1941 2787 1995 Saba:
2810 1940 3034 1993 Laura
3057 1939 3148 1991 ad
3186 1939 3669 2007 imperatorem
3689 1935 3886 1991 Patrum

2112 2034 2340 2088 consilio
2393 2033 2781 2101 proficiscitur
2839 2031 3169 2086 Gelasius
3239 2029 3656 2084 monasterio
3715 2028 3887 2096 pmice

2112 2133 2252 2189 ctus,
2283 2140 2471 2178 rerum
2501 2133 2792 2193 gestarum
2821 2136 3178 2175 summam
3212 2120 3303 2175 ad
3345 2136 3503 2176 eum
3541 2118 3888 2191 perlaturus:

2113 2231 2298 2269 verum
2349 2214 2628 2269 Theodori
2663 2211 3098 2267 Caasariensis
3178 2211 3504 2281 episcopi
3535 2213 3756 2265 artibus
3779 2210 3891 2265 effc-

2113 2317 2260 2360 ctum
2308 2315 2414 2367 est,
2451 2317 2509 2358 ut
2566 2305 2755 2358 omnis
2787 2305 2864 2357 ad
2948 2304 3474 2372 imperatorem
3530 2312 3597 2358 et
3655 2302 3724 2358 ad
3769 2303 3890 2358 Con.

2113 2397 2664 2464 stantinopolitanum
2695 2395 3094 2462 episcopum
3148 2395 3404 2448 aditus
3443 2393 3503 2447 ei
3545 2393 3892 2463 praeludere-

2115 2495 2301 2547 tur,et
2338 2500 2394 2538 re
2425 2484 2649 2537 tandem
2694 2482 2926 2536 infecta
2995 2482 3447 2536 discederet.
3502 2476 3886 2536 Revertentem

2112 2574 2338 2637 Amorii,
2377 2590 2498 2642 quae
2525 2571 2795 2642 Phrygia:
2820 2572 2986 2624 urhs
3017 2581 3165 2630 est.
3200 2589 3412 2628 mors
3446 2575 3764 2643 oppressit.
3781 2573 3892 2638 Qui-

2112 2667 2212 2719 lms
2243 2664 2558 2730 intellectis,
2595 2663 2762 2716 Salue
2795 2663 3101 2716 Lauram
3164 2656 3225 2718 (ἶ
3247 2667 3488 2736 eorgio
3520 2666 3749 2720 cuidam
3776 2682 3891 2720 coo-

2113 2769 2370 2809 sccraneo
2401 2769 2503 2808 suo
2534 2753 2866 2822 regendam
2933 2754 3422 2809 committunt
3462 2754 3808 2810 Theodorus
3843 2764 3888 2808 et

2115 2843 2470 2896 Domitianus.
2507 2841 2900 2897 Orthodoxos
2957 2841 3082 2896 ille
3153 2844 3535 2900 confestim
3579 2845 3766 2900 Lauta
3794 2846 3890 2902 exi-

2113 2937 2206 3005 git.
2234 2937 2302 2988 At
2331 2935 2446 3003 ipse
2475 2949 2701 3002 quoque
2733 2947 2861 2986 non
2902 2935 3141 2990 multo
3191 2947 3361 3006 post.
3428 2938 3766 2995 libidinosa:
3807 2954 3888 2991 ωδ

2108 3027 2320 3097 jnsdam
2359 3025 2695 3095 impuritatis
2730 3026 3097 3082 convictus
3159 3031 3594 3084 monasterio
3648 3030 3887 3102 abigitqr,

481 3141 603 3194 dam
625 3139 806 3207 legunt
834 3133 1084 3194 remboth,
1109 3145 1263 3199 quam
1303 3142 1482 3181 vocem
1526 3142 1555 3178 a
1597 3124 1782 3178 Grmco
1811 3123 2010 3193 ρέμόος
2038 3149 2080 3207 C
2113 3133 2233 3172 cum
2288 3117 2446 3186 paulo
2499 3123 2630 3169 ante
2695 3117 3099 3184 turpissimo
3181 3122 3389 3175 exitu
3455 3121 3712 3177 Nonnus
3745 3123 3888 3175 vitam

481 3230 743 3284 detortam
789 3223 978 3292 aliquis
1037 3219 1257 3275 forsitan
1315 3216 1721 3271 existimaverit.
1780 3213 2012 3282 Ῥἐμϐος

487 3319 753 3373 hominem
780 3328 972 3381 vagum
1003 3319 1160 3379 atque
1187 3322 1429 3363 erronem
1456 3317 1626 3359 sonat.
1645 3304 1800 3358 Tales
1830 3314 2009 3356 autem

481 3407 782 3463 sarabaitzc.
805 3403 1108 3463 Cassianus,
1131 3398 1304 3453 collat.
1325 3396 1408 3457 l8,
1443 3413 1462 3446 ι
1497 3394 1802 3447 Sarabaitas
1818 3412 1844 3444 δ
1864 3407 2011 3446 asse.

482 3499 557 3551 rit
577 3514 595 3547 ι
625 3510 727 3548 non
746 3501 1021 3548 contentos
1035 3489 1237 3544 abbatis
1252 3503 1375 3540 cura
1395 3494 1552 3552 atque.
1575 3484 1793 3551 imperio
1821 3483 2013 3553 guber-

487 3587 624 3651 nari,
655 3586 758 3638 hoc
785 3582 1048 3650 precipue
1088 3590 1397 3646 procurare,
1431 3584 1488 3626 ut
1524 3572 1747 3625 absoluti
1778 3589 1807 3625 a
1835 3575 2014 3627 senio-

485 3689 602 3730 rum
620 3673 766 3741 iugo,
795 3669 1074 3723 exercendi
1101 3667 1394 3720 voluntates
1423 3677 1568 3725 suas,
1593 3673 1645 3715 et
1667 3664 2010 3730 procedendi,

486 3765 568 3820 vel
596 3780 703 3832 qun
724 3760 978 3829 placuerit
1027 3756 1282 3827 evagandi
1323 3754 1616 3823 agendique
1641 3753 1780 3819 quod
1803 3753 2010 3808 libitum

487 3857 662 3916 fuerit,
689 3854 916 3907 habeant
953 3849 1270 3903 libertatem.
1308 3864 1326 3896 ι
1355 3845 1489 3910 Quid
1524 3843 1565 3895 si
1598 3858 1692 3908 pro
1749 3845 2008 3897 remoboth

482 3947 720 4016 legamus
781 3941 1042 4003 rehoboth,
1109 3953 1138 3990 a
1190 3946 1354 4000 nim,
1404 3949 1494 3988 seu
1529 3945 1687 3992 nam
1715 3973 1728 3994 ,
1785 3935 2009 3988 Arabica

482 4049 632 4100 voce,
665 4047 780 4101 quae
803 4030 1115 4083 monachum
1165 4035 1337 4101 sonat.
1372 4025 1438 4077 At
1475 4024 1706 4078 lsidorus
1732 4024 1824 4076 lib.
1863 4040 1898 4076 η
1936 4024 2009 4077 De

418 4120 421 4122 ’
481 4099 625 4192 offic.
662 4099 788 4174 ica.
831 4131 952 4184 cap.
997 4115 1082 4167 15.
1128 4131 1148 4164 ι
1197 4099 1415 4166 Sextum
1453 4126 1618 4179 genus
1671 4120 1768 4174 est,
1816 4113 2006 4180 inquit,

484 4209 862 4265 monachorum
897 4213 951 4258 et
1013 4204 1184 4270 ipsum
1240 4201 1566 4254 teterrimum
1621 4209 1780 4267 atque
1831 4200 2010 4269 negle-

484 4313 648 4363 ctum,
680 4297 817 4364 quod
853 4309 947 4362 per
977 4292 1238 4346 Ananiam
1267 4302 1320 4344 et
1352 4289 1664 4356 Sapphiram
1694 4290 1746 4342 in
1786 4293 2009 4347 exordio

483 4387 727 4439 Ecclesia:
749 4381 1046 4452 pullulavit,
1078 4391 1133 4434 et
1179 4379 1399 4447 apostoli
1425 4379 1569 4432 Petri
1603 4381 1889 4435 severitate
1912 4397 2008 4435 ex-

2113 3211 2416 3265 clausisset.
2468 3207 2796 3276 Georgium
2828 3211 3125 3278 excepit
3162 3210 3552 3267 Cassianus
3580 3214 3673 3266 vir
3708 3214 3890 3280 sanctis

2111 3309 2164 3355 et
2189 3300 2438 3368 legitimis
2463 3298 2782 3364 disciplinis
2823 3300 2897 3353 in
2941 3302 3163 3358 Saba:
3238 3307 3658 3361 umbraculis
3693 3309 3889 3360 institu-

2113 3401 2229 3454 tus;
2259 3390 2570 3444 Cassianum
2591 3399 2722 3456 post
2739 3390 2976 3446 decem
3023 3410 3313 3452 menses
3337 3400 3708 3454 defunctum
3725 3399 3891 3456 Conon

2111 3483 2362 3538 doctrina:
2395 3480 2713 3548 integritate
2746 3492 2812 3536 et
2839 3484 3114 3540 virtute
3149 3491 3333 3544 nulli
3367 3497 3712 3563 secundus,
3745 3513 3772 3547 a
3796 3512 3887 3565 quo

2112 3571 2482 3640 frequentibus
2519 3571 2777 3626 dissidiis
2820 3575 3118 3642 amicta,
3161 3592 3233 3636 et
3279 3599 3494 3655 prope
3528 3590 3657 3654 jam
3691 3591 3890 3643 deserta

2110 3663 2282 3716 Laura
2324 3663 2594 3716 revocatis
2654 3662 2963 3722 Patribus
3029 3673 3460 3733 orthodoxis
3511 3681 3580 3733 in
3610 3683 3890 3750 pristinum

2109 3754 2442 3822 splendorem
2483 3757 2747 3808 restituta
2807 3769 2914 3810 est
2954 3776 2973 3811 :
3057 3779 3222 3820 cum
3290 3787 3534 3838 prmset
3558 3775 3667 3826 tim
3725 3774 3892 3840 profli-

2111 3845 2284 3914 gando
2324 3841 2674 3910 Origenismo
2727 3859 3009 3912 operam
3093 3871 3300 3912 suam
3383 3875 3662 3918 navaret
3717 3865 3892 3918 iisdem

2113 3933 2443 4002 temporibus
2477 3931 2847 3989 Theodosius
2890 3943 3082 4006 apud
3132 3943 3552 4005 Ρειεεειῑηοε
3581 3954 3884 4006 amnem“-

2110 4023 2232 4087 cna,
2263 4022 2354 4089 qui
2387 4023 2530 4074 inter
2559 4021 2876 4090 regionum
2942 4015 3243 4090 iilarum
3292 4043 3666 4098 monachos
3703 4043 3887 4109 insit;ni

2111 4127 2316 4167 morum
2374 4120 2673 4165 sanctitate
2750 4129 3071 4185 magnam
3173 4125 3416 4184 fuerat
3487 4135 3886 4188 auctoritatem

479 4476 647 4566 cisum
665 4486 748 4566 est
769 4493 785 4566 ξ
809 4475 1002 4542 quique
1039 4473 1104 4526 ab
1137 4486 1202 4524 eo
1221 4471 1358 4537 quod
1383 4469 1694 4537 semetipsos
1716 4485 1744 4522 a
1765 4473 2004 4566 coenobif
2038 4462 2083 4516 1)
2111 4477 2226 4566 ctor
2251 4469 2522 4566 synodici,
2545 4471 2696 4566 quod
2737 4487 2939 4540 nuper
2979 4479 3049 4534 in
3091 4462 3525 4550 Bibliotheca
3550 4498 3718 4566 juris
3750 4515 3890 4551 cauo-

481 4563 572 4617 tali
599 4564 871 4630 disciplina
899 4570 1254 4630 sequestram.
1282 4575 1374 4614 sua
1390 4575 1520 4627 sque
1543 4569 1799 4627 appetunt
1843 4561 2000 4614 liberi

479 4651 796 4714 voluntates,
825 4650 1192 4718 IEgyptiorum
1236 4649 1410 4716 lingua
1454 4649 1744 4712 sarrbaitw,
1777 4664 1868 4702 seu
1918 4666 2001 4702 re-

478 4739 637 4794 nuitar
660 4748 1046 4804 nuncupantur.
1066 4756 1084 4788 ι
1103 4749 1213 4797 :10
1231 4741 1368 4791 enim
1396 4737 1530 4790 idem
1548 4747 1700 4790 sonat
1724 4752 1786 4790 ac
1812 4740 1998 4792 renuit.

481 4831 586 4885 Sed
623 4839 794 4881 tamen
826 4842 931 4879 non
954 4829 1180 4882 absurde
1203 4831 1322 4897 quis
1348 4829 1639 4895 coniecerit
1663 4829 1762 4880 hoc
1786 4829 1902 4882 loco
1926 4830 2002 4882 le-

479 4921 705 4992 gendum
757 4916 980 4968 rehivitaz
1029 4918 1165 4983 quod
1217 4919 1352 4971 idem
1409 4926 1489 4970 est
1546 4931 1606 4970 ac
1641 4918 1905 4982 relioboth,
1971 4933 2001 4972 a

473 5020 633 5073 mm,
686 5007 816 5061 adeo
869 5014 926 5056 ut
971 5005 1103 5057 duas
1149 5009 1523 5060 monachorum
1565 5007 1772 5061 illorum
1830 5006 2000 5077 Egy-

488 5103 692 5172 ptiacas
731 5091 1129 5163 appellationes,
1154 5094 1438 5145 sarabaitas
1457 5132 1474 5156 ,
1514 5103 1566 5148 et
1592 5094 1857 5157 rehoboth,
1890 5097 2004 5152 sive

479 5190 726 5244 rehivitas
757 5179 1076 5250 espresserit
1102 5194 1118 5242 ;
1151 5180 1225 5231 ait
1247 5181 1386 5233 enim
1416 5197 1428 5231 :
1460 5201 1477 5232 ι
1517 5181 1880 5253 Egyptiorum
1910 5183 2004 5237 lin.

481 5297 580 5350 gua
622 5276 922 5334 sarabaitte,
963 5271 1076 5324 sive
1116 5270 1341 5324 rehiuita:
1393 5285 1778 5340 nuncupantur.
1819 5293 1839 5325 ι
1874 5274 2002 5339 Qua:

477 5386 576 5424 vox
615 5367 869 5438 posterior
913 5359 1064 5415 facile
1096 5371 1277 5410 recusa
1323 5371 1402 5412 est
1448 5361 1499 5412 in
1548 5365 1759 5436 νεηνίεω
1797 5379 1814 5416 :
1853 5366 1992 5419 unde

477 5459 589 5514 Odo
615 5449 1000 5513 Cluniacensis,
1035 5443 1212 5500 collat.
1241 5443 1296 5508 5,
1330 5462 1348 5494 ι
1385 5444 1490 5499 Nos
1528 5450 1704 5504 miseri
1754 5465 1856 5504 non
1907 5466 1999 5506 su-

475 5560 592 5600 mus
619 5542 882 5608 monachi,
914 5548 972 5592 ut
1011 5535 1142 5590 falso
1179 5534 1532 5597 nominamur,
1562 5537 1655 5590 sed
1687 5540 1986 5603 sarabaitre,

476 5635 527 5683 id
571 5642 651 5685 est
703 5632 955 5694 renuitaa,
1013 5625 1100 5693 qui
1152 5623 1330 5693 jugum
1392 5623 1650 5691 regularis
1701 5627 1992 5694 disciplina:

476 5720 758 5773 tenuimus.
795 5740 814 5772 ι
847 5721 1105 5777 Ctetet'um
1526 5724 1687 5800 171331
1708 5732 1804 5798 seu
1831 5727 1997 5801 ‘nznjr

2109 4557 2212 4608 uici
2244 4556 2425 4609 recudi
2459 4558 2680 4610 curavit
2711 4565 3230 4632 eruditissimus
3296 4589 3375 4634 ει
3433 4556 3892 4642 ιιυῇηηίεδίωυε

2107 4825 2176 4881 ab
2208 4827 2648 4883 orthodoxorum
2704 4832 3145 4897 insectatione
3174 4863 3194 4909 ;

2115 4929 2174 4970 se
2199 4917 2388 4969 turbas
2423 4927 2481 4969 et
2521 4918 2710 4986 praelia
2752 4925 3111 4984 conciveru
3130 4945 3238 4993 nt.

2177 5004 2288 5108 ξιξ·
2315 5003 2536 5108 Ῑῖεξιδϐίο
2570 5009 2647 5108 ’δ’
2683 5007 2753 5108 Βς
2793 5010 2861 5065 Eo
2920 5015 3224 5108 diacono
3269 5029 3884 5108 Constantinopolim

2104 5107 2151 5188 eg
2174 5093 2458 5188 Palestina
2488 5096 2754 5154 redeunti
2787 5106 3066 5164 comites
3107 5129 3185 5168 se
3216 5122 3688 5188 adjunxerum
3713 5093 3888 5184 ,ξιοιιφ

2104 5184 2194 5284 chi
2249 5185 2458 5284 aliquot
2522 5185 2835 5247 Palaestini.
2923 5195 3159 5260 Causa
3245 5184 3395 5266 haec
3474 5220 3890 5284 proﬁciscendi

2107 5275 2546 5378 fuit_.Pr&:cipua
2574 5285 2853 5378 quaedam:
2867 5303 2946 5343 ex
2985 5291 3310 5368 Origenis
3359 5275 3567 5366 libris
3601 5275 3889 5369 haereseos

2107 5374 2289 5436 capita
2323 5383 2750 5468 excerpserant.
2811 5374 2896 5432 Ea
2937 5378 3340 5450 Iustiniano
3387 5401 3670 5468 offerre,
3730 5417 3789 5458 et
3840 5416 3888 5456 ut

2105 5472 2213 5554 una
2240 5473 2362 5554 cum
2395 5458 2642 5530 Origene
2663 5465 3138 5542 damnarentur,
3176 5482 3566 5554 impetrare
3602 5458 3888 5549 "glebam.

2103 5546 2364 5649 Florehat
2397 5560 2531 5608 tunc
2564 5557 2838 5649 temporis
2875 5546 3315 5631 imperatoris
3347 5546 3579 5649 gratia

2107 5651 2202 5693 rus
2239 5641 2329 5696 ille
2359 5657 2524 5712 quem
2551 5645 2694 5712 dixi,
2724 5646 3020 5704 Caesarea:
3043 5641 3511 5729 Cappadocia:
3540 5689 3578 5726 e

2103 5734 2410 5823 acerrimus
2433 5818 2443 5825 υ
2465 5735 2820 5827 Origeniante
2845 5821 2855 5827 .
2897 5755 3124 5806 causa
3205 5771 3572 5832 propugna

3260 4853 3528 4911 multas
3569 4873 3721 4914 vero
3771 4861 3897 4913 inter

3584 5676 3886 5745 piscOpus.

3587 5777 3686 5823 tor
3746 5785 3762 5819 :
3805 5769 3888 5822 cui
