3920 6484
426 452 562 508 1167

431 669 533 708 tum
569 648 915 715 Theophanes
940 646 1025 698 ille
1050 645 1167 697 aliis
1191 645 1358 709 ipsum
1389 643 1456 696 de
1491 645 1645 695 rebus
1671 652 1946 710 perconta-

429 749 592 799 turus,
613 748 765 801 quem
794 747 913 785 cum
940 732 990 782 in
1016 729 1244 782 Nestorii
1280 728 1393 781 luto
1425 727 1626 779 haerere
1652 724 1947 793 perspexis-

422 835 504 883 set
530 824 772 894 Cyrillus,
806 835 960 873 orare
989 819 1147 887 jussit
1171 827 1225 870 ut
1267 831 1448 883 ecqua:
1487 816 1660 868 verior
1685 824 1825 868 esset
1855 813 1946 866 do-

430 909 610 967 ctrina,
638 906 737 958 sibi
760 905 1049 973 pateﬁeret.
1075 904 1256 957 Oranti
1283 902 1449 954 astitit
1475 902 1708 969 quidam,
1731 909 1946 969 aspectu

429 997 690 1057 terribilis,
722 1006 1155 1063 assumptumque
1179 993 1395 1046 deduxit
1432 993 1482 1045 in
1506 992 1838 1046 tenebrosum
1872 991 1948 1042 lo-

423 1100 562 1144 cum.
598 1097 652 1137 et
697 1083 894 1136 faetidis
928 1082 1132 1149 ignibus
1177 1081 1484 1133 horridum:
1524 1089 1630 1130 tum
1679 1079 1727 1131 ei
1761 1078 1948 1131 mediis

426 1175 476 1227 in
524 1173 750 1227 flammis
790 1170 1107 1224 Nestorium.
1156 1169 1520 1236 Eutychetem,
1562 1165 1945 1235 Apollinarem,

424 1261 750 1324 Dioscorum,
785 1259 1061 1321 Severum,
1081 1256 1385 1323 Origeuem,
1414 1266 1467 1308 et
1490 1255 1621 1309 alios
1645 1253 1947 1322 aspicienti,

422 1350 743 1403 destinatum
773 1348 911 1399 hunc
940 1360 1056 1399 esse
1086 1346 1256 1398 locum
1284 1345 1417 1397 dixit
1439 1345 1804 1398 hmreticorum
1835 1358 1951 1411 sup-

424 1441 626 1509 pliciis;
669 1439 720 1490 in
755 1451 925 1502 eoque
972 1436 1199 1487 futurum
1240 1442 1296 1485 ut
1332 1448 1517 1501 pinnas
1567 1434 1678 1503 ipse
1719 1435 1807 1486 det
1848 1433 1948 1484 ali-

424 1530 652 1596 quando,
680 1526 837 1578 nisi‘a
869 1525 1143 1593 praeceptis
1170 1524 1345 1576 animo
1376 1522 1714 1590 Opinionibus
1751 1522 1949 1575 disces—

426 1618 573 1670 serit.
606 1616 785 1668 Visum
830 1612 1049 1682 Cyriaco
1084 1612 1321 1665 narravit
1352 1610 1724 1679 Theophanes,
1774 1619 1828 1663 et
1860 1624 1951 1661 ca-

429 1706 634 1758 tholicae
680 1702 925 1756 Ecclesiae
954 1716 1144 1754 nomen
1173 1701 1335 1754 dedit.
1363 1699 1632 1753 Laudatur
1657 1700 1799 1752 istud
1839 1697 1951 1751 Mo-

425 1796 539 1847 schi
569 1809 700 1862 opus
729 1793 781 1846 in
814 1795 1033 1863 septima
1067 1794 1288 1861 synodo,
1323 1791 1549 1858 indeque
1580 1789 1798 1842 multum
1848 1789 1946 1857 ipsi

426 1883 756 1937 auctoritatis
789 1882 1075 1936 accessisse
1101 1881 1378 1934 credentes
1411 1881 1669 1948 plerique,
1705 1882 1753 1933 id
1781 1880 1955 1934 Theo-
1989 1878 2031 1934 ll

426 1977 612 2044 phanis
638 1974 900 2028 somnium
930 1988 1024 2042 pro
1053 1972 1196 2027 edito
1216 1972 1471 2025 divinitus
1494 1971 1706 2025 oraculo
1733 1972 1948 2025 habent.

426 2066 542 2132 Quo
590 2064 835 2133 equidem
891 2076 1076 2131 parum
1129 2075 1459 2131 permoveor,
1518 2077 1640 2116 nam
1693 2061 1953 2128 ejusmodi

425 2154 834 2208 somniationum
868 2151 1015 2205 ferax
1050 2160 1131 2205 est
1157 2151 1536 2218 Graeculorum,
1574 2166 1636 2207 ac
1656 2153 1951 2221 praesertim

428 2245 805 2298 monachorum
843 2242 1021 2305 natio;
1054 2251 1107 2295 et
1129 2256 1452 2311 quacunque
1490 2258 1583 2310 per
1623 2245 1788 2297 otium
1821 2245 1955 2297 ima-

427 2337 610 2403 ginum
656 2333 844 2386 artifex
892 2332 1085 2385 mentis
1130 2332 1351 2385 facultas
1394 2333 1560 2401 lingit,
1590 2334 1666 2387 sic
1700 2327 1951 2402 tanquam

426 2424 518 2477 Dei
550 2421 705 2476 ell‘ata
728 2420 827 2474 sibi
852 2420 1075 2487 aliisque
1099 2434 1392 2489 proponere
1415 2430 1655 2489 prompta
1683 2431 1734 2475 et
1761 2421 1952 2476 facilis.

423 2514 639 2568 Minime
666 2520 841 2565 autem
880 2526 943 2564 ex
979 2511 1188 2564 laudata
1232 2512 1282 2564 iu
1325 2513 1551 2579 septima
1578 2513 1776 2580 synodo
1822 2513 1957 2565 scri-

423 2603 618 2673 ptionis
641 2602 779 2655 illius
805 2600 1000 2654 lMoschi
1026 2599 1281 2667 particula
1307 2609 1473 2652 totum
1496 2614 1626 2668 opus
1647 2601 1956 2655 existiman-

425 2696 546 2747 dum
576 2706 811 2747 censeo:
845 2690 1021 2746 multis
1060 2690 1295 2759 alioquin
1328 2691 1602 2744 damnosis
1632 2690 1958 2746 lucubratio-

424 2784 582 2835 nibus
622 2782 771 2850 plcna
815 2795 1199 2848 usquequaque
1245 2778 1575 2847 adiungenda
1619 2790 1762 2835 esset
1803 2781 1955 2847 fides,

424 2887 644 2941 quorum
680 2859 933 2925 selec'tum
963 2871 1215 2937 aliquem,
1244 2870 1284 2923 si
1318 2868 1478 2933 forte,
1519 2870 1689 2924 locum
1720 2871 1955 2940 synodus

423 2960 597 3028 aliqua
629 2959 984 3027 usurpaverit.
1020 2956 1245 3027 Vigebat
1282 2973 1345 3011 ea
1378 2967 1694 3027 tempestate
1726 2957 1957 3012 Joannes

424 3050 837 3112 Grammaticus,
866 3057 1223 3118 cognomento
1268 3048 1611 3117 Philoponus,
1644 3049 1959 3103 Alexandri-

425 3154 525 3193 nus
548 3138 738 3191 litteris
763 3137 1042 3206 exquisitis
1061 3137 1300 3206 apprime
1320 3139 1559 3192 eruditus
1585 3162 1596 3193 ;
1629 3140 1719 3193 sed
1744 3151 1961 3209 propter

424 3228 700 3282 catholica:
715 3227 834 3281 lidei
853 3228 1123 3281 contraria
1143 3227 1387 3296 dogmata
1408 3227 1549 3282 inter
1574 3230 1852 3283 haereticos
1869 3248 1955 3284 re-
1987 3211 2029 3271 (ἶ

426 3319 582 3383 latus,
615 3318 1131 3372 uam'fritbeitarum
1156 3332 1347 3387 parens
1373 3318 1491 3383 fuit,
1517 3321 1731 3388 etjuxta
1773 3321 1961 3392 Orige-

424 3422 543 3461 nem
565 3421 845 3473 corporum
880 3407 1329 3461 resurrectionem
1345 3408 1612 3461 inliciatus
1638 3419 1735 3474 est,
1760 3413 1967 3479 scripto

426 3495 545 3547 inid
572 3505 948 3563 argumentum
979 3509 1146 3563 opere
1179 3510 1286 3564 quo
1321 3496 1533 3549 Patrum
1584 3501 1957 3555 auctoritatem

425 3583 649 3636 ludibrio
671 3582 1042 3647 habuit;seda
1072 3584 1370 3637 Theodosio
1404 3587 1683 3648 monacho.
1720 3590 1958 3657 Conone,

424 3672 657 3738 Eugenio
709 3682 761 3726 et
793 3674 1092 3729 'l'hemistio
1120 3674 1419 3729 luculenter
1445 3677 1703 3732 refutatus
1732 3691 1836 3739 est.

493 3760 562 3814 Χ.
601 3761 671 3814 At
696 3762 1007 3816 Theodorus
1034 3763 1254 3816 Ascidas
1276 3762 1717 3831 Origenistarunt,
1752 3782 1805 3824 et
1831 3775 1961 3828 Ace-

425 3851 728 3919 pltalorum,
789 3850 900 3904 sive
958 3852 1446 3925 Monophysilarum
1504 3857 1780 3924 columen,
1841 3878 1960 3917 cum

423 3937 705 4007 Origenem
737 3938 803 3991 ab
831 3940 1091 4010 episcopis
1119 3942 1402 3998 Iustiniani
1431 3960 1591 4014 opera
1625 3954 1960 4017 reprobatum

424 4040 565 4096 agre
613 4026 797 4092 ferret,
850 4028 1185 4085 Theodorum
1241 4032 1572 4102 Mopsuestia:
1629 4038 1960 4107 episcopum,

426 4118 745 4188 Origeniano
780 4120 1006 4185 nomini,
1035 4122 1157 4174 dum
1182 4122 1400 4185 viveret,
1430 4124 1714 4190 infensum,
1741 4138 1795 4182 et
1829 4132 1963 4183 mul-

429 4208 495 4261 tis
539 4210 795 4263 adversus
829 4224 947 4263 eum
983 4212 1139 4265 editis
1176 4214 1442 4280 opusculis
1483 4216 1742 4270 celebrem
1789 4235 1959 4288 oppu-

427 4298 691 4362 gnaudum
739 4299 865 4363 sibi,
906 4309 959 4352 et
1001 4302 1358 4355 anathematis
1403 4305 1789 4372 subjiciendum
1835 4326 1962 4377 pro-

430 4385 621 4448 posuit,
659 4388 733 4438 ob
758 4388 808 4440 id
854 4389 1106 4453 maxime,
1150 4391 1289 4457 quod
1329 4406 1357 4442 a
1405 4391 1819 4450 Cbalcedonensi
1873 4414 1963 4467 sy-

430 4471 566 4523 nodo
622 4472 794 4526 fuerat
839 4475 1103 4531 laudatus.
1151 4478 1462 4545 Imperatori
1518 4481 1698 4550 itaque
1749 4489 1958 4541 concilii
1995 4524 2037 4577 Ι)

430 4556 583 4622 hujus
611 4564 978 4617 auctoritatem
1019 4568 1273 4621 adversus
1304 4570 1596 4637 Acephalos
1624 4573 1839 4641 scriptis
1870 4578 1961 4630 de-

430 4644 686 4710 fendenti,
730 4650 914 4706 favore
942 4654 1234 4709 Theodorae
1272 4659 1523 4726 Augustae
1550 4664 1804 4731 suggerit,
1845 4668 1957 4719 l-‘ru-

430 4746 539 4788 atra
589 4738 852 4793 scribendi
890 4742 1122 4799 laborem
1175 4749 1242 4800 ab
1279 4764 1343 4803 eo
1381 4752 1599 4820 suscipi,
1645 4756 1735 4822 qui
1782 4769 1959 4824 posset

429 4824 722 4892 Accphalos
750 4828 812 4877 ad
841 4844 991 4883 suam
1011 4838 1435 4893 communionem
1475 4845 1783 4910 compendio
1810 4863 1958 4901 revo-

429 4928 576 4974 care,
613 4912 656 4963 si
694 4911 998 4970 Theodorus
1034 4920 1447 4993 lilopsuestenus,
1476 4940 1528 4981 et
1569 4933 1667 4985 Iba:
1704 4933 1956 4990 Edesseni

430 5004 497 5056 ad
524 4999 688 5053 Marin
722 5000 934 5055 Persam
959 5006 1199 5071 epistola,
1229 5023 1408 5082 utpote
1451 5017 1679 5074 Nestorii
1710 5023 1794 5076 lue
1829 5040 1959 5079 con-

428 5090 708 5152 taminata,
742 5099 796 5142 et
815 5088 1126 5170 Theodoreti
1150 5104 1522 5170 castigationes
1548 5112 1803 5166 adversus
1825 5116 1956 5169 duo-

431 5184 602 5236 decim
634 5181 816 5251 Cyrilli
843 5166 1070 5249 capitula
1097 5188 1208 5240 sive
1239 5195 1707 5256 anathematismos
1738 5166 1958 5263 totidem

428 5269 656 5323 Nestorii
720 5271 1178 5325 anathetnatismis
1219 5284 1491 5345 oppositos
1546 5289 1957 5361 damnarentur;

430 5360 513 5414 bis
542 5362 732 5428 quippe
753 5360 1136 5429 Acephalorum
1166 5379 1282 5417 cum
1309 5367 1596 5443 catholicis
1620 5384 1960 5439 concordiam

429 5451 659 5504 maxime
692 5453 971 5505 retardari.

501 5540 590 5593 Xl.
626 5544 866 5601 Assensit
901 5544 1143 5599 credulus
1186 5546 1493 5615 imperator,
1523 5565 1574 5607 et
1605 5559 1757 5624 pacis»
1779 5562 1829 5614 in
1861 5565 1967 5620 Ec-

433 5628 590 5681 clesia
643 5635 983 5689 concilianda:
1033 5637 1252 5705 cupidus
1302 5640 1530 5694 edictum
1588 5662 1614 5695 a
1679 5647 1969 5711 Theodoro

433 5716 623 5770 Ascida
668 5722 949 5781 conlictum
997 5742 1094 5782 suo
1140 5728 1350 5808 nomine
1402 5733 1715 5800 promulgari
1773 5755 1969 5804 passus

1649 437 1707 493 P.
1748 432 2054 490 DANIELIS
2090 429 2350 486 λξυΕτιι·

437 566 585 620 Prata
628 557 902 625 spirituali,
943 570 1060 622 cap.
1100 555 1190 619 26,
1239 560 1499 607 narratur.
1532 551 1745 605 Adierat
1783 547 1951 620 Cyril-
1979 548 2024 603 Α
2048 555 2144 611 est,
2181 547 2429 599 Romam
2461 547 2675 625 recens

3699 396 3850 455 “(38

2715 525 3000 599 profecto
3035 514 3313 584 Pelagio
3346 511 3653 599 diacono,
3684 517 3844 575 post.

2048 598 2204 705 quam
2236 631 2393 702 apud
2428 598 2843 681 Iustinianum
2877 608 3202 705 apocrisia
3330 613 3604 655 munere
3621 598 3847 705 figimus

2049 686 2163 777 est.
2324 719 2528 771 edicto
2556 709 2883 766 anathema
2915 703 2971 756 is
2996 711 3153 755 esse
3180 694 3488 763 iubetur,
3529 704 3593 755 qi

2296 741 2300 771 :
2324 719 2528 771 edicto
2556 709 2883 766 anathema
2915 703 2971 756 is
2996 711 3153 755 esse
3180 694 3488 763 iubetur,
3529 688 3637 755 qui

2052 815 2243 865 dorum
2307 808 2826 876 Mopsuestenum,
2895 792 3007 862 qui
3094 777 3616 876 epistolam-ad
3661 776 3848 876 ⁸Μεπὶη

2050 903 2269 957 Persam
2305 869 2679 956 luereticum,
2713 902 2899 959 quam
2930 885 3083 938 lbas
3128 872 3627 941 conscripsisse
3656 869 3847 929 fertur,

2050 994 2255 1063 quique
2308 989 2534 1055 scripta
2567 975 2976 1037 "Theodoreti
3044 960 3751 1063 adversusdlyrillum
3802 971 3853 1011 et

2053 1054 2339 1136 duodecim
2387 1054 2517 1147 ejus
2546 1070 2831 1143 capitula,
2898 1060 3314 1118 defenderit.
3364 1054 3620 1147 Verum
3649 1068 3854 1147 ‘perpa-

2035 1164 2168 1225 'rum
2203 1172 2257 1224 id
2293 1143 2490 1221 valere
2528 1163 2874 1230 intelligens
2914 1156 3302 1221 imperator
3350 1145 3488 1200 nisi
3566 1143 3851 1213 episcope

2055 1276 2173 1315 rum
2197 1257 2618 1326 subscriptione
2649 1252 2768 1305 vim
2806 1263 2880 1303 ac
2926 1244 3150 1299 robur
3184 1240 3696 1326 adipisceretur,
3723 1236 3854 1287 mul-

2057 1361 2138 1403 tos
2160 1351 2226 1402 ad
2254 1324 2555 1401 assensum
2593 1339 2899 1412 pertraxit
2929 1355 2947 1402 ;
2990 1330 3198 1387 multi
3245 1326 3429 1398 quod
3471 1325 3651 1379 salva
3677 1324 3856 1395 synodi

2056 1438 2531 1495 Chalcedonensis
2562 1433 2940 1488 auctoritate
2978 1422 3306 1492 capitula
3358 1422 3506 1474 haec
3535 1417 3855 1471 labefactari

2057 1547 2165 1585 non
2195 1542 2374 1599 posse,
2414 1537 2471 1580 et
2501 1526 2558 1580 in
2597 1518 3062 1579 ecclesiasticis
3108 1517 3329 1569 rebus
3364 1512 3635 1579 insuper
3665 1507 3849 1562 haben.

2057 1622 2178 1674 dam
2208 1635 2330 1674 esse
2362 1615 2732 1685 imperatoris
2770 1609 3287 1666 auctoritatem
3337 1604 3705 1665 crederent,
3738 1616 3857 1653 con-

2059 1712 2268 1765 sentire
2305 1719 2636 1764 renuerunt.
2675 1703 2983 1774 Vigilium
3048 1700 3297 1767 ipsum
3344 1696 3704 1747 Romanum
3739 1706 3854 1759 pon-

2058 1804 2283 1865 tificem,
2355 1816 2420 1853 ea
2494 1807 2755 1852 tuentem
2823 1791 3184 1861 capitula,
3268 1786 3852 1854 Constantinopolim

2063 1894 2300 1948 accersit
2343 1890 2751 1952 Justinianus;
2795 1880 3242 1940 sententiam
3300 1886 3503 1947 rogat
3556 1891 3729 1944 super
3772 1878 3828 1928 tri

2061 1984 2163 2037 bus
2193 1978 2479 2049 capitulis;
2510 1976 2965 2043 tergiversatur
2997 1966 3374 2037 pontifex,
3396 1966 3721 2034 episcopos
3742 1981 3853 2031 xu,

2062 2070 2153 2139 qui
2198 2068 2431 2121 aderant
2481 2066 2541 2117 in
2578 2063 2883 2132 synodum
2944 2058 3285 2127 colligit;
3332 2066 3406 2110 et
3459 2057 3612 2124 quid
3646 2058 3855 2126 quisque

2061 2158 2313 2222 sentiret,
2345 2154 2552 2223 scripto
2588 2152 2768 2206 edere
2807 2148 3015 2219 jubet.
3059 2187 3083 2213 ,
3139 2146 3568 2214 domumque
3606 2146 3664 2199 in
3703 2143 3855 2199 Justi-

2064 2248 2207 2300 niani
2243 2245 2572 2300 sententiam
2619 2240 2919 2296 concedit
2946 2256 2971 2304 ;
3009 2247 3095 2291 et
3150 2252 3355 2292 anno
3391 2237 3549 2303 548,
3596 2238 3858 2291 decretum

2061 2337 2209 2401 edit,
2260 2334 2401 2403 quod
2455 2332 2788 2386 Judicatunt
2855 2329 3317 2399 appellatur,
3402 2344 3611 2399 eoque
3673 2332 3773 2384 tria
3813 2343 3863 2383 se

2064 2428 2325 2480 damnare
2354 2422 2593 2491 capitula
2624 2421 2942 2487 declarat,
2991 2420 3212 2475 salva
3280 2422 3525 2491 synodi
3563 2422 3855 2475 Chalcedo-

2064 2520 2247 2571 nensis
2296 2517 2649 2569 auct0ritate.
2713 2511 2880 2567 llinc
2952 2524 3219 2567 tamen
3290 2514 3647 2569 schismata
3713 2513 3857 2567 multa

2061 2606 2291 2662 conﬂata
2326 2617 2477 2670 sunt,
2504 2622 2633 2660 cum
2669 2606 2900 2675 synodi
2937 2606 3178 2676 huius
3210 2609 3656 2661 reverentiam
3686 2616 3739 2659 et
3770 2621 3861 2657 rna-

2057 2698 2310 2765 jestatem
2342 2712 2371 2749 a
2407 2697 2662 2751 Romano
2693 2697 3026 2764 pontifice
3073 2697 3426 2752 violatam
3459 2700 3718 2769 episc0pi
3744 2714 3861 2766 pra-

2064 2787 2220 2854 izipue
2270 2786 2589 2841 Occidentis
2651 2788 3201 2857 existimarent;
3288 2793 3598 2859 quamvis
3667 2792 3859 2859 urgenti

2062 2878 2391 2943 Iustiniano,
2446 2887 2505 2931 ut
2539 2879 2765 2945 absque
2826 2879 2969 2933 ulla
3029 2882 3303 2951 synodi
3364 2882 3561 2952 hujus
3607 2885 3859 2937 mentione

2066 2972 2116 3023 in
2172 2972 2332 3023 trium
2381 2971 2771 3036 capitulorum
2835 2972 3401 3030 damnationem
3480 2981 3855 3035 consentiret,

2065 3070 2375 3115 constanter
2411 3062 2707 3114 restiterit.
2746 3063 2881 3116 Sed
2927 3067 3240 3122 tmtdem
3272 3071 3359 3123 ad
3400 3072 3706 3126 saniorem
3730 3088 3854 3124 men-

2067 3158 2172 3202 tem
2197 3150 2433 3204 reversis
2459 3150 2621 3204 Mena
2651 3150 3454 3227 Constantinopolitano
3483 3175 3549 3218 et
3595 3164 3863 3217 Theodoro

2061 3240 2407 3304 Caesariensi,
2439 3256 2582 3307 quos
2612 3258 2645 3294 a
2681 3257 2794 3296 sua
2832 3252 3371 3307 communione
3418 3266 3757 3324 removerat
3788 3254 3859 3305 \‘i-

2061 3332 2242 3399 gilius,
2277 3341 2329 3385 et
2371 3333 2664 3398 abrogatis
2721 3334 2882 3389 item
2929 3340 3241 3411 ediCtis,
3281 3363 3439 3416 qua
3475 3350 3553 3403 ile
3586 3352 3758 3402 tribus
3785 3364 3858 3400 ca-

2061 3419 2245 3511 pitulis
2300 3418 2692 3488 publicaverat
2745 3422 3246 3498 Justiniunns,
3326 3439 3583 3506 placuit

2316 3418 2692 3511 iublicavcrat
2745 3422 3246 3498 Justiniunns,
3326 3439 3583 3506 placuit
3634 3440 3864 3511 legitima

2062 3509 2262 3577 synodo
2291 3509 2668 3576 qumstiouum
2706 3513 2988 3574 illarum
3045 3524 3636 3597 disceptationem
3664 3509 3719 3586 et
3742 3533 3861 3585 arbi-

2064 3598 2221 3650 trium
2255 3597 2523 3665 permitti.

2130 3687 2240 3742 Xll.
2296 3688 2757 3754 Origeuistarum
2828 3698 3128 3759 interim
3199 3722 3401 3767 secta
3459 3716 3522 3769 in
3593 3715 3865 3769 Palmslina

2066 3793 2276 3831 rursum
2307 3793 2371 3832 ac
2403 3780 2607 3834 vicinis
2653 3786 3055 3855 regionibus
3116 3815 3305 3857 nova
3377 3806 3752 3862 incrementa
3784 3822 3863 3861 ω-

2065 3866 2262 3968 pie-hat.
2312 3866 2874 3968 Scribit-Leontius
2920 3881 3335 3957 Neapoleos
3394 3897 3591 3968 Cypri
3636 3901 3861 3963 ,ηηίειρς1

2062 3954 2152 4060 (ιῖξί
2208 3955 2461 4060 llerlaclio
2527 3960 2898 4030 imperatori
2973 3954 3275 4037 coaevus
3345 3954 3511 4051 fuit:
3556 3954 3861 4060 mare“;

2064 4042 2360 4147 aliquando
2391 4046 2534 4099 inter
2570 4063 2651 4147 seA
2684 4052 2848 4109 duos
2906 4060 3283 4127 Asceterii
3338 4042 3863 4147 enitimini—(.306

2063 4145 2183 4246 fr“
2216 4137 2442 4246 fames-le
2475 4143 2868 4243 .Pro‘Emum.
2947 4167 3393 4229 monachos.
3425 4137 3573 4227 ἐιη-
3619 4137 3869 4246 Οιίὶεὲτιρξ

2065 4223 2354 4323 Pareae“
2555 4233 2712 4286 enim
2754 4244 3217 4323 appellatur)
3253 4223 3559 4317 tatt'tisv
3598 4223 3866 4320 Deo-“doti:

2063 4311 2163 4416 bus
2190 4324 2419 4370 ornatus
2450 4319 2559 4373 fide
2592 4326 2977 4387 excidisset.
3034 4311 3849 4416 Cumquevalt‘ervtion‘liei

2063 4400 2155 4453 sed
2187 4413 2399 4459 natura:
2432 4409 2667 4468 donum.
2692 4430 2836 4468 eam
2874 4436 3013 4468 mm
3061 4396 3377 4468 “arise—LV.
3415 4396 3582 4468 :3:-
3607 4396 3745 4468 -:'_v_"
3774 4396 3863 4468 fu:

2866 4624 2899 4657 ²¹
2952 4624 3164 4705 Posse
3206 4633 3681 4698 portenderet,
3714 4636 3865 4705 qualia

2065 4670 2133 4721 ab
2175 4686 2242 4726 eo
2289 4679 2616 4748 conscripta
2665 4699 2855 4756 sum;
2914 4670 3153 4760 visum
3203 4670 3681 4765 ;;-.-~--u...u,
3714 4670 3864 4705 ψιιι..

2065 4746 2367 4787 ἰλιιηηιμη,
2416 4784 2497 4787 MA
2633 4784 2637 4787 Δ
3290 4733 3501 4787 r'qne
3554 4736 3652 4780 est
3686 4725 3867 4780 remad

2065 4757 2369 4818 Palaestinae
2414 4784 2754 4840 monaunos,

2084 5494 2295 5545 tantem
2321 5495 2526 5550 consuli
2552 5497 2774 5567 iubent.
2808 5506 2922 5563 Vir
2964 5517 3156 5575 ille-ﬁ

2083 5577 2187 5635 rite
2215 5586 2592 5651 proculcauda:
2614 5608 2781 5649 causa
2814 5606 3097 5669 modesti
