3920 6458
160 413 279 468 “69

947 392 1495 460 omsnsmsonum
1533 395 1662 456 Lm.
1700 399 1764 466 ιι,
1799 399 1946 456 car.
1983 399 2070 462 tv,
2111 399 2298 454 sacr.
2337 386 2405 454 tt.

3127 387 3264 443 M70

161 532 266 587 bolo
305 540 442 587 usus,
489 524 801 580 adeuntibus
839 526 1115 586 monachis
1145 516 1473 591 significavit,
1518 517 1638 574 Ori-
1670 523 1717 580 Α
1744 519 1883 572 mine
1901 515 2201 572 Christiano
2220 515 2448 572 latenter
2469 514 2520 567 in
2549 511 2778 566 Ecclesia
2799 505 2991 577 gentile
3017 504 3260 591 Origenis

157 623 324 683 geriem
347 611 548 677 ingenio
569 625 665 665 suo
688 611 963 676 conlisum,
989 626 1107 664 cum
1128 610 1312 665 altiora
1335 615 1643 671 sectaretur,

1746 608 1936 677 dogma
1966 613 2258 660 sectantur.
2303 603 2370 657 Et
2393 602 2515 671 quia
2545 615 2637 670 per
2663 595 2970 653 instantiam
3010 603 3109 650 tuae
3139 590 3260 645 reli-

160 679 206 756 in
233 714 368 753 mare
400 699 596 766 lapsum
623 699 863 767 periisse.
892 699 1001 773 Hoc
1030 700 1145 767 ipso
1172 712 1312 752 anno
1333 696 1647 765 Origenismi
1744 697 1913 766 gionis
1940 694 2173 762 ejusdem
2220 691 2426 761 profani
2469 689 2730 759 dogmatis
2773 687 2960 740 iterata
2993 679 3259 735 damnatio

157 798 436 856 suspectum
458 787 737 840 Macarium
760 769 1254 857 Jerosolymitanum
1272 785 1646 856 patriarcham,
1745 793 1856 851 est;
1883 784 2004 839 hinc
2028 782 2146 851 ejus
2164 789 2455 834 sectatores
2477 784 2792 832 exarserunt
2818 773 3071 826 adversus
3089 768 3262 823 Eccle-

157 879 441 946 priusquam
469 875 774 929 electionem
817 875 984 944 ipsius
1018 875 1266 944 suffragio
1293 876 1650 944 suo.impera-

157 977 232 1020 tor
257 966 572 1024 roborasset,
607 964 733 1018 sede
766 977 860 1018 sua
903 965 1232 1018 deturbatum
1279 964 1440 1018 fuisse
1469 973 1651 1018 narrat

156 1053 432 1122 Evagrius:
465 1063 517 1106 at
539 1053 591 1106 in
623 1053 858 1106 eamdem
885 1053 1154 1122 aliquanto
1179 1061 1296 1122 post
1326 1055 1648 1119 restitutum,

154 1160 260 1197 cum
297 1143 593 1209 Origenem,
628 1143 906 1211 Evagrium
935 1153 988 1196 et
1029 1143 1300 1212 Didymum
1329 1145 1648 1209 damnasset,

155 1234 213 1285 ab
241 1232 417 1284 eodem
449 1231 708 1297 proditum
740 1239 839 1284 est.
874 1230 1126 1296 Quamvis
1155 1241 1332 1285 autem
1367 1233 1572 1300 publice
1600 1241 1652 1286 et

153 1319 380 1388 privatim
425 1318 680 1385 Origenes
721 1321 1086 1386 infamaretur,
1131 1321 1296 1376 nihilo
1336 1324 1504 1391 magis
1533 1322 1652 1377 Ori-

151 1412 456 1480 genistarum
481 1412 881 1467 Palaestinorum
907 1414 1065 1467 animi
1095 1416 1474 1479 consederunt;
1501 1430 1652 1469 cum-

150 1513 242 1566 que
264 1499 313 1551 in
344 1498 483 1551 Nova
512 1501 776 1568 praecipue
806 1500 974 1555 Laura
1003 1511 1148 1556 secta
1187 1505 1417 1571 ipsorum
1454 1502 1654 1556 invale-

149 1596 326 1649 sceret,
353 1587 420 1640 ab
449 1586 743 1642 Eustochio
768 1587 1212 1660 Jerosolymorum
1259 1591 1504 1660 episcopo
1537 1589 1656 1643 inde

151 1676 332 1730 extrusi
361 1684 502 1731 sunt.
538 1675 602 1730 In
633 1679 808 1732 varias
833 1679 906 1733 illi
937 1687 1115 1748 partes
1140 1679 1489 1742 disseminati,
1517 1677 1654 1732 mul-

149 1774 222 1819 tos
245 1766 503 1834 dogmatis
532 1767 646 1821 suis
690 1768 954 1823 inescatos
982 1768 1047 1820 ad
1083 1781 1234 1836 Opem
1262 1767 1358 1821 sibi
1387 1765 1654 1822 ferendam

1745 875 1899 939 siam,
1934 878 2232 941 quaerentes
2277 882 2392 921 eam
2431 878 2742 934 quacunque
2779 868 2996 931 possent
3033 859 3085 912 in
3134 856 3263 910 mis-

1748 963 1898 1018 sione
1927 960 2157 1014 turbare.
2183 957 2247 1011 Et
2276 956 2378 1010 hoc
2408 963 2574 1008 totum
2596 953 2856 1020 publicam
2881 947 3121 1003 notitiam
3156 957 3259 998 non

1747 1049 1946 1118 eli'ugit,
1986 1045 2279 1116 praesertim
2307 1056 2425 1096 cum
2452 1051 2506 1095 et
2550 1039 2875 1093 Domitianus
2902 1035 3112 1105 quidem
3148 1035 3257 1086 Au-

1749 1139 1984 1208 cyrensis
2018 1135 2244 1190 civitatis
2268 1133 2542 1200 episcopus
2571 1127 2852 1198 provincia:
2877 1124 3058 1192 prima!
3098 1119 3259 1176 Gaia-

1751 1227 1854 1290 tim,
1880 1227 1967 1295 qui
2008 1224 2104 1278 fuit
2143 1223 2306 1290 ipsius
2331 1218 2664 1288 Origeniana:
2704 1213 2918 1268 haeresis
2951 1208 3262 1266 manifestus

1749 1324 2002 1379 assertor,
2032 1328 2123 1382 per
2159 1311 2387 1365 libellum
2413 1322 2567 1378 quem
2593 1304 2657 1357 ad
2679 1302 3036 1358 beatissimum
3074 1310 3263 1366 papam

1751 1404 1994 1474 Vigilium
2031 1403 2262 1471 scripsit,
2310 1402 2416 1455 Deo
2460 1401 2800 1464 extorquente
2843 1389 3116 1446 confessus
3158 1395 3262 1451 est,

1752 1495 1890 1564 quod
1916 1492 2028 1558 ejus
2055 1490 2339 1557 complices
2379 1483 2706 1554 Origeniani,
2738 1494 2858 1535 cum
2895 1478 3138 1532 viderent
3159 1487 3266 1564 non

1751 1559 1808 1636 se
1851 1592 2006 1648 posse
2053 1576 2321 1646 proprium
2364 1573 2553 1638 dogma
2597 1566 2898 1628 defendere,
2948 1575 3120 1630 neque
3166 1559 3266 1614 sibi

1752 1669 2030 1738 quidquam
2083 1663 2193 1733 spei
2233 1663 2298 1717 de
2341 1658 2587 1715 conti-ictu
2632 1663 2853 1715 restare,
2903 1651 2967 1704 ad
3015 1648 3265 1738 ultionem

1752 1736 1932 1810 eorum
1961 1767 2078 1822 quae
2101 1760 2286 1806 contra
2311 1748 2589 1817 Origenem
2613 1752 2756 1813 gesta
2785 1748 2924 1801 sunt,
2955 1741 3062 1792 haec
3085 1736 3268 1790 Eccle-

147 1829 483 1921 pellexerunt.
524 1855 766 1925 impense
808 1857 1018 1911 favebat
1061 1829 1164 1910 illis
1211 1855 1517 1910 Theodorus
1568 1853 1656 1908 ille
1685 1842 1726 1896 B
1753 1845 1843 1899 size
1865 1842 2108 1898 scandala
2143 1843 2558 1894 commoverunt.
2593 1853 2611 1886 ι
2644 1832 2794 1899 Quod
2817 1840 2870 1885 et
2891 1829 3087 1883 clarius
3119 1839 3269 1894 repe-

146 1955 290 2008 quem
317 1942 426 1995 dixi
450 1942 692 2006 Ascidas,
713 1941 990 1998 Iustiniani
1013 1943 1347 1996 consiliorum
1374 1944 1653 2012 particeps,

149 2047 431 2102 magnaque
455 2034 553 2100 ipsi
584 2032 942 2086 familiaritate
967 2031 1295 2100 coniunctus.
1326 2031 1545 2090 Factum
1570 2032 1657 2088 ille

146 2123 408 2177 Eustachii
455 2123 790 2191 vituperabat
829 2124 1025 2190 palam,
1067 2131 1122 2176 et
1173 2121 1227 2176 in
1272 2123 1439 2190 ipsum
1483 2120 1654 2174 aulam

146 2213 521 2267 commovebat.
556 2211 732 2279 Atque
780 2212 916 2266 hanc
954 2210 1201 2278 cogenda:
1245 2211 1440 2279 quintzn
1470 2209 1656 2279 synodi

144 2317 346 2357 causam
385 2303 552 2358 fuisse
579 2301 818 2356 scribunt
845 2301 1100 2370 Evagrius
1129 2311 1183 2353 et
1206 2300 1552 2370 Nicephorus.

205 2389 332 2442 Xlll.
379 2391 575 2443 Coacta
620 2388 1068 2457 Constantinopoli
1110 2388 1310 2458 synodo
1352 2402 1492 2440 anno
1535 2386 1656 2450 555,

143 2476 313 2530 multis
335 2477 388 2530 in
415 2490 478 2530 ea
506 2477 572 2529 de
610 2475 777 2529 tribus
802 2475 1041 2543 capitulis
1069 2485 1243 2529 actum
1263 2485 1365 2528 est.
1397 2475 1524 2540 Qua:
1549 2476 1660 2530 siu-

141 2565 252 2632 gula
287 2565 393 2618 huc
425 2564 631 2618 referre
657 2563 897 2630 quoniam
940 2578 1044 2622 non
1074 2571 1155 2616 est
1194 2564 1358 2617 nostri
1397 2563 1658 2628 instituti,

139 2653 330 2708 dixisse
372 2655 476 2707 hoc
514 2667 675 2706 unum
718 2650 961 2722 sufficiat,
1021 2652 1295 2727 renitente.
1325 2650 1531 2722 Yigilio,
1571 2653 1657 2721 qui

137 2741 318 2812 synodi
351 2740 698 2795 celebrationi
721 2754 817 2808 pro
840 2740 1039 2794 viribus
1064 2741 1455 2806 intercesserat,
1484 2749 1537 2794 et
1562 2741 1657 2794 tria

138 2830 358 2898 capitula
397 2830 572 2883 denuo
601 2828 918 2884 defendenda
947 2837 1263 2898 sumpserat,
1297 2828 1540 2881 damnata
1575 2828 1659 2882 illa

135 2920 479 2974 nihilominus
512 2918 705 2986 fuisse,
739 2928 790 2974 et
826 2918 1071 2988 Vigilium
1111 2916 1397 2983 Theodori,
1443 2917 1562 2985 ibat,
1610 2928 1661 2972 et

137 3011 452 3067 Theodoreti
493 3019 668 3078 partes
703 3018 933 3064 tuentem
967 3022 1060 3078 per
1099 3007 1328 3062 libellum
1361 3023 1392 3061 a
1426 3021 1482 3062 se
1511 3022 1659 3065 com-

134 3100 383 3168 positum,
413 3107 470 3152 et
514 3097 812 3152 Iustiniano
855 3097 1096 3164 missum,
1129 3111 1282 3166 quem
1314 3094 1659 3150 Constitutum

137 3189 442 3256 appellavit,
483 3197 538 3242 et
569 3187 792 3243 concilio
824 3186 1158 3242 subscribere
1208 3193 1566 3261 recusantem,
1604 3185 1660 3238 in

131 3277 425 3330 custodiam
479 3275 646 3330 fuisse
694 3284 892 3338 actum,
941 3292 960 3326 ι
1009 3274 1270 3332 modicum
1311 3274 1358 3328 ei
1410 3274 1559 3342 panis
1611 3281 1665 3328 et

134 3378 276 3433 aqua:
325 3383 343 3416 ι
386 3365 555 3418 fuisse
604 3365 1012 3432 suppeditatum,
1054 3371 1110 3416 ut
1162 3363 1320 3418 habet
1358 3362 1666 3424 Anastasius

130 3452 179 3506 in
236 3453 405 3522 ipsius
469 3452 614 3514 Vita,
659 3452 956 3521 multosque
999 3453 1272 3520 episcopos
1329 3468 1393 3506 ex
1446 3451 1664 3521 lliyricis

130 3543 393 3609 prmcipue
413 3549 468 3595 et
490 3540 657 3604 Afris,
686 3542 922 3596 eamdem
949 3542 1015 3594 ob
1038 3555 1248 3604 causam
1270 3542 1482 3598 sedibus
1501 3541 1665 3594 fuisse

129 3629 381 3698 deiectos,
413 3629 616 3683 exsilio
649 3627 945 3692 mulctatos,
979 3635 1035 3679 ct
1059 3627 1227 3681 modis
1255 3630 1494 3684 omnibus
1530 3628 1664 3685 male

129 3716 369 3783 habitos;
427 3717 567 3769 alios
620 3715 812 3772 ditatus
867 3717 1175 3774 muneribus
1217 3732 1484 3778 assensum
1532 3732 1666 3784 pra:-

125 3807 300 3862 buisse
341 3821 360 3859 :
418 3805 517 3859 sed
578 3803 871 3857 Romanam
920 3804 1128 3858 demum
1185 3805 1474 3860 Ecclesiam
1527 3808 1665 3862 inter

125 3899 493 3956 mcumenicas
541 3904 600 3950 et
653 3895 912 3962 legitimas
961 3895 1190 3964 synodos
1252 3897 1487 3964 quintam
1516 3934 1532 3960 ,
1581 3899 1665 3951 vel

124 3995 295 4066 Vigilii
351 3995 547 4066 ipsius,
596 3992 681 4048 vel
727 3990 944 4062 Pelagii,
990 3991 1320 4058 aliorumque
1360 3991 1664 4061 pontificum

122 4097 248 4141 nutu
296 4085 634 4147 admisisse;
681 4089 734 4134 et
774 4081 840 4136 ab
882 4081 1091 4146 exsilio,
1173 4090 1360 4150 rogatu
1408 4081 1664 4148 Narsetis,

120 4183 433 4229 revocatum
466 4184 597 4223 cum
630 4166 747 4221 aliis
775 4167 1045 4236 Vigilium,
1093 4167 1217 4220 dum
1260 4167 1480 4222 Romam
1515 4183 1662 4236 repe-

117 4273 272 4328 teret,
305 4266 361 4318 in
411 4260 610 4316 Sicilia
653 4259 867 4312 obiisse.
911 4255 1240 4312 Manifestum
1279 4259 1456 4326 itaque
1496 4269 1666 4314 estex

117 4353 555 4424 Origenistarum
609 4345 1058 4408 altercationibus,
1087 4353 1142 4398 et
1177 4345 1369 4414 Pelagii
1405 4360 1466 4400 ac
1492 4347 1664 4400 Theo-

1754 1935 1814 1988 tit
1841 1935 1930 1986 lib.
1961 1949 2032 1995 tv,
2063 1946 2180 1999 cap.
2218 1930 2272 1983 4.

1818 2024 1954 2079 XIV.
1995 2021 2179 2078 Utrum
2219 2033 2374 2090 porro
2411 2017 2476 2070 de
2512 2015 2740 2082 Origene
2775 2025 2840 2066 ac
2873 2005 3189 2078 Origenistis,
3216 2003 3269 2058 in

1751 2117 1929 2185 quinta
1965 2114 2162 2183 synodo
2200 2121 2376 2166 actum
2407 2111 2495 2169 sit,
2536 2101 2955 2172 investigandum
2994 2106 3075 2152 est
3101 2114 3118 2148 :
3148 2107 3270 2148 nam

1753 2184 1816 2259 de
1853 2205 1918 2258 iis
1945 2203 2152 2272 penitus
2189 2201 2395 2254 siluisse
2429 2199 2592 2265 ipsam
2621 2193 2763 2246 nulla
2797 2204 2925 2244 usus
2953 2184 3265 2241 circuitione

1753 2294 2018 2348 l-lalloxius
2041 2291 2303 2355 asseruit,
2340 2298 2392 2342 et
2415 2301 2530 2356 quae
2552 2292 2698 2346 ante,
2735 2280 2818 2335 vel
2849 2286 2964 2347 post
2987 2273 3276 2330 concilium

1753 2385 2003 2438 adversus
2027 2381 2300 2448 Origenem
2329 2386 2474 2446 gesta
2509 2384 2651 2434 sunt,
2693 2385 2755 2425 ea
2796 2367 2990 2421 multos
3028 2362 3110 2416 vel
3142 2360 3265 2414 odio

1753 2471 2014 2538 Origenis,
2054 2469 2134 2522 vel
2171 2464 2472 2534 imperatori
2514 2461 2807 2518 adulantes.
2838 2455 2920 2509 vel
2967 2449 3284 2506 humanitus

1764 2562 1962 2628 lapsos,
1999 2560 2048 2611 in
2083 2555 2306 2610 concilio
2341 2553 2454 2622 ipso
2487 2560 2633 2618 gesta
2679 2545 2978 2614 scripsisse.
3019 2539 3274 2628 Equidem

1755 2625 1834 2703 sic
1857 2647 1981 2700 olim
2019 2644 2348 2699 existimasse
2381 2652 2466 2693 me
2500 2637 2690 2698 fateor,
2724 2633 2862 2700 quod
2891 2628 3082 2697 jactari
3120 2625 3284 2694 vulgo

1754 2747 1807 2792 et
1833 2736 1974 2790 credi
2007 2734 2160 2797 solet,
2189 2731 2348 2801 hujus
2383 2726 2694 2782 auctoritate
2723 2721 2931 2776 concilii
2965 2719 3280 2772 damnatum

1755 2825 1918 2880 fuisse
1957 2823 2257 2892 Origenem,
2296 2817 2642 2888 Urigenisque
2685 2811 3006 2870 doctrinam,
3046 2806 3095 2859 id
3128 2803 3276 2858 Grae-

1755 2929 1934 2972 corum
1965 2913 2148 2966 fraude
2178 2910 2339 2964 fuisse
2366 2907 2750 2970 conﬁctum,et
2781 2902 2832 2953 in
2862 2895 3071 2965 Evagrii
3107 2893 3276 2947 histo-

1756 3005 1886 3058 riam
1924 3002 2150 3056 fortasse
2176 3000 2447 3054 insertum.
2467 2995 2548 3048 Ad
2583 2993 2634 3047 id
2665 2987 2983 3045 credendum
3009 2982 3090 3038 his
3113 2980 3278 3050 potis-

1757 3097 1946 3154 simum
1969 3092 2259 3147 rationibus
2283 3085 2626 3158 permovebar
2659 3099 2672 3134 :
2701 3079 2899 3134 nullam
2925 3076 2978 3128 in
3002 3072 3136 3128 actis
3158 3083 3277 3124 con-

1761 3186 1870 3242 cilii
1913 3183 2157 3254 Origenis
2201 3189 2410 3234 exstare
2450 3175 2866 3236 damnationem,
2906 3166 3104 3223 nullam
3139 3161 3278 3232 apud

1763 3275 2027 3330 Victorem
2057 3258 2453 3331 Tununensem,
2478 3264 2560 3319 vel
2588 3261 2916 3323 Facundum,
2938 3258 3128 3312 horum
3155 3260 3262 3308 tem

1759 3378 1946 3434 porum
1979 3361 2228 3430 aequales,
2260 3366 2314 3412 et
2345 3371 2520 3411 rerum
2559 3361 2826 3424 gestarum
2860 3357 3041 3403 testes.
3085 3342 3279 3399 Verum

1761 3431 1820 3508 re
1849 3451 2146 3506 accuratius
2176 3448 2650 3519 pensitata,actam
2690 3441 2742 3494 in
2775 3439 2976 3509 synodo
3013 3431 3279 3503 Origenis,

1761 3541 2286 3612 Origenistarumque
2317 3550 2552 3598 causam,
2584 3534 2859 3601 ipsumque
2892 3541 3010 3582 cum
3040 3521 3282 3586 asseclis,
3372 3556 3375 3557 ν

1759 3643 1813 3693 et
1847 3630 2112 3701 dogmatis
2137 3629 2472 3689 damnatum,
2502 3631 2554 3678 et
2587 3617 2942 3676 anathematis
2976 3612 3281 3668 confossum

1760 3723 1922 3777 fuisse
1971 3734 2075 3774 non
2120 3728 2415 3785 persuasus
2451 3727 2566 3767 sum
2605 3710 2784 3773 modo,
2834 3709 2926 3762 sed
2983 3705 3284 3772 quicunque

1761 3812 1916 3868 etiam
1955 3809 2107 3862 aliter
2143 3805 2391 3866 senserit,
2420 3802 2498 3856 vel
2529 3815 2713 3869 parum
2750 3806 3030 3858 attentum,
3067 3791 3151 3846 vel
3179 3805 3284 3844 non

1761 3899 1890 3953 satis
1921 3897 2202 3964 pudentem
2226 3906 2344 3950 esse
2369 3899 2636 3958 oportere.
2667 3888 2870 3941 Causas
2903 3898 2999 3936 cur
3026 3882 3080 3934 id
3109 3877 3284 3934 credi.

1762 3987 1925 4043 derim
1965 3985 2063 4039 has
2107 3981 2284 4036 habui.
2328 3980 2561 4038 Primum
2593 3977 2753 4030 totius
2796 3973 2872 4028 rei
2901 3983 3184 4032 summam,
3231 3975 3284 4020 et

1760 4078 1919 4130 verba
1957 4076 2076 4143 ipsa
2110 4070 2460 4127 anathematis
2503 4068 2567 4120 ab
2603 4065 2828 4133 Evagrio
2868 4063 3032 4116 relata
3058 4073 3177 4113 esse
3203 4057 3282 4110 vi-

1761 4165 1885 4230 deo,
1909 4176 2063 4231 quem
2098 4170 2262 4216 tomm
2290 4155 2646 4212 Graeculorum
2678 4167 2866 4220 agmen
2895 4150 3154 4220 sequitur,
3189 4163 3282 4202 au-

1763 4265 1876 4307 ctor
1944 4250 2186 4305 Chronica”
2262 4245 2616 4308 Alexandrini,
2670 4242 2928 4308 Georgius
2983 4237 3282 4308 Syncellus.

1765 4343 2133 4411 Theophanes,
2180 4338 2400 4392 Pliotius
2447 4337 2498 4389 in
2538 4334 2714 4390 libello
2757 4334 2834 4386 De
2871 4330 3104 4400 synodis,
3136 4327 3286 4381 Nilus

116 4420 232 4520 dori
259 4439 633 4499 Caesariensis
661 4436 1014 4490 simultatibus
1043 4445 1091 4488 et
1121 4436 1256 4490 odiis
1286 4437 1381 4490 bos
1416 4448 1588 4492 motus
1613 4447 1666 4492 et
1697 4446 1738 4500 ι)
1765 4433 2021 4492 Rhodius,
2065 4438 2117 4483 et
2157 4427 2403 4496 anonymi
2443 4425 2546 4478 duo
2580 4424 2667 4492 qui
2713 4422 2778 4476 de
2797 4420 3031 4520 synodis
3059 4431 3294 4520 quoque

115 4536 296 4590 turbas
323 4535 378 4587 in
401 4528 655 4587 Ecclesia
677 4525 979 4580 exstitisse:
1011 4543 1028 4575 ς
1053 4524 1181 4578 lllud
1207 4525 1406 4593 liquere
1425 4526 1669 4580 omnibus

113 4626 293 4686 credo,
329 4642 349 4674 ι
392 4619 586 4688 inquit
630 4615 910 4669 Liberatus
954 4612 1345 4683 Breuiar..:cap.
1391 4615 1480 4680 24,
1518 4633 1536 4666 ι
1574 4631 1667 4685 per

110 4708 382 4781 Pelagium
416 4710 721 4764 diaconum
771 4712 838 4768 .et
882 4701 1213 4758 Theodorum
1247 4703 1498 4760 Ctesareae
1528 4704 1667 4772 Cap-

109 4801 349 4866 padocia:
395 4797 722 4866 episcopum
778 4791 880 4846 hoc
919 4792 1222 4846 scandalum
1275 4793 1327 4846 in
1377 4793 1663 4846 Ecclesiam

109 4887 275 4943 fuisse
306 4890 649 4956 ingressum.
677 4880 824 4947 Quod
861 4880 1019 4932 etiam
1049 4881 1255 4948 publice
1282 4882 1394 4950 ipse
1420 4881 1663 4940 Theodo-

110 4991 202 5031 rus
230 4974 564 5036 clamitavit,
617 4983 682 5024 se
717 4975 772 5022 et
811 4967 1078 5038 Pelagium
1108 4969 1256 5024 vivos
1284 4969 1660 5037 incendendos,

109 5078 203 5131 per
231 5078 371 5132 quos
403 5057 853 5130 hocgscandalum
881 5056 1115 5120 introivit
1138 5057 1190 5112 in
1221 5058 1490 5112 mundum.
1517 5077 1535 5111 ι
1562 5058 1664 5114 Do-

110 5154 369 5206 mitianus
396 5152 517 5218 ipse
548 5149 870 5217 Ancyrauus
895 5145 1188 5214 Origenicaa
1218 5147 1473 5202 doctrinae
1492 5162 1664 5204 asser-

112 5249 217 5304 tor,
245 5242 300 5294 in
342 5237 583 5306 epistola
612 5235 840 5304 quadam
868 5235 934 5287 ad
959 5233 1204 5302 Vigilium
1236 5249 1446 5302 papam,
1480 5235 1663 5304 orige-

111 5329 378 5383 nistarum
416 5340 590 5396 opera
635 5323 832 5376 factum
863 5323 1123 5391 agnoscit,
1157 5331 1216 5375 ut
1239 5323 1338 5376 tria
1376 5323 1602 5389 capitula
1631 5339 1662 5377 a

111 5416 425 5471 Justiniauo
466 5417 858 5470 damnarentur
890 5430 905 5467 :
937 5413 1086 5466 testis
1115 5410 1391 5465 Facundus
1419 5411 1664 5467 Hermia-

114 5509 300 5562 nensis
347 5506 648 5574 episcopus
675 5502 791 5556 libr.
827 5503 938 5560 rod
966 5502 1184 5564 Justin.,
1211 5516 1327 5568 cap.
1366 5501 1420 5568 2,
1458 5519 1476 5551 ι
1508 5500 1664 5556 Inve-

113 5598 211 5662 nit,
285 5595 505 5663 inquit,
559 5590 912 5645 desideratam
961 5591 1290 5646 occasionem
1353 5589 1666 5658 (haeretico-

121 5701 240 5742 rum
285 5683 555 5750 spiritus)
588 5693 659 5734 ex
703 5679 878 5736 furore
907 5677 1271 5742 quorumdam,
1303 5679 1389 5746 qui
1435 5679 1535 5734 sub
1573 5695 1668 5736 no-

1767 4525 2111 4590 scripserunt,
2149 4532 2384 4586 quosque
2418 4516 2470 4568 in
2509 4513 2750 4567 canonici
2791 4511 2925 4578 juris
2962 4507 3166 4577 antiqui
3200 4507 3298 4560 Βίο-

1765 4609 2078 4664 hlimhccam
2109 4603 2332 4659 contulit
2371 4601 2627 4656 Henricus
2655 4598 2904 4653 Justellus
2941 4598 3023 4653 vir
3051 4595 3287 4650 clarissi-

1766 4715 1913 4762 mus;
1943 4697 2196 4760 Zonaras,
2229 4693 2437 4764 Glycas.
2469 4690 2697 4744 maxime
2725 4702 2850 4742 vero
2874 4685 3164 4750 Cedrenus,
3197 4681 3302 4750 qui.

1765 4801 1817 4842 et
1853 4786 2133 4840 Iustiniani
2163 4783 2435 4850 epistolam
2463 4780 2527 4834 ad
2557 4777 2815 4850 synodum
2845 4781 3208 4843 reprazsentat,
3231 4773 3290 4823 in

1766 4890 1869 4944 qua
1906 4873 2107 4942 ﬂagitat
2145 4885 2174 4922 a
2204 4869 2467 4933 Patribus,
2505 4875 2564 4920 ut
2605 4864 2914 4934 Origenem,
2939 4861 3285 4931 Origenisque

1766 4962 2004 5042 gregales
2044 4960 2322 5024 damnent;
2369 4965 2425 5012 et
2459 4955 2802 5025 Nicephorus,
2839 4954 2926 5021 qui
2977 4953 3283 5006 anathema-

1766 5040 1952 5110 tismos
1980 5053 2034 5106 in
2063 5053 2342 5122 Origenem
2376 5064 2404 5102 a
2429 5053 2628 5119 synodo
2656 5047 2887 5104 vibratos
2908 5040 3172 5106 αὑτολεξεὶ
3202 5051 3283 5090 re-

1766 5146 1912 5201 citat.
1943 5141 2174 5212 Cyrillus
2203 5149 2453 5210 praeterea
2477 5139 2772 5195 monachus
2815 5147 2953 5202 saepe
2975 5133 3082 5199 jam
3117 5143 3146 5180 a
3189 5140 3295 5178 no-

1765 5236 1846 5289 bis
1879 5232 2090 5294 citatus,
2119 5230 2206 5299 qui
2231 5228 2510 5284 Iustiniani
2546 5241 2658 5282 aevo
2695 5224 2892 5285 floruit,
2922 5229 2973 5272 et
2998 5231 3082 5270 res
3115 5214 3166 5265 in
3192 5227 3282 5281 sy-

1765 5321 1903 5378 nodo
1928 5325 2114 5389 :geslas
2159 5319 2400 5388 ignorare
2431 5332 2530 5374 non
2571 5315 2758 5384 potuit,
2802 5311 3075 5375 Origenem
3119 5301 3172 5351 in
3219 5315 3283 5352 ea

1764 5413 2066 5468 damnatum
2113 5409 2274 5463 fuisse
2313 5408 2507 5462 diserte
2564 5407 2715 5460 docet
2743 5402 2793 5453 iu
2843 5396 2954 5449 Vita
2994 5389 3286 5456 Euthymii,

1763 5515 1879 5568 cap.
1914 5499 2031 5554 105.
2074 5517 2092 5550 ι
2137 5498 2263 5552 Cum
2292 5496 2618 5565 praecedente
2659 5498 2830 5556 autem
2892 5488 3150 5568 tempore,
3202 5475 3296 5568 in:

1762 5564 1894 5660 quit,
1967 5602 2147 5660 postea
2204 5564 2516 5658 congregata
2585 5580 2767 5634 fuisset
2825 5564 3302 5660 Constantinopoli

1761 5653 1942 5743 quinta
1968 5653 2153 5742 sancta
2185 5653 2434 5743 synodus,
2467 5681 2521 5727 et
2546 5666 2786 5728 Origenis
2829 5675 2889 5714 ac
2923 5653 3170 5710 Nestorii
3195 5653 3297 5707 dor
