  <div class='ocr_page' id='page_1' title='image "/cluster/home/n/w/nwhite01/storage/ocr_20150623/17 (Origenes, pt. 7)/nyp.33433081862348/609.png"; bbox 0 0 3920 6464; ppageno 0'>
   <div class='ocr_carea' id='block_1_1' title="bbox 440 436 570 492">
    <p class='ocr_par' dir='ltr' id='par_1_1' title="bbox 440 436 570 492">
     <span class='ocr_line' id='line_1_1' title="bbox 440 436 570 492; baseline 0.008 -3"><span class='ocrx_word' id='word_1_1' title='bbox 440 436 570 492; x_wconf 69' lang='grc'><strong>1171</strong></span> 
     </span>
    </p>
   </div>
   <div class='ocr_carea' id='block_1_2' title="bbox 1636 418 2305 483">
    <p class='ocr_par' dir='ltr' id='par_1_2' title="bbox 1636 418 2305 483">
     <span class='ocr_line' id='line_1_2' title="bbox 1636 418 2305 483; baseline -0.013 -1"><span class='ocrx_word' id='word_1_2' title='bbox 1636 427 1687 483; x_wconf 82' lang='grc' dir='ltr'><strong>Ρ.</strong></span> <span class='ocrx_word' id='word_1_3' title='bbox 1729 420 2034 479; x_wconf 74' lang='lat' dir='ltr'><strong>DANIELIS</strong></span> <span class='ocrx_word' id='word_1_4' title='bbox 2071 418 2305 475; x_wconf 81' lang='lat' dir='ltr'><strong>HUETII</strong></span> 
     </span>
    </p>
   </div>
   <div class='ocr_carea' id='block_1_3' title="bbox 3646 385 3863 439">
    <p class='ocr_par' dir='ltr' id='par_1_3' title="bbox 3646 385 3863 439">
     <span class='ocr_line' id='line_1_3' title="bbox 3646 385 3863 439; baseline 0.005 -1"><span class='ocrx_word' id='word_1_5' title='bbox 3646 386 3659 397; x_wconf 76' lang='grc'><strong>“</strong></span> <span class='ocrx_word' id='word_1_6' title='bbox 3716 385 3863 439; x_wconf 69' lang='lat' dir='ltr'><strong>H72</strong></span> 
     </span>
    </p>
   </div>
   <div class='ocr_carea' id='block_1_4' title="bbox 442 513 3858 619">
    <p class='ocr_par' dir='ltr' id='par_1_4' title="bbox 442 513 3858 619">
     <span class='ocr_line' id='line_1_4' title="bbox 442 513 3858 619; baseline -0.008 -15"><span class='ocrx_word' id='word_1_7' title='bbox 442 561 614 619; x_wconf 69' lang='lat' dir='ltr'><strong>gmata</strong></span> <span class='ocrx_word' id='word_1_8' title='bbox 652 550 871 605; x_wconf 81' lang='lat' dir='ltr'><strong>inissent</strong></span> <span class='ocrx_word' id='word_1_9' title='bbox 915 548 978 602; x_wconf 87' lang='lat' dir='ltr'><strong>ab</strong></span> <span class='ocrx_word' id='word_1_10' title='bbox 1011 562 1071 602; x_wconf 91' lang='lat' dir='ltr'><strong>ea</strong></span> <span class='ocrx_word' id='word_1_11' title='bbox 1100 561 1348 617; x_wconf 86' lang='lat' dir='ltr'><strong>percussa</strong></span> <span class='ocrx_word' id='word_1_12' title='bbox 1389 548 1743 611; x_wconf 86' lang='lat' dir='ltr'><strong>anathemate,</strong></span> <span class='ocrx_word' id='word_1_13' title='bbox 1786 553 1839 599; x_wconf 89' lang='lat' dir='ltr'><strong>et</strong></span> <span class='ocrx_word' id='word_1_14' title='bbox 1866 542 1953 611; x_wconf 87' lang='lat' dir='ltr'><strong>qui</strong></span> <span class='ocrx_word' id='word_1_15' title='bbox 1982 544 2033 603; x_wconf 78' lang='grc' dir='ltr'><strong>Α</strong></span> <span class='ocrx_word' id='word_1_16' title='bbox 2056 538 2375 595; x_wconf 72' lang='lat' dir='ltr'><strong>certationis</strong></span> <span class='ocrx_word' id='word_1_17' title='bbox 2398 533 2727 589; x_wconf 81' lang='lat' dir='ltr'><strong>artificem.</strong></span> <span class='ocrx_word' id='word_1_18' title='bbox 2756 523 2936 594; x_wconf 80' lang='lat' dir='ltr'><strong>Quod</strong></span> <span class='ocrx_word' id='word_1_19' title='bbox 2974 520 3167 619; x_wconf 48' lang='grc' dir='ltr'><strong>ιιι-(16</strong></span> <span class='ocrx_word' id='word_1_20' title='bbox 3223 513 3341 617; x_wconf 58' lang='lat' dir='ltr'><strong>illo</strong></span> 
     </span>
    </p>
   </div>
   <div class='ocr_carea' id='block_1_5' title="bbox 444 636 1961 706">
    <p class='ocr_par' dir='ltr' id='par_1_5' title="bbox 444 636 1961 706">
     <span class='ocr_line' id='line_1_5' title="bbox 444 636 1961 706; baseline -0.005 -13"><span class='ocrx_word' id='word_1_21' title='bbox 444 640 638 694; x_wconf 78' lang='lat' dir='ltr'><strong>Novam</strong></span> <span class='ocrx_word' id='word_1_22' title='bbox 675 639 896 692; x_wconf 89' lang='lat' dir='ltr'><strong>Lauram</strong></span> <span class='ocrx_word' id='word_1_23' title='bbox 946 646 1222 692; x_wconf 86' lang='lat' dir='ltr'><strong>tenuerant</strong></span> <span class='ocrx_word' id='word_1_24' title='bbox 1257 636 1565 706; x_wconf 76' lang='lat' dir='ltr'><strong>Origenistze</strong></span> <span class='ocrx_word' id='word_1_25' title='bbox 1602 636 1745 690; x_wconf 79' lang='lat' dir='ltr'><strong>illinc</strong></span> <span class='ocrx_word' id='word_1_26' title='bbox 1783 641 1961 688; x_wconf 86' lang='lat' dir='ltr'><strong>essent</strong></span> 
     </span>
    </p>
   </div>
   <div class='ocr_carea' id='block_1_6' title="bbox 442 726 1960 798">
    <p class='ocr_par' dir='ltr' id='par_1_6' title="bbox 442 726 1960 798">
     <span class='ocr_line' id='line_1_6' title="bbox 442 726 1960 798; baseline -0.005 -14"><span class='ocrx_word' id='word_1_27' title='bbox 442 729 674 798; x_wconf 77' lang='lat' dir='ltr'><strong>expulsi;</strong></span> <span class='ocrx_word' id='word_1_28' title='bbox 721 738 773 784; x_wconf 92' lang='lat' dir='ltr'><strong>et</strong></span> <span class='ocrx_word' id='word_1_29' title='bbox 815 729 993 784; x_wconf 83' lang='lat' dir='ltr'><strong>ﬁdeles</strong></span> <span class='ocrx_word' id='word_1_30' title='bbox 1037 739 1091 784; x_wconf 91' lang='lat' dir='ltr'><strong>et</strong></span> <span class='ocrx_word' id='word_1_31' title='bbox 1138 728 1416 782; x_wconf 82' lang='lat' dir='ltr'><strong>orthodoxi</strong></span> <span class='ocrx_word' id='word_1_32' title='bbox 1458 729 1641 782; x_wconf 84' lang='lat' dir='ltr'><strong>Patres</strong></span> <span class='ocrx_word' id='word_1_33' title='bbox 1689 740 1872 779; x_wconf 88' lang='lat' dir='ltr'><strong>rursus</strong></span> <span class='ocrx_word' id='word_1_34' title='bbox 1908 726 1960 777; x_wconf 93' lang='lat' dir='ltr'><strong>in</strong></span> 
     </span>
    </p>
   </div>
   <div class='ocr_carea' id='block_1_7' title="bbox 441 815 1963 886">
    <p class='ocr_par' dir='ltr' id='par_1_7' title="bbox 441 815 1963 886">
     <span class='ocr_line' id='line_1_7' title="bbox 441 815 1963 886; baseline -0.004 -15"><span class='ocrx_word' id='word_1_35' title='bbox 441 833 559 871; x_wconf 88' lang='lat' dir='ltr'><strong>eam</strong></span> <span class='ocrx_word' id='word_1_36' title='bbox 583 819 916 886; x_wconf 83' lang='lat' dir='ltr'><strong>migrassent,</strong></span> <span class='ocrx_word' id='word_1_37' title='bbox 940 819 1278 886; x_wconf 87' lang='lat' dir='ltr'><strong>permittente</strong></span> <span class='ocrx_word' id='word_1_38' title='bbox 1300 819 1423 872; x_wconf 88' lang='lat' dir='ltr'><strong>mihi</strong></span> <span class='ocrx_word' id='word_1_39' title='bbox 1452 817 1744 873; x_wconf 87' lang='lat' dir='ltr'><strong>admirabili</strong></span> <span class='ocrx_word' id='word_1_40' title='bbox 1763 815 1963 870; x_wconf 81' lang='lat' dir='ltr'><strong>Joanne</strong></span> 
     </span>
    </p>
   </div>
   <div class='ocr_carea' id='block_1_8' title="bbox 444 902 1963 975">
    <p class='ocr_par' dir='ltr' id='par_1_8' title="bbox 444 902 1963 975">
     <span class='ocr_line' id='line_1_8' title="bbox 444 902 1963 975; baseline -0.002 -16"><span class='ocrx_word' id='word_1_41' title='bbox 444 903 765 969; x_wconf 87' lang='lat' dir='ltr'><strong>Silentiario,</strong></span> <span class='ocrx_word' id='word_1_42' title='bbox 796 902 877 969; x_wconf 78' lang='lat' dir='ltr'><strong>eo,</strong></span> <span class='ocrx_word' id='word_1_43' title='bbox 909 906 1141 974; x_wconf 89' lang='lat' dir='ltr'><strong>inquam,</strong></span> <span class='ocrx_word' id='word_1_44' title='bbox 1167 907 1254 975; x_wconf 88' lang='lat' dir='ltr'><strong>qui</strong></span> <span class='ocrx_word' id='word_1_45' title='bbox 1285 916 1397 960; x_wconf 88' lang='lat' dir='ltr'><strong>erat</strong></span> <span class='ocrx_word' id='word_1_46' title='bbox 1423 907 1718 975; x_wconf 85' lang='lat' dir='ltr'><strong>episcopus,</strong></span> <span class='ocrx_word' id='word_1_47' title='bbox 1749 904 1963 957; x_wconf 85' lang='lat' dir='ltr'><strong>discedo</strong></span> 
     </span>
    </p>
   </div>
   <div class='ocr_carea' id='block_1_9' title="bbox 442 993 1958 1064">
    <p class='ocr_par' dir='ltr' id='par_1_9' title="bbox 442 993 1958 1064">
     <span class='ocr_line' id='line_1_9' title="bbox 442 993 1958 1064; baseline -0.001 -19"><span class='ocrx_word' id='word_1_48' title='bbox 442 1009 473 1045; x_wconf 87' lang='lat' dir='ltr'><strong>a</strong></span> <span class='ocrx_word' id='word_1_49' title='bbox 507 993 747 1047; x_wconf 71' lang='lat' dir='ltr'><strong>cmnobio</strong></span> <span class='ocrx_word' id='word_1_50' title='bbox 776 1002 828 1048; x_wconf 89' lang='lat' dir='ltr'><strong>et</strong></span> <span class='ocrx_word' id='word_1_51' title='bbox 863 995 971 1063; x_wconf 88' lang='lat' dir='ltr'><strong>ipse</strong></span> <span class='ocrx_word' id='word_1_52' title='bbox 1002 1010 1209 1064; x_wconf 88' lang='lat' dir='ltr'><strong>quoque</strong></span> <span class='ocrx_word' id='word_1_53' title='bbox 1240 1010 1426 1050; x_wconf 89' lang='lat' dir='ltr'><strong>versor</strong></span> <span class='ocrx_word' id='word_1_54' title='bbox 1471 996 1521 1049; x_wconf 92' lang='lat' dir='ltr'><strong>in</strong></span> <span class='ocrx_word' id='word_1_55' title='bbox 1570 996 1670 1048; x_wconf 91' lang='lat' dir='ltr'><strong>hac</strong></span> <span class='ocrx_word' id='word_1_56' title='bbox 1705 993 1895 1046; x_wconf 89' lang='lat' dir='ltr'><strong>Lanra.</strong></span> <span class='ocrx_word' id='word_1_57' title='bbox 1940 1010 1958 1044; x_wconf 73' lang='grc' dir='ltr'><strong>ι</strong></span> 
     </span>
    </p>
   </div>
   <div class='ocr_carea' id='block_1_10' title="bbox 441 1081 1964 1154">
    <p class='ocr_par' dir='ltr' id='par_1_10' title="bbox 441 1081 1964 1154">
     <span class='ocr_line' id='line_1_10' title="bbox 441 1081 1964 1154; baseline -0.002 -17"><span class='ocrx_word' id='word_1_58' title='bbox 441 1081 510 1137; x_wconf 87' lang='lat' dir='ltr'><strong>Et</strong></span> <span class='ocrx_word' id='word_1_59' title='bbox 546 1083 732 1136; x_wconf 91' lang='lat' dir='ltr'><strong>iterum</strong></span> <span class='ocrx_word' id='word_1_60' title='bbox 753 1084 803 1136; x_wconf 93' lang='lat' dir='ltr'><strong>in</strong></span> <span class='ocrx_word' id='word_1_61' title='bbox 840 1083 955 1137; x_wconf 81' lang='lat' dir='ltr'><strong>Vita</strong></span> <span class='ocrx_word' id='word_1_62' title='bbox 980 1083 1152 1149; x_wconf 73' lang='lat' dir='ltr'><strong>Salue,</strong></span> <span class='ocrx_word' id='word_1_63' title='bbox 1187 1100 1303 1154; x_wconf 88' lang='lat' dir='ltr'><strong>cap.</strong></span> <span class='ocrx_word' id='word_1_64' title='bbox 1331 1085 1424 1139; x_wconf 93' lang='lat' dir='ltr'><strong>nlt.</strong></span> <span class='ocrx_word' id='word_1_65' title='bbox 1453 1101 1464 1136; x_wconf 91' lang='lat'>:</span> <span class='ocrx_word' id='word_1_66' title='bbox 1499 1104 1516 1136; x_wconf 85' lang='grc'><em>‹</em></span> <span class='ocrx_word' id='word_1_67' title='bbox 1549 1085 1671 1139; x_wconf 75' lang='lat' dir='ltr'><strong>Post</strong></span> <span class='ocrx_word' id='word_1_68' title='bbox 1704 1086 1816 1138; x_wconf 57' lang='lat' dir='ltr'><strong>hac</strong></span> <span class='ocrx_word' id='word_1_69' title='bbox 1846 1098 1964 1137; x_wconf 92' lang='lat' dir='ltr'><strong>cum</strong></span> 
     </span>
    </p>
   </div>
   <div class='ocr_carea' id='block_1_11' title="bbox 445 1175 1964 1245">
    <p class='ocr_par' dir='ltr' id='par_1_11' title="bbox 445 1175 1964 1245">
     <span class='ocr_line' id='line_1_11' title="bbox 445 1175 1964 1245; baseline 0.001 -22"><span class='ocrx_word' id='word_1_70' title='bbox 445 1180 626 1223; x_wconf 83' lang='lat' dir='ltr'><strong>sancta</strong></span> <span class='ocrx_word' id='word_1_71' title='bbox 672 1180 725 1226; x_wconf 90' lang='lat' dir='ltr'><strong>et</strong></span> <span class='ocrx_word' id='word_1_72' title='bbox 763 1175 1089 1227; x_wconf 71' lang='lat' dir='ltr'><strong>metimenica</strong></span> <span class='ocrx_word' id='word_1_73' title='bbox 1143 1177 1326 1241; x_wconf 81' lang='lat' dir='ltr'><strong>quinta</strong></span> <span class='ocrx_word' id='word_1_74' title='bbox 1374 1176 1604 1245; x_wconf 88' lang='lat' dir='ltr'><strong>synodus</strong></span> <span class='ocrx_word' id='word_1_75' title='bbox 1650 1182 1964 1242; x_wconf 80' lang='lat' dir='ltr'><strong>congregata</strong></span> 
     </span>
    </p>
   </div>
   <div class='ocr_carea' id='block_1_12' title="bbox 446 1254 1969 1333">
    <p class='ocr_par' dir='ltr' id='par_1_12' title="bbox 446 1254 1969 1333">
     <span class='ocr_line' id='line_1_12' title="bbox 446 1254 1969 1333; baseline 0.003 -23"><span class='ocrx_word' id='word_1_76' title='bbox 446 1254 631 1312; x_wconf 82' lang='lat' dir='ltr'><strong>fuisset</strong></span> <span class='ocrx_word' id='word_1_77' title='bbox 661 1258 922 1329; x_wconf 85' lang='lat' dir='ltr'><strong>Byzantii,</strong></span> <span class='ocrx_word' id='word_1_78' title='bbox 964 1260 1270 1318; x_wconf 87' lang='lat' dir='ltr'><strong>Theodorus</strong></span> <span class='ocrx_word' id='word_1_79' title='bbox 1306 1263 1654 1333; x_wconf 66' lang='lat' dir='ltr'><strong>MOpsuestiaz,</strong></span> <span class='ocrx_word' id='word_1_80' title='bbox 1693 1274 1745 1316; x_wconf 90' lang='lat' dir='ltr'><strong>et</strong></span> <span class='ocrx_word' id='word_1_81' title='bbox 1783 1262 1969 1332; x_wconf 87' lang='lat' dir='ltr'><strong>Orige-</strong></span> 
     </span>
    </p>
   </div>
   <div class='ocr_carea' id='block_1_13' title="bbox 443 1351 1971 1423">
    <p class='ocr_par' dir='ltr' id='par_1_13' title="bbox 443 1351 1971 1423">
     <span class='ocr_line' id='line_1_13' title="bbox 443 1351 1971 1423; baseline 0.005 -25"><span class='ocrx_word' id='word_1_82' title='bbox 443 1359 568 1412; x_wconf 81' lang='lat' dir='ltr'><strong>nes,</strong></span> <span class='ocrx_word' id='word_1_83' title='bbox 597 1356 648 1402; x_wconf 94' lang='lat' dir='ltr'><strong>et</strong></span> <span class='ocrx_word' id='word_1_84' title='bbox 685 1364 788 1403; x_wconf 89' lang='lat' dir='ltr'><strong>una</strong></span> <span class='ocrx_word' id='word_1_85' title='bbox 831 1366 948 1404; x_wconf 91' lang='lat' dir='ltr'><strong>cum</strong></span> <span class='ocrx_word' id='word_1_86' title='bbox 980 1351 1062 1407; x_wconf 90' lang='lat' dir='ltr'><strong>his</strong></span> <span class='ocrx_word' id='word_1_87' title='bbox 1091 1354 1250 1421; x_wconf 89' lang='lat' dir='ltr'><strong>impia</strong></span> <span class='ocrx_word' id='word_1_88' title='bbox 1274 1354 1340 1407; x_wconf 91' lang='lat' dir='ltr'><strong>de</strong></span> <span class='ocrx_word' id='word_1_89' title='bbox 1366 1354 1780 1423; x_wconf 67' lang='lat' dir='ltr'><strong>prazexsistentia</strong></span> <span class='ocrx_word' id='word_1_90' title='bbox 1810 1361 1861 1407; x_wconf 87' lang='lat' dir='ltr'><strong>et</strong></span> <span class='ocrx_word' id='word_1_91' title='bbox 1895 1366 1971 1406; x_wconf 89' lang='lat' dir='ltr'><strong>re-</strong></span> 
     </span>
    </p>
   </div>
   <div class='ocr_carea' id='block_1_14' title="bbox 442 1438 1971 1511">
    <p class='ocr_par' dir='ltr' id='par_1_14' title="bbox 442 1438 1971 1511">
     <span class='ocr_line' id='line_1_14' title="bbox 442 1438 1971 1511; baseline 0.005 -23"><span class='ocrx_word' id='word_1_92' title='bbox 442 1438 774 1493; x_wconf 82' lang='lat' dir='ltr'><strong>surrectione</strong></span> <span class='ocrx_word' id='word_1_93' title='bbox 811 1440 1052 1509; x_wconf 81' lang='lat' dir='ltr'><strong>dogmata</strong></span> <span class='ocrx_word' id='word_1_94' title='bbox 1080 1442 1311 1511; x_wconf 83' lang='lat' dir='ltr'><strong>generali</strong></span> <span class='ocrx_word' id='word_1_95' title='bbox 1343 1442 1554 1497; x_wconf 82' lang='lat' dir='ltr'><strong>fuerant</strong></span> <span class='ocrx_word' id='word_1_96' title='bbox 1586 1442 1821 1509; x_wconf 87' lang='lat' dir='ltr'><strong>subjecta</strong></span> <span class='ocrx_word' id='word_1_97' title='bbox 1849 1458 1971 1496; x_wconf 88' lang='lat' dir='ltr'><strong>ana-</strong></span> 
     </span>
    </p>
   </div>
   <div class='ocr_carea' id='block_1_15' title="bbox 445 1525 1972 1601">
    <p class='ocr_par' dir='ltr' id='par_1_15' title="bbox 445 1525 1972 1601">
     <span class='ocr_line' id='line_1_15' title="bbox 445 1525 1972 1601; baseline 0.007 -25"><span class='ocrx_word' id='word_1_98' title='bbox 445 1525 684 1592; x_wconf 87' lang='lat' dir='ltr'><strong>themati,</strong></span> <span class='ocrx_word' id='word_1_99' title='bbox 710 1538 765 1580; x_wconf 90' lang='lat' dir='ltr'><strong>et</strong></span> <span class='ocrx_word' id='word_1_100' title='bbox 788 1528 865 1582; x_wconf 87' lang='lat' dir='ltr'><strong>sic</strong></span> <span class='ocrx_word' id='word_1_101' title='bbox 891 1530 1152 1586; x_wconf 80' lang='lat' dir='ltr'><strong>haereticis</strong></span> <span class='ocrx_word' id='word_1_102' title='bbox 1176 1531 1420 1601; x_wconf 81' lang='lat' dir='ltr'><strong>deinceps</strong></span> <span class='ocrx_word' id='word_1_103' title='bbox 1449 1534 1589 1587; x_wconf 88' lang='lat' dir='ltr'><strong>omni</strong></span> <span class='ocrx_word' id='word_1_104' title='bbox 1621 1534 1791 1588; x_wconf 91' lang='lat' dir='ltr'><strong>ablata</strong></span> <span class='ocrx_word' id='word_1_105' title='bbox 1815 1533 1972 1587; x_wconf 88' lang='lat' dir='ltr'><strong>liber-</strong></span> 
     </span>
    </p>
   </div>
   <div class='ocr_carea' id='block_1_16' title="bbox 429 1613 1973 1689">
    <p class='ocr_par' dir='ltr' id='par_1_16' title="bbox 429 1613 1973 1689">
     <span class='ocr_line' id='line_1_16' title="bbox 429 1613 1973 1689; baseline 0.008 -25"><span class='ocrx_word' id='word_1_106' title='bbox 429 1618 558 1689; x_wconf 74' lang='lat' dir='ltr'><strong>tate</strong></span> <span class='ocrx_word' id='word_1_107' title='bbox 586 1613 851 1682; x_wconf 85' lang='lat' dir='ltr'><strong>loquendi,</strong></span> <span class='ocrx_word' id='word_1_108' title='bbox 881 1619 1039 1673; x_wconf 83' lang='lat' dir='ltr'><strong>divini</strong></span> <span class='ocrx_word' id='word_1_109' title='bbox 1071 1619 1222 1674; x_wconf 74' lang='lat' dir='ltr'><strong>Saba:</strong></span> <span class='ocrx_word' id='word_1_110' title='bbox 1261 1620 1469 1688; x_wconf 73' lang='lat' dir='ltr'><strong>Laurre,</strong></span> <span class='ocrx_word' id='word_1_111' title='bbox 1504 1632 1557 1677; x_wconf 91' lang='lat' dir='ltr'><strong>et</strong></span> <span class='ocrx_word' id='word_1_112' title='bbox 1588 1624 1833 1678; x_wconf 88' lang='lat' dir='ltr'><strong>universa</strong></span> <span class='ocrx_word' id='word_1_113' title='bbox 1862 1626 1973 1677; x_wconf 81' lang='lat' dir='ltr'><strong>fere</strong></span> 
     </span>
    </p>
   </div>
   <div class='ocr_carea' id='block_1_17' title="bbox 430 1695 1973 1783">
    <p class='ocr_par' dir='ltr' id='par_1_17' title="bbox 430 1695 1973 1783">
     <span class='ocr_line' id='line_1_17' title="bbox 430 1695 1973 1783; baseline 0.009 -28"><span class='ocrx_word' id='word_1_114' title='bbox 430 1695 566 1756; x_wconf 83' lang='lat' dir='ltr'><strong>cum</strong></span> <span class='ocrx_word' id='word_1_115' title='bbox 593 1704 669 1759; x_wconf 88' lang='lat' dir='ltr'><strong>eis</strong></span> <span class='ocrx_word' id='word_1_116' title='bbox 700 1705 999 1775; x_wconf 64' lang='lat' dir='ltr'><strong>Palaestina,</strong></span> <span class='ocrx_word' id='word_1_117' title='bbox 1034 1712 1284 1768; x_wconf 87' lang='lat' dir='ltr'><strong>vicesimo</strong></span> <span class='ocrx_word' id='word_1_118' title='bbox 1323 1715 1475 1768; x_wconf 92' lang='lat' dir='ltr'><strong>tertio</strong></span> <span class='ocrx_word' id='word_1_119' title='bbox 1514 1730 1651 1768; x_wconf 92' lang='lat' dir='ltr'><strong>anno</strong></span> <span class='ocrx_word' id='word_1_120' title='bbox 1682 1723 1800 1783; x_wconf 93' lang='lat' dir='ltr'><strong>post</strong></span> <span class='ocrx_word' id='word_1_121' title='bbox 1833 1714 1973 1769; x_wconf 91' lang='lat' dir='ltr'><strong>illius</strong></span> 
     </span>
    </p>
   </div>
   <div class='ocr_carea' id='block_1_18' title="bbox 447 1800 1970 1873">
    <p class='ocr_par' dir='ltr' id='par_1_18' title="bbox 447 1800 1970 1873">
     <span class='ocr_line' id='line_1_18' title="bbox 447 1800 1970 1873; baseline 0.007 -25"><span class='ocrx_word' id='word_1_122' title='bbox 447 1803 670 1849; x_wconf 88' lang='lat' dir='ltr'><strong>mortem</strong></span> <span class='ocrx_word' id='word_1_123' title='bbox 709 1811 737 1848; x_wconf 89' lang='lat' dir='ltr'><strong>a</strong></span> <span class='ocrx_word' id='word_1_124' title='bbox 778 1800 1022 1867; x_wconf 79' lang='lat' dir='ltr'><strong>gravibus</strong></span> <span class='ocrx_word' id='word_1_125' title='bbox 1052 1802 1361 1868; x_wconf 67' lang='lat' dir='ltr'><strong>hazresibus,</strong></span> <span class='ocrx_word' id='word_1_126' title='bbox 1397 1814 1448 1858; x_wconf 91' lang='lat' dir='ltr'><strong>et</strong></span> <span class='ocrx_word' id='word_1_127' title='bbox 1480 1806 1732 1873; x_wconf 90' lang='lat' dir='ltr'><strong>temporis</strong></span> <span class='ocrx_word' id='word_1_128' title='bbox 1762 1804 1970 1859; x_wconf 56' lang='lat' dir='ltr'><strong>acerbi-</strong></span> 
     </span>
    </p>
   </div>
   <div class='ocr_carea' id='block_1_19' title="bbox 448 1883 1974 1959">
    <p class='ocr_par' dir='ltr' id='par_1_19' title="bbox 448 1883 1974 1959">
     <span class='ocr_line' id='line_1_19' title="bbox 448 1883 1974 1959; baseline 0.009 -26"><span class='ocrx_word' id='word_1_129' title='bbox 448 1888 559 1934; x_wconf 85' lang='lat' dir='ltr'><strong>tate</strong></span> <span class='ocrx_word' id='word_1_130' title='bbox 591 1890 644 1936; x_wconf 89' lang='lat' dir='ltr'><strong>et</strong></span> <span class='ocrx_word' id='word_1_131' title='bbox 683 1883 958 1953; x_wconf 89' lang='lat' dir='ltr'><strong>iniquitate</strong></span> <span class='ocrx_word' id='word_1_132' title='bbox 994 1889 1340 1957; x_wconf 90' lang='lat' dir='ltr'><strong>respirarunt.</strong></span> <span class='ocrx_word' id='word_1_133' title='bbox 1377 1909 1394 1942; x_wconf 75' lang='grc' dir='ltr'><strong><em>ι</em></strong></span> <span class='ocrx_word' id='word_1_134' title='bbox 1441 1891 1496 1945; x_wconf 90' lang='lat' dir='ltr'><strong>id</strong></span> <span class='ocrx_word' id='word_1_135' title='bbox 1542 1890 1891 1959; x_wconf 81' lang='lat' dir='ltr'><strong>fragmentum</strong></span> <span class='ocrx_word' id='word_1_136' title='bbox 1944 1907 1974 1947; x_wconf 89' lang='lat' dir='ltr'><strong>e</strong></span> 
     </span>
    </p>
   </div>
   <div class='ocr_carea' id='block_1_20' title="bbox 457 1972 1972 2056">
    <p class='ocr_par' dir='ltr' id='par_1_20' title="bbox 457 1972 1972 2056">
     <span class='ocr_line' id='line_1_20' title="bbox 457 1972 1972 2056; baseline 0.011 -30"><span class='ocrx_word' id='word_1_137' title='bbox 457 1972 577 2029; x_wconf 76' lang='lat' dir='ltr'><strong>Vita</strong></span> <span class='ocrx_word' id='word_1_138' title='bbox 618 1978 772 2034; x_wconf 75' lang='lat' dir='ltr'><strong>Saba:</strong></span> <span class='ocrx_word' id='word_1_139' title='bbox 815 1982 866 2035; x_wconf 93' lang='lat' dir='ltr'><strong>in</strong></span> <span class='ocrx_word' id='word_1_140' title='bbox 914 1986 1135 2051; x_wconf 89' lang='lat' dir='ltr'><strong>septima</strong></span> <span class='ocrx_word' id='word_1_141' title='bbox 1178 1988 1404 2056; x_wconf 86' lang='lat' dir='ltr'><strong>synodo,</strong></span> <span class='ocrx_word' id='word_1_142' title='bbox 1429 1988 1548 2041; x_wconf 86' lang='lat' dir='ltr'><strong>Act.</strong></span> <span class='ocrx_word' id='word_1_143' title='bbox 1593 2004 1629 2049; x_wconf 90' lang='grc' dir='ltr'><strong>ι,</strong></span> <span class='ocrx_word' id='word_1_144' title='bbox 1673 1988 1972 2042; x_wconf 85' lang='lat' dir='ltr'><strong>adducitur.</strong></span> 
     </span>
    </p>
   </div>
   <div class='ocr_carea' id='block_1_21' title="bbox 449 2062 1976 2144">
    <p class='ocr_par' dir='ltr' id='par_1_21' title="bbox 449 2062 1976 2144">
     <span class='ocr_line' id='line_1_21' title="bbox 449 2062 1976 2144; baseline 0.009 -28"><span class='ocrx_word' id='word_1_145' title='bbox 449 2062 575 2118; x_wconf 86' lang='lat' dir='ltr'><strong>Post</strong></span> <span class='ocrx_word' id='word_1_146' title='bbox 608 2081 772 2122; x_wconf 87' lang='lat' dir='ltr'><strong>annos</strong></span> <span class='ocrx_word' id='word_1_147' title='bbox 810 2085 933 2124; x_wconf 85' lang='lat' dir='ltr'><strong>vero</strong></span> <span class='ocrx_word' id='word_1_148' title='bbox 959 2074 1225 2141; x_wconf 88' lang='lat' dir='ltr'><strong>oct0ginta</strong></span> <span class='ocrx_word' id='word_1_149' title='bbox 1251 2090 1404 2143; x_wconf 89' lang='lat' dir='ltr'><strong>quam</strong></span> <span class='ocrx_word' id='word_1_150' title='bbox 1428 2076 1660 2143; x_wconf 87' lang='lat' dir='ltr'><strong>synodus</strong></span> <span class='ocrx_word' id='word_1_151' title='bbox 1684 2075 1767 2128; x_wconf 91' lang='lat' dir='ltr'><strong>illa</strong></span> <span class='ocrx_word' id='word_1_152' title='bbox 1792 2076 1976 2144; x_wconf 88' lang='lat' dir='ltr'><strong>quinta</strong></span> 
     </span>
    </p>
   </div>
   <div class='ocr_carea' id='block_1_22' title="bbox 450 2155 1975 2231">
    <p class='ocr_par' dir='ltr' id='par_1_22' title="bbox 450 2155 1975 2231">
     <span class='ocr_line' id='line_1_22' title="bbox 450 2155 1975 2231; baseline 0.008 -24"><span class='ocrx_word' id='word_1_153' title='bbox 450 2155 715 2210; x_wconf 78' lang='lat' dir='ltr'><strong>celebrata</strong></span> <span class='ocrx_word' id='word_1_154' title='bbox 773 2168 871 2223; x_wconf 91' lang='lat' dir='ltr'><strong>est,</strong></span> <span class='ocrx_word' id='word_1_155' title='bbox 932 2162 996 2214; x_wconf 90' lang='lat' dir='ltr'><strong>ad</strong></span> <span class='ocrx_word' id='word_1_156' title='bbox 1053 2161 1291 2231; x_wconf 85' lang='lat' dir='ltr'><strong>Sergium</strong></span> <span class='ocrx_word' id='word_1_157' title='bbox 1334 2164 1975 2231; x_wconf 79' lang='lat' dir='ltr'><strong>Constantinopolitanum</strong></span> 
     </span>
    </p>
   </div>
   <div class='ocr_carea' id='block_1_23' title="bbox 449 2247 1978 2322">
    <p class='ocr_par' dir='ltr' id='par_1_23' title="bbox 449 2247 1978 2322">
     <span class='ocr_line' id='line_1_23' title="bbox 449 2247 1978 2322; baseline 0.006 -25"><span class='ocrx_word' id='word_1_158' title='bbox 449 2247 804 2315; x_wconf 84' lang='lat' dir='ltr'><strong>patriarcham</strong></span> <span class='ocrx_word' id='word_1_159' title='bbox 846 2250 1084 2304; x_wconf 86' lang='lat' dir='ltr'><strong>scribens</strong></span> <span class='ocrx_word' id='word_1_160' title='bbox 1127 2251 1456 2320; x_wconf 80' lang='lat' dir='ltr'><strong>SOphronius</strong></span> <span class='ocrx_word' id='word_1_161' title='bbox 1506 2251 1978 2322; x_wconf 85' lang='lat' dir='ltr'><strong>Jerosolymitanus</strong></span> 
     </span>
    </p>
   </div>
   <div class='ocr_carea' id='block_1_24' title="bbox 451 2336 1977 2413">
    <p class='ocr_par' dir='ltr' id='par_1_24' title="bbox 451 2336 1977 2413">
     <span class='ocr_line' id='line_1_24' title="bbox 451 2336 1977 2413; baseline 0.005 -27"><span class='ocrx_word' id='word_1_162' title='bbox 451 2336 672 2388; x_wconf 80' lang='lat' dir='ltr'><strong>antistes</strong></span> <span class='ocrx_word' id='word_1_163' title='bbox 700 2338 763 2390; x_wconf 88' lang='lat' dir='ltr'><strong>de</strong></span> <span class='ocrx_word' id='word_1_164' title='bbox 793 2352 851 2391; x_wconf 90' lang='lat' dir='ltr'><strong>ea</strong></span> <span class='ocrx_word' id='word_1_165' title='bbox 876 2338 951 2391; x_wconf 90' lang='lat' dir='ltr'><strong>sic</strong></span> <span class='ocrx_word' id='word_1_166' title='bbox 985 2339 1194 2392; x_wconf 89' lang='lat' dir='ltr'><strong>disserit</strong></span> <span class='ocrx_word' id='word_1_167' title='bbox 1222 2358 1234 2394; x_wconf 92' lang='lat'><strong>:</strong></span> <span class='ocrx_word' id='word_1_168' title='bbox 1272 2343 1499 2411; x_wconf 81' lang='grc' dir='ltr'>Ἀναιρεῖ</span> <span class='ocrx_word' id='word_1_169' title='bbox 1534 2342 1588 2394; x_wconf 85' lang='grc' dir='ltr'><strong>δὲ</strong></span> <span class='ocrx_word' id='word_1_170' title='bbox 1617 2344 1707 2394; x_wconf 74' lang='grc' dir='ltr'><strong>καὶ</strong></span> <span class='ocrx_word' id='word_1_171' title='bbox 1734 2342 1977 2413; x_wconf 79' lang='grc' dir='ltr'><strong>ἐκρίπτει</strong></span> 
     </span>
    </p>
   </div>
   <div class='ocr_carea' id='block_1_25' title="bbox 450 2424 1975 2503">
    <p class='ocr_par' dir='ltr' id='par_1_25' title="bbox 450 2424 1975 2503">
     <span class='ocr_line' id='line_1_25' title="bbox 450 2424 1975 2503; baseline 0.007 -28"><span class='ocrx_word' id='word_1_172' title='bbox 450 2424 585 2492; x_wconf 77' lang='grc' dir='ltr'>πρὸς</span> <span class='ocrx_word' id='word_1_173' title='bbox 606 2425 817 2497; x_wconf 76' lang='grc' dir='ltr'><strong>ὀλεθρον</strong></span> <span class='ocrx_word' id='word_1_174' title='bbox 840 2429 1198 2498; x_wconf 81' lang='grc' dir='ltr'><strong>πρωτοτύπως</strong></span> <span class='ocrx_word' id='word_1_175' title='bbox 1222 2432 1314 2499; x_wconf 79' lang='grc' dir='ltr'><strong>μὲν</strong></span> <span class='ocrx_word' id='word_1_176' title='bbox 1352 2433 1621 2501; x_wconf 83' lang='grc' dir='ltr'><strong>Ὠριγένην</strong></span> <span class='ocrx_word' id='word_1_177' title='bbox 1642 2434 1729 2485; x_wconf 82' lang='grc' dir='ltr'><strong>τὸν</strong></span> <span class='ocrx_word' id='word_1_178' title='bbox 1751 2433 1975 2503; x_wconf 77' lang='grc' dir='ltr'><strong>ἄφρονα,</strong></span> 
     </span>
    </p>
   </div>
   <div class='ocr_carea' id='block_1_26' title="bbox 450 2502 1978 2591">
    <p class='ocr_par' dir='ltr' id='par_1_26' title="bbox 450 2513 1978 2591">
     <span class='ocr_line' id='line_1_26' title="bbox 450 2513 1978 2591; baseline 0.007 -26"><span class='ocrx_word' id='word_1_179' title='bbox 450 2513 545 2565; x_wconf 72' lang='grc' dir='ltr'><strong>καὶ</strong></span> <span class='ocrx_word' id='word_1_180' title='bbox 573 2513 742 2566; x_wconf 87' lang='grc' dir='ltr'>πάντα</span> <span class='ocrx_word' id='word_1_181' title='bbox 770 2516 929 2568; x_wconf 80' lang='grc' dir='ltr'>αὐτοῦ</span> <span class='ocrx_word' id='word_1_182' title='bbox 960 2517 1027 2570; x_wconf 80' lang='grc' dir='ltr'><strong>τὰ</strong></span> <span class='ocrx_word' id='word_1_183' title='bbox 1054 2519 1304 2591; x_wconf 84' lang='grc' dir='ltr'><strong>ὀνειρώδη</strong></span> <span class='ocrx_word' id='word_1_184' title='bbox 1340 2521 1543 2591; x_wconf 75' lang='grc' dir='ltr'>κομψεύ</span> <span class='ocrx_word' id='word_1_185' title='bbox 1553 2540 1714 2591; x_wconf 82' lang='grc' dir='ltr'>ματα,</span> <span class='ocrx_word' id='word_1_186' title='bbox 1751 2524 1841 2576; x_wconf 79' lang='grc' dir='ltr'><strong>καὶ</strong></span> <span class='ocrx_word' id='word_1_187' title='bbox 1880 2541 1978 2576; x_wconf 87' lang='grc' dir='ltr'><strong>πο-</strong></span> 
     </span>
    </p>
   </div>
   <div class='ocr_carea' id='block_1_27' title="bbox 450 2601 1977 2684">
    <p class='ocr_par' dir='ltr' id='par_1_27' title="bbox 450 2601 1977 2684">
     <span class='ocr_line' id='line_1_27' title="bbox 450 2601 1977 2684; baseline 0.007 -28"><span class='ocrx_word' id='word_1_188' title='bbox 450 2601 685 2666; x_wconf 81' lang='grc' dir='ltr'><strong>λυειδοῦς</strong></span> <span class='ocrx_word' id='word_1_189' title='bbox 728 2606 973 2670; x_wconf 76' lang='grc' dir='ltr'><strong>ἀσεϐείας</strong></span> <span class='ocrx_word' id='word_1_190' title='bbox 1013 2609 1187 2680; x_wconf 82' lang='grc' dir='ltr'><strong>πλήρη</strong></span> <span class='ocrx_word' id='word_1_191' title='bbox 1234 2612 1645 2681; x_wconf 80' lang='grc' dir='ltr'>συγγράμματα,</span> <span class='ocrx_word' id='word_1_192' title='bbox 1700 2612 1977 2684; x_wconf 77' lang='grc' dir='ltr'>Ἐυαγρίου</span> 
     </span>
    </p>
   </div>
   <div class='ocr_carea' id='block_1_28' title="bbox 448 2689 1980 2768">
    <p class='ocr_par' dir='ltr' id='par_1_28' title="bbox 448 2689 1980 2768">
     <span class='ocr_line' id='line_1_28' title="bbox 448 2689 1980 2768; baseline 0.008 -25"><span class='ocrx_word' id='word_1_193' title='bbox 448 2689 507 2744; x_wconf 75' lang='grc' dir='ltr'><strong>δὲ</strong></span> <span class='ocrx_word' id='word_1_194' title='bbox 551 2693 645 2744; x_wconf 71' lang='grc' dir='ltr'><strong>σὺν</strong></span> <span class='ocrx_word' id='word_1_195' title='bbox 683 2694 828 2762; x_wconf 80' lang='grc' dir='ltr'>αὐτῷ</span> <span class='ocrx_word' id='word_1_196' title='bbox 869 2696 961 2748; x_wconf 71' lang='grc' dir='ltr'><strong>καὶ</strong></span> <span class='ocrx_word' id='word_1_197' title='bbox 1004 2697 1230 2767; x_wconf 81' lang='grc' dir='ltr'><strong>Διδύμου</strong></span> <span class='ocrx_word' id='word_1_198' title='bbox 1272 2698 1339 2749; x_wconf 82' lang='grc' dir='ltr'><strong>τὰ</strong></span> <span class='ocrx_word' id='word_1_199' title='bbox 1374 2699 1630 2768; x_wconf 68' lang='grc' dir='ltr'><strong>δόγματα,</strong></span> <span class='ocrx_word' id='word_1_200' title='bbox 1670 2702 1759 2753; x_wconf 74' lang='grc' dir='ltr'><strong>καὶ</strong></span> <span class='ocrx_word' id='word_1_201' title='bbox 1804 2701 1980 2755; x_wconf 82' lang='grc' dir='ltr'>πάντα</span> 
     </span>
    </p>
   </div>
   <div class='ocr_carea' id='block_1_29' title="bbox 449 2781 1980 2863">
    <p class='ocr_par' dir='ltr' id='par_1_29' title="bbox 449 2781 1980 2863">
     <span class='ocr_line' id='line_1_29' title="bbox 449 2781 1980 2863; baseline 0.007 -28"><span class='ocrx_word' id='word_1_202' title='bbox 449 2781 625 2836; x_wconf 82' lang='grc' dir='ltr'>αὐτῶν</span> <span class='ocrx_word' id='word_1_203' title='bbox 646 2783 714 2836; x_wconf 83' lang='grc' dir='ltr'><strong>τὰ</strong></span> <span class='ocrx_word' id='word_1_204' title='bbox 749 2785 1030 2856; x_wconf 81' lang='grc' dir='ltr'><strong>Ἑλληνικὰ</strong></span> <span class='ocrx_word' id='word_1_205' title='bbox 1058 2788 1148 2840; x_wconf 78' lang='grc' dir='ltr'><strong>καὶ</strong></span> <span class='ocrx_word' id='word_1_206' title='bbox 1174 2789 1466 2863; x_wconf 83' lang='grc' dir='ltr'><strong>τερατώδη,</strong></span> <span class='ocrx_word' id='word_1_207' title='bbox 1499 2790 1558 2842; x_wconf 82' lang='grc' dir='ltr'>οὐ</span> <span class='ocrx_word' id='word_1_208' title='bbox 1596 2791 1698 2861; x_wconf 84' lang='grc' dir='ltr'><strong>μὴν</strong></span> <span class='ocrx_word' id='word_1_209' title='bbox 1726 2792 1857 2845; x_wconf 80' lang='grc' dir='ltr'><strong>ἀλλὰ</strong></span> <span class='ocrx_word' id='word_1_210' title='bbox 1887 2794 1980 2846; x_wconf 75' lang='grc' dir='ltr'><strong>καὶ</strong></span> 
     </span>
    </p>
   </div>
   <div class='ocr_carea' id='block_1_30' title="bbox 453 2870 1978 2949">
    <p class='ocr_par' dir='ltr' id='par_1_30' title="bbox 453 2870 1978 2949">
     <span class='ocr_line' id='line_1_30' title="bbox 453 2870 1978 2949; baseline 0.009 -28"><span class='ocrx_word' id='word_1_211' title='bbox 453 2870 667 2944; x_wconf 82' lang='grc' dir='ltr'><strong>μυθώδη</strong></span> <span class='ocrx_word' id='word_1_212' title='bbox 713 2872 1017 2949; x_wconf 78' lang='grc' dir='ltr'>ληρήματα.</span> <span class='ocrx_word' id='word_1_213' title='bbox 1057 2895 1075 2927; x_wconf 74' lang='grc' dir='ltr'><strong><em>ι</em></strong></span> <span class='ocrx_word' id='word_1_214' title='bbox 1122 2878 1368 2931; x_wconf 79' lang='lat' dir='ltr'><strong>Confodit</strong></span> <span class='ocrx_word' id='word_1_215' title='bbox 1406 2889 1579 2934; x_wconf 91' lang='lat' dir='ltr'><strong>autem</strong></span> <span class='ocrx_word' id='word_1_216' title='bbox 1614 2891 1666 2933; x_wconf 90' lang='lat' dir='ltr'><strong>et</strong></span> <span class='ocrx_word' id='word_1_217' title='bbox 1705 2882 1755 2934; x_wconf 90' lang='lat' dir='ltr'><strong>in</strong></span> <span class='ocrx_word' id='word_1_218' title='bbox 1797 2882 1978 2935; x_wconf 87' lang='lat' dir='ltr'><strong>interi-</strong></span> 
     </span>
    </p>
   </div>
   <div class='ocr_carea' id='block_1_31' title="bbox 453 2961 1977 3039">
    <p class='ocr_par' dir='ltr' id='par_1_31' title="bbox 453 2961 1977 3039">
     <span class='ocr_line' id='line_1_31' title="bbox 453 2961 1977 3039; baseline 0.009 -29"><span class='ocrx_word' id='word_1_219' title='bbox 453 2968 562 3011; x_wconf 85' lang='lat' dir='ltr'><strong>tum</strong></span> <span class='ocrx_word' id='word_1_220' title='bbox 594 2961 807 3030; x_wconf 72' lang='lat' dir='ltr'><strong>proiicit</strong></span> <span class='ocrx_word' id='word_1_221' title='bbox 844 2967 1102 3033; x_wconf 68' lang='lat' dir='ltr'><strong>praecipue</strong></span> <span class='ocrx_word' id='word_1_222' title='bbox 1138 2968 1348 3036; x_wconf 89' lang='lat' dir='ltr'><strong>quidem</strong></span> <span class='ocrx_word' id='word_1_223' title='bbox 1394 2969 1633 3023; x_wconf 90' lang='lat' dir='ltr'><strong>insanum</strong></span> <span class='ocrx_word' id='word_1_224' title='bbox 1676 2969 1977 3039; x_wconf 90' lang='lat' dir='ltr'><strong>Origenem,</strong></span> 
     </span>
    </p>
   </div>
   <div class='ocr_carea' id='block_1_32' title="bbox 449 3049 1981 3119">
    <p class='ocr_par' dir='ltr' id='par_1_32' title="bbox 449 3049 1981 3119">
     <span class='ocr_line' id='line_1_32' title="bbox 449 3049 1981 3119; baseline 0.009 -19"><span class='ocrx_word' id='word_1_225' title='bbox 449 3056 505 3100; x_wconf 88' lang='lat' dir='ltr'><strong>et</strong></span> <span class='ocrx_word' id='word_1_226' title='bbox 530 3049 705 3103; x_wconf 88' lang='lat' dir='ltr'><strong>omnia</strong></span> <span class='ocrx_word' id='word_1_227' title='bbox 735 3051 850 3117; x_wconf 79' lang='lat' dir='ltr'><strong>ejus</strong></span> <span class='ocrx_word' id='word_1_228' title='bbox 880 3055 1040 3111; x_wconf 84' lang='lat' dir='ltr'><strong>delira</strong></span> <span class='ocrx_word' id='word_1_229' title='bbox 1073 3059 1405 3119; x_wconf 86' lang='lat' dir='ltr'><strong>scitamenta,</strong></span> <span class='ocrx_word' id='word_1_230' title='bbox 1432 3067 1485 3112; x_wconf 93' lang='lat' dir='ltr'><strong>et</strong></span> <span class='ocrx_word' id='word_1_231' title='bbox 1515 3058 1849 3115; x_wconf 76' lang='lat' dir='ltr'><strong>multiformis</strong></span> <span class='ocrx_word' id='word_1_232' title='bbox 1878 3061 1981 3114; x_wconf 89' lang='lat' dir='ltr'><strong>im-</strong></span> 
     </span>
    </p>
   </div>
   <div class='ocr_carea' id='block_1_33' title="bbox 450 3135 1981 3215">
    <p class='ocr_par' dir='ltr' id='par_1_33' title="bbox 450 3135 1981 3215">
     <span class='ocr_line' id='line_1_33' title="bbox 450 3135 1981 3215; baseline 0.012 -28"><span class='ocrx_word' id='word_1_233' title='bbox 450 3135 662 3204; x_wconf 88' lang='lat' dir='ltr'><strong>pietatis</strong></span> <span class='ocrx_word' id='word_1_234' title='bbox 698 3138 881 3205; x_wconf 90' lang='lat' dir='ltr'><strong>plenas</strong></span> <span class='ocrx_word' id='word_1_235' title='bbox 910 3141 1332 3209; x_wconf 83' lang='lat' dir='ltr'><strong>lucubrationes;</strong></span> <span class='ocrx_word' id='word_1_236' title='bbox 1367 3145 1570 3215; x_wconf 84' lang='lat' dir='ltr'><strong>Evagrii</strong></span> <span class='ocrx_word' id='word_1_237' title='bbox 1605 3147 1729 3202; x_wconf 92' lang='lat' dir='ltr'><strong>item</strong></span> <span class='ocrx_word' id='word_1_238' title='bbox 1772 3163 1893 3202; x_wconf 90' lang='lat' dir='ltr'><strong>cum</strong></span> <span class='ocrx_word' id='word_1_239' title='bbox 1917 3164 1981 3205; x_wconf 89' lang='lat' dir='ltr'><strong>eo</strong></span> 
     </span>
    </p>
   </div>
   <div class='ocr_carea' id='block_1_34' title="bbox 449 3225 1983 3301">
    <p class='ocr_par' dir='ltr' id='par_1_34' title="bbox 449 3225 1983 3301">
     <span class='ocr_line' id='line_1_34' title="bbox 449 3225 1983 3301; baseline 0.01 -25"><span class='ocrx_word' id='word_1_240' title='bbox 449 3233 506 3277; x_wconf 82' lang='lat' dir='ltr'><strong>et</strong></span> <span class='ocrx_word' id='word_1_241' title='bbox 532 3225 731 3296; x_wconf 86' lang='lat' dir='ltr'><strong>Didymi</strong></span> <span class='ocrx_word' id='word_1_242' title='bbox 761 3229 1024 3299; x_wconf 89' lang='lat' dir='ltr'><strong>dogmata,</strong></span> <span class='ocrx_word' id='word_1_243' title='bbox 1048 3246 1333 3301; x_wconf 85' lang='lat' dir='ltr'><strong>omnesque</strong></span> <span class='ocrx_word' id='word_1_244' title='bbox 1359 3247 1540 3287; x_wconf 88' lang='lat' dir='ltr'><strong>eorum</strong></span> <span class='ocrx_word' id='word_1_245' title='bbox 1564 3235 1901 3291; x_wconf 70' lang='lat' dir='ltr'><strong>Grzrcanicas</strong></span> <span class='ocrx_word' id='word_1_246' title='bbox 1929 3249 1983 3292; x_wconf 92' lang='lat' dir='ltr'><strong>et</strong></span> 
     </span>
    </p>
   </div>
   <div class='ocr_carea' id='block_1_35' title="bbox 452 3321 1985 3392">
    <p class='ocr_par' dir='ltr' id='par_1_35' title="bbox 452 3321 1985 3392">
     <span class='ocr_line' id='line_1_35' title="bbox 452 3321 1985 3392; baseline 0.009 -25"><span class='ocrx_word' id='word_1_247' title='bbox 452 3324 797 3383; x_wconf 88' lang='lat' dir='ltr'><strong>monstrosas,</strong></span> <span class='ocrx_word' id='word_1_248' title='bbox 829 3335 1029 3375; x_wconf 88' lang='lat' dir='ltr'><strong>necnon</strong></span> <span class='ocrx_word' id='word_1_249' title='bbox 1048 3330 1099 3375; x_wconf 93' lang='lat' dir='ltr'><strong>et</strong></span> <span class='ocrx_word' id='word_1_250' title='bbox 1116 3321 1379 3377; x_wconf 81' lang='lat' dir='ltr'><strong>fabulosas</strong></span> <span class='ocrx_word' id='word_1_251' title='bbox 1411 3325 1656 3392; x_wconf 89' lang='lat' dir='ltr'><strong>ineptias.</strong></span> <span class='ocrx_word' id='word_1_252' title='bbox 1684 3345 1702 3376; x_wconf 82' lang='grc'><strong>›</strong></span> <span class='ocrx_word' id='word_1_253' title='bbox 1735 3326 1985 3382; x_wconf 83' lang='lat' dir='ltr'><strong>Testatur</strong></span> 
     </span>
    </p>
   </div>
   <div class='ocr_carea' id='block_1_36' title="bbox 450 3402 1986 3478">
    <p class='ocr_par' dir='ltr' id='par_1_36' title="bbox 450 3402 1986 3478">
     <span class='ocr_line' id='line_1_36' title="bbox 450 3402 1986 3478; baseline 0.011 -22"><span class='ocrx_word' id='word_1_254' title='bbox 450 3402 589 3457; x_wconf 87' lang='lat' dir='ltr'><strong>idem</strong></span> <span class='ocrx_word' id='word_1_255' title='bbox 617 3408 847 3478; x_wconf 85' lang='lat' dir='ltr'><strong>synodus</strong></span> <span class='ocrx_word' id='word_1_256' title='bbox 872 3419 1041 3475; x_wconf 89' lang='lat' dir='ltr'><strong>sexta,</strong></span> <span class='ocrx_word' id='word_1_257' title='bbox 1079 3425 1186 3467; x_wconf 91' lang='lat' dir='ltr'><strong>act.</strong></span> <span class='ocrx_word' id='word_1_258' title='bbox 1210 3414 1273 3465; x_wconf 83' lang='lat' dir='ltr'><strong>l7</strong></span> <span class='ocrx_word' id='word_1_259' title='bbox 1304 3423 1357 3467; x_wconf 91' lang='lat' dir='ltr'><strong>et</strong></span> <span class='ocrx_word' id='word_1_260' title='bbox 1389 3414 1472 3467; x_wconf 78' lang='grc'><strong>18.</strong></span> <span class='ocrx_word' id='word_1_261' title='bbox 1502 3415 1749 3469; x_wconf 80' lang='lat' dir='ltr'><strong>Testatur</strong></span> <span class='ocrx_word' id='word_1_262' title='bbox 1769 3426 1823 3470; x_wconf 92' lang='lat' dir='ltr'><strong>et</strong></span> <span class='ocrx_word' id='word_1_263' title='bbox 1847 3417 1986 3472; x_wconf 58' lang='lat' dir='ltr'><strong>Con.</strong></span> 
     </span>
    </p>
   </div>
   <div class='ocr_carea' id='block_1_37' title="bbox 451 3494 1985 3575">
    <p class='ocr_par' dir='ltr' id='par_1_37' title="bbox 451 3494 1985 3575">
     <span class='ocr_line' id='line_1_37' title="bbox 451 3494 1985 3575; baseline 0.012 -30"><span class='ocrx_word' id='word_1_264' title='bbox 451 3494 716 3548; x_wconf 85' lang='lat' dir='ltr'><strong>stantinus</strong></span> <span class='ocrx_word' id='word_1_265' title='bbox 754 3498 1039 3565; x_wconf 89' lang='lat' dir='ltr'><strong>imperator</strong></span> <span class='ocrx_word' id='word_1_266' title='bbox 1082 3501 1132 3553; x_wconf 93' lang='lat' dir='ltr'><strong>in</strong></span> <span class='ocrx_word' id='word_1_267' title='bbox 1173 3503 1345 3575; x_wconf 90' lang='lat' dir='ltr'><strong>edicto</strong></span> <span class='ocrx_word' id='word_1_268' title='bbox 1372 3504 1434 3554; x_wconf 92' lang='lat' dir='ltr'><strong>ad</strong></span> <span class='ocrx_word' id='word_1_269' title='bbox 1461 3504 1706 3572; x_wconf 90' lang='lat' dir='ltr'><strong>p0pulum</strong></span> <span class='ocrx_word' id='word_1_270' title='bbox 1735 3508 1985 3564; x_wconf 92' lang='lat' dir='ltr'><strong>occiduas</strong></span> 
     </span>
    </p>
   </div>
   <div class='ocr_carea' id='block_1_38' title="bbox 449 3586 1984 3664">
    <p class='ocr_par' dir='ltr' id='par_1_38' title="bbox 449 3586 1984 3664">
     <span class='ocr_line' id='line_1_38' title="bbox 449 3586 1984 3664; baseline 0.012 -29"><span class='ocrx_word' id='word_1_271' title='bbox 449 3591 628 3651; x_wconf 81' lang='lat' dir='ltr'><strong>partes</strong></span> <span class='ocrx_word' id='word_1_272' title='bbox 653 3586 964 3641; x_wconf 90' lang='lat' dir='ltr'><strong>incolentem</strong></span> <span class='ocrx_word' id='word_1_273' title='bbox 992 3608 1004 3643; x_wconf 92' lang='lat'><strong>:</strong></span> <span class='ocrx_word' id='word_1_274' title='bbox 1036 3599 1090 3643; x_wconf 90' lang='lat' dir='ltr'><strong>et</strong></span> <span class='ocrx_word' id='word_1_275' title='bbox 1120 3590 1311 3657; x_wconf 87' lang='lat' dir='ltr'><strong>Leo&#39;il,</strong></span> <span class='ocrx_word' id='word_1_276' title='bbox 1348 3592 1617 3646; x_wconf 75' lang='lat' dir='ltr'><strong>Romanus</strong></span> <span class='ocrx_word' id='word_1_277' title='bbox 1643 3596 1902 3664; x_wconf 80' lang='lat' dir='ltr'><strong>pontifex,</strong></span> <span class='ocrx_word' id='word_1_278' title='bbox 1933 3600 1984 3653; x_wconf 92' lang='lat' dir='ltr'><strong>in</strong></span> 
     </span>
    </p>
   </div>
   <div class='ocr_carea' id='block_1_39' title="bbox 451 3672 1988 3750">
    <p class='ocr_par' dir='ltr' id='par_1_39' title="bbox 451 3672 1988 3750">
     <span class='ocr_line' id='line_1_39' title="bbox 451 3672 1988 3750; baseline 0.013 -27"><span class='ocrx_word' id='word_1_279' title='bbox 451 3672 671 3739; x_wconf 89' lang='lat' dir='ltr'><strong>epistola</strong></span> <span class='ocrx_word' id='word_1_280' title='bbox 742 3676 821 3729; x_wconf 85' lang='lat' dir='ltr'><strong>ad&#39;</strong></span> <span class='ocrx_word' id='word_1_281' title='bbox 863 3676 1270 3731; x_wconf 91' lang='lat' dir='ltr'><strong>Constantinum</strong></span> <span class='ocrx_word' id='word_1_282' title='bbox 1312 3693 1428 3747; x_wconf 65' lang='lat' dir='ltr'><strong>qua:</strong></span> <span class='ocrx_word' id='word_1_283' title='bbox 1483 3682 1800 3750; x_wconf 85' lang='lat' dir='ltr'><strong>scriptiones</strong></span> <span class='ocrx_word' id='word_1_284' title='bbox 1871 3688 1988 3743; x_wconf 69' lang='lat' dir='ltr'><strong>dure</strong></span> 
     </span>
    </p>
   </div>
   <div class='ocr_carea' id='block_1_40' title="bbox 451 3760 1987 3833">
    <p class='ocr_par' dir='ltr' id='par_1_40' title="bbox 451 3760 1987 3833">
     <span class='ocr_line' id='line_1_40' title="bbox 451 3760 1987 3833; baseline 0.01 -20"><span class='ocrx_word' id='word_1_285' title='bbox 451 3760 594 3814; x_wconf 91' lang='lat' dir='ltr'><strong>inter</strong></span> <span class='ocrx_word' id='word_1_286' title='bbox 629 3762 762 3816; x_wconf 84' lang='lat' dir='ltr'><strong>Acta</strong></span> <span class='ocrx_word' id='word_1_287' title='bbox 806 3766 1012 3819; x_wconf 86' lang='lat' dir='ltr'><strong>concilii</strong></span> <span class='ocrx_word' id='word_1_288' title='bbox 1043 3765 1278 3833; x_wconf 78' lang='lat' dir='ltr'><strong>ejusdem</strong></span> <span class='ocrx_word' id='word_1_289' title='bbox 1304 3768 1438 3821; x_wconf 82' lang='lat' dir='ltr'><strong>sexti</strong></span> <span class='ocrx_word' id='word_1_290' title='bbox 1467 3769 1748 3826; x_wconf 89' lang='lat' dir='ltr'><strong>habentur.</strong></span> <span class='ocrx_word' id='word_1_291' title='bbox 1800 3774 1987 3829; x_wconf 86' lang='lat' dir='ltr'><strong>Testa-</strong></span> 
     </span>
    </p>
   </div>
   <div class='ocr_carea' id='block_1_41' title="bbox 453 3853 1988 3933">
    <p class='ocr_par' dir='ltr' id='par_1_41' title="bbox 453 3853 1988 3933">
     <span class='ocr_line' id='line_1_41' title="bbox 453 3853 1988 3933; baseline 0.014 -32"><span class='ocrx_word' id='word_1_292' title='bbox 453 3857 542 3902; x_wconf 88' lang='lat' dir='ltr'><strong>tur</strong></span> <span class='ocrx_word' id='word_1_293' title='bbox 561 3858 614 3904; x_wconf 90' lang='lat' dir='ltr'><strong>et</strong></span> <span class='ocrx_word' id='word_1_294' title='bbox 631 3853 1064 3923; x_wconf 87' lang='lat' dir='ltr'><strong>pseudosynodtts</strong></span> <span class='ocrx_word' id='word_1_295' title='bbox 1089 3857 1385 3925; x_wconf 90' lang='lat' dir='ltr'><strong>quinisexta</strong></span> <span class='ocrx_word' id='word_1_296' title='bbox 1417 3873 1536 3913; x_wconf 93' lang='lat' dir='ltr'><strong>can.</strong></span> <span class='ocrx_word' id='word_1_297' title='bbox 1566 3875 1606 3926; x_wconf 83' lang='grc' dir='ltr'><strong>ι,</strong></span> <span class='ocrx_word' id='word_1_298' title='bbox 1635 3871 1689 3915; x_wconf 92' lang='lat' dir='ltr'><strong>et</strong></span> <span class='ocrx_word' id='word_1_299' title='bbox 1718 3867 1988 3933; x_wconf 77' lang='lat' dir='ltr'><strong>synodica:</strong></span> 
     </span>
    </p>
   </div>
   <div class='ocr_carea' id='block_1_42' title="bbox 451 3937 1988 4018">
    <p class='ocr_par' dir='ltr' id='par_1_42' title="bbox 451 3937 1988 4018">
     <span class='ocr_line' id='line_1_42' title="bbox 451 3937 1988 4018; baseline 0.012 -26"><span class='ocrx_word' id='word_1_300' title='bbox 451 3937 643 3994; x_wconf 72' lang='lat' dir='ltr'><strong>litterae</strong></span> <span class='ocrx_word' id='word_1_301' title='bbox 681 3940 944 3998; x_wconf 84' lang='lat' dir='ltr'><strong>Theodori</strong></span> <span class='ocrx_word' id='word_1_302' title='bbox 969 3945 1396 4016; x_wconf 84' lang='lat' dir='ltr'><strong>Jerosolymitani</strong></span> <span class='ocrx_word' id='word_1_303' title='bbox 1427 3964 1548 4018; x_wconf 71' lang='lat' dir='ltr'><strong>qua:</strong></span> <span class='ocrx_word' id='word_1_304' title='bbox 1588 3951 1824 4008; x_wconf 75' lang='lat' dir='ltr'><strong>recitatze</strong></span> <span class='ocrx_word' id='word_1_305' title='bbox 1862 3969 1988 4015; x_wconf 86' lang='lat' dir='ltr'><strong>sunt</strong></span> 
     </span>
    </p>
   </div>
   <div class='ocr_carea' id='block_1_43' title="bbox 451 4032 1988 4115">
    <p class='ocr_par' dir='ltr' id='par_1_43' title="bbox 451 4032 1988 4115">
     <span class='ocr_line' id='line_1_43' title="bbox 451 4032 1988 4115; baseline 0.013 -34"><span class='ocrx_word' id='word_1_306' title='bbox 451 4032 659 4084; x_wconf 85' lang='lat' dir='ltr'><strong>actione</strong></span> <span class='ocrx_word' id='word_1_307' title='bbox 684 4032 717 4085; x_wconf 80' lang='grc'><strong>5</strong></span> <span class='ocrx_word' id='word_1_308' title='bbox 772 4035 956 4103; x_wconf 84' lang='lat' dir='ltr'><strong>synodi</strong></span> <span class='ocrx_word' id='word_1_309' title='bbox 998 4039 1269 4106; x_wconf 63' lang='lat' dir='ltr'><strong>septimas;</strong></span> <span class='ocrx_word' id='word_1_310' title='bbox 1310 4049 1362 4092; x_wconf 92' lang='lat' dir='ltr'><strong>et</strong></span> <span class='ocrx_word' id='word_1_311' title='bbox 1384 4039 1605 4107; x_wconf 91' lang='lat' dir='ltr'><strong>epistola</strong></span> <span class='ocrx_word' id='word_1_312' title='bbox 1638 4040 1842 4098; x_wconf 87' lang='lat' dir='ltr'><strong>Tarasii</strong></span> <span class='ocrx_word' id='word_1_313' title='bbox 1876 4048 1988 4115; x_wconf 87' lang='lat' dir='ltr'><strong>epi-</strong></span> 
     </span>
    </p>
   </div>
   <div class='ocr_carea' id='block_1_44' title="bbox 452 4122 1981 4203">
    <p class='ocr_par' dir='ltr' id='par_1_44' title="bbox 452 4122 1981 4203">
     <span class='ocr_line' id='line_1_44' title="bbox 452 4122 1981 4203; baseline 0.01 -30"><span class='ocrx_word' id='word_1_314' title='bbox 452 4122 597 4189; x_wconf 75' lang='lat' dir='ltr'><strong>scopi</strong></span> <span class='ocrx_word' id='word_1_315' title='bbox 647 4123 1239 4196; x_wconf 83' lang='lat' dir='ltr'><strong>ConstantinOpolitani,</strong></span> <span class='ocrx_word' id='word_1_316' title='bbox 1291 4130 1560 4199; x_wconf 88' lang='lat' dir='ltr'><strong>totiusque</strong></span> <span class='ocrx_word' id='word_1_317' title='bbox 1607 4131 1738 4185; x_wconf 89' lang='lat' dir='ltr'><strong>adeo</strong></span> <span class='ocrx_word' id='word_1_318' title='bbox 1793 4136 1981 4203; x_wconf 89' lang='lat' dir='ltr'><strong>synodi</strong></span> 
     </span>
    </p>
   </div>
   <div class='ocr_carea' id='block_1_45' title="bbox 453 4213 1984 4287">
    <p class='ocr_par' dir='ltr' id='par_1_45' title="bbox 453 4213 1984 4287">
     <span class='ocr_line' id='line_1_45' title="bbox 453 4213 1984 4287; baseline 0.01 -25"><span class='ocrx_word' id='word_1_319' title='bbox 453 4213 691 4279; x_wconf 71' lang='lat' dir='ltr'><strong>septima:</strong></span> <span class='ocrx_word' id='word_1_320' title='bbox 727 4216 792 4268; x_wconf 91' lang='lat' dir='ltr'><strong>ad</strong></span> <span class='ocrx_word' id='word_1_321' title='bbox 820 4213 1223 4272; x_wconf 87' lang='lat' dir='ltr'><strong>Constantinum</strong></span> <span class='ocrx_word' id='word_1_322' title='bbox 1265 4228 1317 4273; x_wconf 91' lang='lat' dir='ltr'><strong>et</strong></span> <span class='ocrx_word' id='word_1_323' title='bbox 1341 4219 1551 4284; x_wconf 89' lang='lat' dir='ltr'><strong>lrenen,</strong></span> <span class='ocrx_word' id='word_1_324' title='bbox 1580 4234 1697 4287; x_wconf 74' lang='lat' dir='ltr'><strong>qua:</strong></span> <span class='ocrx_word' id='word_1_325' title='bbox 1727 4231 1901 4276; x_wconf 80' lang='lat' dir='ltr'><strong>exstat</strong></span> <span class='ocrx_word' id='word_1_326' title='bbox 1932 4224 1984 4277; x_wconf 91' lang='lat' dir='ltr'><strong>in</strong></span> 
     </span>
    </p>
   </div>
   <div class='ocr_carea' id='block_1_46' title="bbox 454 4305 1983 4378">
    <p class='ocr_par' dir='ltr' id='par_1_46' title="bbox 454 4305 1983 4378">
     <span class='ocr_line' id='line_1_46' title="bbox 454 4305 1983 4378; baseline 0.009 -24"><span class='ocrx_word' id='word_1_327' title='bbox 454 4305 712 4358; x_wconf 90' lang='lat' dir='ltr'><strong>actionem</strong></span> <span class='ocrx_word' id='word_1_328' title='bbox 742 4308 774 4360; x_wconf 84' lang='lat'>7</span> <span class='ocrx_word' id='word_1_329' title='bbox 808 4310 1016 4364; x_wconf 89' lang='lat' dir='ltr'><strong>concilii</strong></span> <span class='ocrx_word' id='word_1_330' title='bbox 1046 4310 1314 4378; x_wconf 85' lang='lat' dir='ltr'><strong>ejusdem;</strong></span> <span class='ocrx_word' id='word_1_331' title='bbox 1358 4319 1411 4364; x_wconf 90' lang='lat' dir='ltr'><strong>et</strong></span> <span class='ocrx_word' id='word_1_332' title='bbox 1442 4311 1756 4365; x_wconf 73' lang='lat' dir='ltr'><strong>Anastasius</strong></span> <span class='ocrx_word' id='word_1_333' title='bbox 1786 4312 1983 4368; x_wconf 81' lang='lat' dir='ltr'><strong>Biblio-</strong></span> 
     </span>
    </p>
   </div>
   <div class='ocr_carea' id='block_1_47' title="bbox 457 4391 1982 4457">
    <p class='ocr_par' dir='ltr' id='par_1_47' title="bbox 457 4391 1982 4457">
     <span class='ocr_line' id='line_1_47' title="bbox 457 4391 1982 4457; baseline 0.01 -16"><span class='ocrx_word' id='word_1_334' title='bbox 457 4391 721 4448; x_wconf 88' lang='lat' dir='ltr'><strong>thecarius</strong></span> <span class='ocrx_word' id='word_1_335' title='bbox 746 4400 811 4450; x_wconf 89' lang='lat' dir='ltr'><strong>ad</strong></span> <span class='ocrx_word' id='word_1_336' title='bbox 852 4413 1048 4452; x_wconf 90' lang='lat' dir='ltr'><strong>annum</strong></span> <span class='ocrx_word' id='word_1_337' title='bbox 1076 4399 1359 4454; x_wconf 69' lang='lat' dir='ltr'><strong>Iustiniani</strong></span> <span class='ocrx_word' id='word_1_338' title='bbox 1401 4401 1707 4454; x_wconf 85' lang='lat' dir='ltr'><strong>vicesimum</strong></span> <span class='ocrx_word' id='word_1_339' title='bbox 1752 4412 1982 4457; x_wconf 81' lang='lat' dir='ltr'><strong>sextum.</strong></span> 
     </span>
    </p>
   </div>
   <div class='ocr_carea' id='block_1_48' title="bbox 456 4476 1984 4563">
    <p class='ocr_par' dir='ltr' id='par_1_48' title="bbox 456 4476 1984 4563">
     <span class='ocr_line' id='line_1_48' title="bbox 456 4476 1984 4563; baseline 0.012 -33"><span class='ocrx_word' id='word_1_340' title='bbox 456 4476 579 4533; x_wconf 62' lang='lat' dir='ltr'><strong>Rrec</strong></span> <span class='ocrx_word' id='word_1_341' title='bbox 604 4482 674 4534; x_wconf 87' lang='lat' dir='ltr'><strong>ita</strong></span> <span class='ocrx_word' id='word_1_342' title='bbox 693 4486 971 4541; x_wconf 84' lang='lat' dir='ltr'><strong>manifesta</strong></span> <span class='ocrx_word' id='word_1_343' title='bbox 990 4498 1130 4555; x_wconf 89' lang='lat' dir='ltr'><strong>sunt,</strong></span> <span class='ocrx_word' id='word_1_344' title='bbox 1157 4498 1214 4544; x_wconf 91' lang='lat' dir='ltr'><strong>ut</strong></span> <span class='ocrx_word' id='word_1_345' title='bbox 1233 4505 1386 4545; x_wconf 87' lang='lat' dir='ltr'><strong>nemo</strong></span> <span class='ocrx_word' id='word_1_346' title='bbox 1404 4500 1585 4545; x_wconf 87' lang='lat' dir='ltr'><strong>contra</strong></span> <span class='ocrx_word' id='word_1_347' title='bbox 1609 4491 1689 4546; x_wconf 90' lang='lat' dir='ltr'><strong>vel</strong></span> <span class='ocrx_word' id='word_1_348' title='bbox 1712 4494 1984 4563; x_wconf 79' lang='lat' dir='ltr'><strong>excipere,</strong></span> 
     </span>
    </p>
   </div>
   <div class='ocr_carea' id='block_1_49' title="bbox 457 4568 1131 4646">
    <p class='ocr_par' dir='ltr' id='par_1_49' title="bbox 457 4568 1131 4646">
     <span class='ocr_line' id='line_1_49' title="bbox 457 4568 1131 4646; baseline 0.021 -27"><span class='ocrx_word' id='word_1_349' title='bbox 457 4568 536 4620; x_wconf 83' lang='lat' dir='ltr'><strong>vel</strong></span> <span class='ocrx_word' id='word_1_350' title='bbox 564 4576 907 4637; x_wconf 63' lang='lat' dir='ltr'><strong>praescribere</strong></span> <span class='ocrx_word' id='word_1_351' title='bbox 945 4581 1131 4646; x_wconf 90' lang='lat' dir='ltr'><strong>possit.</strong></span> 
     </span>
    </p>
   </div>
   <div class='ocr_carea' id='block_1_50' title="bbox 524 4659 1980 4745">
    <p class='ocr_par' dir='ltr' id='par_1_50' title="bbox 524 4659 1980 4745">
     <span class='ocr_line' id='line_1_50' title="bbox 524 4659 1980 4745; baseline 0.02 -34"><span class='ocrx_word' id='word_1_352' title='bbox 524 4659 673 4726; x_wconf 86' lang='lat' dir='ltr'><strong>Quod</strong></span> <span class='ocrx_word' id='word_1_353' title='bbox 702 4667 766 4718; x_wconf 89' lang='lat' dir='ltr'><strong>ad</strong></span> <span class='ocrx_word' id='word_1_354' title='bbox 816 4667 1118 4723; x_wconf 87' lang='lat' dir='ltr'><strong>Facundum</strong></span> <span class='ocrx_word' id='word_1_355' title='bbox 1170 4680 1345 4727; x_wconf 87' lang='lat' dir='ltr'><strong>autem</strong></span> <span class='ocrx_word' id='word_1_356' title='bbox 1400 4673 1665 4729; x_wconf 82' lang='lat' dir='ltr'><strong>Victorem</strong></span> <span class='ocrx_word' id='word_1_357' title='bbox 1715 4675 1980 4745; x_wconf 66' lang='lat' dir='ltr'><strong>pertinet}.</strong></span> 
     </span>
    </p>
   </div>
   <div class='ocr_carea' id='block_1_51' title="bbox 455 4758 1987 4831">
    <p class='ocr_par' dir='ltr' id='par_1_51' title="bbox 455 4758 1987 4831">
     <span class='ocr_line' id='line_1_51' title="bbox 455 4758 1987 4831; baseline 0.012 -31"><span class='ocrx_word' id='word_1_358' title='bbox 455 4764 638 4819; x_wconf 83' lang='lat' dir='ltr'><strong>parum</strong></span> <span class='ocrx_word' id='word_1_359' title='bbox 670 4762 812 4806; x_wconf 90' lang='lat' dir='ltr'><strong>certe</strong></span> <span class='ocrx_word' id='word_1_360' title='bbox 858 4758 1033 4812; x_wconf 87' lang='lat' dir='ltr'><strong>valere</strong></span> <span class='ocrx_word' id='word_1_361' title='bbox 1081 4761 1237 4816; x_wconf 90' lang='lat' dir='ltr'><strong>debet</strong></span> <span class='ocrx_word' id='word_1_362' title='bbox 1273 4763 1523 4831; x_wconf 85' lang='lat' dir='ltr'><strong>negativi,</strong></span> <span class='ocrx_word' id='word_1_363' title='bbox 1552 4774 1607 4816; x_wconf 92' lang='lat' dir='ltr'><strong>ut</strong></span> <span class='ocrx_word' id='word_1_364' title='bbox 1639 4774 1851 4830; x_wconf 87' lang='lat' dir='ltr'><strong>vocant,</strong></span> <span class='ocrx_word' id='word_1_365' title='bbox 1898 4781 1987 4818; x_wconf 86' lang='lat' dir='ltr'><strong>ar-</strong></span> 
     </span>
    </p>
   </div>
   <div class='ocr_carea' id='block_1_52' title="bbox 456 4838 1985 4921">
    <p class='ocr_par' dir='ltr' id='par_1_52' title="bbox 456 4838 1985 4921">
     <span class='ocr_line' id='line_1_52' title="bbox 456 4838 1985 4921; baseline 0.01 -30"><span class='ocrx_word' id='word_1_366' title='bbox 456 4838 689 4905; x_wconf 86' lang='lat' dir='ltr'><strong>gumenti</strong></span> <span class='ocrx_word' id='word_1_367' title='bbox 722 4845 1028 4911; x_wconf 83' lang='lat' dir='ltr'><strong>auctoritas,</strong></span> <span class='ocrx_word' id='word_1_368' title='bbox 1063 4862 1180 4901; x_wconf 89' lang='lat' dir='ltr'><strong>cum</strong></span> <span class='ocrx_word' id='word_1_369' title='bbox 1230 4851 1593 4919; x_wconf 74' lang='grc' dir='ltr'><strong>καταφατικὸν</strong></span> <span class='ocrx_word' id='word_1_370' title='bbox 1621 4861 1985 4921; x_wconf 88' lang='lat' dir='ltr'><strong>argumentum</strong></span> 
     </span>
    </p>
   </div>
   <div class='ocr_carea' id='block_1_53' title="bbox 455 4929 1987 5000">
    <p class='ocr_par' dir='ltr' id='par_1_53' title="bbox 455 4929 1987 5000">
     <span class='ocr_line' id='line_1_53' title="bbox 455 4929 1987 5000; baseline 0.009 -18"><span class='ocrx_word' id='word_1_371' title='bbox 455 4929 507 4982; x_wconf 92' lang='lat' dir='ltr'><strong>in</strong></span> <span class='ocrx_word' id='word_1_372' title='bbox 539 4930 856 4984; x_wconf 88' lang='lat' dir='ltr'><strong>contrariam</strong></span> <span class='ocrx_word' id='word_1_373' title='bbox 893 4944 1093 5000; x_wconf 88' lang='lat' dir='ltr'><strong>partem</strong></span> <span class='ocrx_word' id='word_1_374' title='bbox 1148 4938 1382 4994; x_wconf 81' lang='lat' dir='ltr'><strong>ati&#39;ertur.</strong></span> <span class='ocrx_word' id='word_1_375' title='bbox 1433 4942 1564 4994; x_wconf 84' lang='lat' dir='ltr'><strong>Acta</strong></span> <span class='ocrx_word' id='word_1_376' title='bbox 1611 4956 1734 4996; x_wconf 88' lang='lat' dir='ltr'><strong>vero</strong></span> <span class='ocrx_word' id='word_1_377' title='bbox 1781 4943 1987 4997; x_wconf 91' lang='lat' dir='ltr'><strong>concilii</strong></span> 
     </span>
    </p>
   </div>
   <div class='ocr_carea' id='block_1_54' title="bbox 456 5019 1991 5101">
    <p class='ocr_par' dir='ltr' id='par_1_54' title="bbox 456 5019 1991 5101">
     <span class='ocr_line' id='line_1_54' title="bbox 456 5019 1991 5101; baseline 0.008 -27"><span class='ocrx_word' id='word_1_378' title='bbox 456 5035 550 5075; x_wconf 89' lang='lat' dir='ltr'><strong>cur</strong></span> <span class='ocrx_word' id='word_1_379' title='bbox 580 5021 644 5074; x_wconf 89' lang='lat' dir='ltr'><strong>de</strong></span> <span class='ocrx_word' id='word_1_380' title='bbox 672 5019 897 5089; x_wconf 81' lang='lat' dir='ltr'><strong>Origene</strong></span> <span class='ocrx_word' id='word_1_381' title='bbox 929 5023 1141 5089; x_wconf 88' lang='lat' dir='ltr'><strong>sileant,</strong></span> <span class='ocrx_word' id='word_1_382' title='bbox 1177 5030 1305 5083; x_wconf 92' lang='lat' dir='ltr'><strong>mihi</strong></span> <span class='ocrx_word' id='word_1_383' title='bbox 1337 5030 1446 5084; x_wconf 85' lang='lat' dir='ltr'><strong>veri</strong></span> <span class='ocrx_word' id='word_1_384' title='bbox 1479 5032 1686 5085; x_wconf 86' lang='lat' dir='ltr'><strong>videtur</strong></span> <span class='ocrx_word' id='word_1_385' title='bbox 1709 5033 1991 5101; x_wconf 86' lang='lat' dir='ltr'><strong>persimilis</strong></span> 
     </span>
    </p>
   </div>
   <div class='ocr_carea' id='block_1_55' title="bbox 456 5105 1983 5175">
    <p class='ocr_par' dir='ltr' id='par_1_55' title="bbox 456 5105 1983 5175">
     <span class='ocr_line' id='line_1_55' title="bbox 456 5105 1983 5175; baseline 0.009 -16"><span class='ocrx_word' id='word_1_386' title='bbox 456 5121 483 5159; x_wconf 90' lang='lat' dir='ltr'><strong>a</strong></span> <span class='ocrx_word' id='word_1_387' title='bbox 506 5106 734 5160; x_wconf 88' lang='lat' dir='ltr'><strong>Baronio</strong></span> <span class='ocrx_word' id='word_1_388' title='bbox 757 5105 915 5159; x_wconf 90' lang='lat' dir='ltr'><strong>allata</strong></span> <span class='ocrx_word' id='word_1_389' title='bbox 944 5109 1094 5171; x_wconf 88' lang='lat' dir='ltr'><strong>ratio,</strong></span> <span class='ocrx_word' id='word_1_390' title='bbox 1124 5114 1355 5167; x_wconf 87' lang='lat' dir='ltr'><strong>mutilata</strong></span> <span class='ocrx_word' id='word_1_391' title='bbox 1382 5130 1441 5169; x_wconf 91' lang='lat' dir='ltr'><strong>ea</strong></span> <span class='ocrx_word' id='word_1_392' title='bbox 1462 5126 1515 5171; x_wconf 91' lang='lat' dir='ltr'><strong>et</strong></span> <span class='ocrx_word' id='word_1_393' title='bbox 1538 5128 1779 5172; x_wconf 90' lang='lat' dir='ltr'><strong>truncata</strong></span> <span class='ocrx_word' id='word_1_394' title='bbox 1802 5119 1983 5175; x_wconf 83' lang='lat' dir='ltr'><strong>fuisse.</strong></span> 
     </span>
    </p>
   </div>
   <div class='ocr_carea' id='block_1_56' title="bbox 457 5198 1989 5281">
    <p class='ocr_par' dir='ltr' id='par_1_56' title="bbox 457 5198 1989 5281">
     <span class='ocr_line' id='line_1_56' title="bbox 457 5198 1989 5281; baseline 0.009 -29"><span class='ocrx_word' id='word_1_395' title='bbox 457 5198 601 5253; x_wconf 83' lang='lat' dir='ltr'><strong>Facti</strong></span> <span class='ocrx_word' id='word_1_396' title='bbox 626 5208 870 5254; x_wconf 87' lang='lat' dir='ltr'><strong>auctores</strong></span> <span class='ocrx_word' id='word_1_397' title='bbox 898 5198 1193 5266; x_wconf 91' lang='lat' dir='ltr'><strong>suspicatur</strong></span> <span class='ocrx_word' id='word_1_398' title='bbox 1213 5203 1298 5258; x_wconf 88' lang='lat' dir='ltr'><strong>ille</strong></span> <span class='ocrx_word' id='word_1_399' title='bbox 1319 5205 1768 5278; x_wconf 90' lang='lat' dir='ltr'><strong>Origenistas,qui</strong></span> <span class='ocrx_word' id='word_1_400' title='bbox 1787 5213 1989 5281; x_wconf 89' lang='lat' dir='ltr'><strong>synodo</strong></span> 
     </span>
    </p>
   </div>
   <div class='ocr_carea' id='block_1_57' title="bbox 455 5287 1989 5370">
    <p class='ocr_par' dir='ltr' id='par_1_57' title="bbox 455 5287 1989 5370">
     <span class='ocr_line' id='line_1_57' title="bbox 455 5287 1989 5370; baseline 0.01 -30"><span class='ocrx_word' id='word_1_401' title='bbox 455 5288 810 5356; x_wconf 60' lang='lat' dir='ltr'><strong>prafnerunt,‘</strong></span> <span class='ocrx_word' id='word_1_402' title='bbox 847 5287 1161 5361; x_wconf 79' lang='lat' dir='ltr'><strong>Eutychium</strong></span> <span class='ocrx_word' id='word_1_403' title='bbox 1210 5291 1849 5366; x_wconf 89' lang='lat' dir='ltr'><strong>Constantinopolitanum</strong></span> <span class='ocrx_word' id='word_1_404' title='bbox 1896 5317 1989 5370; x_wconf 91' lang='lat' dir='ltr'><strong>pa-</strong></span> 
     </span>
    </p>
   </div>
   <div class='ocr_carea' id='block_1_58' title="bbox 455 5377 1989 5451">
    <p class='ocr_par' dir='ltr' id='par_1_58' title="bbox 455 5377 1989 5451">
     <span class='ocr_line' id='line_1_58' title="bbox 455 5377 1989 5451; baseline 0.009 -23"><span class='ocrx_word' id='word_1_405' title='bbox 455 5378 761 5447; x_wconf 84' lang='lat' dir='ltr'><strong>triarcham,</strong></span> <span class='ocrx_word' id='word_1_406' title='bbox 796 5380 1024 5451; x_wconf 88' lang='lat' dir='ltr'><strong>quicum</strong></span> <span class='ocrx_word' id='word_1_407' title='bbox 1064 5377 1241 5431; x_wconf 89' lang='lat' dir='ltr'><strong>carnis</strong></span> <span class='ocrx_word' id='word_1_408' title='bbox 1271 5384 1707 5439; x_wconf 88' lang='lat' dir='ltr'><strong>resurrectionem</strong></span> <span class='ocrx_word' id='word_1_409' title='bbox 1739 5393 1863 5439; x_wconf 90' lang='lat' dir='ltr'><strong>tunc</strong></span> <span class='ocrx_word' id='word_1_410' title='bbox 1886 5402 1989 5442; x_wconf 94' lang='lat' dir='ltr'><strong>non</strong></span> 
     </span>
    </p>
   </div>
   <div class='ocr_carea' id='block_1_59' title="bbox 455 5465 1992 5544">
    <p class='ocr_par' dir='ltr' id='par_1_59' title="bbox 455 5465 1992 5544">
     <span class='ocr_line' id='line_1_59' title="bbox 455 5465 1992 5544; baseline 0.01 -29"><span class='ocrx_word' id='word_1_411' title='bbox 455 5465 753 5522; x_wconf 84' lang='lat' dir='ltr'><strong>admitteret</strong></span> <span class='ocrx_word' id='word_1_412' title='bbox 805 5470 982 5539; x_wconf 89' lang='lat' dir='ltr'><strong>(quem</strong></span> <span class='ocrx_word' id='word_1_413' title='bbox 1024 5475 1197 5520; x_wconf 90' lang='lat' dir='ltr'><strong>tamen</strong></span> <span class='ocrx_word' id='word_1_414' title='bbox 1246 5482 1481 5522; x_wconf 90' lang='lat' dir='ltr'><strong>errorem</strong></span> <span class='ocrx_word' id='word_1_415' title='bbox 1526 5483 1706 5537; x_wconf 88' lang='lat' dir='ltr'><strong>postea</strong></span> <span class='ocrx_word' id='word_1_416' title='bbox 1748 5473 1992 5544; x_wconf 84' lang='lat' dir='ltr'><strong>Gregorii</strong></span> 
     </span>
    </p>
   </div>
   <div class='ocr_carea' id='block_1_60' title="bbox 457 5556 1993 5629">
    <p class='ocr_par' dir='ltr' id='par_1_60' title="bbox 457 5556 1993 5629">
     <span class='ocr_line' id='line_1_60' title="bbox 457 5556 1993 5629; baseline 0.01 -25"><span class='ocrx_word' id='word_1_417' title='bbox 457 5566 622 5621; x_wconf 75' lang='lat' dir='ltr'><strong>papae,</strong></span> <span class='ocrx_word' id='word_1_418' title='bbox 666 5558 768 5612; x_wconf 92' lang='lat' dir='ltr'><strong>hoc</strong></span> <span class='ocrx_word' id='word_1_419' title='bbox 798 5568 1029 5629; x_wconf 86' lang='lat' dir='ltr'><strong>tempore</strong></span> <span class='ocrx_word' id='word_1_420' title='bbox 1072 5558 1131 5612; x_wconf 83' lang='lat' dir='ltr'><strong>S.</strong></span> <span class='ocrx_word' id='word_1_421' title='bbox 1161 5556 1225 5610; x_wconf 83' lang='lat' dir='ltr'><strong>R.</strong></span> <span class='ocrx_word' id='word_1_422' title='bbox 1253 5557 1313 5611; x_wconf 89' lang='lat' dir='ltr'><strong>E.</strong></span> <span class='ocrx_word' id='word_1_423' title='bbox 1354 5557 1561 5612; x_wconf 89' lang='lat' dir='ltr'><strong>diaconi</strong></span> <span class='ocrx_word' id='word_1_424' title='bbox 1585 5573 1635 5614; x_wconf 93' lang='lat' dir='ltr'><strong>et</strong></span> <span class='ocrx_word' id='word_1_425' title='bbox 1662 5563 1993 5629; x_wconf 73' lang='lat' dir='ltr'><strong>apocrisiarii</strong></span> 
     </span>
    </p>
   </div>
   <div class='ocr_carea' id='block_1_61' title="bbox 458 5645 1990 5718">
    <p class='ocr_par' dir='ltr' id='par_1_61' title="bbox 458 5645 1990 5718">
     <span class='ocr_line' id='line_1_61' title="bbox 458 5645 1990 5718; baseline 0.012 -28"><span class='ocrx_word' id='word_1_426' title='bbox 458 5654 616 5695; x_wconf 85' lang='lat' dir='ltr'><strong>suasu</strong></span> <span class='ocrx_word' id='word_1_427' title='bbox 663 5645 928 5717; x_wconf 82' lang='lat' dir='ltr'><strong>cjuravit),</strong></span> <span class='ocrx_word' id='word_1_428' title='bbox 963 5648 1151 5703; x_wconf 90' lang='lat' dir='ltr'><strong>merito</strong></span> <span class='ocrx_word' id='word_1_429' title='bbox 1198 5649 1249 5701; x_wconf 91' lang='lat' dir='ltr'><strong>in</strong></span> <span class='ocrx_word' id='word_1_430' title='bbox 1287 5645 1603 5715; x_wconf 76' lang='lat' dir='ltr'><strong>Origenismi</strong></span> <span class='ocrx_word' id='word_1_431' title='bbox 1634 5652 1990 5718; x_wconf 90' lang='lat' dir='ltr'><strong>suspicionem</strong></span> 
     </span>
    </p>
   </div>
   <div class='ocr_carea' id='block_1_62' title="bbox 459 5731 1992 5811">
    <p class='ocr_par' dir='ltr' id='par_1_62' title="bbox 459 5731 1992 5811">
     <span class='ocr_line' id='line_1_62' title="bbox 459 5731 1992 5811; baseline 0.012 -30"><span class='ocrx_word' id='word_1_432' title='bbox 459 5731 599 5786; x_wconf 89' lang='lat' dir='ltr'><strong>venit</strong></span> <span class='ocrx_word' id='word_1_433' title='bbox 626 5748 640 5789; x_wconf 92' lang='lat'><strong>:</strong></span> <span class='ocrx_word' id='word_1_434' title='bbox 666 5733 999 5797; x_wconf 83' lang='lat' dir='ltr'><strong>Theodorum</strong></span> <span class='ocrx_word' id='word_1_435' title='bbox 1028 5753 1235 5811; x_wconf 83' lang='lat' dir='ltr'><strong>quoque</strong></span> <span class='ocrx_word' id='word_1_436' title='bbox 1260 5738 1643 5796; x_wconf 65' lang='lat' dir='ltr'><strong>Caesariensem</strong></span> <span class='ocrx_word' id='word_1_437' title='bbox 1674 5740 1836 5797; x_wconf 84' lang='lat' dir='ltr'><strong>totius</strong></span> <span class='ocrx_word' id='word_1_438' title='bbox 1859 5755 1992 5799; x_wconf 87' lang='lat' dir='ltr'><strong>con-</strong></span> 
     </span>
    </p>
   </div>
   <div class='ocr_carea' id='block_1_63' title="bbox 2064 596 3854 704">
    <p class='ocr_par' dir='ltr' id='par_1_63' title="bbox 2064 596 3854 704">
     <span class='ocr_line' id='line_1_63' title="bbox 2064 596 3854 704; baseline -0.007 -43"><span class='ocrx_word' id='word_1_439' title='bbox 2064 641 2208 700; x_wconf 67' lang='lat' dir='ltr'><strong>pwm</strong></span> <span class='ocrx_word' id='word_1_440' title='bbox 2244 638 2330 683; x_wconf 71' lang='grc' dir='ltr'><strong>εει</strong></span> <span class='ocrx_word' id='word_1_441' title='bbox 2364 634 2618 695; x_wconf 58' lang='lat' dir='ltr'><strong>propter</strong></span> <span class='ocrx_word' id='word_1_442' title='bbox 2657 625 3005 690; x_wconf 78' lang='lat' dir='ltr'><strong>spectatam</strong></span> <span class='ocrx_word' id='word_1_443' title='bbox 3060 603 3374 704; x_wconf 75' lang='lat' dir='ltr'><strong>hominis</strong></span> <span class='ocrx_word' id='word_1_444' title='bbox 3411 596 3854 704; x_wconf 26' lang='lat' dir='ltr'><strong>vafritiempita</strong></span> 
     </span>
    </p>
   </div>
   <div class='ocr_carea' id='block_1_64' title="bbox 2059 688 3854 795">
    <p class='ocr_par' dir='ltr' id='par_1_64' title="bbox 2059 688 3854 795">
     <span class='ocr_line' id='line_1_64' title="bbox 2059 688 3854 795; baseline -0.02 -21"><span class='ocrx_word' id='word_1_445' title='bbox 2059 688 2122 775; x_wconf 77' lang='lat' dir='ltr'><strong>de</strong></span> <span class='ocrx_word' id='word_1_446' title='bbox 2161 688 2439 787; x_wconf 74' lang='lat' dir='ltr'><strong>Eutychio</strong></span> <span class='ocrx_word' id='word_1_447' title='bbox 2478 688 2893 767; x_wconf 60' lang='lat' dir='ltr'><strong>sanctissimo</strong></span> <span class='ocrx_word' id='word_1_448' title='bbox 2950 702 3016 759; x_wconf 85' lang='lat' dir='ltr'><strong>et</strong></span> <span class='ocrx_word' id='word_1_449' title='bbox 3081 688 3854 795; x_wconf 45' lang='lat' dir='ltr'><strong>cnfldidissimo‘bom&#39;inc</strong></span> 
     </span>
    </p>
   </div>
   <div class='ocr_carea' id='block_1_65' title="bbox 2060 778 3859 884">
    <p class='ocr_par' dir='ltr' id='par_1_65' title="bbox 2060 778 3859 884">
     <span class='ocr_line' id='line_1_65' title="bbox 2060 778 3859 884; baseline -0.022 -17"><span class='ocrx_word' id='word_1_450' title='bbox 2060 778 2328 880; x_wconf 65' lang='lat' dir='ltr'><strong>suspicari</strong></span> <span class='ocrx_word' id='word_1_451' title='bbox 2356 809 2456 862; x_wconf 83' lang='lat' dir='ltr'><strong>vix</strong></span> <span class='ocrx_word' id='word_1_452' title='bbox 2492 804 2769 875; x_wconf 84' lang='lat' dir='ltr'><strong>equidem</strong></span> <span class='ocrx_word' id='word_1_453' title='bbox 2808 809 3107 869; x_wconf 87' lang='lat' dir='ltr'><strong>possum.</strong></span> <span class='ocrx_word' id='word_1_454' title='bbox 3142 783 3448 884; x_wconf 71' lang='lat' dir='ltr'><strong>Concilii</strong></span> <span class='ocrx_word' id='word_1_455' title='bbox 3472 778 3744 884; x_wconf 52' lang='lat' dir='ltr'><strong>profecto</strong></span> <span class='ocrx_word' id='word_1_456' title='bbox 3767 780 3859 879; x_wconf 69' lang='lat' dir='ltr'><strong>bu:</strong></span> 
     </span>
    </p>
   </div>
   <div class='ocr_carea' id='block_1_66' title="bbox 2056 869 3857 972">
    <p class='ocr_par' dir='ltr' id='par_1_66' title="bbox 2056 869 3857 972">
     <span class='ocr_line' id='line_1_66' title="bbox 2056 869 3857 972; baseline -0.021 -15"><span class='ocrx_word' id='word_1_457' title='bbox 2056 869 2169 972; x_wconf 43' lang='lat' dir='ltr'><strong>jus.</strong></span> <span class='ocrx_word' id='word_1_458' title='bbox 2200 915 2327 954; x_wconf 87' lang='lat' dir='ltr'><strong>cum</strong></span> <span class='ocrx_word' id='word_1_459' title='bbox 2380 869 2614 959; x_wconf 66' lang='lat' dir='ltr'><strong>Graeca,</strong></span> <span class='ocrx_word' id='word_1_460' title='bbox 2665 902 2788 946; x_wconf 90' lang='lat' dir='ltr'><strong>tum</strong></span> <span class='ocrx_word' id='word_1_461' title='bbox 2849 888 3093 943; x_wconf 84' lang='lat' dir='ltr'><strong>Latina</strong></span> <span class='ocrx_word' id='word_1_462' title='bbox 3174 873 3597 972; x_wconf 68' lang='lat' dir='ltr'><strong>exemplaria</strong></span> <span class='ocrx_word' id='word_1_463' title='bbox 3644 869 3857 972; x_wconf 64' lang='lat' dir='ltr'><strong>liaearii</strong></span> 
     </span>
    </p>
   </div>
   <div class='ocr_carea' id='block_1_67' title="bbox 2063 960 3860 1050">
    <p class='ocr_par' dir='ltr' id='par_1_67' title="bbox 2063 960 3860 1050">
     <span class='ocr_line' id='line_1_67' title="bbox 2063 960 3860 1050; baseline -0.017 -6"><span class='ocrx_word' id='word_1_464' title='bbox 2063 960 2394 1043; x_wconf 52' lang='lat' dir='ltr'><strong>hutiocheni</strong></span> <span class='ocrx_word' id='word_1_465' title='bbox 2419 995 2479 1039; x_wconf 90' lang='lat' dir='ltr'><strong>et</strong></span> <span class='ocrx_word' id='word_1_466' title='bbox 2499 980 2785 1050; x_wconf 82' lang='lat' dir='ltr'><strong>Stephani</strong></span> <span class='ocrx_word' id='word_1_467' title='bbox 2811 976 3031 1033; x_wconf 88' lang='lat' dir='ltr'><strong>studio</strong></span> <span class='ocrx_word' id='word_1_468' title='bbox 3063 972 3282 1025; x_wconf 81' lang='lat' dir='ltr'><strong>fuisse</strong></span> <span class='ocrx_word' id='word_1_469' title='bbox 3301 966 3538 1023; x_wconf 76' lang='lat' dir='ltr'><strong>vitiata</strong></span> <span class='ocrx_word' id='word_1_470' title='bbox 3562 960 3860 1016; x_wconf 83' lang='lat' dir='ltr'><strong>declaravit</strong></span> 
     </span>
    </p>
   </div>
   <div class='ocr_carea' id='block_1_68' title="bbox 2065 1052 3861 1148">
    <p class='ocr_par' dir='ltr' id='par_1_68' title="bbox 2065 1052 3861 1148">
     <span class='ocr_line' id='line_1_68' title="bbox 2065 1052 3861 1148; baseline -0.018 -13"><span class='ocrx_word' id='word_1_471' title='bbox 2065 1090 2214 1135; x_wconf 85' lang='lat' dir='ltr'><strong>sexta</strong></span> <span class='ocrx_word' id='word_1_472' title='bbox 2251 1078 2532 1148; x_wconf 88' lang='lat' dir='ltr'><strong>synodus,</strong></span> <span class='ocrx_word' id='word_1_473' title='bbox 2553 1074 2773 1127; x_wconf 91' lang='lat' dir='ltr'><strong>action.</strong></span> <span class='ocrx_word' id='word_1_474' title='bbox 2800 1070 2903 1133; x_wconf 71' lang='grc'><strong>14,</strong></span> <span class='ocrx_word' id='word_1_475' title='bbox 2929 1076 2997 1121; x_wconf 90' lang='lat' dir='ltr'><strong>et</strong></span> <span class='ocrx_word' id='word_1_476' title='bbox 3017 1059 3431 1148; x_wconf 83' lang='lat' dir='ltr'><strong>earumdem</strong></span> <span class='ocrx_word' id='word_1_477' title='bbox 3462 1069 3706 1148; x_wconf 81' lang='lat' dir='ltr'><strong>quoque</strong></span> <span class='ocrx_word' id='word_1_478' title='bbox 3722 1052 3861 1148; x_wconf 68' lang='lat' dir='ltr'><strong>adol-</strong></span> 
     </span>
    </p>
   </div>
   <div class='ocr_carea' id='block_1_69' title="bbox 2070 1144 3862 1237">
    <p class='ocr_par' dir='ltr' id='par_1_69' title="bbox 2070 1144 3862 1237">
     <span class='ocr_line' id='line_1_69' title="bbox 2070 1144 3862 1237; baseline -0.016 -14"><span class='ocrx_word' id='word_1_479' title='bbox 2070 1144 2394 1224; x_wconf 83' lang='lat' dir='ltr'><strong>terationem</strong></span> <span class='ocrx_word' id='word_1_480' title='bbox 2416 1163 2783 1237; x_wconf 71' lang='lat' dir='ltr'><strong>praedicavit,</strong></span> <span class='ocrx_word' id='word_1_481' title='bbox 2811 1161 3064 1212; x_wconf 81' lang='lat' dir='ltr'><strong>aetion.</strong></span> <span class='ocrx_word' id='word_1_482' title='bbox 3094 1151 3360 1218; x_wconf 67' lang='lat' dir='ltr'><strong>19,3ub</strong></span> <span class='ocrx_word' id='word_1_483' title='bbox 3392 1147 3617 1201; x_wconf 82' lang='lat' dir='ltr'><strong>ﬁnem.</strong></span> <span class='ocrx_word' id='word_1_484' title='bbox 3652 1144 3862 1237; x_wconf 78' lang='lat' dir='ltr'><strong>AtActa</strong></span> 
     </span>
    </p>
   </div>
   <div class='ocr_carea' id='block_1_70' title="bbox 2071 1235 3861 1319">
    <p class='ocr_par' dir='ltr' id='par_1_70' title="bbox 2071 1235 3861 1319">
     <span class='ocr_line' id='line_1_70' title="bbox 2071 1235 3861 1319; baseline -0.015 -3"><span class='ocrx_word' id='word_1_485' title='bbox 2071 1272 2249 1315; x_wconf 89' lang='lat' dir='ltr'><strong>tamen</strong></span> <span class='ocrx_word' id='word_1_486' title='bbox 2282 1235 2506 1314; x_wconf 82' lang='lat' dir='ltr'><strong>concilii</strong></span> <span class='ocrx_word' id='word_1_487' title='bbox 2532 1252 2767 1310; x_wconf 89' lang='lat' dir='ltr'><strong>etiamsi</strong></span> <span class='ocrx_word' id='word_1_488' title='bbox 2806 1252 3072 1319; x_wconf 80' lang='lat' dir='ltr'><strong>integra</strong></span> <span class='ocrx_word' id='word_1_489' title='bbox 3098 1248 3506 1315; x_wconf 47' lang='lat' dir='ltr'><strong>isuperesse</strong></span> <span class='ocrx_word' id='word_1_490' title='bbox 3540 1239 3769 1299; x_wconf 87' lang='lat' dir='ltr'><strong>demus,</strong></span> <span class='ocrx_word' id='word_1_491' title='bbox 3795 1235 3861 1289; x_wconf 55' lang='lat' dir='ltr'><strong>is.</strong></span> 
     </span>
    </p>
   </div>
   <div class='ocr_carea' id='block_1_71' title="bbox 2070 1328 3861 1403">
    <p class='ocr_par' dir='ltr' id='par_1_71' title="bbox 2070 1328 3861 1403">
     <span class='ocr_line' id='line_1_71' title="bbox 2070 1328 3861 1403; baseline -0.013 1"><span class='ocrx_word' id='word_1_492' title='bbox 2070 1351 2293 1403; x_wconf 90' lang='lat' dir='ltr'><strong>tendum</strong></span> <span class='ocrx_word' id='word_1_493' title='bbox 2325 1355 2481 1402; x_wconf 91' lang='lat' dir='ltr'><strong>certe</strong></span> <span class='ocrx_word' id='word_1_494' title='bbox 2506 1347 2622 1401; x_wconf 92' lang='lat' dir='ltr'><strong>erit</strong></span> <span class='ocrx_word' id='word_1_495' title='bbox 2678 1346 2737 1399; x_wconf 90' lang='lat' dir='ltr'><strong>in</strong></span> <span class='ocrx_word' id='word_1_496' title='bbox 2785 1340 3165 1398; x_wconf 88' lang='lat' dir='ltr'><strong>undecimo</strong></span> <span class='ocrx_word' id='word_1_497' title='bbox 3208 1350 3299 1391; x_wconf 78' lang='lat' dir='ltr'><strong>ex</strong></span> <span class='ocrx_word' id='word_1_498' title='bbox 3329 1328 3861 1390; x_wconf 81' lang='lat' dir='ltr'><strong>anathematismis,</strong></span> 
     </span>
    </p>
   </div>
   <div class='ocr_carea' id='block_1_72' title="bbox 2070 1418 3865 1505">
    <p class='ocr_par' dir='ltr' id='par_1_72' title="bbox 2070 1418 3865 1505">
     <span class='ocr_line' id='line_1_72' title="bbox 2070 1418 3865 1505; baseline -0.012 -15"><span class='ocrx_word' id='word_1_499' title='bbox 2070 1436 2162 1505; x_wconf 88' lang='lat' dir='ltr'><strong>qui</strong></span> <span class='ocrx_word' id='word_1_500' title='bbox 2190 1437 2244 1489; x_wconf 93' lang='lat' dir='ltr'><strong>in</strong></span> <span class='ocrx_word' id='word_1_501' title='bbox 2279 1435 2579 1490; x_wconf 87' lang='lat' dir='ltr'><strong>collatione</strong></span> <span class='ocrx_word' id='word_1_502' title='bbox 2630 1432 2668 1487; x_wconf 89' lang='lat'>8</span> <span class='ocrx_word' id='word_1_503' title='bbox 2716 1438 3005 1494; x_wconf 75' lang='lat' dir='ltr'><strong>exstant,</strong></span> <span class='ocrx_word' id='word_1_504' title='bbox 3106 1424 3491 1493; x_wconf 80' lang='lat' dir='ltr'><strong>Origenern</strong></span> <span class='ocrx_word' id='word_1_505' title='bbox 3548 1420 3709 1472; x_wconf 87' lang='lat' dir='ltr'><strong>inter</strong></span> <span class='ocrx_word' id='word_1_506' title='bbox 3752 1418 3865 1469; x_wconf 81' lang='lat' dir='ltr'><strong>alios</strong></span> 
     </span>
    </p>
   </div>
   <div class='ocr_carea' id='block_1_73' title="bbox 2073 1509 3862 1582">
    <p class='ocr_par' dir='ltr' id='par_1_73' title="bbox 2073 1509 3862 1582">
     <span class='ocr_line' id='line_1_73' title="bbox 2073 1509 3862 1582; baseline -0.011 0"><span class='ocrx_word' id='word_1_507' title='bbox 2073 1528 2360 1582; x_wconf 81' lang='lat' dir='ltr'><strong>haereticos</strong></span> <span class='ocrx_word' id='word_1_508' title='bbox 2404 1524 2714 1580; x_wconf 86' lang='lat' dir='ltr'><strong>anathema</strong></span> <span class='ocrx_word' id='word_1_509' title='bbox 2764 1535 2915 1576; x_wconf 91' lang='lat' dir='ltr'><strong>esse</strong></span> <span class='ocrx_word' id='word_1_510' title='bbox 2972 1514 3282 1574; x_wconf 81' lang='lat' dir='ltr'><strong>sanciri.</strong></span> <span class='ocrx_word' id='word_1_511' title='bbox 3330 1513 3420 1568; x_wconf 81' lang='lat' dir='ltr'><strong>Et</strong></span> <span class='ocrx_word' id='word_1_512' title='bbox 3482 1511 3549 1567; x_wconf 87' lang='lat' dir='ltr'><strong>in</strong></span> <span class='ocrx_word' id='word_1_513' title='bbox 3590 1509 3862 1566; x_wconf 87' lang='lat' dir='ltr'><strong>collatione</strong></span> 
     </span>
    </p>
   </div>
   <div class='ocr_carea' id='block_1_74' title="bbox 2073 1600 3861 1685">
    <p class='ocr_par' dir='ltr' id='par_1_74' title="bbox 2073 1600 3861 1685">
     <span class='ocr_line' id='line_1_74' title="bbox 2073 1600 3861 1685; baseline -0.012 -14"><span class='ocrx_word' id='word_1_514' title='bbox 2073 1618 2257 1672; x_wconf 89' lang='lat' dir='ltr'><strong>itidem</strong></span> <span class='ocrx_word' id='word_1_515' title='bbox 2284 1618 2479 1685; x_wconf 88' lang='lat' dir='ltr'><strong>quinta</strong></span> <span class='ocrx_word' id='word_1_516' title='bbox 2512 1617 2634 1671; x_wconf 71' lang='lat' dir='ltr'><strong>haec</strong></span> <span class='ocrx_word' id='word_1_517' title='bbox 2669 1614 2970 1681; x_wconf 85' lang='lat' dir='ltr'><strong>leguntur</strong></span> <span class='ocrx_word' id='word_1_518' title='bbox 2995 1608 3229 1663; x_wconf 84' lang='lat' dir='ltr'><strong>verba</strong></span> <span class='ocrx_word' id='word_1_519' title='bbox 3269 1622 3291 1659; x_wconf 90' lang='lat'><strong>:</strong></span> <span class='ocrx_word' id='word_1_520' title='bbox 3339 1624 3363 1657; x_wconf 83' lang='grc'><em>‹</em></span> <span class='ocrx_word' id='word_1_521' title='bbox 3403 1603 3491 1658; x_wconf 83' lang='lat' dir='ltr'><strong>Et</strong></span> <span class='ocrx_word' id='word_1_522' title='bbox 3527 1602 3739 1656; x_wconf 85' lang='lat' dir='ltr'><strong>multos</strong></span> <span class='ocrx_word' id='word_1_523' title='bbox 3763 1600 3861 1667; x_wconf 78' lang='lat' dir='ltr'><strong>qui-</strong></span> 
     </span>
    </p>
   </div>
   <div class='ocr_carea' id='block_1_75' title="bbox 2074 1693 3861 1769">
    <p class='ocr_par' dir='ltr' id='par_1_75' title="bbox 2074 1693 3861 1769">
     <span class='ocr_line' id='line_1_75' title="bbox 2074 1693 3861 1769; baseline -0.011 -8"><span class='ocrx_word' id='word_1_524' title='bbox 2074 1709 2196 1761; x_wconf 91' lang='lat' dir='ltr'><strong>dem</strong></span> <span class='ocrx_word' id='word_1_525' title='bbox 2230 1707 2401 1761; x_wconf 90' lang='lat' dir='ltr'><strong>etiam</strong></span> <span class='ocrx_word' id='word_1_526' title='bbox 2429 1706 2573 1761; x_wconf 90' lang='lat' dir='ltr'><strong>alios</strong></span> <span class='ocrx_word' id='word_1_527' title='bbox 2598 1703 2959 1758; x_wconf 86' lang='lat' dir='ltr'><strong>invenimus</strong></span> <span class='ocrx_word' id='word_1_528' title='bbox 2994 1707 3173 1769; x_wconf 84' lang='lat' dir='ltr'><strong>post</strong></span> <span class='ocrx_word' id='word_1_529' title='bbox 3210 1705 3511 1752; x_wconf 84' lang='lat' dir='ltr'><strong>mortem</strong></span> <span class='ocrx_word' id='word_1_530' title='bbox 3558 1693 3861 1746; x_wconf 77' lang='lat' dir='ltr'><strong>anathema-</strong></span> 
     </span>
    </p>
   </div>
   <div class='ocr_carea' id='block_1_76' title="bbox 2079 1785 3860 1862">
    <p class='ocr_par' dir='ltr' id='par_1_76' title="bbox 2079 1785 3860 1862">
     <span class='ocr_line' id='line_1_76' title="bbox 2079 1785 3860 1862; baseline -0.009 -11"><span class='ocrx_word' id='word_1_531' title='bbox 2079 1798 2274 1852; x_wconf 90' lang='lat' dir='ltr'><strong>tizatos</strong></span> <span class='ocrx_word' id='word_1_532' title='bbox 2302 1818 2313 1851; x_wconf 91' lang='lat'><strong>:</strong></span> <span class='ocrx_word' id='word_1_533' title='bbox 2364 1810 2580 1850; x_wconf 91' lang='lat' dir='ltr'><strong>necnon</strong></span> <span class='ocrx_word' id='word_1_534' title='bbox 2613 1797 2794 1849; x_wconf 89' lang='lat' dir='ltr'><strong>etiam</strong></span> <span class='ocrx_word' id='word_1_535' title='bbox 2835 1785 3281 1862; x_wconf 69' lang='lat' dir='ltr'><strong>Origenem;</strong></span> <span class='ocrx_word' id='word_1_536' title='bbox 3342 1794 3415 1841; x_wconf 87' lang='lat' dir='ltr'><strong>et</strong></span> <span class='ocrx_word' id='word_1_537' title='bbox 3448 1786 3504 1841; x_wconf 88' lang='lat' dir='ltr'><strong>si</strong></span> <span class='ocrx_word' id='word_1_538' title='bbox 3538 1786 3614 1838; x_wconf 88' lang='lat' dir='ltr'><strong>ad</strong></span> <span class='ocrx_word' id='word_1_539' title='bbox 3640 1794 3860 1851; x_wconf 80' lang='lat' dir='ltr'><strong>tempora</strong></span> 
     </span>
    </p>
   </div>
   <div class='ocr_carea' id='block_1_77' title="bbox 2003 1859 3860 1954">
    <p class='ocr_par' dir='ltr' id='par_1_77' title="bbox 2003 1859 3860 1954">
     <span class='ocr_line' id='line_1_77' title="bbox 2003 1859 3860 1954; baseline -0.007 -13"><span class='ocrx_word' id='word_1_540' title='bbox 2003 1859 2048 1919; x_wconf 75' lang='grc' dir='ltr'><strong>Β</strong></span> <span class='ocrx_word' id='word_1_541' title='bbox 2081 1886 2373 1954; x_wconf 90' lang='lat' dir='ltr'><strong>Theophili</strong></span> <span class='ocrx_word' id='word_1_542' title='bbox 2402 1894 2616 1940; x_wconf 73' lang='lat' dir='ltr'><strong>sancta:</strong></span> <span class='ocrx_word' id='word_1_543' title='bbox 2645 1859 3005 1949; x_wconf 56' lang='lat' dir='ltr'><strong>memorias;</strong></span> <span class='ocrx_word' id='word_1_544' title='bbox 3048 1880 3174 1935; x_wconf 70' lang='lat' dir='ltr'><strong>vel</strong></span> <span class='ocrx_word' id='word_1_545' title='bbox 3215 1877 3535 1948; x_wconf 83' lang='lat' dir='ltr'><strong>superius</strong></span> <span class='ocrx_word' id='word_1_546' title='bbox 3576 1875 3769 1946; x_wconf 81' lang='lat' dir='ltr'><strong>aliquis</strong></span> <span class='ocrx_word' id='word_1_547' title='bbox 3789 1892 3860 1928; x_wconf 79' lang='lat' dir='ltr'><strong>re-</strong></span> 
     </span>
    </p>
   </div>
   <div class='ocr_carea' id='block_1_78' title="bbox 2080 1968 3859 2044">
    <p class='ocr_par' dir='ltr' id='par_1_78' title="bbox 2080 1968 3859 2044">
     <span class='ocr_line' id='line_1_78' title="bbox 2080 1968 3859 2044; baseline -0.007 -14"><span class='ocrx_word' id='word_1_548' title='bbox 2080 1977 2333 2042; x_wconf 87' lang='lat' dir='ltr'><strong>currerit,</strong></span> <span class='ocrx_word' id='word_1_549' title='bbox 2378 1986 2501 2044; x_wconf 92' lang='lat' dir='ltr'><strong>post</strong></span> <span class='ocrx_word' id='word_1_550' title='bbox 2547 1984 2799 2029; x_wconf 86' lang='lat' dir='ltr'><strong>mortem</strong></span> <span class='ocrx_word' id='word_1_551' title='bbox 2876 1972 3222 2026; x_wconf 79' lang='lat' dir='ltr'><strong>inveniet</strong></span> <span class='ocrx_word' id='word_1_552' title='bbox 3278 1968 3859 2023; x_wconf 82' lang='lat' dir='ltr'><strong>anathematizatnm.</strong></span> 
     </span>
    </p>
   </div>
   <div class='ocr_carea' id='block_1_79' title="bbox 2079 2056 3862 2133">
    <p class='ocr_par' dir='ltr' id='par_1_79' title="bbox 2079 2056 3862 2133">
     <span class='ocr_line' id='line_1_79' title="bbox 2079 2056 3862 2133; baseline -0.007 -13"><span class='ocrx_word' id='word_1_553' title='bbox 2079 2066 2230 2133; x_wconf 81' lang='lat' dir='ltr'><strong>Quod</strong></span> <span class='ocrx_word' id='word_1_554' title='bbox 2266 2066 2636 2120; x_wconf 86' lang='lat' dir='ltr'><strong>etiam‘nunc</strong></span> <span class='ocrx_word' id='word_1_555' title='bbox 2682 2065 2741 2119; x_wconf 93' lang='lat' dir='ltr'><strong>in</strong></span> <span class='ocrx_word' id='word_1_556' title='bbox 2780 2064 2928 2132; x_wconf 89' lang='lat' dir='ltr'><strong>ipso</strong></span> <span class='ocrx_word' id='word_1_557' title='bbox 2980 2062 3170 2116; x_wconf 78' lang='lat' dir='ltr'><strong>fecit</strong></span> <span class='ocrx_word' id='word_1_558' title='bbox 3223 2069 3298 2115; x_wconf 86' lang='lat' dir='ltr'><strong>et</strong></span> <span class='ocrx_word' id='word_1_559' title='bbox 3333 2066 3553 2112; x_wconf 79' lang='lat' dir='ltr'><strong>vestra</strong></span> <span class='ocrx_word' id='word_1_560' title='bbox 3603 2056 3862 2121; x_wconf 76' lang='lat' dir='ltr'><strong>sanctitas,</strong></span> 
     </span>
    </p>
   </div>
   <div class='ocr_carea' id='block_1_80' title="bbox 2078 2147 3858 2224">
    <p class='ocr_par' dir='ltr' id='par_1_80' title="bbox 2078 2147 3858 2224">
     <span class='ocr_line' id='line_1_80' title="bbox 2078 2147 3858 2224; baseline -0.009 -15"><span class='ocrx_word' id='word_1_561' title='bbox 2078 2167 2132 2209; x_wconf 93' lang='lat' dir='ltr'><strong>et</strong></span> <span class='ocrx_word' id='word_1_562' title='bbox 2157 2154 2387 2224; x_wconf 82' lang='lat' dir='ltr'><strong>Vigilius</strong></span> <span class='ocrx_word' id='word_1_563' title='bbox 2412 2152 2904 2222; x_wconf 88' lang='lat' dir='ltr'><strong>religiosissimus</strong></span> <span class='ocrx_word' id='word_1_564' title='bbox 2942 2164 3145 2220; x_wconf 80' lang='lat' dir='ltr'><strong>papa</strong></span> <span class='ocrx_word' id='word_1_565' title='bbox 3182 2148 3594 2217; x_wconf 85' lang='lat' dir='ltr'><strong>antiquioris</strong></span> <span class='ocrx_word' id='word_1_566' title='bbox 3622 2147 3812 2199; x_wconf 56' lang='lat' dir='ltr'><strong>Bonis.</strong></span> <span class='ocrx_word' id='word_1_567' title='bbox 3844 2162 3858 2193; x_wconf 83' lang='grc' dir='ltr'>ι</span> 
     </span>
    </p>
   </div>
   <div class='ocr_carea' id='block_1_81' title="bbox 2078 2237 3867 2300">
    <p class='ocr_par' dir='ltr' id='par_1_81' title="bbox 2078 2237 3867 2300">
     <span class='ocr_line' id='line_1_81' title="bbox 2078 2237 3867 2300; baseline -0.006 0"><span class='ocrx_word' id='word_1_568' title='bbox 2078 2247 2289 2300; x_wconf 80' lang='lat' dir='ltr'><strong>Asserit</strong></span> <span class='ocrx_word' id='word_1_569' title='bbox 2334 2256 2513 2298; x_wconf 91' lang='lat' dir='ltr'><strong>tamen</strong></span> <span class='ocrx_word' id='word_1_570' title='bbox 2550 2243 2693 2298; x_wconf 91' lang='lat' dir='ltr'><strong>satis</strong></span> <span class='ocrx_word' id='word_1_571' title='bbox 2761 2241 3079 2296; x_wconf 84' lang='lat' dir='ltr'><strong>ﬁdenter</strong></span> <span class='ocrx_word' id='word_1_572' title='bbox 3132 2238 3507 2293; x_wconf 81' lang='lat' dir='ltr'><strong>Hailoxius</strong></span> <span class='ocrx_word' id='word_1_573' title='bbox 3544 2250 3747 2291; x_wconf 88' lang='lat' dir='ltr'><strong>nomen</strong></span> <span class='ocrx_word' id='word_1_574' title='bbox 3768 2237 3867 2290; x_wconf 83' lang='lat' dir='ltr'><strong>Ori-</strong></span> 
     </span>
    </p>
   </div>
   <div class='ocr_carea' id='block_1_82' title="bbox 2080 2330 3862 2404">
    <p class='ocr_par' dir='ltr' id='par_1_82' title="bbox 2080 2330 3862 2404">
     <span class='ocr_line' id='line_1_82' title="bbox 2080 2330 3862 2404; baseline -0.005 -16"><span class='ocrx_word' id='word_1_575' title='bbox 2080 2336 2230 2404; x_wconf 90' lang='lat' dir='ltr'><strong>genis</strong></span> <span class='ocrx_word' id='word_1_576' title='bbox 2256 2336 2306 2387; x_wconf 93' lang='lat' dir='ltr'><strong>in</strong></span> <span class='ocrx_word' id='word_1_577' title='bbox 2340 2333 2500 2387; x_wconf 83' lang='lat' dir='ltr'><strong>allata</strong></span> <span class='ocrx_word' id='word_1_578' title='bbox 2549 2348 2581 2387; x_wconf 91' lang='lat' dir='ltr'><strong>e</strong></span> <span class='ocrx_word' id='word_1_579' title='bbox 2632 2331 3063 2388; x_wconf 80' lang='lat' dir='ltr'><strong>collatione8</strong></span> <span class='ocrx_word' id='word_1_580' title='bbox 3103 2332 3333 2385; x_wconf 81' lang='lat' dir='ltr'><strong>verba</strong></span> <span class='ocrx_word' id='word_1_581' title='bbox 3374 2330 3573 2384; x_wconf 85' lang='lat' dir='ltr'><strong>fuisse</strong></span> <span class='ocrx_word' id='word_1_582' title='bbox 3597 2330 3862 2389; x_wconf 80' lang='lat' dir='ltr'><strong>introsum,</strong></span> 
     </span>
    </p>
   </div>
   <div class='ocr_carea' id='block_1_83' title="bbox 2080 2417 3865 2485">
    <p class='ocr_par' dir='ltr' id='par_1_83' title="bbox 2080 2417 3865 2485">
     <span class='ocr_line' id='line_1_83' title="bbox 2080 2417 3865 2485; baseline -0.004 -7"><span class='ocrx_word' id='word_1_583' title='bbox 2080 2431 2133 2478; x_wconf 89' lang='lat' dir='ltr'><strong>et</strong></span> <span class='ocrx_word' id='word_1_584' title='bbox 2161 2423 2391 2476; x_wconf 88' lang='lat' dir='ltr'><strong>aliorum</strong></span> <span class='ocrx_word' id='word_1_585' title='bbox 2420 2422 2831 2476; x_wconf 63' lang='lat' dir='ltr'><strong>haereticorum</strong></span> <span class='ocrx_word' id='word_1_586' title='bbox 2888 2419 3341 2475; x_wconf 84' lang='lat' dir='ltr'><strong>nominibus</strong></span> <span class='ocrx_word' id='word_1_587' title='bbox 3379 2417 3733 2485; x_wconf 83' lang='lat' dir='ltr'><strong>subjectum,</strong></span> <span class='ocrx_word' id='word_1_588' title='bbox 3758 2432 3865 2471; x_wconf 84' lang='lat' dir='ltr'><strong>cum</strong></span> 
     </span>
    </p>
   </div>
   <div class='ocr_carea' id='block_1_84' title="bbox 2079 2510 3863 2582">
    <p class='ocr_par' dir='ltr' id='par_1_84' title="bbox 2079 2510 3863 2582">
     <span class='ocr_line' id='line_1_84' title="bbox 2079 2510 3863 2582; baseline -0.001 -17"><span class='ocrx_word' id='word_1_589' title='bbox 2079 2514 2260 2582; x_wconf 91' lang='lat' dir='ltr'><strong>priore</strong></span> <span class='ocrx_word' id='word_1_590' title='bbox 2316 2513 2435 2566; x_wconf 90' lang='lat' dir='ltr'><strong>loco</strong></span> <span class='ocrx_word' id='word_1_591' title='bbox 2490 2511 2692 2566; x_wconf 84' lang='lat' dir='ltr'><strong>fuisset</strong></span> <span class='ocrx_word' id='word_1_592' title='bbox 2761 2512 3231 2579; x_wconf 87' lang='lat' dir='ltr'><strong>ponendum.</strong></span> <span class='ocrx_word' id='word_1_593' title='bbox 3309 2510 3511 2577; x_wconf 81' lang='lat' dir='ltr'><strong>Quasi</strong></span> <span class='ocrx_word' id='word_1_594' title='bbox 3553 2526 3672 2565; x_wconf 89' lang='lat' dir='ltr'><strong>non</strong></span> <span class='ocrx_word' id='word_1_595' title='bbox 3724 2511 3863 2563; x_wconf 84' lang='lat' dir='ltr'><strong>etiam</strong></span> 
     </span>
    </p>
   </div>
   <div class='ocr_carea' id='block_1_85' title="bbox 2080 2600 3865 2672">
    <p class='ocr_par' dir='ltr' id='par_1_85' title="bbox 2080 2600 3865 2672">
     <span class='ocr_line' id='line_1_85' title="bbox 2080 2600 3865 2672; baseline -0.002 -15"><span class='ocrx_word' id='word_1_596' title='bbox 2080 2603 2364 2657; x_wconf 87' lang='lat' dir='ltr'><strong>Theodoro</strong></span> <span class='ocrx_word' id='word_1_597' title='bbox 2408 2600 2818 2670; x_wconf 89' lang='lat' dir='ltr'><strong>Mopsuesteno</strong></span> <span class='ocrx_word' id='word_1_598' title='bbox 2860 2600 3225 2672; x_wconf 84' lang='lat' dir='ltr'><strong>Origenis</strong></span> <span class='ocrx_word' id='word_1_599' title='bbox 3266 2617 3509 2658; x_wconf 88' lang='lat' dir='ltr'><strong>nomen</strong></span> <span class='ocrx_word' id='word_1_600' title='bbox 3540 2601 3776 2671; x_wconf 79' lang='lat' dir='ltr'><strong>Cyrinus</strong></span> <span class='ocrx_word' id='word_1_601' title='bbox 3821 2601 3865 2654; x_wconf 83' lang='lat' dir='ltr'><strong>in</strong></span> 
     </span>
    </p>
   </div>
   <div class='ocr_carea' id='block_1_86' title="bbox 2087 2693 3864 2766">
    <p class='ocr_par' dir='ltr' id='par_1_86' title="bbox 2087 2693 3864 2766">
     <span class='ocr_line' id='line_1_86' title="bbox 2087 2693 3864 2766; baseline -0.001 -18"><span class='ocrx_word' id='word_1_602' title='bbox 2087 2695 2202 2749; x_wconf 91' lang='lat' dir='ltr'><strong>loco</strong></span> <span class='ocrx_word' id='word_1_603' title='bbox 2236 2710 2361 2748; x_wconf 81' lang='lat' dir='ltr'><strong>mox</strong></span> <span class='ocrx_word' id='word_1_604' title='bbox 2398 2708 2431 2747; x_wconf 90' lang='lat' dir='ltr'><strong>e</strong></span> <span class='ocrx_word' id='word_1_605' title='bbox 2464 2693 2605 2747; x_wconf 82' lang='lat' dir='ltr'><strong>.Vita</strong></span> <span class='ocrx_word' id='word_1_606' title='bbox 2660 2693 2844 2749; x_wconf 63' lang='lat' dir='ltr'><strong>Saba:</strong></span> <span class='ocrx_word' id='word_1_607' title='bbox 2883 2695 3340 2766; x_wconf 84' lang='lat' dir='ltr'><strong>deprompto</strong></span> <span class='ocrx_word' id='word_1_608' title='bbox 3370 2697 3761 2766; x_wconf 82' lang='lat' dir='ltr'><strong>subjunxerit,</strong></span> <span class='ocrx_word' id='word_1_609' title='bbox 3820 2706 3864 2747; x_wconf 85' lang='lat' dir='ltr'><strong>ut</strong></span> 
     </span>
    </p>
   </div>
   <div class='ocr_carea' id='block_1_87' title="bbox 2079 2780 3864 2853">
    <p class='ocr_par' dir='ltr' id='par_1_87' title="bbox 2079 2780 3864 2853">
     <span class='ocr_line' id='line_1_87' title="bbox 2079 2780 3864 2853; baseline 0 -18"><span class='ocrx_word' id='word_1_610' title='bbox 2079 2784 2233 2852; x_wconf 92' lang='lat' dir='ltr'><strong>plura</strong></span> <span class='ocrx_word' id='word_1_611' title='bbox 2256 2782 2504 2850; x_wconf 77' lang='lat' dir='ltr'><strong>exempla</strong></span> <span class='ocrx_word' id='word_1_612' title='bbox 2540 2780 2757 2836; x_wconf 87' lang='lat' dir='ltr'><strong>referre</strong></span> <span class='ocrx_word' id='word_1_613' title='bbox 2790 2785 3355 2850; x_wconf 78' lang='lat' dir='ltr'><strong>super-sedeam,</strong></span> <span class='ocrx_word' id='word_1_614' title='bbox 3398 2786 3468 2837; x_wconf 92' lang='lat' dir='ltr'><strong>in</strong></span> <span class='ocrx_word' id='word_1_615' title='bbox 3514 2784 3721 2853; x_wconf 89' lang='lat' dir='ltr'><strong>quibus</strong></span> <span class='ocrx_word' id='word_1_616' title='bbox 3742 2782 3864 2835; x_wconf 81' lang='lat' dir='ltr'><strong>nullo</strong></span> 
     </span>
    </p>
   </div>
   <div class='ocr_carea' id='block_1_88' title="bbox 2080 2870 3860 2940">
    <p class='ocr_par' dir='ltr' id='par_1_88' title="bbox 2080 2870 3860 2940">
     <span class='ocr_line' id='line_1_88' title="bbox 2080 2870 3860 2940; baseline -0.001 -14"><span class='ocrx_word' id='word_1_617' title='bbox 2080 2872 2421 2936; x_wconf 91' lang='lat' dir='ltr'><strong>discrimine,</strong></span> <span class='ocrx_word' id='word_1_618' title='bbox 2457 2870 2607 2925; x_wconf 91' lang='lat' dir='ltr'><strong>nulla</strong></span> <span class='ocrx_word' id='word_1_619' title='bbox 2660 2873 2985 2940; x_wconf 86' lang='lat' dir='ltr'><strong>temporis</strong></span> <span class='ocrx_word' id='word_1_620' title='bbox 3056 2874 3322 2929; x_wconf 80' lang='lat' dir='ltr'><strong>habita</strong></span> <span class='ocrx_word' id='word_1_621' title='bbox 3383 2876 3631 2931; x_wconf 84' lang='lat' dir='ltr'><strong>ratione</strong></span> <span class='ocrx_word' id='word_1_622' title='bbox 3672 2876 3860 2929; x_wconf 83' lang='lat' dir='ltr'><strong>nomina</strong></span> 
     </span>
    </p>
   </div>
   <div class='ocr_carea' id='block_1_89' title="bbox 2080 2962 3861 3022">
    <p class='ocr_par' dir='ltr' id='par_1_89' title="bbox 2080 2962 3861 3022">
     <span class='ocr_line' id='line_1_89' title="bbox 2080 2962 3861 3022; baseline 0.001 -5"><span class='ocrx_word' id='word_1_623' title='bbox 2080 2972 2454 3017; x_wconf 89' lang='lat' dir='ltr'><strong>recensentur.</strong></span> <span class='ocrx_word' id='word_1_624' title='bbox 2507 2962 2766 3015; x_wconf 84' lang='lat' dir='ltr'><strong>Alterum</strong></span> <span class='ocrx_word' id='word_1_625' title='bbox 2836 2962 3103 3018; x_wconf 86' lang='lat' dir='ltr'><strong>itidem</strong></span> <span class='ocrx_word' id='word_1_626' title='bbox 3171 2965 3407 3022; x_wconf 87' lang='lat' dir='ltr'><strong>locum</strong></span> <span class='ocrx_word' id='word_1_627' title='bbox 3479 2967 3791 3022; x_wconf 86' lang='lat' dir='ltr'><strong>collationis</strong></span> <span class='ocrx_word' id='word_1_628' title='bbox 3835 2967 3861 3019; x_wconf 83' lang='grc'><strong>5</strong></span> 
     </span>
    </p>
   </div>
   <div class='ocr_carea' id='block_1_90' title="bbox 2081 3053 3864 3130">
    <p class='ocr_par' dir='ltr' id='par_1_90' title="bbox 2081 3053 3864 3130">
     <span class='ocr_line' id='line_1_90' title="bbox 2081 3053 3864 3130; baseline 0.003 -23"><span class='ocrx_word' id='word_1_629' title='bbox 2081 3055 2247 3109; x_wconf 77' lang='lat' dir='ltr'><strong>misse</strong></span> <span class='ocrx_word' id='word_1_630' title='bbox 2275 3053 2599 3123; x_wconf 79' lang='lat' dir='ltr'><strong>conﬁctum,</strong></span> <span class='ocrx_word' id='word_1_631' title='bbox 2650 3062 2713 3107; x_wconf 90' lang='lat' dir='ltr'><strong>ut</strong></span> <span class='ocrx_word' id='word_1_632' title='bbox 2748 3054 2920 3109; x_wconf 82' lang='lat' dir='ltr'><strong>alias</strong></span> <span class='ocrx_word' id='word_1_633' title='bbox 2958 3059 3335 3125; x_wconf 83' lang='lat' dir='ltr'><strong>quasdam</strong></span> <span class='ocrx_word' id='word_1_634' title='bbox 3376 3060 3717 3117; x_wconf 86' lang='lat' dir='ltr'><strong>collationis</strong></span> <span class='ocrx_word' id='word_1_635' title='bbox 3746 3062 3864 3130; x_wconf 80' lang='lat' dir='ltr'><strong>ejus-</strong></span> 
     </span>
    </p>
   </div>
   <div class='ocr_carea' id='block_1_91' title="bbox 2010 3142 3863 3240">
    <p class='ocr_par' dir='ltr' id='par_1_91' title="bbox 2010 3142 3863 3240">
     <span class='ocr_line' id='line_1_91' title="bbox 2010 3142 3863 3240; baseline 0.001 -42"><span class='ocrx_word' id='word_1_636' title='bbox 2010 3179 2053 3240; x_wconf 67' lang='grc' dir='ltr'>Ο</span> <span class='ocrx_word' id='word_1_637' title='bbox 2084 3144 2203 3198; x_wconf 90' lang='lat' dir='ltr'><strong>dem</strong></span> <span class='ocrx_word' id='word_1_638' title='bbox 2235 3151 2440 3212; x_wconf 92' lang='lat' dir='ltr'><strong>partes,</strong></span> <span class='ocrx_word' id='word_1_639' title='bbox 2474 3142 2804 3196; x_wconf 90' lang='lat' dir='ltr'><strong>arbitratur</strong></span> <span class='ocrx_word' id='word_1_640' title='bbox 2849 3144 3276 3215; x_wconf 76' lang='lat' dir='ltr'><strong>llalloxius,</strong></span> <span class='ocrx_word' id='word_1_641' title='bbox 3320 3152 3431 3205; x_wconf 87' lang='lat' dir='ltr'><strong>his</strong></span> <span class='ocrx_word' id='word_1_642' title='bbox 3491 3152 3768 3220; x_wconf 88' lang='lat' dir='ltr'><strong>impulsus</strong></span> <span class='ocrx_word' id='word_1_643' title='bbox 3792 3165 3863 3199; x_wconf 85' lang='lat' dir='ltr'><strong>ar-</strong></span> 
     </span>
    </p>
   </div>
   <div class='ocr_carea' id='block_1_92' title="bbox 2088 3234 3862 3305">
    <p class='ocr_par' dir='ltr' id='par_1_92' title="bbox 2088 3234 3862 3305">
     <span class='ocr_line' id='line_1_92' title="bbox 2088 3234 3862 3305; baseline 0.004 -18"><span class='ocrx_word' id='word_1_644' title='bbox 2088 3234 2387 3305; x_wconf 88' lang='lat' dir='ltr'><strong>gumentis,</strong></span> <span class='ocrx_word' id='word_1_645' title='bbox 2414 3236 2563 3303; x_wconf 87' lang='lat' dir='ltr'><strong>quod</strong></span> <span class='ocrx_word' id='word_1_646' title='bbox 2606 3234 2666 3287; x_wconf 91' lang='lat' dir='ltr'><strong>in</strong></span> <span class='ocrx_word' id='word_1_647' title='bbox 2704 3235 3065 3303; x_wconf 86' lang='lat' dir='ltr'><strong>prioribus</strong></span> <span class='ocrx_word' id='word_1_648' title='bbox 3126 3243 3616 3301; x_wconf 85' lang='lat' dir='ltr'><strong>collationibus</strong></span> <span class='ocrx_word' id='word_1_649' title='bbox 3643 3259 3711 3299; x_wconf 92' lang='lat' dir='ltr'><strong>ne</strong></span> <span class='ocrx_word' id='word_1_650' title='bbox 3759 3258 3862 3296; x_wconf 79' lang='lat' dir='ltr'><strong>ver-</strong></span> 
     </span>
    </p>
   </div>
   <div class='ocr_carea' id='block_1_93' title="bbox 2090 3323 3865 3405">
    <p class='ocr_par' dir='ltr' id='par_1_93' title="bbox 2090 3323 3865 3405">
     <span class='ocr_line' id='line_1_93' title="bbox 2090 3323 3865 3405; baseline 0.002 -25"><span class='ocrx_word' id='word_1_651' title='bbox 2090 3328 2211 3380; x_wconf 81' lang='lat' dir='ltr'><strong>bum</strong></span> <span class='ocrx_word' id='word_1_652' title='bbox 2241 3325 2457 3394; x_wconf 86' lang='lat' dir='ltr'><strong>quidem</strong></span> <span class='ocrx_word' id='word_1_653' title='bbox 2476 3324 2542 3378; x_wconf 88' lang='lat' dir='ltr'><strong>de</strong></span> <span class='ocrx_word' id='word_1_654' title='bbox 2568 3323 2837 3405; x_wconf 83' lang='lat' dir='ltr'><strong>Origene</strong></span> <span class='ocrx_word' id='word_1_655' title='bbox 2872 3327 3161 3386; x_wconf 83' lang='lat' dir='ltr'><strong>factum</strong></span> <span class='ocrx_word' id='word_1_656' title='bbox 3216 3335 3352 3401; x_wconf 88' lang='lat' dir='ltr'><strong>sit;</strong></span> <span class='ocrx_word' id='word_1_657' title='bbox 3394 3345 3461 3391; x_wconf 87' lang='lat' dir='ltr'><strong>et</strong></span> <span class='ocrx_word' id='word_1_658' title='bbox 3501 3338 3561 3391; x_wconf 90' lang='lat' dir='ltr'><strong>in</strong></span> <span class='ocrx_word' id='word_1_659' title='bbox 3597 3337 3865 3391; x_wconf 85' lang='lat' dir='ltr'><strong>constituto</strong></span> 
     </span>
    </p>
   </div>
   <div class='ocr_carea' id='block_1_94' title="bbox 2091 3411 3866 3497">
    <p class='ocr_par' dir='ltr' id='par_1_94' title="bbox 2091 3411 3866 3497">
     <span class='ocr_line' id='line_1_94' title="bbox 2091 3411 3866 3497; baseline 0.008 -29"><span class='ocrx_word' id='word_1_660' title='bbox 2091 3414 2392 3485; x_wconf 77' lang='lat' dir='ltr'><strong>probaverit</strong></span> <span class='ocrx_word' id='word_1_661' title='bbox 2420 3411 2658 3479; x_wconf 83' lang='lat' dir='ltr'><strong>Vigilius</strong></span> <span class='ocrx_word' id='word_1_662' title='bbox 2702 3417 3050 3475; x_wconf 88' lang='lat' dir='ltr'><strong>neminem</strong></span> <span class='ocrx_word' id='word_1_663' title='bbox 3078 3438 3249 3481; x_wconf 88' lang='lat' dir='ltr'><strong>esse</strong></span> <span class='ocrx_word' id='word_1_664' title='bbox 3278 3436 3437 3497; x_wconf 89' lang='lat' dir='ltr'><strong>post</strong></span> <span class='ocrx_word' id='word_1_665' title='bbox 3468 3440 3719 3483; x_wconf 87' lang='lat' dir='ltr'><strong>mortem</strong></span> <span class='ocrx_word' id='word_1_666' title='bbox 3744 3427 3866 3481; x_wconf 81' lang='lat' dir='ltr'><strong>dam-</strong></span> 
     </span>
    </p>
   </div>
   <div class='ocr_carea' id='block_1_95' title="bbox 2092 3503 3868 3589">
    <p class='ocr_par' dir='ltr' id='par_1_95' title="bbox 2092 3503 3868 3589">
     <span class='ocr_line' id='line_1_95' title="bbox 2092 3503 3868 3589; baseline 0.007 -29"><span class='ocrx_word' id='word_1_667' title='bbox 2092 3505 2339 3560; x_wconf 82' lang='lat' dir='ltr'><strong>nandum.</strong></span> <span class='ocrx_word' id='word_1_668' title='bbox 2398 3503 2481 3556; x_wconf 84' lang='lat' dir='ltr'><strong>Ad</strong></span> <span class='ocrx_word' id='word_1_669' title='bbox 2507 3504 2668 3571; x_wconf 90' lang='lat' dir='ltr'><strong>prius</strong></span> <span class='ocrx_word' id='word_1_670' title='bbox 2726 3520 3245 3577; x_wconf 82' lang='lat' dir='ltr'><strong>argumentum</strong></span> <span class='ocrx_word' id='word_1_671' title='bbox 3292 3520 3705 3589; x_wconf 83' lang='lat' dir='ltr'><strong>respondebit</strong></span> <span class='ocrx_word' id='word_1_672' title='bbox 3729 3519 3868 3571; x_wconf 78' lang='lat' dir='ltr'><strong>Baro-</strong></span> 
     </span>
    </p>
   </div>
   <div class='ocr_carea' id='block_1_96' title="bbox 2091 3594 3869 3681">
    <p class='ocr_par' dir='ltr' id='par_1_96' title="bbox 2091 3594 3869 3681">
     <span class='ocr_line' id='line_1_96' title="bbox 2091 3594 3869 3681; baseline 0.007 -31"><span class='ocrx_word' id='word_1_673' title='bbox 2091 3597 2208 3650; x_wconf 92' lang='lat' dir='ltr'><strong>nius</strong></span> <span class='ocrx_word' id='word_1_674' title='bbox 2236 3594 2433 3649; x_wconf 89' lang='lat' dir='ltr'><strong>multas</strong></span> <span class='ocrx_word' id='word_1_675' title='bbox 2467 3595 2539 3647; x_wconf 90' lang='lat' dir='ltr'><strong>ab</strong></span> <span class='ocrx_word' id='word_1_676' title='bbox 2590 3594 2986 3665; x_wconf 86' lang='lat' dir='ltr'><strong>Origenistis</strong></span> <span class='ocrx_word' id='word_1_677' title='bbox 3039 3609 3313 3677; x_wconf 83' lang='lat' dir='ltr'><strong>synodi</strong></span> <span class='ocrx_word' id='word_1_678' title='bbox 3353 3610 3547 3681; x_wconf 86' lang='lat' dir='ltr'><strong>hujus</strong></span> <span class='ocrx_word' id='word_1_679' title='bbox 3600 3610 3869 3680; x_wconf 67' lang='lat' dir='ltr'><strong>particulas</strong></span> 
     </span>
    </p>
   </div>
   <div class='ocr_carea' id='block_1_97' title="bbox 2092 3687 3869 3772">
    <p class='ocr_par' dir='ltr' id='par_1_97' title="bbox 2092 3687 3869 3772">
     <span class='ocr_line' id='line_1_97' title="bbox 2092 3687 3869 3772; baseline 0.006 -30"><span class='ocrx_word' id='word_1_680' title='bbox 2092 3688 2254 3742; x_wconf 89' lang='lat' dir='ltr'><strong>fuisse</strong></span> <span class='ocrx_word' id='word_1_681' title='bbox 2285 3700 2611 3756; x_wconf 88' lang='lat' dir='ltr'><strong>suppressas</strong></span> <span class='ocrx_word' id='word_1_682' title='bbox 2646 3705 2659 3739; x_wconf 95' lang='lat'>:</span> <span class='ocrx_word' id='word_1_683' title='bbox 2691 3687 2981 3747; x_wconf 87' lang='lat' dir='ltr'><strong>alterum</strong></span> <span class='ocrx_word' id='word_1_684' title='bbox 3028 3711 3223 3755; x_wconf 78' lang='lat' dir='ltr'><strong>vero</strong></span> <span class='ocrx_word' id='word_1_685' title='bbox 3271 3701 3402 3756; x_wconf 82' lang='lat' dir='ltr'><strong>hac</strong></span> <span class='ocrx_word' id='word_1_686' title='bbox 3436 3704 3779 3772; x_wconf 76' lang='lat' dir='ltr'><strong>exceptione</strong></span> <span class='ocrx_word' id='word_1_687' title='bbox 3805 3715 3869 3752; x_wconf 81' lang='lat' dir='ltr'><strong>re-</strong></span> 
     </span>
    </p>
   </div>
   <div class='ocr_carea' id='block_1_98' title="bbox 2094 3775 3866 3859">
    <p class='ocr_par' dir='ltr' id='par_1_98' title="bbox 2094 3775 3866 3859">
     <span class='ocr_line' id='line_1_98' title="bbox 2094 3775 3866 3859; baseline 0.007 -27"><span class='ocrx_word' id='word_1_688' title='bbox 2094 3777 2365 3839; x_wconf 88' lang='lat' dir='ltr'><strong>tundetur,</strong></span> <span class='ocrx_word' id='word_1_689' title='bbox 2420 3775 2683 3830; x_wconf 85' lang='lat' dir='ltr'><strong>docuisse</strong></span> <span class='ocrx_word' id='word_1_690' title='bbox 2730 3777 3013 3847; x_wconf 84' lang='lat' dir='ltr'><strong>quidem</strong></span> <span class='ocrx_word' id='word_1_691' title='bbox 3084 3788 3165 3843; x_wconf 87' lang='lat' dir='ltr'><strong>in</strong></span> <span class='ocrx_word' id='word_1_692' title='bbox 3234 3792 3602 3848; x_wconf 79' lang='lat' dir='ltr'><strong>Constituto</strong></span> <span class='ocrx_word' id='word_1_693' title='bbox 3637 3792 3866 3859; x_wconf 75' lang='lat' dir='ltr'><strong>Vigiiium</strong></span> 
     </span>
    </p>
   </div>
   <div class='ocr_carea' id='block_1_99' title="bbox 2093 3866 3868 3952">
    <p class='ocr_par' dir='ltr' id='par_1_99' title="bbox 2093 3866 3868 3952">
     <span class='ocr_line' id='line_1_99' title="bbox 2093 3866 3868 3952; baseline 0.007 -31"><span class='ocrx_word' id='word_1_694' title='bbox 2093 3867 2285 3921; x_wconf 91' lang='lat' dir='ltr'><strong>debere</strong></span> <span class='ocrx_word' id='word_1_695' title='bbox 2307 3866 2581 3919; x_wconf 90' lang='lat' dir='ltr'><strong>neminem</strong></span> <span class='ocrx_word' id='word_1_696' title='bbox 2605 3877 2739 3933; x_wconf 89' lang='lat' dir='ltr'><strong>post</strong></span> <span class='ocrx_word' id='word_1_697' title='bbox 2764 3870 3031 3929; x_wconf 87' lang='lat' dir='ltr'><strong>obitum</strong></span> <span class='ocrx_word' id='word_1_698' title='bbox 3069 3878 3407 3939; x_wconf 84' lang='lat' dir='ltr'><strong>damnari</strong></span> <span class='ocrx_word' id='word_1_699' title='bbox 3434 3904 3450 3952; x_wconf 93' lang='lat'><strong>;</strong></span> <span class='ocrx_word' id='word_1_700' title='bbox 3473 3895 3537 3939; x_wconf 89' lang='lat' dir='ltr'><strong>at</strong></span> <span class='ocrx_word' id='word_1_701' title='bbox 3556 3884 3868 3940; x_wconf 86' lang='lat' dir='ltr'><strong>contrarium</strong></span> 
     </span>
    </p>
   </div>
   <div class='ocr_carea' id='block_1_100' title="bbox 2091 3957 3139 4028">
    <p class='ocr_par' dir='ltr' id='par_1_100' title="bbox 2091 3957 3139 4028">
     <span class='ocr_line' id='line_1_100' title="bbox 2091 3957 3139 4028; baseline 0.009 -15"><span class='ocrx_word' id='word_1_702' title='bbox 2091 3959 2146 4013; x_wconf 83' lang='lat' dir='ltr'><strong>in</strong></span> <span class='ocrx_word' id='word_1_703' title='bbox 2179 3957 2429 4011; x_wconf 84' lang='lat' dir='ltr'><strong>Judicato</strong></span> <span class='ocrx_word' id='word_1_704' title='bbox 2460 3962 2729 4014; x_wconf 89' lang='lat' dir='ltr'><strong>eumdem</strong></span> <span class='ocrx_word' id='word_1_705' title='bbox 2761 3968 3139 4028; x_wconf 78' lang='lat' dir='ltr'><strong>statuisse.</strong></span> 
     </span>
    </p>
   </div>
   <div class='ocr_carea' id='block_1_101' title="bbox 2160 4048 3869 4138">
    <p class='ocr_par' dir='ltr' id='par_1_101' title="bbox 2160 4048 3869 4138">
     <span class='ocr_line' id='line_1_101' title="bbox 2160 4048 3869 4138; baseline 0.011 -37"><span class='ocrx_word' id='word_1_706' title='bbox 2160 4048 2275 4102; x_wconf 82' lang='lat' dir='ltr'><strong>XV.</strong></span> <span class='ocrx_word' id='word_1_707' title='bbox 2310 4048 2465 4103; x_wconf 88' lang='lat' dir='ltr'><strong>Nunc</strong></span> <span class='ocrx_word' id='word_1_708' title='bbox 2508 4051 2785 4117; x_wconf 84' lang='lat' dir='ltr'><strong>quoniam</strong></span> <span class='ocrx_word' id='word_1_709' title='bbox 2838 4056 2924 4111; x_wconf 91' lang='lat' dir='ltr'><strong>de</strong></span> <span class='ocrx_word' id='word_1_710' title='bbox 2964 4058 3296 4132; x_wconf 80' lang='lat' dir='ltr'><strong>Origene</strong></span> <span class='ocrx_word' id='word_1_711' title='bbox 3328 4068 3399 4122; x_wconf 90' lang='lat' dir='ltr'><strong>in</strong></span> <span class='ocrx_word' id='word_1_712' title='bbox 3437 4070 3653 4138; x_wconf 85' lang='lat' dir='ltr'><strong>quinta</strong></span> <span class='ocrx_word' id='word_1_713' title='bbox 3687 4067 3869 4138; x_wconf 83' lang='lat' dir='ltr'><strong>synodo</strong></span> 
     </span>
    </p>
   </div>
   <div class='ocr_carea' id='block_1_102' title="bbox 2092 4138 3870 4228">
    <p class='ocr_par' dir='ltr' id='par_1_102' title="bbox 2092 4138 3870 4228">
     <span class='ocr_line' id='line_1_102' title="bbox 2092 4138 3870 4228; baseline 0.014 -37"><span class='ocrx_word' id='word_1_714' title='bbox 2092 4147 2269 4192; x_wconf 89' lang='lat' dir='ltr'><strong>actum</strong></span> <span class='ocrx_word' id='word_1_715' title='bbox 2297 4138 2465 4192; x_wconf 80' lang='lat' dir='ltr'><strong>fuisse</strong></span> <span class='ocrx_word' id='word_1_716' title='bbox 2503 4150 2765 4205; x_wconf 89' lang='lat' dir='ltr'><strong>constat,</strong></span> <span class='ocrx_word' id='word_1_717' title='bbox 2796 4146 2890 4198; x_wconf 91' lang='lat' dir='ltr'><strong>rei</strong></span> <span class='ocrx_word' id='word_1_718' title='bbox 2925 4160 3158 4216; x_wconf 71' lang='lat' dir='ltr'><strong>gesta:</strong></span> <span class='ocrx_word' id='word_1_719' title='bbox 3194 4159 3457 4213; x_wconf 84' lang='lat' dir='ltr'><strong>seriem</strong></span> <span class='ocrx_word' id='word_1_720' title='bbox 3492 4174 3870 4228; x_wconf 80' lang='lat' dir='ltr'><strong>exsequamur-</strong></span> 
     </span>
    </p>
   </div>
   <div class='ocr_carea' id='block_1_103' title="bbox 2095 4223 3870 4319">
    <p class='ocr_par' dir='ltr' id='par_1_103' title="bbox 2095 4223 3870 4319">
     <span class='ocr_line' id='line_1_103' title="bbox 2095 4223 3870 4319; baseline 0.012 -44"><span class='ocrx_word' id='word_1_721' title='bbox 2095 4224 2299 4279; x_wconf 85' lang='lat' dir='ltr'><strong>Scribit</strong></span> <span class='ocrx_word' id='word_1_722' title='bbox 2328 4223 2602 4293; x_wconf 84' lang='lat' dir='ltr'><strong>Evagrius</strong></span> <span class='ocrx_word' id='word_1_723' title='bbox 2637 4229 2916 4297; x_wconf 81' lang='lat' dir='ltr'><strong>expulsis</strong></span> <span class='ocrx_word' id='word_1_724' title='bbox 2948 4252 2989 4290; x_wconf 89' lang='lat' dir='ltr'><strong>e</strong></span> <span class='ocrx_word' id='word_1_725' title='bbox 3028 4238 3239 4296; x_wconf 82' lang='lat' dir='ltr'><strong>Nova</strong></span> <span class='ocrx_word' id='word_1_726' title='bbox 3281 4245 3511 4301; x_wconf 86' lang='lat' dir='ltr'><strong>Laura</strong></span> <span class='ocrx_word' id='word_1_727' title='bbox 3542 4223 3870 4319; x_wconf 74' lang='lat' dir='ltr'><strong>Origenisns,</strong></span> 
     </span>
    </p>
   </div>
   <div class='ocr_carea' id='block_1_104' title="bbox 2093 4314 3869 4408">
    <p class='ocr_par' dir='ltr' id='par_1_104' title="bbox 2093 4314 3869 4408">
     <span class='ocr_line' id='line_1_104' title="bbox 2093 4314 3869 4408; baseline 0.015 -42"><span class='ocrx_word' id='word_1_728' title='bbox 2093 4328 2213 4367; x_wconf 92' lang='lat' dir='ltr'><strong>cum</strong></span> <span class='ocrx_word' id='word_1_729' title='bbox 2252 4314 2304 4367; x_wconf 92' lang='lat' dir='ltr'><strong>id</strong></span> <span class='ocrx_word' id='word_1_730' title='bbox 2334 4315 2476 4381; x_wconf 84' lang='lat' dir='ltr'><strong>apud</strong></span> <span class='ocrx_word' id='word_1_731' title='bbox 2508 4316 2954 4383; x_wconf 86' lang='lat' dir='ltr'><strong>imperatorem</strong></span> <span class='ocrx_word' id='word_1_732' title='bbox 3001 4328 3284 4387; x_wconf 81' lang='lat' dir='ltr'><strong>factum</strong></span> <span class='ocrx_word' id='word_1_733' title='bbox 3313 4314 3869 4408; x_wconf 44' lang='lat' dir='ltr'><strong>vituperarentne.</strong></span> 
     </span>
    </p>
   </div>
   <div class='ocr_carea' id='block_1_105' title="bbox 2096 4404 3865 4486">
    <p class='ocr_par' dir='ltr' id='par_1_105' title="bbox 2096 4404 3865 4486">
     <span class='ocr_line' id='line_1_105' title="bbox 2096 4404 3865 4486; baseline 0.012 -29"><span class='ocrx_word' id='word_1_734' title='bbox 2096 4404 2262 4457; x_wconf 89' lang='lat' dir='ltr'><strong>dorus</strong></span> <span class='ocrx_word' id='word_1_735' title='bbox 2296 4404 2550 4468; x_wconf 86' lang='lat' dir='ltr'><strong>Ascidas,</strong></span> <span class='ocrx_word' id='word_1_736' title='bbox 2580 4404 3247 4486; x_wconf 67' lang='lat' dir='ltr'><strong>Constantinopolim</strong></span> <span class='ocrx_word' id='word_1_737' title='bbox 3302 4404 3553 4484; x_wconf 52' lang='lat' dir='ltr'><strong>miss—os</strong></span> <span class='ocrx_word' id='word_1_738' title='bbox 3586 4432 3758 4485; x_wconf 79' lang='lat' dir='ltr'><strong>fuisse</strong></span> <span class='ocrx_word' id='word_1_739' title='bbox 3782 4432 3865 4481; x_wconf 78' lang='lat' dir='ltr'><strong>litt-</strong></span> 
     </span>
    </p>
   </div>
   <div class='ocr_carea' id='block_1_106' title="bbox 2019 4492 3866 4594">
    <p class='ocr_par' dir='ltr' id='par_1_106' title="bbox 2019 4492 3866 4594">
     <span class='ocr_line' id='line_1_106' title="bbox 2019 4492 3866 4594; baseline 0.015 -50"><span class='ocrx_word' id='word_1_740' title='bbox 2019 4507 2063 4560; x_wconf 77' lang='grc' dir='ltr'><strong>ι)</strong></span> <span class='ocrx_word' id='word_1_741' title='bbox 2093 4492 2303 4564; x_wconf 88' lang='lat' dir='ltr'><strong>fum,_et</strong></span> <span class='ocrx_word' id='word_1_742' title='bbox 2328 4493 2614 4549; x_wconf 86' lang='lat' dir='ltr'><strong>Cononem</strong></span> <span class='ocrx_word' id='word_1_743' title='bbox 2649 4500 3231 4569; x_wconf 78' lang='lat' dir='ltr'><strong>archimandritas</strong></span> <span class='ocrx_word' id='word_1_744' title='bbox 3260 4556 3282 4581; x_wconf 83' lang='lat'><strong>,</strong></span> <span class='ocrx_word' id='word_1_745' title='bbox 3316 4519 3625 4594; x_wconf 83' lang='lat' dir='ltr'><strong>aliosque</strong></span> <span class='ocrx_word' id='word_1_746' title='bbox 3654 4520 3866 4575; x_wconf 60' lang='lat' dir='ltr'><strong>Palesti-</strong></span> 
     </span>
    </p>
   </div>
   <div class='ocr_carea' id='block_1_107' title="bbox 2094 4582 3868 4681">
    <p class='ocr_par' dir='ltr' id='par_1_107' title="bbox 2094 4582 3868 4681">
     <span class='ocr_line' id='line_1_107' title="bbox 2094 4582 3868 4681; baseline 0.015 -45"><span class='ocrx_word' id='word_1_747' title='bbox 2094 4598 2175 4636; x_wconf 86' lang='lat' dir='ltr'><strong>nae</strong></span> <span class='ocrx_word' id='word_1_748' title='bbox 2222 4582 2519 4681; x_wconf 78' lang='lat' dir='ltr'><strong>monachos</strong></span> <span class='ocrx_word' id='word_1_749' title='bbox 2570 4586 2784 4643; x_wconf 84' lang='lat' dir='ltr'><strong>virtute</strong></span> <span class='ocrx_word' id='word_1_750' title='bbox 2845 4597 3163 4670; x_wconf 84' lang='lat' dir='ltr'><strong>nobiles;</strong></span> <span class='ocrx_word' id='word_1_751' title='bbox 3235 4622 3505 4681; x_wconf 84' lang='lat' dir='ltr'><strong>eosque</strong></span> <span class='ocrx_word' id='word_1_752' title='bbox 3524 4582 3713 4668; x_wconf 71' lang='lat' dir='ltr'><strong>simul</strong></span> <span class='ocrx_word' id='word_1_753' title='bbox 3742 4624 3868 4679; x_wconf 73' lang='lat' dir='ltr'><strong>atque</strong></span> 
     </span>
    </p>
   </div>
   <div class='ocr_carea' id='block_1_108' title="bbox 2094 4669 3869 4771">
    <p class='ocr_par' dir='ltr' id='par_1_108' title="bbox 2094 4669 3869 4771">
     <span class='ocr_line' id='line_1_108' title="bbox 2094 4669 3869 4771; baseline 0.019 -48"><span class='ocrx_word' id='word_1_754' title='bbox 2094 4669 2422 4771; x_wconf 35' lang='lat' dir='ltr'><strong>illuc&#39;delat‘i</strong></span> <span class='ocrx_word' id='word_1_755' title='bbox 2444 4682 2601 4738; x_wconf 89' lang='lat' dir='ltr'><strong>sunt,</strong></span> <span class='ocrx_word' id='word_1_756' title='bbox 2640 4677 2713 4730; x_wconf 85' lang='lat' dir='ltr'><strong>ad</strong></span> <span class='ocrx_word' id='word_1_757' title='bbox 2769 4669 3255 4749; x_wconf 75' lang='lat' dir='ltr'><strong>ventilandam</strong></span> <span class='ocrx_word' id='word_1_758' title='bbox 3304 4669 3643 4771; x_wconf 69' lang='lat' dir='ltr'><strong>Origenis,</strong></span> <span class='ocrx_word' id='word_1_759' title='bbox 3688 4669 3869 4771; x_wconf 70' lang='lat' dir='ltr'><strong>Evagrii</strong></span> 
     </span>
    </p>
   </div>
   <div class='ocr_carea' id='block_1_109' title="bbox 2085 4758 3871 4856">
    <p class='ocr_par' dir='ltr' id='par_1_109' title="bbox 2085 4758 3871 4856">
     <span class='ocr_line' id='line_1_109' title="bbox 2085 4758 3871 4856; baseline 0.015 -47"><span class='ocrx_word' id='word_1_760' title='bbox 2085 4767 2141 4811; x_wconf 90' lang='lat' dir='ltr'><strong>et</strong></span> <span class='ocrx_word' id='word_1_761' title='bbox 2194 4758 2405 4828; x_wconf 88' lang='lat' dir='ltr'><strong>Didymi</strong></span> <span class='ocrx_word' id='word_1_762' title='bbox 2444 4774 2678 4818; x_wconf 90' lang='lat' dir='ltr'><strong>causam</strong></span> <span class='ocrx_word' id='word_1_763' title='bbox 2729 4776 3102 4834; x_wconf 87' lang='lat' dir='ltr'><strong>accessisse</strong></span> <span class='ocrx_word' id='word_1_764' title='bbox 3161 4806 3178 4839; x_wconf 85' lang='lat'><strong>;</strong></span> <span class='ocrx_word' id='word_1_765' title='bbox 3255 4758 3521 4847; x_wconf 63' lang='grc' dir='ltr'><strong>Αερξδει</strong></span> <span class='ocrx_word' id='word_1_766' title='bbox 3563 4758 3871 4856; x_wconf 37' lang='lat' dir='ltr'><strong>“vnn-3,03:</strong></span> 
     </span>
    </p>
   </div>
   <div class='ocr_carea' id='block_1_110' title="bbox 2088 4847 3297 4932">
    <p class='ocr_par' dir='ltr' id='par_1_110' title="bbox 2088 4847 3297 4932">
     <span class='ocr_line' id='line_1_110' title="bbox 2088 4847 3297 4932; baseline 0.027 -32"><span class='ocrx_word' id='word_1_767' title='bbox 2088 4848 2155 4901; x_wconf 93' lang='lat' dir='ltr'><strong>de</strong></span> <span class='ocrx_word' id='word_1_768' title='bbox 2189 4847 2481 4904; x_wconf 88' lang='lat' dir='ltr'><strong>Theodoro</strong></span> <span class='ocrx_word' id='word_1_769' title='bbox 2514 4851 2971 4930; x_wconf 86' lang='lat' dir='ltr'><strong>Mopsuesteno,</strong></span> <span class='ocrx_word' id='word_1_770' title='bbox 3025 4868 3147 4927; x_wconf 85' lang='lat' dir='ltr'><strong>Iba</strong></span> <span class='ocrx_word' id='word_1_771' title='bbox 3225 4889 3297 4932; x_wconf 89' lang='lat' dir='ltr'><strong>et</strong></span> 
     </span>
    </p>
   </div>
   <div class='ocr_carea' id='block_1_111' title="bbox 2095 5394 3868 5484">
    <p class='ocr_par' dir='ltr' id='par_1_111' title="bbox 2095 5394 3868 5484">
     <span class='ocr_line' id='line_1_111' title="bbox 2095 5394 3868 5484; baseline 0.022 -42"><span class='ocrx_word' id='word_1_772' title='bbox 2095 5400 2348 5484; x_wconf 61' lang='lat' dir='ltr'><strong>agentes,</strong></span> <span class='ocrx_word' id='word_1_773' title='bbox 2376 5394 2685 5465; x_wconf 85' lang='lat' dir='ltr'><strong>interfecti,</strong></span> <span class='ocrx_word' id='word_1_774' title='bbox 2731 5402 2832 5455; x_wconf 91' lang='lat' dir='ltr'><strong>sed</strong></span> <span class='ocrx_word' id='word_1_775' title='bbox 2866 5420 3317 5476; x_wconf 85' lang='lat' dir='ltr'><strong>mortuorum</strong></span> <span class='ocrx_word' id='word_1_776' title='bbox 3358 5394 3581 5483; x_wconf 70' lang='lat' dir='ltr'><strong>etiarn</strong></span> <span class='ocrx_word' id='word_1_777' title='bbox 3610 5394 3868 5484; x_wconf 75' lang='lat' dir='ltr'><strong>locuiire-</strong></span> 
     </span>
    </p>
   </div>
   <div class='ocr_carea' id='block_1_112' title="bbox 2099 5475 3869 5584">
    <p class='ocr_par' dir='ltr' id='par_1_112' title="bbox 2099 5475 3869 5584">
     <span class='ocr_line' id='line_1_112' title="bbox 2099 5475 3869 5584; baseline 0.021 -51"><span class='ocrx_word' id='word_1_778' title='bbox 2099 5475 2232 5535; x_wconf 86' lang='lat' dir='ltr'><strong>fossi</strong></span> <span class='ocrx_word' id='word_1_779' title='bbox 2265 5494 2428 5542; x_wconf 89' lang='lat' dir='ltr'><strong>sunt:</strong></span> <span class='ocrx_word' id='word_1_780' title='bbox 2462 5488 2573 5545; x_wconf 90' lang='lat' dir='ltr'><strong>hoc</strong></span> <span class='ocrx_word' id='word_1_781' title='bbox 2592 5492 2798 5547; x_wconf 90' lang='lat' dir='ltr'><strong>dictum</strong></span> <span class='ocrx_word' id='word_1_782' title='bbox 2830 5503 3011 5553; x_wconf 88' lang='lat' dir='ltr'><strong>tanto</strong></span> <span class='ocrx_word' id='word_1_783' title='bbox 3044 5475 3570 5584; x_wconf 43' lang='lat' dir='ltr'><strong>omnium‘,“sed-</strong></span> 
     </span>
    </p>
   </div>
   <div class='ocr_carea' id='block_1_113' title="bbox 2097 5578 3867 5672">
    <p class='ocr_par' dir='ltr' id='par_1_113' title="bbox 2097 5578 3867 5672">
     <span class='ocr_line' id='line_1_113' title="bbox 2097 5578 3867 5672; baseline 0.021 -48"><span class='ocrx_word' id='word_1_784' title='bbox 2097 5578 2410 5672; x_wconf 46' lang='lat' dir='ltr'><strong>praesertim</strong></span> <span class='ocrx_word' id='word_1_785' title='bbox 2442 5583 2713 5654; x_wconf 87' lang='lat' dir='ltr'><strong>applausu</strong></span> <span class='ocrx_word' id='word_1_786' title='bbox 2751 5585 2938 5641; x_wconf 76' lang='lat' dir='ltr'><strong>fuisse</strong></span> <span class='ocrx_word' id='word_1_787' title='bbox 2963 5578 3493 5672; x_wconf 25' lang='lat' dir='ltr'><strong>exceptumput</strong></span> <span class='ocrx_word' id='word_1_788' title='bbox 3523 5627 3666 5665; x_wconf 87' lang='lat' dir='ltr'><strong>eum</strong></span> <span class='ocrx_word' id='word_1_789' title='bbox 3692 5610 3867 5666; x_wconf 65' lang='lat' dir='ltr'><strong>deinde</strong></span> 
     </span>
    </p>
   </div>
   <div class='ocr_carea' id='block_1_114' title="bbox 2103 5667 3865 5766">
    <p class='ocr_par' dir='ltr' id='par_1_114' title="bbox 2103 5667 3865 5766">
     <span class='ocr_line' id='line_1_114' title="bbox 2103 5667 3865 5766; baseline 0.019 -45"><span class='ocrx_word' id='word_1_790' title='bbox 2103 5667 2171 5719; x_wconf 86' lang='lat' dir='ltr'><strong>ad</strong></span> <span class='ocrx_word' id='word_1_791' title='bbox 2189 5668 2863 5748; x_wconf 72' lang='lat' dir='ltr'><strong>ConstantinOpolitanam</strong></span> <span class='ocrx_word' id='word_1_792' title='bbox 2894 5685 3119 5742; x_wconf 80' lang='lat' dir='ltr'><strong>sedem</strong></span> <span class='ocrx_word' id='word_1_793' title='bbox 3147 5667 3440 5766; x_wconf 24' lang='lat' dir='ltr'><strong>“impera</strong></span> <span class='ocrx_word' id='word_1_794' title='bbox 3451 5712 3556 5758; x_wconf 75' lang='lat' dir='ltr'><strong>tor</strong></span> <span class='ocrx_word' id='word_1_795' title='bbox 3578 5704 3865 5758; x_wconf 73' lang='lat' dir='ltr'><strong>extulerit:</strong></span> 
     </span>
    </p>
   </div>
   <div class='ocr_carea' id='block_1_115' title="bbox 2104 5758 3864 5863">
    <p class='ocr_par' dir='ltr' id='par_1_115' title="bbox 2104 5758 3864 5863">
     <span class='ocr_line' id='line_1_115' title="bbox 2104 5758 3864 5863; baseline 0.02 -50"><span class='ocrx_word' id='word_1_796' title='bbox 2104 5758 2175 5816; x_wconf 88' lang='lat' dir='ltr'><strong>de</strong></span> <span class='ocrx_word' id='word_1_797' title='bbox 2208 5762 2511 5849; x_wconf 82' lang='lat' dir='ltr'><strong>Theodoro</strong></span> <span class='ocrx_word' id='word_1_798' title='bbox 2545 5771 2798 5838; x_wconf 90' lang='lat' dir='ltr'><strong>deinceps</strong></span> <span class='ocrx_word' id='word_1_799' title='bbox 2844 5758 3362 5857; x_wconf 73' lang='lat' dir='ltr'><strong>Mopsuesteno,</strong></span> <span class='ocrx_word' id='word_1_800' title='bbox 3402 5793 3613 5863; x_wconf 86' lang='lat' dir='ltr'><strong>deque</strong></span> <span class='ocrx_word' id='word_1_801' title='bbox 3655 5790 3864 5863; x_wconf 69' lang='lat' dir='ltr'><strong>scriptis</strong></span> 
     </span>
    </p>
   </div>
  </div>
