3920 6464
247 429 366 490 H75

1031 420 1577 480 ORIGENIANORUM
1614 419 1735 474 LIB.
1781 417 1840 482 Il‘,
1877 417 2020 472 CAP.
2062 417 2146 482 IV,
2181 419 2364 475 SECT.
2404 420 2466 476 ll.

3203 420 3338 472 ητις

247 541 563 604 Theodoreti,
588 550 770 596 contra
805 539 1073 594 duodecim
1107 537 1330 608 capitula
1352 537 1552 608 Cyrilli,
1595 536 1730 590 etde
1759 539 1802 594 Α
1832 536 2072 588 hortatur
2118 542 2174 586 ut
2225 535 2405 588 deliria
2456 533 2735 602 ejusmodi,
2765 536 2889 601 :una-
2931 549 3046 588 cum
3085 535 3340 606 Origene,

245 636 334 690 Ibat
367 631 576 701 epistola
614 631 680 684 ad
730 629 895 683 Mariti
927 629 1137 682 Persam
1169 628 1330 681 fuisse
1376 627 1725 693 disputatum;

246 723 417 792 quibus
442 719 702 773 damnatis
746 733 863 772 cum
913 717 1162 771 adversus
1218 715 1452 784 Origenis
1490 715 1726 782 dogmata

245 813 496 879 ipsiusque
546 822 815 874 sequaces,
865 807 1174 858 obtulissent
1210 804 1413 857 libellos
1462 802 1724 870 Eulogius,

243 901 430 961 Conon,
456 897 704 965 Cyriacus
741 903 794 947 et
813 893 1112 948 Paucratius
1141 893 1400 954 monachi,
1421 890 1727 944 sententiam

240 987 409 1057 synodi
431 999 644 1052 rogasse
667 982 1038 1044 Justiniauum,
1065 980 1278 1048 prolatis
1307 993 1516 1047 quoque
1533 979 1586 1030 in
1617 990 1728 1030 me-

239 1077 371 1130 dium
402 1071 684 1126 lucubratis
717 1086 751 1122 a
802 1069 986 1136 Vigilio
1019 1069 1084 1122 de
1131 1069 1196 1122 iis
1236 1068 1389 1121 rebus
1429 1065 1639 1128 libellis,
1677 1065 1729 1118 in

237 1162 411 1230 quibus
440 1156 718 1225 Origenem
743 1156 1009 1210 laborasse
1050 1153 1381 1216 ostendebat,
1403 1162 1460 1205 ut
1489 1151 1731 1220 apostoli-

237 1263 308 1302 ca:
340 1245 590 1299 doctrinae
636 1243 989 1298 sinceritatem
1022 1242 1318 1296 Graecorum
1346 1248 1398 1294 et
1420 1239 1731 1294 Manichaeo-

234 1351 342 1391 rum
366 1332 566 1388 deliriis
593 1339 928 1400 aspergeret;
960 1331 1095 1398 quod
1122 1330 1174 1384 in
1205 1343 1268 1383 eo
1292 1329 1447 1382 etiam
1474 1329 1583 1397 jam
1613 1339 1732 1382 ante

231 1417 519 1486 culpaverat
562 1415 885 1472 Justinianus
933 1415 985 1469 in
1016 1415 1238 1482 Epistula
1262 1414 1325 1467 ad
1361 1413 1585 1479 Menam,
1609 1429 1731 1482 ope-

229 1524 333 1564 ram
367 1522 482 1560 eum
519 1507 734 1559 dedisse
774 1505 973 1568 dicens,
1009 1505 1119 1557 Ἵνα
1149 1504 1252 1556 τῶν
1289 1503 1545 1572 Ἑλλήνων
1577 1502 1735 1572 μυθο-

226 1597 414 1666 λογίας,
466 1598 561 1650 καὶ
615 1596 710 1665 τὴν
757 1594 1085 1662 Μανιχαῖκὴν
1141 1593 1296 1646 αὐτοῦ
1352 1593 1552 1661 πλάνην
1588 1595 1732 1644 εἰσα-

225 1689 374 1760 γάγῃ·
435 1705 453 1738 ι
515 1686 596 1741 Ut
650 1685 853 1737 fabulas
902 1679 1223 1746 Graecorum,
1257 1691 1309 1736 et
1357 1681 1733 1734 Manichaicum

225 1793 366 1832 suum
397 1788 640 1828 errorem
669 1773 1020 1826 introduceret
1047 1786 1058 1820 :
1097 1789 1115 1820 ι
1143 1778 1196 1823 et
1224 1770 1274 1823 in
1301 1771 1523 1833 epistola
1549 1770 1615 1824 ad
1642 1785 1732 1839 sy-

1828 627 2046 694 ejusque
2076 627 2406 692 sequacibus,
2458 628 2788 682 anathemate
2831 628 3091 682 obterant.
3133 629 3337 694 Quibus.

1828 716 2058 781 acceptis
2089 715 2295 776 litteris,
2331 715 2513 769 Patres
2539 717 2772 770 unanimi
2813 721 3332 786 consensuparuisse

1832 801 2037 868 subiicit
2057 802 2262 854 demum
2297 801 2578 856 Cedrenus.

1899 888 2034 943 XVI.
2063 889 2140 942 lta
2169 889 2449 959 proﬂigatis
2477 890 2884 959 Origenistarum
2915 897 3090 961 rebus,
3117 897 3334 964 quicun-

1830 993 1932 1047 que
1961 979 2200 1032 factionis
2231 979 2380 1046 hujus
2396 978 2576 1033 aﬂines
2603 993 2755 1035 erant
2787 999 2816 1037 e
2847 985 2996 1039 Sabae
3013 985 3198 1042 Lauris
3213 994 3336 1043 sunt

1833 1065 2018 1134 ejecti,
2041 1066 2091 1118 in
2135 1079 2330 1132 easque
2374 1081 2580 1119 rursum
2623 1069 2894 1124 orthodoxi
2929 1070 3112 1126 Patres
3139 1074 3334 1140 migra-

1831 1163 1971 1208 runt.
1997 1151 2135 1210 Tum
2155 1167 2278 1206 vero
2312 1153 2378 1206 ab
2405 1154 2686 1210 haeresibus
2716 1164 2768 1210 et
2805 1165 3092 1225 temporum
3119 1159 3337 1216 difficul-

1834 1257 1940 1302 tate
1978 1246 2249 1298 Palasstina
2276 1245 2566 1312 respiravit,
2596 1261 2713 1300 cum
2752 1248 3001 1301 adversus
3026 1251 3337 1304 meumenici

1833 1336 2040 1390 concilii
2089 1333 2448 1387 auctoritatem
2499 1333 2744 1401 deinceps
2788 1336 2978 1388 mutire
3009 1337 3092 1389 vix
3121 1339 3339 1392 auderet

1834 1424 2129 1491 quisquam.
2163 1421 2309 1476 Unde
2344 1420 2394 1473 in
2424 1428 2619 1474 tantam
2653 1423 2796 1476 venit
2821 1423 2975 1477 totius
2998 1423 3225 1478 Orientis
3253 1427 3336 1480 in—

1837 1511 2025 1562 vidiam
2076 1508 2315 1577 Origenis
2349 1525 2536 1563 nomen
2579 1525 2641 1563 ac
2694 1511 2952 1574 doctrina,
2985 1521 3042 1564 ut
3084 1513 3341 1580 hodieque

1835 1598 2202 1657 ecclesiasticis
2223 1598 2421 1664 legibus
2456 1600 2588 1664 apud
2621 1597 2830 1653 Graecos
2867 1601 3084 1654 vetitum
3117 1616 3234 1655 esse
3263 1602 3339 1654 fe-

1838 1698 1984 1751 rant,
2006 1704 2070 1742 ne
2090 1689 2209 1756 quis
2237 1704 2390 1755 opera
2414 1689 2877 1755 ipsiusdescribat;
2905 1691 2992 1758 qui
3025 1705 3172 1744 secus
3190 1691 3340 1756 faxit,

1837 1777 1976 1831 hunc
1993 1787 2138 1832 extra
2167 1777 2408 1834 Ecclesia:
2438 1778 2852 1833 communionem
2876 1792 2991 1830 esse
3015 1780 3204 1846 iuberi.
3234 1779 3342 1832 Ma-

230 1866 412 1925 nodum
432 1865 496 1915 de
537 1861 851 1929 Origenistis
889 1860 1106 1928 loquens
1133 1878 1148 1914 :
1175 1861 1288 1912 Ἵνα
1320 1859 1391 1929 μὴ
1425 1859 1616 1921 τέλεον,
1660 1859 1741 1910 ἰη·
1767 1853 1812 1911 Β
1837 1881 1991 1934 gnum
2022 1877 2143 1920 tunc
2175 1876 2286 1919 erat
2319 1867 2367 1918 in
2389 1866 2619 1922 Ecclesia
2647 1865 2938 1920 Cassiodori
2969 1871 3342 1934 nomen,cujus

226 1955 352 2020 quit,
371 1952 456 2005 διὰ
476 1950 571 2019 τῆς
608 1948 910 2018 Ἑλληνικῆς
936 1949 1026 2001 καὶ
1056 1947 1388 2017 Μανιχαῐκῆς
1409 1948 1614 2016 ἀπάτης
1644 1947 1736 1998 αὐ·-

228 2042 327 2096 τῶν
357 2041 573 2102 πολλοὺς
604 2039 946 2092 ἀπολέσωσιν.
980 2058 998 2090 σ
1034 2038 1102 2093 Ut
1127 2054 1227 2092 non
1259 2038 1462 2108 penitus
1487 2052 1578 2106 per
1593 2038 1737 2092 Grae-

227 2133 460 2190 cauicam
514 2141 568 2186 et
621 2129 995 2186 Manichaicam
1053 2143 1199 2182 suam
1243 2129 1474 2181 fraudem
1532 2127 1728 2181 multos

228 2222 474 2292 perdant:
518 2240 536 2274 ι
577 2220 717 2275 unde
749 2218 1030 2288 Origenem
1054 2234 1171 2274 cum
1206 2217 1488 2271 Manichaee
1514 2215 1736 2284 conjun-

227 2312 299 2380 git
330 2309 606 2365 Facundus
639 2309 728 2363 lib.
780 2324 878 2374 xu,
919 2324 1036 2377 cap.
1083 2309 1113 2361 1
1141 2326 1152 2361 :
1187 2326 1204 2358 ι
1237 2309 1315 2364 Ad
1348 2307 1503 2367 hanc,
1546 2307 1736 2373 inquit,

225 2399 630 2454 obstinationem
673 2396 935 2462 pertinere
979 2395 1222 2458 dicimus,
1257 2395 1361 2448 imo
1388 2395 1736 2462 principatum

225 2486 564 2541 ineatenere
613 2481 880 2536 firmamus
909 2480 1023 2535 illas
1070 2481 1226 2534 etiam
1266 2481 1552 2544 doctrinas,
1609 2494 1738 2548 quas

225 2575 438 2642 quidam
469 2587 574 2626 non
598 2570 748 2638 quasi
776 2569 948 2626 minus
974 2567 1307 2636 intelligendo
1338 2567 1640 2636 Scripturas
1665 2569 1739 2623 di.-

221 2667 396 2728 vinas,
423 2663 516 2718 sed
544 2662 623 2717 eis
652 2669 832 2730 aperte
867 2659 1173 2721 resistendo,
1204 2657 1312 2712 sola
1335 2660 1738 2728 prmsumptione

223 2753 448 2823 spiritus
477 2749 842 2815 condiderunt,
871 2748 1008 2802 sicut
1034 2746 1351 2800 Manichmus
1378 2755 1532 2814 atque
1553 2745 1738 2816 Orige-

225 2857 340 2897 nes.
382 2858 404 2894 ι
438 2840 606 2899 Addit,
642 2838 892 2907 Evagrius
928 2845 1068 2905 post
1097 2837 1397 2890 damnatum
1438 2837 1620 2907 synodi
1650 2853 1741 2892 vo-

224 2929 630 2987 ciferationibus
672 2927 972 2997 Origenem,
1005 2927 1268 2994 ipsiusque
1301 2928 1594 2994 partiarios,
1639 2927 1741 2994 pla-

226 3020 399 3076 cuisse
423 3027 483 3074 ut
504 3019 571 3073 de
590 3032 656 3073 eo
677 3019 742 3072 ad
763 3017 1114 3074 Iustinianum
1145 3016 1460 3071 referretur:
1501 3027 1608 3071 tum
1633 3033 1742 3072 ven-

223 3109 290 3163 ba
320 3109 432 3178 ipsa
470 3115 833 3176 reprznsentat,
873 3107 929 3162 in
967 3107 1158 3176 quibus
1198 3106 1452 3176 Origenes
1492 3118 1737 3177 tanquam

222 3199 719 3254 furanathematum
745 3196 948 3266 laqueis
978 3198 1306 3263 constrictus,
1329 3207 1381 3252 et
1411 3207 1562 3252 extra
1589 3212 1738 3253 sacra

222 3287 417 3341 mmnia
449 3285 688 3354 deiectus
711 3299 828 3340 esse
847 3285 1070 3349 dicitur;
1105 3294 1263 3353 atque
1283 3286 1364 3340 his
1395 3288 1594 3354 adjecta
1625 3301 1741 3342 esse

219 3376 294 3431 ait
310 3377 561 3429 damnata
587 3371 996 3442 Origenistarum
1039 3375 1287 3442 capitula,
1322 3377 1458 3430 unde
1485 3375 1636 3431 facile
1664 3376 1741 3430 in-

218 3475 466 3521 notescat
487 3465 542 3518 in
572 3463 765 3531 quibus
787 3463 860 3517 illi
889 3463 1043 3516 simul
1064 3464 1146 3517 vel
1179 3465 1511 3519 consentiant
1535 3467 1612 3521 vel
1634 3467 1740 3520 dis...

219 3555 489 3617 sentiant;
519 3553 762 3621 quintum
793 3565 859 3605 ex
890 3551 952 3606 iis
974 3553 1220 3620 capitulis
1251 3556 1520 3611 continuere
1553 3557 1740 3624 dogma

217 3661 246 3698 a
284 3643 569 3700 monachis
615 3641 921 3708 quibusdam
961 3640 1116 3696 Nova:
1156 3642 1357 3706 Lauraa,
1384 3655 1437 3698 et
1465 3645 1740 3701 Theodoro

215 3735 412 3790 Ascida
442 3742 731 3792 assertum,
774 3731 910 3798 quod
938 3731 1150 3785 Christo
1197 3733 1420 3800 aequales
1448 3735 1648 3788 futuros
1687 3736 1737 3788 in

215 3821 565 3878 restitutione
589 3820 874 3886 apostolos,
917 3830 970 3873 et
998 3831 1254 3888 martyres
1279 3836 1339 3874 ex
1375 3823 1638 3876 miraculis
1674 3827 1739 3878 ab

214 3913 346 3982 ipsis
368 3912 532 3966 editis
558 3909 854 3973 concludit;
895 3909 1228 3977 nefariasque
1258 3909 1482 3980 Didymi,
1533 3911 1736 3980 Evagrii

211 4012 266 4057 et
284 4001 560 4056 Theodori
587 3999 877 4054 sententias
908 3999 1135 4068 reliquas
1156 3999 1428 4068 diligenter
1452 4000 1610 4070 fuisse
1634 4003 1741 4056 col-

212 4090 612 4148 lectas..Habet
644 4089 758 4143 haec
782 4089 961 4144 eadem
994 4088 1339 4157 Nicephorus,
1371 4093 1462 4145 sed
1494 4092 1737 4145 nonnulla

208 4193 470 4250 praeterea
503 4182 571 4235 de
603 4193 704 4233 suo
735 4180 984 4242 adnectit,
1025 4179 1184 4244 velut,
1210 4179 1400 4247 agitata
1424 4181 1531 4234 haec
1557 4195 1739 4234 secun-

209 4273 276 4324 da
299 4273 546 4326 sessione
571 4269 770 4331 fuisse;
798 4269 1027 4322 adnectit
1049 4277 1104 4323 et
1141 4270 1280 4336 ipsos
1307 4270 1490 4339 synodi
1524 4273 1742 4324 anathe-

208 4362 510 4426 matismos,
550 4370 696 4426 quos
721 4355 787 4410 ad
819 4358 1033 4410 verbum
1085 4357 1382 4412 describere
1413 4373 1470 4412 se
1495 4357 1735 4421 aliirmat,

1833 1955 1896 2009 de
1927 1953 2149 2024 Origene
2184 1957 2518 2018 sententiam,
2543 1965 2660 2022 post
2680 1955 2814 2009 latos
2845 1971 2877 2010 a
2906 1955 3342 2026 Constantinopo-

1831 2041 1988 2096 litana
2051 2044 2248 2112 synodo
2302 2044 2353 2096 iu
2406 2060 2522 2097 eum
2575 2045 3040 2098 anathematismos
3080 2043 3340 2097 sciscitari

1832 2145 2004 2200 opera:
2032 2133 2252 2200 pretium
2301 2143 2399 2185 est.
2444 2133 2495 2184 lu
2527 2133 2656 2185 libro
2694 2134 2868 2201 itaque
2899 2133 2971 2185 De
3022 2133 3341 2186 institutione

1833 2221 2120 2273 divinarum
2152 2219 2532 2286 Scriptumrum
2559 2223 2681 2276 talia
2711 2224 2776 2277 de
2803 2237 2866 2276 eo
2903 2222 3119 2286 scribit,
3146 2221 3340 2274 multo-

1833 2325 1948 2363 rum
1984 2311 2148 2376 ipsum
2178 2310 2393 2364 Patrum
2418 2315 2673 2366 sententia
2713 2315 3014 2368 luereticum
3058 2311 3337 2372 declarari,

1833 2409 1886 2452 et
1911 2414 1939 2450 a
1972 2397 2156 2465 Vigilio
2177 2413 2308 2466 papa
2337 2400 2505 2453 denuo
2528 2416 2644 2454 esse
2671 2403 2976 2454 damnatum
2999 2417 3014 2465 ;
3046 2413 3356 2466 nempe-per

1838 2485 2205 2552 Constitutum,
2239 2489 2566 2554 utsuspicari
2597 2489 2738 2554 licet,
2770 2491 2819 2542 in
2842 2506 2956 2543 eam
2991 2504 3100 2543 rem
3140 2489 3340 2556 Specie-

1836 2574 1926 2625 tim
1954 2575 2302 2641 publicatum;
2326 2574 2665 2642 Theophilum
2687 2578 2900 2644 triginta
2930 2579 3158 2644 quinque
3181 2577 3343 2643 ipsius

1835 2673 2043 2714 errores
2070 2661 2426 2729 redarguisse;
2468 2676 2658 2728 magno
2685 2663 2734 2715 in
2766 2679 2884 2716 eum
2917 2665 3096 2716 dolore
3117 2663 3344 2730 Epipha-

1835 2749 1978 2804 nium
2007 2751 2401 2814 succensuisse;
2443 2752 2668 2807 maxime
2708 2751 2761 2805 in
2787 2767 2850 2806 eo
2877 2753 3095 2820 legendo
3122 2755 3344 2819 probam

1835 2841 1955 2893 dam
2006 2841 2259 2907 regulam,
2308 2855 2424 2908 quae
2450 2841 2516 2892 ab
2567 2840 2882 2910 Hieronymo
2920 2844 2973 2895 in
3019 2839 3251 2907 Epistola
3278 2842 3344 2894 ad

1837 2925 2250 2996 Tranquillinum
2279 2928 2541 2998 proposita
2584 2936 2683 2983 est.
2730 2929 3012 2983 Florebant
3038 2929 3177 2982 circa
3210 2928 3346 2980 hanc

1839 3029 2197 3088 tempestatem
2229 3021 2536 3074 Anastasius
2576 3019 2775 3073 Siuaita
2825 3030 2878 3074 et
2907 3019 3138 3074 Joannes
3182 3017 3344 3070 Scho-

1839 3107 2075 3172 lasticus,
2103 3111 2184 3163 cui
2201 3123 2269 3162 ex
2297 3108 2444 3162 titulo
2465 3108 2606 3170 libri,
2627 3106 2778 3160 Scala
2804 3106 3058 3175 paradisi,
3082 3106 3341 3173 inscripti,

1838 3199 2053 3252 Climaci
2099 3207 2500 3266 cognomentum
2561 3195 2842 3250 fecerunt:
2885 3198 3072 3250 horum
3123 3206 3342 3263 uterque

1837 3304 1958 3357 erga
1988 3283 2266 3356 Origenent
2319 3285 2666 3356 Origenisque
2695 3287 2921 3341 asseclas
2955 3285 3091 3340 male
3123 3283 3345 3339 affectus

1836 3378 1954 3432 fuit.
1990 3377 2108 3430 Fuit
2130 3377 2252 3430 illud
2271 3375 2428 3430 etiam
2459 3376 2522 3430 ad
2564 3375 2978 3445 Origenistarum
3011 3373 3344 3428 minuendam

1836 3467 2272 3521 existimationem
2307 3465 2714 3534 per’appositum,
2760 3464 2988 3532 quod-iu
3017 3476 3202 3516 novam
3237 3463 3344 3514 lite-

1837 3556 1994 3609 resim
2044 3556 2185 3621 lapso
2214 3554 2504 3608 Iustiniano
2533 3556 2731 3608 assensi
2777 3563 2898 3608 sunt
2926 3570 2940 3608 :
2971 3552 3234 3606 hatreseos
3254 3566 3344 3602 au-

1840 3656 1941 3699 tem
1972 3645 2112 3699 illius
2159 3646 2382 3714 capitale
2417 3633 2530 3700 hoc
2557 3654 2670 3700 erat
2700 3646 2903 3714 dogma,
2935 3657 3125 3712 corpus
3149 3640 3344 3694 Christi

1837 3734 1959 3786 dum
1979 3735 2198 3802 agitaret
2220 3735 2402 3798 vitam,
2428 3735 2582 3787 nullis
2599 3733 2893 3795 affectibus,
2918 3732 3044 3785 nulli
3061 3729 3345 3786 obnoxium

1836 3824 2156 3890 corruptioni
2180 3823 2343 3876 fuisse
2379 3841 2392 3875 :
2420 3823 2557 3890 quod
2589 3837 2706 3876 cum
2733 3823 2931 3877 calculo
2950 3837 3045 3876 suo
3065 3824 3346 3891 probarent

1836 3911 2160 3978 Origenistaz,
2183 3911 2306 3962 nulli
2327 3926 2428 3963 non
2455 3910 2788 3964 manifestum
2820 3911 2936 3975 fuit,
2978 3927 3132 3979 quam
3169 3926 3344 3979 prom-

1835 4009 1981 4069 ptum
2004 4000 2070 4054 iis
2095 4007 2233 4053 esset
2252 4013 2280 4051 a
2301 3999 2517 4066 probata
2550 4001 2794 4054 Ecclesia:
2818 4000 3055 4054 doctrina
3083 4002 3345 4055 recedere.

1836 4087 1961 4142 Post
1993 4089 2194 4157 aliquot
2225 4102 2392 4142 annos
2428 4087 2660 4156 pontifex
2705 4087 2971 4142 Romanus
3007 4099 3215 4143 creatur
3251 4089 3376 4160 Pe-g

1836 4177 2002 4248 lagius
2021 4177 2300 4239 secundus,
2330 4179 2476 4245 cujus
2514 4181 2577 4232 de
2593 4175 2816 4246 Origene
2841 4178 3183 4246 Origcnisque
3203 4192 3346 4233 secta

1835 4265 2133 4332 opinionem
2166 4264 2415 4332 patefacit
2451 4265 2658 4318 nomine
2681 4265 2843 4332 ipsius
2867 4266 3064 4331 scripta
3099 4281 3128 4316 a
3150 4267 3346 4332 Grego-

1835 4353 1916 4406 rio
1947 4351 2185 4406 Romano
2208 4353 2378 4406 adhuc
2405 4353 2661 4418 diacono,
2700 4354 3026 4421 postmodum
3061 4369 3187 4408 vero
3217 4369 3342 4422 pon-

208 4451 404 4520 quique
441 4451 480 4504 ii
517 4448 630 4517 ipsi
673 4453 815 4510 sunt,
864 4460 995 4512 quos
1025 4445 1259 4514 epistolae
1309 4462 1414 4500 suae
1440 4448 1506 4500 ad
1536 4447 1744 4506 Menam
1770 4443 1813 4498 D
1841 4439 1998 4506 tiﬁce,
2029 4441 2269 4509 epistola.
2318 4441 2405 4493 Sic
2452 4440 2538 4494 ille
2571 4455 2693 4508 ergo
2743 4441 2911 4496 Eliam
2957 4441 3343 4508 Aquileiensem

207 4540 311 4609 iam
339 4551 468 4596 ante
510 4537 852 4594 Justinianus
889 4536 1244 4590 subtexuerat.
1276 4535 1468 4590 Horum
1518 4536 1644 4590 fides
1671 4537 1740 4590 sit

209 4645 367 4698 penes
393 4628 783 4697 Nicephorum,
811 4624 1150 4689 levissimum,
1175 4635 1230 4678 ut
1253 4623 1358 4692 jam
1393 4633 1513 4679 ante
1541 4626 1740 4678 monui-

205 4734 348 4785 mus,
371 4728 429 4774 et
461 4717 678 4772 futilem
701 4711 1018 4768 Graeculum.
1049 4713 1314 4767 Cedrenus
1337 4722 1509 4767 autem
1540 4712 1738 4767 litteras

204 4810 422 4864 exhibet
454 4821 578 4876 quae
631 4820 663 4859 a
704 4801 997 4858 Justiniano
1041 4802 1104 4856 ad
1132 4803 1385 4871 synodum
1412 4810 1592 4856 contra
1619 4801 1738 4856 Ori-

204 4911 393 4966 genem
417 4899 598 4952 missa:
621 4901 780 4954 sunt,
802 4906 1021 4959 quarum
1041 4892 1298 4946 sententia
1329 4892 1440 4946 haec
1465 4901 1578 4945 est:
1603 4908 1735 4946 com-

205 4993 416 5050 pertum
447 4984 650 5037 habere
682 4994 744 5036 se
785 4980 1066 5034 monachos
1093 4993 1208 5034 esse
1237 4978 1594 5048 Jerosolymis,
1649 4982 1735 5049 qui

207 5071 550 5140 Pythagorae,
583 5068 822 5122 Platonis
858 5075 912 5119 et
960 5065 1195 5134 Origenis
1225 5080 1431 5120 errores
1469 5077 1735 5134 tueantur,

209 5175 312 5227 qua
363 5161 431 5215 de
484 5177 548 5215 re
593 5157 938 5227 quarendum
975 5155 1287 5210 decrevisse.
1335 5155 1463 5208 Tum
1499 5160 1742 5225 dogmata.

211 5245 447 5315 ipsorum
486 5247 696 5314 aliquot
745 5252 1016 5306 recenset,
1056 5241 1182 5294 illud
1228 5242 1553 5308 potissimum
1597 5247 1735 5312 quod

213 5331 331 5388 istis
361 5333 593 5388 maxime
614 5332 940 5399 temporibus
967 5329 1268 5384 ventilatum
1293 5329 1654 5386 adnotavimus
1674 5335 1738 5388 de

214 5423 514 5476 animarum
538 5418 894 5490 προϋπάρξει,
923 5420 1057 5474 inter
1076 5432 1205 5484 quas
1227 5419 1396 5470 anima
1419 5417 1529 5474 sola
1546 5418 1737 5474 Christi

223 5522 375 5562 suum
391 5507 632 5562 ordinem
661 5508 870 5560 immota
895 5501 1148 5566 tenuerit;
1167 5503 1302 5569 quod
1324 5518 1387 5555 ex
1410 5503 1720 5572 Pythagora:

224 5606 278 5648 et
304 5595 522 5660 Plotini,
547 5610 610 5648 ac
639 5595 896 5662 pra:cipue
937 5591 1165 5648 Platonis
1195 5593 1630 5646 somniationibus
1675 5596 1740 5648 ab

189 5683 457 5777 ’Origene
481 5683 791 5740 translatum
812 5683 1128 5740 demonstrat
1125 5697 1186 5770 _:
1203 5682 1529 5744 quamobrem
1553 5681 1741 5740 Patres

1835 4530 2163 4598 episcopum,
2189 4530 2424 4598 aliosque
2457 4531 2817 4584 schismaticos
2847 4529 3010 4584 lstriat
3044 4531 3346 4600 episcopos,

1833 4627 1886 4671 et
1937 4619 2035 4672 tria
2081 4627 2468 4687 propugnantes
2517 4618 2743 4686 capitula
2787 4620 3109 4688 alloquitur:
3150 4639 3168 4672 t
3205 4621 3340 4685 Quid

1833 4721 2059 4776 namque
2089 4708 2140 4761 in
2169 4707 2534 4761 hmresiarchis
2569 4707 2796 4776 Origene
2823 4711 3075 4775 deterius,
3120 4720 3181 4765 et
3219 4711 3345 4779 quid

1836 4795 1886 4849 in
1917 4795 2348 4866 historiographis
2371 4797 2588 4850 inveniri
2612 4797 2839 4853 Eusebio
2867 4799 3226 4854 honorabilius
3252 4813 3346 4867 po-

1838 4883 1976 4938 test?
2005 4884 2070 4938 Et
2089 4885 2205 4954 quis
2232 4895 2467 4939 nostrum
2495 4888 2696 4943 nesciat
2735 4889 2788 4941 in
2819 4889 2967 4943 libris
2989 4891 3100 4943 suis
3132 4886 3343 4956 quantis

1841 4973 2114 5042 Origenem
2160 4975 2412 5029 Eusebius
2468 4975 2742 5043 praeconiis
2787 4976 3022 5030 attollat?
3077 4976 3176 5030 Sed
3222 4972 3342 5040 quia

1840 5071 2018 5116 sancta
2047 5062 2278 5118 Ecclesia
2330 5077 2539 5116 suorum
2572 5063 2799 5117 fidelium
2846 5064 3003 5117 corda
3050 5059 3340 5124 benignius,

1839 5166 1993 5219 quam
2026 5150 2180 5204 verba
2211 5151 2516 5207 districtius.
2546 5162 2752 5222 pensat,
2781 5161 2835 5206 et
2869 5151 2986 5218 plus
3007 5150 3054 5200 in
3085 5145 3341 5198 haereticis

1837 5255 2048 5294 sensum
2076 5241 2364 5309 proprium,
2387 5255 2542 5312 quam
2591 5241 2798 5296 testatio
2825 5235 3030 5292 Eusebii
3069 5231 3342 5285 absolvere

1838 5329 2032 5397 potuit;
2060 5343 2156 5383 nec
2174 5345 2380 5384 rursum
2410 5330 2688 5408 Eusebium
2719 5324 2915 5381 laudati
2937 5320 3174 5408 Origenis
3195 5318 3344 5408 culpa

1840 5420 2121 5475 damnavit.
2148 5421 2334 5477 Annon
2364 5428 2418 5474 et
2458 5406 2952 5490 GregoriusoNyssa:
2980 5406 3120 5460 urbis
3141 5407 3348 5472 episco~

1841 5525 1956 5578 pus,
1993 5525 2112 5564 cum
2165 5510 2439 5566 Cantlcum
2485 5510 2812 5566 canticorum
2857 5493 3092 5578 exponit.
3149 5491 3351 5556 magnis

1841 5575 2115 5661 Origenem
2140 5594 2378 5650 laudibus
2405 5589 2657 5663 praefert?
2689 5586 2880 5638 Annon
2932 5588 2988 5631 et
3011 5575 3376 5663 hieronymus.

1844 5695 2031 5742 nostra:
2050 5685 2297 5744 Ecclesiae
2321 5687 2614 5759 presbyter,
2635 5667 2997 5746 etsinaularis
3017 5662 3223 5718 Πεδεωί
3243 5677 3354 5722 ser-
