3920 6428
207 345 322 399 H77

1017 338 1566 398 UtllGENIANOBUM
1603 339 1724 394 LIB.
1759 341 1822 408 ll,
1861 343 2008 405 CAP.
2049 347 2132 412 IV,
2174 349 2358 404 SECT.
2397 349 2462 405 Ῑῐ.

3186 354 3323 410 N78

201 471 291 530 est,
322 459 695 527 Eusebiumque
719 461 882 526 ipsum
914 461 1060 516 nimii
1095 479 1214 532 erga
1250 463 1524 530 Origenem
1549 477 1696 516 amo-
1724 466 1769 522 Α
1797 472 2000 530 natetn,
2032 465 2202 533 ipsum
2234 469 2369 521 haud
2399 482 2555 523 secus
2590 482 2652 522 ac
2678 475 2949 538 parentem
2999 467 3314 522 Arianorum

198 552 264 604 ris
293 548 482 602 acriter
502 550 759 615 coarguit.
779 549 980 604 Saecula
1001 561 1270 620 sequente,
1299 550 1435 618 quod
1453 566 1479 602 a
1497 549 1692 604 Christi

1793 551 2194 606 incessentem?
2234 557 2361 624 quid
2409 557 2691 612 Robertum
2725 557 3016 612 Cursonum
3050 557 3270 626 Anglum
3299 599 3324 622 ,η

199 650 304 694 ortu
350 652 537 692 nonum
587 647 912 703 numeratur,
967 637 1144 692 ﬂoruit
1196 639 1394 708 llaymo
1429 639 1696 692 Albersta-
1787 655 1938 708 quem
1966 642 2235 710 scripsisse
2277 643 2464 698 librum
2501 645 2574 699 De
2613 646 2890 700 salvatione
2941 646 3174 714 Origenis
3234 663 3314 701 re-

196 727 367 781 sensis.
395 726 602 792 Apertis
626 727 709 780 ille
730 727 901 780 verbis
925 727 1199 795 Origenem
1224 728 1442 782 crimine
1472 735 1693 781 conatus

195 827 269 870 est
297 814 578 877 absolvere,
624 828 830 869 errores
857 815 934 869 vcl
983 816 1078 883 ipsi
1107 817 1174 870 ab
1213 817 1474 871 haereticis
1495 815 1694 871 aﬂictos

202 905 268 957 vel
296 904 358 956 ab
379 905 489 970 ipso
517 919 621 956 non
659 919 721 956 ex
759 905 1038 968 sententia,
1067 905 1156 959 sed
1198 920 1262 958 ex
1295 907 1536 973 opinione
1556 921 1693 974 pra-

199 993 378 1060 positos
409 1006 735 1046 asseverans.
776 991 972 1046 Contra
994 1007 1120 1047 vero
1151 993 1366 1048 Photius
1395 991 1696 1048 Constanti-

198 1082 512 1148 n0politanus
550 1082 850 1148 patriarcha
875 1084 1037 1154 ipsius
1067 1086 1282 1155 mqualis
1325 1085 1693 1138 Adamantium

189 1169 461 1227 saevissime
496 1171 769 1236 proscidit.

252 1257 421 1312 XVIII.
470 1257 708 1328 Longum
769 1270 908 1316 esset
967 1263 1285 1332 singulorum
1328 1263 1602 1332 explorare
1643 1271 1696 1317 et

193 1347 375 1401 referre
397 1350 717 1403 sententiam
740 1389 754 1414 ,
791 1351 878 1420 qui
907 1351 1077 1406 obiter
1100 1367 1162 1407 ac
1193 1353 1335 1406 aliud
1369 1362 1587 1420 agentes
1633 1352 1700 1408 de

189 1436 399 1504 Origene
427 1435 785 1506 Origenisque
835 1442 1074 1494 doctrina
1105 1441 1231 1508 quid
1280 1442 1381 1494 sibi
1432 1442 1701 1495 videretur

187 1522 392 1576 strictim
423 1523 727 1582 ediderunt.
747 1527 880 1591 Quid
902 1528 1041 1582 enim
1073 1528 1357 1597 Georgium
1379 1529 1699 1599 Syncellum,

186 1621 232 1666 et
263 1611 674 1679 Theophanem,
737 1615 859 1682 quid
909 1614 1188 1686 Georgium
1237 1618 1552 1682 Cedrenum,
1579 1619 1703 1685 quid

185 1700 668 1770 Theophylactum,
728 1703 856 1770 quid
908 1701 1163 1757 Joannem
1221 1703 1480 1757 Zonaram
1517 1744 1532 1769 ,
1577 1705 1701 1774 quid

1789 725 1892 782 fert
1922 727 2121 784 Balaeus
2143 729 2354 784 Centur.
2395 734 2428 785 3
2473 731 2792 800 Scriptorum
2821 733 3151 791 Britannice?
3195 737 3315 802 quid

1790 818 2120 873 Vincentium
2147 818 2589 886 Bellovacensem,
2634 823 2724 891 qui
2761 822 2966 887 Speculi
3016 825 3317 878 doctrinalia

1797 906 1888 960 lib.
1916 922 2066 971 xvtn,
2097 922 2212 976 cap.
2247 908 2332 973 45,
2367 922 2566 960 summa
2597 912 2840 978 aequitate
2860 913 2924 965 de
2948 912 3173 982 Origene
3203 928 3317 981 pro~

1790 997 2033 1050 nuntiat?
2052 997 2173 1065 quid
2197 997 2507 1051 Wernerum
2526 997 2902 1066 Westphalum,
2924 1001 3012 1071 qui
3042 1014 3316 1071 postquam

1791 1085 1970 1139 laudes
2016 1087 2070 1139 in
2119 1086 2393 1154 Origenem
2429 1087 2735 1152 congessit,
2785 1091 3068 1145 conciliare
3111 1105 3169 1145 se
3213 1106 3315 1145 non

1793 1188 1952 1242 posse
1999 1174 2125 1228 dicit
2157 1184 2509 1243 repugnantes
2537 1183 2587 1228 et
2617 1177 2887 1242 oppositas
2918 1180 2981 1232 de
3011 1180 3213 1233 meritis
3255 1193 3315 1234 ac

1793 1262 2074 1317 virtutibus
2106 1264 2344 1332 Origenis
2374 1264 2702 1318 sententias?
2737 1265 2870 1330 Quid
2903 1267 3076 1321 varios
3101 1279 3315 1336 praster-

1744 1374 1752 1380 -
1795 1364 1854 1404 ea
1891 1350 2156 1405 inferioris
2197 1351 2335 1406 illius
2377 1352 2472 1404 aevi
2523 1352 2794 1407 litereticos
2827 1369 3128 1409 recenseam
3156 1395 3170 1420 ,
3229 1358 3318 1424 qui

1796 1438 2046 1508 pleraque
2076 1441 2241 1508 ipsius
2274 1441 2467 1508 placita
2497 1453 2820 1496 renovarunt
2846 1460 2860 1496 :
2884 1443 3026 1497 velut
3068 1445 3100 1498 ii
3131 1445 3325 1514 quibus

1799 1542 1986 1581 nomen
2019 1527 2116 1580 fuit
2147 1529 2210 1581 de
2241 1527 2432 1581 Barulo
2453 1569 2468 1592 ,
2502 1545 2636 1596 quos
2681 1529 2917 1584 historici
2961 1543 3180 1585 narrant
3207 1533 3325 1585 ani-

1802 1630 2002 1668 marum
2028 1615 2362 1686 προῦπαρξιν
2390 1616 2703 1679 defendisse,
2734 1627 2787 1670 et
2829 1617 3035 1671 beatam
3058 1616 3323 1688 Virginem

1802 1717 1897 1770 pro
1926 1703 2108 1771 angelo
2155 1705 2440 1771 habuisse;
2498 1703 2640 1758 velut
2678 1702 2988 1768 Valdenses,
3026 1708 3113 1774 qui
3144 1722 3324 1762 sacer-

184 1789 482 1845 ldichaelem
511 1790 760 1861 Glycam,
786 1793 910 1860 quid
941 1792 1289 1862 Nicephorum
1317 1793 1518 1847 Callisti
1551 1809 1700 1848 com-
1729 1778 1771 1832 Β
1799 1791 1948 1845 dotes
1978 1793 2207 1859 quandiu
2239 1793 2551 1848 criminibus
2578 1802 2630 1848 et
2662 1793 3075 1867 noxisimpliciti
3098 1796 3322 1862 herent,

181 1897 458 1938 memorem
483 1922 499 1948 ,
545 1899 573 1936 a
623 1885 812 1952 quibus
835 1925 850 1951 ,
879 1895 936 1939 ut
985 1901 1013 1940 a
1042 1895 1149 1940 tota
1181 1887 1290 1940 fere
1341 1886 1698 1941 Grmcnlorum
1796 1880 1995 1934 ordinis
2016 1882 2094 1935 sui
2122 1891 2384 1950 potestate
2413 1883 2488 1936 uti
2539 1899 2644 1938 non
2677 1898 2853 1951 posse,
2883 1892 2939 1938 et
2978 1885 3094 1954 pios
3134 1901 3320 1941 omnes

183 1974 383 2028 natione
409 1975 644 2039 pessime
674 1986 923 2044 exceptus
958 1977 1074 2032 est?
1105 1978 1230 2046 quid
1257 1977 1428 2030 Nilum
1457 1979 1503 2009 “
1536 1978 1701 2033 Thes-

184 2062 584 2130 salonicensem,
615 2065 705 2132 qui
740 2065 871 2119 nihil
911 2065 986 2119 ait
1014 2064 1253 2136 Origeni,
1273 2066 1698 2120 Christianorum

181 2149 295 2204 licet
331 2152 725 2220 sapientissimo
756 2163 810 2208 et
841 2153 1127 2222 Scriptura:
1171 2153 1491 2222 peritissimo
1515 2193 1530 2218 ,
1578 2168 1700 2222 pro-

181 2238 337 2292 fuisse
366 2240 710 2308 sapientiam,
737 2255 841 2309 quo
875 2243 1048 2296 minus
1076 2258 1104 2296 a
1131 2243 1249 2296 fidei
1277 2244 1578 2311 integritate
1611 2243 1700 2297 de-

179 2328 426 2384 scisceret
453 2330 476 2382 ?
505 2329 698 2384 Suidas
722 2330 1130 2401 lexicographus
1158 2347 1252 2398 pro
1285 2347 1431 2387 more
1460 2347 1553 2386 suo
1572 2333 1700 2386 alio-

180 2434 286 2472 rum
312 2419 450 2472 dicta
478 2419 766 2486 compilans
789 2420 980 2488 duplici
1011 2419 1290 2488 Origenem
1328 2421 1542 2476 donavit
1589 2421 1697 2476 elo-

171 2508 270 2578 gio,
301 2523 526 2577 quorum
563 2508 707 2576 prius
739 2523 804 2561 ex
830 2509 1034 2562 Eusebii
1063 2509 1197 2563 libro
1225 2509 1301 2562 De
1348 2511 1524 2578 script.
1573 2509 1695 2564 εδει.

174 2597 279 2650 fere
314 2598 648 2664 decerptum,
676 2597 770 2650 sed
814 2594 1032 2650 confuso
1059 2603 1112 2650 et
1156 2599 1462 2666 perturbato
1491 2599 1697 2662 ordine,

164 2688 359 2756 partim
390 2687 554 2740 etiam
605 2699 670 2738 ex
707 2684 887 2743 Graeca
932 2686 1360 2754 interpretatione
1385 2688 1550 2757 Elogii
1594 2704 1696 2757 quo

165 2779 335 2846 ipsum
363 2775 583 2830 donavit
611 2776 981 2846 Hieronymus,
1009 2776 1230 2831 mirifice
1257 2777 1426 2846 ipsum
1457 2779 1692 2846 extollit;

162 2864 389 2921 alterum
418 2878 547 2919 vero
577 2864 939 2934 depromptum
964 2864 1230 2930 αὑτολεξεὶ
1251 2882 1312 2921 ex
1337 2867 1570 2922 Cedreuo
1591 2869 1697 2923 haz-

171 2969 344 3008 reseos
371 2955 546 3022 ipsum
570 2955 796 3008 crimine
831 2955 1135 3027 compellat.
1169 2957 1695 3012 Animadversionem

171 3059 295 3099 vero
322 3054 562 3098 nostram
599 3045 870 3112 postulat,
907 3047 1046 3115 quod
1093 3061 1188 3116 pro
1231 3046 1457 3116 Origene
1487 3047 1696 3103 Nicetas

165 3133 382 3203 scripsit
414 3133 648 3204 elogium
677 3152 694 3189 :
725 3153 744 3186 ί
781 3133 891 3189 Hoc
923 3145 1120 3200 autem,
1161 3137 1331 3206 inquit
1363 3178 1379 3203 ,
1408 3137 1460 3191 in
1489 3153 1698 3193 summa

168 3225 447 3280 dicendum
479 3233 584 3291 est,
638 3223 922 3294 Origenem
957 3226 1008 3278 in
1057 3227 1285 3296 physicis
1335 3228 1698 3292 theorematis,

168 3327 454 3382 eorumque
489 3312 762 3377 allegoriis
787 3349 802 3375 ,
844 3326 1046 3366 necnon
1080 3314 1132 3366 in
1189 3322 1297 3369 tota
1327 3317 1513 3371 morali
1541 3315 1700 3370 disci-

1723 3087 1764 3142 C

165 3401 302 3469 plina
332 3402 618 3456 doctorum
649 3400 890 3455 omnibus
928 3402 1369 3470 acceptissimum,
1397 3419 1699 3459 accommo-
1737 3409 1746 3420 ‘

163 3490 608 3560 datissimumque
637 3489 822 3559 fuisse,
849 3503 1008 3564 atque
1035 3497 1165 3549 adeo
1198 3509 1316 3548 eum
1340 3535 1358 3560 ,
1403 3497 1490 3565 qui
1526 3496 1698 3551 virtu-

164 3589 265 3634 tem
294 3580 608 3634 actionibus
643 3594 702 3634 se
737 3582 968 3636 maxime
994 3586 1228 3638 omnium
1261 3594 1553 3640 exerceret.
1593 3584 1700 3639 Hu.

162 3668 240 3736 ius
267 3671 415 3724 enim
464 3668 712 3723 exercitii
739 3672 912 3725 studio
940 3673 1101 3725 vitam
1134 3689 1299 3742 usque
1335 3675 1467 3728 adeo
1493 3674 1700 3729 excole-

160 3760 265 3827 bat,
288 3768 561 3828 utpectus
593 3757 731 3826 ejus,
763 3762 1202 3826 quemadmodum
1228 3763 1518 3831 aiunt,pr2e
1539 3764 1699 3817 nimia

160 3851 232 3904 rei
267 3848 652 3918 cujuscunque
686 3848 930 3902 animata:
953 3851 1276 3906 continentia
1299 3861 1352 3906 et
1379 3852 1700 3908 abstinentia

157 3940 438 3994 exciderit.
473 3938 548 3992 At
599 3937 656 3991 in
687 3952 810 3991 vera
859 3939 980 4000 fide,
1016 3939 1184 4008 iisque
1233 3940 1554 4009 disciplinis,
1585 3956 1702 4010 qua;

157 4029 418 4095 majdrem
452 4026 987 4094 contemplationem,
1023 4036 1184 4095 atque
1207 4029 1258 4082 in
1284 4029 1468 4098 primis
1497 4029 1702 4084 theolo-

155 4119 324 4187 gicam
357 4118 679 4187 requirunt,
706 4117 942 4171 omnium
967 4127 1223 4188 quotquot
1247 4119 1392 4173 illum
1423 4134 1704 4188 praecesse-

155 4217 295 4275 runt,
315 4219 371 4264 et
396 4207 576 4263 secuti
607 4213 752 4270 sunt,
782 4207 1218 4263 absurdissimum
1235 4224 1294 4263 se
1310 4210 1612 4278 praestiterit
1636 4227 1650 4263 :
1677 4229 1696 4263 ι

154 4312 266 4366 quae
295 4312 363 4352 ex
415 4293 726 4365 Epiphanio
752 4295 878 4350 har.
908 4310 1030 4348 utv
1050 4333 1066 4360 ,
1097 4311 1214 4365 cap.
1239 4295 1290 4362 5,
1318 4297 1427 4352 fere
1457 4299 1702 4366 decerpta

155 4397 292 4441 sunt.
353 4387 598 4441 Rursum
644 4397 773 4437 vero
823 4384 948 4452 quid
989 4383 1262 4440 Sidonium
1307 4387 1699 4456 Apollinarem,

153 4476 275 4544 quid
306 4475 534 4540 Bedam,
567 4472 702 4542 quid
734 4472 1084 4541 Freculphum
1130 4473 1504 4530 Lexoviensem
1527 4515 1542 4540 ,
1571 4478 1696 4545 quid

153 4565 482 4635 Reginonem
507 4603 523 4628 ,
580 4563 714 4632 quid
746 4560 1103 4616 I-Iermannum
1147 4563 1489 4619 Contractum
1513 4604 1529 4630 ,
1572 4567 1698 4635 quid

153 4655 446 4711 Marianum
485 4655 715 4710 Scotum
736 4691 752 4718 ,
786 4652 909 4720 quid
941 4650 1228 4708 Honorium
1250 4654 1696 4724 Augustodunen-

146 4759 280 4810 sem,
311 4744 445 4815 quid
479 4740 813 4798 Gulielmum
836 4739 1186 4795 Parisiensem
1225 4742 1503 4810 appellem,
1525 4744 1612 4810 qui
1643 4744 1696 4797 in

149 4849 265 4888 eum
301 4850 421 4890 sese
478 4832 758 4902 aequiores
807 4830 1201 4898 praebuerunt?
1242 4832 1366 4899 quid
1416 4830 1694 4886 Martinum

147 4923 406 4977 Polonum
439 4924 532 4991 qui
587 4919 803 4988 magnis
845 4933 964 4971 eum
1008 4921 1197 4974 extulit
1246 4921 1528 4973 laudibus?
1575 4921 1699 4988 quid

149 5014 494 5067 Anastasium
551 5008 1031 5064 Bibliothecarium
1085 5009 1174 5077 qui
1222 5010 1272 5062 in
1308 5010 1573 5062 contraria
1603 5009 1700 5063 fuit

150 5103 438 5166 sententia,
466 5110 524 5154 et
555 5096 878 5167 aSperrimis
901 5095 1070 5163 ipsum
1102 5097 1354 5150 conviciis
1375 5096 1646 5164 perfricuit
1675 5099 1697 5151 i

151 5195 272 5260 quid
304 5191 649 5246 Bernardum
676 5226 694 5252 ,
723 5186 812 5255 qui
852 5187 902 5238 in
933 5201 1173 5240 sermone
1205 5186 1269 5238 de
1305 5185 1480 5238 verbis
1509 5184 1694 5257 Orige-

153 5285 272 5347 nis,
314 5285 461 5336 hunc
515 5281 909 5344 circumspecte
956 5276 1229 5342 legendum
1287 5289 1404 5328 esse
1461 5291 1642 5331 monet
1671 5317 1689 5342 ,

152 5372 287 5436 quod
328 5370 498 5428 multa
554 5365 706 5417 illum
751 5373 934 5417 contra
970 5363 1120 5415 fidem
1161 5359 1436 5426 scripsisse
1482 5374 1696 5416 sancto-

154 5477 268 5513 rum
304 5459 528 5512 Patrum
563 5454 743 5513 tradat
769 5451 1086 5508 auctoritas?
1108 5448 1232 5516 quid
1265 5447 1696 5515 ThomamAqui-

1798 1971 2103 2025 sacerdotes
2153 1987 2271 2026 esse
2327 1971 2672 2026 asserebant?
2711 1969 2879 2026 Unum
2936 1971 3060 2025 illud
3098 1974 3325 2028 monitos

1797 2057 2023 2113 lectores
2071 2058 2224 2114 velim
2251 2099 2267 2126 ,
2303 2060 2542 2128 asperius
2578 2061 2691 2116 fere
2729 2076 2758 2114 a
2804 2061 3002 2115 Graecis
3043 2059 3324 2128 Origenem

1795 2161 1949 2214 quam
1995 2162 2023 2200 a
2051 2146 2250 2201 Latinis
2283 2148 2550 2212 adhiberi,
2597 2152 2744 2216 cujus
2765 2149 2838 2203 rei
2867 2165 3079 2204 causam
3134 2150 3199 2202 ad
3239 2164 3326 2218 sy-

1797 2239 1990 2290 nodum
2025 2239 2261 2305 quintam
2289 2239 2587 2304 referimus,
2627 2255 2743 2308 quae
2769 2255 2886 2295 cum
2914 2240 3193 2310 Origenem
3222 2256 3324 2294 una

1797 2338 1914 2378 cum
1947 2323 2116 2377 tribus
2166 2324 2412 2394 capitulis
2441 2326 2772 2394 damnasset,
2812 2328 2911 2381 tria
2941 2340 3068 2380 vero
3099 2326 3325 2395 capitula

1797 2411 2090 2478 complures
2111 2412 2408 2468 Occidentis
2444 2417 2676 2486 episcopi
2719 2418 2969 2470 adversus
3020 2416 3200 2486 synodi
3233 2429 3326 2468 au-

1795 2503 2087 2556 ctoritatem
2142 2505 2272 2557 tueri
2305 2505 2676 2570 instituissent,
2719 2507 2838 2560 hinc
2889 2507 3066 2560 tuendi
3119 2522 3327 2576 quoque

1794 2592 2034 2662 Origenis
2075 2592 2310 2663 profecta
2362 2596 2502 2664 apud
2549 2595 2693 2664 ipsos
2728 2596 2932 2649 videtur
2959 2611 3077 2650 esse
3106 2611 3329 2652 consue-

1798 2683 1943 2737 tudo.
2559 2685 2566 2692 ’

1862 2773 2003 2830 ΧΙΧ.
2043 2774 2190 2829 Piam
2241 2775 2483 2828 feminam
2513 2773 2845 2828 Mechtildem
2867 2774 3128 2829 decimum
3159 2789 3324 2842 quar-

1795 2870 1905 2915 tum
1937 2863 2179 2917 saeculum
2224 2863 2361 2917 tulit.
2395 2860 2558 2931 Hujus
2583 2872 2702 2917 ante
2724 2878 2893 2917 annos
2941 2862 3139 2931 aliquot
3165 2863 3215 2916 in
3239 2865 3320 2916 lu-

1793 2965 1908 3006 cem
1949 2953 2140 3006 emissa
2170 2952 2286 3006 Vita
2323 2961 2444 3017 est,
2475 2953 2526 3005 in
2578 2968 2680 3022 qua
2726 2953 2922 3006 editum
2956 2953 3054 3021 ipsi
3079 2951 3328 3009 divinitus

1797 3042 2070 3096 oraculum
2104 3043 2363 3110 quoddam
2391 3053 2567 3096 nostra
2599 3042 2964 3098 observatione
2985 3043 3200 3113 dignum
3237 3059 3324 3098 re-

1797 3127 1984 3182 fertur.
2019 3129 2238 3184 Ccelitus
2267 3130 2458 3200 quippe
2490 3130 2652 3185 Deum
2705 3131 2800 3199 ipsi
2850 3133 3120 3185 nuntiasse
3151 3141 3329 3186 narrat

1803 3217 1938 3273 Vita;
1973 3219 2128 3289 hujus
2161 3220 2407 3289 scriptor,
2450 3221 2702 3290 quidquid
2739 3221 2981 3275 Samsoni
3009 3261 3024 3287 ,
3060 3219 3327 3276 Salomoni

1797 3320 1850 3364 et.
1886 3309 2096 3378 Origeni
2121 3313 2470 3365 condonatum
2499 3299 2634 3366 avse
2672 3320 2725 3366 et
2782 3311 3038 3365 indultum
3069 3320 3172 3376 est,
3197 3325 3327 3365 con-

1797 3401 1934 3456 sulto
1959 3403 2199 3458 homines
2227 3404 2446 3469 celasse,
2475 3413 2529 3456 ut
2563 3404 2638 3458 rei
2664 3401 2825 3473 hujus
2850 3404 3179 3472 ignoratione
3205 3419 3328 3472 per-

1797 3494 2059 3550 terrefacti
2102 3496 2428 3561 doctissimi,
2473 3497 2866 3565 prudentissimi
2934 3506 2992 3550 et
3051 3495 3326 3550 fortissimi

1797 3584 2015 3652 quique,
2055 3598 2337 3653 perparum
2364 3586 2429 3639 de
2457 3599 2535 3646 se.
2563 3585 2739 3639 omnia
2769 3598 2895 3639 vero
2921 3585 2986 3639 de
3017 3584 3122 3639 Deo
3148 3598 3330 3653 spera-

1799 3687 1855 3727 re
1880 3673 2102 3726 discant.
2129 3673 2508 3728 Celebrabatur
2529 3674 2630 3730 hoc
2660 3675 2773 3744 ipso
2817 3683 3051 3743 tempore
3098 3674 3329 3728 Bernar-

1798 3764 1894 3818 dus
1921 3762 2110 3831 Guido,
2143 3780 2170 3816 a
2204 3778 2310 3832 quo
2346 3771 2692 3820 recensentur
2741 3765 3044 3835 Origeniani
3094 3779 3324 3830 errores,

1796 3859 1850 3906 et
1871 3852 1923 3904 in
1970 3853 2171 3922 synodo
2198 3853 2380 3921 quinta
2411 3869 2514 3907 una
2543 3870 2660 3908 cum
2696 3865 2911 3909 auctore
2947 3854 3179 3908 damnati
3209 3868 3326 3906 esse

1799 3946 2178 3992 memorantur.
2232 3937 2504 3994 Posterior
2570 3941 2658 3994 illo
2708 3941 3079 3995 Bartolomaaus
3127 3940 3325 3994 Platina

1797 4027 2046 4096 praeclare
2070 4029 2176 4097 egit
2204 4043 2325 4082 cum
2348 4027 2593 4097 Origene,
2630 4037 2683 4083 et
2709 4031 2913 4098 magnis
2943 4043 3061 4083 eum
3086 4026 3325 4082 laudibus

1797 4119 2094 4172 exornavit.
2122 4117 2350 4172 Maxima
2375 4133 2499 4172 vero
2523 4117 2622 4172 fuit
2647 4118 2888 4187 sequenti
2916 4127 3072 4170 atate
3108 4116 3325 4172 Joannis

1797 4205 1907 4260 Pici
1968 4205 2318 4277 Mirandulani
2345 4207 2586 4269 comitis,
2621 4207 2675 4260 in
2721 4221 2779 4260 re
2828 4205 3085 4259 litteraria
3113 4205 3228 4260 laus
3272 4215 3325 4259 et

1799 4295 2096 4361 celebritas,
2126 4307 2184 4350 ut
2213 4311 2385 4366 neque
2431 4297 2744 4352 nobiliorem
2772 4335 2790 4363 ,
2838 4309 3008 4362 neque
3037 4295 3324 4349 doctiorem

1729 4390 1773 4446 ι)
1801 4394 2076 4454 patronum
2119 4385 2219 4440 sibi
2242 4386 2493 4454 Origenes
2520 4395 2702 4454 optare
2724 4383 2972 4453 potuerit.
3011 4382 3152 4436 Inter
3196 4398 3325 4436 non-

1800 4483 1988 4543 gentas
2007 4487 2131 4542 ergo
2167 4473 2554 4545 conclusiones,
2581 4487 2712 4542 quas
2740 4472 2988 4524 universo
3011 4469 3126 4524 orbi
3151 4469 3326 4539 dispu-

1802 4563 1990 4617 tandas
2029 4564 2341 4632 proposuit,
2378 4563 2602 4632 insignis
2635 4563 2747 4616 haec
2783 4570 2936 4616 erat:
2969 4578 2988 4611 ι
3020 4559 3325 4613 Rationabi-

1799 4651 1900 4705 lius
1926 4662 2010 4706 est
2034 4653 2248 4707 credere
2291 4652 2566 4721 Origenem
2596 4665 2716 4706 esse
2741 4649 2944 4705 salvum
2969 4687 2985 4712 ,
3026 4663 3182 4718 quam
3211 4662 3324 4702 cre-

1802 4740 1927 4795 dere
1950 4742 2120 4810 ipsum
2149 4755 2267 4796 esse
2299 4743 2622 4796 damnatum.
2683 4759 2701 4792 »
2754 4739 2832 4794 Ex
2872 4740 3072 4809 ingenti
3106 4738 3192 4790 illa
3228 4751 3322 4799 po-

1801 4831 2048 4886 sitionum
2085 4842 2230 4887 strue
2277 4830 2524 4886 tredecim
2565 4829 2836 4884 asteriscis
2877 4829 3142 4899 signatas,
3172 4823 3319 4892 (ιυθεὶ

1798 4919 1917 4973 fidei
1968 4919 2281 4974 Christianae
2325 4920 2642 4986 contrarias,
2677 4919 2784 4974 Pici
2839 4917 3011 4973 remuli
3042 4917 3318 4969 damnave.

1795 5018 1957 5075 runt,
1987 5011 2038 5064 in
2087 5010 2280 5080 quibus
2329 5024 2391 5064 ea
2429 5017 2543 5064 erat
2587 5023 2703 5077 quae
2737 5009 2802 5062 ad
2835 5008 3051 5063 salutem
3083 4998 3318 5068 Origenis

1796 5101 2042 5168 pertinet.
2070 5099 2376 5169 Apologiam
2403 5115 2497 5168 pro
2530 5114 2584 5154 se
2614 5114 2815 5168 suaque
2847 5095 3083 5151 doctrina
3107 5087 3317 5156 scripsit

1799 5189 2124 5245 clarissimus
2163 5193 2402 5260 princeps
2429 5231 2444 5254 ,
2476 5199 2529 5245 et
2557 5190 2777 5243 tutando
2817 5180 3128 5242 Adamantio
3161 5190 3316 5246 pecu-

1797 5279 1930 5334 liare
1971 5292 2131 5350 caput
2160 5282 2371 5336 dicavit.
2409 5280 2622 5350 Septem
2655 5280 2780 5333 illud
2805 5281 3010 5332 constat
3054 5265 3315 5334 articulis,

1799 5385 1930 5437 quos
1958 5371 2160 5426 referre
2186 5373 2314 5427 utile
2337 5381 2458 5426 est:
2496 5387 2515 5422 ι
2548 5372 2599 5424 In
2638 5369 2806 5438 primo
2836 5362 3058 5420 videtur,
3104 5371 3169 5409 an
3199 5355 3315 5410 Ori-

1801 5474 1961 5526 genes
1995 5476 2219 5530 unquam
2267 5461 2568 5518 htereticam
2595 5458 2660 5513 de
2683 5455 2836 5509 rebus
2861 5446 2982 5502 fidei
3015 5444 3314 5514 opinionem
