3920 6468
460 427 593 483 H79

1681 416 1738 471 Ρ.
1781 415 2084 471 DANlELlS
2121 415 2388 503 HUETII.‘

3658 388 3799 447 “80

460 538 729 606 scripserit
762 542 814 588 et
838 523 1150 598 crediderit;
1175 532 1227 586 in
1259 531 1510 594 secundo,
1542 529 1665 583 dato
1691 531 1828 599 quod
1850 533 1981 584 scri-
2006 536 2057 594 Α
2083 533 2146 587 ab
2192 527 2439 584 Ecclesia
2481 523 2758 593 legitime
2799 521 3224 584 congrcgrata
3279 507 3665 606 damnatum;
3702 517 3800 605 nec

461 628 642 697 pserit,
672 639 736 677 an
778 623 1090 692 dogmatice,
1119 622 1200 674 vel
1232 622 1525 686 adhaasive,
1572 621 1652 676 vel
1683 621 1982 689 inquisitive

460 725 656 780 tantum
698 713 999 780 scripserit;
1050 711 1102 766 in
1141 711 1321 768 tertio.
1369 710 1490 765 dato
1533 711 1669 779 quod
1702 710 1980 776 adhaesive,

458 821 524 860 an
551 805 722 857 taliter
754 803 1041 867 adhmsive,
1074 802 1212 870 quod
1247 800 1332 854 ille
1359 800 1638 855 scribendo
1688 801 1984 854 mortaliter

457 893 788 964 peccaverit,
844 902 896 946 et
931 892 1214 946 barreticus
1268 890 1369 944 dici
1420 890 1622 958 possit;
1674 891 1726 943 in
1758 899 1984 958 quarto,

459 983 583 1038 dato
603 982 739 1050 quod
771 981 1064 1050 scripserit,
1090 989 1145 1035 et
1172 980 1346 1039 taliter
1370 979 1660 1048 scripserit,
1693 981 1831 1049 quod
1855 979 1986 1033 scri-

457 1073 630 1128 bendo
649 1071 934 1143 erraverit,
961 1086 1025 1124 an
1053 1086 1146 1139 pro
1178 1069 1367 1124 talibus
1388 1084 1617 1141 unquam
1639 1069 1981 1137 paenituerit;

461 1163 514 1216 in
555 1162 737 1231 quinto
758 1201 773 1226 ,
807 1162 928 1215 dato
954 1163 1091 1236 quod
1123 1160 1187 1216 de
1213 1159 1328 1228 ejus
1372 1174 1470 1214 nec
1513 1159 1843 1228 pauitantia,
1890 1173 1986 1212 nec

461 1253 848 1321 imptrnitentia
883 1257 1126 1315 constet,
1170 1265 1236 1304 an
1285 1250 1354 1303 sit
1403 1249 1771 1303 rationabilius
1815 1247 1984 1315 ipsum

461 1341 680 1400 credere
703 1355 818 1394 esse
844 1338 1172 1401 damnatum,
1208 1352 1273 1390 an
1298 1336 1497 1390 salvum
1520 1351 1545 1400 ;,
1567 1337 1618 1388 in
1657 1344 1828 1398 sexto,
1861 1334 1987 1411 quid

462 1443 527 1484 ex
557 1429 713 1483 dictis
745 1429 1075 1482 decretorum
1115 1425 1450 1494 iudicandum
1477 1425 1547 1480 sit
1567 1425 1857 1479 Ecclesiam
1897 1425 1988 1478 de-

463 1519 774 1572 terminasse
800 1519 863 1571 de
888 1517 1138 1586 Origene;
1166 1516 1218 1568 in
1270 1515 1493 1582 septimo
1515 1551 1530 1577 ,
1565 1522 1820 1580 quantum
1849 1513 1986 1567 obli-

463 1615 550 1679 get
594 1606 646 1659 in
696 1607 794 1659 ista
823 1607 1040 1660 materia
1068 1605 1435 1659 credulitatem
1471 1616 1704 1658 nostram
1737 1606 1988 1658 determi-

463 1695 610 1749 natio
649 1694 914 1750 Ecclesiae.
955 1714 974 1747 ι
1003 1696 1220 1749 Diversa
1248 1696 1397 1750 fuere
1427 1698 1493 1748 de
1526 1697 1609 1749 his
1636 1695 1988 1753 conclusioni-

463 1783 598 1846 bus,
635 1792 689 1836 et
717 1783 1046 1852 apologetico
1090 1784 1358 1837 hominum
1391 1783 1587 1851 judicia
1609 1823 1623 1846 ,
1651 1783 1781 1839 adeo
1824 1791 1879 1834 ut
1907 1781 1988 1834 vi-

2078 632 2159 677 est
2183 620 2528 682 hmreticum,
2568 627 2771 679 neque
2802 611 2866 663 in
2916 607 3039 660 (ide
3099 608 3488 669 suspectum.
3548 615 3568 647 ι
3620 593 3799 647 Tertia

2078 719 2159 765 est
2182 706 2599 778 hujusmodizc
2655 696 3088 755 Probabiliter
3139 690 3457 745 affirmans
3509 687 3799 778 Origenem

2079 775 2466 854 Adamantium
2521 790 2813 847 Leonidis
2857 783 3161 857 martyris
3222 781 3419 832 lilium
3475 791 3593 830 non
3646 775 3802 830 fuisse

2082 899 2358 944 auctorem
2395 885 2654 940 omnium
2719 879 2978 934 illorum
3041 873 3465 944 pessimorum
3499 875 3802 920 erratorum

2083 993 2200 1048 qua:
2229 977 2335 1032 sibi
2385 976 2818 1043 imponuntur,
2889 980 3018 1019 non
3079 963 3359 1048 derogat,
3402 954 3802 1048 ecclesiasticis

2083 1044 2479 1129 sanctionibus,
2500 1076 2688 1130 neque
2716 1054 3145 1117 summorumﬁ
3158 1047 3526 1120 pontificum
3557 1044 3801 1108 decretis,

2083 1172 2260 1225 neque
2309 1163 2640 1208 sanctorum
2707 1149 2967 1202 Patrum
3029 1139 3466 1209 dogmatibus.
3540 1153 3584 1225 ι⁸

2084 1222 2383 1298 Ιιὶεννετὺίε
2432 1244 2712 1305 concepta
2765 1245 2862 1287 est
2919 1251 2935 1286 :
3006 1249 3032 1281 ι
3078 1228 3394 1281 Asserere
3451 1222 3806 1292 probabiliter

2085 1333 2310 1385 alteram
2343 1331 2580 1383 istarum
2607 1323 3114 1396 propositionum
3159 1335 3176 1371 :
3219 1315 3526 1384 Origenes
3549 1311 3807 1366 Adaman-

2089 1419 2193 1473 tius
2214 1416 2474 1470 Leonidis
2509 1414 2785 1482 martyris
2825 1411 2997 1462 ﬁlius
3041 1420 3170 1458 non
3213 1413 3338 1463 est,
3381 1416 3498 1455 nec
3562 1400 3667 1453 fuit
3715 1403 3806 1454 h2-

2086 1508 2289 1560 reticus
2329 1523 2341 1558 :
2389 1504 2662 1571 Origenes
2732 1496 3167 1553 Adamantius
3221 1491 3524 1549 Leonidis
3568 1491 3808 1560 martyris

2089 1596 2232 1649 ﬁlius
2266 1605 2351 1648 est
2396 1593 2483 1646 vel
2533 1592 2640 1645 fuit
2703 1588 3052 1645 hmreticus
3090 1625 3114 1650 ,
3176 1598 3306 1636 non
3352 1591 3454 1634 est
3485 1581 3804 1638 haereticum.

2089 1684 2349 1738 haeresim
2402 1682 2628 1747 sapiens
2655 1719 2671 1743 ,
2707 1693 2818 1732 nec
2871 1687 3276 1736 erroneum,
3315 1687 3353 1723 a
3389 1669 3510 1723 ﬁde
3568 1678 3664 1723 aut
3705 1671 3805 1724 lidei

2087 1775 2290 1843 pietate
2316 1772 2580 1824 alienum.
2609 1786 2630 1820 ›
2660 1766 2883 1832 Quinta
2918 1763 3081 1817 talis
3116 1769 3223 1815 est
3251 1774 3269 1813 :
3308 1775 3334 1810 ε
3377 1759 3667 1813 Asserens
3691 1759 3807 1813 hanc

466 1876 636 1930 tandm
659 1846 938 1931 multortim
964 1871 1259 1936 oll'ensioni,
1312 1846 1426 1925 nea
1455 1887 1714 1943 quoquam
1746 1870 1982 1938 legeren-
2015 1846 2057 1898 Β
2093 1863 2174 1917 vel
2214 1862 2362 1916 illam
2393 1869 2605 1929 partem
2645 1855 3090 1926 probabiliter,
3153 1865 3478 1920 seponere
3509 1850 3674 1904 debet
3707 1864 3806 1943 οωῖ

465 1971 552 2016 tur
580 1963 692 2023 ista:
715 1963 1078 2020 conclusiones
1128 1963 1340 2019 decreto
1373 1962 1608 2015 sanxerit
1654 1958 1988 2014 innocentius

462 2049 574 2104 Vill
605 2051 837 2119 pontifex
869 2052 1162 2116 maximus;
1195 2049 1395 2104 salvam
1422 2058 1600 2102 tamen
1640 2063 1703 2102 ac
1730 2050 1988 2120 integram

462 2140 574 2196 Pici
602 2141 1050 2194 existimationem
1094 2153 1211 2191 esse
1251 2137 1496 2193 voluerit.
1525 2137 1689 2203 Hujus
1718 2150 1989 2192 successor

462 2229 761 2284 Alexander
792 2228 875 2292 Vl,
907 2243 1044 2281 anno
1096 2228 1231 2280 1495
1258 2265 1273 2290 ,
1303 2227 1364 2280 18
1390 2225 1529 2279 Junii
1559 2229 1715 2281 breve
1743 2226 1990 2294 apostoli-

463 2332 583 2371 cum
610 2317 875 2392 adPicum
907 2318 1070 2381 dedit,
1118 2317 1257 2384 quod
1291 2325 1370 2369 est
1404 2315 1698 2382 hujusmodi
1727 2356 1742 2381 ,
1795 2326 1852 2370 ut
1895 2330 1991 2383 pro

462 2406 701 2475 apologia
729 2407 898 2474 ipsum
929 2406 1102 2458 valere
1130 2404 1332 2472 possit,
1369 2405 1500 2458 adeo
1549 2419 1733 2462 severa
1763 2414 1815 2459 et
1840 2405 1991 2474 gravi

463 2495 703 2550 oratione
725 2494 862 2548 omni
889 2493 1068 2546 Picum
1099 2493 1359 2547 hmreseos
1389 2501 1442 2548 et
1467 2495 1666 2549 erroris
1693 2496 1993 2562 suspicione

465 2583 668 2638 liberat.
704 2584 834 2636 Aliis
861 2593 986 2651 puto
1030 2584 1137 2636 Pici
1188 2585 1524 2652 exemplum,
1576 2595 1633 2640 ut
1660 2587 1834 2639 simile
1890 2600 1986 2654 pro

464 2671 694 2742 Origene
729 2673 1004 2734 auderent,
1043 2673 1258 2732 stimulo
1295 2672 1410 2726 fuit.
1447 2674 1798 2738 Quamobrem
1832 2675 1994 2729 Joan-

466 2776 561 2825 nes
606 2761 892 2816 Nauclerus
931 2762 1279 2832 Tubingensis
1307 2764 1620 2832 praepositus
1675 2765 1898 2832 insignia
1939 2767 1991 2819 in

463 2849 719 2906 Chronico
763 2851 978 2921 Origeni
1036 2852 1202 2921 elogia
1253 2852 1590 2920 conscripsit.
1644 2851 1821 2906 Multis
1874 2866 1994 2906 eum

466 2955 674 3010 quoque
700 2941 1086 2996 concelebravit
1133 2941 1377 2994 laudibus
1427 2939 1656 2995 Joannes
1687 2939 1996 2998 Trittemius

466 3030 628 3084 abbas
650 3028 1060 3096 Spanhemensis
1084 3070 1101 3098 ,
1131 3031 1183 3084 in
1214 3030 1306 3084 lib.
1343 3030 1416 3083 De
1444 3032 1623 3097 script.
1652 3031 1857 3097 eccles.,
1900 3047 1997 3087 nec

2090 1967 2212 2007 nem
2247 1950 2638 2020 pertinaciam,
2669 1957 2731 2001 et
2784 1946 2902 2001 sub
2972 1943 3375 1998 conditione
3428 1955 3696 2010 expressa
3741 1937 3806 1994 rd

2089 2043 2250 2094 tacita
2303 2039 2576 2092 aliirmare
2615 2036 2864 2090 alteram
2911 2047 2930 2085 :
3001 2032 3314 2101 alioquin
3380 2033 3704 2100 periculoso
3740 2033 3808 2085 di-

2088 2129 2329 2186 scrimini
2353 2143 2476 2182 sese
2508 2127 2940 2181 committeret.
2991 2142 3014 2176 ι
3053 2123 3271 2177 Sexta
3302 2125 3390 2176 ita
3418 2138 3688 2192 expressa
3705 2131 3809 2177 est:

2095 2239 2115 2272 ‹
2155 2219 2414 2286 Quamvis
2462 2218 2745 2286 praedictae
2784 2215 3294 2284 propositiones
3357 2231 3482 2268 non
3526 2215 3729 2282 possint
3756 2215 3809 2266 si-

2090 2310 2201 2364 mul
2233 2316 2381 2363 stare
2412 2309 2467 2362 in
2500 2307 2761 2369 veritate,
2796 2316 2862 2360 et
2921 2321 3220 2362 necesse
3296 2306 3383 2361 sit
3443 2306 3681 2359 alteram
3713 2320 3812 2360 esse

2091 2414 2303 2464 veram;
2331 2407 2439 2453 stat
2472 2408 2655 2452 tamen
2677 2397 2954 2466 aliquem
2995 2407 3279 2468 partem
3320 2414 3532 2452 veram
3567 2399 3811 2452 aﬂirman-

2091 2498 2199 2544 tem
2225 2505 2332 2544 non
2361 2503 2484 2544 esse
2525 2489 2991 2544 schismaticum
3021 2527 3041 2552 ,
3092 2504 3229 2544 nec
3268 2488 3359 2543 de
3414 2489 3715 2544 schismate
3737 2503 3810 2542 suo

2091 2589 2356 2648 spectum.
2401 2597 2421 2630 ι
2458 2579 2712 2649 Septima
2744 2579 3010 2633 demum
3045 2580 3162 2634 his
3220 2581 3452 2635 verbis
3482 2579 3809 2634 absolvitur:

2097 2689 2116 2722 ι
2150 2669 2476 2724 Christianae
2504 2669 2696 2738 pietati
2750 2671 3260 2729 conducibilius
3296 2679 3402 2726 est
3430 2711 3447 2737 ,
3480 2681 3668 2727 stante
3712 2669 3806 2733 tali,

2096 2767 2352 2828 tanthue
2387 2759 2579 2823 dubio,
2611 2773 2741 2813 cum
2777 2759 3040 2815 veritas
3092 2761 3166 2815 in
3212 2772 3411 2832 parte
3436 2762 3658 2816 occulta
3685 2769 3809 2815 estet

2093 2863 2292 2917 anceps
2319 2888 2335 2913 ,
2370 2863 2469 2903 nec
2500 2863 2600 2918 per
2650 2848 3008 2904 Ecclesiam
3084 2861 3214 2906 aut
3275 2853 3629 2922 pontiﬁcem
3658 2859 3809 2921 aperte

2094 2937 2348 3003 deﬁnita,
2383 2939 2450 2992 de
2491 2937 2755 3008 Origenis
2803 2941 3128 2996 doctrina
3169 2953 3244 2998 et
3301 2953 3560 2999 auctore
3601 2945 3808 3014 ejusdem

2095 3028 2148 3081 in
2177 3026 2416 3082 favorem
2446 3028 2590 3084 bene
2637 3043 2853 3097 sapere
2892 3040 2964 3086 et
3009 3033 3506 3103 dogmatizare,
3543 3047 3810 3105 quampar-

467 3132 675 3174 errores
705 3127 876 3177 tamen
903 3118 1068 3188 ipsius
1098 3119 1468 3186 dissimulavit,
1499 3122 1567 3176 ab
1601 3121 1773 3190 iisque
1801 3122 1844 3177 si
1868 3121 1999 3176 alie-
2023 3163 2066 3219 α
2097 3132 2309 3187 peram;
2332 3125 2386 3172 et
2411 3117 2464 3171 in
2496 3120 2988 3176 commendando
3036 3137 3122 3177 ex
3135 3127 3412 3192 cedere,
3438 3142 3611 3195 quam
3651 3125 3810 3178 delice-

469 3222 595 3262 num
615 3221 731 3262 esse
758 3207 890 3262 velle
916 3209 1185 3277 professus
1211 3217 1310 3264 est.

539 3293 656 3350 XX.
696 3293 850 3350 Initio
877 3297 1165 3366 superioris
1202 3297 1378 3352 szeculi
1407 3313 1620 3367 sparsas
1644 3300 1695 3352 in
1719 3299 2001 3356 Bibliothe-

470 3381 550 3437 els
573 3381 1012 3450 Origenianarum
1040 3385 1385 3451 scriptionum
1427 3385 1680 3453 reliquias
1732 3387 1999 3457 colligere,

471 3477 524 3523 et
545 3470 596 3522 in
624 3470 887 3538 publicam
923 3471 1090 3524 lucem
1125 3473 1252 3526 dare
1281 3473 1484 3548 primus
1509 3475 1742 3533 instituit
1769 3475 2000 3531 Jacobus

472 3555 720 3611 Merlinus
770 3557 1154 3612 Victurniensis
1179 3597 1195 3624 ,
1226 3560 1494 3629 theologus
1521 3603 1536 3626 ,
1603 3563 1892 3618 canonicus
1950 3576 2003 3619 et

471 3644 892 3715 pcenitentiarius
925 3646 1261 3703 Parisiensis.
1300 3647 1454 3715 Operi
1511 3650 1807 3718 Apologiam
1855 3653 2004 3707 addi-

472 3733 552 3788 dit
582 3749 673 3802 pro
719 3732 958 3802 Origene,
1001 3735 1053 3788 in
1087 3750 1189 3803 qua
1222 3737 1286 3790 de
1317 3735 1523 3791 Gelasio
1548 3777 1564 3805 ,
1613 3747 1667 3792 et
1703 3739 1805 3792 lata
1849 3743 1915 3794 ab
1941 3756 2003 3797 eo

472 3820 529 3876 in
563 3820 786 3901 concilio
813 3821 1056 3878 Romano
1090 3825 1373 3892 sententia,
1423 3833 1532 3879 tum
1561 3835 1615 3881 et
1643 3828 1706 3882 de
1743 3828 2004 3901 Hierony—

471 3926 562 3968 mo
594 3896 697 3966 non
725 3914 855 3968 satis
882 3915 1167 3983 prudenter
1190 3916 1399 3972 locutus
1422 3925 1524 3982 est,
1562 3932 1660 3972 nec
1687 3927 1744 3972 ut
1765 3896 2004 3976 Catholi-

471 4015 594 4058 cum
621 4015 684 4055 ac
712 4003 854 4070 pium
883 4003 1078 4067 virum,
1103 4005 1295 4060 nedum
1331 4006 1627 4075 theologum
1664 4009 2004 4075 decuit,al‘ia-

471 4103 577 4160 que
607 4091 797 4160 adjecit
824 4092 1008 4156 multa,
1037 4109 1154 4162 quae
1180 4095 1383 4150 Massaei
1409 4095 1813 4152 Cameracensis
1838 4099 1998 4153 scho-

473 4179 539 4236 lat
562 4189 669 4234 tum
695 4183 915 4236 rectoris
937 4222 951 4246 ,
988 4192 1040 4236 et
1083 4183 1282 4239 Natalis
1315 4186 1464 4238 Beda:
1500 4184 1761 4239 facultatis
1805 4187 2005 4243 theolo—

475 4269 605 4338 gica:
630 4270 838 4338 syudici
867 4273 1377 4336 expostulationibus
1420 4281 1655 4341 patuere.
1701 4273 1833 4327 Cum
1880 4274 2003 4330 Ori-

477 4357 624 4426 genis
661 4373 787 4426 ergo
816 4359 914 4427 ipsi
946 4359 1322 4429 aﬂingerentur
1352 4376 1592 4424 errores,
1615 4362 1795 4416 multis
1820 4378 1884 4417 ac
1914 4365 2000 4419 diu

477 4457 566 4498 res
593 4445 646 4498 in
674 4461 915 4514 supremo
949 4459 1158 4513 senatu,
1188 4459 1241 4505 et
1265 4451 1406 4505 inter
1432 4450 1699 4506 Parisinos
1732 4453 2004 4524 theologos
2033 4463 2079 4519 ι)

478 4542 814 4589 controversa
844 4552 906 4592 ac
921 4539 1186 4608 disputata
1211 4549 1311 4595 est.
1342 4540 1494 4595 Certe
1515 4556 1651 4594 anno
1683 4541 1836 4605 l522,
1868 4543 2004 4611 Apo-

480 4617 630 4687 logia:
674 4635 780 4674 suae
831 4625 1124 4692 apologiam
1167 4636 1448 4696 pertexere
1491 4643 1770 4682 necessum
1823 4630 2007 4686 habuit

479 4707 750 4764 Merlinus.
780 4711 933 4766 Manu
977 4719 1173 4784 scripta
1203 4717 1288 4771 illa
1335 4729 1574 4772 servatur
1607 4719 1667 4771 in-
1694 4719 2003 4789 theologica:

481 4797 746 4853 facultatis
779 4800 1120 4868 Bibliotheca,
1156 4807 1372 4876 ejusque
1401 4808 1527 4861 mihi
1551 4823 1707 4862 usura
1752 4824 2004 4865 concessa

479 4895 581 4943 cst.
609 4887 775 4952 Quam
808 4905 902 4942 cur
938 4892 990 4944 in
1018 4893 1186 4948 lucem
1216 4913 1318 4950 non
1351 4898 1587 4952 emiserit
1625 4909 1830 4963 auctor,
1859 4902 2006 4970 equi-

478 4977 598 5032 dem
629 4979 826 5032 nescio.
867 4978 1056 5036 Tribus
1081 4983 1168 5036 illa
1193 4985 1343 5040 libris
1368 4988 1692 5042 continetur.
1723 4989 1874 5042 Prior
1910 5006 2005 5058 pro

477 5067 705 5139 Origene
762 5068 1104 5139 Origenisque
1152 5075 1391 5129 doctrina
1455 5086 1689 5147 pugnat,
1722 5086 1776 5131 et
1803 5089 2002 5147 septem

479 5157 911 5214 conclusionibus
932 5158 1238 5226 absolvitur,
1270 5179 1494 5232 quarum
1524 5165 1696 5234 prima
1728 5165 1840 5219 haec
1879 5175 2000 5221 est:

486 5265 508 5301 ι
538 5248 654 5304 Non
670 5259 752 5304 est
767 5259 969 5304 certum
994 5258 1047 5305 et
1075 5252 1309 5316 evidens,
1341 5268 1438 5308 nec
1463 5255 1833 5319 indubitatum,
1863 5269 2005 5308 cou-

483 5336 662 5393 cilium
712 5338 922 5408 aliquod
975 5339 1252 5397 damnasse
1299 5342 1578 5412 Origenem
1633 5344 2004 5400 Adamantium

485 5423 726 5481 Leonidis
763 5428 1014 5499 martyris
1041 5429 1226 5496 ﬁlium,
1255 5438 1507 5500 tanquam
1552 5433 1856 5488 haereticum
1905 5447 2001 5488 no-

485 5514 678 5567 torium
711 5526 765 5571 et
791 5519 1079 5584 publicum.
1119 5539 1139 5572 ι
1171 5521 1349 5574 Altera
1390 5521 1465 5574 ita
1494 5535 1553 5575 se
1581 5522 1739 5575 habet
1790 5541 1802 5575 :
1849 5539 1870 5573 ς
1903 5524 2004 5577 Do-

489 5601 772 5664 gmatizare
803 5604 1079 5676 Origenem
1093 5610 1462 5664 Adamantium
1483 5608 1729 5666 Leonidis
1753 5612 2004 5680 martyris

491 5683 656 5742 tilium
683 5705 798 5761 onon
827 5693 990 5753 tuisse
1014 5700 1278 5758 uotorium
1305 5707 1358 5757 et
1388 5699 1654 5781 publicum
1698 5699 2003 5760 haereticum

2100 3219 2159 3259 re
2199 3219 2227 3257 a
2276 3206 2432 3260 laude
2478 3207 2584 3260 sibi
2635 3208 2833 3263 debita
2876 3229 2891 3264 :
2934 3217 3339 3280 priesertim
3406 3219 3458 3271 si
3502 3217 3556 3270 iu
3613 3217 3814 3269 alterum

2098 3295 2281 3349 venire
2307 3303 2576 3364 oporteat.
2612 3313 2633 3348 ι
2671 3297 3019 3357 Secundus
3079 3305 3264 3361 liber
3325 3323 3547 3362 novem
3600 3307 3812 3377 proposi-

2103 3383 2272 3436 tiones
2323 3397 2389 3437 ex
2444 3383 2710 3454 Apologia
2768 3386 3034 3446 M‘erlini
3103 3397 3196 3451 ab
3274 3398 3477 3466 ipsius
3519 3396 3815 3451 adversariis

2101 3481 2382 3542 excerptas
2407 3481 2462 3526 et
2494 3477 2894 3543 reprehensas
2937 3484 3292 3543 defendit.
3339 3489 3582 3546 Tertius
3597 3489 3819 3560 Origenis

2102 3563 2272 3618 Vitam
2305 3571 2358 3616 et
2383 3562 2570 3632 Elogia
2603 3580 2675 3620 ex
2707 3567 3016 3637 Eusebio,
3067 3575 3506 3652 Hieronymo,
3584 3581 3819 3636 Nauclero

2100 3662 2152 3707 et
2183 3652 2466 3707 Trittemio
2492 3655 2782 3722 depromit
2811 3677 2828 3715 :
2867 3665 3133 3731 quibus
3185 3672 3482 3742 subjecta
3511 3685 3598 3728 est
3628 3688 3817 3742 respouo

2101 3742 2180 3795 sio
2211 3742 2278 3794 ad
2329 3742 2580 3813 Dialogos
2631 3745 2899 3815 Massaei,
2939 3764 3014 3809 et
3073 3759 3534 3819 Addilationes
3579 3765 3745 3821 Beda:
3775 3768 3819 3815 Ιη

2101 3832 2184 3886 bis
2211 3831 2468 3887 Merliuus
2500 3849 2608 3888 non
2637 3846 2759 3891 tam
2793 3855 2870 3894 ex
2915 3844 3053 3900 (ide
3081 3850 3395 3909 historiae
3439 3867 3499 3910 et
3525 3856 3820 3910 testimoniis

2107 3923 2474 4014 ifilli‘luommt
2509 3939 2680 3993 quam
2717 3937 3044 3992 contortis
3073 3946 3518 4012 sophismatis
3544 3958 3601 4003 et
3625 3946 3816 4014 argutiis

2104 4012 2169 4066 de
2191 4013 2374 4065 schola
2406 4014 2693 4071 velitatur.

2170 4099 2311 4155 XXI.
2348 4102 2620 4196 Praeclare
2657 4109 2835 4163 etiam
2879 4113 3015 4171 hac
3061 4131 3277 4181 aetate
3338 4130 3417 4186 de
3451 4131 3695 4196 Origene
3725 4145 3817 4182 me-

2102 4190 2238 4244 ritus
2286 4201 2369 4245 est
2401 4193 2724 4252 Desiderius
2759 4199 3079 4263 Erasmus
3107 4251 3128 4275 ,
3175 4231 3335 4272 nam
3399 4230 3464 4274 et
3509 4190 3821 4276 Commenta-

2103 4382 2348 4473 sermone
2381 4375 2590 4443 retulit,
2622 4387 2679 4431 et
2719 4378 2923 4436 Vitam
2966 4387 3196 4456 ipsius
3243 4375 3533 4473 scripsit,
3580 4421 3645 4460 ac
3672 4406 3817 4458 laudes

2106 4469 2422 4564 prosecutus
2454 4475 2541 4518 est
2565 4476 2667 4564 ,εἰ
2694 4470 2763 4523 de
2789 4469 3405 4558 lucubrationibus,
3444 4497 3635 4564 deque
3670 4497 3817 4550 erudi-

2106 4553 2272 4651 tione,
2305 4567 2368 4604 ac
2391 4553 2628 4612 docendi
2667 4561 2903 4618 ratione
2933 4571 3310 4635 arbitrium
3343 4553 3488 4639 tulit
3512 4553 3589 4652 ξε
3626 4588 3819 4652 dogma.

2107 4639 2175 4746 tis
2194 4649 2372 4694 autem
2401 4659 2604 4703 manus
2626 4649 2939 4719 abstinuit,
2977 4631 3589 4740 mortegniialldr:

2257 4747 2377 4798 quae
2407 4739 2711 4838 quumipus
2750 4757 3122 4816 susceptam
3164 4773 3440 4832 quoque
3479 4736 3823 4838 Origeniano-

2103 4832 2222 4920 :um
2263 4836 2492 4920 operum
2531 4828 2840 4886 editionem
2879 4846 2945 4891 et
2999 4828 3370 4907 censuram
3413 4828 3760 4917 absolveret,
3785 4866 3826 4910 et

2103 4905 2356 5012 Origenis
2401 4914 2764 4976 adversarios
2822 4926 3156 4991 refelleret
3183 4978 3203 5003 ,

2103 4992 2252 5106 iri-ea
2299 5014 2660 5106 porro,.qu.ae
2693 5020 2912 5080 exstat,
2969 5033 3282 5085 censum
3333 4992 3520 5102 parte
3559 5039 3822 5106 antiquum

2104 5082 2368 5197 ξτδεξηιξξ
2397 5093 2667 5197 obtinuit,
2697 5114 2792 5155 res
2830 5117 2951 5161 non
2980 5115 3150 5170 satis
3179 5082 3823 5197 accurr'a-tevpgglllgas

2417 5181 2644 5282 judicio
2695 5187 3044 5282 disceptans
3073 5240 3091 5264 ,
3152 5215 3220 5260 et
3259 5181 3677 5282 disceptando
3704 5181 3819 5269 non-

2415 5268 2755 5378 impingens.
2794 5279 3216 5360 Summopere
3250 5268 3518 5359 interiit:
3543 5268 3818 5378 Origenem

2104 5354 2466 5457 aversabatur
2500 5362 2777 5457 hlartinus
2807 5354 3146 5447 Lutberus,
3181 5354 3517 5457 {usus};
3544 5354 3819 5450 vosoliiit:

2108 5453 2129 5543 ξ
2165 5437 2469 5543 (frigentem
2509 5451 2842 5521 jamdudum
2872 5465 3016 5520 diris
3048 5437 3410 5534 devovit“;

2106 5535 2449 5632 ξλξῑίβιιιτξιιιε
2489 5555 2580 5600 est
2609 5548 2940 5609 Theodorus
2961 5555 3157 5630 Beza,
3186 5581 3346 5625 cum
3373 5535 3821 5632 εεξέέηξξιξέε

2106 5618 2543 5727 ῗξιῐιοιειιίοςιυιη
2577 5643 2851 5714 majorum
2889 5645 2944 5699 in
2998 5618 3816 5727 Ερὶλιᾷίᾷἓιῖᾶνὲξξαῖοῖ

2106 5713 2229 5772 tum
2264 5725 2518 5787 maxime
2553 5713 2686 5792 sub,
2708 5736 2888 5809 ipsum
2919 5713 3158 5803 initium
3188 5787 3207 5802 .
