3920 6436
241 388 363 444 1181

1086 380 1642 441 ORIGENIANORUM
1679 381 1806 441 LIB.
1843 383 1908 450 Il,
1946 386 2092 443 CAP.
2133 388 2218 452 IV,
2254 391 2440 447 SECT.

3223 395 3358 452 “82

241 503 432 563 mantio
462 502 705 571 stigmata
753 501 1006 556 inurens:
1037 519 1056 554 t
1097 500 1276 570 Neque
1321 487 1446 558 vero
1470 541 1488 570 ,
1534 501 1741 570 inquit,
1771 504 1818 560 Α
1843 517 2006 558 ausos
2029 519 2144 559 esse
2173 521 2268 574 pro
2296 509 2478 563 eodem
2496 522 2657 564 novas
2685 508 2845 565 edere
2877 509 3162 581 apologias,
3192 520 3358 566 etau-

239 611 348 653 cum
380 594 489 648 haec
535 595 687 659 dico,
726 593 1009 662 quidquam
1043 593 1160 649 volo
1189 592 1402 648 Patrum
1440 593 1740 648 auctoritati

239 685 506 740 detrahere
536 700 549 734 :
585 683 677 737 sed
699 697 825 737 sane
865 683 1001 752 quod
1031 685 1096 738 ad
1119 697 1200 738 me
1232 684 1439 747 attinet,
1462 681 1742 753 Origenem

237 787 334 828 non
364 786 574 840 possum
605 771 738 824 bona
767 771 1090 826 conscientia
1137 773 1278 827 inter
1301 788 1392 827 eos
1427 772 1612 827 Patres
1636 773 1744 828 col-

237 862 418 922 locare,
452 872 584 926 Quos
628 857 778 912 velim
804 859 1021 914 imitari.
1077 857 1256 928 Itaque
1303 874 1404 914 non
1441 860 1654 929 pudebit
1680 858 1743 912 il-

234 951 327 1005 lius
374 958 549 1004 errata
602 948 798 1016 passim
851 948 1089 1003 refellere
1117 987 1133 1013 ,
1183 949 1327 1002 nullo
1371 947 1466 1018 (ita
1499 962 1583 1002 me
1611 949 1742 1003 bene

233 1042 360 1096 Deus
381 1037 539 1105 amet)
572 1037 903 1092 obtrectandi
935 1037 1106 1092 studio
1133 1054 1146 1091 :
1187 1037 1280 1092 sed
1309 1037 1444 1106 quod
1477 1037 1739 1105 impurum

229 1129 528 1196 scriptorem
557 1135 804 1194 exoptem
858 1134 948 1178 aut
985 1138 1050 1178 ex
1096 1125 1349 1180 lectorum
1379 1126 1621 1181 manibus
1649 1140 1743 1180 ex-

229 1217 352 1280 cuti,
373 1223 464 1268 aut
494 1229 705 1268 summo
731 1229 848 1268 cum
870 1213 1070 1282 judicio
1099 1229 1128 1266 a
1167 1215 1414 1268 studiosis
1439 1215 1674 1269 tractari.
1715 1230 1736 1266 ι

227 1303 538 1360 Moderatius
565 1304 634 1358 de
657 1301 886 1371 Origene
927 1309 982 1356 et
1007 1302 1208 1371 aequius
1235 1311 1512 1358 senserunt
1537 1312 1590 1357 et
1611 1303 1742 1358 scri-

223 1399 439 1462 pserunt
469 1391 952 1458 Magdeburgenses
973 1428 990 1453 ,
1017 1404 1114 1458 pro
1141 1389 1285 1444 vitiis
1312 1405 1431 1444 eum
1465 1390 1548 1444 vel
1570 1391 1742 1444 virtu-

224 1483 357 1536 tibus
378 1488 632 1549 ornantes
659 1499 672 1535 :
706 1494 1004 1550 quanquam
1037 1477 1406 1547 minimeipsos
1433 1477 1742 1542 feras,‘Ada-

221 1572 398 1628 mantii
424 1571 728 1628 orthodoxa
757 1569 1028 1632 nonnulla,
1051 1569 1142 1624 sed
1171 1577 1328 1623 sectae
1350 1582 1457 1621 suae
1485 1567 1740 1636 dogmatis

219 1664 497 1725 contraria,
537 1662 592 1715 in
628 1662 824 1715 crimen
857 1659 1156 1722 trahentes;
1193 1657 1366 1725 aliqua
1407 1671 1531 1710 vero
1554 1669 1741 1724 perpe~

217 1768 323 1808 ram
351 1753 450 1820 ipsi
486 1750 823 1818 amnigentes.
855 1749 1148 1801 Adamantii
1192 1749 1247 1800 in
1291 1747 1543 1799 Joannem
1588 1745 1740 1799 Com-

1845 593 2085 646 ctoritate
2119 596 2393 652 catholica:
2435 598 2681 653 Ecclesia
2713 596 2971 665 iudicatas
2992 600 3183 668 sacpius
3227 615 3356 656 con-

1847 692 2114 737 troversas
2145 685 2317 739 denuo
2345 696 2540 741 temere
2565 689 2766 757 agitare
2787 727 2803 754 ,
2828 691 2966 758 quod
2993 690 3136 744 visus
3157 700 3236 744 est
3278 691 3356 745 le-

1843 770 1978 825 cisse
2000 779 2089 825 aut
2111 772 2314 838 pridem
2351 774 2532 828 Sixtus
2557 775 2825 832 Senensis.
2863 795 2880 826 »
2907 777 3019 830 Non
3056 779 3232 832 mitius
3248 779 3361 832 Ori-.

1853 872 2037 925 genem
2085 860 2242 915 habet
2289 859 2548 917 Robertus
2573 862 2916 920 Bellarmlnus
2969 866 3248 920 cardinalis
3285 867 3353 932 ³⁸,

1839 946 2184 1017 Origenisque
2233 949 2364 1003 adeo
2399 951 2677 1018 partiarios
2719 967 2901 1009 omnes
2946 963 2998 1008 et
3031 953 3352 1010 defensores.

1910 1037 2126 1092 Summa
2164 1052 2292 1092 sane
2311 1039 2561 1107 aequitate
2581 1054 2700 1092 cum
2729 1041 3043 1096 Adamantio
3074 1042 3178 1111 egit
3197 1041 3354 1096 Clau-

1841 1125 1957 1180 dius
2000 1125 2314 1196 Espencaaus
2365 1127 2418 1180 in
2455 1127 2841 1182 Commentariis
2883 1132 2937 1183 in
2968 1130 3251 1198 Epistolam
3287 1131 3354 1184 ad

1847 1212 2051 1279 Titum;
2084 1228 2205 1268 nam
2256 1229 2424 1284 neque
2453 1215 2640 1270 insano
2668 1215 2964 1272 obcaacatns
2997 1233 3174 1273 amore
3205 1220 3358 1288 quid-

1839 1317 1998 1371 quam
2020 1304 2084 1358 de
2118 1303 2221 1358 ﬁde
2249 1303 2486 1359 historia:
2529 1305 2820 1374 decerpsit,
2855 1322 2950 1360 nec
2982 1307 3250 1364 erroribus
3276 1307 3357 1363 of-

1837 1389 2020 1446 fensus
2045 1391 2231 1446 laudes
2258 1393 2418 1461 ipsius
2454 1395 2771 1449 obscuravit.
2815 1394 3100 1448 Plurimum
3129 1396 3227 1464 ipsi
3273 1395 3354 1450 fa-

1847 1479 1988 1534 visse
2014 1480 2181 1536 fertur
2227 1497 2289 1536 ac
2335 1482 2496 1536 multa
2527 1485 2852 1539 condonasse
2879 1485 3106 1538 Vicelius
3148 1486 3200 1538 in
3226 1485 3358 1540 lbro

1839 1567 1916 1622 De
1971 1573 2297 1639 scriptoribus
2368 1564 2757 1636 ecclesiasticis;
2811 1575 2949 1642 quod
3022 1576 3233 1643 quidem
3289 1589 3355 1629 ex

1841 1659 2010 1713 aliena
2041 1659 2143 1714 fide
2181 1660 2372 1726 refero,
2421 1675 2544 1714 nam
2579 1663 2766 1715 librum
2799 1662 3028 1729 reperire
3057 1677 3158 1716 non
3193 1665 3355 1731 potui.

1845 1737 2183 1813 Reliquorum
2217 1761 2344 1800 vero
2401 1748 2452 1800 in
2504 1749 2744 1802 ornando
2780 1749 3005 1817 Origene
3049 1749 3359 1804 industriam

217 1809 462 1895 menta-ria
491 1839 545 1893 in
567 1809 778 1892 veneta
803 1835 860 1891 S.
897 1835 1056 1888 Marci
1094 1836 1414 1889 Bibliotheca
1442 1833 1622 1888 Graace
1646 1849 1738 1888 na-
1767 1809 1812 1868 Β
1842 1809 1998 1902 longe
2035 1828 2311 1890 intervallo
2373 1837 2636 1906 superavit
2683 1809 2950 1892 Gilbert'us
2995 1837 3360 1893 Genebrardus

214 1941 328 1984 ctus
345 1929 667 1984 Ambrosius
691 1927 968 1982 Ferrarius
997 1925 1421 1989 Mediolanensis,
1454 1925 1743 1980 monachus

217 2017 482 2083 Cassinas,
523 2017 730 2086 primus
765 2014 949 2069 Latine
979 2015 1236 2068 convertit
1273 2025 1329 2068 et
1359 2013 1493 2082 typis
1525 2014 1743 2068 commi-

216 2111 283 2162 sit
313 2126 328 2162 :
355 2107 692 2177 Origenianaa
720 2119 845 2162 vero
893 2106 1042 2160 fama:
1092 2121 1258 2173 usque
1305 2105 1436 2158 adeo
1479 2106 1744 2160 studiosus

216 2196 333 2264 fuit,
369 2207 428 2251 ut
475 2198 602 2250 dum
633 2195 707 2249 illi
747 2195 1110 2264 patrocinatus
1133 2204 1242 2256 est,
1271 2209 1458 2262 parum
1482 2196 1592 2264 ipse
1635 2210 1744 2250 suae

213 2287 542 2343 consuluerit
572 2300 588 2338 :
615 2288 855 2352 quamvis
892 2284 1032 2355 enim
1086 2300 1289 2339 summa
1323 2300 1381 2340 se
1405 2287 1455 2338 in
1486 2286 1582 2338 hoc
1612 2285 1744 2338 libro

214 2377 466 2432 vertendo
489 2390 647 2429 usum
683 2374 780 2429 fide
823 2377 892 2428 sit
931 2376 1244 2438 obtestatus,
1277 2374 1524 2430 nonnulla
1570 2383 1742 2426 tamen

211 2464 453 2524 consulto
494 2470 699 2518 resecta
752 2461 1152 2531 deprehendas,
1203 2463 1255 2516 in
1305 2465 1494 2531 quibus
1524 2477 1553 2515 a
1599 2470 1740 2515 recto

210 2546 534 2603 Christiana:
565 2547 818 2605 doctrina:
843 2548 974 2602 calle
1003 2545 1258 2616 Origenes
1289 2549 1641 2603 aberraverat.
1685 2549 1738 2602 In

207 2635 600 2704 nuncupatoria
645 2646 900 2704 praeterea
934 2637 999 2689 ad
1044 2633 1238 2690 Iulium
1267 2635 1502 2698 Tertium
1533 2637 1742 2705 pontiﬁ-

206 2739 326 2778 cem
379 2727 674 2776 maximum
730 2724 990 2794 epistola,
1042 2725 1246 2794 magnis
1292 2740 1407 2780 sese
1450 2726 1742 2794 sumptibus

205 2811 490 2865 adeundus
523 2824 742 2865 curasse
764 2821 947 2865 narrat
981 2811 1374 2874 celeberrimas,
1403 2828 1520 2881 quae
1553 2813 1743 2882 ubique

205 2899 452 2970 gentium
477 2907 627 2962 sunt,
661 2898 1024 2963 bibliothecas,
1061 2899 1234 2954 missis
1258 2900 1416 2953 etiam
1458 2899 1548 2967 qui
1581 2907 1740 2954 totam

205 2991 607 3059 perlustrarent
659 2987 912 3043 (insciam
938 3027 954 3052 ,
989 2997 1041 3042 et
1075 2988 1121 3044 si
1153 3003 1270 3058 qua:
1315 2990 1744 3044 nanciscerentur

1845 1925 2116 1993 theologus
2173 1923 2526 1990 Parisiensis,
2596 1935 2648 1980 et
2698 1925 3123 1994 archiepiscopus
3174 1927 3361 1981 deinde

1840 2014 2140 2081 Aquensis:
2173 2028 2291 2066 nam
2330 2015 2531 2081 priores
2571 2015 2826 2068 editiones
2869 2015 3151 2078 recensuit,
3195 2026 3249 2070 et
3291 2016 3356 2068 ad

1842 2115 2022 2156 vetera
2052 2117 2171 2155 cum
2204 2101 2387 2154 Grzeca
2428 2109 2535 2152 tum
2577 2098 2758 2152 Latina
2787 2099 3122 2153 Bibliotheca:
3164 2099 3359 2166 Regina,

1841 2189 2158 2258 exemplaria
2191 2187 2412 2242 contulit
2453 2196 2506 2241 et
2547 2187 2873 2252 emendavit;
2898 2202 3085 2242 novam
3112 2188 3347 2241 omnium

1841 2295 2058 2346 operum
2100 2279 2382 2332 editionem
2413 2278 2627 2332 molitus
2644 2287 2742 2342 est,
2778 2278 2830 2332 in
2855 2292 3023 2347 eaque
3050 2277 3210 2332 multa
3232 2292 3362 2331 non-

1842 2371 1964 2424 dum
1991 2369 2131 2422 edita
2167 2368 2470 2437 publicavit,
2505 2367 2855 2422 Philocaliam
2891 2368 2944 2423 iu
2971 2369 3214 2424 Latinum
3243 2383 3362 2424 ser-

1841 2474 2053 2514 monem
2115 2457 2412 2524 transtulit;
2451 2458 2769 2513 collectanea
2809 2459 3027 2514 editioni
3076 2474 3184 2514 suae
3231 2474 3364 2528 prc-

1842 2548 1977 2612 lixit,
2009 2547 2059 2599 in
2088 2546 2280 2613 quibus
2309 2546 2444 2598 nihil
2486 2545 2599 2599 fere
2637 2547 3046 2614 praetermissum
3077 2557 3179 2612 est,
3223 2549 3363 2616 quod

1841 2633 1904 2686 ad
1952 2633 2277 2701 purgandum
2317 2629 2600 2701 Origenem
2626 2670 2641 2694 ,
2698 2640 2752 2686 et.
2794 2633 2934 2686 omni
2988 2633 3362 2688 absolvendum

1841 2720 2062 2775 crimine
2077 2720 2386 2788 pertineret.
2409 2719 2604 2774 Ultimo
2617 2721 2905 2790 praesertim
2926 2721 3363 2776 collectaneorum

1845 2809 2019 2876 capite
2073 2807 2264 2862 selecta
2335 2808 2576 2876 quaedam
2633 2808 2875 2875 Origenis
2924 2818 3234 2878 prosecutus
3285 2819 3367 2864 est

1843 2898 2115 2966 dogmata,
2149 2897 2214 2950 ab
2246 2897 2603 2951 ecclesiastica
2652 2913 2837 2952 norma
2883 2897 3274 2969 discrepantia;
3312 2900 3363 2952 in

1843 2988 2011 3055 iisque
2036 2988 2267 3042 tutandis
2300 2987 2382 3040 vel
2402 2987 2719 3041 excusandis
2746 2986 2966 3042 nimium
3007 3002 3103 3042 suo
3142 2987 3194 3041 in
3222 2987 3364 3054 ,0τί-

204 3078 406 3146 scripta
442 3075 695 3144 Origenis
721 3117 735 3141 ,
771 3090 832 3129 ea
866 3076 929 3128 ad
957 3089 1014 3130 se
1054 3085 1409 3144 asportarent.
1446 3077 1580 3132 Hinc
1613 3077 1741 3132 adeo
1767 3112 1808 3169 α
1843 3096 2030 3152 genem
2067 3081 2234 3134 amori
2258 3081 2540 3135 obsecutus
2563 3089 2665 3134 est.
2693 3077 2974 3148 Equiores
3024 3094 3081 3134 se
3123 3081 3175 3133 in
3210 3079 3366 3134 rebus

204 3167 604 3238 locupletatus,
651 3163 812 3218 multa
864 3166 1028 3233 ipsius
1068 3176 1122 3220 et
1161 3169 1352 3237 γνήσια
1394 3181 1551 3235 opera
1597 3166 1742 3234 prelo

202 3257 448 3326 parabat.
492 3253 629 3320 Qua:
655 3267 752 3307 cur
780 3253 830 3306 in
861 3253 1027 3308 lucem
1055 3270 1160 3310 non
1207 3257 1488 3324 venerint,
1529 3256 1743 3326 ignora-

203 3362 348 3403 mus.
371 3345 626 3400 Tutaudo
644 3342 886 3414 Origenis
911 3345 1106 3398 nomini
1130 3345 1310 3400 utilem
1341 3347 1608 3410 aliquanto
1626 3359 1746 3416 post

199 3451 423 3507 operam
478 3433 710 3490 contulit
750 3433 929 3486 Sixtus
965 3432 1214 3489 Senensis
1256 3451 1287 3490 e
1336 3438 1744 3495 Praedicatorum

198 3526 406 3580 familia
437 3542 451 3578 :
479 3523 763 3591 egregium
786 3524 976 3592 quippe
1000 3525 1070 3579 illi
1097 3526 1149 3579 in
1192 3525 1528 3583 Bibliotheca:
1550 3540 1746 3585 sanctae

196 3615 338 3672 libro
359 3623 564 3684 quarto
595 3612 826 3680 elogium
876 3617 1222 3682 consecravit,
1250 3616 1303 3670 in
1330 3633 1434 3688 quo
1465 3634 1567 3672 non
1603 3620 1744 3674 illum
1773 3680 1776 3684 _

196 3708 373 3762 solum
400 3702 625 3758 extollit
651 3703 943 3770 praeconiis,
974 3703 1066 3758 sed
1115 3704 1366 3758 librorum
1392 3707 1549 3761 etiam
1580 3710 1746 3776 ipsius

196 3809 494 3852 numerum
553 3801 843 3856 recenset,
885 3801 938 3846 et
982 3795 1210 3861 genuina
1243 3810 1271 3846 a
1305 3797 1498 3864 spuriis
1544 3800 1748 3854 erudite

195 3886 462 3942 secernit.
484 3884 720 3937 Errores
745 3897 871 3937 vero
909 3883 960 3936 in
993 3885 1401 3938 Adnotationum
1428 3885 1576 3940 libris
1603 3896 1748 3942 notat

193 3985 250 4031 et
271 3973 509 4031 excutit.
540 3969 742 4024 Parum
772 3971 934 4040 ipsius
961 3972 1094 4025 ratio
1119 3971 1310 4026 Caesari
1330 3973 1554 4028 Baronio
1571 3975 1614 4006 ³⁸
1631 3990 1750 4030 car-

193 4064 364 4119 dinali
396 4061 629 4132 probata
659 4069 776 4121 est;
806 4061 895 4128 qui
924 4073 1042 4113 cum
1094 4059 1416 4115 alienissimo
1458 4073 1598 4116 esset
1658 4064 1749 4118 ad-

191 4168 384 4209 versus
409 4151 710 4220 Origenem
738 4149 916 4202 animo
940 4191 954 4214 ,
986 4164 1351 4218 summamque
1387 4150 1440 4203 in
1475 4165 1594 4206 eum
1627 4151 1748 4220 styli

1845 3173 2005 3241 ipsius
2037 3171 2326 3226 tractandis
2363 3172 2698 3239 praebuerunt
2737 3169 2992 3224 Antonius
3047 3169 3366 3224 Possevinus

1847 3262 1898 3314 in
1926 3261 2120 3330 Appar.
2171 3275 2306 3314 sacr.
2348 3257 2570 3314 Iacobus
2605 3258 2882 3313 Gretserus
2906 3257 2981 3312 De
2998 3259 3120 3327 jure
3141 3268 3188 3312 et
3227 3273 3367 3312 more

1847 3349 2142 3417 prohibendi
2173 3349 2327 3402 libros
2347 3347 2530 3414 malos,
2557 3347 2648 3402 lib.
2704 3363 2758 3411 x,
2791 3361 2907 3415 cap.
2929 3347 2984 3400 11
3015 3355 3108 3411 ;et
3140 3345 3366 3415 Stepha-

1847 3452 1947 3491 nus
1980 3437 2196 3491 Binetus
2225 3436 2276 3489 in
2303 3433 2481 3489 libello
2509 3434 2574 3487 de
2616 3432 2785 3488 salute
2806 3431 3066 3501 Origenis,
3093 3431 3366 3486 veritatem

1844 3532 2143 3591 spectantes
2182 3537 2362 3587 unam,
2389 3521 2510 3575 odio
2556 3520 2640 3574 vel
2687 3522 2855 3574 amori
2903 3519 3033 3574 nihil
3085 3521 3366 3576 admodum

1847 3613 2164 3666 tribuentes.
2203 3611 2412 3666 Incerta
2439 3623 2567 3662 vero
2611 3609 2902 3663 Abrahami
2949 3608 3166 3664 Sculteti
3210 3612 3366 3676 ratio,

1845 3703 1933 3770 qui
1967 3711 2245 3778 postquam
2273 3701 2337 3754 de
2366 3699 2590 3768 Origene
2636 3714 2691 3753 se
2734 3699 2914 3768 paucis
2943 3708 3182 3754 acturum
3214 3699 3366 3763 dixit,

1846 3792 1968 3860 quia
1997 3792 2133 3845 inter
2154 3791 2435 3844 haereticos
2456 3791 2566 3846 fere
2597 3792 2790 3860 potius,
2831 3803 2986 3856 quam
3019 3791 3156 3842 inter
3186 3787 3370 3843 Patres

1845 3890 2176 3945 numeratur,
2202 3895 2321 3932 mox
2352 3880 2439 3933 ubi
2478 3881 2542 3932 ad
2577 3880 2691 3946 eius
2726 3881 3018 3932 doctrinam
3048 3884 3262 3930 ventum
3287 3885 3371 3930 est

1846 3977 1900 4023 et
1928 3981 2155 4032 errores,
2189 3966 2322 4020 vela
2349 3967 2607 4021 librorum
2649 3966 3083 4034 depravatoribus
3106 3963 3368 4032 profectos

1855 4057 1996 4124 ipsos
2013 4069 2129 4110 esse
2158 4065 2356 4119 censet,
2381 4056 2462 4110 vel
2487 4055 2540 4108 in
2575 4056 2641 4109 iis
2673 4055 2950 4109 ﬂuctuasse
2978 4053 3252 4122 Origenem
3279 4055 3370 4108 de-

1851 4155 2110 4200 monstrat
2140 4146 2191 4200 in
2223 4145 2451 4199 Medulla
2477 4145 2650 4200 Theol.
2692 4143 2864 4212 Patr.,
2907 4145 2996 4198 lib.
3031 4160 3102 4211 vi,
3132 4159 3229 4212 cap
3266 4146 3288 4199 1
3317 4153 3370 4198 et

193 4242 556 4312 asperitatem
602 4245 660 4290 et
709 4236 1097 4290 inclementiam
1129 4237 1180 4290 in
1210 4239 1500 4294 Annalibus
1535 4254 1751 4294 exercc«
1852 4236 1906 4291 6.
1935 4237 2216 4292 Dissimilis
2245 4237 2452 4290 illorum
2481 4235 2675 4290 Petrus
2706 4235 2975 4289 Halloxius
3020 4233 3325 4288 Leodiensis
3349 4271 3366 4298 ,

193 4340 297 4397 ret,
329 4329 544 4398 carpsit
569 4325 737 4380 etiam
767 4335 821 4379 et
845 4325 1037 4380 obiter'
1061 4328 1230 4395 tetigit
1267 4328 1512 4396 reliquos,
1537 4329 1751 4397 quicun-
1852 4327 2186 4396 uuperrimus
2211 4327 2295 4381 ille
2325 4327 2563 4396 Origenis
2593 4327 2809 4393 vindex,
2865 4325 3028 4393 ipsius
3053 4324 3235 4388 vitam,
3263 4324 3370 4378 vir-

194 4434 300 4490 que
348 4421 405 4474 in
458 4430 589 4472 eum
629 4413 1004 4481 propensiores
1044 4425 1266 4471 essent:
1304 4434 1322 4467 ι
1364 4415 1583 4471 Miratus
1632 4431 1748 4470 sum
1780 4427 1824 4481 1)
1863 4427 2025 4482 tutes,
2056 4427 2106 4470 et
2140 4418 2450 4472 documenta
2505 4417 2652 4470 libris
2679 4424 2903 4492 quatuor
2939 4413 3202 4468 fusissime
3229 4429 3371 4468 com-

191 4513 574 4570 vehementer,
634 4503 848 4572 inquit,
894 4513 1014 4572 post
1058 4505 1457 4561 damnationem
1514 4507 1628 4570 ejus
1683 4509 1748 4563 ab
1855 4507 2086 4575 plexus:
2125 4508 2189 4560 ad
2222 4507 2272 4561 id
2317 4514 2552 4560 attentus
2591 4519 2771 4569 unum,
2823 4512 2879 4556 ut
2923 4502 3003 4555 vel
3029 4504 3284 4572 integram
3317 4511 3370 4556 et

190 4600 489 4656 Anastasio
513 4609 658 4667 papa
688 4593 956 4660 pontificia
978 4596 1292 4649 auctoritate
1331 4595 1598 4662 inflictam,
1629 4607 1750 4665 post
1852 4597 2222 4661 orthodoxam,
2258 4611 2319 4651 ac
2341 4597 2475 4650 labis
2502 4595 2786 4648 immunem
2814 4595 3051 4664 Origenis
3079 4594 3370 4648 doctrinam

190 4694 437 4764 ejusdem
471 4685 910 4762 reprobationem
940 4687 1165 4744 inserta
1197 4687 1399 4755 synodo
1439 4688 1750 4756 pronuntia-
1851 4685 2013 4740 fuisse
2033 4685 2383 4750 demonstret;
2406 4685 2490 4740 vel
2515 4684 2558 4739 si
2585 4685 2708 4754 quid
2727 4685 2943 4740 veritate
2967 4685 3131 4740 victus
3151 4684 3270 4738 huic
3290 4683 3370 4736 in-

191 4795 329 4848 tem,
371 4792 502 4853 post
539 4787 620 4836 tot
655 4777 993 4845 antiquorum
1021 4775 1232 4830 Patrum
1261 4777 1311 4831 in
1351 4777 1573 4846 idipsnm
1619 4793 1747 4833 con-
1850 4773 2356 4830 hatsissevitiifaterl
2384 4773 2604 4843 cogitur,
2632 4775 2683 4828 id
2703 4774 3010 4845 utquzesitis
3030 4774 3370 4841 undecunque

189 4875 468 4948 spirantes
525 4867 863 4932 sententias,
910 4867 1081 4921 adhuc
1127 4867 1450 4922 recentiores
1491 4869 1746 4935 quosdam
1856 4867 2288 4922 excusationibus
2315 4866 2496 4923 diluat.

260 5071 309 5107 ⁸³
336 5071 540 5129 Baron.
571 5067 641 5124 ad
670 5079 797 5120 ann.
837 5065 962 5132 256,
990 5079 1102 5136 cap.
1135 5064 1217 5120 11.
1301 5066 1345 5098 ³⁸
1375 5064 1618 5120 Bellarm.
1647 5067 1697 5122 in
1731 5067 1820 5122 lib.
1842 5067 1918 5122 De
1938 5068 2116 5138 script.
2146 5069 2266 5124 eccl.
