3922 6456
271 409 404 470 1185

1279 392 1838 456 ORIGENIANORUM
1870 399 1993 454 LIB.
2023 397 2120 464 ﬁll,
2157 398 2306 454 CAP.
2342 389 2385 453 Ι.

3272 393 3403 454 H86

274 521 650 596 incipientibus
681 536 743 576 ex
765 535 856 576 ore
881 519 994 590 eius
1015 528 1214 590 septem
1249 519 1495 583 notariis,
1532 518 1780 572 totidem-
1806 523 1854 581 Α
1880 530 1996 583 cap.
2035 515 2090 576 5,
2141 515 2191 568 in
2242 516 2382 568 omni
2431 515 2705 584 Scriptura
2752 525 3008 585 perpetuo
3036 525 3245 570 errasse
3277 517 3404 572 dicit

273 625 367 683 que
389 606 732 662 velocissimis
769 607 821 660 in
854 605 1132 660 scribendo
1163 603 1370 673 puellis,
1395 604 1614 672 aliisque
1653 603 1787 658 scri-

272 699 521 771 ptoribus,
553 695 643 763 qui
676 709 768 750 eas
808 694 1134 765 (conciones)
1165 694 1228 747 ad
1270 702 1664 747 monumentum
1692 706 1784 761 po-

271 788 514 847 steritatis
541 785 892 838 tradiderunt.
925 802 946 836 ι
979 783 1158 852 Neque
1199 797 1328 836 sane
1365 783 1417 836 id
1461 783 1595 836 dixit
1626 782 1782 834 Pam-

270 879 458 949 philus,
512 888 669 944 quem
722 882 907 927 testem
957 873 1118 937 citat,
1171 872 1262 925 sed
1304 871 1430 924 illud
1487 873 1778 924 duntaxat:

269 987 286 1019 ι
309 966 566 1036 praecipue
589 976 716 1016 vero
744 976 836 1032 per
861 976 952 1016 eos
973 971 1224 1015 tractatus
1245 976 1375 1029 quos
1401 975 1531 1030 pene
1553 959 1785 1029 quotidie

269 1059 319 1111 in
358 1052 584 1108 Ecclesia
637 1053 866 1105 habebat
911 1066 975 1105 ex
1023 1061 1292 1120 tempore,
1322 1066 1456 1119 quos
1497 1062 1549 1104 et
1588 1049 1784 1104 descri-

265 1145 442 1196 bentes
475 1140 670 1193 notarii
703 1141 769 1194 ad
804 1141 1182 1193 monimentum
1233 1141 1563 1210 posteritatis
1615 1139 1783 1193 trade-

261 1232 398 1286 bant.
431 1247 452 1280 ι

324 1317 407 1371 III.
447 1317 572 1371 Inde
619 1331 776 1386 porro
817 1319 1128 1387 scriptiones
1165 1318 1405 1390 Origenis
1428 1332 1546 1375 esse
1575 1321 1784 1376 vitiatas

260 1422 412 1476 supra
445 1408 763 1462 notavimus.
797 1409 862 1462 At
891 1411 1159 1464 ferendum
1194 1411 1318 1464 illud
1351 1419 1482 1473 erat,
1509 1411 1553 1464 si
1593 1426 1695 1465 non
1722 1424 1784 1465 eo

260 1498 414 1551 etiam
453 1498 769 1551 accessisset
811 1499 1064 1551 malorum
1121 1501 1387 1553 hominum
1419 1500 1666 1567 nequitia,
1697 1514 1782 1553 ere

259 1600 399 1641 rores
423 1600 547 1640 suos
590 1586 746 1640 malis
786 1589 986 1642 artibus
1027 1590 1483 1657 propugnantium,
1522 1599 1575 1642 et
1602 1590 1786 1644 alienis

259 1674 498 1741 operibus
563 1673 835 1727 adulteras
904 1690 1089 1728 manus
1145 1675 1502 1728 inferentium.
1555 1675 1607 1728 Id
1675 1676 1786 1743 ipso

259 1762 537 1815 etiamnum
565 1761 691 1814 vivo
717 1770 1040 1814 attentarunt
1065 1761 1313 1816 nonnulli.
1344 1762 1469 1815 Ausi
1502 1770 1622 1815 sunt
1648 1762 1782 1815 idem

257 1850 580 1917 postmodum
614 1849 815 1912 Ariani,
848 1850 1139 1918 horumque
1185 1851 1393 1904 demum
1423 1858 1783 1917 corruptorum

257 1935 523 1990 audaciam
570 1935 796 1991 Rufinus
821 1937 912 1991 lib.
939 1937 1009 1991 De
1035 1939 1308 1991 adulterat.
1335 1938 1578 1991 librorum
1607 1937 1785 2006 Orige-

257 2027 333 2080 nis
356 2026 622 2096 coarguit.
657 2025 849 2082 Verum
879 2043 979 2082 non
1024 2029 1181 2082 alium
1232 2043 1544 2096 quemquam
1572 2027 1783 2098 Origeni

259 2123 460 2169 tantum
503 2116 725 2184 perﬁdia
775 2131 868 2171 sua
917 2127 970 2171 et
1009 2119 1302 2173 temeritate
1344 2121 1585 2173 nocuisse
1625 2135 1784 2188 quam

260 2202 500 2258 Rufinum
525 2206 721 2274 ipsum,
756 2207 944 2261 merito
975 2206 1233 2261 afﬁrmare
1260 2223 1489 2276 possum.
1519 2207 1649 2262 Nam
1673 2213 1784 2276 ejus

263 2294 454 2358 scripta
485 2295 859 2362 interpretans,
896 2297 967 2350 ita
997 2297 1367 2350 additamentis
1407 2305 1460 2350 et
1498 2298 1781 2351 detractio-

263 2383 417 2436 nibus
451 2384 662 2437 vexavit
703 2395 755 2438 et
787 2386 1044 2452 corrupit,
1070 2394 1125 2438 ut
1169 2387 1446 2453 Origenem
1479 2387 1530 2439 in
1559 2385 1785 2454 Origene

261 2474 543 2530 desideres.
585 2475 872 2546 Acceptum
908 2478 1029 2530 huic
1057 2475 1268 2544 quidem
1320 2478 1479 2532 refert
1518 2479 1782 2534 Adaman-

260 2561 384 2628 tius,
415 2563 554 2632 quod
583 2577 741 2630 opera
788 2565 951 2632 ipsius
993 2580 1023 2617 a
1060 2564 1262 2619 Latinis
1305 2566 1601 2620 hominibus
1630 2568 1782 2621 intel—

259 2650 428 2704 lectus
453 2661 506 2706 et
545 2662 829 2721 usurpatus
856 2662 970 2719 est;
996 2663 1048 2707 et
1085 2655 1220 2722 quod
1247 2656 1571 2722 consumptis
1603 2669 1782 2708 exem-

262 2738 500 2807 plaribus
519 2739 717 2796 Graecis
737 2741 790 2796 in
828 2743 1076 2796 Romanis
1111 2743 1628 2811 interpretationibus
1656 2758 1785 2812 quo-

266 2827 553 2884 dammodo
576 2832 786 2885 revixit.
804 2829 997 2885 Verum
1029 2831 1212 2885 iisdem
1229 2831 1639 2900 expositionibus
1663 2847 1784 2886 cum

260 2918 427 2986 ignari
467 2917 665 2973 Graeca:
709 2919 898 2988 linguae
941 2920 1182 2974 homines
1229 2921 1644 2987 acquiescerent,
1694 2935 1784 2975 ne-

259 3005 414 3073 glecti
453 3006 566 3062 fere
597 3009 810 3062 codices
851 3007 1018 3063 (ἓνκοὶ
1047 3009 1336 3077 perierunt,
1377 3011 1508 3063 adeo
1551 3017 1607 3062 ut
1649 3009 1784 3062 bona

259 3093 446 3150 Graeca
489 3099 733 3166 pessimis
765 3097 964 3152 Latinis
993 3106 1308 3151 commutata
1338 3099 1461 3151 sint.
1482 3098 1594 3167 (53)
1624 3099 1784 3164 Quot—
1809 3124 1853 3182 α

261 3196 386 3252 quot
412 3201 536 3255 ergo
559 3187 721 3242 libros
745 3186 989 3255 Origenis
1016 3187 1079 3240 ad
1108 3201 1204 3240 nos
1236 3187 1444 3239 fortuna
1473 3189 1782 3254 transmisit,

262 3277 483 3330 violatos
521 3291 638 3331 esse
672 3277 957 3331 verisimile
983 3285 1170 3342 est,'at
1209 3291 1299 3330 eos
1328 3278 1657 3346 potissimum
1696 3279 1783 3346 qui

259 3375 449 3432 prater
471 3367 792 3420 notariorum
824 3366 1131 3436 σφάλματα,
1156 3374 1210 3420 et
1241 3367 1608 3420 haereticorum
1639 3369 1785 3420 adul-

263 3454 574 3518 terationes,
631 3455 976 3523 interpretum
1033 3455 1191 3510 etiam
1247 3455 1682 3512 hallucinationes
1734 3466 1787 3512 et

258 3539 533 3603 perfidiam
558 3551 860 3594 senserunt.

327 3625 414 3680 ιν.
456 3626 569 3680 Non
596 3644 692 3696 par
713 3643 836 3696 ergo
871 3638 921 3683 et
948 3629 1128 3683 eadem
1155 3638 1235 3684 est
1266 3630 1519 3685 librorum
1549 3631 1782 3686 omnium

255 3718 567 3780 auctoritas,
598 3719 900 3786 quicunque
945 3735 1012 3772 ex
1061 3720 1305 3788 Origenis
1345 3722 1531 3778 incude
1566 3722 1784 3789 profecti

252 3814 399 3856 sunt.
427 3805 881 3870 Quemadmodum
911 3807 1050 3860 enim
1085 3807 1317 3874 suspecti
1355 3819 1507 3860 erant
1532 3809 1566 3861 ii
1599 3810 1785 3875 praaci-

253 3908 373 3962 pue,
399 3904 453 3949 et
482 3897 900 3951 damnosissimis
928 3906 1132 3950 scatere
1164 3896 1452 3959 erroribus,
1498 3905 1551 3948 et
1587 3895 1654 3948 ab
1689 3895 1786 3950 Ec-

253 3985 426 4038 clesiae
449 3987 724 4054 disciplina
756 3987 1002 4040 recedere
1025 3986 1355 4050 dicebantur,
1389 3999 1522 4052 quos
1552 3985 1665 4052 ipse
1693 3999 1786 4051 per

251 4075 417 4126 otium
461 4085 670 4128 secreto
712 4074 1064 4135 lucubrasset,
1094 4087 1156 4125 ac
1203 4071 1324 4125 libri
1366 4071 1626 4139 prmeipue
1649 4071 1784 4138 Περὶ

249 4161 468 4228 ἀρχῶν,
500 4163 552 4216 in
587 4163 778 4231 quibus
809 4163 1106 4229 dogmatum
1138 4175 1352 4216 suorum
1385 4159 1642 4214 ofﬁcinam
1673 4172 1786 4214 sta-

252 4257 446 4315 tuerat,
486 4260 544 4304 ut
594 4259 776 4305 narrat
814 4250 1117 4318 Pamphilus
1175 4252 1229 4304 in
1288 4250 1581 4320 Apologia:
1611 4251 1682 4304 ita
1720 4251 1786 4304 ad

252 4338 364 4405 ejus
417 4355 612 4396 sensus
657 4341 866 4410 penitus
927 4340 1389 4409 introspiciendos,
1444 4356 1506 4394 ac
1557 4340 1785 4393 eruenda

1885 602 2185 670 Origenem,
2227 615 2448 670 eamque
2487 603 2684 671 ingenti
2729 603 2984 656 librorum
3045 601 3183 655 mole
3226 601 3404 667 expla-

1881 705 2032 745 nasse
2059 708 2072 742 :
2101 701 2206 742 tum
2225 692 2524 746 subnectit:
2553 693 2644 754 Εἰς
2671 692 2898 761 ἑκάστην
2927 691 3138 760 γραφὴν
3169 690 3228 742 οὐ
3253 706 3402 761 παρ-

1880 782 2114 853 ῃτήσατο
2154 779 2323 830 εἰπεῖν
2353 778 2387 830 ἃ.
2413 779 2556 848 αὑτῷ
2587 780 2728 845 ἔδοξε
2744 796 2757 810 ο
2800 782 2889 832 καὶ
2916 781 3017 833 ὅσα
3041 780 3135 848 μὲν
3158 780 3214 830 ὲν
3237 794 3403 848 προσ-

1879 869 2127 939 ομιλιαις,
2161 870 2252 920 καὶ
2279 867 2364 919 διὰ
2393 867 2498 920 τῶν
2537 870 2826 938 προοιμίων
2871 870 2948 931 εἰς
2975 868 3076 938 ἢθη
3103 882 3160 919 τε
3188 868 3281 919 καὶ
3327 868 3404 930 εἰς

1879 958 2064 1026 φύσεις
2092 956 2244 1020 ζώων
2272 973 2330 1008 τε
2382 956 2474 1008 καὶ
2513 957 2618 1009 τῶν
2657 958 2824 1010 ἄλλων
2867 959 3093 1028 εἴρηται,
3129 957 3288 1026 μέσος
3314 974 3404 1025 φε-

1883 1049 2099 1119 ρόμενος
2140 1047 2392 1108 πολλάκις
2434 1046 2684 1116 χαρίεντα
2722 1048 3044 1118 διηγήσατοο
3081 1049 3178 1100 ὅσα
3221 1049 3276 1100 δὲ
3325 1049 3405 1109 εἰς

1880 1138 2112 1207 δόγματα
2135 1137 2466 1206 ἐδογμάτισε,
2495 1137 2584 1189 καὶ
2606 1137 2731 1206 περὶ
2773 1137 3020 1199 πίστεως,
3050 1140 3144 1192 καὶ
3170 1137 3404 1208 μείζονος
3431 1202 3438 1217 ἢ

1881 1226 2124 1297 θεωρίας,
2161 1225 2267 1279 τῶν
2315 1226 2526 1279 πάντων
2561 1224 2876 1277 ἀτοπώτατα
2919 1226 3023 1277 τῶν
3057 1227 3162 1296 πρὸ
3215 1223 3402 1289 αὑτοῦ,

1881 1317 1971 1369 καὶ
1999 1315 2109 1384 μετ’
2133 1314 2292 1367 αὐτὸν
2319 1315 2643 1384 εὑρίσκεται,
2677 1315 2814 1384 πλὴν
2835 1313 2940 1366 τῶν
2973 1316 3028 1366 ὲν
3055 1318 3171 1377 ταῖς
3197 1316 3404 1386 αἱρέσε-
3459 1359 3468 1378 ,

1883 1421 1964 1457 σιν
2005 1405 2410 1474 αἰσχρουργιῶν.
2472 1403 2572 1457 «In
2621 1404 2857 1472 singulos
2913 1403 3198 1469 Scriptura:
3244 1404 3406 1458 libros

1882 1507 1984 1545 non
2024 1493 2280 1545 dubitavit
2322 1493 2500 1546 dicere
2523 1507 2640 1560 quae
2677 1492 2776 1544 sibi
2808 1490 2920 1543 visa
2971 1501 3113 1544 sunt.
3149 1489 3401 1554 Quatenu-

1881 1594 1982 1649 que
2009 1591 2181 1634 autem
2221 1583 2272 1632 in
2314 1580 2562 1643 homiliis,
2587 1588 2639 1632 et
2677 1581 2726 1632 in
2758 1580 3030 1648 protemiis
3076 1580 3140 1632 de
3173 1577 3405 1632 moribus

1882 1678 1933 1722 et
1961 1679 2147 1722 natura
2192 1669 2518 1730 animalium,
2555 1669 2884 1736 aliorumque
2929 1670 3065 1723 dicta
3107 1676 3248 1729 sunt,
3293 1679 3406 1720 me-

1885 1758 1998 1811 dius
2026 1757 2270 1811 incedens
2299 1769 2437 1825 sape
2467 1757 2734 1826 eleganter
2759 1759 3009 1811 disseruit
3037 1775 3050 1811 :
3077 1766 3406 1826 quaecunque

1883 1860 2010 1901 vero
2040 1846 2104 1898 de
2134 1845 2462 1912 dogmatibus
2490 1847 2872 1914 pronuntiavit,
2898 1857 2951 1900 et
2997 1847 3063 1900 de
3096 1848 3220 1911 fide,
3258 1847 3406 1901 aliis-

1881 1949 1984 2003 que
2034 1935 2250 2005 majoris
2298 1936 2781 2004 contemplationis,
2825 1935 3070 1988 omnibus
3123 1936 3404 2004 protulisse

1881 2026 2208 2092 absurdiora,
2241 2034 2294 2078 et
2333 2027 2422 2094 qui
2467 2033 2852 2094 praecesserunt
2899 2027 3088 2092 ipsum,
3117 2035 3170 2078 et
3201 2026 3288 2092 qui
3319 2039 3406 2079 se-

1881 2117 1986 2170 cuti
2027 2126 2166 2180 sunt,
2207 2119 2502 2187 reperitur;
2551 2117 2785 2186 exceptis
2829 2113 3088 2171 duntaxat
3135 2117 3404 2171 hzereseon

1881 2204 2226 2260 fmditatibus.
2256 2225 2274 2257 ι
2319 2205 2614 2274 Utrumque
2644 2215 2818 2260 autem
2868 2207 3212 2273 scriptionum
3253 2205 3403 2259 Grec-

1880 2307 2058 2348 carum
2101 2311 2286 2365 genus,
2333 2297 2578 2351 homilias
2616 2297 2755 2360 dico,
2796 2305 2850 2351 et
2892 2297 3054 2351 libros
3107 2311 3203 2365 per
3232 2298 3400 2351 otium

1879 2392 2176 2449 accuratos,
2207 2393 2261 2437 et
2289 2384 2540 2452 quidquid
2575 2382 3016 2452 denique.Gra:ce
3060 2386 3128 2438 ab
3171 2384 3400 2453 Origene

1880 2472 2131 2539 scriptum
2168 2481 2356 2535 exstat,
2407 2471 2561 2540 longe
2609 2473 2674 2528 iis
2712 2475 2956 2542 anteponi
2990 2473 3168 2541 jubeo,
3207 2489 3322 2542 qua
3346 2473 3404 2528 in

1880 2558 2127 2613 Latinum
2159 2575 2456 2614 sermonem
2482 2563 2717 2614 derivata
2752 2572 2897 2626 sunt,
2931 2572 2983 2616 et
3004 2564 3086 2618 vel
3112 2565 3401 2618 sublestam

1886 2649 2232 2718 interpretum
2275 2650 2452 2713 fidem,
2483 2651 2565 2703 vel
2601 2651 3055 2715 hallucinationes,
3085 2655 3166 2707 vel
3197 2664 3402 2707 utrum-

1881 2755 1982 2808 que
2027 2740 2409 2793 sustiuuerunt.
2466 2740 2608 2808 Inter
2661 2742 2975 2808 scriptiones
3013 2759 3128 2809 quae
3161 2744 3404 2798 Latinca

1881 2829 2144 2882 veteribus
2183 2844 2448 2882 converse
2475 2838 2703 2893 exstant,
2756 2830 2923 2898 prima
2962 2831 3063 2884 erit
3092 2845 3272 2885 earum
3304 2849 3402 2886 au-

1883 2919 2123 2983 Ctoritas,
2155 2935 2288 2987 quas
2317 2918 2625 2988 Hieronymi
2677 2921 2820 2972 dedit
2858 2921 3224 2988 interpretatio
3255 2939 3271 2974 :
3305 2938 3401 2990 pos

1884 3019 2134 3062 stremum
2180 3010 2428 3063 tenebunt
2472 3010 2662 3073 locum,
2689 3025 2803 3078 quae
2841 3025 2869 3063 a
2909 3011 3102 3066 Rufino
3127 3010 3404 3067 Latinitati

1883 3098 2091 3150 donatae
2128 3109 2268 3150 sunt.
2300 3099 2403 3151 Nec
2441 3099 2557 3166 plus
2585 3099 2704 3152 fidei
2733 3114 2861 3154 sane
2892 3103 3052 3155 veteri
3080 3100 3404 3156 Commenta.-

1883 3191 2076 3240 rion-um
2111 3191 2164 3241 in
2193 3187 2492 3240 Matthwum
2541 3190 2834 3256 interpreti,
2857 3191 3160 3258 quicunque
3193 3193 3404 3246 tandem

1883 3278 1971 3332 ille
2003 3281 2090 3341 sit,
2122 3293 2277 3345 quam
2316 3278 2504 3331 Rufino
2551 3278 2905 3332 adhibendum
2946 3288 3046 3332 est.
3080 3281 3228 3334 Illum
3263 3282 3306 3335 si
3335 3281 3403 3336 ad

1882 3367 2142 3430 Graecum,
2191 3381 2344 3434 quem
2387 3368 2593 3430 damus,
2634 3378 2938 3421 contextum
2982 3370 3247 3438 exegeris,
3271 3370 3408 3423 Deus

1882 3456 2040 3518 bone,
2076 3456 2213 3523 quod
2263 3457 2715 3523 interpretationis
2753 3468 3046 3512 monstrum
3073 3461 3404 3526 comperiesl

1883 3545 2043 3599 Totas
2090 3543 2325 3611 paginas,
2363 3553 2471 3596 tota
2519 3544 2642 3597 folia
2677 3558 2875 3607 assuta,
2923 3556 3029 3600 tota
3059 3550 3289 3601 detracta
3317 3549 3410 3602 de-

1880 3635 2194 3703 prehendes.
2233 3632 2352 3685 Haec
2390 3633 2565 3699 inter,
2617 3636 3002 3689 observandum
3071 3638 3197 3690 illud
3250 3639 3408 3690 etiam

1880 3725 2160 3778 discrimen
2191 3733 2293 3784 est,
2336 3722 2584 3787 majorem
2624 3738 2806 3776 eorum
2860 3739 2978 3779 esse
3020 3725 3274 3779 librorum
3312 3741 3407 3778 au-

1881 3815 2213 3874 ctoritatem,
2249 3827 2380 3879 quos
2431 3825 2590 3865 senex
2636 3813 3019 3877 Adamantius,
3057 3815 3267 3882 ingenio
3317 3829 3410 3881 per

1882 3913 2087 3957 aetatem
2118 3903 2284 3970 magis
2315 3903 2532 3955 subacto
2557 3902 2814 3964 elimavit,
2852 3919 3008 3970 quam
3043 3905 3131 3970 qui
3157 3903 3410 3956 eﬂ‘ereute

1883 4004 2000 4045 sese
2040 3990 2092 4041 in
2122 3988 2410 4054 iuventutis
2435 3996 2564 4040 testu
2594 3987 2913 4042 fecunditate
2940 3990 3137 4054 profusi
3165 3999 3308 4046 sunt.

1952 4079 2014 4132 γ.
2057 4077 2161 4130 Nec
2189 4078 2472 4144 aliquantis
2500 4079 2757 4131 duntaxat
2799 4079 3239 4145 Origeuianarum
3274 4081 3408 4132 scri-
3497 4063 3502 4070 ’

1883 4169 2123 4239 ptionum
2171 4169 2429 4234 partibus,
2467 4167 2548 4220 vel
2582 4169 2907 4221 notariorum
2937 4169 3296 4236 properantia,
3327 4168 3410 4222 vel

1883 4264 2253 4325 corruptorum
2286 4256 2468 4308 nocuit
2495 4257 2712 4310 audacia
2735 4273 2751 4322 ;
2773 4258 2864 4310 sed
2901 4257 2953 4310 in
2995 4267 3102 4310 tota
3132 4256 3288 4308 etiam
3324 4271 3408 4312 vo-

1883 4347 2079 4400 lumina
2157 4345 2451 4398 invidorum
2513 4345 2924 4413 intemperantia
2980 4356 3215 4415 grassata
3281 4355 3364 4401 est
3391 4360 3409 4399 εξ

259 4425 530 4495 dogmata,
563 4430 722 4483 iidem
757 4443 896 4482 nunc
930 4429 1258 4495 potissimum
1291 4429 1470 4482 valere
1491 4427 1700 4482 debent.
1726 4427 1781 4480 in

1885 4453 2006 4491 nam
2053 4436 2140 4504 qui
2193 4445 2338 4490 tanto
2376 4443 2568 4490 conatu
2604 4437 2652 4488 in
2684 4435 2930 4505 Origenis
2978 4437 3274 4490 doctrinam
3311 4451 3408 4489 sar-

250 4513 486 4573 homiliis
524 4519 723 4589 quippe
772 4519 836 4571 ad
875 4519 1014 4586 vulgi
1065 4531 1183 4572 sese
1226 4519 1647 4572 accommodavit
1693 4533 1782 4571 ca-

249 4615 418 4672 ptum,
454 4624 552 4664 nec
593 4610 891 4679 exquisitas
928 4610 1181 4662 doctrina:
1222 4622 1425 4663 merces
1456 4625 1486 4662 e
1515 4610 1782 4678 myrothe-

251 4695 349 4747 ciis
378 4700 492 4752 suis
521 4699 861 4768 depromptas
885 4698 1110 4753 indoctis
1147 4699 1449 4777 hominibus
1468 4700 1781 4766 propinavit.

249 4781 317 4834 At
356 4785 407 4837 in
433 4787 726 4843 elaboratis
772 4787 1086 4854 diligentiori
1149 4803 1276 4843 cura
1339 4789 1784 4842 lucubrationibus

250 4873 568 4931 eruditionis
623 4893 733 4933 sua:
767 4877 1127 4944 promptuaria
1185 4879 1458 4932 reseravit.
1505 4875 1669 4944 igitur
1719 4878 1783 4932 de

253 4957 472 5026 Graecis,
503 4967 598 5035 qui
631 4975 938 5037 supersunt,
967 4965 1116 5020 libris
1149 4967 1226 5020 sic
1266 4967 1602 5020 statuendum
1635 4975 1778 5035 puto,

253 5056 311 5099 ut
348 5065 674 5118 postremum
725 5057 960 5111 ordinem
1013 5057 1240 5110 homilire
1276 5065 1509 5120 teneant,
1552 5060 1780 5125 priorem

257 5141 482 5206 cogitate
513 5157 567 5198 et
609 5158 814 5201 attento
856 5146 1050 5214 scripta
1090 5159 1271 5212 opera,
1316 5147 1606 5214 cnjusmodi
1659 5156 1782 5201 sunt

257 5223 373 5279 libri
419 5244 598 5286 contra
639 5235 868 5298 Celsum,
895 5243 946 5289 et
974 5235 1109 5301 Περὶ
1137 5232 1353 5300 ἀρχῶν,
1387 5242 1436 5285 et
1461 5235 1608 5298 tomi,
1637 5235 1779 5302 judi-

260 5313 396 5367 cium
437 5319 500 5370 de
532 5322 614 5376 his
653 5339 803 5377 suum
836 5337 1132 5393 proponens
1172 5321 1491 5388 Epiphanius
1523 5323 1655 5373 hter.
1692 5321 1780 5386 64,

305 5488 441 5570 ,(55)
469 5494 722 5570 Quotquot
756 5518 873 5570 ergo
910 5501 1063 5552 libros
1081 5495 1316 5570 Origenis
1347 5495 1410 5546 ad
1446 5511 1537 5548 nos
1562 5496 1774 5570 fortuna

265 5563 571 5626 transmisit,
617 5563 833 5621 violato}
882 5585 987 5622 esse
1030 5563 1298 5619 verisimile
1329 5574 1425 5624 est,
1472 5576 1581 5619 etc.
1649 5565 1775 5620 Vide

270 5621 626 5701 Ergefationcm
668 5621 1066 5690 nostram-tonio
1101 5633 1272 5698 primo
1316 5621 1604 5699 praedium.
1649 5649 1773 5701 Pag-

271 5688 400 5758 ενδ.
433 5695 484 5758 Ῑι.
515 5701 600 5754 ubi
626 5688 947 5771 ostendimus
970 5688 1331 5757 hmreticoruni
1356 5688 1781 5758 adultera-tientia

1882 4527 2115 4591 viebant,
2146 4524 2328 4594 ejusne
2357 4526 2713 4593 pepercissent
2743 4525 2912 4587 libris,
2938 4532 2992 4578 et
3016 4540 3118 4579 non
3144 4539 3236 4578 eos
3263 4524 3412 4578 omni

1885 4617 2057 4670 studio
2094 4614 2478 4668 abolevissent?
2503 4615 2852 4668 Accesserunt
2881 4616 3066 4669 crebra
3090 4615 3410 4685 synodorum

1883 4712 1939 4756 et
1982 4701 2348 4770 episc0porum
2389 4701 2750 4764 anathemata,
2796 4702 2985 4770 quibus
3040 4702 3413 4765 Adamantius,

1884 4790 2286 4857 Adamantiique
2318 4788 2557 4842 doctrina
2588 4791 2835 4844 damnata
2885 4800 3001 4845 est:
3031 4800 3136 4844 tum
3174 4789 3411 4857 promul-‘v

1885 4886 2000 4945 gata
2034 4877 2171 4945 apud
2206 4876 2532 4930 recentiores
2560 4877 2771 4933 Graecos
2794 4880 3026 4946 decreta,
3057 4879 3245 4946 quibus
3271 4877 3410 4928 vetic
3449 4903 3452 4908 -

1886 4973 1994 5019 tum
2028 4975 2110 5020 est
2145 4981 2210 5021 ne
2243 4967 2362 5035 quis
2397 4965 2511 5033 eius
2533 4965 2698 5021 libros
2728 4967 3017 5022 describat.
3055 4965 3199 5018 Unde
3227 4958 3399 5013 maxi-

1885 5070 1982 5108 mae
2013 5053 2342 5123 Latinorum,
2391 5071 2451 5110 ac
2497 5055 2799 5110 Graecorum
2839 5054 3098 5124 praecipue
3133 5048 3406 5111 exempla-

1886 5145 2021 5197 rium
2055 5146 2189 5213 parti
2218 5145 2393 5200 clades
2418 5146 2559 5199 illata
2586 5154 2686 5208 est,
2712 5154 2766 5218 et
2805 5142 2996 5210 oppido
3024 5149 3185 5204 pauca
3217 5149 3282 5186 ex
3306 5135 3413 5188 hoc

1886 5233 2100 5288 interitu
2138 5246 2344 5290 servata
2391 5248 2532 5290 sunt.
2579 5236 2888 5302 Quanquam
2923 5229 3062 5281 euim
3097 5225 3280 5288 ingens
3313 5225 3413 5276 adv

1888 5323 1990 5375 huc
2038 5322 2474 5392 Origenianorum
2536 5337 2754 5393 operum
2817 5316 3055 5370 volumen
3119 5317 3420 5373 superest,

1881 5499 2092 5568 scriptis
2109 5497 2354 5568 Origenis
2385 5517 2486 5553 non
2512 5511 2700 5552 nocere
2715 5490 2945 5566 potuisse
2973 5500 3036 5536 ex
3055 5497 3158 5568 illi"
3183 5481 3423 5568 ?“A‘i{¢“:

1881 5559 2335 5632 lica-exemplaria
2361 5584 2571 5621 suorum
2611 5559 2970 5634 (lpernmipsc
3007 5565 3138 5618 ante
3183 5559 3427 5602 mortem

1881 5640 1932 5692 itt
1960 5638 2268 5693 Cmsaricusi
2298 5637 2619 5691 Bibliotheca
2648 5633 2906 5694 deposuit-
