3922 6474
389 441 519 496 1187

388 643 538 704 meri,
565 651 696 706 quas
726 633 793 686 ab
821 647 886 686 eo
925 631 1227 683 elaboratas
1285 627 1448 680 fuisse
1485 635 1695 680 veteres
1735 625 1913 693 prodi-

388 727 612 784 derunt?
651 723 845 776 Scribit
893 717 1216 784 Theophilus
1283 713 1475 768 Pasch.
1525 717 1548 768 1
1601 724 1656 767 et
1697 715 1732 767 2
1775 714 1916 767 hunc

394 840 412 871 ι
437 813 844 872 innumerabiles
876 809 1109 864 texuisse
1139 807 1322 868 libros,
1352 815 1404 858 et
1429 805 1759 872 garrulitatis
1786 818 1912 867 suae,

389 907 535 975 quasi
576 902 842 954 damnosa:
875 894 1225 966 possessionis
1258 893 1452 946 mundo
1485 891 1760 959 reliquisse
1809 891 1916 944 hce-

389 995 679 1049 reditatem.
705 1008 722 1040 ι
763 991 907 1039 Ἀνω
947 987 1039 1038 καὶ
1091 984 1236 1037 κάτω
1276 980 1606 1048 ταυτολογῶν
1635 980 1916 1050 ἐπλήρωσε

387 1083 482 1152 τὴν
531 1078 854 1147 οἰκουμένην
906 1076 1125 1144 ἀμέτρῳ
1176 1071 1436 1141 φλυαρίᾳ·
1479 1071 1556 1123 ait
1609 1068 1918 1122 Eustathius

388 1171 744 1224 Antiochenus
795 1166 868 1218 De
920 1173 1141 1232 engastr.
1178 1179 1195 1210 ι
1225 1161 1354 1225 Quis
1379 1169 1641 1220 nostrum,
1691 1176 1710 1209 ι
1752 1157 1922 1224 inquit

390 1260 738 1327 Hieronymus
775 1257 929 1324 epist.
979 1255 1065 1315 65,
1122 1252 1190 1306 ad
1245 1251 1548 1304 Pammacb.
1599 1259 1652 1303 et
1700 1247 1918 1310 Ocean.,

389 1362 506 1416 cap.
544 1349 598 1410 5,
634 1365 651 1397 ι
680 1355 826 1398 tanta
868 1352 1042 1413 potest
1085 1343 1284 1411 legere,
1318 1349 1514 1409 quanta
1550 1338 1641 1392 ille
1687 1336 1918 1392 conscri-

389 1437 524 1505 psit?
547 1455 564 1486 ι
615 1435 753 1488 Idem
804 1434 956 1502 epist.
999 1432 1086 1496 l8,
1139 1432 1202 1484 ad
1235 1430 1472 1484 Marcell.
1506 1448 1519 1482 :
1549 1447 1567 1480 ι
1592 1426 1919 1490 Ambrosius,

389 1540 494 1595 quo
547 1527 779 1585 chartas,
827 1529 1086 1589 sumptus,
1128 1521 1362 1574 notarios
1423 1519 1775 1580 ministrante,
1817 1525 1921 1569 tam

391 1611 802 1670 innumerabiles
851 1610 1012 1678 libros
1062 1622 1189 1661 vere
1237 1607 1584 1660 Adamantius
1644 1614 1820 1659 noster
1872 1611 1926 1656 et

389 1705 765 1760 Chalcenterus
785 1700 1054 1769 explicuit.
1081 1713 1099 1750 ι
1132 1697 1437 1752 Vincentius
1469 1696 1760 1749 Lirinensis
1788 1694 1925 1749 Con-

392 1801 473 1848 tra
505 1793 654 1855 ham,
677 1805 792 1859 cap.
819 1790 890 1841 25
920 1804 934 1840 :
969 1807 987 1839 ι
1008 1788 1111 1842 Sed
1146 1788 1302 1846 credo
1347 1801 1514 1855 pauca
1562 1784 1918 1851 conscripsit;

391 1895 547 1935 nemo
581 1877 878 1932 mortalium
912 1875 1080 1944 plura,
1116 1884 1170 1928 ut
1209 1874 1336 1928 mihi
1367 1887 1462 1925 sua
1488 1870 1664 1925 omnia
1705 1885 1807 1923 non
1844 1883 1924 1923 so-
1951 1855 1994 1911 Β

393 1973 498 2024 lum
531 1985 630 2023 non
673 1969 891 2037 perlegi,
927 1969 1017 2020 sed
1045 1981 1114 2019 ne
1142 1964 1367 2019 inveniri
1399 1963 1615 2032 quidem
1665 1975 1821 2028 posse
1846 1962 1925 2012 vi-

391 2058 787 2114 deanturJEx
847 2059 1100 2110 immenso
1157 2055 1256 2109 hoc
1312 2067 1441 2121 ergo
1489 2051 1917 2105 lucubrationum

394 2163 612 2202 numero
653 2145 927 2215 syntaclici
973 2157 1159 2196 nomen
1198 2143 1412 2196 meruit.
1453 2139 1709 2192 Futurum
1753 2148 1925 2190 autent

394 2236 756 2305 praesentiens,
804 2243 861 2287 ut
906 2234 1159 2284 immensa
1214 2231 1326 2282 haec
1382 2227 1658 2282 scribendi
1708 2227 1927 2280 licentia

395 2327 763 2380 nonnullorum
810 2324 911 2378 sibi
939 2319 1378 2390 reprehensiones
1401 2318 1780 2381 conscisceret,
1803 2315 1930 2368 mul-

396 2417 464 2471 tis
485 2433 601 2470 eam
647 2423 869 2469 excusat
904 2421 1046 2474 torno
1073 2412 1121 2462 v'
1147 2411 1202 2462 in
1243 2409 1426 2474 Joan.,
1468 2423 1616 2462 num.
1643 2408 1694 2473 l,
1723 2406 1758 2458 2
1789 2416 1843 2460 et
1872 2406 1926 2470 4,

395 2502 548 2571 cujus
625 2500 982 2557 excusationis
1051 2498 1345 2566 fragmenta
1407 2495 1569 2552 habes
1622 2495 1930 2550 Philocalia:

403 2609 520 2662 Cttp.
558 2592 610 2646 5.

462 2697 705 2751 Attamen
735 2697 930 2767 ingenti
963 2696 1085 2750 huic
1114 2695 1251 2749 libro
1268 2709 1382 2748 rum
1423 2696 1609 2763 copiae,
1657 2709 1813 2764 quam
1847 2696 1930 2748 in-

397 2787 776 2840 numerabilem
804 2801 921 2841 esse
953 2787 1134 2840 dicunt
1176 2784 1436 2852 nonnulli,
1466 2795 1669 2839 certum
1705 2786 1793 2837 alii
1827 2801 1929 2838 nu-

399 2889 599 2929 merum
643 2875 998 2944 assignarunt.
1046 2874 1372 2942 Epiphanius
1401 2873 1531 2927 hmr.
1563 2873 1653 2939 64,
1683 2888 1802 2942 cap.
1834 2873 1924 2939 65,

399 2965 760 3030 percrebuisse
789 2973 970 3017 narrat
994 2977 1086 3017 sex
1117 2963 1371 3016 librorum
1396 2962 1558 3014 millia
1592 2960 1660 3015 ab
1680 2975 1742 3014 eo
1767 2960 1932 3014 fuisse

394 3053 716 3120 conscripta.
750 3053 924 3120 Atque
969 3051 1022 3106 id
1068 3065 1136 3105 ex
1177 3051 1354 3119 seipso
1385 3048 1568 3115 refert,
1598 3064 1700 3102 non
1729 3064 1794 3103 ex
1823 3049 1932 3103 Me-

398 3143 600 3206 thodio,
650 3149 706 3195 ut
754 3156 1028 3210 perperam
1066 3147 1376 3193 asseverant
1416 3138 1922 3207 Magdebnrgenses,

396 3243 538 3288 cent.
566 3236 621 3295 5,
653 3247 770 3300 cap.
803 3233 888 3286 l0.
924 3231 1181 3284 Eumdem
1205 3232 1480 3298 assignant
1509 3243 1786 3282 numerum
1818 3226 1926 3280 llo-

399 3325 581 3377 norius
608 3320 1102 3391 Augustodunensis
1136 3321 1212 3373 De
1249 3318 1428 3384 script.
1458 3317 1658 3375 eccles..
1691 3332 1809 3383 cap.
1838 3317 1927 3382 55,

398 3422 451 3467 et
491 3412 760 3466 Cedrenus
804 3412 875 3462 in‘
908 3409 1116 3472 Severo,
1152 3417 1205 3461 et
1257 3423 1320 3461 ex
1355 3407 1594 3461 Cedreno
1645 3403 1836 3460 Snidas
1875 3407 1931 3458 in

399 3502 636 3569 Origene,
667 3509 721 3551 et
750 3497 940 3566 Glycas
969 3507 1108 3565 part.
1152 3514 1237 3559 ιιι,
1264 3497 1452 3548 Annal.
1502 3495 1762 3548 Prmterea
1787 3496 1934 3548 Ruﬁ-

401 3605 501 3644 nus
531 3591 582 3641 in
626 3587 801 3641 libello
839 3587 913 3640 De
950 3586 1327 3638 adulteratione
1369 3585 1614 3636 librorum
1667 3582 1928 3650 Origem's,

399 3681 464 3733 de
511 3676 802 3745 Epiphanio
835 3676 904 3728 ita
958 3676 1233 3744 loquitur:
1265 3693 1282 3724 ι
1314 3674 1544 3742 Denique
1591 3674 1806 3741 quidam
1865 3690 1934 3730 ex

401 3766 548 3834 ipsis,
579 3764 669 3834 qui
710 3779 766 3818 se
797 3763 938 3818 velut
979 3762 1374 3832 evangelizandi
1426 3763 1796 3816 necessitatem
1828 3779 1923 3832 per

400 3870 588 3909 omnes
625 3864 830 3922 gentes,
873 3863 928 3906 et
975 3867 1071 3921 per
1098 3866 1280 3905 omnes
1305 3851 1508 3920 linguas
1533 3852 1730 3905 habere
1760 3861 1931 3920 putat,

399 3947 465 3999 de
491 3943 716 4012 Origene
739 3940 880 3997 male
911 3939 1179 4008 loquendi,
1217 3953 1308 3992 sex
1334 3939 1495 3992 millia
1535 3938 1787 3993 librorum
1813 3939 1928 4007 ejus

405 4048 464 4089 se
507 4034 694 4102 legisse
748 4029 1136 4099 quamplurima
1187 4028 1409 4082 fratrum
1450 4028 1787 4083 multitudine
1837 4046 1936 4085 au-

401 4122 578 4176 diente
624 4119 898 4174 confessus
932 4126 1032 4174 est.
1066 4135 1086 4168 ι
1122 4117 1201 4171 Ad
1247 4132 1307 4170 ea
1345 4117 1710 4186 Hieronymus,
1750 4119 1840 4185 qui
1877 4133 1935 4173 se

400 4209 578 4262 omnia
615 4207 863 4276 Origenis
898 4206 1114 4271 habere,
1143 4205 1331 4273 legisse
1373 4219 1497 4258 vero
1537 4207 1930 4275 quamplurima

397 4297 630 4363 iactabat
676 4296 798 4351 libr.
843 4311 885 4350 ιι
948 4295 1123 4364 Apol.,
1159 4310 1278 4363 cap.
1321 4295 1374 4361 4,
1403 4295 1513 4348 haec
1567 4298 1774 4363 reponit
1814 4298 1931 4352 libri

403 4383 638 4450 ejusdem
666 4395 817 4440 sexto
847 4386 1019 4454 capite
1046 4401 1060 4438 :
1103 4404 1121 4436 ι
1155 4384 1229 4439 De
1259 4399 1349 4439 sex
1396 4385 1623 4438 millibus
1665 4397 1838 4441 autem
1871 4389 1935 4440 li-

407 4473 644 4535 brorum,
673 4490 806 4543 quos
832 4475 898 4528 ab
926 4490 989 4528 eo
1015 4489 1134 4529 esse
1176 4475 1344 4531 lectos
1373 4475 1653 4545 contingis,
1679 4477 1796 4544 quis
1823 4493 1937 4532 cre-

407 4564 497 4614 dat
538 4570 630 4615 aut
671 4573 722 4616 te
762 4580 941 4620 verum
985 4567 1181 4630 dicere,
1205 4576 1296 4620 aut
1340 4566 1485 4619 illum
1513 4566 1745 4634 potuisse
1784 4582 1934 4621 men-

410 4650 536 4703 tiri?
559 4649 614 4703 Si
641 4652 782 4704 enim
811 4653 1075 4722 Origenes
1100 4669 1193 4710 sex
1236 4655 1397 4709 millia
1431 4655 1734 4720 scripsisset
1764 4655 1933 4710 libro-

408 4755 544 4802 rum,
579 4750 819 4807 potuerat
867 4743 978 4796 fieri
1029 4753 1083 4798 ut
1123 4747 1206 4798 vir
1238 4745 1494 4808 eruditus,
1525 4755 1579 4797 et
1612 4745 1679 4798 ab
1709 4745 1930 4799 infantia

405 4830 574 4886 sacris
615 4830 805 4883 litteris
839 4832 1114 4888 institutus
1159 4849 1254 4902 pro
1282 4835 1589 4889 curiositate
1628 4845 1681 4887 et
1715 4836 1934 4890 scientia

409 4921 623 4990 legisset
653 4919 865 4972 aliena:
899 4923 1035 4987 quod
1072 4939 1197 4977 vero
1250 4925 1335 4978 ille
1377 4939 1480 4978 non
1529 4925 1766 4992 scripsit,
1813 4941 1938 4994 quo-

409 5013 563 5066 modo
590 5012 688 5065 iste
717 5009 894 5078 legere
937 5013 1147 5079 potuit?
1175 5013 1401 5069 Numera
1441 5016 1644 5069 indices
1678 5017 1932 5070 librorum

405 5102 536 5168 eius,
566 5102 659 5172 qui
697 5102 748 5154 in
783 5100 940 5154 tertio
961 5101 1228 5156 volumine
1251 5104 1481 5170 Eusebii,
1515 5107 1566 5158 in
1609 5120 1714 5172 quo
1751 5105 1937 5159 scribit

409 5191 584 5246 Vitam
619 5189 898 5259 Pamphili.
927 5190 1272 5244 continentur
1296 5209 1310 5256 ;
1337 5205 1389 5246 et
1416 5208 1519 5245 non
1557 5195 1674 5246 dico
1699 5209 1790 5246 sex
1815 5194 1938 5246 mil-

409 5280 499 5344 lia,
545 5284 636 5336 sed
684 5281 891 5334 tertiam
947 5287 1148 5345 partem
1201 5297 1303 5333 non
1355 5283 1611 5349 reperies.
1675 5283 1938 5337 Habemus

410 5371 684 5436 epistolam
715 5368 1002 5436 supradicti
1033 5367 1316 5435 pontificis,
1359 5371 1410 5421 in
1441 5386 1543 5438 qua
1585 5372 1706 5424 huic
1735 5370 1939 5423 calum-

412 5460 508 5510 nia:
537 5468 656 5519 tuas,
687 5459 810 5512 dum
838 5459 1009 5511 adhuc
1037 5471 1183 5510 esses
1218 5459 1267 5509 in
1297 5457 1532 5518 Oriente,
1562 5460 1860 5527 respondet,
1887 5467 1944 5510 et

413 5549 799 5612 apertissimum
859 5549 1188 5602 mendacium
1233 5549 1414 5606 [libora
1485 5550 1719 5602 veritatis
1769 5547 1944 5600 fronte

414 5633 679 5699 confutat;
707 5638 797 5702 lict
827 5638 877 5690 in
903 5639 1058 5706 epist.
1088 5639 1174 5703 62,
1231 5641 1295 5693 ad
1326 5638 1694 5706 Theophilum,
1716 5653 1833 5705 cap.
1860 5638 1894 5688 2
1926 5652 1938 5686 :

421 5742 438 5770 ς
469 5720 565 5774 Sex
597 5724 758 5778 millia
799 5723 1038 5794 Origenis
1089 5740 1259 5786 tomos
1289 5744 1390 5784 non
1430 5737 1635 5798 poterat
1663 5729 1941 5799 qttiSquam

1607 429 1671 481 Ρ.
1709 425 2014 478 υΑΜΕΙΔδ
2049 423 2283 476 ΗυΕἹΙὶ

387 561 545 624 quota
579 551 664 606 illa
684 560 810 615 pars
831 552 910 601 est
942 541 1113 612 magni
1155 540 1312 608 hujus
1345 538 1775 593 lucubrationum
1806 553 1908 590 nu—
1933 541 1985 598 Α
2008 530 2405 604 legere,‘quos
2473 525 2568 582 ille
2616 529 2732 578 non
2782 513 3047 587 scripsit
3080 528 3098 578 ;

3582 395 3730 450 H88

3161 489 3515 574 faciliusque
3569 506 3742 558 credo

2017 623 2204 679 testem
2250 619 2424 688 hujus
2458 614 2775 678 sermonis,
2808 621 3004 679 quam
3060 609 3376 658 auctorem
3411 609 3549 650 esse
3585 609 3744 648 men-

2013 715 2196 769 titum.
2229 733 2248 765 ι
2287 687 2470 780 Negat
2507 707 2914 773 Hieronymus
2943 695 3184 752 dixisse
3216 687 3624 760 Epiphanium
3651 699 3747 738 sex

2014 806 2274 860 librorum
2311 799 2579 870 Origenis
2632 794 2824 849 millia
2876 805 2910 843 a
2967 802 3038 842 se
3082 787 3278 846 lecta;
3318 781 3443 834 imo
3498 791 3641 830 vero
3671 783 3750 830 tot

2014 893 2081 946 ab
2117 890 2356 960 Origene
2399 865 2652 955 u'nquatn
2690 883 2887 935 fuisse
2947 873 3190 941 scripta
3226 876 3451 938 negat;
3490 865 3752 935 quamvis

2016 985 2070 1039 id
2101 994 2281 1037 tamen
2315 978 2714 1049 percrebuisse
2748 960 3149 1040 Epiphanius
3187 970 3451 1017 asserat.

2088 1074 2225 1139 Quid
2251 1071 2354 1126 sibi
2382 1069 2580 1122 volunt
2618 1065 2802 1134 igitur
2832 1059 3004 1114 Beda
3045 1057 3109 1110 in
3157 1053 3311 1107 libro
3353 1050 3449 1103 De
3488 1050 3593 1101 sea:
3621 1057 3755 1101 cla~

2019 1165 2154 1218 tibus
2187 1161 2403 1227 mundi,
2449 1159 2573 1212 Ado
2606 1152 3018 1212 Viennensis,
3072 1145 3474 1218 Hermannus
3507 1140 3750 1193 Contra-

2021 1261 2165 1314 ctus,
2227 1249 2515 1303 Marianus
2557 1244 2772 1299 Scotus
2821 1247 2889 1294 et
2942 1232 3275 1290 Conradus
3309 1227 3759 1297 Urspergensis,

2021 1347 2144 1393 eum
2193 1337 2596 1407 Hieronymum
2647 1331 2917 1401 quodam
2980 1326 3125 1380 loco
3177 1320 3518 1390 scripsisse
3592 1318 3760 1381 aiunt,

2021 1429 2259 1497 quinque
2287 1426 2458 1480 millia
2500 1423 2787 1478 librorum
2820 1416 3127 1486 Origenis
3162 1411 3386 1466 fuisse‘
3417 1408 3533 1463 sibi
3596 1407 3766 1497 perle-

2022 1496 2158 1574 cta?
2212 1517 2483 1571 Martinus
2532 1527 2670 1566 vero
2727 1511 3010 1565 Polonus
3068 1514 3135 1560 et
3192 1502 3403 1557 Guido
3465 1496 3765 1552 Carmelita

2033 1625 2129 1665 sex
2160 1606 2375 1663 millia?
2416 1605 2562 1672 Quid
2617 1603 2774 1674 apud
2836 1601 3014 1655 hunc
3076 1594 3446 1650 Guidonetn
3491 1588 3760 1654 Isidorus,

2027 1702 2222 1771 quisic
2251 1701 2571 1768 loquentem
2606 1694 2844 1750 inducit
2876 1690 3235 1759 Origenem
3277 1703 3294 1739 :

2165 1793 2428 1853 Condere,
2455 1791 2502 1844 si
2530 1789 2740 1852 credis,
2779 1784 3001 1840 studui
3035 1788 3128 1834 tot
3163 1778 3374 1853 utillia
3408 1776 3616 1853 libros,

2161 1845 2298 1928 ριιὸι
2322 1845 2458 1930 legio
2491 1858 2686 1911 missos
2720 1845 2890 1908 ducit
2933 1855 3004 1906 in
3046 1852 3232 1904 arma
3270 1848 3439 1900 uiros
3461 1845 3488 1898 1’

2031 1976 2172 2029 Sane
2198 1974 2413 2028 videtur
2447 1971 2503 2025 id
2535 1977 2837 2036 sumptum
2881 1981 2968 2020 ex
3023 1961 3337 2032 proxime
3392 1957 3631 2011 laudato
3667 1955 3765 2010 Ru-

2029 2065 2122 2119 ﬁni
2167 2064 2302 2127 loco,
2342 2064 2436 2132 qui
2475 2075 2604 2114 cum
2653 2056 2991 2126 Epiphanii
3031 2067 3282 2108 nomen
3341 2065 3469 2105 non
3497 2048 3764 2114 exhibeat,

2031 2154 2187 2209 facile
2224 2169 2346 2208 eum
2397 2151 2466 2204 ad
2516 2150 2962 2217 Hieronymum
3031 2144 3414 2199 retulerunt
3466 2138 3764 2209 scriptores

2033 2245 2128 2309 illl,
2156 2240 2622 2312 quemadmodum
2655 2241 2731 2293 ab
2762 2239 3040 2292 Erasmo
3078 2235 3327 2290 deinde
3370 2243 3435 2287 et
3460 2231 3767 2288 Genebrar-

2033 2336 2100 2390 do
2126 2335 2328 2390 relatus
2368 2340 2475 2386 est.
2523 2330 2691 2398 Quod
2729 2339 2942 2384 autem
2986 2329 3295 2396 quinque
3341 2326 3636 2379 librorum
3664 2321 3771 2377 mil-

2034 2426 2102 2479 lia
2134 2424 2378 2492 plerique
2410 2429 2635 2484 notant,
2665 2435 2804 2475 cum
2839 2435 2956 2475 sex
3015 2419 3134 2472 alii
3171 2425 3686 2478 commemorent,
3710 2429 3768 2468 ex

2034 2515 2326 2582 corruptis,
2362 2521 2422 2565 ut
2461 2512 2579 2566 fere
2610 2512 2695 2575 lit,
2735 2510 3137 2565 numerandi
3190 2509 3386 2564 notis
3415 2519 3610 2562 ortum
3635 2519 3768 2561 erro-

2035 2616 2148 2655 rem
2172 2611 2324 2669 puto.
2356 2599 2476 2654 Utri
2505 2607 2694 2653 autem
2732 2599 3261 2653 assentiendum
3304 2596 3634 2667 potius,vel
3654 2595 3766 2649 Hie-

2034 2705 2261 2758 ronymo
2307 2697 2389 2743 tot
2439 2689 2682 2755 scriptos
2728 2687 2806 2741 ab
2847 2686 3152 2759 Origene
3181 2689 3402 2744 libros
3436 2685 3768 2758 perneganti,

2033 2795 2102 2834 an
2152 2781 2452 2849 Epiphanio
2519 2779 2578 2833 id
2637 2780 2795 2849 vulgi
2858 2795 3189 2834 sermone
3271 2781 3433 2835 ferri
3491 2778 3767 2838 asserenti,

2034 2869 2280 2940 equidem
2312 2868 2519 2924 nescio.
2558 2866 2738 2922 Fama
2773 2869 3060 2939 quippe,
3103 2869 3338 2924 futilis
3367 2881 3585 2924 aucto.-
3613 2888 3629 2924 ε
3661 2868 3772 2922 me.

2037 2959 2249 3029 ronymi
2282 2974 2416 3013 vero
2463 2960 2634 3013 inane
2687 2972 3158 3026 argumentum
3191 2981 3213 3030 ;
3265 2977 3418 3017 nam
3452 2961 3702 3032 quamvis
3726 2961 3768 3017 in

2036 3051 2304 3104 indicibus
2351 3049 2617 3104 librorum
2677 3048 3003 3119 Origenis,
3045 3067 3229 3121 quos
3301 3057 3367 3109 in
3430 3055 3606 3109 tertio
3656 3053 3768 3103 Vita:

2037 3140 2304 3210 Pamphili
2353 3141 2492 3195 libro
2576 3141 2879 3196 Eusebius
2960 3156 3467 3212 pertexuerat,
3531 3161 3639 3199 non
3690 3160 3768 3197 sex

2032 3232 2203 3297 mille,
2234 3233 2327 3285 sed
2354 3246 2419 3285 ne
2445 3232 2607 3286 tertia
2637 3233 2885 3300 quidem
2918 3248 3088 3301 pars
3128 3247 3409 3306 reperta
3438 3238 3540 3301 sit,
3570 3236 3772 3289 minimc

2033 3319 2161 3372 hinc
2219 3317 2448 3372 efficitur
2499 3331 2609 3371 non
2665 3318 2878 3386 plures
2947 3323 3038 3374 ab
3096 3323 3406 3394 Origene
3441 3324 3768 3380 lucubratos.

2031 3419 2193 3473 quam
2225 3412 2355 3473 quot
2389 3412 2755 3458 recensuerat
2787 3404 3159 3464 Eusebius.
3233 3413 3404 3467 Pars
3455 3411 3645 3478 aliqua
3674 3410 3773 3478 jam

2034 3494 2414 3558 interciderat;
2442 3506 2569 3560 pars
2603 3493 2786 3562 ipsius
2804 3493 3142 3566 eﬁ‘ngcrat
3180 3501 3581 3570 diligentiam
3610 3522 3623 3555 :
3665 3502 3779 3556 licet

2034 3585 2178 3637 enim
2200 3584 2290 3638 lib.
2320 3599 2372 3636 v1
2410 3582 2646 3645 Histor.,
2680 3598 2816 3652 cap.
2849 3585 2962 3651 '52,
3010 3603 3427 3646 accuratum
3461 3608 3663 3646 eorum
3696 3608 3777 3644 ca-

2037 3675 2273 3746 talogum
2316 3675 2556 3728 texuisse
2599 3687 2662 3727 se
2705 3676 2976 3742 scribat,
3029 3696 3178 3735 non
3217 3699 3465 3746 omnes
3502 3695 3686 3738 tamen
3716 3683 3773 3736 ad

2035 3765 2206 3832 ipsius
2235 3765 2482 3819 notitiam
2513 3767 2866 3833 pervenisse
2893 3745 3354 3834 crediderim.

2111 3854 2187 3909 Ne
2215 3855 2336 3922 quis
2361 3868 2494 3907 vero
2529 3865 2761 3909 censeat
2793 3870 2908 3910 sex
2955 3859 3074 3914 illa
3147 3864 3474 3922 librorum
3529 3867 3713 3933 millia,
3737 3866 3776 3922 si

2037 3945 2195 3998 modo
2247 3945 2470 4000 totidem
2529 3944 2598 3998 ab
2646 3943 2912 4017 Origene
3019 3957 3274 4027 scripti
3319 3971 3496 4022 sunt,
3554 3961 3774 4030 ingentia

2036 4037 2312 4123 quaedamA
2345 4035 2627 4090 volumina
2692 4036 2933 4104 fuisse,
3023 4047 3421 4115 cujusmodi
3478 4063 3616 4123 puta
3661 4067 3781 4122 opus

2036 4135 2217 4175 contra
2272 4120 2509 4186 Celsum,
2546 4127 2635 4177 \cl
2680 4140 2828 4194 opus
2863 4130 3040 4200 Περὶ
3093 4137 3391 4208 ἀρχῶν,
3424 4120 3518 4195 vel
3582 4120 3708 4197 torni
3738 4143 3783 4191 in

2037 4301 2232 4370 singuli
2257 4303 2421 4396 tomi,
2461 4303 2698 4373 singulae
2766 4309 3083 4380 homilir,
3148 4335 3283 4377 suo
3341 4341 3609 4396 quaeque
3641 4301 3785 4379 titulo

2037 4402 2090 4489 et
2127 4395 2343 4489 nomine
2400 4393 2457 4448 in
2511 4396 2665 4452 hunc
2713 4414 3012 4469 censum.
3050 4393 3452 4484 venerunt;
3503 4393 3678 4489 atque
3725 4417 3781 4470 iu

2041 4481 2198 4578 facile
2230 4481 2424 4550 ingens
2474 4485 2570 4578 ille
2601 4503 2889 4547 numerus
2925 4500 3226 4567 prodiit,
3268 4508 3386 4575 qui
3429 4481 3549 4564 nec
3576 4481 3784 4578 supcrat

2041 4571 2222 4675 (idem,
2267 4587 2386 4675 nec
2444 4577 2606 4633 valde
2666 4581 2969 4675 mirabilis
3024 4603 3161 4648 est.
3243 4571 3488 4657 Fertur
3540 4571 3785 4675 Didvmus

2037 4659 2444 4760 Alexandrinus
2469 4671 2895 4735 grammaticus
2945 4680 3032 4732 ad
3076 4686 3218 4740 tria
3260 4693 3470 4746 millia
3507 4659 3784 4754 librorum.

2040 4759 2093 4854 et
2111 4758 2458 4852 quingentos
2491 4758 2816 4846 scripsisse.
2869 4763 3130 4827 Narrat
3165 4777 3512 4854 Georgius
3557 4786 3787 4841 Alexan-

2044 4839 2232 4940 drinus
2261 4841 2386 4940 pios
2422 4843 2694 4940 quosdam
2735 4853 2904 4909 viros
2942 4873 3100 4926 post
3156 4839 3791 4940 Clirys‘ostomiﬁmor-

2045 4938 2173 4994 tem,
2199 4931 2458 4988 liomilias
2488 4937 2611 5004 ejus
2641 4941 3046 5012 octingentas
3076 4931 3602 5032 supra-quatuor
3637 4968 3791 5026 mille.

2043 5033 2166 5125 cum
2195 5036 2536 5125 omnes-non
2571 5043 2834 5100 possent,
2873 5038 2934 5089 in
2985 5057 3200 5102 unum
3252 5055 3622 5125 collegisse.
3657 5061 3789 5111 Tan~

2047 5120 2154 5219 tam
2192 5127 2324 5167 vero
2357 5114 2649 5219 ‘llDEOI‘ulll
2703 5121 3151 5197 Cbrysostomi
3231 5114 3533 5213 ejusdein
3587 5151 3788 5219 copiam

2043 5200 2214 5305 fuisse
2255 5207 2420 5260 tradit
2453 5207 2688 5276 Suidas,
2719 5225 2782 5270 ut
2830 5235 3175 5284 numerum
3212 5196 3788 5306 superaretitcrtnin

2043 5306 2198 5358 quast
2250 5310 2366 5350 rem
2428 5313 2541 5354 non
2582 5305 2728 5360 satis
2781 5309 3249 5388 significasset,
3306 5305 3559 5386 addit:
3593 5330 3789 5385 Τὼνεὲ

2045 5388 2726 5493 ῗῖγξαμμάῖωνααὲτοῠ
2756 5403 3154 5493 Δδιαπειλέγειθιι
3192 5416 3315 5470 τὸν
3372 5422 3666 5493 ἀριθμὸν,
3700 5423 3787 5474 οὐκ

2048 5473 2360 5575 ανθρωτιτὲυ,
2401 5480 2638 5538 Θεοῦ’δὲ
2672 5489 2888 5558 μᾶλλον
2915 5496 3024 5548 τοῦ
3087 5503 3176 5556 τὰ
3229 5462 3459 5564 πάντέ
3483 5462 3787 5575 γίνώὲκονο

2048 5576 2164 5624 τος.
2208 5582 2226 5614 ι
2253 5566 2384 5632 Ejus
2416 5585 2552 5629 vero
2611 5576 3102 5644 lucubrationum
3171 5555 3786 5657 recensereuhunie-

2053 5665 2201 5763 ttlnt,
2239 5673 2368 5759 non
2397 5663 2672 5763 lio-ruinis,
2715 5677 2814 5730 sed
2846 5675 2946 5731 Dei
3008 5686 3237 5750 potius
3273 5702 3409 5757 est,
3456 5665 3783 5763 qusomnia

2051 5753 2359 5812 cognoscit.
2394 5772 2412 5805 ι
2461 5753 2672 5815 Fertur
2710 5761 3060 5828 Theodorus
3124 5753 3625 5849 Mopsuestenus
3667 5787 3783 5851 ιἸιιί
