3922 6446
266 379 388 434 “£9

1091 372 1636 432 ORIGENIANOHUM
1665 375 1792 432 LIB.
1829 371 1917 442 Ill,
1958 371 2104 434 CAP.
2137 377 2204 447 II,
2239 378 2426 434 SECT.
2465 379 2507 433 Ι.

3238 370 3370 431 H90

263 508 404 560 quam
440 491 613 545 decem
638 489 956 543 voluminum
1002 489 1165 542 millia
1202 487 1450 550 edidisse,
1477 487 1752 557 Raymun-
1780 497 1830 550 Α
1858 489 2208 559 Hieronymus
2251 490 2303 544 iu
2357 489 2618 545 Protemio
2683 487 3040 542 Traditi'onunt
3097 485 3371 541 llebraica-

261 584 349 636 dus
376 595 494 633 vero
535 579 728 632 Lullius
757 578 871 646 plus
905 592 1059 644 quam
1090 586 1336 645 quatuor.
1373 575 1541 628 Causa
1594 575 1758 642 igitur

260 686 356 724 non
405 675 517 722 erat
555 684 644 718 cur
679 682 771 720 sex
820 665 961 718 mille
1010 665 1173 718 libros
1215 666 1281 718 ab
1328 663 1550 730 Origene
1595 663 1760 718 fuisse

260 754 468 821 scriptos
511 763 614 803 tam
655 751 931 818 praefracta
973 751 1366 804 asseveratione
1408 749 1759 818 Hieronymus

260 841 604 904 iuliciarclur;
646 853 766 890 cum
813 852 931 892 eum
974 839 1262 904 praesertim
1291 838 1514 890 fateatur
1537 838 1676 891 mille
1707 846 1762 891 et

257 944 317 983 eo
343 927 559 996 amplius
587 936 840 980 tractatus
878 928 928 980 in
965 927 1193 980 Ecclesia
1236 926 1395 978 fuisse
1437 926 1686 990 locutum,
1709 934 1763 980 et

259 1015 650 1068 innumerabiles
696 1025 948 1080 praeterea
1007 1024 1176 1068 tomos
1224 1013 1470 1066 edidisse.
1520 1013 1756 1066 Iudicem

255 1119 403 1172 porro
442 1104 688 1155 librorum
737 1104 918 1171 ipsius.
953 1113 1072 1169 post
1118 1101 1418 1164 Eusebium,
1461 1102 1598 1155 idem
1629 1115 1762 1170 quo-

253 1207 348 1258 que
417 1191 825 1246 concinnaverat
881 1191 1231 1260 Hieronymus
1296 1190 1349 1243 in
1400 1191 1754 1246 voluminibus

251 1280 601 1347 epistolarum,
632 1295 767 1347 quas
805 1282 868 1334 ad
899 1280 1108 1333 Paulam
1153 1278 1462 1346 scripserat;
1484 1290 1538 1334 et
1567 1279 1752 1348 Orige-

251 1386 360 1434 ncm
378 1385 492 1422 cum
514 1369 768 1433 Varrone,
787 1372 897 1422 viro
912 1369 1233 1438 πολυγράφῳ
1248 1370 1560 1432 contulerat,
1578 1377 1634 1421 ut
1648 1369 1762 1435 ipse

251 1461 311 1515 de
338 1476 392 1513 se
417 1470 635 1512 testatur
670 1463 720 1513 in
760 1461 890 1514 libro
926 1459 1000 1512 De
1026 1463 1256 1526 scriptor.
1299 1459 1494 1523 eccles.,
1530 1472 1644 1524 cap.
1674 1457 1758 1511 85.

314 1550 398 1604 VI.
436 1551 694 1603 Cmtcrum
730 1565 848 1602 cum
887 1551 1023 1602 circa
1055 1549 1214 1602 libros
1254 1563 1432 1602 sacros
1465 1548 1613 1600 labor
1644 1544 1764 1600 Ori-

250 1637 407 1706 genis,
435 1646 486 1689 et
534 1635 790 1689 industria
857 1634 1186 1703 potissimum
1239 1644 1447 1686 versata
1497 1633 1604 1697 sit,
1651 1647 1754 1686 non

251 1729 426 1780 eadem
479 1726 712 1779 editione
751 1726 802 1778 lu
851 1723 916 1777 iis
964 1724 1366 1792 interpretandis
1402 1737 1525 1776 usus
1548 1730 1629 1775 est
1663 1736 1678 1772 :
1709 1721 1763 1773 in

1857 590 2011 629 rum:
2040 593 2058 626 ι
2086 578 2156 630 De
2207 577 2520 631 Adamantio
2556 587 2732 632 autem
2775 577 2940 642 sileo,
2989 576 3138 646 cujus
3183 589 3372 631 nomen

1857 663 1920 733 (si
1961 678 2122 732 parva
2149 663 2275 718 licet
2301 677 2616 733 componere
2657 663 2880 732 magnis)
2912 678 3031 718 meo
3053 666 3264 718 nomine
3298 665 3373 718 in‘-

1857 754 2114 811 vidiosius
2145 754 2374 822 estzqoi
2406 768 2524 808 cum
2579 755 2630 808 in
2677 753 2910 808 homiliis
2959 753 3090 818 suis,
3133 768 3266 822 quas
3305 754 3373 807 ad

1859 842 2066 910 vulgum
2094 841 2356 909 loquitur,
2383 855 2715 895 communem
2763 843 3046 896 editionem
3095 851 3374 908 sequatur;

1861 932 1910 984 in
1962 931 2132 990 tomis,
2163 931 2214 982 id
2257 939 2337 984 est
2379 929 2430 982 in
2485 929 2830 995 disputatione
2877 930 3059 998 majori
3116 929 3375 983 Hebraica

1859 1017 2084 1071 veritate
2131 1017 2373 1084 stipatus,
2413 1023 2466 1069 et
2503 1029 2719 1068 suorum
2752 1018 3107 1070 circumdatus
3151 1018 3376 1085 agmini-

1861 1107 1981 1166 bus,
2012 1107 2274 1159 interdum
2323 1105 2514 1174 linguae
2550 1104 2839 1172 peregrinae
2884 1107 3074 1173 quaerit
3108 1107 3322 1159 auxilia.
3351 1122 3371 1156 s

1861 1194 2119 1258 Quocirca
2164 1192 2451 1260 Scriptura;
2492 1191 2796 1246 testimonia
2823 1194 2888 1245 ab
2918 1208 2980 1246 eo
3017 1207 3377 1262 saepenumero

1861 1283 2012 1336 aliter
2066 1281 2227 1335 relata
2275 1283 2528 1350 reperies,
2571 1296 2634 1336 ac
2668 1281 2721 1335 in
2763 1281 3084 1336 editiouibus
3112 1294 3370 1350 concepta
3427 1329 3436 1342 ,

1863 1378 2002 1434 sunt,
2045 1381 2161 1436 qua}
2210 1366 2364 1420 hodie
2409 1367 2882 1422 circumferuntur:
2919 1371 3055 1435 quod
3096 1380 3147 1422 et
3178 1384 3240 1423 ex
3268 1385 3378 1423 me-

1864 1457 2044 1510 moria-
2092 1456 2306 1524 perﬁdia
2342 1455 2623 1523 aliquando
2660 1457 2897 1526 contigit.
2923 1456 3024 1509 Par
3058 1457 3108 1509 in
3141 1457 3376 1524 Evange-

1863 1543 2048 1596 liorum
2073 1542 2399 1610 depromptis
2440 1542 2506 1596 ab
2531 1556 2594 1596 eo
2617 1542 2748 1596 locis
2781 1543 3062 1596 discrimen
3101 1544 3376 1608 occurrit;

1863 1647 1983 1684 nam
2028 1641 2380 1700 praeterquam
2427 1630 2567 1698 quod
2612 1630 2875 1684 variantes
2957 1646 3080 1684 suas
3133 1631 3380 1685 lectiones

1863 1720 1994 1774 Novi
2035 1733 2241 1787 quoque
2271 1719 2595 1773 Testamenti
2637 1719 2847 1773 codices
2888 1719 3166 1782 habebant,
3195 1729 3252 1772 ut
3285 1721 3381 1773 lio-

251 1816 478 1870 liomiliis
504 1815 762 1882 siquidem
785 1827 915 1880 quas
945 1813 1009 1866 ad
1033 1812 1204 1880 populi
1225 1819 1431 1877 captum
1461 1822 1760 1882 accommo;
1793 1841 1836 1898 Β
1861 1807 2049 1875 dieque
2070 1807 2298 1870 habent;
2329 1806 2574 1860 utebatur
2612 1805 2678 1858 ad
2703 1805 2826 1858 haec
2847 1820 3208 1873 strpenumero
3241 1807 3384 1859 Ada-

249 1905 423 1970 dabat,
478 1905 762 1958 editionem
817 1903 1132 1969 sequebatur
1189 1914 1556 1960 communem,
1605 1911 1761 1965 quam

249 2009 342 2047 usu
365 1993 676 2062 quotidiana
706 1990 929 2060 populus
977 1989 1316 2054 conterebat;
1349 1987 1400 2040 in
1437 1987 1589 2040 tomis
1633 1999 1756 2040 vero

249 2081 498 2136 Hebraica
508 2098 554 2134 m
581 2082 874 2144 veritatem,
895 2079 1128 2146 aliasque
1148 2079 1375 2132 editione
1389 2091 1414 2130 s
1433 2073 1760 2130 consulebat.

1866 1895 2106 1949 mantius
2146 1893 2426 1963 Evangelia
2464 1894 2749 1949 secundum
2806 1893 3075 1956 Hebraeos,
3127 1904 3181 1946 ut
3219 1894 3382 1946 tradit

1867 1985 2214 2054 Hieronymus
2242 1983 2293 2036 in
2313 1984 2415 2048 lib.
2437 1981 2526 2051 De;
2542 1983 2722 2049 script.
2771 1983 2966 2043 eccles.,
3003 1997 3116 2049 cap.
3149 1981 3202 2046 4,
3229 1991 3384 2050 atque

1866 2070 1988 2126 inde
2021 2071 2431 2140 discrepantiam
2471 2071 2615 2125 illam
2656 2071 2924 2125 exstitisse
2960 2071 3209 2139 conjicio.

1169 2286 1171 2288 .
1590 2287 1593 2288 ν
1744 2287 1749 2288 γ
1770 2287 1787 2288 7
1872 2287 1881 2288 κ
1946 2287 1963 2288 7
1992 2276 2864 2288 ,77—.—_—_.——l—___‘

1529 2468 1897 2560 CAPUT
1954 2469 2087 2556 II.

1238 2659 1529 2740 Origeuis
1570 2658 1884 2738 exegetica
1925 2666 1984 2722 et
2022 2668 2396 2741 ὲρμηνευτικὰ.

306 2951 524 3025 Carius
549 2965 764 3006 saeuam
791 2965 1160 3025 ΡΑῐιτιτιοηή
1185 2952 1514 3025 Sectionibns
1557 2955 1724 3025 tribus
1749 2955 1759 3009 1

1879 2965 2037 3025 caput
2059 2956 2394 3025 ’continctur.
2427 2953 2468 3009 1.
2497 2951 2657 3025 Varia
2684 2951 3114 3025 Origenianorum
3142 2952 3391 3022 ἐξηγητι-

241 3019 348 3072 κῶν
379 3033 573 3088 genera
611 3031 1006 3094 percensentnr.
1039 3022 1099 3094 ll.
1130 3023 1347 3094 Singula
1380 3024 1618 3094 Origenis
1650 3019 1974 3094 ἐξηγηταί,
2009 3041 2228 3094 quorum
2277 3024 2484 3092 quidem
2535 3024 2597 3094 ad
2639 3019 2954 3094 hanc'diem
3009 3019 3264 3094 memoria
3295 3019 3392 3094 sn-

240 3100 456 3162 perest_,_
491 3099 888 3162 enumerantur.
927 3088 1332 3162 ll_l._Agi_tur;tle
1369 3088 1650 3162 exegeticis
1687 3088 1814 3162 quas
1841 3088 2120 3162 supersunt
2144 3132 2158 3152 ,
2197 3088 2367 3162 deque
2403 3091 2624 3162 vetustis
2670 3091 2901 3162 ipsorum
2935 3089 3388 3162 interpretationi-

242 3155 480 3277 ίὲιΐῗτὲ
511 3156 818 3277 Pis-putatur
848 3157 912 3210 de
943 3155 1182 3226 Origenis
1221 3155 1507 3226 Tetraplis',
1544 3155 1792 3229 Hexaplt‘s
1817 3197 1834 3223 ,
1863 3155 1918 3216 et
1945 3162 2172 3229 Octaplis
2216 3155 2385 3228 deque
2409 3160 2629 3228 _vu|gata
2679 3155 2906 3213 editione
2931 3155 3271 3226 Septuaginta
3305 3156 3391 3211 ln-

477 3240 512 3277 n
534 3260 549 3276 .

295 3233 549 3291 rpretum.

865 3441 1098 3496 SECTIO
1131 3441 1167 3494 1.
1595 3434 1620 3462 ⁸
1796 3449 1838 3508 c
1937 3440 2292 3498 Confutandus
2325 3439 2511 3494 deinde
2533 3437 2675 3492 venit
2700 3435 3069 3490 nonnullorum
3099 3449 3266 3499 error,
3297 3437 3389 3506 qui

173 3539 189 3552 -
277 3520 428 3562 ωω
465 3521 897 3562 οιιιῦεκιλκοιίυκ
933 3525 1327 3566 EXEGETlCOHUI
1365 3525 1567 3565 σεπτεμ
1607 3528 1736 3566 PER.

851 3593 1162 3631 CENSENTUR.

58 3665 78 3684 :-
137 3685 142 3690 .
235 3640 289 3696 1.
319 3643 650 3708 Srripturum
691 3646 1181 3727 suerunt'Ainbrosii
1212 3658 1392 3726 rogatu
1419 3647 1658 3727 Origenes
1688 3649 1769 3700 in-

305 3721 620 3782 terpretatus
659 3725 750 3763 est.
781 3711 1125 3782 Confutanlur
1153 3711 1401 3778 nonnulli,
1437 3711 1531 3781 qui
1551 3718 1769 3782 primum

307 3777 602 3848 Scriptura:
639 3796 800 3848 sacra:
827 3781 1142 3840 interpretem
1180 3784 1340 3845 ipsum
1380 3777 1763 3848 ['uisse'volunt.

307 3846 368 3898 ΙΙ.
395 3845 717 3897 Dividuntur
749 3846 980 3913 Origeuis
1007 3852 1254 3913 exegetica
1287 3851 1339 3899 in
1364 3845 1578 3911 scholia,
1601 3851 1764 3902 homi-

303 3914 403 3983 (ξτες
442 3924 492 3966 et
532 3924 728 3983 tomos;
768 3913 848 3965 ΙΙΙ.
892 3917 958 3983 de
989 3918 1166 3979 quibus
1205 3917 1463 3981 sigillatim
1498 3919 1763 3983 quwritur.

305 3981 393 4034 1V.
438 3982 578 4051 Quid
618 3986 718 4033 sint
757 3981 1096 4051 O'ﬂﬂSldW’é‘lg‘
1133 3986 1439 4047 disputatur.
1469 3981 1526 4039 ν’.
1566 3985 1768 4051 Ἑρμη-

301 4050 544 4102 νευτικὰ
561 4064 686 4120 pars
730 4049 1111 4120 Ἐξηγῃτικῷν
1155 4051 1406 4117 Epistolas
1433 4053 1563 4105 inter
1589 4049 1766 4120 synta-

303 4132 480 4186 gntum
523 4118 854 4188 Collocamus.
895 4117 972 4169 Vl.
1011 4117 1252 4186 Origenes
1299 4117 1631 4182 historicum;
1657 4136 1768 4188 my-

306 4185 498 4244 sticum
528 4196 576 4238 et
625 4185 870 4252 moralem
908 4185 1115 4238 sensum
1143 4190 1446 4252 perscrutari
1477 4189 1619 4240 solet.
1661 4185 1765 4240 VH.

301 4261 412 4312 (.‘ur
447 4256 620 4306 minor
643 4252 696 4304 in
735 4251 876 4304 Novo
903 4270 1054 4320 quam
1084 4251 1149 4306 in
1173 4253 1332 4307 Veteri
1361 4253 1676 4308 Testamento
1703 4258 1766 4308 ab

299 4323 580 4382 Ambrosio
609 4320 781 4372 dictus
804 4322 888 4386 sit,
928 4325 1269 4390 investigatur.

317 4414 361 4468 l.
427 4412 733 4475 Antequam
813 4408 957 4460 Varia
1015 4408 1448 4475 Origenianorum
1513 4411 1765 4481 ἐξηγητι-

231 4505 342 4558 κῶν
377 4514 582 4574 genera
621 4510 980 4565 percenseam,
1021 4510 1329 4553 revocentur
1372 4501 1425 4554 in
1463 4501 1766 4554 memoriam

231 4606 347 4664 qua:
373 4605 538 4660 supra
565 4598 746 4643 notata
773 4595 914 4648 sunt,
935 4589 998 4640 ad
1030 4589 1452 4656 iuterpretandos
1480 4589 1767 4657 Scriptura:

232 4695 399 4734 sacrae
444 4679 646 4739 libros,
673 4674 937 4728 Ambrosii
968 4675 1219 4738 consiliis,
1254 4676 1563 4730 auctoritate
1593 4685 1646 4729 et
1683 4693 1768 4730 ro-

1865 3533 2091 3602 primum
2121 3530 2398 3598 Origenem
2444 3526 2744 3596 Scripturas
2783 3527 3389 3608 fuisse.interpretatum

1866 3621 2058 3675 litteris
2086 3619 2449 3688 prodiderunt.
2474 3616 2528 3669 In
2551 3617 2631 3670 his
2653 3617 2836 3670 beatus
2862 3615 3145 3670 Rhenanus
3171 3619 3234 3669 ad
3260 3615 3388 3670 Her-

1867 3724 2114 3763 mannum
2159 3707 2608 3776 archiepiscopum
2641 3705 3006 3760 Colonieusem
3059 3707 3129 3759 ita
3163 3707 3226 3760 de
3271 3707 3389 3760 Ori-

1868 3814 1999 3867 gene
2027 3799 2236 3852 disserit
2260 3816 2272 3849 :
2310 3814 2329 3846 ι
2365 3797 2566 3864 Quippe
2597 3795 2686 3848 hic
2715 3795 2971 3862 scriptor,
2999 3810 3119 3848 cum
3145 3795 3280 3862 quod
3311 3796 3394 3847 in-

1865 3888 2018 3954 genio
2050 3886 2526 3954 perspicacissimo,
2556 3892 2608 3935 et
2646 3883 2860 3950 optimis
2905 3883 3196 3950 disciplinis
3220 3883 3390 3935 omni-

1865 3973 2053 4026 {ariam
2095 3971 2304 4024 exculto
2356 3970 2605 4038 praeditus
2658 3969 2788 4030 fuit,
2816 3978 2924 4022 tum
2966 3970 3103 4036 quod
3152 3970 3389 4038 improbo

1863 4061 2034 4115 studio
2061 4061 2228 4113 sacris
2259 4058 2610 4112 monumentis
2640 4057 2962 4125 invigilavit,
2995 4059 3194 4125 primus
3237 4060 3388 4126 quasi

1863 4150 2079 4216 glaciem
2128 4149 2284 4201 scidit
2334 4149 2482 4216 juxta
2539 4147 2912 4214 proverbium,
2957 4146 3009 4199 in
3080 4149 3392 4202 enarrandio

1865 4238 2154 4306 Scripturis
2183 4236 2394 4290 divinis.
2426 4235 2553 4300 Quae
2570 4249 2693 4288 vera
2729 4235 2860 4296 laus,
2890 4251 3154 4304 quamque
3180 4239 3389 4304 copiosa

1865 4328 2121 4379 debeatur
2148 4325 2332 4392 primis
2352 4325 2642 4392 quibusque
2667 4339 2841 4378 rerum
2866 4324 3183 4391 optimarum
3210 4335 3393 4380 aucto-

1866 4416 2042 4479 ribus,
2078 4414 2272 4466 nemini
2307 4413 2608 4482 ambiguum
2641 4422 2740 4467 est.
2778 4431 2797 4464 ι
2834 4413 2896 4466 Et
2925 4413 3105 4466 Sixtus
3146 4413 3395 4469 Senensis

1867 4502 1954 4557 lib.
2002 4517 2052 4554 tv
2092 4501 2336 4553 Biblioth.
2397 4502 2484 4568 qui
2517 4501 2594 4554 sic
2623 4501 2732 4554 ait:
2773 4519 2792 4551 s
2824 4500 2914 4554 llis
2947 4500 3204 4554 similibus
3247 4502 3395 4555 exci«

1868 4589 2170 4643 tatiuncnlis
2203 4589 2395 4655 ubique
2427 4590 2498 4641 uti
2540 4589 2734 4652 voluit,
2782 4597 2939 4655 prottt
2971 4588 3191 4642 decebat
3224 4589 3392 4642 homi-

1870 4692 1984 4728 nem
2031 4691 2162 4743 pene
2207 4675 2600 4741 αὐτοδίδακτον,
2645 4685 2698 4729 et
2741 4676 2830 4744 qui
2875 4675 3076 4744 primus
3115 4689 3392 4744 aggressus

231 4777 353 4835 gatu
381 4767 674 4834 Origenem
707 4763 866 4816 fuisse
892 4761 1190 4827 impulsum,
1225 4771 1277 4815 et
1311 4765 1458 4828 quasi
1502 4764 1763 4827 adactum,
1799 4746 1840 4799 θ
1870 4773 2007 4818 esset
2032 4765 2451 4831 explanationem
2481 4765 2713 4816 omnium
2751 4765 3050 4818 divinarum
3091 4765 3388 4832 Scriptura-

231 4865 288 4908 ut
316 4855 489 4910 amice
521 4854 591 4907 ab
622 4867 688 4906 eo
719 4851 829 4918 ipse
855 4847 1145 4914 expostulat
1183 4849 1234 4901 in
1268 4849 1666 4903 Commentariis
1699 4852 1766 4903 ad

231 4944 420 5010 psalm.
440 4959 479 5006 ι,
501 4957 650 4995 num.
667 4940 722 5005 2,
742 4953 793 5007 p.
811 4936 909 4991 526
929 4937 1060 5005 (57),
1077 4945 1128 4990 et
1147 4937 1264 4989 utin
1283 4938 1506 5004 quadam
1525 4937 1764 5006 cpistola,

231 5047 391 5098 quam
419 5031 677 5085 exhibent
705 5028 971 5082 Cedrcnns
998 5033 1052 5080 et
1089 5025 1296 5088 Suidas.
1326 5026 1510 5080 leviter
1534 5040 1764 5095 conque-

232 5126 386 5184 ritur,
416 5122 530 5189 (56)
557 5132 610 5174 et
643 5129 699 5172 ut
727 5119 838 5186 ipse
868 5117 1050 5170 scribit
1082 5117 1390 5171 Ambrosius
1435 5117 1486 5170 in
1531 5118 1754 5185 epistola

230 5211 297 5261 ad
330 5209 642 5278 ()rigenem,
672 5223 827 5273 quam
859 5203 1018 5259 refert
1071 5205 1416 5276 Hieronymus
1457 5207 1762 5275 ingepistola

231 5298 318 5366 18,
357 5301 425 5351 ad
449 5297 779 5351 Marcellam.

305 5437 414 5508 (56)
446 5440 512 5489 Ει
547 5443 601 5485 ut
639 5433 742 5498 ipse
777 5431 1273 5508 scribit__Antbrosius
1315 5429 1365 5508 in
1412 5428 1649 5508 ‘fipislola
1694 5430 1760 5482 ad

235 5499 532 5574 Origenem,
551 5515 709 5574 quam
733 5503 881 5574 refert
907 5499 1382 5574 Hieronymum-etc.
1411 5499 1760 5566 Hieronymus

235 5579 288 5628 in
318 5567 419 5625 liae
455 5573 521 5621 ad
567 5567 862 5619 Marcellam
893 5568 1106 5634 epistola
1139 5567 1222 5618 18.
1251 5567 1526 5630 (incertum
1553 5579 1616 5616 an
1653 5579 1761 5618 mo-

236 5643 420 5696 moria:
451 5640 650 5701 lapsu),
678 5635 947 5688 Ambrosio
976 5635 1154 5689 tribuit
1191 5635 1354 5700 ipsam
1386 5634 1624 5705 Origenis
1647 5635 1759 5700 epi-

1870 4869 2004 4918 rum,
2036 4854 2262 4907 nondum
2308 4853 2375 4906 ob
2408 4853 2673 4920 ingentem
2721 4869 2898 4908 earum
2945 4853 3294 4907 difﬁcultatem
3323 4851 3396 4904 ab

1868 4942 2043 5010 aliquo
2068 4951 2398 4995 attentatam.
2441 4963 2460 4994 ι
2495 4943 2559 4996 Et
2581 4942 2950 4998 Genebrardus
2980 4945 3029 4997 in
3057 4940 3289 5009 Epistola
3321 4940 3388 4992 ad

1865 5029 2111 5083 Carolum
2150 5029 2243 5094 IX,
2277 5030 2425 5097 cujus
2467 5031 2578 5086 haec
2606 5035 2763 5086 verba
2814 5043 2935 5087 sunt
2971 5049 2985 5084 :
3036 5049 3055 5079 ι
3095 5027 3389 5094 Theologia:

1865 5119 2265 5186 liquidissimum
2297 5119 2454 5174 veluti
2503 5121 2871 5189 scaturiginem
2920 5116 3137 5186 aperuit,
3167 5124 3220 5166 et
3265 5127 3384 5166 cum

1870 5207 2004 5275 frugi
2052 5207 2137 5261 illo
2167 5208 2460 5262 Salomonis
2491 5209 2602 5262 viro
2649 5207 2900 5262 derivavit
2943 5206 3116 5257 fontes
3143 5214 3270 5252 suos
3303 5200 3386 5253 fo-

1873 5313 1978 5350 ras.
2015 5316 2035 5348 s
2066 5295 2198 5349 Tum
2249 5299 2471 5352 deinde:
2529 5314 2547 5349 ι
2581 5298 2644 5352 Et
2689 5310 2814 5350 sane
2856 5292 3115 5351 omnium,
3157 5301 3382 5353 quorum

1867 5431 2078 5493 stolam,
2112 5446 2266 5499 quam
2297 5433 2545 5486 exhibent
2578 5433 2918 5499 Cedrenus_et
2947 5421 3157 5478 Suidus.
3195 5433 3386 5498 quatu-

1867 5514 1966 5567 qne
2012 5494 2150 5552 tonio
2181 5510 2371 5552 nostra:
2399 5503 2640 5554 editionis
2672 5514 2705 5555 ι.
2743 5511 2792 5561 ι).
2827 5494 2892 5553 5,
2925 5501 3174 5556 multum“
3204 5494 3387 5554 Βίεηυῑο

1867 5582 1988 5622 nam
2024 5568 2183 5634 ipsius
2208 5567 2448 5633 Origeuis
2487 5569 2765 5634 edidimus.

1936 5623 2056 5706 (57f
2077 5634 2204 5692 Vide
2232 5623 2421 5694 nostra:
2447 5633 2708 5694 editionis,
2735 5639 2859 5682 tom.
2890 5623 2928 5689 Ι,
2957 5639 3074 5694 pag.
3105 5623 3157 5674 ’5.
