3922 6460
428 360 551 439 ttat

1652 366 1714 431 Ρ.
1758 366 2064 433 DANIELIS
2099 376 2329 440 HUETll

3652 366 3680 420 ι
3696 365 3798 420 ὶθῐο.

434 505 635 574 quidem
664 501 712 554 in
736 497 910 552 divina
939 496 1131 563 scripta
1178 492 1538 547 commentarii
1584 504 1808 561 exstent,
1857 497 2133 563 fuitAliis
2170 504 2495 559 obscuriora
2555 510 2832 572 quaeque
2885 486 3283 551 illustravit;
3338 481 3437 539 vel
3490 483 3564 536 ad
3616 484 3799 551 populi

431 590 843 661 antiquissimus.
878 605 897 639 ι
945 587 1090 639 Itane
1134 584 1296 638 vero?
1343 585 1677 652 antiquiorne
1710 589 1947 655 Philone,

430 682 514 747 qui
566 688 641 734 tot
676 676 885 745 scriptis
926 675 1186 743 hodieque
1228 675 1605 742 superstitibus
1655 677 1953 747 Scripturas

426 774 604 814 sacras
647 757 1007 827 explanavit?
1055 756 1388 824 antiquiorne
1432 757 1722 826 Theophilo
1764 761 1952 815 Antio-

423 849 611 912 cbeno,
632 845 781 916 cujus
808 854 1019 900 exstant
1039 846 1416 900 commentaria
1445 846 1497 899 in
1539 857 1764 915 quatuor
1784 848 1953 904 Evan—

422 938 602 1008 gelia?
634 937 962 992 Vetustiores
993 951 1201 1005 quoque
1229 935 1442 990 fuerunt
1475 937 1562 991 illo
1598 938 1775 993 Melito
1803 940 1955 993 Asia-

424 1042 543 1090 nus,
573 1027 662 1095 qui
707 1026 896 1080 librum
925 1027 1208 1094 scripserat
1243 1025 1315 1091 de
1347 1026 1656 1097 Apocalypsi
1696 1026 1951 1095 Joannis;

420 1126 474 1172 et
506 1118 750 1181 Rhodon,
776 1125 829 1170 et
854 1116 1137 1179 Candidus,
1165 1126 1218 1171 et
1242 1117 1466 1186 Appian,
1494 1118 1585 1186 qui
1617 1127 1873 1174 tractatus
1901 1120 1951 1173 in

420 1206 781 1261 Hexaemeron
825 1206 1085 1276 sigillatim
1113 1215 1554 1274 composuerunt;
1583 1215 1634 1261 et
1654 1206 1838 1273 ludas,
1863 1208 1953 1277 qui

415 1300 486 1353 de
534 1298 866 1365 septuaginta
909 1296 1045 1365 apud
1074 1296 1339 1351 Danielem
1378 1298 1790 1353 hebdomadibus
1820 1300 1953 1353 scri-

417 1390 540 1458 psit.
570 1388 751 1457 Itaque
790 1387 1101 1441 Ambrosius
1136 1387 1205 1440 ad
1248 1387 1386 1455 psal.
1418 1402 1600 1453 cxvm,
1642 1389 1734 1455 28,
1768 1388 1954 1457 Orige-

379 1454 391 1471 ’
418 1454 539 1531 nem
583 1454 713 1530 aitit
746 1476 1027 1529 multorum
1074 1454 1538 1544 interpretationes
1580 1454 1814 1546 diligenti
1840 1454 1951 1532 dvis-

419 1566 650 1620 cussisse
678 1566 955 1634 indagine:
991 1585 1008 1616 ι
1041 1578 1174 1633 quos
1200 1574 1253 1617 et
1280 1580 1418 1632 saepe
1448 1567 1635 1620 citatos
1665 1568 1801 1634 apud
1828 1581 1950 1620 eum

420 1655 690 1723 aperias:
725 1655 865 1709 velut
914 1656 1095 1712 homil.
1123 1656 1189 1709 15
1239 1656 1292 1707 in
1342 1653 1548 1718 Cenem,
1595 1670 1739 1708 num.
1787 1656 1838 1720 7,
1867 1657 1952 1709 ubi

422 1744 496 1796 ait
531 1761 544 1796 :
585 1760 603 1794 ι
640 1742 787 1797 Nunc
827 1744 1037 1798 interim
1068 1759 1172 1798 non
1207 1744 1474 1798 videbitur
1510 1743 1707 1811 absque
1750 1746 1954 1798 ratione

2048 605 2258 665 captum
2291 611 2414 651 sese
2450 595 2702 650 demisit
2724 630 2743 658 ,
2779 596 2850 645 et
2889 587 3178 642 selectas
3212 577 3519 649 quasdam
3551 575 3804 642 Scripta-

2049 699 2119 739 ra:
2145 686 2434 753 pericopas
2466 685 2668 739 minus
2696 686 3009 736 accurate
3051 689 3167 744 per
3198 668 3497 725 homilias
3522 671 3801 736 exposuit.

2051 956 2237 1026 inquit,
2270 958 2520 1012 breviter
2572 958 2944 1016 admonens,
2986 958 3061 1005 ut
3125 948 3292 1002 scias
3358 942 3652 1013 Origenis
3685 956 3809 1011 opu-

2050 1044 2194 1098 scula
2226 1044 2278 1097 in
2310 1059 2538 1098 omnem
2576 1044 2982 1110 Scripturam
3025 1052 3176 1092 esse
3226 1033 3530 1103 triplicia.
3568 1031 3809 1085 Primum

2051 1131 2163 1199 eius
2209 1141 2493 1201 excerpta,
2524 1145 2654 1198 quae
2695 1126 2922 1184 Graece
2976 1124 3215 1195 σχόλια
3255 1128 3729 1188 nuncupantur,
3758 1117 3807 1173 iu

2050 1221 2247 1289 quibus
2284 1235 2349 1274 ea
2379 1236 2504 1289 quae
2539 1221 2647 1274 sibi
2699 1219 3099 1273 videbantur
3157 1211 3435 1267 obscura
3498 1218 3677 1276 atque
3724 1210 3811 1261 ba-

2053 1311 2183 1365 bere
2231 1310 2439 1380 aliquid
2490 1309 2865 1363 difﬁcultatis
2896 1344 2917 1372 ,
2984 1302 3399 1363 summatim,
3456 1299 3809 1367 breviterque

2055 1400 2389 1468 perstrinxit.
2423 1398 2762 1452 Secundum
2816 1394 3311 1452 bomiliaticum
3346 1404 3589 1460 genus,
3627 1392 3693 1443 de
3719 1406 3811 1457 qm

2053 1498 2108 1542 et
2134 1503 2376 1556 praasens
2400 1488 2815 1557 interpretatio
2848 1484 3000 1552 eius
3038 1492 3168 1538 est.
3204 1480 3501 1535 Tertium
3532 1478 3685 1547 quod
3714 1479 3811 1546 ipse

2054 1578 2333 1647 inscripsit
2360 1579 2602 1649 τόμους,
2640 1593 2751 1633 nos
2790 1574 3144 1630 volumina
3212 1586 3564 1641 possumus
3622 1584 3810 1622 nuncu-

2054 1682 2206 1738 pare,
2243 1668 2298 1722 in
2329 1683 2440 1737 quo
2469 1682 2646 1737 opere
2680 1676 2804 1722 tota
2842 1664 3111 1735 ingenii
3153 1662 3260 1718 sui
3297 1660 3443 1716 vela
3478 1660 3810 1729 spirantibus

2056 1758 2230 1812 ventis
2256 1758 2440 1822 dedit,
2490 1767 2548 1811 et
2582 1757 2879 1812 recedens
2937 1770 2974 1808 a
3031 1763 3215 1808 terra
3266 1752 3336 1806 in
3383 1753 3649 1805 medium
3685 1750 3809 1819 pela-

416 1833 545 1896 dici,
591 1834 733 1902 quod
780 1842 834 1887 et
880 1835 1148 1903 prioribus
1195 1835 1391 1888 nostris
1436 1833 1748 1901 quibusdam
1781 1836 1950 1888 visum

2259 1819 2435 1916 d'ugit.
2467 1865 2486 1898 ι
2522 1846 2769 1901 Ruﬁnus
2828 1847 2895 1901 in
2951 1842 3253 1913 Prologo
3319 1840 3808 1910 interpretationis

419 1932 533 1986 est,
581 1924 908 1991 prophetiam
953 1924 1234 1992 quamdam
1290 1924 1341 1976 in
1389 1923 1489 1977 hoc
1519 1923 1844 1992 designatam
1876 1924 1955 1977 vi-

417 2012 550 2067 deri.
587 2032 606 2065 ι
656 2013 721 2068 Et
764 2014 949 2068 homil.
990 2015 1129 2067 45in
1163 2013 1517 2077 Exod.,num.
1550 2012 1583 2065 5
1615 2030 1629 2065 :
1668 2030 1687 2062 ι
1721 2012 1953 2067 Arietem

416 2102 577 2155 etiam
606 2111 729 2156 ante
764 2118 859 2157 nos
892 2103 1108 2171 quidam
1140 2117 1237 2173 pro
1268 2102 1446 2155 furore
1484 2110 1789 2169 posuerunt.
1826 2120 1846 2151 ι
1891 2102 1957 2156 Ει

418 2190 599 2244 homil.
630 2190 662 2243 8
706 2192 758 2243 in
787 2190 970 2255 Levit.,
1008 2205 1153 2242 nttm.
1182 2190 1211 2243 6
1236 2208 1249 2243 :
1276 2208 1293 2240 ‹
1324 2191 1398 2243 De
1427 2192 1524 2243 hoc
1555 2190 1767 2259 quidam
1794 2192 1955 2244 etiam

419 2290 542 2335 ante
585 2296 669 2335 me
702 2284 965 2336 dixerunt.
999 2299 1017 2332 ι
1055 2282 1117 2335 Et
1156 2281 1337 2335 homil.
1373 2282 1405 2335 9
1434 2283 1485 2333 in
1503 2280 1687 2345 Num.,
1723 2298 1870 2336 nutn.
1899 2283 1954 2337 5:

422 2391 441 2423 ι
483 2372 704 2437 Quidam
752 2382 925 2425 tamen
977 2386 1041 2425 ex
1089 2371 1153 2424 iis
1198 2370 1285 2439 qui
1318 2379 1442 2423 ante
1486 2386 1584 2425 nos
1624 2373 1954 2440 interpretati

418 2472 541 2515 sunt
580 2462 754 2515 locum
789 2463 928 2533 hunc
954 2499 968 2525 ,
1005 2460 1218 2514 memini
1257 2461 1395 2529 quod
1445 2472 1681 2513 mortuos
1708 2461 1959 2515 dixerunt

420 2566 533 2615 eos,
565 2552 655 2619 qui
688 2552 958 2604 nimietate
1005 2552 1265 2605 seelerum
1313 2551 1364 2604 in
1403 2552 1634 2620 peccatis
1662 2552 1855 2604 mortui
1884 2552 1959 2604 in-

421 2642 742 2710 telliguntur.
765 2661 782 2693 ι
804 2642 866 2694 Ει
898 2643 1077 2695 homil.
1101 2642 1168 2694 26
1210 2656 1343 2710 seq.,
1381 2657 1525 2696 num.
1556 2641 1589 2693 4
1620 2655 1634 2692 :
1666 2660 1684 2693 ι
1724 2642 1957 2697 Excundi

419 2734 483 2788 de
506 2732 734 2802 Egypto
763 2731 983 2800 ﬁguram
1016 2733 1223 2786 duobus
1254 2732 1421 2786 modis
1464 2733 1666 2802 accipi,
1699 2748 1728 2786 a
1761 2734 1959 2802 priori-

419 2824 517 2876 bus
543 2822 738 2876 nostris
760 2861 775 2887 ,
810 2832 862 2875 et
890 2838 917 2873 a
968 2823 1119 2875 nobis
1161 2836 1300 2890 saepe
1338 2822 1447 2890 jam
1480 2824 1675 2877 dictum
1704 2833 1804 2877 est.
1841 2843 1860 2875 ι
1893 2824 1959 2879 Et

421 2912 601 2967 homil.
634 2913 665 2967 8
697 2914 751 2964 in
778 2912 977 2976 ludia,
1010 2926 1153 2965 num.
1187 2912 1221 2965 4
1256 2929 1269 2964 :
1315 2930 1333 2963 ι
1357 2911 1563 2965 Memini
1588 2914 1746 2967 etiam
1776 2929 1959 2983 quem-

418 3004 537 3055 dam
564 3017 629 3055 ex
654 3002 1130 3070 przedecessoribus
1166 3003 1364 3055 nostris
1399 3003 1450 3055 in
1495 3002 1684 3056 libellis
1714 3006 1824 3057 suis
1856 3005 1958 3058 vel-

420 3108 501 3166 .us
551 3093 683 3146 lanae
733 3091 980 3160 populum
1030 3092 1228 3145 dixisse
1278 3090 1457 3147 Israel.
1494 3111 1513 3142 ι
1568 3093 1633 3146 Et
1677 3094 1856 3148 homil.
1894 3095 1954 3149 ll

419 3186 473 3235 in
497 3182 868 3246 Jeremuttum.
898 3182 952 3241 ‘2,
978 3181 1148 3235 ταῦτα
1177 3183 1233 3234 δὲ
1265 3183 1354 3234 καὶ
1387 3182 1490 3252 πρὸ
1513 3183 1668 3253 ἡμῶν
1689 3185 1964 3257 ἄλλοιδιη-

419 3273 668 3342 γήσαντο.
700 3273 763 3325 Et
796 3274 976 3327 homil.
1007 3274 1091 3334 l4,
1125 3288 1239 3340 seq.
1272 3289 1417 3326 num.
1451 3273 1518 3336 5,
1559 3274 1664 3327 τῶν
1696 3277 1798 3345 πρὸ
1828 3278 1961 3346 ἐμοῦ

418 3362 475 3413 δέ
528 3380 609 3425 τις
662 3361 885 3413 ἐπέϐαλε
921 3362 995 3431 τῷ
1043 3362 1209 3431 τόπῳ.
1261 3363 1325 3414 ΕΙ.
1374 3374 1500 3419 tom.
1565 3378 1596 3416 x
1643 3367 1697 3418 in
1744 3366 1959 3429 Matt/1.,

421 3468 565 3504 num.
622 3452 726 3515 22,
785 3468 902 3520 pag.
960 3453 1104 3516 471,
1160 3454 1389 3522 ἐτήρησε
1435 3454 1531 3522 μὲν
1583 3450 1673 3506 οὖν
1731 3471 1812 3517 τις
1858 3458 1963 3527 πρὸ

420 3536 590 3609 ἡμῶν.
622 3540 685 3592 Ει
714 3542 907 3608 passim
935 3541 986 3593 itt
1017 3540 1410 3595 Commentariis
1436 3543 1491 3594 in
1520 3543 1775 3596 Joannem
1800 3546 1964 3601 Hera-

422 3631 663 3684 cleonem
691 3631 1019 3693 hanreticurn,
1053 3631 1205 3696 hujus
1232 3631 1568 3700 evangelista:
1614 3633 1957 3701 interpretem

424 3721 737 3775 insectatur.
769 3721 867 3785 Qui
906 3736 1031 3789 ergo
1078 3721 1196 3774 aliis
1246 3721 1310 3773 ad
1357 3720 1659 3790 Scripturas
1702 3723 1963 3791 interpre-

424 3812 608 3865 tandas
646 3811 899 3879 Origenes
931 3814 1067 3863 viam
1099 3811 1372 3879 praeivisse
1402 3812 1508 3866 dici
1543 3813 1749 3881 potest?
1776 3815 1845 3868 At
1870 3830 1962 3870 ex-

422 3903 598 3955 cusari
659 3911 832 3970 potest
883 3903 1022 3970 quod
1072 3902 1148 3955 ait
1194 3901 1376 3956 Sixtus
1427 3902 1679 3957 Senensis
1730 3903 1852 3959 libr.
1907 3921 1960 3957 tv

421 3992 667 4046 Biblioth.
689 4005 707 4043 :
733 4009 751 4043 ι
795 3992 887 4047 llis
920 3991 1181 4045 similibus
1207 3991 1635 4045 excitatiunculis
1661 3991 1856 4059 ubique
1883 3996 1958 4047 uti

421 4084 620 4147 voluit,
678 4092 836 4153 prout
895 4084 1115 4137 decebat
1171 4083 1439 4135 hominem
1500 4096 1633 4151 pene
1687 4081 1958 4134 αὐτοδίδα-

423 4186 571 4237 κτον,
598 4183 652 4227 et
682 4174 771 4241 qui
800 4173 1001 4243 primus
1030 4187 1311 4242 aggressus
1356 4183 1500 4227 esset
1528 4172 1957 4240 explanationem

423 4265 655 4316 omnium
682 4264 981 4317 divinarum
1015 4263 1453 4331 Scripturarum,
1494 4264 1722 4315 nondum
1767 4265 1835 4317 ob
1878 4265 1957 4317 in-

425 4363 629 4420 gentem
658 4369 842 4407 earum
874 4353 1237 4407 dilIicultatem
1262 4354 1328 4407 ab
1361 4353 1539 4420 aliquo
1564 4362 1897 4405 attentatam.
1931 4370 1951 4404 ι

429 4441 559 4495 Nam
590 4443 720 4497 alios
751 4445 965 4513 quidem
1004 4460 1106 4498 non
1136 4454 1293 4513 negat
1320 4451 1521 4512 partem
1558 4443 1787 4509 aliquam
1817 4442 1957 4495 Scri-
1985 4453 2032 4513 ι)
2057 4445 2243 4501 ciatim
2296 4465 2428 4505 vero
2458 4453 2674 4508 scholia
2720 4462 3004 4526 appella"

431 4543 705 4601 pturarum
756 4537 1122 4602 exposuisse;
1188 4536 1423 4588 omnium
1514 4547 1641 4585 vero
1717 4531 1961 4599 Scriptu-

430 4639 605 4677 rarum
676 4626 1097 4691 explanationem
1173 4639 1473 4694 aggressum
1542 4636 1663 4676 esse
1728 4622 1958 4691 aliquem

428 4718 548 4760 ante
602 4708 913 4775 Origenem,
954 4711 1005 4762 id
1062 4726 1189 4764 vero
1247 4719 1447 4777 negat,
1484 4720 1538 4763 et
1596 4710 1788 4764 merito
1839 4711 1960 4779 qui-

428 4804 564 4851 dem.

500 4890 554 4939 ll.
576 4883 948 4939 Verumtamen
980 4892 1215 4954 quamvis
1238 4891 1460 4943 aliorum
1483 4892 1783 4960 exemplum
1818 4892 1960 4960 quod

429 4991 737 5047 sequeretur
766 4976 968 5041 habuit,
997 4978 1262 5031 fatendum
1295 4981 1637 5035 nihilominus
1668 4983 1804 5036 hanc
1835 4998 1956 5036 eum

430 5070 752 5137 explicanda:
798 5066 1084 5134 Scriptura:
1129 5079 1294 5122 artem
1344 5072 1565 5125 multum
1610 5073 1956 5141 provexisse:

432 5177 527 5215 nec
552 5162 691 5215 enim
715 5158 1007 5228 simplicem
1038 5161 1314 5224 quemdam
1340 5161 1713 5229 interpretandi
1746 5165 1961 5219 modum

430 5254 705 5321 adhibuit;
740 5252 831 5306 sed
866 5247 1009 5301 varia
1056 5247 1481 5315 explanationum
1518 5268 1711 5320 genera
1755 5255 1963 5321 primus

430 5344 718 5410 Scriptura:
773 5338 1207 5395 accommodavit.
1256 5338 1384 5391 Nam
1428 5342 1504 5393 vel
1560 5344 1762 5397 dill'usis
1810 5359 1969 5400 com-

432 5434 725 5498 tnentariis,
754 5430 1005 5500 quidquid
1040 5429 1444 5498 suppeditabant
1480 5433 1743 5500 ingenium
1780 5445 1832 5487 et
1862 5437 1969 5494 do-

430 5523 618 5583 ctrina,
643 5524 844 5591 prolixe
869 5521 1166 5591 congessit;
1191 5520 1269 5573 vel
1296 5520 1539 5576 brevibus
1563 5533 1759 5578 tantum
1789 5527 1966 5583 scho-

438 5706 477 5739 ”
505 5712 664 5768 Eccli.
693 5732 822 5783 xxii,
848 5719 935 5774 24.
1012 5720 1053 5752 ³⁹
1083 5719 1240 5775 Eccli.
1285 5732 1391 5782 διε.
1428 5714 1512 5770 i8-

2056 1950 2167 1989 sum
2193 1936 2734 1992 Commentariorum
2768 1933 3096 2005 Origenis
3156 1934 3232 1987 in
3288 1930 3598 1985 Numeros
3621 1974 3637 1997 ,
3668 1946 3809 2000 quem

2057 2027 2191 2080 mihi
2264 2027 2393 2080 olim
2458 2028 2759 2097 Blgotiana
2854 2025 3293 2080 bibliotheca
3380 2024 3808 2093 suppeditavit:

2063 2137 2083 2170 ι
2120 2119 2463 2186 Quaecunque
2491 2121 2547 2172 in
2585 2118 3013 2172 Numerorum
3066 2115 3281 2179 libro,
3312 2116 3459 2171 sive
3488 2115 3809 2169 homiliatico

2058 2209 2231 2279 stylo,
2267 2209 2382 2263 sive
2411 2210 2583 2263 etiam
2619 2225 2689 2263 ex
2726 2210 2823 2264 his
2854 2221 3013 2277 qua:
3068 2217 3408 2277 excerpta
3460 2206 3812 2275 appellantur,

2058 2302 2254 2369 scripta
2284 2302 2618 2369 reperimus,
2657 2303 2783 2357 haec
2843 2311 3289 2371 perurgente
3340 2310 3431 2367 te,
3472 2299 3722 2354 Romana
3766 2308 3812 2353 ut

2058 2390 2329 2461 potuimus
2361 2406 2497 2445 voce
2527 2407 2601 2446 ex
2632 2392 2895 2446 diversis
2950 2392 3022 2446 in
3067 2406 3292 2447 unum
3352 2393 3629 2445 ordinem
3674 2392 3811 2443 colle-

2059 2487 2143 2533 cta
2188 2478 2532 2547 digessimus.
2574 2498 2593 2531 ι
2629 2478 2698 2532 Ει
2741 2479 2939 2547 paulo
2976 2490 3142 2548 post
3176 2499 3196 2534 :
3250 2498 3277 2532 ‹
3336 2480 3519 2535 Scire
3566 2490 3738 2534 tamen
3769 2490 3810 2535 te

2058 2568 2198 2634 volo,
2245 2568 2434 2634 frater,
2483 2569 2632 2637 quod
2682 2569 2813 2623 ιιωο
2851 2569 3083 2637 Ξίθειὶυ
3118 2570 3277 2625 vias
3324 2572 3578 2640 quidem
3628 2571 3811 2638 aperiat

2059 2657 2453 2727 intelligentiae,
2479 2673 2589 2713 non
2619 2670 2815 2714 tamen
2851 2661 3234 2725 sigillatim
3277 2670 3509 2717 cuncta
3549 2677 3675 2731 qute
3698 2663 3809 2716 scri-

2060 2755 2149 2815 pta
2178 2757 2303 2801 sunt
2333 2748 2584 2807 disserat,
2620 2757 2684 2800 ut
2718 2747 2774 2799 in
2813 2747 3382 2816 explicationum
3422 2752 3591 2805 libris
3621 2751 3806 2820 legisti:

2060 2852 2166 2907 quo
2198 2837 2408 2891 scilicet
2432 2837 2604 2890 etiam
2654 2836 2843 2890 lector
2896 2853 3041 2892 non
3094 2841 3435 2895 reddatur
3466 2842 3703 2901 otiosus.
3732 2841 3807 2895 sed

2058 2933 2261 2995 pungat
2278 2939 2375 2980 cor
2400 2939 2560 2979 suum
2592 2924 2667 2989 ³⁸,
2696 2925 2856 2979 sicut
2890 2929 3247 2996 scriptum
3291 2941 3396 2985 est
3417 2974 3436 2995 ,
3466 2943 3528 2985 et
3573 2933 3809 3001 producat

2060 3031 2297 3082 sensum,
2333 3027 2388 3070 et
2434 3018 2625 3072 audito
2677 3018 2869 3072 verbo
2908 3021 3133 3088 bono,
3180 3033 3267 3077 ut
3333 3026 3584 3095 sapiens
3622 3026 3812 3096 adjiciat

2066 3105 2132 3159 ad
2161 3105 2287 3159 illud
2317 3106 2381 3158 ³³.
2424 3124 2443 3157 ι

2136 3193 2221 3246 lll.
2252 3193 2466 3247 Scholia
2505 3195 2711 3248 breves
2741 3207 2929 3251 erant
2971 3210 3169 3258 nota:
3205 3207 3573 3262 enodandis
3604 3208 3729 3261 locis
3755 3208 3813 3259 iu-

2066 3283 2457 3347 tricatioribus,
2492 3292 2547 3336 et
2600 3286 3126 3346 abstrusioribus
3188 3299 3508 3353 sensibus
3557 3299 3809 3359 emendis,

2064 3372 2249 3440 quales
2272 3373 2533 3425 habemus
2558 3372 2612 3425 in
2636 3388 2854 3430 omnes
2887 3379 3039 3435 fere
3076 3383 3377 3444 Graecos
3412 3403 3639 3460 poetas.
3702 3392 3813 3445 Ει-ιι.

2064 3464 2211 3552 smus
2257 3461 2334 3552 ρο
2369 3461 2540 3552 doctr.
2574 3472 2634 3552 Aet
2686 3463 2792 3519 lib.
2858 3467 3146 3539 Origen.
3196 3477 3431 3536 Oliola
3484 3486 3642 3538 reddi
3665 3486 3815 3552 iui-Et.

2065 3549 2529 3640 SixtusSenensis
2571 3550 2671 3605 lib.
2712 3569 2773 3606 tv
2802 3554 2979 3611 Bibl.
3024 3570 3334 3634 exponi;
3360 3590 3377 3624 ε
3424 3590 3447 3623 ι
3485 3549 3818 3640 vacationes,

2063 3640 2175 3736 sive
2197 3639 2327 3736 otia,
2362 3641 2477 3693 sive
2525 3655 2627 3708 per
2670 3646 2866 3736 otium
2904 3664 3263 3724 excerpta
3298 3700 3318 3727 ,
3368 3666 3596 3733 quibus
3630 3670 3819 3736 quoties

2062 3730 2127 3783 ad
2160 3729 2368 3798 plenam
2398 3734 2971 3794 commentationem
3018 3746 3260 3804 otium
3311 3729 3589 3821 deesset,
3621 3729 3684 3813 e'a
3715 3770 3819 3811 ιιη-

2064 3829 2173 3919 tum
2199 3835 2319 3919 qua:
2360 3820 2464 3919 sibi
2496 3822 2850 3919 videbantur
2883 3833 3237 3907 obscura,
3284 3820 3591 3904 brevibus
3625 3854 3821 3919 quibus-

2062 3908 2182 3961 dam
2209 3909 2658 3966 adnotationibus
2694 3925 3075 3979 summatim
3122 3908 3686 4007 perstringebat..i
3722 3943 3819 3994 lue-

2060 4007 2151 4066 pte
2186 4009 2430 4067 uterque.
2465 4001 2750 4070 {Scholion
2803 4010 3320 4081 diminutivum
3385 4001 3491 4085 est
3541 4050 3573 4086 a
3616 4035 3817 4089 schola:

2060 4089 2257 4191 S.chola
2293 4090 2481 4195 GIrznce
2517 4103 2573 4147 et
2608 4094 2845 4166 Latine,
2884 4119 3149 4171 praeter
3207 4121 3525 4190 vulgatas
3563 4126 3821 4195 signiﬁca-

2059 4178 2257 4244 tiones,
2323 4181 2757 4240 lucubrationem
2813 4194 3018 4249 etiam
3059 4216 3306 4274 sonat,
3335 4178 3512 4283 "qua;
3551 4178 3718 4273 deum
3746 4178 3825 4272 ξιξ.

2059 4281 2161 4334 qua
2215 4284 2314 4336 per
2360 4272 2531 4325 otium
2586 4275 2960 4338 elaboratur.

2377 4289 2531 4377 inuiti
2586 4289 2960 4377 elaboratur.
3031 4289 3383 4356 Scholion
3424 4321 3580 4376 ergo
3615 4324 3817 4377 parvam

2059 4358 2306 4412 scholam
2345 4362 2650 4427 signiﬁcat.
2685 4366 2796 4421 hoc
2857 4383 2961 4428 est

3023 4380 3695 4452 lucubratiunculam.
3724 4398 3824 4466 Spe

2108 4477 2243 4549 .dlllll
2301 4477 2428 4551 vrsru
2458 4477 2674 4551 btfllUlI-il
2720 4477 3135 4526 appetuntur
3177 4490 3723 4551 cognmen‘arioli’
3756 4486 3819 4538 τε,

2066 4538 2585 4598 dissertatiunculte.
2628 4544 2928 4608 Prteterea
2960 4573 3288 4636 excerpti
3334 4589 3417 4630 ex
3471 4538 3723 4635 auct—ore,
3743 4580 3822 4631 ab-

2067 4631 2315 4739 quoloci
2336 4636 2593 4739 dicunt-ur
2637 4636 2863 4693 scholia
2888 4683 2905 4709 ,
2943 4631 3347 4717 cujusmodi
3386 4680 3466 4720 ex
3515 4631 3821 4739 Evangelia,

2069 4724 2464 4832 qtt-o‘utebatur
2488 4725 2732 4832 Marcion
2752 4741 3079 4832 nonnulla
3127 4749 3569 4828 deprompsit
3608 4724 3827 4832 Epipha;

2072 4814 2361 4917 lliusltaar.
2383 4832 2510 4880 thI,
2532 4824 2585 4869 et
2608 4820 2825 4876 scholia
2858 4814 3249 4896 appellavit.
3282 4847 3339 4898 A
3356 4814 3679 4917 igneum;
3694 4814 3830 4906 {die

2075 4898 2151 4997 lia
2191 4902 2388 4965 Latine
2427 4917 2680 4975 excerpta
2734 4920 2974 4983 proprie
3033 4898 3826 4997 ιιίυιιηιυι..’“δ]ᾖξνθῶξίη

2073 4989 2189 5049 hoc
2223 5004 2449 5057 nomine
2489 4998 2696 5055 adﬁcias
2746 5003 2957 5063 breves
3026 4989 3822 5088 εξιςροδὶιὶοιιεζἔξινιιῖξςξέζ

2079 5089 2379 5192 taliones:
2413 5093 2548 5169 quod
2574 5099 2766 5148 tamen
2818 5096 3105 5160 fecerunt
3155 5111 3614 5192 Hieronymus
3648 5135 3704 5180 et
3732 5125 3822 5179 ltu-

2082 5174 2268 5257 litttts,
2298 5206 2425 5248 cum
2453 5185 2698 5257 Origenis
2737 5187 3318 5264 Commentariolos
3358 5174 3449 5266 in,
3466 5215 3819 5286 Seripturam

2087 5283 2375 5356 θηρῴη,
2423 5288 2706 5347 dixerunt;
2742 5298 2913 5339 omne
2972 5291 3385 5357 scholiorum
3448 5283 3650 5378 genus
3679 5326 3819 5365 com-

2096 5380 2272 5435 muni
2325 5386 2694 5452 excerptorutn
2748 5377 3030 5434 vocabulo
3114 5377 3497 5462 donantes,
3562 5402 3718 5469 quod
3762 5402 3819 5451 ad

2101 5475 2338 5534 certam
2388 5472 2663 5552 quamdam
2707 5472 2954 5537 speciem
2988 5484 3115 5527 erat
3183 5488 3732 5559 reslringcnilum.
3761 5492 3817 5541 At

2108 5568 2402 5632 quoniam
2437 5566 2676 5631 brevibus
2706 5566 2997 5621 sententiis
3034 5567 3166 5624 haec
3214 5577 3479 5633 scholia
3535 5582 3814 5653 Origenis,
