3922 6438
225 425 346 480 “93

1052 421 1600 479 OﬁiGENlANORUM
1639 422 1762 477 LIB.
1808 424 1890 489 Ill,
1925 425 2071 478 CAP.
2111 425 2173 488 ll,
2218 428 2385 483 SECT
2425 431 2464 485 Ι.

3214 437 3348 492 1194

223 542 327 596 sive
373 536 798 593 Commentarioli
852 535 1295 592 concludebantur
1320 578 1334 596 .
1364 537 1560 592 idcirco
1598 527 1736 593 ἐδήι-
1765 546 1808 602 Α
1839 526 2032 605 posuit,
2079 523 2302 620 fideliter;
2339 542 2503 608 magis
2552 558 2707 611 quam
2752 554 2936 598 ornate
2983 546 3352 614 interpretatus

217 631 458 684 maticum
487 628 936 698 interpretationis
975 647 1148 700 genus.
1163 646 1224 683 ea
1264 625 1609 697 Hieronymus
1638 645 1727 698 ap-

215 720 384 792 pellat.
416 719 642 774 Promm.
669 714 970 774 Comment.
1005 722 1056 773 in
1103 713 1287 773 Matth.
1327 737 1345 770 ι
1392 711 1601 787 Legisse
1646 717 1729 774 me

215 813 389 874 fateor,
425 811 619 877 inquit,
656 821 776 864 ante
822 825 984 862 annos
1039 803 1288 878 plurimos
1335 810 1384 861 in
1431 808 1726 862 Matthmnm

210 901 442 971 Origenis
473 900 659 969 viginti
715 899 946 970 quinque
974 901 1231 954 volumina
1251 940 1266 965 ,
1294 910 1346 956 et
1374 902 1587 955 totidem
1615 901 1727 969 ejus

208 991 462 1050 homilias,
507 993 988 1059 commaticumque
1019 992 1462 1060 interpretationis
1493 1007 1675 1061 genus.
1701 1012 1719 1045 ι

209 1079 266 1132 Et
297 1069 840 1133 Prooem.Comment.
864 1082 916 1133 in
949 1076 1110 1150 Epist.
1137 1069 1203 1132 ad
1229 1079 1398 1133 Galat.
1419 1095 1437 1133 .'
1461 1099 1478 1130 ι
1506 1079 1728 1148 Scripsit

200 1171 330 1224 enim
360 1169 442 1223 ille
483 1170 564 1222 vir
611 1167 900 1239 (Origenes)
932 1171 980 1224 in
1035 1161 1314 1240 Epistulam
1349 1171 1489 1227 Pauli
1537 1171 1600 1224 ad
1629 1172 1727 1225 Ga-

197 1260 324 1312 latas
354 1260 597 1327 qninque
639 1261 849 1326 propria
884 1253 1144 1315 volumina
1166 1302 1180 1322 ,
1208 1272 1262 1315 et
1292 1261 1549 1315 decimum
1583 1263 1727 1316 Stro-

194 1358 378 1398 matum
430 1361 658 1399 suorum
710 1334 902 1400 librum
958 1341 1266 1402 commatico
1296 1365 1453 1417 super
1480 1346 1725 1417 explana-

197 1435 330 1487 tione
359 1433 470 1502 ejus
501 1450 750 1488 sermone
791 1436 1088 1503 complevit.
1137 1437 1284 1502 Quod
1337 1438 1408 1490 ita
1457 1438 1720 1505 intelligo,

197 1525 388 1579 scholia
432 1526 482 1578 in
505 1525 793 1593 Epistulam
829 1526 893 1578 ad
925 1526 1133 1579 Galatas
1167 1528 1369 1581 decimo
1410 1518 1724 1580 Stromatum

197 1629 400 1668 suorum
449 1615 582 1667 libro
630 1605 798 1682 ipsum
839 1605 1143 1672 inseruisse.
1198 1637 1216 1668 ι
1261 1617 1470 1670 Scholia
1504 1606 1627 1670 vero
1659 1617 1721 1668 ad

195 1694 461 1757 sacrorum
538 1690 795 1758 librorum
864 1693 1012 1760 oram
1087 1694 1376 1760 attexuisse
1438 1705 1721 1771 Origenem

193 1794 416 1846 ostendit
453 1793 589 1847 iiber
641 1794 1038 1849 vetustissimus
1085 1787 1269 1848 Renati
1315 1794 1584 1854 Marchali,
1617 1810 1720 1861 quo

192 1881 530 1935 continentur
559 1872 835 1949 propheta:
861 1897 1065 1946 onmes,
1097 1878 1292 1953 quique
1321 1885 1373 1936 in
1398 1873 1596 1950 collegii
1615 1881 1716 1935 Pa-

191 1970 423 2022 risiensis
456 1961 743 2023 SoCietatis
767 1965 892 2023 Jesu
931 1965 1241 2024 bibliotheca
1271 1967 1530 2038 servatur,
1550 1969 1604 2023 et
1629 1967 1719 2023 eu-

183 2058 268 2125 jus
285 2073 501 2112 usuram
526 2058 906 2112 humanissime
929 2058 1051 2111 milii
1076 2063 1340 2113 concessit
1368 2053 1720 2113 GabrielCos-

186 2150 381 2203 sartius
399 2149 742 2217 amplissima:
758 2149 880 2202 huic
897 2139 1225 2203 bibliotheCze
1243 2134 1517 2218 praefectus
1535 2147 1720 2218 βιϐλιο-

184 2237 322 2308 θήκη
347 2237 458 2307 lpse
486 2237 744 2307 ἔμψυχος,
767 2247 820 2292 et
844 2233 1093 2292 doctrinae
1120 2227 1294 2292 omnis
1320 2238 1716 2291 refertissiumm

186 2342 341 2394 penu.
393 2327 697 2395 Prophetia:
743 2327 1030 2380 Ezechielis
1090 2321 1358 2394 praefixum
1414 2328 1515 2381 hoc
1559 2327 1718 2380 habet

187 2415 272 2481 ille
309 2416 445 2470 liber
487 2403 848 2486 ςΜέτελήφθη
895 2415 999 2468 ἀπὸ
1037 2415 1144 2468 τῶν
1191 2415 1327 2467 κατὰ
1365 2415 1460 2478 τὰς
1490 2417 1720 2480 ἐκδόσεις

191 2498 524 2563 Ἐξαπλῶν,
565 2500 659 2550 καὶ
695 2498 968 2570 διωρθώθη
1001 2499 1105 2552 ἀπὸ
1153 2500 1258 2551 τῶν
1296 2500 1593 2569 Ὡριγένους
1627 2502 1720 2552 αὐ-

177 2577 268 2642 eis
297 2588 668 2658 Τετραπλῶν,
692 2579 844 2641 ἅτινα
861 2590 948 2641 καὶ
976 2581 1135 2640 αὐτοῦ
1163 2591 1301 2660 χειρὶ
1325 2577 1607 2662 διώρθωτο,
1628 2591 1719 2644 καὶ

175 2681 665 2751 ὲσχολιογράφητοο
695 2679 812 2732 ὅθεν
852 2667 1116 2741 Ἐυσέὁιος
1158 2679 1264 2748 ἐγὼ
1295 2680 1360 2733 τὰ
1393 2677 1571 2752 σχόλια
1588 2673 1720 2754 παῤ-

173 2771 368 2840 έοηκα.
404 2787 423 2819 ι
454 2757 797 2838 Desnmptum
831 2758 911 2821 eSt
948 2757 1013 2820 ab
1051 2767 1319 2837 Hexaplis,
1344 2768 1493 2836 juxta
1533 2770 1719 2825 editio-

175 2877 292 2924 nes,
350 2866 406 2912 et
447 2851 788 2912 emendatum
833 2873 897 2912 ex
947 2851 1107 2926 ipsius
1156 2858 1398 2928 Origenis
1445 2857 1717 2928 Tetraplis,

173 2965 290 3016 qnze
320 2959 377 3003 et
408 2963 575 3001 manu
607 2946 774 3014 ipsius
804 2938 1102 3009 emendata,
1123 2957 1175 2999 et
1204 2947 1420 3002 scltoliis
1447 2951 1718 3002 succincta

172 3049 348 3094 erant.
386 3037 545 3095 Unde
580 3051 686 3105 ego
729 3037 983 3091 Eusebius
1015 3036 1212 3091 scholia
1255 3038 1494 3106 apposui.
1533 3056 1550 3088 ι
1589 3024 1721 3118 ilinc

171 3119 845 3206 discimusvTetraplorum
893 3121 1081 3176 limbos
1124 3124 1336 3206 sclioliis
1373 3126 1451 3204 ab
1494 3124 1783 3211 Oi‘igenec

171 3217 342 3277 fuisse,
366 3204 699 3270 suecinctos.
731 3212 785 3266 Si
819 3214 938 3281 quis
981 3223 1154 3266 autem
1203 3204 1470 3290 existimet
1520 3231 1634 3284 quae
1666 3217 1717 3271 in

172 3305 270 3359 hoc
296 3293 562 3358 Marchali
592 3301 776 3356 codice
801 3304 865 3355 ad
889 3316 1034 3356 oram
1062 3303 1375 3368 Ezechielis,
1394 3297 1720 3370 aliorumque

168 3394 553 3462 prophetarum
589 3401 806 3445 attente
828 3399 950 3444 sunt
977 3379 1359 3454 adnotatiOnes,
1382 3390 1442 3444 ea
1471 3387 1579 3459 ipsa
1603 3407 1721 3445 esse

167 3479 685 3549 Origenisscholia,
715 3478 935 3532 multum
985 3481 1028 3534 is
1062 3495 1191 3534 sane
1219 3481 1436 3534 errabit.
1463 3481 1719 3536 Constant

166 3569 310 3624 enim
334 3569 442 3624 illa:
471 3567 671 3637 partim
692 3567 850 3619 variis
875 3567 1392 3634 interpretationibus
1418 3585 1482 3625 ex
1508 3571 1717 3644 Aquila,

167 3657 546 3711 Theodotione
597 3663 654 3707 et
705 3653 1022 3724 Symmacho
1089 3657 1415 3726 depromptis
1456 3676 1473 3723 ;
1531 3661 1716 3727 partim

167 3745 494 3801 lectionibus
527 3743 696 3796 variis
719 3781 736 3806 ,
771 3745 851 3797 vel
897 3745 1038 3800 circa
1089 3746 1368 3800 lectionum
1406 3748 1716 3800 varietatem

163 3837 662 3892 observationibus.
697 3834 906 3891 Neutra:
935 3851 1058 3892 vero
1105 3852 1198 3906 pro
1227 3838 1445 3892 scholiis
1477 3837 1719 3905 Origenis

166 3929 350 3982 haberi
402 3935 638 3996 possunt
679 3942 693 3978 :
744 3941 847 3979 non
887 3929 1088 3996 priores
1132 3943 1147 3991 ;
1197 3929 1316 3996 quis
1355 3928 1493 3981 enim
1537 3937 1718 3996 putare

164 4017 331 4084 possit
383 4015 438 4068 in
472 4011 744 4080 Tetrapla,
775 4028 892 4083 qua:
934 4011 1173 4079 scholiis,
1199 4025 1259 4069 ut
1286 4016 1416 4078 dixi,
1452 4016 1716 4070 succincta

161 4115 318 4162 erant
340 4146 358 4171 ,
397 4107 543 4160 unde
574 4114 632 4159 et
663 4105 762 4158 ista
809 4116 1073 4174 assumpta
1118 4117 1274 4169 sunt,
1308 4107 1642 4175 depromptas
1689 4124 1718 4161 e

161 4198 392 4252 diversis
440 4197 800 4262 interpretum
829 4196 1237 4264 expositionibus
1271 4197 1554 4264 particulas
1589 4193 1716 4250 cun-

165 4286 359 4341 ’ecisse
388 4285 715 4354 Origenem,
746 4299 864 4337 cum
898 4287 948 4339 in
977 4287 1042 4340 iis
1070 4286 1236 4355 plena:
1265 4288 1389 4356 ipsa:
1412 4302 1474 4341 ac
1503 4286 1715 4355 integrae

163 4373 656 4444 interpretationes
708 4373 1065 4427 haberentur?
1112 4391 1212 4428 non
1243 4377 1598 4444 posteriores;
1633 4387 1716 4450 ut-

1830 631 1987 682 sum:
2034 646 2053 678 ι
2093 638 2147 681 et
2190 629 2240 682 in
2286 627 2547 685 Prommio
2589 633 2932 687 Commentar.
2972 631 3023 686 in
3079 635 3242 702 Epist.
3287 639 3352 689 ad

1828 715 2004 772 Galat.
2040 733 2061 770 :
2098 734 2115 767 ‹
2151 716 2372 784 Scripsit
2402 721 2540 772 enim
2580 713 2664 774 ille
2707 721 2790 775 vir
2831 713 3121 792 (Origenes)
3153 726 3202 777 in
3232 706 3350 791 Epi-

1827 795 2016 860 stulam
2047 803 2190 857 Pauli
2215 807 2278 882 ad
2309 792 2518 860 Galatas
2549 810 2780 878 quinque
2813 809 3017 880 prppria
3071 811 3352 872 volumina,

1824 887 1874 949 ei
1901 894 2159 949 decimum
2200 891 2512 948 Stromatum
2564 912 2776 953 suorum
2818 901 3006 953 librum
3041 902 3356 954 commatico

1824 999 1981 1052 super
2012 985 2385 1062 explanatione
2430 986 2544 1052 ejus
2607 1003 2845 1043 sermone
2897 987 3213 1059 complevit:
3249 1001 3354 1044 tra-

1823 1082 1995 1128 ctatus
2040 1089 2252 1142 quoque
2308 1077 2512 1138 varios,
2562 1084 2613 1129 et
2653 1090 2926 1146 excerpta,
2974 1095 3087 1147 quae
3129 1080 3211 1134 vel
3247 1081 3354 1134 sola

1824 1151 2026 1232 possint
2057 1161 2296 1218 suliieere
2319 1202 2334 1226 ,
2370 1165 2683 1231 composuit.
2725 1183 2742 1216 ι
2791 1155 2987 1233 Nempe
3029 1177 3231 1232 tomos,
3261 1171 3356 1222 ho-

1825 1250 1994 1304 milias
2048 1253 2101 1304 et
2131 1251 2332 1304 scholia
2372 1240 2636 1320 significat
2679 1236 2774 1319 per
2810 1254 3040 1322 quinque
3081 1254 3167 1307 illa
3209 1256 3355 1308 volu-

1825 1340 1984 1401 mina,
2016 1346 2068 1390 et
2117 1340 2394 1402 tractatus,
2427 1325 2480 1392 et
2523 1323 2895 1391 commaticum
2937 1354 3263 1404 sermonem,
3292 1356 3354 1394 ac

1821 1436 2086 1494 excerpta.
2133 1421 2426 1480 Concludat
2455 1443 2577 1481 vero
2621 1419 2839 1480 forsitan
2874 1444 2939 1481 ex
2967 1429 3064 1483 hoc
3116 1430 3231 1483 loco
3259 1432 3350 1483 ali-

1823 1519 1962 1585 quis,
2006 1530 2253 1585 excerpta
2296 1527 2348 1569 ct
2391 1520 2758 1572 commaticum
2791 1534 3087 1572 sermonem
3121 1533 3202 1573 res
3235 1538 3352 1576 esse

1821 1606 2054 1659 diverSas
2094 1624 2106 1658 :
2141 1605 2233 1658 Sed
2281 1600 2514 1671 frustra;
2552 1607 2604 1660 id
2654 1609 2790 1660 enim
2848 1609 2945 1662 sibi
2999 1610 3109 1663 vult
3171 1611 3352 1666 Hiero-

1824 1711 2034 1766 nymus,
2066 1696 2165 1748 alia
2203 1696 2253 1749 in
2289 1685 2546 1749 decimum
2586 1685 2904 1750 Stromntum
2937 1698 3126 1752 librum
3156 1701 3353 1755 inserta

1820 1801 1937 1840 esse
1981 1789 2199 1852 scholia,
2245 1787 2344 1840 alia
2397 1775 2636 1841 seorsum
2675 1775 2939 1840 elaborata
2985 1799 3038 1841 et
3065 1791 3350 1859 descripta.

1813 1877 2031 1931 Fallitur
2061 1877 2308 1931 Erasmus
2336 1894 2452 1930 cum
2484 1877 2725 1931 homilias
2753 1875 2866 1930 illas
2897 1863 3041 1931 recte
3073 1880 3174 1933 dici
3204 1890 3351 1944 putat

1816 1967 2088 2034 colloquia,
2128 1961 2231 2021 non
2266 1969 2405 2021 enim
2439 1966 2694 2036 Origenes
2735 1982 2854 2021 cum
2890 1967 3215 2022 auditoribus
3243 1973 3351 2022 colo

1817 2047 2143 2124 loquebatur,
2181 2059 2271 2112 sed
2305 2058 2574 2112 auditores
2611 2046 2993 2126 alloquebatur;
3029 2043 3090 2112 ac
3131 2059 3348 2126 proinde

1817 2148 2004 2202 melius
2053 2145 2351 2200 dicerentur
2395 2147 2639 2216 alloquio.
2678 2148 2731 2201 In
2772 2147 2836 2200 iis
2882 2147 3120 2216 phaleras
3160 2157 3216 2201 et
3239 2162 3353 2201 ora-

1817 2225 1948 2287 toria
1980 2221 2240 2304 pigmenta
2287 2219 2514 2302 neglexit
2551 2225 2932 2302 Adamantius;
2961 2238 3170 2309 planum
3201 2253 3346 2302 vero,

1817 2323 2073 2394 familiare
2128 2339 2191 2377 ac
2241 2325 2457 2393 simplex
2484 2364 2500 2388 ,
2546 2342 2641 2380 ttec
2670 2326 2820 2380 valde
2867 2327 3151 2395 prolixum,
3193 2328 3350 2397 quale

1817 2410 2024 2486 facilius
2075 2412 2342 2480 patiuntur
2397 2413 2662 2478 hurniliae,
2715 2415 2921 2470 dicendi
2957 2433 3121 2486 genus
3172 2434 3349 2488 perse-

1815 2514 1967 2566 cutus
2007 2510 2108 2554 est.
2575 2571 2583 2585 ί

1884 2590 2033 2656 Tomi
2068 2592 2205 2646 idem
2237 2602 2362 2668 sunt
2392 2607 2507 2660 qua:
2531 2603 2585 2672 et
2616 2594 2908 2664 ἐξηγητικὰ
2934 2599 3150 2667 proprie
3171 2601 3344 2662 dicta;

1817 2697 1937 2756 nam
1967 2682 2209 2750 quamvis
2242 2683 2341 2736 hoc
2363 2684 2574 2737 nomine
2599 2684 2734 2739 allici
2769 2689 2997 2755 possint,
3019 2704 3347 2760 quaecunque

1816 2771 2260 2842 interpretationis
2297 2775 2411 2828 vice
2445 2776 2730 2844 funguntur
2769 2794 2784 2841 ;
2839 2788 3000 2847 atque
3047 2781 3114 2833 ita
3148 2795 3250 2834 non
3281 2783 3346 2833 ad

1815 2870 1984 2930 tomos
2017 2862 2210 2926 solum,
2240 2862 2333 2918 sed
2361 2872 2417 2918 et
2457 2865 2522 2916 ad
2550 2861 2796 2919 homilias
2827 2854 3009 2930 etiam,
3045 2878 3100 2921 et
3147 2853 3345 2923 scholia

1817 2947 2003 3021 referri
2035 2949 2205 3017 possit
2231 2963 2291 3002 ea
2319 2965 2444 3016 vox,
2480 2951 2727 3021 illamque
2752 2953 2970 3010 editioni
3001 2965 3211 3021 nostrm,
3233 2972 3346 3026 qua:

1819 3036 1973 3089 tomis
2004 3045 2053 3091 et
2100 3037 2332 3094 homiliis
2377 3051 2580 3094 constat
2619 3042 2995 3112 przrlixerimus
3031 3062 3044 3109 ;
3077 3045 3347 3099 nihilomi-

1818 3141 1915 3180 nus
1945 3135 2120 3204 tamen
2150 3128 2215 3180 ad
2246 3137 2416 3183 tomos
2450 3131 2721 3202 speciatim
2764 3141 2821 3202 et
2864 3123 3073 3201 proprie
3099 3136 3345 3204 pertinet,

1820 3216 1988 3282 iisque
2019 3210 2388 3283 nunquamnon
2438 3217 2487 3269 in
2534 3218 2765 3284 antiquis
2788 3219 3051 3286 codicibus
3078 3222 3344 3278 tribuitur.

1819 3303 2234 3380 Explicationum
2285 3305 2448 3374 libros
2489 3309 2718 3375 appellat
2771 3307 2992 3378 Rufinus
3034 3310 3084 3362 in
3128 3309 3347 3379 Prologo

1817 3391 2267 3472 interpretationis
2292 3394 2808 3472 Commentariorum
2850 3385 3091 3470 Origenis
3132 3400 3186 3452 in
3230 3398 3346 3451 Nu-

1816 3467 1999 3535 meros.
2033 3467 2088 3534 ln
2139 3483 2200 3557 iis
2245 3483 2502 3558 Origenes
2547 3467 2804 3558 Hebraiea
2835 3467 3062 3562 veritate
3103 3487 3346 3558 stipatus,

1816 3579 1869 3624 et
1916 3585 2132 3624 suorum
2173 3572 2532 3628 circumdatus
2560 3559 2898 3648 agminibus,
2930 3559 3218 3646 peregrina:
3265 3577 3346 3630 in-

1818 3661 2021 3714 terdum
2053 3656 2242 3728 lingua:
2271 3664 2539 3731 quaerebat
2565 3665 2781 3728 auxilia,
2809 3677 2862 3718 ut
2895 3665 3056 3719 tradit
3089 3666 3349 3736 Hierony-

1816 3764 1932 3803 mus
1967 3750 2020 3803 in
2054 3750 2287 3805 Promm.
2323 3751 2518 3820 Qua’st.
2555 3754 2928 3808 llebraicarum
2953 3769 2973 3806 :
3023 3757 3073 3809 in
3121 3758 3349 3810 homiliis

1815 3849 1990 3892 autem
2019 3855 2350 3894 communem
2380 3827 2663 3896 editionem
2712 3847 3054 3912 sequebatur,
3097 3855 3154 3898 ut
3189 3861 3346 3914 supe-

1818 3928 1956 3980 riore
1994 3917 2230 3983 sectione
2261 3917 2500 3984 notatum
2528 3942 2628 3985 est.
2841 3994 2847 4000 ι

1884 4017 1971 4070 ιν.
2004 4018 2468 4088 interpretationes
2507 4009 2758 4090 praeterea
2801 4009 3042 4092 Origenis
3072 4026 3346 4092 quasdam,

1817 4106 2135 4177 σημειώσεις
2174 4109 2464 4178 appellatas
2509 4112 2735 4179 reperio.
2789 4111 2979 4168 Utrum
3031 4116 3244 4170 scholiis
3280 4135 3346 4169 an

1813 4189 2100 4268 exegeticis
2132 4201 2342 4270 proprie
2388 4201 2548 4256 dictis
2587 4217 2688 4256 vox
2731 4218 2792 4258 ea
2840 4187 3033 4258 tributa
3067 4206 3177 4269 sit,
3206 4221 3351 4274 qua:-

1817 4290 2036 4368 rendum
2066 4299 2166 4344 est.
2211 4290 2562 4360 Hieronymus
2601 4293 2817 4348 scholiis
2848 4294 3130 4350 manifeste
3165 4297 3350 4350 tribuit

1815 4393 2032 4447 prooem.
2073 4381 2126 4434 in
2167 4380 2510 4458 tComment.
2564 4384 2760 4437 Isaiae:
2796 4384 3110 4450 «Feruntur,
3159 4387 3346 4454 inquit.

163 4474 284 4530 pote
315 4465 369 4519 in
402 4464 607 4533 quibus
641 4475 784 4530 saepe
811 4451 1068 4545 Origenis,
1089 4473 1142 4517 et
1172 4465 1361 4518 alicubi
1390 4465 1547 4518 etiam
1573 4465 1710 4519 Con-
1741 4469 1783 4524 ι)
1809 4480 1861 4523 et
1884 4470 1972 4522 alii
2004 4470 2104 4524 sub
2145 4473 2358 4526 nomine
2409 4451 2544 4550 ejus.
2573 4475 2856 4544 (Origenis)
2899 4477 2965 4530 de
3012 4451 3350 4534 visione—rs-

161 4555 378 4609 stantini
407 4549 758 4622 imperatoris
794 4551 987 4605 mentio
1016 4539 1122 4605 fiat.

230 4643 482 4700 Homilies
509 4659 538 4696 a
577 4639 772 4694 Rufino
793 4647 846 4694 et
880 4640 1198 4712 Hieronymo
1225 4643 1504 4697 Tractatus
1533 4645 1715 4714 appel-

161 4731 359 4790 lantur,
405 4731 678 4802 Apologia
733 4728 992 4798 Pamphili
1064 4746 1092 4783 a
1153 4732 1344 4785 Rufino
1402 4748 1711 4804 conversa:

165 4840 183 4871 ‹
219 4819 505 4890 Ρνωοίρυθ
534 4831 670 4873 vero
705 4830 798 4885 per
833 4831 924 4870 eos
955 4826 1243 4887 tractatus,
1271 4835 1404 4887 quos
1432 4836 1562 4890 pene
1585 4838 1715 4890 quo-

161 4912 286 4966 tidie
330 4911 386 4966 in
433 4909 685 4965 Ecclesia
721 4906 945 4961 habebat
990 4922 1054 4961 ex
1093 4920 1356 4978 tempore,
1382 4929 1514 4979 quos
1542 4923 1595 4966 et
1623 4914 1713 4966 de-

158 5001 462 5056 scribentes
495 4997 698 5054 notarii
739 4995 806 5050 ad
839 4983 1220 5062 monimentum
1250 5001 1575 5066 posteritatis
1605 5013 1714 5055 tra-

139 5091 379 5161 -debant.
410 5108 432 5142 ι
469 5089 832 5156 Hieronymus
866 5087 1106 5140 adversus
1145 5077 1474 5156 Vigilantiam
1497 5129 1512 5154 ,
1559 5093 1713 5161 epist.

162 5179 248 5239 75,
279 5160 349 5234 de
377 5177 620 5233 homiliis
648 5178 700 5230 in
734 5174 832 5228 Job
860 5177 1078 5245 loquens
1103 5215 1118 5240 ,
1143 5191 1275 5246 quas
1321 5177 1551 5234 Hilarius
1589 5160 1708 5236 ver-

161 5274 334 5322 terat:
373 5285 394 5318 ‹
425 5266 540 5320 Cur
572 5263 861 5317 Tractatus
887 5265 1001 5330 ejus
1028 5263 1080 5317 in
1105 5262 1232 5338 Job,
1277 5267 1466 5336 inquit,
1509 5271 1706 5325 descri-

160 5366 276 5422 ptos
309 5357 484 5410 babes
503 5355 528 5407 2
556 5371 577 5404 ι
610 5363 667 5406 et
693 5353 744 5406 in
770 5351 1081 5409 Praefatione
1101 5357 1167 5409 ad
1197 5357 1440 5412 homilias
1464 5358 1705 5430 Origenis

158 5446 213 5498 in
237 5445 522 5500 Canticum
545 5457 565 5495 :
602 5459 620 5492 ι
652 5440 760 5495 llos
785 5443 918 5495 duos
949 5454 1224 5507 tractatus,
1262 5461 1396 5513 quos
1424 5448 1474 5500 in
1508 5465 1705 5504 morem

158 5533 461 5602 quotidiani
487 5527 693 5598 eloquii
717 5530 948 5596 parvulis
991 5534 1163 5587 adhuc
1197 5533 1518 5589 lactantibus
1560 5555 1705 5594 com-

227 5726 363 5796 (57‘)
395 5723 532 5777 Vide
553 5676 807 5773 editionis
837 5728 1028 5776 nostra:
1051 5680 1272 5793 tom.lll,
1304 5742 1419 5797 pag.
1458 5699 1568 5786 ll8.

483 5815 758 5874 Parnm.
790 5813 907 5870 Cn.
933 5816 1128 5880 XVII.

1816 4559 2089 4628 τραπόδων
2120 4561 2223 4614 duo
2251 4561 2316 4615 ad
2360 4562 2576 4617 Gratata
2618 4565 2770 4627 libri,
2820 4566 2908 4632 qui
2959 4569 3344 4638 pseudographi

1815 4659 2096 4716 putantur,
2131 4659 2184 4704 et
2224 4651 2406 4721 viginti
2455 4654 2689 4722 quinque
2727 4655 2985 4722 homilias,
3009 4667 3064 4710 et
3107 4658 3345 4728 σημειώ-

1815 4753 1944 4803 σεις,
2001 4755 2132 4808 quas
2191 4757 2286 4797 nos
2347 4753 2589 4811 excerpta
2642 4759 2921 4812 possmnus
3005 4749 3287 4816 appellare.
3319 4768 3340 4801 ι

1811 4827 2072 4900 Excerpta
2129 4834 2310 4902 igitur,
2375 4851 2469 4889 seu
2530 4836 2735 4904 σχόλια,
2797 4851 2858 4892 ea
2929 4850 3054 4894 sunt
3108 4841 3345 4911 σημειώ-

1819 4939 1950 4985 σεις.
1978 4923 2045 4975 At
2079 4922 2380 4997 Pliilocalire
2422 4939 2538 4993 cap.
2589 4926 2694 4990 27,
2749 4937 3025 4996 postquam
3083 4931 3341 4998 prolixum

1818 5012 2060 5080 Origenis
2087 5011 2439 5082 fragmentum
2470 5018 2524 5068 in
2555 5015 2728 5070 Exod.
2754 5032 2806 5084 x,
2833 5018 2921 5080 27,
2951 5019 3209 5086 prolatum
3237 5030 3340 5082 est,

1818 5101 2139 5180 verbalmc
2183 5106 2524 5171 sequentibus
2566 5107 2767 5176 aliquot
2816 5107 3124 5180 fragmentis
3171 5107 3343 5172 praeti-

1818 5199 2010 5253 guntnr
2049 5209 2061 5245 :
2104 5194 2196 5246 καὶ
2239 5194 2395 5248 πάλιν
2434 5197 2491 5248 ὲν
2525 5197 2666 5267 ἄλλῳ
2705 5199 2852 5267 τόμῳ
2889 5199 2944 5248 ἐν
2992 5197 3108 5255 ταῖς
3155 5194 3340 5256 αὑταῖς

1808 5281 1886 5341 εις
1929 5277 2025 5349 τὴν
2072 5282 2283 5346 Ἐξοδον
2330 5285 2684 5355 σημειώσεων
2723 5286 2874 5356 (57⁸).
2905 5284 3067 5349 Igitur
3109 5279 3342 5351 σημειώ-

1802 5389 1913 5435 σεις
1940 5379 2252 5432 eonstabant
2289 5381 2481 5446 tomis;
2510 5383 2670 5451 igitur
2711 5389 3032 5447 quacunque
3079 5377 3179 5430 hoc
3212 5374 3341 5429 Plii-

1805 5461 2008 5518 ιοσαιὶω
2054 5467 2226 5537 capite
2257 5469 2551 5540 fragmenta
2599 5471 2650 5524 in
2677 5467 2908 5523 Exodum
2951 5476 3341 5530 repraesentan-

1809 5563 1914 5617 tur,
1948 5552 2113 5622 petita
2145 5567 2268 5613 sunt
2291 5560 2356 5611 ὲκ
2381 5558 2489 5613 τῶν
2515 5554 2872 5626 σημειώσεων.
2900 5549 2973 5604 Ea
2997 5564 3131 5605 vero
3173 5553 3344 5608 neuti-

2985 5823 3066 5878 38
