3922 6492
382 461 519 517 “95

381 597 536 650 quam
582 591 677 646 pro
720 572 929 628 sclioliis

383 663 877 721 commentariorum
909 659 1075 711 vicem
1116 655 1370 724 explent;
1399 664 1460 704 ea
1500 658 1584 702 est
1628 661 1803 702 rerum
1835 660 1897 700 ac

384 756 660 807 verborum
685 749 897 803 ubertas
923 755 975 800 et
999 745 1172 812 copia.

450 843 557 910 Ego
597 839 804 908 quidem
829 833 1144 905 σημειώσεις
1172 836 1413 902 generale
1434 833 1741 891 vocabulum
1780 838 1902 882 esse

384 941 525 1000 puto,
567 945 672 998 quo
716 928 842 982 tomi
888 937 938 980 et
973 926 1169 979 scholia
1226 926 1578 980 continentur.
1640 915 1902 989 Σημειοῦ-

386 1022 503 1073 σθαι
525 1030 626 1081 est,
658 1037 676 1069 ι
714 1019 984 1079 adnotare,
1008 1015 1440 1070 commentarium
1483 1012 1736 1070 scribere,
1767 1007 1903 1061 scri-

385 1120 527 1176 ptum
556 1106 766 1173 aliquod
798 1106 863 1158 ad
892 1104 1032 1157 aliud
1061 1102 1306 1170 adjicere,
1338 1099 1641 1161 ascribere;
1671 1094 1906 1164 σημείω-

386 1212 486 1257 σις,
523 1194 809 1259 adnotatio,
863 1189 1271 1246 commentarius
1297 1226 1313 1253 ,
1363 1186 1615 1256 quidquid
1661 1185 1727 1237 ad
1765 1180 1907 1234 aliud

385 1283 667 1361 scribendo
717 1282 983 1348 adjicitur,
1021 1299 1040 1331 ι
1090 1279 1380 1345 cuiusmodi
1415 1284 1539 1331 sunt
1599 1274 1802 1329 scholia
1854 1279 1906 1324 et

384 1372 741 1428 commentarii
765 1371 853 1439 qui
886 1371 951 1423 ad
973 1384 1121 1423 oram
1150 1369 1400 1422 librorum
1428 1365 1588 1419 attexi
1622 1364 1811 1418 solent.
1831 1361 1906 1414 Ita

385 1460 749 1529 intelligendus
781 1458 1038 1512 Eusebius
1060 1456 1152 1511 lib.
1178 1470 1209 1503 v
1239 1454 1461 1515 Hirtam,
1483 1467 1532 1509 c.
1559 1452 1646 1517 90,
1676 1466 1794 1505 cum
1822 1465 1914 1519 χα-

387 1552 668 1620 ριεστάτην
693 1544 983 1615 σημείωσιν
1026 1541 1252 1610 appellat
1286 1540 1695 1594 obtestationem
1725 1551 1913 1604 quam-

385 1634 504 1687 dam
527 1633 726 1701 qualad
755 1632 910 1684 linem
945 1629 1061 1683 libri
1091 1627 1268 1683 lrentei
1296 1626 1435 1693 Περὶ
1471 1622 1749 1695 ὀγδοάδος
1780 1638 1916 1691 prae-

390 1732 470 1774 ter
495 1729 794 1774 contextum
832 1716 1033 1784 adjecta
1078 1726 1210 1769 erat.
1242 1714 1365 1769 lnde
1411 1716 1498 1768 lux
1524 1728 1733 1782 quoque
1760 1710 1914 1765 alteri

382 1810 619 1879 ejusdem
645 1808 853 1862 Eusebii
880 1807 994 1860 loco
1028 1806 1121 1859 lib.
1148 1821 1219 1869 vr,
1250 1820 1367 1873 cap.
1404 1805 1491 1864 16,
1525 1804 1609 1856 ubi
1644 1803 1709 1856 de
1734 1800 1914 1853 Hexa-

1595 441 1654 497 P.
1695 433 2003 493 DANIELIS
2040 432 2279 488 HUETII

974 569 1156 623 haberi
1200 569 1452 635 possunt,
1497 561 1587 614 sed
1628 558 1888 626 iustorum
1917 561 1964 617 Α
1992 552 2409 608 benedictiones
2434 554 2657 600 tantum
2690 577 2709 603 ,
2738 546 2946 603 neque
2996 528 3352 635 futurorum
3412 517 3750 635 tot:

2001 641 2293 706 nuntiatio,
2324 644 2598 707 quantum
2655 638 2869 682 mores
2917 620 3017 673 vel
3085 618 3471 707 propositum
3514 618 3750 665 eorum,

3583 398 3610 452 1
3627 397 3739 451 ιθθ

2002 733 2081 785 vel
2108 700 2289 784 etiam'
2308 700 2565 796 quaedam
2597 719 2671 772 ab
2696 716 2789 769 eis
2855 719 3032 781 gesta
3088 700 3451 758 notabiliter
3485 710 3755 796 arguun-

2005 784 2111 877 tur.
2143 821 2278 886 Qua:
2311 784 2405 871 res
2433 811 2600 867 nobis
2633 804 3014 875 tripartitam
3067 796 3166 868 (ut
3207 794 3266 847 in
3301 789 3446 886 ali-is
3499 784 3753 886 fecimus

2005 872 2417 979 explanationis
2455 872 2767 955 materiam
2811 885 3104 955 subiicit,
3139 883 3223 935 ita
3271 888 3339 933 ut
3374 872 3755 972 benedictio-

2009 962 2101 1057 ne;
2123 1000 2371 1055 historia:
2390 997 2575 1051 locum
2616 993 2913 1046 servent;
2951 973 3284 1048 prophetia
3326 980 3495 1057 vero
3555 962 3760 1031 mysti-

2009 1107 2130 1146 cum
2176 1099 2344 1157 atque
2398 1082 2831 1153 dogmatieum;
2890 1082 3152 1126 morum
3219 1056 3765 1157 correptio‘atque

2011 1142 2319 1249 obiurgatio
2348 1142 2620 1229 litoraleui
2658 1168 2889 1235 dirigat
2923 1148 3475 1249 styluin._s-Quod
3516 1144 3676 1198 idem
3711 1142 3766 1194 in

2013 1239 2120 1325 lin'e
2148 1239 2390 1338 eiusdem
2451 1260 2703 1318 homilia:
2738 1253 3006 1325 repetit.
3069 1248 3168 1301 Ab
3215 1239 3534 1338 historico
3579 1244 3765 1338 autem

2014 1323 2274 1414 sensu.ad
2321 1354 2652 1425 mysticum,
2710 1362 2744 1400 a
2806 1323 3096 1414 mystico
3153 1334 3233 1388 ad
3298 1328 3609 1386 moralem
3658 1323 3773 1376 fere

2015 1447 2398 1518 progreditur;
2428 1440 2691 1512 quamvis
2717 1437 2888 1491 hunc
2918 1429 3224 1485 ordinem
3274 1426 3609 1491 pervertat
3636 1431 3773 1518 non:

2017 1505 2319 1608 nun—quam,
2364 1505 2611 1587 litteram
2677 1522 3035 1593 aliquando
3104 1516 3436 1585 negligat,
3500 1523 3534 1562 a
3580 1505 3773 1608 morali

2017 1594 2356 1696 expositione
2388 1625 2457 1675 ad
2488 1619 2803 1689 mysticam
2839 1610 3251 1683 quandoque
3301 1606 3612 1656 transeat.

2019 1689 2268 1786 quoniam
2312 1728 2478 1780 supra
2543 1710 2885 1765 luculenter
2924 1698 3397 1757 tractavimus,
3430 1693 3570 1747 haec
3600 1689 3775 1743 obiter

2023 1809 2261 1877 tetigisse
2284 1804 2540 1859 suiliciat.

389 1872 487 1964 piis
519 1897 761 1966 Origenis
788 1910 967 1964 agens,
1002 1896 1170 1963 deque
1202 1872 1363 1948 variis
1417 1893 1611 1961 quibus
1655 1891 1742 1944 illa
1790 1904 1919 1944 con-

2224 1896 2411 1950 Finem
2439 1893 2572 1948 huic
2606 1891 3017 1960 imponemus
3049 1877 3363 1942 sectioui,
3427 1872 3773 1927 adducentes

390 1988 605 2041 stabant
660 1984 1200 2053 interpretationibus,
1230 1982 1302 2036 ita
1352 1983 1534 2035 scribit
1568 2025 1579 2036 .
1627 1980 1835 2041 Ταύτας
1861 1979 1919 2030 δὲ

390 2077 600 2139 ἁπάσας
628 2075 718 2128 ἐπὶ
750 2072 940 2127 ταύτὸν
970 2070 1301 2139 συναγαγὼν,
1330 2070 1511 2123 διελών
1538 2087 1595 2123 τε
1639 2070 1771 2140 πρὸς
1812 2068 1921 2121 κῶ-

391 2161 500 2223 λον,
560 2162 652 2213 καὶ
699 2158 1076 2228 ἀντιπαραθεὶς
1131 2157 1396 2226 ἀλλήλαις,
1449 2158 1583 2226 μετά
1624 2157 1717 2209 καὶ
1753 2157 1921 2225 αὐτῆς

390 2251 486 2319 τῆς
527 2250 783 2319 Ἐϐραίων
813 2247 1152 2317 σημειώσεως
1171 2287 1184 2310 ,
1210 2248 1277 2300 τὰ
1309 2246 1413 2298 τῶν
1436 2245 1732 2314 λεγομένων
1763 2246 1922 2309 Ἐξα-

394 2338 561 2391 πλῶν
589 2340 715 2407 ἡμῖν
741 2338 1037 2405 ἀντίγραφα
1059 2334 1461 2389 καταλέλοιπεν.
1513 2353 1535 2385 α
1556 2335 1647 2389 His
1675 2336 1923 2388 omnibus

396 2428 448 2479 in
472 2441 632 2479 unum
664 2427 731 2479 ab
751 2440 813 2478 eo
840 2425 1095 2487 collectis,
1121 2432 1175 2477 et
1212 2437 1304 2491 per
1353 2422 1467 2475 cola
1507 2422 1711 2486 divisis,
1747 2436 1809 2475 ac
1839 2422 1923 2475 in-

394 2518 561 2571 vicem
594 2531 623 2570 e
648 2516 862 2584 regione
887 2515 1140 2582 oppositis
1165 2553 1181 2577 ,
1209 2528 1327 2566 cum
1359 2511 1671 2565 Hebraicum
1707 2522 1925 2578 praeter-

399 2622 461 2662 ea
520 2615 824 2661 contextum
841 2604 1200 2671 ascripsisset,
1224 2599 1544 2668 exemplaria
1568 2599 1721 2653 nobis
1748 2597 1927 2651 Hexa-
1954 2616 1957 2619 ν

398 2698 618 2765 plorem,
648 2696 719 2749 uti
742 2694 990 2763 appellari
1014 2693 1205 2753 solent,
1240 2690 1472 2758 reliquit.
1506 2708 1526 2741 ι
1583 2689 1733 2755 Quod
1765 2688 1926 2742 Euse-

400 2789 516 2842 bius
545 2786 834 2856 σημείωσιν
870 2784 1130 2854 Ἐϐραίων
1155 2782 1306 2845 dixit,
1338 2781 1669 2834 commodius
1694 2778 1930 2848 παραθέ-

401 2894 511 2939 σεις
541 2877 635 2945 τῆς
687 2874 973 2943 Ἐὅραῖκῆς
1001 2872 1289 2944 ἑρμηνείας
1347 2871 1675 2939 Epiphanius
1726 2883 1930 2922 nuncu-

402 2969 566 3035 pavit,
602 2966 754 3034 quasi
810 2966 977 3027 dicas,
1029 2981 1047 3014 ι
1083 2962 1469 3031 adjunctioues,
1517 2958 1864 3027 adjectiones.
1904 2975 1923 3011 ι

401 3060 609 3127 Optime
635 3070 844 3126 quoque
867 3054 1189 3122 Nicephorus
1214 3050 1653 3122 παρασημειωσιν
1681 3048 1928 3111 reddidit,

403 3151 504 3203 hoc
529 3159 631 3211 est,
652 3167 670 3199 ι
699 3146 1102 3215 descriptionem
1128 3144 1193 3197 ad
1228 3142 1371 3195 aliud
1420 3141 1688 3202 additam;
1725 3157 1744 3189 ι
1779 3137 1930 3191 addi-
1960 3198 2001 3221 η

406 3248 455 3291 ta
487 3239 626 3291 enim
659 3234 955 3305 praepositio
1002 3241 1148 3287 notat
1196 3246 1315 3285 esse
1347 3230 1452 3282 τῶν
1491 3228 1623 3299 πρός
1668 3243 1740 3280 τι.
1799 3227 1931 3283 Cum

402 3340 532 3395 ergo
557 3325 754 3378 scholia
800 3333 856 3378 et
903 3320 1310 3383 commentaria,
1361 3319 1580 3372 alterius
1627 3316 1938 3386 scriptionis

405 3414 730 3483 explicandae
758 3412 924 3480 gratia
953 3411 1110 3465 scribi
1130 3411 1353 3472 soleant,
1381 3409 1534 3476 eique
1555 3422 1693 3476 stepe
1719 3405 1939 3476 adjungi

405 3513 461 3556 et
513 3504 579 3555 ad
620 3515 769 3554 oram
833 3501 1036 3563 attexi,
1092 3509 1370 3567 prepterea
1424 3493 1745 3564 σημειώσεις
1795 3504 1942 3548 recte

409 3593 548 3644 dicta
591 3600 716 3644 sunt
757 3604 771 3641 :
832 3602 1001 3657 neque
1056 3588 1323 3640 immerito
1373 3583 1674 3636 Philocatiw
1704 3593 1941 3637 textores

412 3679 510 3732 hoc
540 3674 851 3729 vocabulum
878 3672 1309 3735 Commentariis,
1338 3670 1689 3739 Hieronymus
1710 3668 1943 3725 Scholiis

404 3765 662 3820 tribuere.

479 3852 544 3907 V.
572 3851 848 3907 Communi
888 3863 1095 3918 quoque
1127 3845 1458 3916 ὲξηγητικῶν
1488 3843 1640 3899 titulo
1680 3843 1941 3914 Tetrapla,

414 3944 647 4013 Ilexapla
685 3953 742 3998 et
783 3939 997 4003 Octapla
1041 3937 1282 4004 Origenis
1343 3933 1778 4004 complectimur,
1825 3951 1945 4004 qua:

414 4035 624 4105 proprio
654 4030 902 4085 vocabulo
930 4025 1288 4099 ὲρμηνευτικὰ
1316 4024 1578 4091 appellare
1608 4022 1795 4090 possis.
1813 4025 1944 4079 Cum

414 4129 552 4180 enim
581 4140 641 4178 ex
670 4123 830 4176 variis
864 4121 1155 4187 Scriptura:
1203 4116 1428 4171 conﬂata
1462 4117 1570 4169 sint
1626 4116 1947 4184 interpreta-

418 4216 663 4276 tionibus,
696 4215 748 4267 in
804 4226 923 4263 eum
982 4209 1164 4263 venire
1214 4208 1510 4261 debuerunt
1562 4220 1804 4269 censum,
1839 4219 1947 4274 quo

414 4317 739 4372 quaecunque
783 4302 848 4354 ad
894 4296 1340 4366 interpretandam
1388 4294 1716 4361 Scripturam
1766 4293 1948 4348 elabo-

422 4394 556 4443 ravit
580 4390 946 4451 Adamantius,
973 4388 1336 4441 continentur.
1372 4382 1484 4437 Huc
1516 4384 1695 4450 adjicit
1747 4385 1949 4449 episto-

2019 1990 2148 2043 illud
2208 1985 2483 2040 Ambrosii
2536 1998 2568 2036 e
2615 1981 2720 2033 lib.
2754 1996 2822 2042 ν,
2893 1976 3104 2045 epist.
3148 1972 3238 2027 45
3277 1987 3294 2021 :
3354 1986 3377 2020 ι
3423 1966 3505 2021 Et
3532 1964 3583 2020 si
3614 1962 3775 2017 sciam

2020 2079 2161 2149 quod
2197 2076 2329 2131 nihil
2359 2073 2645 2129 difficilius
2669 2071 2776 2132 sit,
2811 2082 3021 2137 quam
3058 2064 3145 2118 de
3208 2057 3496 2149 apostoli
3550 2054 3776 2149 lectione

2020 2142 2305 2229 disserere,
2360 2179 2487 2218 cum
2549 2162 2676 2232 ipse
2729 2160 3066 2225 Origenes
3131 2153 3337 2221 longe
3389 2147 3596 2203 minor
3634 2144 3702 2199 sit
3725 2142 3775 2194 in

2022 2259 2184 2321 Novo,
2218 2271 2377 2324 quam
2402 2254 2457 2306 in
2492 2251 2684 2306 Veteri
2721 2248 3194 2303 Testamento.
3244 2260 3270 2289 ι
3312 2240 3516 2307 Cujus
3542 2236 3626 2290 rei
3659 2249 3781 2288 cau-

2023 2358 2107 2398 sas
2133 2322 2389 2411 quairenti
2426 2339 2564 2393 mihi
2616 2338 2671 2392 id
2720 2334 3093 2397 succurrit,
3118 2340 3328 2386 aetate
3356 2325 3643 2398 Origenis
3674 2322 3781 2393 plu-

2025 2434 2173 2487 ribus
2212 2431 2650 2493 commeutariis,
2678 2424 3392 2494 interpretationibus,
3425 2410 3777 2475 dissertatio-

2025 2524 2201 2587 nibus,
2222 2522 2613 2576 traditionibus
2643 2520 3047 2574 illustratum
3090 2515 3317 2570 fuisse
3351 2512 3775 2567 Testamentum

2026 2614 2213 2677 Vetus,
2240 2627 2400 2681 quam
2430 2611 2676 2675 Novum,
2715 2610 2907 2678 cujus
2962 2608 3473 2664 reconditiores
3499 2602 3781 2658 sententia:

2026 2719 2413 2774 perpaucorum
2447 2702 2727 2756 industria
2758 2700 3038 2755 fuerant
3080 2699 3175 2755 ad
3243 2699 3377 2753 hoc
3434 2705 3661 2764 tempus
3710 2692 3783 2743 inc

2025 2796 2342 2864 vestigataa;
2398 2793 2754 2862 proindeque
2820 2791 3379 2845 instrumentum
3461 2786 3639 2840 Vetus
3686 2793 3782 2836 tra-

2028 2894 2265 2939 ctantem
2298 2882 2695 2937 Adamantium
2742 2878 2988 2947 majori
3040 2881 3264 2935 fuisse
3310 2879 3377 2933 in
3436 2878 3570 2932 luce
3615 2889 3783 2928 versa-

2030 2982 2162 3035 tum,
2190 2986 2349 3040 quam
2373 2985 2499 3024 cum
2538 2966 2698 3024 Novo
2741 2970 3160 3038 explicando
3190 2984 3472 3039 operam
3501 2983 3661 3022 suam
3700 2982 3781 3018 na-

2030 3071 2199 3115 varet.
2220 3059 2334 3116 Huc
2359 3060 2573 3116 accedit
2602 3060 2870 3129 antiqua:
2904 3060 3088 3132 legis
3129 3061 3499 3132 abrogatas
3536 3071 3786 3115 carentu-

2035 3153 2152 3209 nias
2200 3162 2253 3207 et
2296 3152 2503 3219 judicia
2553 3163 2993 3217 enarrantem,
3071 3156 3357 3210 minore
3436 3154 3692 3223 periculo
3740 3152 3784 3202 in

2033 3243 2315 3313 allegorias
2344 3243 2663 3297 excurrisse
2695 3252 2756 3297 et
2816 3244 3277 3301 destruxisse
3326 3248 3623 3308 litteram,
3644 3257 3789 3312 quam

2034 3345 2157 3385 cum
2212 3329 2415 3384 Christi
2473 3331 2699 3384 decreta
2772 3342 2839 3385 et
2904 3336 3327 3390 sanctiones
3392 3335 3787 3405 apostolorum.

2036 3420 2335 3488 dogmatum
2354 3432 2579 3471 suorum
2613 3419 2888 3474 novitate
2929 3422 3392 3492 depravat-et.

2649 3575 2943 3637 SECTIO
2986 3579 3084 3635 11.

2040 3682 2257 3724 BINGULA
2297 3682 2549 3723 ORIGENIS
2587 3685 2967 3736 EXEGETICA,
3022 3691 3323 3738 ρυοιιυιι
3374 3694 3456 3733 AD
3515 3692 3622 3736 305
3684 3692 3797 3732 νει·

2380 3752 2544 3791 νεαιτ
2575 3754 2820 3794 ΝΟἸῚἸΊΑ
2845 3781 2861 3805 ,
2898 3756 3457 3804 ENUIEBLNTCR.

2041 3847 2083 3901 Ι.
2114 3847 2507 3922 Enumerantur
2527 3847 2789 3922 Origenis
2817 3858 3172 3922 exegelica
3220 3863 3292 3915 in
3324 3860 3795 3919 Pentateuchusi;

2114 3916 2177 3969 ιι.
2214 3917 2282 3968 In
2309 3915 2499 3997 {‘osite,
2532 3915 3034 3997 ,Ιιιιζὶεᾳιηᾷ-ὺέορ
3092 3926 3389 3997 Regum.
3423 3915 3791 3997 panum;

2113 4001 2265 4065 actm,
2308 3985 2503 4065 [iser
2534 3997 2584 4065 et
2618 3986 2766 4065 Joob;
2808 3988 2917 4043 Ill.
2979 3994 3057 4065 ign
3109 3985 3565 4065 Psalterium;
3631 3985 3714 4050 ἰν.
3748 3997 3794 4046 il

2118 4052 2431 4133 Proverbia,
2456 4054 2836 4123 Ecclesiasten
2868 4072 2926 4111 et
2950 4063 3339 4133 ganticum
3360 4052 3405 4133 ;7
3438 4070 3515 4124 ν.
3544 4052 3634 4122 ’ὅτι
3693 4082 3795 4118 πω·

2108 4123 2250 4203 jores
2281 4123 2561 4203 prophetas
2593 4136 2891 4203 quatuor;
2950 4127 3068 4183 Vl.
3099 4148 3168 4185 et
3203 4139 3275 4189 in
3320 4123 3589 4191 n'tiuores
3614 4140 3796 4190 duodg.

2114 4186 2252 4271 (ξω)
2284 4186 2395 4271 ΥΙΙᾉ
2430 4191 2554 4271 item
2594 4186 2660 4271 tiu
2712 4186 3097 4271 Matt}r_¢_z;'_tr_rrt
3130 4241 3151 4264 ,
3201 4186 3800 4271 302.}...-

2109 4268 2165 4377 ἵ
2201 4260 2334 4309 Acta
2398 4259 2811 4325 apostolorum;
2898 4266 3077 4321 VIII.
3134 4259 3501 4344 Epistula;
3547 4259 3712 4331 Ριηιίἰ
3759 4281 3801 4327 ει

2157 4327 2504 4377 nocaluusrm.

2156 4327 2504 4393 pocalypsrm.

421 4477 1062 4573 las-Sixtusutienens‘is,
1113 4474 1251 4541 quod
1300 4474 1599 4573 propositas
1644 4474 1946 4573 sibincirca
1980 4506 2025 4559 Β
2120 4479 2160 4534 ι.
2227 4480 2519 4551 Postquam
2574 4486 2733 4538 varia
2790 4485 3380 4560 Origemanonun
3462 4505 3799 4573 Exegettmn

422 4570 703 4636 Scriptum
756 4568 1158 4623 illustrationem
1222 4567 1543 4634 quaestiones
1607 4563 1948 4619 rescribendo

421 4656 673 4725 Origenes
699 4655 1017 4709 dissolverit.
1047 4655 1116 4708 At
1161 4668 1280 4706 cum
1337 4651 1439 4704 alia
1473 4663 1684 4719 quoque
1716 4665 1812 4717 per
1839 4651 1952 4719 epi-

422 4744 584 4801 stolas
605 4752 913 4810 argumenta
940 4753 1195 4797 tractasse
1225 4744 1395 4812 ipsum
1422 4751 1647 4804 constet,
1662 4741 1806 4794 velut
1830 4755 1950 4794 cum

422 4838 488 4893 ad
509 4833 802 4901 Philippum
826 4833 1221 4900 imperatorem,
1253 4834 1333 4887 vel
1372 4835 1438 4886 ad
1474 4830 1751 4900 eoujugeni
1782 4831 1952 4898 ipsius

426 4932 696 4990 Severam,
724 4924 807 4977 vel
826 4926 892 4976 ad
926 4923 1213 4977 Fabianum
1248 4938 1434 4993 papam
1469 4922 1589 4975 ﬁdei
1642 4935 1751 4975 sua;
1794 4919 1955 4989 proll-

428 5021 596 5076 tenda:
649 5029 808 5071 causa
856 5014 1128 5077 scriberet,
1178 5015 1369 5068 merito
1425 5014 1564 5066 inter
1621 5019 1952 5081 syntagmata

425 5110 674 5180 epistolas
699 5106 863 5176 ipsius
892 5102 1248 5171 eonjiciendas
1273 5118 1574 5158 censemus.

494 5202 581 5257 Vl.
602 5201 701 5267 Qui
726 5192 1135 5264 interpretandis
1161 5192 1449 5261 Scripturis
1491 5195 1680 5263 triplex
1703 5194 1952 5265 ἐξηγητι-

426 5290 537 5347 xth
562 5303 727 5360 genus
753 5282 995 5340 adhibuit
1048 5280 1327 5353 Origenes,
1360 5284 1408 5337 is
1462 5285 1723 5350 triplicem
1755 5300 1820 5338 ex
1853 5285 1957 5339 illis

428 5394 639 5434 sensum
678 5389 863 5432 eruere
905 5388 966 5428 ae
995 5371 1319 5439 investigare
1370 5373 1685 5435 consuevit;
1740 5372 1956 5427 histori-

429 5484 571 5531 cum,
602 5485 757 5536 quem
783 5475 837 5520 et
864 5466 1052 5518 litterae
1079 5476 1296 5518 sensum
1344 5458 1629 5526 appellant,
1676 5462 1957 5530 mysticum

432 5567 483 5608 et
529 5556 798 5610 moralem.
834 5556 922 5609 Sic
971 5554 1056 5609 ille
1081 5552 1263 5607 bomil.
1292 5548 1358 5601 17
1390 5549 1443 5598 in
1485 5545 1694 5611 Cenes”
1726 5565 1873 5603 num.
1903 5553 1956 5617 1,

434 5643 621 5709 ι›.106,
651 5644 734 5697 ubi
769 5644 876 5712 agit
905 5644 971 5697 de
997 5637 1448 5700 benedictionibus
1483 5637 1902 5703 patriarcharqu
1941 5656 1956 5691 :

438 5754 457 5783 ι
494 5732 545 5781 In
577 5732 686 5797 ipso
711 5742 883 5784 autem
914 5747 1137 5801 corpore
1165 5748 1218 5795 et
1246 5728 1400 5807 serie
1438 5724 1737 5789 verborum,
1785 5743 1962 5796 neque

2051 4585 2248 4665 genera
2303 4576 2799 4665 percensuimus;
2854 4581 3177 4652 singulas
3247 4609 3433 4649 nunc
3499 4594 3801 4665 exegcticas

2049 4661 2457 4717 lucubrationes
2508 4680 2865 4722 enumerare
2930 4674 3175 4742 decet,
3260 4700 3546 4751 quarum
3606 4661 3673 4739 ad
3723 4702 3803 4735 nu-

2049 4760 2217 4806 stram
2244 4760 2456 4846 aetatem
2492 4753 2702 4846 notitia
2729 4765 3050 4846 pervenit.
3098 4767 3283 4824 Nam
3314 4789 3399 4829 ex
3444 4776 3673 4846 ingenti
3696 4774 3804 4833 hac,

2049 4855 2214 4909 quam
2277 4840 2541 4907 diximus,
2592 4844 3004 4913 scriptionum
3067 4865 3435 4928 congerie,
3482 4840 3604 4918 non
3668 4865 3809 4915 modo

2051 4944 2178 4998 pars
2225 4931 2505 4984 intercidit
2536 4936 2816 4999 maxima,
2859 4940 2977 4992 sed
3032 4949 3426 5005 mnum-um
3459 4955 3645 5007 etiam
3684 4949 3809 5007 mu“

2053 5033 2117 5071 ac
2146 5019 2363 5111 nomina
2420 5020 2855 5079 obsoleverunt.
2894 5025 3494 5109 Quarumcunque
3522 5058 3669 5111 ergo
3714 5058 3809 5095 me-

2054 5109 2226 5162 moria
2264 5108 2445 5178 aliqua
2493 5112 2550 5163 in
2580 5124 2854 5170 veterum
2909 5123 3209 5191 scriptis
3242 5108 3514 5186 servata
3549 5108 3665 5197 est,
3729 5142 3809 5182 ea!

2056 5200 2466 5254 recensebimus
2495 5202 2814 5271 sigillatim,
2856 5218 2921 5261 et
2956 5211 3167 5280 juxta
3202 5219 3536 5278 librorum
3572 5223 3807 5291 Scripul'

2057 5300 2133 5342 ra:
2162 5304 2329 5344 sacra:
2354 5291 2610 5346 ordinem
2647 5293 3027 5364 digeremus.

2135 5380 2335 5437 Scribit
2357 5380 2726 5450 Epiphanius,
2755 5401 2824 5440 ex
2865 5404 3081 5459 eoque
3138 5398 3536 5470 Cedrenus,
3601 5417 3660 5462 et
3702 5403 3809 5459 Soi-

2062 5470 2185 5539 das,
2210 5471 2448 5542 singulos
2471 5471 2793 5544 Scripturae
2823 5490 3030 5533 sacrae
3059 5482 3291 5543 libros
3315 5489 3617 5562 Origenis
3642 5492 3806 5546 studio

2066 5560 2239 5620 fuisse
2264 5565 2681 5630 interpretatos.
2713 5564 3207 5631 Auspicandum
3260 5595 3298 5633 a
3339 5560 3614 5647 Genesi,
3656 5596 3806 5653 quam

2070 5655 2334 5711 tredecim
2392 5653 2940 5706 commentariorum
3010 5657 3219 5718 libris
3299 5680 3370 5725 ει
3438 5673 3805 5741 πηδῆσαι-ωε

2072 5742 2416 5802 homiliarum
2447 5741 2611 5797 libris
2636 5743 2849 5798 duobus
2891 5759 2966 5798 ex
2980 5747 3291 5816 plicassc
3326 5760 3535 5831 ipsum
3574 5772 3804 5818 ωιιιωπ
