3922 6428
225 438 341 502 ﬁt)!

1023 432 1588 489 OIIIGENIANORUM
1626 433 1752 487 LIB.
1795 433 1882 496 III,
1923 433 2073 487 CAP.
2115 435 2176 497 ll,
2209 435 2392 488 SECT.
2437 433 2492 490 IL

3229 436 3368 491 1202'

225 535 889 616 digna'arhitrorlectione,
917 544 969 596 in
995 542 1138 597 hunc
1163 552 1434 611 angustum
1468 544 1738 597 Commen-
1764 551 1808 606 Α
1839 544 2018 613 viginti
2061 545 2289 612 quinque
2335 545 2602 609 homilias;
2644 553 2696 600 et
2745 547 3063 617 σημειώσεις
3099 565 3227 618 quas
3265 563 3364 604 nos

222 637 454 690 tariolum
484 635 724 688 referam.
757 653 775 686 ι
799 635 999 700 Quibus
1039 634 1166 686 tomi
1193 633 1432 700 Origenis
1454 672 1469 694 ,
1506 633 1733 686 homilia:

221 735 270 778 et
293 723 481 777 scholia
511 724 560 775 in
589 723 894 776 Psalterium
930 723 1235 790 singulatim
1269 731 1533 794 notantur.

284 809 366 863 IV.
389 811 461 863 Ex
481 809 592 876 ejus
617 810 1022 864 Commentariis
1044 813 1098 862 in
1129 809 1405 864 Proverbia
1435 809 1734 870 Salomonis

219 900 496 971 particulas
517 901 649 953 duas
687 899 1010 968 deprompsit
1044 900 1346 968 Pamphilus
1381 901 1431 953 in
1469 900 1732 969 Apologia.

215 991 402 1045 Catena
437 1003 644 1057 quoque
677 989 1031 1057 manuscripta
1061 988 1398 1043 Bibliotheca:
1421 989 1734 1042 Mazarinia-

222 1094 296 1132 me
335 1084 386 1129 in
415 1075 629 1139 Lucam,
664 1077 729 1129 ad
773 1092 888 1146 cap.
924 1089 1040 1140 vm,
1081 1091 1223 1131 vers.
1272 1078 1324 1142 4,
1375 1077 1579 1145 insigne
1626 1076 1735 1130 fra-

215 1176 474 1234 gmentum
519 1165 748 1218 indidem
779 1165 1058 1234 expromit.
1098 1165 1263 1234 Ipsius
1321 1166 1736 1234 Explicationum

213 1257 264 1308 in
299 1254 635 1307 Ecclesiasten
666 1255 850 1307 scribit
887 1254 1066 1309 Sixtus
1093 1255 1391 1309 meminisse
1425 1255 1736 1310 Methodium

216 1346 264 1397 in
314 1344 443 1396 libro
480 1341 554 1394 De
597 1344 995 1397 resurrectione.
1061 1343 1208 1408 Quod
1257 1345 1498 1412 equidem
1545 1345 1597 1397 in
1642 1344 1741 1397 Ira-

211 1432 448 1502 gmentis,
475 1445 591 1498 qua:
616 1431 756 1498 apud
784 1430 1124 1499 Epiphanium
1154 1440 1208 1486 et
1255 1431 1492 1485 Photium
1511 1442 1737 1496 exstant,

215 1534 468 1588 nusquam
488 1521 719 1587 reperio.
757 1517 821 1572 In
858 1518 1126 1572 Canticum
1166 1521 1479 1572 canticorum
1518 1521 1738 1574 multum

213 1610 404 1663 laboris
433 1619 487 1662 et
509 1609 673 1662 studii
700 1607 988 1662 contulisse
1016 1610 1185 1676 ipsum
1211 1617 1432 1662 testatur
1460 1608 1741 1677 Gregorius

214 1697 470 1768 Nyssenus
502 1697 554 1750 in
579 1697 813 1750 Proem.
841 1697 1139 1751 Comment.
1176 1698 1230 1749 in
1256 1696 1457 1751 Cantia.
1491 1700 1737 1772 canticor.

213 1786 636 1842 Commentarios
673 1788 882 1855 quidem
923 1798 976 1840 et
1015 1787 1259 1843 homilias
1295 1790 1345 1841 in
1388 1788 1526 1842 hunc
1554 1789 1740 1841 librum

1829 643 2072 702 excerpta
2117 649 2397 702 possumus
2446 635 2728 702 appellare.
2758 655 2776 687 ι
2820 636 2972 691 Plura
3019 649 3189 694 autem
3235 640 3367 694 scri-

1832 723 2005 791 psisse
2045 721 2187 774 illum
2226 724 2542 790 persuadere
2574 735 2791 792 possunt
2819 725 2930 778 haec
2959 726 3169 781 Eusebii
3207 725 3363 780 verba

1831 813 1922 866 lib.
1945 827 1996 864 vt
2048 809 2269 873 IIistor.,
2304 827 2420 879 cap.
2450 811 2536 877 32,
2564 815 2701 867 unde
2739 829 2832 867 sua
2874 815 3218 885 Hieronymus
3252 832 3365 869 mu-

1833 908 2008 952 tuatus
2034 906 2115 952 est
2146 917 2159 950 :
2189 898 2297 949 Kal.
2325 899 2576 967 Ὧριγένει
2604 900 2658 951 δὲ
2686 903 2824 955 κατὰ
2851 901 3034 955 τοῦτον
3065 902 3154 956 τὸν
3178 903 3365 973 χρόνον

1833 988 1898 1040 τὰ
1929 990 2005 1050 εἰς
2027 983 2116 1040 τὸν
2149 987 2372 1040 Ἡσαΐαν
2395 989 2754 1054 συνετάττετο,
2785 987 2857 1044 ὧν
2882 993 2958 1054 εἰς
2985 994 3078 1062 μὲν
3098 991 3157 1044 τὸ
3189 992 3365 1062 τρίτον

1838 1077 1999 1148 μέρος
2024 1076 2114 1128 τοῦ
2159 1077 2375 1128 Ἡσαΐου
2403 1077 2559 1147 μέχρι
2591 1077 2686 1145 τῆς
2711 1078 2953 1148 ὁράσεως
2978 1081 3082 1134 τῶν
3107 1081 3364 1150 τετραπό-

1832 1165 1936 1217 δων
1967 1164 2069 1217 τῶν
2096 1167 2151 1215 ὲν
2177 1167 2240 1234 τῇ
2265 1165 2468 1235 ἐρήμῳ,
2509 1165 2796 1234 τριάκοντα
2825 1169 2902 1230 εἰς
2932 1169 3073 1238 ἡμᾶς
3104 1168 3366 1240 προῆλθον

1834 1253 2006 1322 τόμοι.
2043 1253 2150 1322 (65)
2173 1273 2190 1304 s
2217 1253 2322 1307 llac
2342 1262 2651 1320 tempestate
2669 1252 2922 1324 Origenes
2947 1258 3365 1314 Commentarios

1836 1357 1959 1395 suos
1983 1345 2035 1394 in
2069 1341 2267 1395 Isaiam
2291 1343 2604 1411 composuit,
2637 1358 2666 1397 e
2699 1344 2889 1411 quibus
2924 1345 2974 1398 in
3016 1349 3220 1400 tertiam
3249 1342 3380 1416 qui—5

1837 1432 1952 1484 dem
1982 1441 2183 1498 partem
2207 1430 2372 1494 Isaias,
2415 1444 2577 1500 usque
2601 1434 2666 1488 ad
2693 1433 2943 1488 visionem
2972 1434 3363 1506 quadrupedum

1838 1518 1889 1572 in
1927 1519 2156 1583 deserto,
2183 1519 2399 1588 triginta
2438 1521 2501 1574 ad
2539 1537 2636 1580 nos
2675 1524 2802 1577 tomi
2832 1533 3198 1592 pervenerunt.
3233 1542 3253 1576 ι
3301 1525 3368 1580 Et

1839 1610 2087 1664 continuo
2131 1610 2194 1664 de
2220 1609 2620 1666 Commentariis
2660 1612 2896 1678 ejusdem
2947 1613 3001 1665 in
3051 1612 3366 1666 Ezechielem

1840 1710 2035 1764 agens,
2087 1697 2269 1765 viginti
2316 1699 2548 1768 quinque
2600 1714 2692 1752 sua
2744 1709 2897 1754 aetate
2938 1693 3207 1756 exstitisse
3259 1701 3366 1766 ait,

1842 1798 2012 1850 neque
2056 1783 2230 1850 plures
2269 1783 2546 1853 Origenem
2600 1785 2651 1838 in
2700 1787 2840 1840 hunc
2883 1786 3190 1854 prophetam
3237 1785 3370 1839 scri-

215 1873 369 1926 dedit.
440 1873 816 1927 Commentarii
901 1875 1132 1945 duplices
1215 1875 1424 1929 fuerunt
1458 1890 1472 1926 :
1527 1889 1741 1942 parvum
1771 1868 1813 1922 B
1841 1873 2006 1940 psisse
2029 1889 2042 1924 :
2065 1873 2212 1940 quasi
2246 1873 2566 1928 subinnuens
2597 1875 2798 1942 aliquos
2833 1888 2862 1926 e
2887 1874 3293 1926 Commentariis
3316 1874 3370 1927 in

215 1974 408 2017 tomum
441 1963 651 2032 juvenis
681 1963 928 2029 scripsit,
965 1980 995 2017 e
1033 1979 1136 2032 quo
1171 1964 1416 2018 laciniam
1461 1964 1618 2033 capiti
1666 1979 1747 2016 se-

211 2050 372 2116 ptimo
448 2047 758 2100 Philocalia:
815 2049 1065 2103 intextam
1137 2050 1502 2118 deprehendas
1543 2067 1556 2101 :
1596 2049 1748 2103 annis

212 2153 335 2193 vero
364 2137 671 2206 provectior
707 2138 888 2191 decem
921 2139 1215 2207 composuit
1242 2148 1442 2205 tomos,
1475 2154 1608 2207 quos
1648 2154 1750 2192 me.

211 2227 450 2281 morabili
468 2228 642 2292 elogio
671 2225 1026 2296 Hieronymus
1068 2229 1371 2292 exornavit,
1425 2229 1477 2281 in
1528 2228 1750 2296 Prologo

208 2318 276 2369 ad
302 2317 602 2380 Damasum,
635 2332 743 2371 sua:
786 2318 1216 2385 interpretationi
1243 2317 1467 2371 duarum
1502 2317 1750 2382 Origenis

209 2406 544 2460 homiliarum
571 2407 626 2458 in
658 2406 876 2459 Cantico
904 2406 1122 2474 prelixo
1151 2423 1165 2459 :
1203 2423 1221 2456 ι
1247 2406 1524 2472 Origenes,
1557 2408 1748 2480 inquit,

209 2509 328 2547 cum
379 2495 430 2548 in
487 2492 699 2548 caeteris
731 2493 882 2547 libris
933 2508 1118 2548 omnes
1163 2493 1372 2557 vicerit,
1428 2495 1478 2547 in
1531 2493 1750 2549 Cantico

208 2582 540 2635 canticorum
585 2579 696 2646 ipse
739 2593 796 2633 se
827 2581 993 2633 vicit:
1027 2595 1146 2633 nam
1175 2582 1354 2634 decem
1395 2581 1750 2636 voluminibus

203 2669 494 2738 explicitis,
546 2683 666 2736 qua
704 2670 768 2723 ad
823 2670 1009 2739 viginti
1058 2684 1224 2738 usque
1278 2685 1525 2725 versuum
1586 2672 1748 2724 millia

205 2774 341 2828 pene
371 2760 710 2828 perveniunt,
750 2759 976 2827 primum
1023 2757 1364 2829 Septuaginta
1411 2760 1746 2828 Interpretcs,

202 2849 398 2904 deinde
433 2848 704 2916 Aquilam,
729 2855 780 2902 et
810 2846 1204 2917 Symmachum,
1235 2855 1289 2900 et
1313 2847 1748 2911 Theodotionem,

204 2947 260 2991 et
289 2937 356 2990 ad
379 2945 686 2990 extremum
707 2936 944 3006 quintam
963 2935 1252 2991 editionem
1273 2975 1288 2998 ,
1323 2951 1482 3004 quam
1522 2937 1574 2989 in
1603 2938 1750 2990 Actio

208 3027 390 3080 littore
424 3025 697 3079 invenisse
729 3039 785 3078 se
812 3024 1016 3085 scribit,
1049 3025 1119 3077 ita
1142 3024 1438 3090 magniﬁce,
1462 3033 1745 3092 aperteque

209 3115 498 3176 disseruit,
531 3121 591 3166 ut
632 3114 754 3167 inde
782 3115 911 3166 mihi
938 3113 1179 3167 videatur
1224 3113 1276 3165 in
1321 3127 1384 3167 eo
1433 3113 1747 3180 completum

207 3216 326 3256 esse
353 3203 498 3270 quod
519 3202 718 3255 dicitur
746 3221 760 3256 :
787 3200 1087 3258 Introduxit
1119 3219 1198 3256 me
1231 3202 1341 3256 Rea:
1377 3203 1429 3256 in
1455 3203 1748 3256 cubiculum
1774 3183 1820 3246 ίΞ

203 3305 358 3342 suum
395 3289 464 3342 ⁸³.
490 3307 510 3340 ι
547 3289 746 3343 Horum
786 3289 1298 3346 Commentariorum
1327 3305 1451 3360 pars
1479 3305 1582 3346 non
1619 3305 1747 3345 con-

211 3381 496 3434 temnenda
525 3381 580 3433 in
615 3377 851 3433 editione
873 3379 1060 3433 Latina
1089 3380 1348 3448 hodieque
1377 3389 1631 3448 superest,
1659 3381 1750 3436 sed

207 3468 346 3523 male
372 3469 426 3522 in
456 3466 708 3520 homilias
737 3467 1036 3530 distributa,
1067 3478 1122 3521 ut
1148 3469 1489 3522 ostendemus
1511 3467 1746 3532 inferius,

205 3572 327 3610 cum
349 3557 416 3610 de
440 3555 818 3622 superstitibus
859 3553 1098 3623 Origenis
1125 3559 1371 3625 operibus
1416 3558 1520 3611 erit
1561 3559 1748 3627 agendi

205 3645 374 3700 locus.
410 3642 678 3697 Homilias
717 3655 892 3698 autem
922 3647 977 3696 in
1006 3644 1274 3697 Canticum
1313 3645 1442 3699 duas
1488 3644 1749 3711 Hierony-

207 3749 323 3788 mus
391 3732 584 3786 Latine
657 3730 953 3798 explicavit,
1005 3747 1216 3801 «quas,
1272 3743 1328 3785 ut
1380 3735 1491 3800 ipse
1542 3736 1646 3798 ait,
1699 3735 1750 3787 in

203 3836 410 3876 morem
431 3820 734 3888 quotidiani
760 3820 954 3889 eloquii
985 3821 1215 3888 parvulis
1238 3821 1411 3876 adhuc
1437 3821 1753 3876 lactentibus

203 3907 534 3979 (Origenes)
572 3907 885 3975 composuit.
916 3925 934 3958 s

279 3997 342 4052 ν.
384 3996 583 4051 Isaiam
635 3993 985 4048 Adamantius
1039 3994 1430 4048 commentariis
1459 4033 1477 4060 ,
1527 3995 1756 4049 homiliis

200 4097 257 4141 et
287 4085 522 4140 scholiis
579 4083 959 4148 interpretatus
992 4092 1102 4146 est;
1147 4091 1202 4134 et
1255 4083 1753 4136 commentariorum

199 4178 422 4244 quidem
486 4172 712 4242 triginta
770 4170 941 4232 libris,
997 4171 1228 4225 homiliis
1270 4171 1450 4239 viginti
1500 4172 1753 4240 quinque.

202 4267 571 4336 Hieronymus
605 4261 730 4314 libr.
773 4275 790 4312 ι
833 4261 1047 4329 Apolog.
1077 4261 1274 4313 advers.
1307 4260 1506 4328 Ruﬁn.,
1544 4276 1660 4329 cap.
1701 4261 1753 4324 5,

206 4376 227 4408 ι
263 4357 428 4412 Certe
474 4355 644 4410 etiam
673 4350 929 4417 Origenes
971 4352 1307 4419 patriarcheu
1341 4349 1570 4404 Huillum
1597 4389 1612 4413 ,
1668 4351 1756 4417 qui

1845 1960 2040 2014 Isaiam
2102 1962 2447 2017 intercidisse.
2496 1963 2551 2016 In
2603 1964 2821 2032 antiquo
2863 1963 3044 2017 codice
3098 1960 3367 2026 Marchali,

1845 2053 1983 2106 unde
2049 2051 2195 2107 Isaia:
2237 2061 2540 2106 contextum
2596 2053 2916 2122 deprompsit
2973 2051 3276 2112 Curterius,
3319 2059 3372 2104 et

1845 2156 1964 2194 cum
2007 2140 2244 2209 Procopii
2280 2142 2687 2197 Commentariis
2714 2142 2897 2205 edidit,
2957 2149 3212 2194 tomorum
3258 2136 3372 2191 illo-

1846 2246 1960 2283 rum
1991 2229 2232 2300 Origenis
2263 2231 2464 2286 numeri
2502 2231 2565 2284 ad
2593 2231 2806 2283 litnbum
2836 2228 3048 2296 ascripti
3082 2236 3223 2292 sunt,
3245 2235 3297 2279 et
3318 2228 3368 2279 iu

1848 2318 2113 2371 tricesimo
2142 2317 2406 2383 desinunt,
2437 2319 2524 2386 qui
2568 2326 2781 2370 notatus
2808 2324 2890 2370 est
2917 2315 2980 2368 ad
3004 2330 3148 2368 oram
3185 2313 3372 2380 capitis

1847 2421 1993 2469 xxix,
2028 2420 2166 2459 vers.
2199 2407 2249 2470 l,
2279 2415 2436 2474 atque
2460 2406 2580 2459 hinc
2612 2406 2829 2474 proinde
2854 2402 3104 2472 pertinuit
3133 2403 3197 2456 ad
3241 2417 3360 2470 cap.

1846 2510 1975 2556 xxx,
2015 2509 2155 2548 vers.
2202 2493 2275 2556 6;
2337 2493 2476 2547 unde
2519 2493 2724 2546 initium
2774 2493 2916 2546 ducit
2967 2492 3100 2546 visio
3144 2492 3375 2560 quadru-

1846 2585 2060 2655 pedum.

1912 2671 2155 2725 Ieremia:
2190 2671 2517 2740 prophetiam
2573 2684 2670 2738 per
2721 2669 2967 2722 homilias
3024 2667 3375 2723 Adamantius

1843 2762 2144 2829 explicavit.
2173 2759 2579 2826 Quatuordecim
2601 2773 2667 2813 ex
2697 2757 2927 2812 homiliis
2954 2757 3173 2811 confuso
3193 2757 3376 2811 ordine

1845 2848 2192 2917 Hieronymus
2223 2849 2276 2901 in
2320 2847 2564 2900 Latinum
2601 2861 2892 2901 sermonem
2938 2843 3221 2899 transtulit.
3273 2843 3374 2896 No-

1845 2937 2130 2990 vemdecim
2181 2935 2362 2990 habuit
2388 2934 2738 2989 Scorialensis
2777 2934 2962 2998 codex,
3003 2947 3108 3001 quo
3137 2947 3261 2986 usus
3297 2943 3377 2985 est

1844 3025 2145 3088 Corderius,
2197 3024 2294 3078 sub
2343 3022 2553 3077 nomine
2602 3021 2817 3092 Cyrilli;
2854 3035 3075 3089 quarum
3103 3019 3374 3072 duodecim

1848 3115 1986 3168 inter
2041 3115 2486 3182 Hieronymianas
2525 3111 2635 3178 jam
2686 3120 2806 3164 ante
2851 3110 3197 3164 habebantur.
3245 3107 3378 3161 Fra-

1847 3211 2114 3273 gmentum
2141 3217 2203 3256 ex
2232 3202 2445 3256 homilia
2478 3201 2746 3256 tricesima
2776 3213 2912 3253 nona
2939 3199 3200 3252 decimum
3226 3195 3380 3251 on‘ert

1849 3293 2150 3346 Philocaliw
2173 3302 2329 3362 caput
2356 3292 2484 3362 (66).
2512 3292 2855 3346 Cassiodorus
2881 3293 2930 3344 in
2959 3290 3093 3344 libro
3119 3289 3191 3342 De
3231 3290 3381 3341 insti-

1847 3391 1944 3435 tut.
1991 3382 2153 3435 divin.
2200 3379 2542 3447 Scripturar.,
2599 3395 2712 3450 cap.
2762 3380 2815 3444 '5,
2856 3379 3046 3434 asserit
3097 3377 3377 3447 Origenem

1847 3471 1916 3524 45
1964 3470 2193 3524 homiliis
2236 3469 2517 3524 Jeremiam
2564 3469 2888 3536 exposuisse,
2936 3483 3001 3530 ex
3042 3468 3207 3536 iisque
3249 3483 3381 3536 qua-

1851 3561 2138 3614 tuordecim
2184 3561 2280 3613 sibi
2333 3559 2495 3614 fuisse
2523 3559 2788 3622 inventas,
2837 3574 2929 3612 eas
2969 3559 3217 3611 nimirum
3248 3573 3379 3625 quas

1849 3651 2199 3718 Hieronymus
2230 3648 2514 3712 Latinitate
2538 3649 2840 3702 donaverat.
2876 3648 3112 3718 Denique
3134 3646 3382 3703 [tabanus

1852 3739 2060 3792 Maurus
2095 3736 2303 3792 Praefat.
2337 3740 2389 3791 in
2418 3737 2610 3791 Jerem.
2638 3739 2870 3806 quinque
2910 3738 3025 3792 illas
3058 3751 3214 3805 supra
3246 3751 3382 3804 qua-

1852 3829 2090 3897 draginta
2131 3828 2372 3894 Origenis
2408 3829 2653 3882 homilias
2697 3831 2747 3880 in
2779 3828 3054 3881 Jeremiam
3095 3827 3288 3879 vidisse
3325 3840 3382 3880 se

1852 3926 2138 3969 asseverat.
2175 3920 2242 3968 At
2267 3918 2320 3967 in
2359 3915 2585 3968 Threnos
2615 3916 2859 3968 Ieremia:
2896 3928 3081 3966 novem
3129 3910 3380 3979 Origenes

1853 4005 2142 4057 dictaverat
2167 4012 2358 4068 tomos,
2402 4017 2464 4057 ex
2501 4004 2690 4071 quibus
2731 4005 2963 4071 quinque
3016 4002 3270 4054 duntaxat
3315 4001 3382 4054 ad

1853 4107 2000 4146 suam
2024 4101 2230 4145 aetatem
2266 4107 2634 4160 perseverasse
2667 4093 2922 4147 Eusebius
2961 4090 3227 4160 memoria:
3259 4105 3381 4158 pro-

1854 4180 1986 4232 didit
2015 4179 2133 4233 libr.
2160 4195 2230 4244 vr,
2268 4194 2383 4248 cap.
2415 4179 2502 4232 ει.

1927 4269 2254 4323 Ezechielem
2304 4270 2491 4339 viginti
2548 4282 2778 4337 qumque
2827 4268 2981 4322 tomis
3034 4267 3100 4321 ab
3151 4265 3382 4336 Origene

1856 4358 2017 4413 fuisse
2039 4359 2356 4414 illustratum
2389 4361 2685 4414 docetidem
2707 4357 2960 4412 Eusebius
2997 4358 3116 4411 libr.
3141 4374 3189 4411 vn
3216 4357 3382 4422 Hist.,

203 4447 540 4515 temporibus
562 4444 684 4511 ejus
703 4443 820 4505 l‘uit,
839 4444 1103 4505 nominat;
1126 4451 1178 4494 et
1201 4442 1526 4495 tricesimum
1559 4450 1755 4494 tomum
1789 4484 1836 4542 υ
1862 4464 1978 4515 cap,
2007 4449 2093 4502 52,
2122 4449 2281 4502 Doce;
2313 4459 2366 4502 οι
2405 4461 2554 4502 verus
2594 4448 2842 4502 Mal-clm“
2891 4447 3026 4500 liber
3053 4462 3233 4502 omnes
3263 4463 3384 4515 pro.

203 4535 256 4588 in
297 4535 520 4597 Isaiam,
571 4537 628 4586 in
667 4533 816 4598 cujus
848 4534 950 4584 line
982 4533 1244 4593 edisserit,

1324 4531 1414 4585 Va:
1451 4533 1541 4583 tibi
1587 4533 1761 4586 ciuitas

1863 4540 2049 4608 phetas
2081 4539 2383 4606 complexus
2410 4557 2422 4592 :
2461 4554 2578 4591 nam
2606 4541 2670 4590 ad
2709 4536 3000 4590 Ezechielis
3023 4551 3170 4590 oram
3201 4535 3386 4604 Orige-

202 4625 367 4690 Ariel,
395 4639 562 4693 quam
593 4621 900 4686 expugnavit
943 4618 1102 4672 David
1123 4619 1208 4672 “3
1241 4619 1380 4672 illius
1437 4619 1764 4686 expositione
1862 4627 2429 4680 nianorum-tomorum
2466 4625 2672 4678 numeri
2712 4627 2820 4679 suis
2861 4634 2984 4678 sunt
3021 4623 3185 4678 notati
3231 4623 3381 4686 locis,

201 4715 516 4776 concludit;
569 4721 633 4764 ut
675 4725 794 4762 cum
841 4708 996 4760 aliter
1034 4709 1181 4775 prius
1215 4709 1448 4762 sensisse
1491 4722 1550 4760 se
1599 4709 1760 4771 dicat,

1861 4728 1960 4767 nec
1984 4715 2159 4781 plures
2197 4724 2319 4766 sunt
2341 4728 2496 4782 quam
2522 4715 2751 4781 quinque
2779 4722 2830 4767 et
2868 4712 3071 4779 viginti.
3103 4711 3179 4765 Ex
3212 4712 3381 4764 bomt-

201 4809 424 4858 doctum
461 4805 532 4858 ab
571 4802 688 4863 illo,
717 4800 768 4852 id
800 4799 1041 4866 quodest
1075 4800 1276 4862 verius,
1311 4796 1613 4851 confitetur.
1644 4814 1663 4846 ι
1697 4795 1763 4848 Et
1858 4801 1944 4854 liis
1980 4817 2106 4855 vero
2135 4803 2185 4855 in
2226 4809 2491 4870 prophetas
2536 4803 2694 4870 hujus
2741 4803 3110 4854 enodationem
3149 4813 3382 4870 pronun-
3445 4845 3454 4860 ,

205 4893 256 4948 in
298 4894 580 4948 Prommio
623 4893 694 4946 ad
735 4891 960 4960 primum
1010 4888 1526 4943 Commentariorum
1547 4901 1759 4939 suorum

203 4987 257 5036 in
300 4985 510 5037 Isaiam
560 4982 761 5035 librum
802 4996 816 5031 :
856 4995 874 5027 i
907 4976 1129 5045 Scripsit
1161 4979 1212 5030 in
1269 4977 1411 5029 hunc
1450 4973 1758 5042 prophetam

201 5074 352 5141 juxta
385 5075 660 5127 editiones
687 5079 932 5136 quatuor,
959 5083 1122 5135 usque
1149 5068 1213 5119 ad
1249 5066 1504 5119 visionem
1534 5064 1762 5131 quadru-

206 5163 405 5228 pedum
446 5162 502 5215 in
557 5160 774 5213 deserto
833 5155 1086 5224 Origenes
1146 5155 1364 5224 triginta
1409 5151 1695 5216 volumina,
1731 5166 1761 5205 e

207 5251 403 5318 quibus
442 5250 737 5310 vicesimus
757 5255 936 5310 sextus
965 5246 1094 5299 liber
1124 5259 1228 5300 non
1256 5242 1540 5296 invenitur.
1567 5241 1762 5294 Ferun-

213 5349 300 5391 tur
319 5348 376 5393 et
409 5339 502 5392 alii
545 5339 648 5392 sub
678 5337 887 5390 nomine
931 5334 1044 5401 ejus
1084 5333 1149 5386 de
1183 5332 1385 5384 visione
1426 5330 1762 5402 τετραπόδων

211 5427 320 5480 duo
343 5429 410 5480 ad
440 5427 671 5479 Gratum
705 5424 842 5489 libri,
868 5424 958 5492 qui
993 5420 1373 5491 pseudographi
1400 5429 1686 5488 putantur;
1711 5428 1761 5475 et

287 5560 335 5592 "
366 5558 582 5614 Cautio.
628 5571 669 5617 ι,
705 5555 758 5609 ‘5.
832 5557 876 5588 “
903 5556 1022 5622 lsai.
1051 5571 1198 5617 xxix,
1232 5555 1280 5607 l.

291 5692 404 5763 (ὃὸ)
436 5689 684 5744 Valesius
717 5689 866 5756 legit,
908 5689 1183 5759 περιῆλθον
1205 5703 1366 5758 τομοι.

1861 4892 2025 4956 tialis,
2055 4893 2451 4957 quatuordecim
2487 4891 2553 4944 ab
2594 4890 2909 4962 Hieronymo
2956 4890 3209 4944 Romanis
3257 4901 3383 4940 con-

1865 4994 2028 5032 versa:
2058 4981 2232 5036 verbis
2264 4980 2315 5032 in
2345 4978 2585 5032 Latinam
2624 4980 2906 5034 editionem
2947 4979 3198 5045 conjecta
3237 4983 3382 5036 ωηι.

1865 5069 1939 5120 Ex
1968 5069 2066 5122 hoc
2107 5068 2349 5138 Origenis
2387 5071 2501 5124 loco
2538 5080 2689 5126 tract.
2723 5070 2814 5134 29,
2862 5086 3004 5122 num.
3046 5067 3134 5130 40,
3172 5079 3225 5132 p.
3257 5063 3382 5128 860,

1865 5159 1917 5210 in
1951 5156 2136 5211 Matth.
2156 5172 2176 5209 :
2199 5176 2216 5208 ι
2241 5159 2366 5226 Qua:
2388 5143 2560 5226 autem
2585 5158 2941 5231 sequunturia
2971 5165 3108 5209 textu
3136 5150 3382 5211 Danielis,

1866 5247 2002 5298 sicut
2024 5247 2305 5314 potuimus,
2330 5249 2685 5315 exposuimus,
2711 5266 2731 5299 ι
2778 5249 2828 5299 in
2879 5243 3142 5297 Dauielem
3185 5238 3383 5306 aliquid

1865 5336 1931 5386 ab
1959 5337 2072 5402 ipso
2107 5339 2454 5404 compositum
2481 5338 2640 5391 fuisse
2681 5337 2949 5395 discimus,
2979 5335 3032 5382 et
3055 5343 3086 5382 e
3116 5327 3385 5380 Prommio

1865 5438 2072 5491 quoque
2099 5422 2400 5493 Hieronymi
2422 5426 2485 5479 ad
2512 5423 2844 5478 undecimum
2869 5413 3382 5480 Commentariorum

1935 5688 2043 5768 (66)
2072 5686 2200 5742 Vide
2214 5687 2456 5743 editionis
2485 5692 2675 5738 nostra:
2702 5686 2829 5732 tom.
2864 5673 2952 5764 Ill,
2979 5689 3033 5744 p.
3067 5672 3192 5728 285.
