3922 6400
648 484 779 541 1203

1872 474 1931 528 Ρ.
1972 469 2277 526 DANlELlS
2308 466 2549 523 HUETII

3591 474 3688 530 l20~l

641 600 694 654 in
726 599 944 659 Isaiam,
973 595 1023 648 in
1051 609 1156 662 quo
1183 592 1255 646 ait
1278 607 1397 648 sese
1419 592 1700 662 Origenem
1722 606 1840 646 cum
1865 591 1983 645 aliis
2011 590 2172 643 fuisse
2200 593 2245 648 A
2275 587 2491 642 tertiam
2520 591 2731 652 partem
2762 579 2882 633 libri
2913 595 2941 633 a
2971 580 3234 650 principio.
3260 600 3276 634 ι
3309 580 3413 637 llaec
3426 583 3689 657 Hieronymus

641 694 951 741 assectatum
985 684 1036 736 in
1083 684 1407 750 expositione
1450 685 1781 753 septuaginta
1813 681 2165 738 hebdomada-

638 790 751 828 rum
778 790 791 825 :
828 772 926 826 nisi
956 772 1072 840 quis
1110 773 1220 825 haec
1259 773 1308 825 in
1337 772 1454 827 aliis
1484 772 1704 826 fortasse
1736 772 1883 827 libris
1907 770 2081 825 obiter
2101 769 2167 823 ab

637 862 863 930 Origene
891 870 1107 914 tractata
1155 860 1321 915 fuisse
1377 862 1537 916 dicat.
1574 861 1735 916 Multo
1789 862 1947 931 igitur
1996 862 2168 914 minus

634 955 744 1007 haec
769 954 1026 1006 addocent
1050 952 1363 1006 homiliasne
1387 969 1453 1006 an
1488 952 1875 1006 Commentaria
1899 952 1953 1003 in
1976 950 2169 1003 Danie-

632 1040 729 1093 lem
762 1041 1002 1094 ediderit.
1044 1039 1303 1094 Caeterum
1352 1056 1471 1094 cum
1515 1041 1869 1094 novemdecim
1923 1039 2168 1106 Origenis

632 1128 873 1183 bomilias
892 1131 948 1182 in
973 1127 1276 1193 Jeremiam,
1306 1130 1434 1183 falso
1453 1130 1651 1199 Cyrillo
1674 1130 1929 1197 ascriptas
1961 1144 1991 1182 e
2038 1129 2168 1184 Sco-

631 1220 843 1274 rialeusi
864 1219 1046 1274 codice
1067 1221 1448 1288 deprompserit
1486 1219 1763 1274 Balthasar
1788 1220 2092 1283 Corderius,
2113 1229 2168 1273 et

631 1303 682 1356 in
710 1304 952 1358 editionis
976 1320 1082 1358 suae
1118 1306 1421 1373 prmfatione
1445 1307 1704 1360 notaverit
1735 1306 1965 1373 ejusdem
1989 1318 2169 1361 aucto-

633 1394 705 1446 ris
734 1392 1152 1447 Commentarios
1180 1395 1235 1447 in
1261 1393 1575 1448 Ezechielem
1617 1407 1662 1449 et
1707 1396 1969 1450 Danielem
1996 1398 2166 1452 conti-

631 1481 739 1534 neri
759 1482 810 1534 in
848 1483 946 1535 hoc
971 1483 1080 1549 ipso
1109 1484 1314 1549 codice,
1343 1493 1530 1538 caveat
1559 1484 1724 1539 lector
1749 1499 1815 1539 ne
1839 1502 1931 1541 eos
1957 1501 2167 1555 quoque

628 1570 826 1641 Cyrillo
849 1586 1119 1640 perperam
1153 1574 1332 1637 tribui,
1362 1575 1543 1628 itidem
1574 1584 1630 1628 ut
1658 1577 1899 1630 homilias
1938 1577 1991 1629 in
2028 1576 2169 1630 lere-

632 1660 809 1723 mium,
834 1669 885 1713 et
920 1662 983 1714 ad
1014 1660 1294 1730 Origenem
1330 1665 1600 1729 pertinere
1637 1674 1837 1721 temere
1856 1666 2121 1720 existimet
2150 1685 2163 1719 :

634 1761 740 1803 tam
798 1753 938 1805 enim
986 1752 1189 1824 Cyrilli,
1238 1770 1394 1818 quam
1440 1755 1683 1824 Origenis
1737 1770 1856 1811 esse
1902 1768 2163 1826 possunt:

635 1842 806 1909 reipsa
831 1844 1021 1911 quippe
1051 1845 1102 1898 in
1142 1859 1326 1900 omnes
1359 1847 1642 1914 prophetas
1684 1848 1960 1915 scripsisse
2004 1848 2170 1902 fcrtur

635 1930 882 2001 Cyrillus.
916 1941 969 1985 et
990 1933 1103 2001 ejus
1138 1936 1298 1988 etiam
1327 1938 1381 1988 in
1404 1936 1667 1989 Danielem
1699 1938 1947 1992 homilias
1982 1940 2035 1991 in
2060 1940 2166 1991 Va~

633 2019 803 2071 ticana
850 2020 1165 2074 bibliotheca
1214 2025 1414 2077 servari
1467 2024 1627 2077 tradit
1687 2024 1868 2078 Sixtus
1917 2025 2169 2080 Senensis

630 2105 724 2159 lib.
757 2121 808 2159 tv
839 2106 974 2160 Bibl.
1010 2113 1059 2162 in
1095 2106 1314 2178 Cyritlo.
1370 2111 1468 2163 liel
1517 2111 1791 2164 veritatem
1838 2113 1921 2165 vel
1972 2114 2166 2177 sciunt,

632 2196 714 2250 vel
754 2198 890 2251 scire
930 2208 1147 2264 possunt
1195 2199 1555 2253 Scorialenses
1604 2199 1676 2253 illi
1741 2200 2167 2272 llieronymiani,

634 2286 721 2354 qui
753 2286 834 2338 his
864 2286 1126 2339 thesauris
1156 2287 1427 2341 incubant.

705 2374 789 2427 Vl.
827 2374 881 2426 ln
925 2376 1198 2430 duodecim
1242 2378 1526 2444 prophetas
1556 2378 1741 2448 viginti
1781 2380 2015 2451 quinque
2044 2382 2166 2453 ἐξηο

633 2462 843 2531 τήσεων
869 2462 1108 2530 Origenis
1139 2464 1403 2517 volumina
1448 2481 1608 2519 manu
1649 2467 1909 2536 Pamphili
1951 2481 2168 2524 exarata

633 2552 891 2618 reperisse
941 2567 998 2606 se
1063 2564 1241 2606 narrat
1303 2553 1652 2624 Hieronymus
1702 2557 1795 2610 lib.
1855 2558 1932 2613 De
1983 2562 2165 2627 script.

630 2638 833 2703 eccles.,
852 2655 968 2708 cap.
995 2640 1084 2705 86,
1106 2641 1284 2710 plures
1312 2652 1484 2696 tamen
1502 2645 1778 2711 scripsisse
1794 2647 2167 2701 Adamantium

630 2726 894 2796 signiﬁcat
923 2731 1180 2784 Eusebius
1202 2731 1319 2785 libr.
1354 2748 1428 2798 vr,
1452 2748 1568 2801 cap.
1589 2734 1656 2787 56
1681 2734 1862 2788 Hister
1897 2760 1909 2792 ;
1944 2738 2082 2801 Τούς
2107 2757 2167 2791 τε

629 2819 707 2881 εἰς
730 2820 852 2881 τοὺς
879 2819 1077 2872 δώδεκα
1101 2822 1383 2892 Προφήτας
1408 2824 1598 2893 τόμους
1635 2827 1908 2879 συντάττει
1925 2868 1942 2890 .
1972 2829 2061 2898 ἀφ’
2095 2825 2169 2883 ὧν

632 2908 821 2977 μόνους
868 2909 1093 2979 εὕρομεν
1135 2914 1293 2963 πέντε
1345 2914 1436 2965 καὶ
1492 2913 1684 2967 εἴκοσι.
1760 2917 1866 2970 «Et
1897 2927 2066 2973 tomos
2117 2922 2168 2974 in

631 2997 904 3049 duodecim
931 3000 1213 3067 prophetas
1251 3000 1562 3067 conscribit,
1610 3017 1672 3055 ex
1714 3004 1905 3071 quibus
1938 3009 2170 3074 quinque

630 3093 685 3137 et
713 3085 892 3154 viginti
927 3087 1179 3140 duntaxat
1227 3090 1515 3156 reperimus
1557 3103 1572 3141 :
1611 3089 1664 3142 lu
1702 3090 1888 3162 Oscam
1916 3098 2168 3149 nonnulla

2267 677 2335 729 de
2368 670 2782 727 Commentariis
2808 667 3052 737 Origenis
3078 670 3127 722 in
3152 669 3450 736 Zachariam;
3472 673 3579 726 istud
3604 692 3690 731 vero

2266 762 2333 816 de
2375 760 2493 826 ejus
2515 756 2881 811 voluminibus
2912 757 2964 807 in
3009 755 3297 809 Malachiam
3320 757 3355 789 ⁸⁷
3384 775 3396 810 :
3429 777 3444 809 ι
3474 758 3642 830 Scripsit
3656 766 3690 816 in

2265 852 2412 904 hunc
2438 850 2641 903 librum
2671 845 2931 915 Origenes
2963 846 3063 898 tria
3100 848 3363 911 volumina,
3387 850 3463 902 sed
3491 851 3689 903 historiam

2265 939 2487 992 omnino
2517 952 2624 991 non
2660 936 2859 1004 tetigit,
2891 945 2946 989 et
2971 949 3114 988 more
3158 950 3248 990 suo
3280 945 3399 991 totus
3429 936 3475 991 in
3505 938 3692 1009 allegoria

2268 1028 2719 1097 interpretatione
2748 1036 2996 1080 versatus
3028 1035 3125 1079 est.
3152 1044 3170 1076 ι

2338 1118 2450 1173 Ἧι.
2491 1119 2568 1172 De
2590 1116 2843 1186 Origeuis
2864 1117 3150 1185 exegeticis
3174 1117 3225 1169 in
3245 1114 3502 1170 Matthaum
3526 1116 3567 1171 id
3589 1117 3691 1173 habet

2266 1223 2484 1279 quoque
2534 1208 2897 1278 Hieronymus
2920 1207 2966 1238 ⁵⁸
3000 1224 3014 1261 :
3068 1226 3087 1258 ε
3123 1206 3325 1275 Legissc
3355 1222 3425 1261 tne
3447 1207 3582 1261 lateor
3615 1221 3694 1261 ante

2266 1314 2437 1354 annos
2460 1298 2724 1367 plurimos
2764 1297 2820 1351 in
2856 1296 3159 1350 Matthmum
3191 1295 3409 1367 Origenis
3428 1296 3696 1366 vigintiquin-

2267 1405 2372 1458 que
2400 1390 2699 1452 volumina,
2741 1398 2799 1443 et
2835 1388 3055 1443 totidem
3083 1387 3194 1455 ejus
3225 1388 3468 1452 homilias,
3500 1390 3695 1442 commati-

2268 1494 2503 1548 cumque
2554 1479 3020 1548 interpretationis
3077 1494 3237 1547 genus
3265 1496 3278 1531 :
3313 1496 3329 1528 δ
3359 1479 3445 1532 hoc
3479 1489 3561 1541 est.
3602 1494 3695 1532 coni-

2268 1570 2565 1622 mentarios
2592 1609 2606 1633 ,
2640 1569 2898 1623 homilias
2939 1578 2995 1624 et
3027 1568 3242 1623 scholia.
3268 1566 3480 1621 Totidem
3506 1566 3697 1633 cjttscom-

2268 1660 2566 1714 mentarios
2593 1669 2853 1715 numerat
2876 1660 3137 1714 Eusebius
3163 1659 3276 1712 libr.
3316 1673 3361 1711 vt
3408 1656 3590 1723 Binan,
3623 1673 3695 1728 cap.

2268 1750 2358 1804 56.
2395 1750 2747 1819 Quapmpter
2789 1751 3051 1805 mendosa
3090 1766 3205 1806 esse
3234 1752 3385 1819 liquet
3422 1751 3514 1805 haec
3546 1749 3654 1802 verba
3679 1764 3699 1803 ε

2268 1839 2497 1908 Prologo
2530 1840 2877 1910 Hieronymi,
2921 1841 3012 1910 qui
3050 1841 3289 1909 praeﬁxas
3313 1849 3385 1893 est
3414 1839 3574 1892 Latinio
3596 1837 3698 1890 inter-

2269 1932 2551 1998 pretationi
2580 1932 2937 1985 homiliarum
2979 1930 3218 2001 Origenis
3244 1932 3293 1984 in
3330 1930 3530 1982 Lucam:
3560 1928 3699 1993 «Siqui-

2267 2021 2385 2074 dem
2418 2021 2543 2074 illud
2574 2022 2724 2089 quod
2756 2022 2891 2076 olim
2932 2022 3116 2076 Romae
3150 2030 3322 2075 sancta
3359 2017 3543 2072 Blesilla
3571 2014 3699 2083 ﬂagita-

2265 2120 2433 2175 verat,
2474 2120 2531 2164 ut
2585 2112 2658 2166 36
2700 2122 2884 2168 tomos
2931 2112 3072 2167 illius
3107 2114 3160 2166 in
3208 2110 3495 2172 Matthwum,
3534 2118 3576 2162 et
3605 2107 3700 2175 quiu-

2264 2216 2367 2269 que
2426 2202 2558 2256 alios
2605 2204 2666 2257 in
2730 2201 2975 2271 Lucam,
3034 2214 3088 2258 et
3129 2205 3196 2257 39
3249 2204 3303 2255 in
3339 2202 3551 2255 Joannem
3580 2206 3704 2251 nostra

2265 2290 2457 2360 lingua
2511 2292 2817 2347 traderem.
2843 2313 2863 2347 ι
2929 2293 3235 2364 Legendum
3274 2293 3480 2348 enimzt
3508 2290 3561 2344 25
3598 2300 3704 2342 tomos

2268 2382 2411 2436 illius
2434 2382 2488 2436 in
2510 2382 2856 2438 Mattharum.
2892 2403 2913 2436 ι
2940 2386 3256 2453 Corruptam
3279 2383 3522 2438 lectionem
3540 2380 3704 2435 Erasmus

2267 2471 2319 2526 in
2365 2471 2587 2527 Censur.
2653 2473 2749 2527 lib.
2787 2474 2971 2544 0rig.;
3016 2475 3201 2529 Sixtus
3233 2473 3462 2530 Senensis
3496 2470 3601 2523 Bibl.
3631 2471 3702 2522 libr.

2266 2578 2343 2625 tv,
2378 2571 2434 2616 et
2459 2561 2638 2616 Josias
2668 2564 2941 2619 Simlerus
2970 2580 3037 2620 ac
3080 2565 3350 2619 Conradus
3371 2562 3538 2617 Frisios
3560 2562 3599 2613 in
3618 2557 3704 2625 Epit.

2267 2653 2389 2705 bibl.
2427 2651 2646 2707 Gesner.
2698 2657 2873 2709 secuti
2918 2664 3064 2711 sunt.
3102 2655 3345 2710 Mendosa
3374 2666 3548 2722 quoque
3585 2651 3643 2705 illa
3672 2648 3703 2699 in

2267 2740 2445 2794 Rutini
2476 2740 2751 2796 Invectioa
2795 2743 2834 2796 2
2875 2744 2929 2797 iu
2972 2744 3277 2815 Hieronym.
3327 2743 3375 2797 in
3415 2741 3571 2810 quibus
3592 2734 3702 2803 viginti

2266 2847 2359 2886 sex
2390 2832 2646 2901 Origenis
2698 2835 2757 2887 in
2808 2834 3129 2893 Matthreum
3192 2836 3348 2890 libros
3392 2835 3449 2889 ab
3492 2831 3703 2895 Hieronymo

2265 2933 2723 2978 commemoratos
2759 2912 2930 2979 fuisse
2958 2928 3162 2991 refert;
3197 2940 3347 2994 quem
3391 2923 3524 2977 etiam
3546 2928 3699 2973 errorem

2267 3023 2485 3068 secutus
2514 3022 2597 3068 est
2624 3014 2956 3071 Vincentius
2986 3015 3371 3072 Bellovacensis
3392 3009 3562 3080 Specul.
3589 3002 3706 3057 άοάιί·

2268 3104 2378 3156 nal.
2432 3105 2558 3158 libr.
2588 3119 2752 3169 xvrtt,
2803 3120 2929 3172 cap.
2987 3105 3078 3159 45.
3134 3105 3328 3159 Bonam
3376 3103 3548 3157 illorum
3582 3104 3706 3164 partem

631 3174 905 3243 scripsisse
936 3175 1122 3239 fertur,
1146 3186 1303 3245 atque
1341 3178 1463 3231 item
1507 3179 1558 3231 in
1594 3180 1928 3248 Zachariam,
1964 3201 2164 3239 necnon
2193 3209 2236 3265 ρ
2268 3192 2455 3248 Grznce
2512 3197 3051 3263 repraesentavimus,
3103 3196 3374 3252 meliorem
3424 3203 3588 3258 tempus
3625 3199 3703 3238 co“-

632 3269 683 3313 et
710 3261 764 3312 in
791 3260 1099 3315 Malachiam
1134 3281 1149 3316 :
1180 3274 1339 3331 atque
1371 3266 1469 3318 hos
1495 3265 1911 3323 Commentarios
1935 3286 1964 3324 e
1989 3273 2171 3340 viginti

632 3349 865 3416 quinque
895 3350 1198 3421 ἐξηγήσεων
1232 3353 1436 3407 illarum
1466 3371 1685 3409 numero
1725 3357 1889 3412 fuisse
1921 3362 2169 3418 arbitror.

633 3436 689 3489 ln
718 3435 906 3491 Oscam
932 3441 1054 3507 quid
1092 3452 1480 3497 commentatus
1531 3447 1599 3497 sit
1651 3446 1733 3499 his
1787 3449 1957 3503 verbis
2014 3455 2174 3508 tradit

633 3524 983 3596 Hieronymus
1014 3529 1242 3585 Pratum.
1274 3533 1567 3587 Comment.
1600 3533 1654 3585 in
1691 3533 1875 3589 Oscam
1904 3552 1922 3588 :
1951 3557 1970 3587 ι
1992 3538 2174 3610 Orige.

640 3630 736 3669 nes
768 3630 983 3683 parvum
1015 3619 1078 3671 de
1111 3620 1210 3673 hoc
1260 3623 1513 3689 pr0pheta
1560 3624 1777 3689 scripsit
1808 3624 2060 3691 libellum,
2088 3632 2171 3686 cui

633 3704 775 3759 hunc
808 3707 1009 3758 titulum
1041 3708 1313 3777 imposuit:
1342 3730 1359 3761 ι
1378 3709 1509 3781 Περὶ
1535 3708 1627 3761 τοῦ
1656 3711 1769 3773 πῶς
1800 3712 2082 3786 ὠνομάσθη
2116 3722 2173 3771 ὲν

631 3811 713 3862 τῳ
765 3795 917 3866 Ὠσηὲ
971 3798 1204 3870 Ἐφραῖμ
1248 3817 1262 3829 ·
1330 3800 1430 3854 hoc
1480 3810 1612 3854 est:
1666 3802 1837 3867 Quare
1885 3807 2173 3872 appellatur

633 3885 690 3937 in
746 3883 875 3939 Osce
932 3884 1181 3953 Epltraim
1218 3905 1238 3942 :
1274 3889 1456 3943 volens
1506 3891 1785 3945 ostendere
1845 3907 2173 3965 quaecunque

634 3985 819 4028 contra
874 3990 992 4030 eum
1039 3978 1308 4041 dicuntur,
1359 3982 1424 4033 ad
1476 3981 1837 4036 hzereticorum
1897 3985 2169 4041 referenda

633 4080 934 4139 personam.
1000 4068 1063 4120 Et
1107 4069 1245 4123 aliud
1298 4070 1537 4125 volumen
1589 4072 1851 4141 ἀκέφαλον
1903 4076 1993 4127 καὶ
2046 4077 2171 4129 ἁτέ-

634 4154 837 4221 λεστον,
876 4158 1013 4223 quod
1045 4168 1096 4210 et
1132 4162 1303 4226 capite
1336 4171 1514 4213 careat
1550 4171 1602 4215 et
1644 4161 1766 4214 line.
1794 4181 1812 4213 ι
1845 4160 2000 4217 Addit
2033 4180 2171 4232 prte-

638 4255 778 4298 terea
812 4264 829 4300 :
861 4265 879 4297 ι
921 4247 1018 4312 Qui
1066 4249 1387 4318 (Didymus)
1427 4261 1533 4304 tres
1596 4251 1757 4304 libros
1816 4267 1898 4305 me
1960 4265 2171 4320 petente

637 4333 873 4397 dictavit,
906 4339 1136 4407 quinque
1162 4356 1371 4409 quoque
1407 4341 1538 4395 alios
1583 4343 1633 4395 in
1665 4342 1999 4397 Zachariam.
2038 4345 2169 4400 Nam

636 4431 690 4473 et
716 4423 766 4475 in
794 4425 958 4492 ipsum
998 4430 1099 4483 duo
1125 4441 1325 4484 tantum
1361 4432 1613 4501 Origenes
1644 4432 1852 4499 scripsit
1879 4437 2166 4499 volumina,

2272 3285 2523 3353 sumpsit.
2565 3285 2769 3342 Misere
2794 3302 2929 3343 vero
2962 3288 3261 3343 deformata
3293 3294 3426 3350 sunt,
3458 3296 3552 3351 qua:
3586 3273 3708 3331 Latinis

2272 3374 2597 3432 editionibus
2652 3379 3035 3433 continentur.
3097 3379 3240 3434 lnter
3305 3375 3520 3434 homilias
3565 3380 3645 3438 qua
3681 3364 3710 3413 ίλ

2273 3464 2507 3520 diversos
2540 3468 2770 3523 inscribi
2798 3471 3003 3537 solent,
3034 3481 3239 3541 septem
3259 3473 3393 3526 circa
3412 3460 3713 3522 Matthteiioter.

2272 3557 2632 3623 pretationem
2672 3572 2993 3627 versantur,
3043 3564 3138 3618 sed
3184 3562 3419 3632 quoniam
3470 3551 3612 3612 incerti
3642 3555 3715 3603 sunt

2274 3647 2520 3702 auctoris
2557 3657 2614 3703 et
2637 3649 2791 3713 fidei,
2825 3666 2927 3706 suo
2961 3653 3082 3708 loco
3113 3652 3449 3707 excutientur.

2345 3735 2596 3806 Ωιιίηίιυθ
2636 3747 2820 3795 tomos
2860 3739 3120 3811 Origenis
3165 3747 3221 3796 in
3267 3741 3443 3795 Lucam
3476 3734 3715 3796 Hieronymus

2272 3838 2665 3882 commemorat
2697 3830 2767 3883 ι’.
2802 3829 3010 3886 Novem
3065 3847 3191 3887 vero
3250 3841 3303 3886 et
3356 3828 3535 3896 triginta
3565 3816 3713 3886 ejuﬂlw'

2273 3914 2526 3971 homilias
2581 3918 2637 3972 in
2694 3920 2845 3974 hunc
2901 3922 3297 3992 evangelistam
3348 3917 3514 3973 Latina
3555 3906 3714 4000 oratione

2270 4007 2561 4072 expressit,
2612 4009 2821 4076 quibus
2878 4013 3124 4081 pepercit
3176 4022 3427 4064 annorum
3470 4000 3713 4057 inclementia.

2270 4094 2430 4149 tomis
2469 4101 2835 4169 consumptis.
2896 4102 3086 4157 Plures
3133 4117 3259 4156 vero
3296 4100 3359 4153 ab
3398 4094 3585 4163 οτῑεοηο
3620 4083 3716 4137 {me

2270 4186 2609 4250 conscriptas
2658 4204 2769 4242 cur
2813 4193 3082 4260 suspicer,
3135 4192 3335 4245 faciunt
3378 4190 3608 4256 postrema
3641 4184 3717 4226 δεῖν

2269 4286 2392 4337 qua:
2416 4289 2540 4327 cum
2570 4280 2962 4337 continuatum
2989 4284 3041 4335 in
3074 4280 3426 4352 superioribus
3449 4273 3716 4357 ordinm!”

2271 4368 2512 4424 teneant,
2547 4380 2578 4418 e
2616 4369 2820 4438 majori
2852 4386 3085 4427 numero
3110 4373 3352 4425 videntur
3372 4371 3598 4423 detracta.
3631 4354 3716 4407 F36“

2268 4459 2321 4501 ει
2351 4451 2465 4519 ipse
2511 4453 2790 4525 Origenes
2843 4473 2990 4517 torno
3040 4478 3133 4517 xm
3180 4464 3235 4516 in
3272 4459 3476 4525 Hatth.,
3521 4466 3630 4507 nunt.
3666 4440 3714 4497 99.

640 4509 728 4561 vix
754 4513 961 4565 tertiam
990 4526 1192 4583 partem
1221 4535 1249 4570 a
1279 4520 1536 4588 principio
1569 4519 1685 4574 libri
1727 4535 1890 4587 usque
1911 4522 1973 4572 ad
2006 4523 2165 4578 visio-

2196 4514 2238 4567 D
2267 4509 2390 4607 pag:
2428 4539 2554 4605 61.0,
2605 4509 3554 4615 ἕίῖᾇῖικῗξξχιῖ
3595 4536 3636 4597 Ξ,
3668 4527 3716 4579 "bl

635 4614 759 4654 nem
787 4603 1154 4673 quadrigarum
1198 4611 1517 4665 edisserens.
1547 4629 1564 4660 ι
1599 4610 1737 4663 Idem
1767 4611 1817 4663 iu
1848 4611 2070 4681 Prolugo
2097 4616 2163 4669 ad

636 4691 860 4760 primum
882 4690 1390 4753 Commentariorum
1426 4703 1478 4754 in
1510 4700 1859 4754 Zachariam:
1901 4721 1922 4752 ι
1943 4703 2169 4774 Scripsit

636 4781 689 4836 in
724 4782 862 4836 hunc
886 4783 1191 4851 prophetam
1215 4787 1466 4856 Origenes
1492 4791 1593 4844 duo
1614 4790 1875 4846 volumina
1902 4809 2069 4863 usque
2100 4799 2166 4850 ad

2268 4629 2510 4694 quaedam
2539 4647 2568 4685 a
2594 4651 2655 4689 se
2696 4639 2751 4691 in
2780 4640 3020 4697 homiliis
3054 4642 3105 4696 iu
3151 4641 3343 4695 Lucam
3388 4637 3557 4704 scripta
3591 4627 3718 4682 nam"

2271 4730 2503 4780 quorum
2552 4724 2703 4777 nulla
2761 4727 2818 4780 in
2881 4730 3260 4800 superstitibus
3301 4725 3512 4783 homiliis
3552 4715 3720 4787 Δρρπαιί

2270 4805 2517 4875 vestigia.
2550 4810 2665 4882 (67)
2718 4813 3036 4875 Comment.
3096 4822 3151 4873 in
3200 4819 3351 4873 Joan.
3397 4825 3546 4870 tomos
3583 4803 3722 4873 "ibin"

705 4940 1257 5028 t'LHigronLlirooem.
1282 4945 1586 5028 'Comment.
1619 4950 1670 5003 in
1698 4948 1922 5005 Malach.
1997 4952 2280 5015 “Hieron.
2306 4957 2540 5018 Prooem.
2571 4964 2893 5028 Comment.
2939 4973 2992 5027 in
3048 4972 3231 5027 Matth.
3305 4971 3347 5003 δ’
3374 4969 3558 5024 llieron.
3581 4954 3719 5019 Probl.

637 5008 689 5064 in
714 5009 905 5064 Homil.
956 5009 1169 5079 Origen.
1202 5012 1255 5064 in
1282 5012 1409 5067 Luc.

636 5130 675 5204 ἰ
698 5124 1336 5204 ’(6⁷).ίῖ⁰”²⁷⁷¹⁸ἔ²¹⁰νίίῖἴέ⁴.η²
1359 5128 1428 5204 ,ἱη
1472 5128 1722 5204 {Danaen}
1758 5144 1922 5188 tomos
1950 5137 2166 5204 triginta

636 5194 766 5246 tinos
790 5194 1127 5271 Adamantius
1153 5194 1333 5271 edidit.
1359 5194 1578 5271 Httetius
1602 5199 1851 5271 Ruﬁnum
1876 5206 1959 5257 hic
1987 5194 2165 5271 sequi-

637 5270 731 5313 tur
760 5264 1052 5329 posthabita
1096 5261 1317 5336 lectione
1374 5262 1672 5334 Hieronymi
1705 5272 1792 5336 qui
1853 5261 2074 5336 triginta
2112 5284 2165 5327 et

635 5328 822 5383 novem
872 5340 1040 5385 tomos
1094 5331 1149 5383 in
1197 5328 1450 5382 Joannem
1497 5328 1810 5392 enumerat:
1845 5328 1949 5392 sed
1990 5341 2163 5394 Ruﬁni

637 5396 849 5452 lectioni
881 5400 1008 5453 ﬁdes
1027 5400 1240 5452 minime
1266 5398 1470 5451 videtur
1505 5415 1623 5452 esse
1662 5406 1960 5461 adhibenda
1994 5426 2009 5462 :
2045 5425 2163 5462 nam

636 5479 755 5544 eum
796 5476 966 5544 tomus
1004 5484 1173 5544 xxxrt.
1218 5470 1315 5544 qui
1357 5467 1614 5532 hodieque
1671 5471 1852 5544 graece
1902 5488 2161 5544 superest,

638 5533 838 5585 desinat
864 5537 930 5612 ad_
948 5547 1102 5605 caput
1132 5533 1348 5612 Jpaunis
1374 5551 1492 5612 ξιιμ
1515 5551 1651 5590 vers.
1676 5539 1763 5612 35,
1787 5543 1864 5612 vel
1902 5533 2160 5612 iniegrnrri

640 5612 770 5665 opus
793 5603 1091 5671 neutiquam
1123 5603 1640 5672 absolvitOt'igenes,
1685 5607 1766 5658 vel
1810 5610 1851 5661 si
1896 5613 1959 5662 ad
2006 5603 2158 5666 linem

640 5677 809 5741 usque
859 5673 1145 5741 perduxit,
1190 5689 1293 5727 non
1359 5672 1633 5741 pauciores
1670 5689 1826 5741 quam
1880 5679 1947 5734 59
1995 5690 2164 5733 tomos

644 5732 941 5793 elaborasse
996 5732 1279 5799 verisimile
1320 5732 1417 5799 est.
1446 5740 1647 5797 Deinde
1671 5732 1847 5811 plures
1888 5732 2044 5815 quam
2072 5732 2164 5804 ᾑδέ

2274 5149 2450 5220 tomos
2482 5147 2773 5206 confectos
2812 5154 2985 5209 fuisse
3034 5156 3156 5209 inde
3183 5155 3400 5216 eruitur,
3440 5145 3558 5220 qule
3599 5138 3719 5220 οτξξῗ

2271 5226 2391 5290 nes.
2411 5213 2525 5281 ipse
2544 5284 2564 5290 _
2577 5201 2826 5290 tracta-lli
2837 5201 3490 5285 l
3500 5215 3570 5274 35o
3592 5227 3630 5290 P:

2275 5280 2326 5357 in
2377 5276 2490 5336 lui-c
2544 5284 2785 5357 hlatthazi
2847 5276 3363 5357 vcrbac’ldipsum
3418 5276 3561 5340 unum
3594 5276 3719 5357 Mf,

2269 5355 2466 5426 trama,
2519 5356 2610 5426 qui
2655 5343 3096 5426 cruciﬁxi—erant
3303 5375 3378 5424 eo,
3415 5343 3719 5426 ἱιαρτοριταθῗῗί

2267 5419 2314 5466 ei
2340 5432 2359 5468 :
2382 5419 2456 5471 ait
2484 5419 2542 5473 se
2568 5422 2619 5475 iu
2654 5419 3082 5483 Commentariis
3109 5430 3218 5482 suis
3260 5430 3316 5482 in
3361 5419 3576 5480 Joannem
3620 5420 3719 5474 0190³

2269 5487 2444 5562 ﬁnisse
2481 5489 2548 5542 de
2581 5493 2799 5549 duobus
2829 5498 3128 5552 latronibus
3156 5498 3244 5562 qui
3283 5491 3508 5562 crucifixi
3532 5490 3625 5562 sunt
3644 5487 3717 5562 cunt

2269 5551 2511 5621 Christo,
2545 5567 2599 5612 et
2637 5562 2718 5634 ibi
2750 5567 2990 5634 agitasse
3023 5582 3089 5619 an
3121 5551 3209 5617 alii
3241 5565 3350 5618 sint
3377 5565 3468 5634 duo
3497 5558 3539 5611 hi
3561 5554 3719 5634 If"???

2270 5618 2508 5703 quorum
2531 5642 2673 5703 unus
2708 5618 3125 5703 hla‘fsphe‘maibat
3145 5634 3401 5688 Christum
3418 5629 3549 5703 itm!
3568 5618 3715 5703 P'E'i'i"

2270 5700 2323 5741 ει
2351 5692 2440 5743 alii
2476 5694 2681 5770 fuerint
2711 5690 2935 5755 duo'illi
2981 5704 3215 5756 latrones
3242 5703 3343 5770 [qui
3375 5690 3510 5752 ambo
3542 5690 3716 5770 mnf;

2273 5741 3215 5838 amarat];311E;315111.535}?
3240 5741 3452 5826 nihil};
3482 5741 3526 5817 ξι
3551 5759 3598 5813 Et
3626 5741 3717 5819 ὄιναά
