3922 6438
301 365 465 438 ’ξοδ

1081 380 1639 444 ORIGENIANORUM
1677 383 1806 443 LIB.
1845 384 1932 450 lli,
1967 386 2116 440 CAP.
2155 387 2217 453 ll,
2259 388 2450 445 SEG'I‘.
2491 389 2553 442 II.

3329 369 3478 437 I206;

292 495 462 552 duos
495 500 838 554 Adamantius
879 501 1060 556 edidit.
1103 501 1180 557 Ita
1218 503 1439 557 Ruﬁnus
1476 499 1666 555 Invect.
1697 516 1736 555 ti
1791 502 1847 556 in
1875 506 1919 564 Α
1947 501 2185 556 omnium
2230 512 2284 557 et
2328 499 2688 556 admirabilior
2733 497 2990 554 destinata
3023 495 3353 566 cognoscitur
3396 496 3460 548 ad

298 585 528 641 Hieron
554 607 569 642 :
600 607 619 640 ι
642 591 850 644 Interim
878 590 1118 658 Origenis
1141 593 1324 656 libros,
1349 601 1407 645 ut
1427 607 1582 660 supra
1599 589 1844 654 diximus,

294 675 360 728 in
391 691 615 731 omnem
635 680 1026 732 admirationem
1057 681 1276 741 extollit,
1301 691 1353 733 et
1369 681 1516 742 dicit,
1531 681 1667 747 quod
1694 681 1738 734 si
1754 696 1846 736 eos

293 765 704 835 interpretetur
747 765 976 820 Romana
1027 767 1218 835 lingua,
1271 776 1547 837 cognoscet
1593 776 1846 834 quantum

288 853 443 907 boni
481 868 537 908 et
562 865 685 908 ante
712 855 976 917 nescierit,
1009 865 1062 910 et
1084 857 1216 909 scire
1249 873 1385 910 nunc
1411 856 1648 924 coeperit,
1687 856 1738 909 id
1767 864 1848 910 est

288 943 355 994 in
387 939 750 1009 Hauhicum,
805 943 1017 1012 inquit,
1071 945 1250 1012 viginti
1306 959 1400 999 sex
1454 946 1617 1000 libros
1669 944 1844 1014 (lege,

289 1031 507 1098 viginti
544 1033 814 1102 quinque),
849 1041 902 1087 et
929 1034 983 1085 in
1011 1031 1204 1086 Lucam
1237 1033 1488 1102 quinque,
1521 1043 1574 1087 et
1603 1036 1656 1086 in
1680 1033 1848 1086 Joan-

283 1136 426 1172 nem
466 1122 678 1191 triginta
707 1123 857 1176 duos.
889 1141 908 1173 ι
936 1121 1059 1176 Inde
1085 1132 1165 1176 est
1191 1122 1329 1192 quod
1373 1123 1425 1175 in
1467 1123 1646 1177 codice
1687 1123 1846 1177 Com-

283 1217 552 1261 mentar.
593 1209 645 1260 in
694 1207 948 1262 Joannem
970 1223 1072 1276 quo
1105 1223 1230 1262 usus
1263 1218 1345 1264 est
1379 1209 1684 1265 Ambrosius
1719 1209 1847 1265 Fer-

276 1299 492 1352 rarius
515 1313 702 1352 novem
745 1299 1046 1367 interrupta;
1103 1300 1255 1354 seriei
1305 1301 1430 1354 tumi
1467 1299 1519 1354 in
1561 1300 1631 1354 32
1680 1309 1846 1355 tomos

280 1387 535 1441 fuerant
562 1387 851 1442 distributi.
881 1387 1200 1442 Emendetur
1235 1403 1362 1457 ergo
1400 1389 1547 1444 locus
1584 1389 1672 1444 ille
1716 1388 1845 1444 Pro-

282 1475 413 1543 Ingi
455 1475 768 1545 Hieronymi
805 1477 870 1528 ad
907 1475 1150 1530 homilias
1171 1475 1410 1546 Origenis
1433 1478 1487 1530 in
1514 1475 1702 1530 Lucam
1733 1492 1762 1530 a
1787 1492 1844 1531 se

274 1579 608 1619 conversas
660 1583 674 1619 :
723 1582 742 1616 ι
788 1565 1058 1634 Siquidem
1111 1564 1238 1618 illud
1293 1565 1432 1633 quod
1478 1565 1603 1618 olim
1664 1564 1845 1620 Roma

274 1660 502 1706 sancta
559 1651 778 1706 Blaesilla
829 1651 1168 1719 ﬂagitaverat,
1237 1659 1294 1704 ut
1332 1650 1399 1705 36
1441 1660 1612 1705 tomos
1663 1651 1684 1718 (
1705 1651 1840 1720 lege,

270 1740 360 1794 25
401 1741 624 1810 tomus)
661 1741 801 1795 illius
820 1741 874 1793 in
904 1738 1200 1792 Housmans
1222 1777 1238 1804 ,
1282 1749 1337 1794 et
1371 1739 1603 1808 quinque
1631 1739 1763 1794 alios
1789 1741 1842 1793 in

1945 591 2249 656 Romanos,
2294 607 2454 661 quam
2507 591 2763 660 Origenes
2822 588 3009 658 viginti
3072 586 3218 640 libris
3276 584 3461 640 Graeco

1943 695 2190 737 sermone
2222 680 2547 734 declaravit:
2595 695 2725 750 quos
2770 688 2946 734 tamen
2999 675 3326 746 supradictus
3353 671 3460 726 Ru-

1943 769 2080 823 ﬁnus
2107 769 2159 822 in
2185 769 2363 822 decem
2388 768 2550 821 libros
2578 768 2839 837 redigens,
2859 765 3031 819 adhuc
3058 763 3267 830 copiose
3291 770 3461 814 trans-

1944 857 2063 911 tulit
2104 857 2156 910 in
2202 855 2464 910 Latinum.
2491 874 2510 908 ι
2539 856 2893 910 Conﬁrmatur
2924 854 3046 908 Illud
3075 868 3136 908 ex
3170 853 3252 906 his
3283 850 3456 904 Ruﬁni

1942 945 2115 999 verbis
2149 945 2200 998 in
2243 943 2556 998 Praefatione
2591 959 2707 997 mox
2757 944 2966 997 laudata
2996 960 3012 997 :
3049 960 3069 993 α
3092 941 3251 994 Addis
3282 949 3456 993 autem

1943 1047 2010 1087 ne
2033 1033 2159 1100 quid
2195 1031 2464 1086 laboribus
2492 1031 2622 1084 meis
2658 1032 2811 1095 desit,
2835 1041 2892 1083 ut
2919 1044 3075 1084 omne
3111 1031 3209 1082 boc
3238 1027 3460 1097 quinde-

1942 1122 2044 1176 cim
2090 1120 2419 1175 voluminum
2468 1133 2691 1188 corpus,
2730 1120 2868 1186 quod
2914 1119 3128 1173 Graecus
3166 1131 3342 1172 sermo
3390 1114 3456 1168 ad

1941 1210 2288 1279 quadraginta
2333 1208 2466 1272 fere,
2515 1219 2607 1262 aut
2644 1222 2708 1262 eo
2738 1207 2962 1276 amplius
3008 1206 3171 1260 millia
3211 1218 3454 1258 versuum

1941 1300 2206 1369 produxit,
2248 1297 2549 1352 abbreviem
2606 1307 2658 1351 et
2703 1298 2767 1349 ad
2798 1296 2990 1358 media,
3023 1296 3065 1350 si
3108 1295 3219 1348 ﬁeri
3265 1301 3454 1363 potest,

1941 1388 2105 1456 spatia
2136 1396 2416 1442 coarctem.
2441 1405 2460 1438 ι
2497 1385 2658 1454 Igitur
2684 1386 2856 1440 Ruﬁni
2895 1385 3262 1454 interpretatio
3287 1383 3454 1438 media

1941 1475 2155 1530 circiter
2191 1490 2314 1544 pars
2341 1485 2422 1530 est
2448 1473 2749 1544 Origeniaui
2788 1474 2998 1542 operis;
3039 1474 3184 1541 atqui
3221 1475 3331 1528 haec
3370 1473 3454 1526 in-

1944 1564 2253 1632 terpretatio
2283 1564 2463 1617 decem
2495 1563 2860 1631 complectitur
2895 1562 3093 1626 libros;
3123 1561 3303 1629 viginti
3332 1575 3456 1628 ergo

1939 1666 2072 1720 opus
2105 1650 2477 1720 Origenianum
2509 1651 2975 1720 complectebatur.
2999 1650 3160 1720 Igitur
3186 1665 3283 1718 pro
3302 1650 3456 1717 quin-

1942 1738 2104 1790 decim
2135 1737 2412 1805 legendum
2441 1738 2576 1806 apud
2599 1737 2842 1791 Ruﬁnum
2867 1738 3062 1807 uiginti.
3091 1738 3251 1792 Addit
3275 1737 3458 1791 deinde

272 1827 534 1891 Lucam,
563 1838 615 1883 et
638 1828 704 1884 39
739 1829 798 1882 in
829 1826 1081 1880 Joannem
1125 1833 1318 1881 nostrae
1357 1826 1546 1896 linguae
1586 1825 1840 1880 traderem
1873 1829 1916 1884 Β
1941 1827 2162 1882 Ruﬁnus
2213 1828 2525 1896 interpolata
2571 1828 2734 1882 fuisse
2773 1829 3152 1882 commentaria
3195 1829 3456 1897 Origcnis,

271 1917 471 1986 (lege
512 1918 580 1972 32
609 1918 661 1970 in
680 1915 1025 1986 Joannem),s
1063 1923 1248 1970 nonut
1287 1915 1474 1986 legisse
1505 1916 1711 1969 videtur
1757 1916 1839 1969 vir

272 2007 579 2070 eruditus,
629 2005 842 2073 triginta
897 2015 1142 2074 quatuor.
1196 2004 1392 2059 Scribit
1433 2003 1686 2058 Eusebius
1715 2004 1834 2058 libr.

269 2107 332 2144 νι
378 2091 620 2156 "istan,
654 2106 772 2160 cap.
805 2092 897 2156 24,
924 2107 987 2146 ex
1026 2093 1268 2147 universa
1306 2093 1406 2148 hac
1432 2094 1840 2148 commentario-

270 2197 429 2234 rum
464 2181 606 2236 mole
633 2181 761 2235 duos
783 2189 838 2234 et
872 2182 1052 2250 viginti
1098 2183 1352 2236 duntaxat
1385 2181 1548 2237 libros
1587 2196 1684 2236 suo
1725 2197 1838 2238 avo

262 2272 608 2325 exstitisse.
638 2270 728 2325 lIis
761 2285 886 2326 vero
912 2273 1234 2339 temporibus
1278 2273 1365 2325 vix
1408 2282 1688 2340 supersunt
1743 2287 1835 2327 nu-

263 2374 453 2413 vem.
489 2358 615 2411 Duae
644 2367 900 2427 praeterea
940 2361 993 2411 in
1015 2357 1271 2412 Joannem
1307 2359 1638 2427 reperiuntur
1671 2358 1838 2415 homi-

267 2450 384 2504 liae
441 2449 583 2502 inter
626 2462 716 2502 eas
773 2463 886 2516 qua
931 2451 986 2502 in
1035 2451 1257 2504 diuersos
1306 2449 1696 2516 inscribuntur;
1743 2452 1834 2505 scd

262 2541 566 2610 quoniam
593 2539 658 2592 de
691 2539 919 2606 ipsarum
947 2551 1162 2595 auctore
1186 2555 1292 2593 nou
1316 2549 1556 2605 constat,
1601 2542 1666 2596 de
1707 2543 1836 2611 ipsis

263 2632 448 2684 alias
469 2629 811 2696 quaestionem
849 2629 1173 2684 habebimus.
1207 2629 1280 2683 De
1318 2629 1744 2698 Expositionibus
1781 2633 1835 2685 in

262 2717 440 2769 Acta
473 2713 822 2780 apostolorum
860 2729 1023 2768 unum
1056 2715 1183 2769 illud
1215 2717 1356 2784 quod
1394 2717 1621 2771 scribam
1646 2717 1831 2784 habeo,

261 2804 518 2870 aliquot
544 2801 788 2856 homilias
817 2803 868 2857 in
900 2802 987 2856 illa
1033 2803 1196 2859 fuisse
1235 2806 1301 2859 ab
1334 2803 1559 2875 Origene
1594 2808 1838 2863 lucubra-

263 2903 380 2946 tas
419 2909 435 2944 :
471 2889 585 2962 (68)
607 2895 1029 2963 caputsiqnidem
1060 2892 1359 2968 Philqealia:
1388 2897 1665 2965 septimum
1687 2900 1834 2954 clau-

262 2984 378 3037 dis
417 2982 673 3051 exiguum
707 2983 1052 3054 fragmentum
1089 3001 1120 3040 e
1146 2997 1331 3056 quarta
1363 2986 1574 3041 humilia
1610 2988 1662 3042 in
1694 2990 1833 3044 hunc

263 3075 526 3130 librum.

363 3158 513 3215 \‘Ill.
539 3160 617 3214 Ad
644 3162 945 3216 enodandas
966 3161 1112 3216 Pauli
1138 3163 1388 3232 epistolas
1415 3166 1677 3237 ingentem
1705 3181 1829 3235 ope-

261 3265 422 3306 rum
472 3257 528 3304 et
582 3250 814 3304 laborem
839 3251 1094 3320 Origenes
1117 3254 1380 3309 contulit:
1412 3257 1672 3324 praecipue
1706 3271 1833 3311 vero

215 3352 219 3353 ’
260 3341 452 3394 circa
498 3336 646 3390 Pauli
675 3337 961 3407 Epistulam
1006 3341 1069 3394 ad
1101 3343 1364 3398 Romanos
1391 3359 1648 3398 summam
1680 3345 1826 3399 adhic

259 3432 422 3486 buit
456 3426 818 3495 diligentiam;
871 3445 995 3484 nam
1044 3447 1159 3500 qua:
1202 3433 1254 3486 in
1291 3433 1473 3487 Latina
1519 3434 1747 3489 editione
1801 3450 1830 3488 a

259 3518 504 3575 Ruﬁno
538 3530 796 3572 conversa
839 3529 1083 3585 exstant,
1119 3521 1202 3575 vix
1244 3523 1466 3577 mediam
1496 3521 1834 3578 Commenta-

261 3612 512 3665 riorum
551 3617 830 3674 exaequant
868 3619 1088 3676 mrtem,
1140 3625 1272 3678 quos
1309 3612 1362 3665 in
1401 3627 1518 3666 eam
1557 3613 1830 3680 epistolam

259 3697 570 3756 ediderat.
605 3693 824 3748 Ruﬁnus
848 3697 900 3748 in
935 3697 1239 3764 praefatione
1260 3699 1325 3752 ad
1348 3699 1640 3753 Heraclium
1671 3702 1833 3756 inter—

259 3782 590 3859 pretationi
617 3797 724 3836 sua!
743 3785 954 3853 pmﬁxa
974 3824 990 3848 ,
1022 3801 1044 3837 ι
1077 3786 1310 3850 Suades,
1339 3787 1538 3856 inquit,
1566 3799 1622 3843 ut
1650 3802 1830 3844 nostra

260 3887 439 3931 voce
485 3872 780 3938 quindecim
829 3873 944 3941 ejus
994 3874 1274 3946 (Origenis)
1315 3877 1596 3940 volumina,
1643 3881 1833 3946 quibus

263 3959 598 4034 Epistulam
625 3958 769 4013 Pauli
797 3962 862 4014 ad
885 3960 1148 4019 Romanos
1179 3966 1428 4021 disseruit
1453 3967 1824 4034 explicemus.»

263 4057 371 4111 Ila
426 4051 672 4116 legerunt
723 4061 776 4106 et
822 4053 1099 4108 ediderunt
1134 4053 1382 4110 Merlinus
1410 4055 1542 4127 (09),
1583 4056 1831 4112 Erasmus

262 4151 343 4199 α
386 4138 765 4196 Genebrardus
809 4158 823 4194 :
873 4140 993 4194 inde
1035 4141 1215 4196 Sixtus
1262 4141 1513 4199 Senensis
1557 4147 1832 4214 scripsisse

264 4224 589 4291 Origenem
618 4221 750 4275 dixit
778 4222 828 4275 in
856 4222 1140 4290 Epistulam
1169 4225 1235 4278 ad
1265 4224 1530 4282 Romanos
1552 4226 1831 4284 Commen-

269 4314 568 4369 tariorum
605 4309 770 4364 libros
805 4312 1130 4379 quindecim.
1177 4315 1246 4367 At
1279 4330 1372 4370 eos
1403 4317 1584 4385 viginti
1611 4333 1830 4373 numero

270 4402 470 4459 fuisse
513 4398 706 4451 asserit
731 4397 1079 4455 Cassiodorus
1105 4401 1227 4458 libr.
1265 4403 1340 4458 De
1393 4405 1615 4460 inslilul.
1663 4409 1823 4463 divin.

1935 1927 1988 1971 et
2013 1917 2064 1971 in
2090 1918 2333 1972 omnibus
2356 1918 2464 1971 fere
2502 1917 2834 1972 bibliothecis
2862 1917 3090 1972 defuisse
3115 1919 3377 1985 aliquanta
3395 1934 3459 1970 ea:

1934 2007 2042 2074 ipso
2064 2022 2272 2070 corpore
2293 2006 2569 2060 uolumina.
2590 2006 2874 2076 Epistulam
2894 2007 2958 2061 ad
2981 2007 3281 2062 Corinthius
3308 2007 3457 2073 prio-

1935 2111 2047 2151 rem
2093 2095 2356 2151 latissime
2399 2097 2801 2165 interpretatum
2829 2109 2948 2151 esse
2973 2097 3142 2164 ipsum
3179 2097 3250 2148 ait
3275 2095 3458 2150 Hiero.

1933 2200 2121 2255 nymus
2150 2185 2307 2254 epist.
2338 2184 2407 2240 52
2427 2223 2442 2248 ,
2478 2186 2542 2238 ad
2587 2185 2891 2240 Pammach.
2939 2185 2992 2239 Id
3024 2187 3362 2240 conﬁrmatur
3389 2201 3456 2239 ex

1933 2273 2098 2343 ipsius
2133 2274 2375 2344 Origenis
2413 2273 2627 2328 ltomilia
2655 2275 2720 2328 I7
2750 2275 2802 2328 in
2827 2273 2986 2338 Lua,
3029 2276 3079 2328 in
3119 2289 3222 2343 qua
3251 2288 3310 2327 se
3343 2273 3454 2328 dis-

1933 2363 2168 2418 seruisse
2225 2363 2301 2416 ait
2353 2364 2407 2416 in
2470 2363 2628 2430 hujus
2662 2363 2906 2430 Epistula!
2952 2375 3179 2433 caputt,
3231 2378 3370 2416 vers.
3397 2362 3454 2416 2.

1931 2448 2221 2518 Epistulam
2253 2464 2460 2518 quoque
2485 2450 2550 2502 ad
2576 2447 2788 2504 Galatas
2811 2451 3210 2506 commentariis
3233 2491 3249 2517 ,
3286 2449 3456 2504 homi-

1930 2537 2038 2602 liis,
2081 2548 2135 2591 et
2181 2538 2398 2592 scholiis
2455 2538 2761 2607 explicavit.
2795 2539 2966 2594 Testis
2995 2540 3346 2610 Hieronymus
3399 2541 3450 2592 in

1929 2627 2191 2684 Prouemio
2204 2628 2561 2686 Commentar.
2579 2631 2630 2682 in
2651 2629 2817 2696 Epist.
2839 2631 2904 2682 ad
2935 2627 3144 2684 Galatas
3163 2648 3180 2684 :
3203 2648 3221 2682 ι
3236 2629 3456 2700 Scripsit

1930 2717 2018 2772 ille
2060 2721 2140 2772 vir
2209 2719 2505 2789 (Origenes)
2549 2719 2599 2772 in
2643 2719 2920 2787 Epistulam
2959 2719 3106 2774 Pauli
3142 2721 3206 2773 ad
3239 2720 3453 2774 Galatas

1930 2804 2163 2871 quinque
2188 2805 2400 2874 propria
2430 2804 2713 2870 volumina,
2742 2813 2795 2858 et
2828 2805 3088 2858 decimum
3125 2805 3453 2860 Stromatum

1931 2907 2147 2948 suorum
2185 2894 2374 2949 librum
2411 2895 2724 2950 commatico
2759 2911 2916 2965 super
2943 2897 3312 2965 explanatione
3340 2895 3455 2965 ejus

1931 2994 2180 3036 sermone
2225 2980 2550 3050 complevit;
2607 2990 2863 3036 tractatus
2908 2997 3115 3052 quoque
3155 2983 3354 3045 varios,
3399 2994 3459 3036 et.

1931 3081 2200 3139 excerpta,
2247 3084 2364 3139 quae
2394 3069 2476 3124 vel
2523 3071 2636 3126 sola
2683 3071 2887 3140 possint
2928 3071 3184 3136 suﬁicere,
3237 3086 3450 3139 cumpo-

1932 3161 2058 3215 suit.
2080 3179 2099 3213 ι
2145 3159 2268 3215 Haec
2300 3161 2457 3214 verba
2495 3161 2684 3229 repetit
2715 3161 2939 3214 subinde
2965 3161 3118 3231 epist.
3143 3160 3230 3227 89,
3260 3161 3325 3214 ad
3345 3162 3453 3214 Au-

1930 3248 2229 3318 gustinum;
2256 3256 2362 3300 tum
2387 3247 2654 3316 subjungit
2680 3249 2834 3316 paulo
2863 3257 3018 3316 post:
3052 3266 3070 3300 ι
3099 3247 3245 3303 Hanc
3277 3257 3449 3301 autem

1929 3335 2368 3402 explanationem,
2409 3348 2566 3404 quam
2615 3337 2817 3404 primus
2852 3335 3105 3407 Origenes
3153 3338 3204 3392 in
3247 3338 3452 3392 decimo

1931 3425 2253 3478 Stromateon
2302 3425 2462 3489 libro,
2521 3425 2608 3478 ubi
2651 3425 2940 3493 Epistulam
2971 3426 3114 3480 Pauli
3148 3427 3211 3480 ad
3235 3425 3451 3481 Galatas

1931 3514 2321 3581 interpretatur,
2368 3523 2423 3568 et
2460 3515 2637 3567 exteri
2683 3515 2932 3583 deinceps
2972 3516 3286 3584 interpretes
3331 3525 3453 3570 sunt

1929 3603 2117 3669 secuti,
2149 3622 2169 3654 ι
2194 3615 2300 3657 etc.
2357 3603 2521 3658 Docet
2561 3618 2654 3658 nos
2697 3604 2854 3658 etiam
2887 3602 3238 3675 Hieronymus
3286 3605 3451 3660 tribus

1930 3693 2287 3748 voluminibus
2315 3693 2602 3762 Epistulam
2642 3695 2706 3746 ad
2751 3693 3004 3763 Ephesios
3046 3695 3286 3749 eumdem
3335 3695 3453 3748 illu-

1928 3784 2474 3852 strasse,‘ipsumque
2517 3799 2576 3837 se
2619 3783 2782 3837 fuisse
2819 3793 3091 3848 secutum;
3128 3786 3264 3851 quod
3298 3785 3452 3852 iterat

1929 3870 2050 3923 libr.
2078 3886 2093 3924 I
2125 3872 2340 3940 Apolog.
2362 3877 2563 3925 advers.
2593 3871 2788 3940 Ruﬁn.,
2824 3889 2940 3943 cap.
2965 3874 2998 3926 4
3021 3885 3072 3926 et
3093 3874 3147 3936 5,
3177 3857 3451 3941 Fragmen-

1932 3969 2038 4012 tum
2069 3973 2100 4012 e
2137 3959 2272 4013 libro
2325 3961 2481 4014 tertio
2513 3964 2564 4012 in
2595 3962 2880 4029 Epistulam
2910 3966 2980 4015 ad
3005 3962 3321 4016 Colossenses
3357 3960 3450 4012 ad-

1929 4046 2073 4100 ducit
2101 4046 2403 4114 Pamphilus
2435 4048 2487 4101 in
2530 4049 2798 4117 Apologia.
2831 4049 2884 4102 In
2920 4050 3146 4116 priorem
3189 4055 3255 4101 ad
3295 4047 3450 4102 Thes-

1927 4136 2266 4189 salonicenses
2291 4135 2573 4204 Epistulam
2599 4135 2888 4208 ὲξηγητικὰ
2915 4139 3142 4194 edidisse
3169 4136 3449 4208 Origenent

1929 4226 2177 4280 discimus
2228 4225 2295 4278 ab
2329 4225 2686 4296 Hieronymo,
2746 4227 2895 4293 cujus
2951 4229 3062 4282 haec
3111 4227 3268 4280 verba
3326 4236 3450 4280 sunt

1929 4316 2083 4382 epist.
2110 4315 2242 4376 i52,
2273 4315 2339 4368 ad
2375 4315 2686 4370 Minervium
2713 4325 2767 4370 et
2786 4316 3143 4371 Alexandrum
3172 4334 3184 4370 :
3221 4334 3239 4365 ι
3261 4315 3447 4384 Orige-

1931 4417 2025 4456 nes
2055 4403 2108 4455 in
2135 4403 2290 4455 tertio
2321 4403 2584 4456 volumine
2603 4403 3010 4472 ὲξηγηματικῶν
3037 4402 3278 4471 Epistula:
3301 4401 3451 4456 Pauli

274 4488 663 4555 δεδήμευται,
721 4485 793 4539 ita
852 4485 1069 4554 loquens
1113 4501 1130 4541 :
1183 4507 1202 4541 ι
1230 4488 1411 4544 Sancti
1465 4491 1611 4546 Pauli
1660 4493 1825 4561 prima
1859 4503 1904 4558 ι)
1932 4493 1998 4546 ad
2029 4491 2522 4548 Thessalonicenses
2565 4494 2768 4561 primae,
2812 4504 2930 4563 post
2963 4494 3123 4548 multa
3153 4508 3270 4562 qua:
3301 4493 3457 4547 vario

272 4695 582 4751 Joannem,
619 4685 823 4753 inquit,
864 4686 1001 4739 sicut
1035 4688 1336 4754 potuimus.
1384 4690 1723 4754 exposuimus
1765 4689 1830 4741 de

274 4760 511 4818 duobus
533 4756 849 4815 latronibus,
879 4755 966 4821 qni
1000 4755 1212 4809 luerunt
1250 4757 1489 4809 cruciﬁxi
1531 4773 1649 4810 cunt
1679 4757 1827 4811 Chri-

275 4841 403 4891 sto,
439 4825 529 4891 qui
571 4823 1188 4893 secundumblatthzeum
1244 4825 1450 4893 quidem
1501 4835 1555 4878 et
1598 4824 1828 4893 Marcum

278 4899 798 4966 itnproperaverunt
829 4891 878 4944 ei
917 4891 1144 4966 amboin
1177 4891 1367 4950 cruce.
1401 4893 1690 4966 secundum
1715 4892 1828 4966 μι-

277 4958 418 5021 cant
451 4958 909 5028 autemdicentem
946 4959 1196 5028 quoniam
1231 4975 1366 5013 unus
1387 4961 1451 5014 de
1483 4961 1828 5028 pendentibus

281 5029 598 5089 latronibus
633 5026 1118 5095 blasphemabat....
1149 5025 1636 5095 Conveniens'ergo
1663 5038 1744 5080 est
1773 5036 1829 5078 ut

280 5107 345 5158 iu
375 5097 582 5166 primis
599 5093 808 5166 quidem
853 5095 1008 5146 ambo
1055 5093 1683 5166 latrouesAintelligantur
1719 5096 1825 5166 po-

283 5163 507 5226 ntinum
537 5165 926 5232 blaspltemasse
1027 5165 1132 5232 Aut
1179 5177 1246 5214 ne
1288 5163 1444 5232 forte.
1477 5163 1611 5216 sicut
1633 5173 1690 5232 et
1717 5163 1827 5215 illic

283 5234 538 5293 diximus
561 5229 990 5299 (Commentariis
1014 5229 1219 5299 scilicet
1263 5232 1323 5283 in
1359 5229 1672 5299 Joannem),
1735 5232 1822 5299 alii

279 5311 424 5361 sunt
450 5299 508 5352 hi
534 5299 636 5351 duo
667 5297 895 5352 latrones
923 5313 988 5350 ex
1014 5297 1205 5364 quibus
1249 5312 1383 5350 unus
1429 5296 1826 5364 blasphemahat

279 5385 445 5429 eum,
475 5375 530 5418 et
550 5364 635 5416 alii
657 5364 866 5420 fuerunt
889 5367 960 5419 illi
990 5366 1094 5417 duo
1121 5365 1358 5417 latrones
1382 5366 1469 5428 qui
1522 5365 1679 5417 ambo
1712 5366 1824 5417 bla-

278 5440 715 5508 sphemavertmt
741 5449 809 5508 gi
823 5436 845 5508 (_
854 5436 928 5487 sic
947 5433 1086 5508 enim
1109 5431 1380 5508 legendum
1401 5442 1484 5484 est
1499 5430 1648 5496 juxta
1667 5434 1824 5508 mss.)

280 5501 426 5562 Haec
463 5508 641 5552 autem
669 5501 848 5555 nullibi
877 5501 1210 5570 reperiuntur
1236 5501 1286 5561 iu
1330 5514 1516 5554 novem
1557 5501 1710 5553 tumis
1732 5503 1821 5567 qui

277 5577 594 5630 etiamnum
621 5577 853 5634 exstant
907 5567 960 5622 in
997 5567 1274 5629 Joannem,
1333 5577 1492 5634 atque
1537 5581 1604 5619 ex
1646 5571 1823 5634 verbis

279 5641 460 5702 modo
481 5633 662 5689 citatis
688 5643 740 5690 et
759 5635 870 5691 loco
895 5639 982 5692 ubi
1017 5651 1078 5692 sa
1115 5636 1277 5690 citata
1306 5632 1448 5700 simi,
1478 5635 1682 5690 videtur
1703 5632 1822 5690 Ori-

1935 4701 2094 4757 genes
2119 4702 2218 4740 non
2251 4703 2345 4756 per
2374 4697 2730 4757 transennam,
2777 4689 2866 4742 sed
2901 4705 2964 4742 ex
2996 4689 3232 4757 professo
3263 4701 3312 4744 et
3349 4705 3452 4744 sun

1931 4756 2044 4808 loco
2083 4765 2338 4810 tractasse
2373 4756 2437 4808 de
2481 4757 2680 4808 duobus
2735 4756 3041 4812 latronibus.
3112 4756 3277 4810 Porro
3326 4773 3444 4810 cunt

1932 4823 2244 4892 tricesimus
2277 4823 2534 4892 secundus
2582 4833 2753 4876 tomus
2803 4826 3008 4878 desinat
3057 4827 3121 4877 ad
3157 4834 3313 4892 caput
3361 4827 3442 4885 I3.

1926 4905 2066 4943 vers.
2096 4893 2164 4945 '53
2209 4890 2472 4961 Evangelii
2514 4891 2753 4961 Joannis,
2801 4903 2856 4944 ut
2885 4893 2991 4961 jam
3017 4890 3278 4955 diximus,
3322 4907 3445 4961 aga-

1927 4967 2015 5028 tur
2057 4971 2219 5028 verni
2261 4959 2324 5011 de
2380 4959 2674 5028 latronibus
2730 4962 2780 5013 in
2819 4959 2988 5028 capite
3032 4975 3141 5023 xIx,
3189 4971 3329 5028 vers.
3376 4959 3475 5013 18'

1924 5024 2154 5095 ejusdem
2187 5027 2472 5095 Evangelii,
2504 5027 2678 5095 plures
2709 5042 2866 5095 quam
2885 5024 2959 5081 32
2994 5038 3162 5095 turnus
3187 5027 3241 5076 in
3276 5026 3442 5095 Joan-

1926 5109 2036 5163 nem
2054 5093 2353 5163 elaborasse
2370 5093 2572 5163 videtur
2595 5093 2869 5163 Origenes,
2895 5111 2956 5148 ac
2977 5094 3190 5163 proinde
3203 5093 3437 5163 genuina

1924 5160 2128 5214 videtur
2157 5162 2453 5230 Hieronymi
2485 5162 2641 5216 lectio
2669 5157 2785 5230 quae
2806 5157 2875 5216 39
2909 5157 3072 5214 tomos
3105 5161 3161 5210 in
3185 5157 3440 5212 Joannem

1924 5242 2038 5280 COIH
2046 5243 2272 5282 memora
2281 5238 2317 5280 ι.

1991 5295 2100 5364 (68)
2133 5297 2258 5364 Yide
2281 5295 2525 5350 editionis
2559 5307 2749 5349 nostra-
2779 5307 2903 5364 tum:
2925 5293 3013 5364 IY,
3039 5306 3158 5360 pag.
3177 5292 3299 5346 457.

1991 5359 2098 5432 (69)
2127 5361 2210 5416 Ita
2239 5364 2463 5431 legerunt
2490 5375 2534 5418 et
2558 5365 2820 5432 ediderunt
2843 5359 3123 5432 Merlinus,
3144 5369 3250 5416 etc.
3286 5361 3440 5432 ᾼεια-

1922 5427 2040 5500 men
2080 5427 2434 5500 'manuscripti
2487 5433 2589 5486 duo
2642 5431 2851 5500 codices
2893 5427 2957 5476 ad
3008 5440 3237 5500 quorum
3280 5427 3436 5500 ﬁdem

1922 5497 2094 5551 Ruﬁni
2123 5494 2429 5553 contextum
2463 5497 2844 5552 revocavimus.
2882 5507 2977 5559 pro
3005 5494 3312 5560 quindecim,
3362 5494 3444 5549 le-

1921 5576 2049 5634 gunt
2076 5567 2208 5622 alius
2233 5568 2402 5622 decem
2429 5605 2443 5632 ,
2475 5566 2608 5620 alius
2636 5561 2919 5614 duodecim.
