3922 6448
223 447 384 527 sats

219 599 369 638 rosa
416 587 766 651 quorumdam
815 601 1102 654 crassaque
1151 587 1368 656 iudicia,
1415 581 1502 654 qui
1561 583 1780 638 nimiunt

223 671 498 726 tribttttnt
515 673 833 740 quibuslibet
860 675 1025 728 titulis
1047 689 1108 728 ac
1132 670 1566 742 prmfatiunculis.
1601 691 1620 725 ι
1655 673 1782 739 Qui-

223 761 343 814 bus
382 763 570 817 verbis
593 765 722 817 satis
752 764 979 818 ostendit
1023 780 1081 818 se
1111 764 1177 818 de
1211 763 1548 833 przefationis,
1585 780 1688 818 non
1722 765 1787 818 de

220 850 596 904 homiliarum
632 862 852 905 auctore
905 851 1221 922 disputasse.
1265 852 1330 906 Et
1366 861 1537 906 tamen
1575 851 1783 921 Magde-

221 938 604 1009 bttrgensium
644 940 958 994 sententiam
991 940 1282 1010 amplexum
1337 955 1454 995 esse
1499 941 1655 994 video
1682 940 1791 996 Gtt-

221 1030 494 1086 lielntunt
561 1029 902 1085 Perkensium
952 1030 1022 1096 ⁸¹,
1087 1031 1356 1099 aliumque
1415 1031 1585 1086 aetatis
1632 1030 1790 1100 hujus

222 1118 662 1184 lteterodoxum,
711 1120 884 1174 virum
927 1119 1062 1174 bene
1115 1119 1350 1184 doctum,
1385 1117 1538 1188 cuius
1589 1119 1787 1174 nomini

220 1223 296 1278 pa
309 1224 439 1263 rco.

305 1295 396 1349 Ex
434 1300 625 1352 eadem
675 1295 852 1351 Ruﬁni
902 1297 1239 1365 peroratione
1287 1297 1529 1364 proxime
1559 1310 1791 1350 comme-

221 1396 467 1440 morata
508 1385 847 1440 ltomiliarttm
890 1400 1075 1438 novem
1122 1386 1178 1438 in
1213 1383 1424 1438 Iudices
1457 1394 1646 1440 auctor
1674 1400 1793 1441 esse

221 1475 542 1552 Origenes,
591 1475 812 1530 Ruﬁnus
866 1474 1148 1542 interpres,
1203 1484 1256 1528 et
1303 1474 1535 1542 quidem,
1584 1474 1628 1528 si
1667 1473 1792 1542 quid

233 1563 356 1636 ipsi
384 1565 738 1630 credendum,
764 1565 894 1620 satis
921 1574 1199 1619 accuratus
1232 1565 1664 1635 deprehenditur.
1683 1565 1792 1620 Nec

230 1655 486 1710 aliunde
521 1651 813 1725 profectam
837 1655 982 1708 dicas
1009 1653 1279 1708 homiliam
1309 1655 1520 1708 unicam
1559 1655 1611 1708 in
1636 1652 1792 1723 Reges

228 1741 454 1796 Latine
477 1743 696 1807 editam,
729 1743 839 1796 sive
865 1757 995 1810 opus
1019 1743 1212 1812 ipsum,
1241 1743 1351 1797 sive
1396 1743 1792 1810 interpretatio-

227 1845 372 1884 nem
406 1842 638 1898 spectes.
669 1829 800 1883 lllud
835 1829 885 1884 in
913 1844 970 1883 ea
989 1830 1219 1884 maxime
1244 1829 1591 1883 animadverti
1615 1829 1789 1891 velim,

221 1919 396 1987 quod
426 1919 657 1973 habetur
679 1935 824 1972 nttnt.
861 1919 912 1980 l,
957 1918 1096 1973 circa
1126 1918 1334 1972 initium
1366 1935 1381 1971 :
1411 1935 1430 1969 ι
1468 1916 1640 1971 Nolite
1667 1932 1791 1985 ergo

223 2010 284 2063 in
349 2010 517 2064 nobis
572 2009 696 2064 illttd
728 2009 996 2078 requirere
1044 2009 1182 2076 quod
1216 2008 1268 2062 in
1303 2024 1433 2078 papa
1492 2009 1792 2062 Alexandro

223 2097 491 2153 habetis.
524 2096 776 2152 Fatemur
801 2098 941 2150 enim
979 2097 1115 2166 quod
1148 2112 1332 2153 omnes
1371 2112 1464 2151 nos
1497 2108 1711 2167 superat
1738 2097 1790 2150 in

218 2187 433 2256 gratia
487 2185 741 2243 lenitatis.
796 2204 816 2239 ι
870 2187 1227 2242 Alexandrum
1299 2184 1792 2257 Jerosolymitanum

220 2275 541 2346 praesulem
576 2275 857 2343 signiﬁcat,
889 2291 918 2328 a
947 2290 1052 2345 quo
1080 2276 1146 2329 ad
1185 2275 1498 2345 presbyterii
1555 2275 1792 2330 ordinem

222 2365 438 2419 fuerat
469 2374 763 2432 promotus.
797 2364 946 2430 Quod
971 2379 1089 2418 cum
1113 2351 1118 2354 ’
1141 2365 1412 2433 ignoraret
1434 2365 1676 2418 Andreas
1704 2364 1796 2418 Ri-

221 2463 441 2518 vetus,
473 2452 672 2506 frustra
715 2467 780 2506 ex
827 2452 892 2506 iis
928 2453 1260 2507 occasionem
1302 2454 1526 2520 sumpsit
1569 2453 1796 2508 humilia:

221 2541 424 2611 hujus
455 2541 670 2608 Origeni
717 2540 1096 2606 abiudicandze,
1127 2559 1146 2591 ι
1195 2542 1264 2594 At
1300 2542 1418 2610 quis
1467 2541 1573 2604 ille,
1607 2540 1792 2610 inquit,

225 2631 576 2687 Alexandtzr
631 2629 804 2698 papa?
847 2628 901 2682 Si
949 2630 1148 2697 primus
1200 2633 1476 2698 episcoims
1533 2631 1797 2685 Romanus

221 2719 377 2786 eius
409 2718 657 2781 nominis,
692 2719 855 2772 multo
887 2719 1156 2786 antiquior
1189 2729 1269 2772 est
1305 2719 1422 2772 :sin
1444 2735 1571 2774 vero
1591 2720 1796 2788 episco-

222 2822 358 2877 pus
397 2806 808 2873 Alexandrinus,
835 2808 997 2859 multo
1040 2808 1345 2872 recentior;
1382 2809 1633 2862 successit
1657 2810 1796 2862 enim

222 2892 489 2950 Achillae
517 2911 652 2950 anno
686 2895 878 2950 Christi
906 2895 1000 2949 3H
1025 2913 1040 2963 ;
1073 2911 1189 2948 cum
1223 2894 1477 2965 Origenes
1499 2907 1795 2950 extremum

225 2985 408 3038 diem
437 2983 659 3038 obiisset
680 2987 818 3039 circa
847 3001 1039 3038 annum
1072 2985 1193 3039 256.
1226 3004 1243 3034 ι
1264 2986 1492 3039 Alteram
1533 2985 1796 3039 ltomiliam

227 3069 328 3126 De
387 3071 826 3140 engastrimylho,
876 3087 1032 3140 quant
1087 3087 1116 3127 e
1181 3071 1430 3126 Vaticana
1485 3073 1796 3127 bibliotheca

237 3168 490 3214 erutam
529 3160 814 3228 publicavit
858 3160 1100 3225 Allatius,
1131 3171 1181 3215 et
1207 3162 1402 3216 codicis
1434 3162 1582 3227 ﬁdes,
1612 3171 1667 3216 et
1691 3173 1801 3232 sty-

229 3249 340 3305 lus
393 3247 535 3317 ipse,
575 3257 628 3302 et
679 3247 941 3304 Eustatbii
991 3249 1346 3322 diagnosticus
1399 3250 1642 3320 Origenis
1686 3266 1802 3320 esse

233 3343 664 3396 demonstrant.

319 3424 428 3480 Vl.
473 3426 817 3493 Agnoscimus
850 3429 1006 3482 etiam
1040 3443 1104 3483 ex
1160 3429 1402 3498 proxime
1443 3428 1602 3483 allato
1655 3428 1804 3483 Ruﬁ-

229 3519 449 3574 nianae
505 3517 858 3582 perorationis
915 3519 1217 3572 testimonio
1256 3519 1500 3573 bomilias
1539 3534 1724 3573 novem
1752 3519 1805 3572 in

227 3603 502 3674 psalmos
541 3613 724 3664 xxxvi,
765 3609 944 3656 xxxvu
975 3613 1028 3657 et
1070 3619 1295 3670 xxxrttt,
1347 3601 1562 3677 Origeni
1620 3603 1807 3661 merito

230 3690 493 3752 ascribi,
517 3689 704 3744 Ruﬁno
725 3705 850 3745 vero
877 3693 1365 3760 interpretationem
1389 3711 1406 3762 ;
1429 3709 1649 3764 eamque
1675 3696 1806 3750 sim-

233 3781 489 3856 pliciter
520 3779 681 3834 fuisse
705 3783 1106 3852 expressam.ln
1131 3786 1356 3854 gratiam
1385 3786 1672 3854 Aproniani
1703 3786 1805 3842 viri

232 3871 490 3932 nobilis,
514 3879 567 3923 et
598 3885 772 3925 causa:
806 3887 913 3926 suae
949 3873 1173 3928 faventis
1196 3874 1428 3928 laborem
1462 3877 1600 3930 hunc
1630 3891 1808 3930 susce-

230 3971 420 4034 ptum
456 3971 484 4010 a
517 3972 576 4012 se
609 3958 844 4013 declarat
865 3960 916 4014 in
943 3960 1163 4030 Prologo
1189 3961 1271 4015 his
1304 3961 1535 4016 ltomiliis
1568 3964 1804 4032 praeﬁxo.

232 4047 599 4116 Tangendus
630 4048 712 4101 hic
750 4050 924 4104 obiter
951 4050 1224 4115 Erasmus,
1248 4051 1338 4120 qui
1363 4051 1417 4104 in
1443 4052 1680 4106 Censura
1715 4069 1808 4107 stt-

235 4155 362 4213 per
419 4136 506 4189 ltis
553 4137 805 4201 homiliis,
855 4140 1055 4193 critica:
1107 4154 1216 4194 suae
1271 4138 1490 4194 nimium
1533 4141 1808 4208 permittit,

238 4239 573 4293 earumque
601 4235 889 4289 auctorem,
928 4238 981 4281 et
1012 4228 1378 4298 interpretem,
1411 4229 1600 4283 dubios
1629 4230 1755 4284 facit
1793 4243 1806 4280 :

246 4339 270 4373 ι
315 4315 445 4371 Nec
479 4313 611 4384 ipse,
659 4315 850 4383 inquit,
889 4317 977 4384 qui
1028 4317 1301 4386 praefatur,
1329 4317 1606 4388 proﬁtetur
1630 4334 1687 4373 se
1717 4319 1811 4373 has

240 4403 527 4464 bomilias
561 4404 872 4472 simpliciter
903 4407 1146 4474 vertisse,
1185 4420 1242 4461 ut
1297 4408 1631 4462 habebantur
1674 4409 1810 4476 apud

240 4500 511 4556 Graecos,
536 4509 631 4547 nec
656 4493 761 4547 illic
783 4495 1026 4561 exprimit
1053 4511 1242 4549 nomen
1271 4496 1523 4551 auctoris.
1561 4515 1580 4548 t
1614 4494 1808 4550 Verum

240 4585 525 4660 quidem;
553 4589 606 4634 at
633 4582 937 4636 meminisse
971 4583 1224 4637 debuerat
1254 4583 1507 4638 Erasmus
1535 4594 1808 4638 auctorum

248 4673 498 4732 nomina
536 4685 754 4740 operum
783 4670 948 4724 initiis
969 4672 1242 4739 praescribi
1281 4671 1474 4735 solere,
1503 4687 1565 4725 ac
1595 4672 1811 4741 proinde

245 4759 594 4834 praefantem
619 4755 860 4811 Ruﬁnum
885 4772 1099 4813 necesse
1139 4775 1241 4814 non
1289 4761 1536 4815 habuisse
1579 4763 1810 4831 proﬁteri

248 4858 368 4909 ltas
395 4849 641 4904 bomilias
665 4864 722 4903 se
749 4864 812 4903 ex
857 4847 1085 4918 Origene
1112 4851 1355 4917 vertisse,
1396 4867 1515 4906 cum
1548 4855 1600 4906 id
1630 4853 1812 4906 titulus

249 4939 553 4993 clamaret.
568 4935 789 4989 Futilius
818 4936 975 4988 etiam
999 4946 1082 4988 est
1104 4918 1469 5004 argumentum
1500 4940 1719 5008 petitum
1746 4955 1809 4994 ex

250 5025 637 5101 peroratione,
673 5027 724 5080 in
754 5041 855 5096 qua
888 5041 1079 5082 nomen
1122 5029 1353 5082 auctoris
1388 5044 1493 5081 non
1521 5033 1805 5097 expressit.

251 5113 485 5184 Agebat
508 5113 574 5167 de
597 5115 846 5181 operibus
866 5114 1107 5184 Origenis
1127 5131 1155 5170 a
1184 5133 1241 5172 se
1263 5118 1651 5187 interpretatis;
1688 5119 1808 5176 Ori-

256 5216 470 5273 genent
506 5202 676 5268 ipsum
723 5204 1120 5268 nominaverat;
1177 5205 1508 5260 homiliarum
1558 5211 1721 5276 ipsius
1753 5212 1807 5262 in

257 5290 537 5352 Genesim,
565 5288 797 5343 Exodum
837 5302 890 5346 et
919 5291 1198 5345 Leviticum
1229 5295 1545 5349 mentionem
1578 5298 1804 5353 fecerat:

259 5377 428 5435 addit
455 5378 684 5432 deinde:
721 5398 738 5430 ι
777 5381 906 5435 Nam
932 5382 1021 5436 illa
1052 5399 1170 5452 qua:
1200 5385 1251 5438 in
1297 5384 1418 5438 Jesu
1464 5384 1628 5450 Nave,
1657 5396 1710 5440 et
1755 5391 1806 5443 iu

207 5491 218 5498 ·-
257 5467 528 5526 Judicum
562 5469 777 5535 librum,
825 5484 878 5528 et
924 5475 977 5527 in
1024 5475 1346 5529 tricesimum
1380 5486 1611 5539 sextum,
1665 5488 1719 5532 et
1755 5482 1806 5534 itt

205 5557 234 5578 "
259 5558 610 5613 tricesimum
637 5562 938 5627 septimum,
968 5573 1024 5617 et
1055 5565 1377 5620 tricesimum
1405 5575 1646 5620 octavum
1673 5569 1812 5636 psal-

1038 438 1591 524 ontcemxnonuu
1628 465 1756 524 LIB.
1796 469 1884 534 ιιι,
1919 467 2068 525 me.
2108 467 2172 533 ιι,
2214 467 2403 524 sec'r.
2440 468 2526 550 ιιι.

3274 463 3406 520 HM

1813 589 1856 646 Α
1885 602 2026 639 ιιιιιιιι
2055 585 2378 654 scripsimus,
2404 583 2712 655 simpliciter
2741 581 3095 652 expressimus
3125 585 3180 631 ttt
3201 574 3406 634 inveni-

1886 689 2021 729 mus.
2053 691 2072 726 ι
2120 671 2294 728 Facile
2334 688 2461 728 sane
2501 672 2814 740 intelligitur
2849 671 2962 724 haec
2989 681 3202 736 quoque
3225 680 3408 735 Opera,

1885 763 2068 817 itidem
2112 771 2170 816 ttt
2215 761 2456 831 proxime
2507 768 2943 822 commemorata,
2976 755 3217 826 Origenis
3270 770 3407 820 esse,

1886 851 2034 918 cuius
2059 865 2251 904 nomen
2291 849 2356 902 ad
2383 847 2585 916 singula
2619 861 2884 916 apponere
2923 844 3244 913 superﬂuum
3272 843 3404 896 fttiso

1886 950 1968 995 set
1988 949 2041 994 et
2065 938 2368 993 molestum.
2415 935 2565 1001 Quod
2610 936 2654 989 si
2683 936 2798 989 ha-c
2845 933 3153 1003 Origeniani
3187 931 3412 985 nominis

1887 1027 2264 1098 praetermissio
2287 1025 2500 1080 dubium
2523 1034 2791 1077 auctorem
2819 1023 2966 1086 facit,
2984 1037 3078 1075 cur
3105 1021 3170 1074 de
3199 1032 3413 1074 auctore

1889 1115 2220 1171 homiliarum
2244 1116 2294 1166 in
2321 1113 2559 1167 Psalmos
2582 1112 2843 1166 dubitavit
2865 1111 3134 1174 Erasmus,
3149 1111 3214 1164 de
3238 1118 3415 1162 aucto-

1888 1221 1946 1260 re
1974 1203 2307 1258 homiliarum
2337 1203 2390 1256 in
2415 1201 2607 1256 librum
2632 1199 2876 1254 Judicum
2916 1201 3224 1269 neutiquam
3253 1198 3410 1253 dubi-

1891 1293 2061 1348 tavit?
2101 1307 2198 1362 par
2218 1293 2357 1346 enim
2380 1300 2496 1346 erat
2533 1290 2812 1358 utrobique
2842 1288 3000 1344 ratio.
3033 1291 3226 1343 Eodem
3255 1287 3411 1342 modo

1891 1384 1956 1438 de
1973 1391 2190 1437 auctore
2209 1379 2660 1447 interpretationis
2704 1377 3086 1432 ratiocinamur
3122 1390 3406 1445 :quaanatu

1890 1473 2031 1526 enim
2061 1471 2173 1524 ltzec
2197 1479 2280 1524 est
2300 1469 2693 1539 ἀποκλήρωσις,
2723 1463 3045 1536 reliquarum
3081 1466 3414 1520 ltontiliarmu

1889 1560 1944 1615 in
1971 1558 2317 1613 Peroratione
2348 1567 2755 1612 memoratarum
2806 1556 3293 1626 interpretationem
3323 1557 3417 1608 tri-

1889 1647 2053 1702 buere
2079 1647 2304 1713 Ruﬁno;
2333 1647 2471 1701 hanc
2497 1661 2623 1701 vero
2647 1647 2742 1713 illi,
2767 1661 2949 1700 earum
2975 1645 3154 1700 itidem
3197 1655 3254 1698 ut
3289 1644 3418 1698 alia-

1891 1754 2006 1793 rum
2052 1739 2392 1808 interpretem
2446 1753 2504 1791 se
2563 1737 2830 1806 proﬁtenti
2873 1735 3214 1803 abiudicare‘.’
3243 1731 3416 1801 Magni

1892 1826 2130 1895 profecto
2153 1837 2206 1880 et
2225 1826 2535 1879 excellentis
2563 1824 2760 1894 ingenii
2785 1825 2867 1877 vir
2901 1823 2999 1876 fuit
3017 1823 3288 1885 Erasmus,
3325 1821 3420 1882 sed

1818 1899 1862 1954 Β
1895 1915 2180 1984 praecipitis
2203 1913 2410 1981 iudicii.
2449 1913 2593 1966 Hanc
2635 1922 2808 1966 tamen
2837 1909 2953 1978 eius
3003 1923 3280 1964 censuram
3333 1923 3419 1963 se-

1897 2002 2648 2073 quunturllagdeburgenses,
2688 2003 2926 2067 sequitur
2948 2011 2998 2055 et
3029 2002 3289 2055 Robertus
3317 2001 3420 2055 Co-

1894 2108 1989 2148 cus
2007 2094 2229 2163 Anglus,
2257 2107 2481 2161 eamque
2515 2094 2614 2146 hoc
2649 2092 2795 2146 fulcit
2843 2102 3184 2162 argumento;
3220 2111 3238 2141 ι
3280 2093 3420 2160 quod

1897 2181 1950 2236 in
1989 2184 2211 2237 diversis
2257 2183 2488 2237 textibus
2519 2182 2860 2252 explicandis,
2902 2184 3166 2250 quomodo
3215 2168 3421 2247 Latine,

1897 2273 2162 2340 quomodo
2190 2271 2376 2326 Graece
2401 2287 2456 2326 se
2484 2272 2682 2327 habent
2704 2284 2934 2326 enarrat.
2968 2272 3200 2340 Exempli
3255 2271 3421 2340 gratia

1899 2361 1950 2414 in
1985 2360 2240 2430 pSalmum
2285 2377 2463 2426 xxxvr,
2537 2362 2623 2417 hic
2669 2362 2884 2432 (inquit,
2913 2363 3073 2417 verba
3116 2361 3317 2416 faciens
3360 2365 3425 2417 de

1901 2457 2045 2500 textu
2069 2450 2294 2518 quodam
2323 2449 2373 2503 in
2410 2450 2841 2518 Deuterouomio)
2877 2453 2964 2506 ubi
2992 2451 3176 2506 Latine
3191 2452 3422 2505 dicitur:

1898 2541 1963 2593 In
1993 2539 2158 2592 zelum
2210 2540 2538 2594 adduxerunt
2587 2557 2685 2602 me,
2722 2552 2768 2596 et
2800 2559 2890 2612 ego
2942 2544 2995 2596 in
3043 2543 3208 2595 solum
3257 2543 3425 2594 addu-

1899 2645 2009 2681 cam
2045 2629 2113 2694 ",
2164 2629 2215 2682 in
2244 2629 2430 2684 Graeco
2465 2630 2602 2684 idem
2637 2633 2749 2700 ipse
2798 2648 2974 2687 sermo
3023 2641 3123 2696 est,
3153 2633 3241 2701 qui
3289 2645 3342 2686 et
3373 2633 3422 2686 in

1901 2718 2083 2787 psalmi
2110 2720 2260 2774 initio
2295 2730 2376 2774 est
2406 2722 2577 2774 dictus
2611 2737 2625 2774 :
2659 2720 2920 2776 Δ]ωυίιυί
2959 2733 3077 2776 sunt
3118 2740 3217 2789 me,
3246 2734 3294 2777 et
3332 2741 3426 2792 ego

1905 2805 2186 2859 aemulabor
2210 2824 2317 2860 eos.
2362 2825 2381 2858 t
2427 2807 2617 2862 Parum
2675 2811 2945 2866 enimvero
2993 2821 3268 2879 perspecta
3327 2811 3428 2866 fuit

1903 2895 2026 2950 huic
2068 2898 2275 2951 censori
2325 2895 2500 2951 Ruﬁni
2532 2899 2766 2963 licentia,
2797 2900 2880 2954 cui
2917 2901 3153 2956 solemne
3176 2911 3260 2955 est
3282 2901 3426 2968 ejus-

1907 2988 2048 3041 modi
2082 2989 2438 3042 additamenta
2463 2989 2527 3042 ad
2570 2990 2806 3043 auctoris
2832 3000 3138 3045 contextum
3170 2991 3425 3058 adjicere.

1910 3074 2019 3129 Hoc
2047 3076 2293 3144 amplius,
2317 3075 2566 3131 Erasmus
2579 3092 2644 3131 ex
2669 3077 3003 3147 Origenianis
3023 3080 3074 3134 in
3110 3079 3424 3134 Psalterium

1906 3166 2308 3220 Commentariis
2351 3167 2714 3237 depromptum
2782 3169 2922 3224 hunc
2974 3170 3309 3224 homiliarum
3365 3169 3431 3245 li-

1903 3253 2086 3320 brum,
2118 3255 2336 3311 liberius
2392 3271 2727 3330 conversum,
2781 3270 2834 3313 et
2871 3260 2922 3314 in
2973 3260 3217 3317 homilias
3259 3261 3430 3314 disse-

1902 3357 2067 3410 ctum,
2097 3345 2309 3400 immani
2336 3361 2558 3414 prorsus
2577 3349 2792 3402 audacia
2823 3350 3102 3418 coniectat.
3128 3348 3258 3403 Nam
3281 3349 3424 3418 eius-

1903 3433 2043 3487 modi
2086 3432 2305 3496 ,feratur
2329 3435 2689 3503 coniectorum
2729 3436 2964 3500 licentia,
2997 3437 3103 3504 iam
3147 3438 3430 3507 veroquid

1906 3521 2009 3577 erit
2035 3524 2398 3592 certutn,quid
2425 3525 2744 3578 constansin
2769 3525 2994 3580 litteris?
3023 3526 3226 3595 antiqui
3251 3542 3430 3582 rerqu

1905 3612 2298 3667 confundentur
2324 3613 2478 3680 ﬁnes,
2501 3625 2555 3668 et
2583 3615 2762 3668 omnia
2811 3630 2902 3670 sus
2930 3615 3100 3685 deque
3140 3625 3430 3670 vertentur.

1907 3701 2099 3776 Merito
2127 3702 2308 3772 itaque
2333 3703 2468 3757 hanc
2499 3703 2709 3758 Erastni
2753 3719 3033 3760 censuram
3065 3705 3305 3760 conlutat
3331 3704 3436 3760 Ge-

1903 3791 2196 3844 nebrardus
2230 3791 2280 3844 in
2312 3789 2668 3859 Collectanet'a,
2711 3793 2990 3862 multisque
3029 3809 3094 3847 ac
3138 3793 3320 3848 solidis
3350 3809 3437 3846 ra-

1907 3879 2140 3933 tionibus
2167 3879 2264 3933 bas
2306 3880 2550 3936 bomilias
2579 3882 2782 3937 auctori
2819 3897 2919 3936 suo
2957 3879 3172 3949 Origeni
3219 3877 3432 3934 asserit.

1904 3967 2076 4033 Atque
2115 3980 2178 4020 ex
2220 3979 2284 4019 eo
2311 3981 2520 4034 quoque
2563 3967 2821 4020 refellitur
2872 3965 3167 4022 Gulielmus
3208 3963 3432 4018 l‘etkiu-

1905 4067 1994 4106 sus
2010 4053 2055 4085 ⁸³
2078 4053 2395 4121 Anglus,qui
2423 4053 2666 4107 bomilias
2684 4054 2814 4107 duas
2840 4052 2892 4105 itt
2921 4051 3178 4120 psalmum
3207 4063 3431 4113 xxxvtu,

1908 4158 1972 4196 ex
2006 4143 2356 4212 genuinorum
2390 4140 2632 4210 Origenis
2655 4156 2876 4212 Operum
2906 4141 3046 4194 serie
3071 4141 3344 4208 expttngit.

1973 4230 2230 4282 Antonius
2258 4227 2540 4283 Verderius
2585 4228 2947 4297 supplemento
3000 4224 3263 4294 Epirotam
3337 4225 3434 4280 Bi-

1909 4317 2173 4371 bliotheca:
2197 4315 2566 4382 Gesneriame,
2601 4315 3002 4380 Biltliotltecam,
3043 4315 3153 4369 sive
3193 4315 3432 4384 Antiqui-

1912 4415 2049 4458 tates
2079 4401 2695 4472 ConstantinOpolitanas
2717 4402 3010 4470 subiunxit,
3041 4403 3096 4455 in
3125 4403 3318 4472 quibus
3350 4403 3436 4456 iu-

1838 4525 1884 4581 D
1915 4505 1995 4548 ter
2022 4495 2188 4548 libros
2222 4493 2490 4548 illustriss.
2531 4491 3024 4581 principis‘domini
3072 4492 3438 4581 JacobiMar-

1915 4590 2130 4635 ntoretae
2191 4581 2332 4634 hunc
2368 4586 2628 4644 recenset,
2659 4578 2742 4632 cui
2771 4577 2954 4632 titulus
2981 4586 3062 4635 est
3091 4593 3106 4630 :
3135 4597 3154 4631 ι
3191 4577 3437 4650 Origenis

1906 4669 2188 4736 explicatio
2230 4669 2283 4723 itt
2319 4666 2632 4722 Psalterium
2656 4668 2838 4722 David.
2863 4686 2883 4720 ι
2935 4668 3067 4722 Τιιιιι
3112 4669 3432 4737 subiicitur:

1917 4775 1935 4808 ι
1973 4758 2038 4810 Et
2054 4758 2240 4811 rursus
2260 4759 2311 4810 in
2328 4758 2732 4827 explicationem
2751 4757 2994 4828 Origcnis
3020 4759 3180 4815 habet
3217 4760 3437 4816 solutio-

1911 4848 2042 4900 nem'
2071 4845 2434 4915 explicationis
2471 4845 2702 4901 Joannes
2731 4846 3045 4916 Mabropoda
3075 4847 3434 4916 metropolita-

1911 4952 2011 4991 nus
2041 4936 2392 4991 sanctissimae
2411 4936 2810 5005 metropolitica:
2855 4937 3102 4992 Ecclesiae
3149 4937 3434 4990 Ettcltaita-

1912 5040 2030 5078 rum
2063 5041 2077 5077 :
2113 5034 2272 5092 atque
2297 5025 2410 5092 ipse
2432 5023 2704 5091 Origenes,
2735 5026 2810 5079 uti
2833 5025 2992 5080 habet
3016 5039 3165 5078 suam
3203 5021 3434 5090 explica-

1915 5117 2136 5180 tionem,
2171 5116 2311 5169 ﬁlius
2339 5123 2422 5169 est
2449 5115 2508 5170 S.
2556 5114 2819 5187 Hippolyti
2862 5112 3149 5185 phiIOSOphi
3201 5121 3255 5165 et
3295 5127 3436 5164 mar-

1907 5207 2058 5276 tyris.
2087 5224 2106 5256 ι
2138 5204 2259 5259 llaec
2304 5205 2414 5274 ipsa
2453 5205 2518 5257 ad
2558 5205 2758 5259 calcem
2805 5207 3088 5273 Apparatus
3119 5200 3204 5251 sui
3245 5198 3438 5265 adiecit

1907 5294 2246 5357 Possevinus,
2288 5310 2407 5348 cum
2432 5296 2697 5348 variarum
2751 5292 3188 5348 bibliothecarum
3243 5287 3444 5340 catalo-

1910 5398 2004 5454 gos
2038 5392 2358 5453 pertexeret.
2386 5384 2513 5450 Quae
2545 5399 2666 5437 cum
2712 5383 2842 5437 satis
2878 5380 3097 5432 obscura
3151 5373 3298 5438 sint,
3346 5391 3446 5443 ego

1909 5476 1987 5526 sic
2017 5471 2273 5540 intelligo,
2305 5471 2584 5543 Origenem
2620 5475 2668 5526 in
2699 5472 2796 5524 hac
2819 5459 3147 5533 expositione
3190 5457 3450 5516 Psalterii

1914 5563 2176 5618 imitatum
2203 5577 2322 5619 esse
2349 5559 2707 5634 Hippolytum,
2730 5572 2885 5626 qttctn
2915 5553 3368 5610 Commentarios
3399 5552 3460 5606 iit

355 5754 404 5786 "
443 5755 680 5812 Perkius.
707 5755 768 5809 “in
786 5755 1039 5814 Problem.
1066 5760 1128 5815 de
1167 5759 1403 5815 ementita
1433 5757 1577 5813 llam.
1612 5760 1736 5830 ﬁdei
1761 5760 2141 5822 Ca!ltolicimto.
2215 5766 2258 5798 "
2301 5755 2448 5821 Deut.
2473 5775 2638 5829 xxx",
2661 5755 2749 5811 ἓί.
2823 5754 2869 5787 ⁸³
2911 5741 3160 5806 minus
3202 5741 3365 5813 ίθίίηι
