3922 6432
124 346 253 403 1221

914 336 1467 399 ORIGENIANORUM
1504 333 1632 389 LIB.
1675 335 1760 401 Ill,
1800 333 1948 390 CAP.
1985 333 2048 395 ll,
2090 332 2282 387 SECT.
2312 331 2399 385 Ill.

3142 322 3163 375 l
3173 323 3278 378 122

124 455 381 511 nifesturn
431 465 513 510 est
564 454 743 509 titulos
799 448 1156 506 liis'ltomiliis
1202 442 1719 515 praeﬁxoslliero-A
1746 459 1797 512 p.
1836 441 1966 505 166;
2018 440 2154 493 aliud
2194 456 2260 494 ex
2305 440 2490 494 eodem
2534 435 2597 490 ad
2635 451 2754 506 cap.
2800 435 2893 499 23,
2937 443 3095 503 atque
3141 435 3282 489 aliud

118 561 268 617 nymt
328 560 434 599 non
492 560 627 599 esse.
670 545 747 596 Ad
796 542 909 595 ha‘c
950 540 1299 608 fragmentum
1340 549 1402 586 ex
1438 531 1653 587 homilia

120 635 400 689 tricesima
453 649 613 701 nona,
670 631 843 700 capite
894 630 1100 682 decimo
1148 623 1449 678 Philocaliar
1505 618 1656 673 exhi-

119 729 301 781 betur.

186 814 259 869 X.
301 812 455 867 Tomi
496 810 738 880 Origenis
778 811 831 862 in
860 807 1175 861 Ezechiele»:
1213 801 1446 858 vicesimi
1490 797 1657 870 parti-

119 905 238 957 cula
279 904 508 971 quadam
535 908 737 956 constat
778 899 1109 953 undecimum
1141 893 1440 947 Philocaliw
1485 896 1657 956 caput.

118 992 483 1060 Hieronymus
524 1004 651 1042 vero
694 985 1093 1056 quatuordecim
1140 981 1373 1049 ejusdem
1420 976 1661 1032 homilias

120 1082 170 1134 in
201 1081 352 1133 hunc
378 1078 545 1147 ipsum
574 1076 883 1146 prophetam
913 1070 1159 1126 Romanis
1180 1068 1354 1122 verbis
1379 1063 1659 1134 expressit.

122 1168 309 1222 Testis
339 1166 599 1235 Prologus
642 1165 694 1217 in
724 1178 907 1217 earum
946 1159 1280 1214 bomiliarum
1307 1156 1479 1208 fronte
1505 1152 1663 1205 collo-

120 1270 278 1313 catus
306 1277 320 1310 ;
354 1256 508 1310 testis
530 1265 585 1308 et
618 1254 752 1307 liber
780 1251 855 1304 De
897 1251 1134 1316 scriptor.
1156 1248 1359 1308 eccles.,
1398 1259 1513 1311 cap.
1542 1239 1662 1304 146,

120 1349 279 1402 testis
325 1359 538 1415 quoque
564 1343 803 1405 Ruﬁnus,
848 1342 1038 1393 invect.
1062 1338 1117 1402 2,
1143 1336 1231 1404 qui
1260 1344 1311 1388 et
1341 1333 1405 1387 ad
1437 1331 1663 1385 Vincen-

120 1438 252 1491 tium
284 1434 572 1503 Prologum
600 1432 850 1499 scriptum
882 1428 1045 1481 fuisse
1071 1427 1243 1479 docet.
1281 1422 1507 1476 Miratur
1540 1420 1666 1472 Era-

119 1539 273 1579 smus
309 1524 361 1576 in
401 1522 619 1575 Censur.
657 1518 749 1570 lib.
775 1513 1010 1583 Origen..
1038 1513 1162 1581 quid
1204 1511 1384 1565 sitcur
1408 1508 1667 1575 Hierony-

120 1627 262 1676 mus,
293 1612 431 1665 alias
456 1609 644 1663 creber
681 1603 1109 1673 praefationibus,
1152 1597 1281 1651 nihil
1323 1601 1388 1648 ad
1426 1592 1668 1648 homilias

119 1705 172 1756 in
206 1701 419 1755 Isaiam
480 1707 533 1751 et
561 1694 837 1749 Jeremiam
877 1706 906 1744 a
950 1707 1007 1745 se
1048 1689 1235 1743 Latine
1265 1686 1497 1739 redditas
1538 1697 1671 1749 pra:-

120 1793 268 1845 fatus
317 1791 419 1851 sit;
468 1786 520 1840 in
554 1783 781 1849 Prologo
817 1790 996 1833 autem
1035 1778 1099 1829 ad
1138 1772 1387 1829 ltomilias
1438 1772 1492 1822 in
1538 1767 1672 1821 Eze-

1786 1777 2019 1830 Holmien
2031 1776 2103 1829 sis
2146 1791 2161 1828 :

117 1879 349 1934 chielem
373 1888 585 1931 erasum
617 1870 859 1941 queritur
896 1864 1202 1934 Hieronymi
1237 1876 1449 1919 nomen,
1480 1868 1532 1912 et
1558 1857 1673 1923 ejus

118 1986 347 2042 quoque
391 1982 548 2037 quem
602 1964 954 2032 Hieronymus
997 1957 1301 2027 alloquitur.
1364 1953 1675 2022 Suspicatur

115 2076 257 2117 vero
315 2057 569 2125 Prologos
602 2053 766 2107 fuisse
795 2050 1031 2106 sublatos
1071 2048 1137 2101 ab
1165 2046 1245 2100 his
1283 2044 1349 2097 ad
1381 2057 1513 2111 quos
1546 2043 1677 2095 scri-

115 2159 336 2220 pserat,
377 2153 651 2214 postquam
686 2138 930 2207 Origenis
979 2149 1168 2190 nomen
1215 2132 1414 2185 factum
1452 2139 1535 2184 est
1573 2128 1676 2182 Ro-

118 2217 314 2292 manis
339 2233 675 2292 invidiosum,
699 2237 755 2282 et
786 2224 1074 2280 verisimile
1095 2237 1212 2276 esse
1238 2222 1290 2275 in
1326 2220 1408 2274 bis
1436 2217 1677 2285 Prologis

116 2328 519 2394 Hieronymum
570 2320 846 2387 magniﬁce
888 2315 1204 2384 praedicasse
1235 2310 1478 2379 Origenis
1527 2308 1675 2375 inge-

117 2421 311 2473 nium.
344 2415 452 2483 Ego
484 2427 609 2465 vero
653 2408 877 2476 singulis
906 2406 1056 2459 libris
1086 2402 1330 2470 Origenis
1366 2415 1394 2451 a
1427 2413 1483 2451 se
1511 2411 1677 2466 expo-

116 2510 254 2561 sitis
279 2506 532 2573 prologos
567 2496 909 2567 prtetexnisse
932 2493 1306 2561 Hieronymum
1336 2488 1527 2549 fateor,
1558 2501 1677 2538 nam

116 2599 173 2652 Id
206 2594 415 2649 asserit
439 2587 749 2644 Gennadius
771 2586 822 2637 in
842 2582 1091 2651 Catalogo
1114 2582 1339 2633 uirorum
1362 2575 1639 2628 illustrium
1660 2587 1679 2625 :

115 2697 178 2742 at
232 2697 380 2753 quos
412 2678 711 2749 praetexuit,
758 2689 862 2729 non
900 2674 965 2727 de
994 2670 1286 2734 industria,
1323 2667 1415 2720 sed
1458 2679 1583 2719 casu
1630 2671 1684 2716 et

114 2751 493 2831 librariorum
524 2764 806 2821 oscitantia
833 2774 1031 2816 censeo
1068 2757 1229 2810 fuisse
1255 2754 1524 2818 sublatos;
1554 2751 1684 2804 alio-

116 2866 278 2936 quin
317 2858 555 2914 sublatus
582 2868 790 2925 quoque
815 2853 1000 2905 fuisset
1034 2847 1288 2916 Prologus
1310 2846 1374 2898 ad
1404 2845 1683 2898 Damasum

119 2932 391 3012 liomiliis
418 2947 659 3017 Origenis
680 2948 732 2998 in
756 2944 1019 2997 Canticum
1049 2939 1325 3009 praeﬁxus;
1352 2945 1405 2989 et
1428 2935 1528 2989 iste
1552 2932 1687 2986 alter

120 3048 198 3100 ad
232 3038 495 3096 homilias
519 3037 574 3088 in
604 3030 939 3087 Exeo/eiciam.
973 3030 1027 3082 lu
1058 3026 1291 3081 editione
1321 3023 1525 3078 Merlini
1553 3020 1685 3074 Pro-

120 3138 263 3203 lego
308 3126 558 3197 praeﬁxas
583 3133 664 3177 est
704 3123 790 3175 hic
823 3119 1043 3173 titulus:
1075 3114 1329 3183 Prologus
1357 3112 1687 3165 translatoris

120 3198 385 3292 ejusdem
408 3231 426 3268 :
454 3213 570 3281 ejus
596 3223 782 3277 nempe
802 3207 889 3277 qui
924 3203 1297 3258 antecedentes
1325 3198 1570 3269 Origenis
1598 3198 1691 3251 bo-

123 3286 331 3362 niilias
374 3304 426 3354 in
471 3298 748 3353 Jeremiam
780 3302 1028 3359 verterat,
1072 3304 1228 3360 quem
1254 3296 1467 3343 constat
1507 3286 1692 3339 Hiero-

124 3413 272 3468 Itym
281 3407 374 3447 um
404 3390 586 3444 fuisse.

206 3483 317 3540 XI.
356 3478 701 3535 Ostendimus
729 3472 971 3541 superius
1002 3485 1065 3525 ex
1096 3466 1367 3524 Prommio
1399 3466 1691 3521 Commeno

123 3579 418 3634 tariorutn
464 3565 762 3634 Hieronymi
796 3564 849 3614 iu
889 3560 1108 3624 Oscam,
1146 3573 1367 3627 parvum
1416 3554 1695 3624 scripsisse

122 3665 396 3725 libellum
432 3655 711 3724 Origenetn
756 3651 845 3721 ζερὶ
867 3648 1006 3702 Πτοῦ
1045 3647 1159 3710 πῶς
1194 3645 1482 3715 ὠνομάσθη
1527 3646 1584 3696 ὲν
1618 3642 1695 3711 τῷ

138 3752 333 3821 Ὠσηὲ
379 3745 632 3815 Ἐφραῖμ,
661 3751 715 3794 et
746 3739 886 3792 aliud
922 3746 1175 3806 praeterea
1215 3736 1266 3787 in
1298 3736 1540 3787 eumdem
1575 3747 1697 3801 pro-

121 3850 378 3922 phetatn
416 3839 661 3890 volumen
702 3829 966 3898 ἀκέφαλον
1001 3828 1095 3880 καὶ
1139 3825 1434 3878 ἀτέλεστον.
1470 3820 1548 3875 Ex
1578 3832 1696 3874 utro

123 3910 385 4009 petitum
416 3926 485 3979 sit
519 3921 657 3976 istud
689 3920 1076 3987 fragmentum,
1117 3928 1220 3978 quo
1258 3910 1518 3965 conﬂatur
1554 3920 1699 3963 octa-

122 3998 281 4080 vum
321 4011 627 4068 Philocalite
656 4018 836 4078 caput,
882 4006 1144 4060 incertum
1186 4011 1300 4061 est;
1340 4015 1405 4054 ex
1441 3998 1699 4053 alterutro

128 4114 389 4189 petitum
432 4117 549 4158 esse
601 4109 804 4153 certum
849 4105 931 4150 est
978 4111 993 4148 :
1051 4108 1172 4146 nam
1221 4089 1461 4159 quamvis
1518 4086 1567 4140 id
1621 4086 1700 4140 eis

124 4176 498 4276 ias-amissum
545 4191 652 4244 sit:
698 4189 790 4239 Ἐκ
833 4185 940 4238 τῶν
985 4185 1062 4246 εἰς
1110 4182 1198 4235 τὸν
1246 4180 1401 4251 Ὠσηὲ
1447 4176 1697 4247 ἐξηγητι-

128 4265 293 4353 ξιῶν,
348 4283 701 4348 Hieronymus
748 4285 923 4329 autem
969 4275 1087 4326 loco
1141 4269 1354 4325 laudato
1417 4267 1591 4319 nullos
1635 4265 1701 4316 ab

1760 534 1883 586 item
1935 532 2133 599 p.167,
2176 548 2239 584 ex
2288 530 2473 585 iisdem
2522 527 2949 597 Expositionilms
2991 528 3044 580 in
3100 525 3283 578 Matth.

1759 623 1907 689 cujus
1933 622 2101 673 locum
2135 637 2237 674 non
2275 619 2489 673 indicat.
2515 617 2800 686 lndiligens
2835 615 3070 686 profecto
3101 614 3289 668 Bulen-

1760 726 1935 781 gerus,
1977 710 2063 779 qui
2101 710 2237 762 unde
2277 710 2389 762 haec
2439 708 2683 761 habuerit
2727 708 2850 771 sibi,
2886 705 3135 758 lectorem
3183 718 3287 756 non

1762 801 1985 853 tnonuit.
2030 799 2109 851 An
2157 812 2221 852 ex
2266 797 2449 850 codice
2500 797 2679 864 aliquo
2714 810 2869 848 manu
2912 795 3152 862 scripto?
3195 796 3285 845 vix

1764 891 1921 944 credo
1947 906 1960 941 :
1995 903 2113 940 nam
2143 887 2444 954 quicunque
2483 886 2638 939 hodie
2666 893 2966 952 supersunt,
2994 885 3294 951 quicunque

1767 988 1910 1032 certe
1939 976 2063 1029 mihi
2095 991 2197 1027 non
2238 984 2382 1032 sunt.
2407 973 2487 1025 vel
2523 989 2549 1024 a
2583 974 2788 1026 decimo
2820 973 2975 1025 tertio
3005 973 3180 1039 capite
3209 970 3293 1025 vel

1765 1082 1793 1119 a
1822 1066 2159 1134 sequentibus
2185 1062 2386 1117 ducunt
2408 1062 2611 1114 initium
2639 1078 2651 1112 :
2682 1061 2731 1113 in
2763 1061 3012 1115 vicesimo
3036 1061 3293 1122 secuinlo,

1768 1156 1845 1209 vel
1880 1157 2011 1209 citra
2051 1136 2316 1206 desinunt.
2344 1150 2588 1203 Fortasse
2624 1147 2780 1216 igitur
2812 1162 2875 1200 ex
2905 1158 3091 1200 catena
3120 1147 3295 1214 aliqua

1769 1247 2076 1315 prodierunt
2125 1243 2325 1296 istbtec.
2372 1241 2680 1307 Quanquam
2728 1239 2853 1291 nihil
2908 1240 3103 1291 habent
3149 1224 3296 1304 ejus-

1770 1337 1931 1401 modi,
1969 1342 2226 1404 quotquot
2263 1330 2592 1385 excussimus
2623 1338 2835 1383 catenas
2865 1344 2962 1397 ego
2991 1336 3041 1380 et
3075 1328 3301 1384 Combe-

1769 1427 1940 1479 ﬁsius.
1986 1424 2041 1477 In
2076 1422 2297 1476 vetustis
2331 1420 2601 1473 codicibus
2639 1434 2797 1471 manu
2840 1420 3072 1470 exaratis
3122 1428 3298 1469 tomus

1772 1514 2079 1568 undecimus
2100 1526 2219 1564 cum
2250 1525 2342 1564 sex
2375 1510 2611 1578 proxime
2640 1508 2982 1575 sequentibus
3015 1507 3297 1573 reperitur.

1771 1602 1946 1656 Codex
1996 1598 2473 1666 Ladenburgeusis,
2520 1612 2624 1664 quo
2662 1611 2787 1650 usus
2828 1604 2910 1648 est
2960 1593 3232 1658 Erasmus,
3274 1607 3302 1645 a

1774 1689 1957 1743 Matth.
1996 1702 2125 1746 xttt.
2173 1686 2261 1750 '56,
2312 1684 2707 1752 auspicabatur,
2756 1668 3196 1751 quemadmodum
3252 1688 3307 1732 et

2208 1776 2399 1842 Regius
2440 1774 2617 1844 priore
2666 1771 2928 1825 undecimi
2973 1772 3097 1823 tomi
3158 1756 3309 1839 parte

1773 1867 2021 1920 multatus
2051 1874 2150 1919 est.
2185 1865 2238 1918 lu
2279 1864 2535 1931 Catalogo
2586 1864 2836 1916 librorum
2882 1860 3032 1913 ducis
3070 1856 3309 1911 Bavarizn

1772 1966 1980 2010 notatur
2031 1965 2202 2009 tomus
2247 1954 2554 2006 undecimus
2606 1951 2761 2005 initio
2805 1963 3017 2019 quoque
3069 1946 3306 2009 mutilus,

1773 2061 1890 2099 cum
1944 2046 2181 2113 proxime
2236 2041 2593 2110 sequentibus
2648 2041 2896 2107 quinque.
2958 2036 3210 2089 Erasmus
3257 2035 3310 2086 in

1772 2135 1993 2202 epistula
2047 2134 2111 2187 ad
2160 2132 2503 2185 Franciscum
2565 2129 2856 2197 Cigaliuum
2915 2125 3139 2178 allirmat
3181 2118 3312 2176 nihil

1774 2223 2020 2294 Origenis
2048 2222 2229 2276 haberi
2260 2221 2313 2275 in
2347 2220 2611 2274 decinmm
2648 2216 2878 2270 Muttinui
2910 2224 3086 2283 caput.
3118 2212 3183 2266 At
3210 2212 3315 2265 Va-

1778 2320 1984 2373 ticanus
2008 2317 2171 2370 codex
2209 2314 2377 2367 fertur
2404 2322 2650 2367 constare
2696 2309 2854 2363 tomis
2893 2308 3116 2367 decimo,
3151 2304 3317 2358 unde-

1777 2414 1915 2465 cimo
1949 2448 1964 2472 ,
2018 2405 2326 2461 duodecimo
2380 2412 2435 2454 et
2477 2400 2685 2453 decimo
2740 2398 2919 2450 tertio.
2970 2393 3316 2461 Scripserunt

1778 2512 1985 2567 quoque
2027 2494 2201 2550 Josias
2253 2492 2533 2557 Simlerus,
2582 2500 2635 2542 et
2677 2487 2953 2541 Conradus
3006 2484 3211 2538 Frisius
3263 2483 3317 2536 in

1779 2586 2014 2655 Epitome
2051 2583 2384 2636 Bibliotheca
2417 2578 2784 2638 Gesnerianw,
2834 2574 3018 2628 haberi
3057 2573 3110 2625 in
3151 2572 3316 2625 Italia:

1780 2678 2095 2732 bibliotheca
2146 2672 2373 2741 quadam
2415 2670 2678 2722 decimum
2728 2674 2926 2716 tomum
2980 2663 3320 2715 Commenta-

1781 2769 1979 2821 riorum
2005 2762 2245 2830 Origenis
2269 2761 2321 2813 in
2349 2756 2684 2835 Evangelium
2715 2752 2980 2813 Matt/nvi;
3011 2750 3134 2802 item
3160 2748 3324 2803 fuisSe

1783 2858 1919 2928 apud
1953 2857 2170 2923 Diegum
2216 2849 2513 2905 Hurtadum
2552 2845 2788 2899 Venetiis
2830 2840 3138 2897 eorumde’m
3173 2838 3325 2892 Com-

1785 2927 2164 3002 mentariorum
2204 2950 2400 2994 tomum
2455 2954 2471 2992 ι
2528 2936 2676 3004 (lego
2703 2933 2777 3001 x),
2822 2946 2909 2994 xt,
2944 2943 3037 2982 xtl.
3088 2928 3234 2994 Quod
3278 2927 3321 2980 si

1789 3053 1883 3108 par
1916 3044 1999 3091 est
2026 3033 2350 3102 reliquorum
2382 3029 2519 3081 inter
2546 3041 2603 3079 se
2633 3037 2947 3082 consensus,
2979 3019 3151 3089 qualis
3185 3014 3318 3086 regii

1786 3123 2103 3194 exemplaris
2156 3136 2273 3174 cum
2315 3116 2625 3179 Holmiensi,
2652 3129 2713 3167 ex
2768 3127 2872 3165 uno
2920 3111 3208 3174 eodemque
3235 3122 3328 3160 co-

1789 3211 1904 3263 dice
1938 3207 2232 3275 descriptos
2259 3218 2444 3258 omnes
2469 3200 2789 3255 censuerim.
2823 3197 2986 3250 Porro
3031 3195 3161 3249 levis
3205 3194 3326 3247 licet

1788 3297 2087 3353 Beliarmini
2138 3293 2464 3361 conjectura,
2508 3307 2608 3360 qua
2641 3284 3061 3342 Commentarios
3107 3284 3222 3338 illos
3261 3284 3330 3339 ab

1789 3385 2014 3454 Origene
2045 3382 2327 3451 abjudicat,
2369 3394 2470 3431 non
2509 3386 2680 3430 tamen
2724 3374 3079 3444 ἀναπόκριτος
3112 3384 3331 3442 praster-

1791 3472 2041 3527 mittenda
2073 3480 2174 3524 est.
2198 3469 2286 3522 Sic
2312 3468 2385 3519 ait
2412 3466 2500 3520 ille
2530 3466 2582 3518 in
2626 3466 2762 3518 libro
2798 3464 2870 3516 De
2896 3463 3136 3531 scriptor.
3166 3461 3329 3515 eccle-

1790 3565 1961 3624 siast.,
2010 3560 2097 3615 ubi
2160 3559 2227 3612 de
2281 3555 2560 3626 Origene:
2611 3573 2628 3605 t
2660 3551 2944 3607 Tractatus
2999 3554 3218 3622 quintus
3275 3550 3329 3605 in

1793 3651 2094 3704 Matthteum
2126 3649 2333 3701 videtur
2369 3660 2488 3699 esse
2525 3643 2702 3697 Latini
2751 3643 3028 3697 auctoris:
3075 3656 3194 3694 nam
3233 3639 3332 3693 ad-

1793 3741 1992 3794 ducens
2032 3745 2217 3790 auctor
2248 3735 2406 3788 verba
2439 3734 2588 3787 Isaia‘
2615 3748 2764 3797 Lvnt,
2796 3732 2882 3792 16,
2914 3730 3160 3783 Dominus
3192 3728 3337 3781 misit

1792 3845 1873 3881 me
1905 3837 1949 3880 et
1980 3828 2187 3893 spiritus
2212 3825 2322 3891 ejus
2345 3839 2364 3877 :
2393 3824 2445 3875 in
2486 3821 2690 3883 Graeco,
2720 3820 2909 3888 inquit,
2942 3818 3173 3885 Spiritus
3208 3830 3333 3869 sau—

1794 3924 1911 3968 ctus
1948 3912 2116 3966 neutri
2162 3910 2368 3979 generis
2408 3918 2521 3971 est,
2565 3922 2669 3959 non
2730 3904 3038 3965 masculini,
3087 3913 3142 3954 ut
3190 3896 3329 3970 apud

1793 4012 1920 4069 hos;
1959 4003 2045 4055 ubi
2076 4015 2133 4054 se
2173 4001 2311 4053 inter
2343 3997 2563 4049 Latinos
2603 4002 2869 4048 numerat.
2905 3991 3036 4045 Etsi
3071 3999 3329 4044 tractatus

1796 4093 2009 4161 quintus
2035 4088 2207 4141 Latini
2248 4084 2482 4139 auctoris
2516 4092 2619 4148 est,
2651 4098 2755 4135 non
2794 4095 2954 4149 parva
2989 4079 3222 4146 suspicio
3249 4085 3335 4129 est

1798 4182 2026 4248 reliquos
2056 4178 2214 4231 etiam
2258 4183 2511 4228 tractatus
2548 4172 2783 4240 ejusdem
2812 4171 3009 4238 operis,
3039 4166 3210 4220 Latini
3242 4181 3337 4218 auo

1798 4273 1961 4326 eloris
2017 4282 2153 4323 esse.
2185 4285 2203 4318 ι
2243 4264 2473 4318 Habetur
2512 4263 2600 4316 hic
2629 4260 2873 4328 Origenis
2911 4259 3054 4311 locus
3084 4266 3210 4309 tom.
3239 4269 3337 4309 xm

134 4346 401 4452 Origene
428 4375 481 4427 in
508 4346 691 4426 Oscam
723 4369 950 4434 scriptos
984 4365 1145 4418 fuisse
1171 4359 1590 4417 Commentarios
1615 4370 1700 4409 as-
1730 4377 1775 4432 ι)
1803 4364 1853 4415 in
1898 4360 2087 4413 Matth.
2131 4372 2281 4421 xvm,
2322 4370 2469 4411 num.
2495 4352 2580 4417 18,
2626 4366 2746 4421 pag.
2781 4348 2903 4403 595.
2951 4347 3204 4414 Quamvis
3237 4346 3338 4398 hoc

138 4447 312 4531 serat
362 4465 589 4519 dicens:
626 4475 645 4509 ι
674 4457 872 4526 Rogavi
919 4469 1038 4509 eum
1087 4450 1431 4524 (Didymum)
1470 4458 1526 4502 ut
1563 4447 1702 4516 quod

140 4564 434 4631 Origenes
462 4566 565 4607 non
603 4548 833 4610 fecerat,
868 4546 980 4613 ipse
1007 4543 1315 4612 compleret,
1356 4550 1410 4594 et
1451 4539 1707 4592 scriberet

140 4660 215 4710 in
264 4626 411 4704 Osee
434 4636 876 4702 Commentarios,
903 4652 922 4685 ι
962 4634 1356 4702 intelligendum
1404 4636 1486 4682 est
1524 4626 1707 4694 plenos

146 4746 215 4796 in
252 4746 433 4793 totum
462 4729 651 4785 Oscam
694 4720 1104 4778 commentarios
1127 4719 1413 4786 Origenem
1441 4730 1544 4768 non
1574 4712 1708 4767 scri-

146 4794 371 4904 psisse,
398 4822 490 4876 sed
518 4817 737 4886 exiguos
765 4811 934 4865 solum
976 4807 1200 4861 libellos.
1678 4794 1685 4805 '

234 4914 363 4971 ιιι.
407 4907 603 4977 Viginti
650 4904 884 4972 quinque
915 4900 971 4951 in
1018 4896 1320 4949 Matthteum
1371 4902 1541 4947 tomos
1585 4889 1711 4946 Ori-

132 5019 343 5082 genes
389 4994 702 5056 elaboravit.
733 4991 898 5044 Breve
940 4995 1269 5055 segmentum
1300 4997 1331 5037 e
1359 4982 1530 5051 primo
1573 4989 1714 5033 tomo

152 5071 398 5155 ;dducit
442 5086 700 5142 Eusebius
745 5082 837 5135 lib.
882 5093 930 5131 vr
980 5074 1210 5140 Histor.,
1257 5088 1373 5141 cap.
1409 5071 1508 5136 (ιδ,
1547 5084 1715 5137 eoque

158 5185 399 5246 brevius
426 5178 566 5233 aliud
599 5174 831 5231 indidem
858 5166 1061 5239 profert
1094 5164 1403 5232 Pamphilus
1431 5162 1485 5215 in
1518 5161 1710 5228 Apolo-

157 5284 372 5356 getico.
410 5272 566 5328 Aliud
622 5284 651 5323 e
685 5265 917 5322 secundo
970 5270 1143 5323 tomo,
1189 5256 1496 5312 Pdilocnliar
1543 5254 1718 5321 capite

160 5344 341 5431 guto
372 5363 673 5421 exhibetur.
703 5354 857 5412 Aliud
895 5351 1047 5406 an'ert
1076 5364 1108 5404 e
1142 5349 1368 5417 septimo
1398 5354 1543 5399 tomo
1566 5344 1719 5397 Pam-

164 5459 388 5532 philus.
429 5450 599 5507 Julius
626 5447 803 5501 (linear
832 5442 1152 5509 Bnlengerus
1181 5437 1235 5491 in
1275 5434 1719 5501 Disputationibus

165 5523 377 5609 eontra
426 5538 782 5596 Casaubouum
828 5542 965 5603 part.
1005 5545 1066 5593 ll,
1110 5525 1319 5581 diatrib.
1365 5525 1418 5587 5,
1455 5539 1573 5593 pag.
1600 5523 1717 5587 l9l,

172 5640 549 5704 fragtuentum
578 5623 727 5678 alfcrt
755 5638 820 5677 ex
849 5621 1073 5689 Origene
1114 5616 1180 5669 ad
1210 5629 1327 5680 cap.
1372 5626 1423 5667 vt
1452 5611 1640 5666 Matth.
1665 5619 1719 5665 et

1808 4449 2110 4504 Bellarmini
2149 4444 2405 4513 judicium
2450 4441 2622 4510 palam
2676 4438 2880 4492 refellat
2926 4434 3126 4490 codicis
3163 4431 3336 4487 (Ξτωεί

1806 4543 1983 4604 lectio,
2028 4555 2091 4594 ea
2139 4549 2314 4592 tamen
2353 4535 2397 4588 si
2445 4545 2772 4594 careremus,
2818 4544 2921 4582 non
2976 4526 3090 4598 plus
3140 4526 3342 4578 valeret

1809 4630 1934 4685 illud
1979 4628 2232 4681 adversus
2262 4626 2400 4677 hunc
2429 4618 2727 4674 Adamantii
2766 4617 2992 4679 librum,
3034 4628 3194 4683 quam
3240 4613 3340 4666 ad-

1808 4731 1995 4773 versus
2036 4715 2291 4782 reliquos,
2332 4725 2465 4778 quos
2498 4717 2732 4761 veterum
2779 4705 3123 4774 interpretum
3165 4700 3340 4755 studio

1809 4808 1997 4863 Latine
2031 4804 2263 4857 redditos
2289 4800 2547 4866 legimus:
2573 4797 2627 4850 lu
2660 4797 2725 4850 iis
2751 4795 3010 4864 siquidem
3038 4792 3342 4859 frequenter

1811 4893 2065 4965 ejusmodi
2104 4897 2393 4945 occurrunt
2424 4887 2778 4940 additamenta
2822 4886 3189 4951 interpretum,
3229 4889 3341 4931 sue

1814 4987 2004 5054 linguae
2050 4982 2350 5036 hominibus
2399 4976 2824 5045 gratiﬁcantium.
2870 4974 3033 5041 Legat
3070 4969 3160 5038 qui
3198 4965 3339 5019 volet

1816 5072 2047 5144 pagellas
2078 5070 2281 5137 aliquot
2308 5081 2337 5119 a
2378 5064 2566 5119 Ruﬁno
2602 5078 2910 5123 conversas,
2945 5056 3140 5111 videbit
3179 5065 3337 5121 quam

1817 5174 1955 5228 saepe
1990 5158 2269 5211 mantissas
2296 5154 2498 5208 similes
2521 5153 2585 5205 de
2614 5165 2711 5206 suo
2739 5150 2979 5203 accudat.

1886 5227 2120 5317 Amplior
2148 5254 2233 5300 est
2259 5254 2407 5298 vetus
2435 5240 2802 5310 interpretatio
2827 5227 3341 5289 Commentarios-mn

1821 5339 2060 5410 Origenis
2085 5339 2139 5391 in
2170 5335 2496 5398 Hatthaum,
2525 5345 2683 5401 quam
2709 5328 2945 5382 Graecum
2973 5320 3134 5372 ullum
3165 5331 3345 5372 exem-

1822 5408 1939 5501 plar
1971 5427 2404 5508 manuscriptum'
2425 5441 2455 5491 τ,
2490 5410 3038 5508 Holmiensequippe
3068 5408 3344 5505 omnium,

1820 5494 1938 5588 qua:
1978 5517 2191 5585 quidem
2232 5513 2298 5566 ad
2343 5494 2514 5564 meam
2554 5497 2887 5576 pervenerint
2931 5494 3191 5553 nutitiam.
3223 5508 3348 5561 pro.

1820 5583 2162 5671 lixissimutn,
2204 5619 2233 5658 a
2287 5599 2513 5655 llattbzei
2576 5590 2746 5661 capite
2799 5601 2922 5650 xui,
2969 5599 3110 5639 vers.
3148 5583 3238 5647 36,
3283 5584 3349 5637 ad
