  <div class='ocr_page' id='page_1' title='image "/cluster/home/n/w/nwhite01/storage/ocr_20150623/17 (Origenes, pt. 7)/nyp.33433081862348/636.png"; bbox 0 0 3922 6440; ppageno 0'>
   <div class='ocr_carea' id='block_1_1' title="bbox 122 359 240 413">
    <p class='ocr_par' dir='ltr' id='par_1_1' title="bbox 122 359 240 413">
     <span class='ocr_line' id='line_1_1' title="bbox 122 359 240 413; baseline 0.025 -2"><span class='ocrx_word' id='word_1_1' title='bbox 122 359 240 413; x_wconf 58' lang='grc'><strong>935</strong></span> 
     </span>
    </p>
   </div>
   <div class='ocr_carea' id='block_1_2' title="bbox 921 343 2428 418">
    <p class='ocr_par' dir='ltr' id='par_1_2' title="bbox 921 343 2428 418">
     <span class='ocr_line' id='line_1_2' title="bbox 921 343 2428 418; baseline -0.009 -4"><span class='ocrx_word' id='word_1_2' title='bbox 921 345 1472 414; x_wconf 68' lang='lat' dir='ltr'><strong>ORIGENIANORUM</strong></span> <span class='ocrx_word' id='word_1_3' title='bbox 1511 352 1644 406; x_wconf 55' lang='lat' dir='ltr'><strong>LIB;</strong></span> <span class='ocrx_word' id='word_1_4' title='bbox 1672 351 1762 418; x_wconf 93' lang='lat' dir='ltr'><strong>Ill,</strong></span> <span class='ocrx_word' id='word_1_5' title='bbox 1800 347 1956 404; x_wconf 77' lang='lat' dir='ltr'><strong>CAP:</strong></span> <span class='ocrx_word' id='word_1_6' title='bbox 1980 347 2052 412; x_wconf 86' lang='lat' dir='ltr'><strong>.II,</strong></span> <span class='ocrx_word' id='word_1_7' title='bbox 2093 346 2278 402; x_wconf 84' lang='lat' dir='ltr'><strong>SEC&#39;I‘.</strong></span> <span class='ocrx_word' id='word_1_8' title='bbox 2308 343 2428 400; x_wconf 82' lang='lat' dir='ltr'><strong>Ill.‘</strong></span> 
     </span>
    </p>
   </div>
   <div class='ocr_carea' id='block_1_3' title="bbox 3111 326 3248 386">
    <p class='ocr_par' dir='ltr' id='par_1_3' title="bbox 3111 326 3248 386">
     <span class='ocr_line' id='line_1_3' title="bbox 3111 326 3248 386; baseline 0.022 -3"><span class='ocrx_word' id='word_1_9' title='bbox 3111 326 3248 386; x_wconf 59' lang='grc'><strong>1216</strong></span> 
     </span>
    </p>
   </div>
   <div class='ocr_carea' id='block_1_4' title="bbox 121 447 3249 541">
    <p class='ocr_par' dir='ltr' id='par_1_4' title="bbox 121 447 3249 541">
     <span class='ocr_line' id='line_1_4' title="bbox 121 447 3249 541; baseline -0.007 -17"><span class='ocrx_word' id='word_1_10' title='bbox 121 482 152 524; x_wconf 59' lang='grc' dir='ltr'><strong>ιι</strong></span> <span class='ocrx_word' id='word_1_11' title='bbox 194 472 500 528; x_wconf 84' lang='lat' dir='ltr'><strong>innumeris</strong></span> <span class='ocrx_word' id='word_1_12' title='bbox 547 473 918 527; x_wconf 79' lang='lat' dir='ltr'><strong>vocabulorum</strong></span> <span class='ocrx_word' id='word_1_13' title='bbox 964 473 1215 541; x_wconf 86' lang='lat' dir='ltr'><strong>portentis</strong></span> <span class='ocrx_word' id='word_1_14' title='bbox 1250 467 1619 524; x_wconf 81' lang='lat' dir='ltr'><strong>deformiorem</strong></span> <span class='ocrx_word' id='word_1_15' title='bbox 1648 475 1696 532; x_wconf 70' lang='grc' dir='ltr'>Α</span> <span class='ocrx_word' id='word_1_16' title='bbox 1786 464 1924 521; x_wconf 75' lang='lat' dir='ltr'><strong>XIV.</strong></span> <span class='ocrx_word' id='word_1_17' title='bbox 1962 464 2072 534; x_wconf 88' lang='lat'><strong>(82)</strong></span> <span class='ocrx_word' id='word_1_18' title='bbox 2099 465 2140 518; x_wconf 85' lang='lat' dir='ltr'><strong>E</strong></span> <span class='ocrx_word' id='word_1_19' title='bbox 2165 463 2369 518; x_wconf 90' lang='lat' dir='ltr'><strong>duobus</strong></span> <span class='ocrx_word' id='word_1_20' title='bbox 2393 468 2447 514; x_wconf 91' lang='lat' dir='ltr'><strong>et</strong></span> <span class='ocrx_word' id='word_1_21' title='bbox 2487 447 3249 541; x_wconf 53' lang='lat' dir='ltr'><strong>triginta‘Commentarior-um</strong></span> 
     </span>
    </p>
   </div>
   <div class='ocr_carea' id='block_1_5' title="bbox 121 557 1630 628">
    <p class='ocr_par' dir='ltr' id='par_1_5' title="bbox 121 557 1630 628">
     <span class='ocr_line' id='line_1_5' title="bbox 121 557 1630 628; baseline 0.001 -20"><span class='ocrx_word' id='word_1_22' title='bbox 121 557 353 612; x_wconf 71' lang='lat' dir='ltr'><strong>iﬂ&#39;endet.</strong></span> <span class='ocrx_word' id='word_1_23' title='bbox 406 557 646 626; x_wconf 63' lang='lat' dir='ltr'><strong>Equalis</strong></span> <span class='ocrx_word' id='word_1_24' title='bbox 686 561 960 628; x_wconf 85' lang='lat' dir='ltr'><strong>Epipbauii</strong></span> <span class='ocrx_word' id='word_1_25' title='bbox 995 560 1093 613; x_wconf 78' lang='lat' dir='ltr'><strong>fuit</strong></span> <span class='ocrx_word' id='word_1_26' title='bbox 1137 559 1368 613; x_wconf 80' lang='lat' dir='ltr'><strong>Bellator</strong></span> <span class='ocrx_word' id='word_1_27' title='bbox 1414 557 1630 625; x_wconf 88' lang='lat' dir='ltr'><strong>quidam</strong></span> 
     </span>
    </p>
   </div>
   <div class='ocr_carea' id='block_1_6' title="bbox 1728 535 3252 614">
    <p class='ocr_par' dir='ltr' id='par_1_6' title="bbox 1728 535 3252 614">
     <span class='ocr_line' id='line_1_6' title="bbox 1728 535 3252 614; baseline -0.013 -6"><span class='ocrx_word' id='word_1_28' title='bbox 1728 556 1781 608; x_wconf 85' lang='lat' dir='ltr'><strong>in</strong></span> <span class='ocrx_word' id='word_1_29' title='bbox 1817 552 2069 614; x_wconf 82' lang='lat' dir='ltr'><strong>Joannem</strong></span> <span class='ocrx_word' id='word_1_30' title='bbox 2105 551 2281 614; x_wconf 89' lang='lat' dir='ltr'><strong>tomis,</strong></span> <span class='ocrx_word' id='word_1_31' title='bbox 2323 562 2504 602; x_wconf 86' lang='lat' dir='ltr'><strong>novem</strong></span> <span class='ocrx_word' id='word_1_32' title='bbox 2540 544 2755 599; x_wconf 87' lang='lat' dir='ltr'><strong>omnino</strong></span> <span class='ocrx_word' id='word_1_33' title='bbox 2791 547 3107 609; x_wconf 72' lang='lat' dir='ltr'><strong>supersunt;</strong></span> <span class='ocrx_word' id='word_1_34' title='bbox 3151 535 3252 605; x_wconf 55' lang='lat' dir='ltr'><strong>pri.</strong></span> 
     </span>
    </p>
   </div>
   <div class='ocr_carea' id='block_1_7' title="bbox 122 627 3255 716">
    <p class='ocr_par' dir='ltr' id='par_1_7' title="bbox 122 627 3255 716">
     <span class='ocr_line' id='line_1_7' title="bbox 122 627 3255 716; baseline -0.006 -15"><span class='ocrx_word' id='word_1_35' title='bbox 122 649 406 701; x_wconf 72' lang='lat' dir='ltr'><strong>Iassiodori</strong></span> <span class='ocrx_word' id='word_1_36' title='bbox 450 649 626 701; x_wconf 83' lang='lat' dir='ltr'><strong>itidem</strong></span> <span class='ocrx_word' id='word_1_37' title='bbox 677 650 972 711; x_wconf 80' lang='lat' dir='ltr'><strong>fatniliaris,</strong></span> <span class='ocrx_word' id='word_1_38' title='bbox 1017 649 1166 716; x_wconf 84' lang='lat' dir='ltr'><strong>cujus</strong></span> <span class='ocrx_word' id='word_1_39' title='bbox 1212 656 1394 716; x_wconf 85' lang='lat' dir='ltr'><strong>rogatu</strong></span> <span class='ocrx_word' id='word_1_40' title='bbox 1441 646 1634 700; x_wconf 89' lang='lat' dir='ltr'><strong>multas</strong></span> <span class='ocrx_word' id='word_1_41' title='bbox 1730 659 1868 708; x_wconf 92' lang='lat' dir='ltr'><strong>mus,</strong></span> <span class='ocrx_word' id='word_1_42' title='bbox 1897 640 2193 706; x_wconf 83' lang='lat' dir='ltr'><strong>secundus,</strong></span> <span class='ocrx_word' id='word_1_43' title='bbox 2231 648 2442 701; x_wconf 88' lang='lat' dir='ltr'><strong>sextus,</strong></span> <span class='ocrx_word' id='word_1_44' title='bbox 2476 636 2743 696; x_wconf 88' lang='lat' dir='ltr'><strong>decimus,</strong></span> <span class='ocrx_word' id='word_1_45' title='bbox 2771 633 3006 687; x_wconf 88' lang='lat' dir='ltr'><strong>decimus</strong></span> <span class='ocrx_word' id='word_1_46' title='bbox 3045 627 3255 689; x_wconf 85' lang='lat' dir='ltr'><strong>tertius,</strong></span> 
     </span>
    </p>
   </div>
   <div class='ocr_carea' id='block_1_8' title="bbox 121 731 1634 803">
    <p class='ocr_par' dir='ltr' id='par_1_8' title="bbox 121 731 1634 803">
     <span class='ocr_line' id='line_1_8' title="bbox 121 731 1634 803; baseline -0.002 -14"><span class='ocrx_word' id='word_1_47' title='bbox 121 735 419 789; x_wconf 58' lang='lat' dir='ltr'><strong>iraecorum</strong></span> <span class='ocrx_word' id='word_1_48' title='bbox 470 735 817 803; x_wconf 78' lang='lat' dir='ltr'><strong>scriptiones,</strong></span> <span class='ocrx_word' id='word_1_49' title='bbox 867 735 1144 788; x_wconf 89' lang='lat' dir='ltr'><strong>nonnullas</strong></span> <span class='ocrx_word' id='word_1_50' title='bbox 1194 735 1352 788; x_wconf 88' lang='lat' dir='ltr'><strong>etiam</strong></span> <span class='ocrx_word' id='word_1_51' title='bbox 1393 731 1634 800; x_wconf 84' lang='lat' dir='ltr'><strong>Origenis</strong></span> 
     </span>
    </p>
   </div>
   <div class='ocr_carea' id='block_1_9' title="bbox 121 822 1636 893">
    <p class='ocr_par' dir='ltr' id='par_1_9' title="bbox 121 822 1636 893">
     <span class='ocr_line' id='line_1_9' title="bbox 121 822 1636 893; baseline -0.001 -19"><span class='ocrx_word' id='word_1_52' title='bbox 121 825 301 876; x_wconf 63' lang='lat' dir='ltr'><strong>.atino</strong></span> <span class='ocrx_word' id='word_1_53' title='bbox 328 838 573 876; x_wconf 88' lang='lat' dir='ltr'><strong>sermone</strong></span> <span class='ocrx_word' id='word_1_54' title='bbox 618 824 873 891; x_wconf 73' lang='lat' dir='ltr'><strong>rependit.</strong></span> <span class='ocrx_word' id='word_1_55' title='bbox 904 823 1034 879; x_wconf 83' lang='lat' dir='ltr'><strong>Huic</strong></span> <span class='ocrx_word' id='word_1_56' title='bbox 1065 825 1106 878; x_wconf 91' lang='lat' dir='ltr'><strong>si</strong></span> <span class='ocrx_word' id='word_1_57' title='bbox 1147 824 1264 893; x_wconf 90' lang='lat' dir='ltr'><strong>quis</strong></span> <span class='ocrx_word' id='word_1_58' title='bbox 1301 822 1636 877; x_wconf 81' lang='lat' dir='ltr'><strong>Commenta-</strong></span> 
     </span>
    </p>
   </div>
   <div class='ocr_carea' id='block_1_10' title="bbox 1737 720 3258 791">
    <p class='ocr_par' dir='ltr' id='par_1_10' title="bbox 1737 720 3258 791">
     <span class='ocr_line' id='line_1_10' title="bbox 1737 720 3258 791; baseline -0.014 -4"><span class='ocrx_word' id='word_1_59' title='bbox 1737 733 1973 786; x_wconf 90' lang='lat' dir='ltr'><strong>decimus</strong></span> <span class='ocrx_word' id='word_1_60' title='bbox 2013 741 2204 789; x_wconf 89' lang='lat' dir='ltr'><strong>nonus,</strong></span> <span class='ocrx_word' id='word_1_61' title='bbox 2243 725 2566 791; x_wconf 88' lang='lat' dir='ltr'><strong>_vicesitnus,</strong></span> <span class='ocrx_word' id='word_1_62' title='bbox 2610 720 2891 774; x_wconf 80' lang='lat' dir='ltr'><strong>vicesimus</strong></span> <span class='ocrx_word' id='word_1_63' title='bbox 2936 723 3155 783; x_wconf 84' lang='lat' dir='ltr'><strong>octavus</strong></span> <span class='ocrx_word' id='word_1_64' title='bbox 3206 720 3258 766; x_wconf 84' lang='lat' dir='ltr'><strong>et</strong></span> 
     </span>
    </p>
   </div>
   <div class='ocr_carea' id='block_1_11' title="bbox 1746 802 3262 874">
    <p class='ocr_par' dir='ltr' id='par_1_11' title="bbox 1746 802 3262 874">
     <span class='ocr_line' id='line_1_11' title="bbox 1746 802 3262 874; baseline -0.011 -2"><span class='ocrx_word' id='word_1_65' title='bbox 1746 818 2044 873; x_wconf 80' lang='lat' dir='ltr'><strong>tricesimus</strong></span> <span class='ocrx_word' id='word_1_66' title='bbox 2066 811 2348 870; x_wconf 86' lang='lat' dir='ltr'><strong>secundus.</strong></span> <span class='ocrx_word' id='word_1_67' title='bbox 2389 813 2445 866; x_wconf 91' lang='lat' dir='ltr'><strong>In</strong></span> <span class='ocrx_word' id='word_1_68' title='bbox 2489 810 2816 865; x_wconf 72' lang='lat' dir='ltr'><strong>bibliothecae</strong></span> <span class='ocrx_word' id='word_1_69' title='bbox 2861 804 3039 874; x_wconf 60' lang='lat' dir='ltr'><strong>Regia;</strong></span> <span class='ocrx_word' id='word_1_70' title='bbox 3081 802 3262 857; x_wconf 87' lang='lat' dir='ltr'><strong>codice</strong></span> 
     </span>
    </p>
   </div>
   <div class='ocr_carea' id='block_1_12' title="bbox 121 888 3262 983">
    <p class='ocr_par' dir='ltr' id='par_1_12' title="bbox 121 888 3262 983">
     <span class='ocr_line' id='line_1_12' title="bbox 121 888 3262 983; baseline -0.009 -18"><span class='ocrx_word' id='word_1_71' title='bbox 121 913 320 965; x_wconf 79' lang='lat' dir='ltr'><strong>riorum</strong></span> <span class='ocrx_word' id='word_1_72' title='bbox 352 913 407 964; x_wconf 84' lang='lat' dir='ltr'><strong>in</strong></span> <span class='ocrx_word' id='word_1_73' title='bbox 445 888 756 964; x_wconf 74' lang='lat' dir='ltr'><strong>Matthwam</strong></span> <span class='ocrx_word' id='word_1_74' title='bbox 802 888 1291 983; x_wconf 74' lang='lat' dir='ltr'><strong>interpretationem</strong></span> <span class='ocrx_word' id='word_1_75' title='bbox 1354 911 1636 979; x_wconf 89' lang='lat' dir='ltr'><strong>ascriptam</strong></span> <span class='ocrx_word' id='word_1_76' title='bbox 1731 907 1784 960; x_wconf 91' lang='lat' dir='ltr'><strong>hi</strong></span> <span class='ocrx_word' id='word_1_77' title='bbox 1817 905 1942 959; x_wconf 91' lang='lat' dir='ltr'><strong>tomi</strong></span> <span class='ocrx_word' id='word_1_78' title='bbox 1991 904 2101 957; x_wconf 87' lang='lat' dir='ltr'><strong>suis</strong></span> <span class='ocrx_word' id='word_1_79' title='bbox 2151 898 2315 954; x_wconf 81' lang='lat' dir='ltr'><strong>notati</strong></span> <span class='ocrx_word' id='word_1_80' title='bbox 2368 897 2602 950; x_wconf 88' lang='lat' dir='ltr'><strong>numeris</strong></span> <span class='ocrx_word' id='word_1_81' title='bbox 2642 894 2995 962; x_wconf 89' lang='lat' dir='ltr'><strong>reperiuntur.</strong></span> <span class='ocrx_word' id='word_1_82' title='bbox 3040 888 3262 942; x_wconf 86' lang='lat' dir='ltr'><strong>Eosdem</strong></span> 
     </span>
    </p>
   </div>
   <div class='ocr_carea' id='block_1_13' title="bbox 122 999 1640 1068">
    <p class='ocr_par' dir='ltr' id='par_1_13' title="bbox 122 999 1640 1068">
     <span class='ocr_line' id='line_1_13' title="bbox 122 999 1640 1068; baseline 0.001 -17"><span class='ocrx_word' id='word_1_83' title='bbox 122 999 253 1060; x_wconf 72' lang='lat' dir='ltr'><strong>relit,</strong></span> <span class='ocrx_word' id='word_1_84' title='bbox 283 1013 392 1051; x_wconf 94' lang='lat' dir='ltr'><strong>non</strong></span> <span class='ocrx_word' id='word_1_85' title='bbox 427 999 578 1052; x_wconf 81' lang='lat' dir='ltr'><strong>valde</strong></span> <span class='ocrx_word' id='word_1_86' title='bbox 606 1000 925 1068; x_wconf 84' lang='lat' dir='ltr'><strong>repugnabo.</strong></span> <span class='ocrx_word' id='word_1_87' title='bbox 950 999 1055 1054; x_wconf 82' lang='lat' dir='ltr'><strong>Nec</strong></span> <span class='ocrx_word' id='word_1_88' title='bbox 1089 1001 1307 1052; x_wconf 91' lang='lat' dir='ltr'><strong>multum</strong></span> <span class='ocrx_word' id='word_1_89' title='bbox 1334 999 1640 1054; x_wconf 83' lang='lat' dir='ltr'><strong>adversatur</strong></span> 
     </span>
    </p>
   </div>
   <div class='ocr_carea' id='block_1_14' title="bbox 121 1088 1638 1157">
    <p class='ocr_par' dir='ltr' id='par_1_14' title="bbox 121 1088 1638 1157">
     <span class='ocr_line' id='line_1_14' title="bbox 121 1088 1638 1157; baseline 0 -17"><span class='ocrx_word' id='word_1_90' title='bbox 121 1088 434 1155; x_wconf 66' lang='lat' dir='ltr'><strong>tonjectura:</strong></span> <span class='ocrx_word' id='word_1_91' title='bbox 485 1097 679 1142; x_wconf 69' lang='lat' dir='ltr'><strong>nostra:</strong></span> <span class='ocrx_word' id='word_1_92' title='bbox 725 1089 1025 1144; x_wconf 86' lang='lat' dir='ltr'><strong>Cassiodori</strong></span> <span class='ocrx_word' id='word_1_93' title='bbox 1068 1091 1131 1144; x_wconf 89' lang='lat' dir='ltr'><strong>de</strong></span> <span class='ocrx_word' id='word_1_94' title='bbox 1176 1090 1276 1143; x_wconf 86' lang='lat' dir='ltr'><strong>hac</strong></span> <span class='ocrx_word' id='word_1_95' title='bbox 1324 1089 1638 1157; x_wconf 88' lang='lat' dir='ltr'><strong>interpreta-</strong></span> 
     </span>
    </p>
   </div>
   <div class='ocr_carea' id='block_1_15' title="bbox 126 1177 1642 1247">
    <p class='ocr_par' dir='ltr' id='par_1_15' title="bbox 126 1177 1642 1247">
     <span class='ocr_line' id='line_1_15' title="bbox 126 1177 1642 1247; baseline 0.001 -19"><span class='ocrx_word' id='word_1_96' title='bbox 126 1177 251 1228; x_wconf 92' lang='lat' dir='ltr'><strong>ione</strong></span> <span class='ocrx_word' id='word_1_97' title='bbox 281 1177 577 1242; x_wconf 90' lang='lat' dir='ltr'><strong>silentium,</strong></span> <span class='ocrx_word' id='word_1_98' title='bbox 605 1177 693 1244; x_wconf 90' lang='lat' dir='ltr'><strong>qui</strong></span> <span class='ocrx_word' id='word_1_99' title='bbox 736 1177 864 1231; x_wconf 89' lang='lat' dir='ltr'><strong>alias</strong></span> <span class='ocrx_word' id='word_1_100' title='bbox 893 1179 1169 1246; x_wconf 91' lang='lat' dir='ltr'><strong>plerasque</strong></span> <span class='ocrx_word' id='word_1_101' title='bbox 1215 1178 1494 1247; x_wconf 85' lang='lat' dir='ltr'><strong>Epiphanii</strong></span> <span class='ocrx_word' id='word_1_102' title='bbox 1528 1177 1642 1232; x_wconf 81' lang='lat' dir='ltr'><strong>Bel-</strong></span> 
     </span>
    </p>
   </div>
   <div class='ocr_carea' id='block_1_16' title="bbox 123 1265 1644 1333">
    <p class='ocr_par' dir='ltr' id='par_1_16' title="bbox 123 1265 1644 1333">
     <span class='ocr_line' id='line_1_16' title="bbox 123 1265 1644 1333; baseline 0.002 -17"><span class='ocrx_word' id='word_1_103' title='bbox 123 1267 293 1319; x_wconf 81' lang='lat' dir='ltr'><strong>atoris</strong></span> <span class='ocrx_word' id='word_1_104' title='bbox 323 1267 377 1318; x_wconf 91' lang='lat' dir='ltr'><strong>in</strong></span> <span class='ocrx_word' id='word_1_105' title='bbox 411 1265 544 1319; x_wconf 89' lang='lat' dir='ltr'><strong>libro</strong></span> <span class='ocrx_word' id='word_1_106' title='bbox 577 1267 648 1318; x_wconf 87' lang='lat' dir='ltr'><strong>De</strong></span> <span class='ocrx_word' id='word_1_107' title='bbox 685 1268 1007 1320; x_wconf 77' lang='lat' dir='ltr'><strong>institutione</strong></span> <span class='ocrx_word' id='word_1_108' title='bbox 1037 1268 1319 1321; x_wconf 81' lang='lat' dir='ltr'><strong>divinarum</strong></span> <span class='ocrx_word' id='word_1_109' title='bbox 1352 1265 1644 1333; x_wconf 81' lang='lat' dir='ltr'><strong>Scriptura-</strong></span> 
     </span>
    </p>
   </div>
   <div class='ocr_carea' id='block_1_17' title="bbox 121 1354 1645 1422">
    <p class='ocr_par' dir='ltr' id='par_1_17' title="bbox 121 1354 1645 1422">
     <span class='ocr_line' id='line_1_17' title="bbox 121 1354 1645 1422; baseline 0.003 -16"><span class='ocrx_word' id='word_1_110' title='bbox 121 1370 220 1406; x_wconf 67' lang='lat' dir='ltr'><strong>’um</strong></span> <span class='ocrx_word' id='word_1_111' title='bbox 256 1354 564 1407; x_wconf 88' lang='lat' dir='ltr'><strong>recensuit:</strong></span> <span class='ocrx_word' id='word_1_112' title='bbox 599 1370 717 1407; x_wconf 90' lang='lat' dir='ltr'><strong>nam</strong></span> <span class='ocrx_word' id='word_1_113' title='bbox 748 1366 867 1422; x_wconf 91' lang='lat' dir='ltr'><strong>post</strong></span> <span class='ocrx_word' id='word_1_114' title='bbox 896 1356 1088 1410; x_wconf 89' lang='lat' dir='ltr'><strong>editum</strong></span> <span class='ocrx_word' id='word_1_115' title='bbox 1120 1356 1256 1411; x_wconf 89' lang='lat' dir='ltr'><strong>hunc</strong></span> <span class='ocrx_word' id='word_1_116' title='bbox 1282 1370 1311 1409; x_wconf 89' lang='lat' dir='ltr'><strong>a</strong></span> <span class='ocrx_word' id='word_1_117' title='bbox 1335 1355 1645 1410; x_wconf 80' lang='lat' dir='ltr'><strong>Cassiodoro</strong></span> 
     </span>
    </p>
   </div>
   <div class='ocr_carea' id='block_1_18' title="bbox 121 1443 968 1513">
    <p class='ocr_par' dir='ltr' id='par_1_18' title="bbox 121 1443 968 1513">
     <span class='ocr_line' id='line_1_18' title="bbox 121 1443 968 1513; baseline 0.001 -17"><span class='ocrx_word' id='word_1_118' title='bbox 121 1443 366 1496; x_wconf 87' lang='lat' dir='ltr'><strong>libellum</strong></span> <span class='ocrx_word' id='word_1_119' title='bbox 399 1443 662 1497; x_wconf 87' lang='lat' dir='ltr'><strong>lucubrari</strong></span> <span class='ocrx_word' id='word_1_120' title='bbox 691 1460 748 1497; x_wconf 91' lang='lat' dir='ltr'><strong>ea</strong></span> <span class='ocrx_word' id='word_1_121' title='bbox 787 1446 968 1513; x_wconf 55' lang='lat' dir='ltr'><strong>potuit.</strong></span> 
     </span>
    </p>
   </div>
   <div class='ocr_carea' id='block_1_19' title="bbox 173 1532 1642 1603">
    <p class='ocr_par' dir='ltr' id='par_1_19' title="bbox 173 1532 1642 1603">
     <span class='ocr_line' id='line_1_19' title="bbox 173 1532 1642 1603; baseline 0.001 -17"><span class='ocrx_word' id='word_1_122' title='bbox 173 1532 253 1586; x_wconf 87' lang='lat' dir='ltr'><strong>De</strong></span> <span class='ocrx_word' id='word_1_123' title='bbox 299 1542 503 1602; x_wconf 86' lang='lat' dir='ltr'><strong>septem</strong></span> <span class='ocrx_word' id='word_1_124' title='bbox 537 1532 775 1602; x_wconf 87' lang='lat' dir='ltr'><strong>Origenis</strong></span> <span class='ocrx_word' id='word_1_125' title='bbox 816 1533 868 1587; x_wconf 90' lang='lat' dir='ltr'><strong>in</strong></span> <span class='ocrx_word' id='word_1_126' title='bbox 898 1535 1197 1588; x_wconf 71' lang='lat' dir='ltr'><strong>Matthwum</strong></span> <span class='ocrx_word' id='word_1_127' title='bbox 1249 1535 1480 1589; x_wconf 86' lang='lat' dir='ltr'><strong>homiliis</strong></span> <span class='ocrx_word' id='word_1_128' title='bbox 1527 1549 1642 1603; x_wconf 68' lang='lat' dir='ltr'><strong>quae</strong></span> 
     </span>
    </p>
   </div>
   <div class='ocr_carea' id='block_1_20' title="bbox 122 1621 1649 1692">
    <p class='ocr_par' dir='ltr' id='par_1_20' title="bbox 122 1621 1649 1692">
     <span class='ocr_line' id='line_1_20' title="bbox 122 1621 1649 1692; baseline 0.003 -18"><span class='ocrx_word' id='word_1_129' title='bbox 122 1621 385 1676; x_wconf 73' lang='lat' dir='ltr'><strong>iubentur</strong></span> <span class='ocrx_word' id='word_1_130' title='bbox 431 1621 571 1674; x_wconf 89' lang='lat' dir='ltr'><strong>inter</strong></span> <span class='ocrx_word' id='word_1_131' title='bbox 619 1636 730 1685; x_wconf 88' lang='lat' dir='ltr'><strong>eas,</strong></span> <span class='ocrx_word' id='word_1_132' title='bbox 761 1637 891 1689; x_wconf 89' lang='lat' dir='ltr'><strong>quas</strong></span> <span class='ocrx_word' id='word_1_133' title='bbox 919 1623 972 1676; x_wconf 91' lang='lat' dir='ltr'><strong>in</strong></span> <span class='ocrx_word' id='word_1_134' title='bbox 1006 1624 1242 1677; x_wconf 87' lang='lat' dir='ltr'><strong>diversos</strong></span> <span class='ocrx_word' id='word_1_135' title='bbox 1286 1623 1438 1692; x_wconf 80' lang='lat' dir='ltr'><strong>vulgo</strong></span> <span class='ocrx_word' id='word_1_136' title='bbox 1467 1624 1649 1692; x_wconf 89' lang='lat' dir='ltr'><strong>appel-</strong></span> 
     </span>
    </p>
   </div>
   <div class='ocr_carea' id='block_1_21' title="bbox 127 1714 1641 1782">
    <p class='ocr_par' dir='ltr' id='par_1_21' title="bbox 127 1714 1641 1782">
     <span class='ocr_line' id='line_1_21' title="bbox 127 1714 1641 1782; baseline 0.005 -19"><span class='ocrx_word' id='word_1_137' title='bbox 127 1723 240 1780; x_wconf 82' lang='lat' dir='ltr'><strong>ant,</strong></span> <span class='ocrx_word' id='word_1_138' title='bbox 273 1716 529 1782; x_wconf 89' lang='lat' dir='ltr'><strong>quoniam</strong></span> <span class='ocrx_word' id='word_1_139' title='bbox 563 1714 748 1769; x_wconf 90' lang='lat' dir='ltr'><strong>incerti</strong></span> <span class='ocrx_word' id='word_1_140' title='bbox 783 1727 905 1771; x_wconf 91' lang='lat' dir='ltr'><strong>sunt</strong></span> <span class='ocrx_word' id='word_1_141' title='bbox 947 1717 1204 1782; x_wconf 82' lang='lat' dir='ltr'><strong>auctoris,</strong></span> <span class='ocrx_word' id='word_1_142' title='bbox 1251 1729 1348 1768; x_wconf 90' lang='lat' dir='ltr'><strong>suo</strong></span> <span class='ocrx_word' id='word_1_143' title='bbox 1380 1716 1497 1771; x_wconf 90' lang='lat' dir='ltr'><strong>loco</strong></span> <span class='ocrx_word' id='word_1_144' title='bbox 1528 1716 1641 1770; x_wconf 84' lang='lat' dir='ltr'><strong>dis-</strong></span> 
     </span>
    </p>
   </div>
   <div class='ocr_carea' id='block_1_22' title="bbox 121 1804 448 1858">
    <p class='ocr_par' dir='ltr' id='par_1_22' title="bbox 121 1804 448 1858">
     <span class='ocr_line' id='line_1_22' title="bbox 121 1804 448 1858; baseline 0.012 -4"><span class='ocrx_word' id='word_1_145' title='bbox 121 1804 448 1858; x_wconf 81' lang='lat' dir='ltr'><strong>)utabimus.</strong></span> 
     </span>
    </p>
   </div>
   <div class='ocr_carea' id='block_1_23' title="bbox 178 1911 1656 1981">
    <p class='ocr_par' dir='ltr' id='par_1_23' title="bbox 178 1911 1656 1981">
     <span class='ocr_line' id='line_1_23' title="bbox 178 1911 1656 1981; baseline 0.001 -16"><span class='ocrx_word' id='word_1_146' title='bbox 178 1911 326 1965; x_wconf 80' lang='lat' dir='ltr'><strong>XIII.</strong></span> <span class='ocrx_word' id='word_1_147' title='bbox 369 1911 607 1966; x_wconf 69' lang='lat' dir='ltr'><strong>Humilia:</strong></span> <span class='ocrx_word' id='word_1_148' title='bbox 636 1911 874 1978; x_wconf 82' lang='lat' dir='ltr'><strong>Origenis</strong></span> <span class='ocrx_word' id='word_1_149' title='bbox 914 1913 966 1966; x_wconf 92' lang='lat' dir='ltr'><strong>in</strong></span> <span class='ocrx_word' id='word_1_150' title='bbox 997 1913 1335 1981; x_wconf 84' lang='lat' dir='ltr'><strong>Evangelium</strong></span> <span class='ocrx_word' id='word_1_151' title='bbox 1375 1913 1528 1968; x_wconf 68' lang='lat' dir='ltr'><strong>Lucae</strong></span> <span class='ocrx_word' id='word_1_152' title='bbox 1565 1915 1656 1967; x_wconf 88' lang='lat' dir='ltr'><strong>tri-</strong></span> 
     </span>
    </p>
   </div>
   <div class='ocr_carea' id='block_1_24' title="bbox 121 1997 1645 2068">
    <p class='ocr_par' dir='ltr' id='par_1_24' title="bbox 121 1997 1645 2068">
     <span class='ocr_line' id='line_1_24' title="bbox 121 1997 1645 2068; baseline 0.004 -18"><span class='ocrx_word' id='word_1_153' title='bbox 121 1999 261 2068; x_wconf 76' lang='lat' dir='ltr'><strong>;int&#39;a</strong></span> <span class='ocrx_word' id='word_1_154' title='bbox 297 2013 484 2052; x_wconf 86' lang='lat' dir='ltr'><strong>novem</strong></span> <span class='ocrx_word' id='word_1_155' title='bbox 529 1997 714 2051; x_wconf 82' lang='lat' dir='ltr'><strong>Latina</strong></span> <span class='ocrx_word' id='word_1_156' title='bbox 746 1999 974 2052; x_wconf 77' lang='lat' dir='ltr'><strong>editione</strong></span> <span class='ocrx_word' id='word_1_157' title='bbox 1003 2001 1358 2054; x_wconf 89' lang='lat' dir='ltr'><strong>continentur.</strong></span> <span class='ocrx_word' id='word_1_158' title='bbox 1388 2001 1645 2068; x_wconf 89' lang='lat' dir='ltr'><strong>Interpre-</strong></span> 
     </span>
    </p>
   </div>
   <div class='ocr_carea' id='block_1_25' title="bbox 121 2086 1655 2158">
    <p class='ocr_par' dir='ltr' id='par_1_25' title="bbox 121 2086 1655 2158">
     <span class='ocr_line' id='line_1_25' title="bbox 121 2086 1655 2158; baseline 0.001 -19"><span class='ocrx_word' id='word_1_159' title='bbox 121 2099 218 2140; x_wconf 83' lang='lat' dir='ltr'><strong>:em</strong></span> <span class='ocrx_word' id='word_1_160' title='bbox 249 2102 378 2141; x_wconf 89' lang='lat' dir='ltr'><strong>sese</strong></span> <span class='ocrx_word' id='word_1_161' title='bbox 409 2086 679 2154; x_wconf 80' lang='lat' dir='ltr'><strong>professus</strong></span> <span class='ocrx_word' id='word_1_162' title='bbox 705 2097 786 2140; x_wconf 91' lang='lat' dir='ltr'><strong>est</strong></span> <span class='ocrx_word' id='word_1_163' title='bbox 815 2087 1163 2158; x_wconf 86' lang='lat' dir='ltr'><strong>Hieronymus</strong></span> <span class='ocrx_word' id='word_1_164' title='bbox 1193 2089 1244 2142; x_wconf 93' lang='lat' dir='ltr'><strong>in</strong></span> <span class='ocrx_word' id='word_1_165' title='bbox 1278 2088 1500 2157; x_wconf 88' lang='lat' dir='ltr'><strong>Prologo</strong></span> <span class='ocrx_word' id='word_1_166' title='bbox 1528 2089 1655 2157; x_wconf 85' lang='lat' dir='ltr'><strong>ipsis</strong></span> 
     </span>
    </p>
   </div>
   <div class='ocr_carea' id='block_1_26' title="bbox 121 2176 1653 2248">
    <p class='ocr_par' dir='ltr' id='par_1_26' title="bbox 121 2176 1653 2248">
     <span class='ocr_line' id='line_1_26' title="bbox 121 2176 1653 2248; baseline 0.001 -18"><span class='ocrx_word' id='word_1_167' title='bbox 121 2189 403 2241; x_wconf 76' lang='lat' dir='ltr'><strong>)rzelexto,</strong></span> <span class='ocrx_word' id='word_1_168' title='bbox 438 2189 490 2230; x_wconf 86' lang='lat' dir='ltr'><strong>et</strong></span> <span class='ocrx_word' id='word_1_169' title='bbox 531 2177 582 2229; x_wconf 90' lang='lat' dir='ltr'><strong>in</strong></span> <span class='ocrx_word' id='word_1_170' title='bbox 617 2177 750 2230; x_wconf 80' lang='lat' dir='ltr'><strong>Libro</strong></span> <span class='ocrx_word' id='word_1_171' title='bbox 780 2176 852 2229; x_wconf 82' lang='lat' dir='ltr'><strong>De</strong></span> <span class='ocrx_word' id='word_1_172' title='bbox 881 2179 1116 2245; x_wconf 74' lang='lat' dir='ltr'><strong>scriptor.</strong></span> <span class='ocrx_word' id='word_1_173' title='bbox 1145 2178 1352 2240; x_wconf 82' lang='lat' dir='ltr'><strong>ccclcs.,</strong></span> <span class='ocrx_word' id='word_1_174' title='bbox 1386 2192 1506 2248; x_wconf 85' lang='lat' dir='ltr'><strong>cap.</strong></span> <span class='ocrx_word' id='word_1_175' title='bbox 1531 2179 1653 2232; x_wconf 76' lang='lat' dir='ltr'><strong>M6.</strong></span> 
     </span>
    </p>
   </div>
   <div class='ocr_carea' id='block_1_27' title="bbox 121 2265 1656 2334">
    <p class='ocr_par' dir='ltr' id='par_1_27' title="bbox 121 2265 1656 2334">
     <span class='ocr_line' id='line_1_27' title="bbox 121 2265 1656 2334; baseline 0 -15"><span class='ocrx_word' id='word_1_176' title='bbox 121 2267 381 2320; x_wconf 78' lang='lat' dir='ltr'><strong>Erasmus</strong></span> <span class='ocrx_word' id='word_1_177' title='bbox 407 2268 456 2319; x_wconf 89' lang='lat' dir='ltr'><strong>in</strong></span> <span class='ocrx_word' id='word_1_178' title='bbox 486 2266 718 2332; x_wconf 79' lang='lat' dir='ltr'><strong>Epistula</strong></span> <span class='ocrx_word' id='word_1_179' title='bbox 743 2269 808 2320; x_wconf 87' lang='lat' dir='ltr'><strong>ad</strong></span> <span class='ocrx_word' id='word_1_180' title='bbox 838 2265 1174 2320; x_wconf 80' lang='lat' dir='ltr'><strong>Franciscutn</strong></span> <span class='ocrx_word' id='word_1_181' title='bbox 1205 2266 1499 2334; x_wconf 79' lang='lat' dir='ltr'><strong>Cigaliuum</strong></span> <span class='ocrx_word' id='word_1_182' title='bbox 1529 2269 1656 2322; x_wconf 85' lang='lat' dir='ltr'><strong>scri-</strong></span> 
     </span>
    </p>
   </div>
   <div class='ocr_carea' id='block_1_28' title="bbox 121 2355 1664 2424">
    <p class='ocr_par' dir='ltr' id='par_1_28' title="bbox 121 2355 1664 2424">
     <span class='ocr_line' id='line_1_28' title="bbox 121 2355 1664 2424; baseline 0 -14"><span class='ocrx_word' id='word_1_183' title='bbox 121 2367 309 2424; x_wconf 71' lang='lat' dir='ltr'><strong>pserat</strong></span> <span class='ocrx_word' id='word_1_184' title='bbox 344 2359 438 2410; x_wconf 89' lang='lat' dir='ltr'><strong>bas</strong></span> <span class='ocrx_word' id='word_1_185' title='bbox 463 2357 676 2410; x_wconf 84' lang='lat' dir='ltr'><strong>alterius</strong></span> <span class='ocrx_word' id='word_1_186' title='bbox 704 2355 974 2422; x_wconf 86' lang='lat' dir='ltr'><strong>cujusdam</strong></span> <span class='ocrx_word' id='word_1_187' title='bbox 1001 2371 1120 2410; x_wconf 83' lang='lat' dir='ltr'><strong>esse</strong></span> <span class='ocrx_word' id='word_1_188' title='bbox 1145 2357 1332 2422; x_wconf 90' lang='lat' dir='ltr'><strong>videri,</strong></span> <span class='ocrx_word' id='word_1_189' title='bbox 1360 2372 1516 2424; x_wconf 89' lang='lat' dir='ltr'><strong>quam</strong></span> <span class='ocrx_word' id='word_1_190' title='bbox 1543 2355 1664 2410; x_wconf 84' lang='lat' dir='ltr'><strong>Ori-</strong></span> 
     </span>
    </p>
   </div>
   <div class='ocr_carea' id='block_1_29' title="bbox 121 2441 1666 2514">
    <p class='ocr_par' dir='ltr' id='par_1_29' title="bbox 121 2441 1666 2514">
     <span class='ocr_line' id='line_1_29' title="bbox 121 2441 1666 2514; baseline 0.001 -16"><span class='ocrx_word' id='word_1_191' title='bbox 121 2446 297 2514; x_wconf 71' lang='lat' dir='ltr'><strong>genis,</strong></span> <span class='ocrx_word' id='word_1_192' title='bbox 340 2444 432 2497; x_wconf 85' lang='lat' dir='ltr'><strong>sed</strong></span> <span class='ocrx_word' id='word_1_193' title='bbox 491 2443 543 2496; x_wconf 89' lang='lat' dir='ltr'><strong>in</strong></span> <span class='ocrx_word' id='word_1_194' title='bbox 575 2441 804 2495; x_wconf 78' lang='lat' dir='ltr'><strong>Censura</strong></span> <span class='ocrx_word' id='word_1_195' title='bbox 851 2443 917 2494; x_wconf 89' lang='lat' dir='ltr'><strong>ad</strong></span> <span class='ocrx_word' id='word_1_196' title='bbox 973 2443 1130 2496; x_wconf 80' lang='lat' dir='ltr'><strong>libros</strong></span> <span class='ocrx_word' id='word_1_197' title='bbox 1166 2443 1398 2511; x_wconf 83' lang='lat' dir='ltr'><strong>Origenis</strong></span> <span class='ocrx_word' id='word_1_198' title='bbox 1445 2444 1666 2500; x_wconf 80' lang='lat' dir='ltr'><strong>mutavit</strong></span> 
     </span>
    </p>
   </div>
   <div class='ocr_carea' id='block_1_30' title="bbox 121 2531 1662 2600">
    <p class='ocr_par' dir='ltr' id='par_1_30' title="bbox 121 2531 1662 2600">
     <span class='ocr_line' id='line_1_30' title="bbox 121 2531 1662 2600; baseline -0.002 -12"><span class='ocrx_word' id='word_1_199' title='bbox 121 2537 498 2596; x_wconf 87' lang='lat' dir='ltr'><strong>sententiam,</strong></span> <span class='ocrx_word' id='word_1_200' title='bbox 543 2541 596 2584; x_wconf 90' lang='lat' dir='ltr'><strong>et</strong></span> <span class='ocrx_word' id='word_1_201' title='bbox 647 2546 827 2584; x_wconf 88' lang='lat' dir='ltr'><strong>verum</strong></span> <span class='ocrx_word' id='word_1_202' title='bbox 885 2540 1150 2585; x_wconf 88' lang='lat' dir='ltr'><strong>auctorem</strong></span> <span class='ocrx_word' id='word_1_203' title='bbox 1188 2531 1417 2600; x_wconf 78' lang='lat' dir='ltr'><strong>agnovit.</strong></span> <span class='ocrx_word' id='word_1_204' title='bbox 1465 2531 1662 2586; x_wconf 80' lang='lat' dir='ltr'><strong>Nihilo-</strong></span> 
     </span>
    </p>
   </div>
   <div class='ocr_carea' id='block_1_31' title="bbox 121 2618 1665 2690">
    <p class='ocr_par' dir='ltr' id='par_1_31' title="bbox 121 2618 1665 2690">
     <span class='ocr_line' id='line_1_31' title="bbox 121 2618 1665 2690; baseline -0.001 -13"><span class='ocrx_word' id='word_1_205' title='bbox 121 2625 310 2677; x_wconf 78' lang='lat' dir='ltr'><strong>minus</strong></span> <span class='ocrx_word' id='word_1_206' title='bbox 345 2622 417 2673; x_wconf 90' lang='lat' dir='ltr'><strong>ita</strong></span> <span class='ocrx_word' id='word_1_207' title='bbox 469 2621 678 2673; x_wconf 86' lang='lat' dir='ltr'><strong>disserit</strong></span> <span class='ocrx_word' id='word_1_208' title='bbox 720 2642 732 2674; x_wconf 88' lang='lat'><strong>:</strong></span> <span class='ocrx_word' id='word_1_209' title='bbox 767 2637 786 2670; x_wconf 82' lang='lat' dir='ltr'><strong>t</strong></span> <span class='ocrx_word' id='word_1_210' title='bbox 815 2618 870 2672; x_wconf 92' lang='lat' dir='ltr'><strong>In</strong></span> <span class='ocrx_word' id='word_1_211' title='bbox 908 2619 1157 2690; x_wconf 79' lang='lat' dir='ltr'><strong>Catalogo</strong></span> <span class='ocrx_word' id='word_1_212' title='bbox 1200 2631 1373 2674; x_wconf 85' lang='lat' dir='ltr'><strong>tamen</strong></span> <span class='ocrx_word' id='word_1_213' title='bbox 1417 2622 1488 2674; x_wconf 83' lang='lat' dir='ltr'><strong>ita</strong></span> <span class='ocrx_word' id='word_1_214' title='bbox 1539 2619 1665 2675; x_wconf 76' lang='lat' dir='ltr'><strong>facit</strong></span> 
     </span>
    </p>
   </div>
   <div class='ocr_carea' id='block_1_32' title="bbox 122 2707 1659 2779">
    <p class='ocr_par' dir='ltr' id='par_1_32' title="bbox 122 2707 1659 2779">
     <span class='ocr_line' id='line_1_32' title="bbox 122 2707 1659 2779; baseline 0.002 -16"><span class='ocrx_word' id='word_1_215' title='bbox 122 2710 288 2777; x_wconf 72' lang='lat' dir='ltr'><strong>aujus</strong></span> <span class='ocrx_word' id='word_1_216' title='bbox 334 2708 510 2774; x_wconf 86' lang='lat' dir='ltr'><strong>operis</strong></span> <span class='ocrx_word' id='word_1_217' title='bbox 561 2709 878 2761; x_wconf 80' lang='lat' dir='ltr'><strong>mentionem</strong></span> <span class='ocrx_word' id='word_1_218' title='bbox 906 2707 1340 2778; x_wconf 78' lang='lat' dir='ltr'><strong>(Hieronymus),</strong></span> <span class='ocrx_word' id='word_1_219' title='bbox 1387 2719 1446 2763; x_wconf 90' lang='lat' dir='ltr'><strong>ut</strong></span> <span class='ocrx_word' id='word_1_220' title='bbox 1494 2710 1659 2779; x_wconf 80' lang='lat' dir='ltr'><strong>magis</strong></span> 
     </span>
    </p>
   </div>
   <div class='ocr_carea' id='block_1_33' title="bbox 121 2796 1670 2866">
    <p class='ocr_par' dir='ltr' id='par_1_33' title="bbox 121 2796 1670 2866">
     <span class='ocr_line' id='line_1_33' title="bbox 121 2796 1670 2866; baseline 0.003 -17"><span class='ocrx_word' id='word_1_221' title='bbox 121 2800 382 2851; x_wconf 81' lang='lat' dir='ltr'><strong>videatur</strong></span> <span class='ocrx_word' id='word_1_222' title='bbox 426 2811 490 2849; x_wconf 81' lang='lat' dir='ltr'><strong>ex</strong></span> <span class='ocrx_word' id='word_1_223' title='bbox 538 2797 752 2866; x_wconf 89' lang='lat' dir='ltr'><strong>Ditlymo</strong></span> <span class='ocrx_word' id='word_1_224' title='bbox 785 2808 1020 2851; x_wconf 82' lang='lat' dir='ltr'><strong>vertisse.</strong></span> <span class='ocrx_word' id='word_1_225' title='bbox 1065 2797 1194 2852; x_wconf 84' lang='lat' dir='ltr'><strong>Cum</strong></span> <span class='ocrx_word' id='word_1_226' title='bbox 1234 2799 1374 2852; x_wconf 88' lang='lat' dir='ltr'><strong>enim</strong></span> <span class='ocrx_word' id='word_1_227' title='bbox 1425 2796 1670 2866; x_wconf 80' lang='lat' dir='ltr'><strong>Origcnis</strong></span> 
     </span>
    </p>
   </div>
   <div class='ocr_carea' id='block_1_34' title="bbox 121 2885 1673 2954">
    <p class='ocr_par' dir='ltr' id='par_1_34' title="bbox 121 2885 1673 2954">
     <span class='ocr_line' id='line_1_34' title="bbox 121 2885 1673 2954; baseline -0.001 -12"><span class='ocrx_word' id='word_1_228' title='bbox 121 2889 463 2942; x_wconf 87' lang='lat' dir='ltr'><strong>mentionem</strong></span> <span class='ocrx_word' id='word_1_229' title='bbox 509 2885 830 2953; x_wconf 74' lang='lat' dir='ltr'><strong>reliquisset,</strong></span> <span class='ocrx_word' id='word_1_230' title='bbox 861 2896 978 2954; x_wconf 91' lang='lat' dir='ltr'><strong>post</strong></span> <span class='ocrx_word' id='word_1_231' title='bbox 1009 2887 1146 2940; x_wconf 88' lang='lat' dir='ltr'><strong>hunc</strong></span> <span class='ocrx_word' id='word_1_232' title='bbox 1178 2887 1228 2940; x_wconf 93' lang='lat' dir='ltr'><strong>in</strong></span> <span class='ocrx_word' id='word_1_233' title='bbox 1263 2889 1472 2941; x_wconf 90' lang='lat' dir='ltr'><strong>modum</strong></span> <span class='ocrx_word' id='word_1_234' title='bbox 1506 2887 1673 2954; x_wconf 85' lang='lat' dir='ltr'><strong>loqui—</strong></span> 
     </span>
    </p>
   </div>
   <div class='ocr_carea' id='block_1_35' title="bbox 121 2970 1671 3044">
    <p class='ocr_par' dir='ltr' id='par_1_35' title="bbox 121 2970 1671 3044">
     <span class='ocr_line' id='line_1_35' title="bbox 121 2970 1671 3044; baseline 0.001 -17"><span class='ocrx_word' id='word_1_235' title='bbox 121 2987 248 3028; x_wconf 90' lang='lat' dir='ltr'><strong>tur:</strong></span> <span class='ocrx_word' id='word_1_236' title='bbox 296 2990 319 3022; x_wconf 74' lang='grc' dir='ltr'>ι</span> <span class='ocrx_word' id='word_1_237' title='bbox 349 2971 420 3023; x_wconf 90' lang='lat' dir='ltr'><strong>De</strong></span> <span class='ocrx_word' id='word_1_238' title='bbox 452 2970 650 3038; x_wconf 89' lang='lat' dir='ltr'><strong>Spiritu</strong></span> <span class='ocrx_word' id='word_1_239' title='bbox 691 2984 874 3026; x_wconf 85' lang='lat' dir='ltr'><strong>sancto</strong></span> <span class='ocrx_word' id='word_1_240' title='bbox 905 2972 1126 3043; x_wconf 81' lang='lat' dir='ltr'><strong>Didymi,</strong></span> <span class='ocrx_word' id='word_1_241' title='bbox 1156 2989 1311 3044; x_wconf 89' lang='lat' dir='ltr'><strong>quem</strong></span> <span class='ocrx_word' id='word_1_242' title='bbox 1352 2977 1402 3029; x_wconf 90' lang='lat' dir='ltr'><strong>in</strong></span> <span class='ocrx_word' id='word_1_243' title='bbox 1432 2974 1671 3029; x_wconf 77' lang='lat' dir='ltr'><strong>Latintnn</strong></span> 
     </span>
    </p>
   </div>
   <div class='ocr_carea' id='block_1_36' title="bbox 121 3059 1670 3134">
    <p class='ocr_par' dir='ltr' id='par_1_36' title="bbox 121 3059 1670 3134">
     <span class='ocr_line' id='line_1_36' title="bbox 121 3059 1670 3134; baseline 0.002 -19"><span class='ocrx_word' id='word_1_244' title='bbox 121 3059 414 3121; x_wconf 87' lang='lat' dir='ltr'><strong>transtuli,</strong></span> <span class='ocrx_word' id='word_1_245' title='bbox 445 3061 630 3113; x_wconf 85' lang='lat' dir='ltr'><strong>librqu</strong></span> <span class='ocrx_word' id='word_1_246' title='bbox 660 3077 840 3127; x_wconf 90' lang='lat' dir='ltr'><strong>unum,</strong></span> <span class='ocrx_word' id='word_1_247' title='bbox 869 3063 921 3115; x_wconf 90' lang='lat' dir='ltr'><strong>in</strong></span> <span class='ocrx_word' id='word_1_248' title='bbox 953 3063 1146 3117; x_wconf 86' lang='lat' dir='ltr'><strong>Lucam</strong></span> <span class='ocrx_word' id='word_1_249' title='bbox 1178 3066 1423 3118; x_wconf 84' lang='lat' dir='ltr'><strong>ltOmilias</strong></span> <span class='ocrx_word' id='word_1_250' title='bbox 1459 3067 1670 3134; x_wconf 75' lang='lat' dir='ltr'><strong>triginta</strong></span> 
     </span>
    </p>
   </div>
   <div class='ocr_carea' id='block_1_37' title="bbox 121 3152 1671 3226">
    <p class='ocr_par' dir='ltr' id='par_1_37' title="bbox 121 3152 1671 3226">
     <span class='ocr_line' id='line_1_37' title="bbox 121 3152 1671 3226; baseline 0.003 -18"><span class='ocrx_word' id='word_1_251' title='bbox 121 3169 355 3214; x_wconf 86' lang='lat' dir='ltr'><strong>novem,</strong></span> <span class='ocrx_word' id='word_1_252' title='bbox 398 3152 450 3204; x_wconf 89' lang='lat' dir='ltr'><strong>in</strong></span> <span class='ocrx_word' id='word_1_253' title='bbox 498 3152 729 3206; x_wconf 81' lang='lat' dir='ltr'><strong>Psalmos</strong></span> <span class='ocrx_word' id='word_1_254' title='bbox 768 3169 797 3206; x_wconf 87' lang='lat' dir='ltr'><strong>a</strong></span> <span class='ocrx_word' id='word_1_255' title='bbox 843 3156 1045 3210; x_wconf 86' lang='lat' dir='ltr'><strong>decimo</strong></span> <span class='ocrx_word' id='word_1_256' title='bbox 1095 3171 1262 3226; x_wconf 86' lang='lat' dir='ltr'><strong>usque</strong></span> <span class='ocrx_word' id='word_1_257' title='bbox 1305 3159 1369 3210; x_wconf 88' lang='lat' dir='ltr'><strong>ad</strong></span> <span class='ocrx_word' id='word_1_258' title='bbox 1416 3158 1671 3212; x_wconf 79' lang='lat' dir='ltr'><strong>decimum</strong></span> 
     </span>
    </p>
   </div>
   <div class='ocr_carea' id='block_1_38' title="bbox 121 3243 1668 3311">
    <p class='ocr_par' dir='ltr' id='par_1_38' title="bbox 121 3243 1668 3311">
     <span class='ocr_line' id='line_1_38' title="bbox 121 3243 1668 3311; baseline -0.001 -14"><span class='ocrx_word' id='word_1_259' title='bbox 121 3254 350 3300; x_wconf 84' lang='lat' dir='ltr'><strong>sextum</strong></span> <span class='ocrx_word' id='word_1_260' title='bbox 377 3250 624 3294; x_wconf 84' lang='lat' dir='ltr'><strong>tractatus</strong></span> <span class='ocrx_word' id='word_1_261' title='bbox 645 3243 1070 3311; x_wconf 84' lang='lat' dir='ltr'><strong>septetn,captivi</strong></span> <span class='ocrx_word' id='word_1_262' title='bbox 1089 3245 1668 3308; x_wconf 75' lang='lat' dir='ltr'><strong>monacbivitam,etc.i</strong></span> 
     </span>
    </p>
   </div>
   <div class='ocr_carea' id='block_1_39' title="bbox 121 3327 1670 3406">
    <p class='ocr_par' dir='ltr' id='par_1_39' title="bbox 121 3327 1670 3406">
     <span class='ocr_line' id='line_1_39' title="bbox 121 3327 1670 3406; baseline 0.001 -25"><span class='ocrx_word' id='word_1_263' title='bbox 121 3329 350 3396; x_wconf 83' lang='lat' dir='ltr'><strong>Quibus</strong></span> <span class='ocrx_word' id='word_1_264' title='bbox 379 3342 442 3379; x_wconf 90' lang='lat' dir='ltr'><strong>ex</strong></span> <span class='ocrx_word' id='word_1_265' title='bbox 475 3328 650 3406; x_wconf 79' lang='lat' dir='ltr'><strong>verbis</strong></span> <span class='ocrx_word' id='word_1_266' title='bbox 689 3327 818 3379; x_wconf 87' lang='lat' dir='ltr'><strong>nihil</strong></span> <span class='ocrx_word' id='word_1_267' title='bbox 851 3327 991 3380; x_wconf 85' lang='lat' dir='ltr'><strong>aliud</strong></span> <span class='ocrx_word' id='word_1_268' title='bbox 1040 3329 1257 3397; x_wconf 87' lang='lat' dir='ltr'><strong>intelligi</strong></span> <span class='ocrx_word' id='word_1_269' title='bbox 1291 3339 1480 3396; x_wconf 77' lang='lat' dir='ltr'><strong>potest,</strong></span> <span class='ocrx_word' id='word_1_270' title='bbox 1513 3343 1670 3398; x_wconf 88' lang='lat' dir='ltr'><strong>quam</strong></span> 
     </span>
    </p>
   </div>
   <div class='ocr_carea' id='block_1_40' title="bbox 121 3415 1672 3486">
    <p class='ocr_par' dir='ltr' id='par_1_40' title="bbox 121 3415 1672 3486">
     <span class='ocr_line' id='line_1_40' title="bbox 121 3415 1672 3486; baseline -0.001 -15"><span class='ocrx_word' id='word_1_271' title='bbox 121 3429 216 3472; x_wconf 86' lang='lat' dir='ltr'><strong>aut</strong></span> <span class='ocrx_word' id='word_1_272' title='bbox 258 3431 388 3469; x_wconf 89' lang='lat' dir='ltr'><strong>esse</strong></span> <span class='ocrx_word' id='word_1_273' title='bbox 429 3415 727 3486; x_wconf 88' lang='lat' dir='ltr'><strong>llieronymi</strong></span> <span class='ocrx_word' id='word_1_274' title='bbox 762 3418 861 3470; x_wconf 83' lang='lat' dir='ltr'><strong>huc</strong></span> <span class='ocrx_word' id='word_1_275' title='bbox 891 3431 1044 3486; x_wconf 92' lang='lat' dir='ltr'><strong>opus,</strong></span> <span class='ocrx_word' id='word_1_276' title='bbox 1070 3427 1162 3469; x_wconf 92' lang='lat' dir='ltr'><strong>aut</strong></span> <span class='ocrx_word' id='word_1_277' title='bbox 1186 3419 1251 3472; x_wconf 90' lang='lat' dir='ltr'><strong>ab</strong></span> <span class='ocrx_word' id='word_1_278' title='bbox 1285 3433 1348 3472; x_wconf 91' lang='lat' dir='ltr'><strong>eo</strong></span> <span class='ocrx_word' id='word_1_279' title='bbox 1377 3433 1582 3472; x_wconf 90' lang='lat' dir='ltr'><strong>versum</strong></span> <span class='ocrx_word' id='word_1_280' title='bbox 1610 3431 1672 3469; x_wconf 83' lang='lat' dir='ltr'><strong>ex</strong></span> 
     </span>
    </p>
   </div>
   <div class='ocr_carea' id='block_1_41' title="bbox 121 3503 1672 3576">
    <p class='ocr_par' dir='ltr' id='par_1_41' title="bbox 121 3503 1672 3576">
     <span class='ocr_line' id='line_1_41' title="bbox 121 3503 1672 3576; baseline -0.003 -14"><span class='ocrx_word' id='word_1_281' title='bbox 121 3508 391 3576; x_wconf 80' lang='lat' dir='ltr'><strong>Didymo.</strong></span> <span class='ocrx_word' id='word_1_282' title='bbox 439 3503 547 3556; x_wconf 88' lang='lat' dir='ltr'><strong>lloc</strong></span> <span class='ocrx_word' id='word_1_283' title='bbox 593 3515 768 3557; x_wconf 86' lang='lat' dir='ltr'><strong>utrum</strong></span> <span class='ocrx_word' id='word_1_284' title='bbox 817 3521 940 3560; x_wconf 87' lang='lat' dir='ltr'><strong>casu</strong></span> <span class='ocrx_word' id='word_1_285' title='bbox 981 3522 1044 3558; x_wconf 88' lang='lat' dir='ltr'><strong>an</strong></span> <span class='ocrx_word' id='word_1_286' title='bbox 1092 3507 1265 3560; x_wconf 89' lang='lat' dir='ltr'><strong>studio</strong></span> <span class='ocrx_word' id='word_1_287' title='bbox 1322 3507 1515 3561; x_wconf 79' lang='lat' dir='ltr'><strong>factum</strong></span> <span class='ocrx_word' id='word_1_288' title='bbox 1571 3507 1672 3568; x_wconf 85' lang='lat' dir='ltr'><strong>sit,</strong></span> 
     </span>
    </p>
   </div>
   <div class='ocr_carea' id='block_1_42' title="bbox 121 3594 1676 3665">
    <p class='ocr_par' dir='ltr' id='par_1_42' title="bbox 121 3594 1676 3665">
     <span class='ocr_line' id='line_1_42' title="bbox 121 3594 1676 3665; baseline -0.002 -14"><span class='ocrx_word' id='word_1_289' title='bbox 121 3596 348 3652; x_wconf 86' lang='lat' dir='ltr'><strong>nescio.</strong></span> <span class='ocrx_word' id='word_1_290' title='bbox 375 3611 394 3645; x_wconf 75' lang='grc' dir='ltr'><strong><em>ι</em></strong></span> <span class='ocrx_word' id='word_1_291' title='bbox 439 3595 505 3646; x_wconf 83' lang='lat' dir='ltr'><strong>At</strong></span> <span class='ocrx_word' id='word_1_292' title='bbox 543 3594 876 3648; x_wconf 83' lang='lat' dir='ltr'><strong>observasset</strong></span> <span class='ocrx_word' id='word_1_293' title='bbox 918 3595 1168 3650; x_wconf 87' lang='lat' dir='ltr'><strong>Erasmus</strong></span> <span class='ocrx_word' id='word_1_294' title='bbox 1213 3597 1324 3665; x_wconf 83' lang='lat' dir='ltr'><strong>pari</strong></span> <span class='ocrx_word' id='word_1_295' title='bbox 1369 3606 1676 3664; x_wconf 84' lang='lat' dir='ltr'><strong>argumento</strong></span> 
     </span>
    </p>
   </div>
   <div class='ocr_carea' id='block_1_43' title="bbox 121 3683 1676 3741">
    <p class='ocr_par' dir='ltr' id='par_1_43' title="bbox 121 3683 1676 3741">
     <span class='ocr_line' id='line_1_43' title="bbox 121 3683 1676 3741; baseline -0.003 0"><span class='ocrx_word' id='word_1_296' title='bbox 121 3685 483 3741; x_wconf 80' lang='lat' dir='ltr'><strong>liontiliarum</strong></span> <span class='ocrx_word' id='word_1_297' title='bbox 513 3683 730 3735; x_wconf 88' lang='lat' dir='ltr'><strong>duarqu</strong></span> <span class='ocrx_word' id='word_1_298' title='bbox 758 3683 808 3736; x_wconf 90' lang='lat' dir='ltr'><strong>in</strong></span> <span class='ocrx_word' id='word_1_299' title='bbox 838 3683 1111 3737; x_wconf 84' lang='lat' dir='ltr'><strong>Canticum</strong></span> <span class='ocrx_word' id='word_1_300' title='bbox 1143 3693 1407 3737; x_wconf 88' lang='lat' dir='ltr'><strong>auctorem</strong></span> <span class='ocrx_word' id='word_1_301' title='bbox 1440 3684 1676 3739; x_wconf 86' lang='lat' dir='ltr'><strong>revocari</strong></span> 
     </span>
    </p>
   </div>
   <div class='ocr_carea' id='block_1_44' title="bbox 121 3771 1679 3844">
    <p class='ocr_par' dir='ltr' id='par_1_44' title="bbox 121 3771 1679 3844">
     <span class='ocr_line' id='line_1_44' title="bbox 121 3771 1679 3844; baseline -0.003 -14"><span class='ocrx_word' id='word_1_302' title='bbox 121 3790 303 3844; x_wconf 81' lang='lat' dir='ltr'><strong>posse</strong></span> <span class='ocrx_word' id='word_1_303' title='bbox 334 3773 384 3823; x_wconf 88' lang='lat' dir='ltr'><strong>in</strong></span> <span class='ocrx_word' id='word_1_304' title='bbox 412 3771 643 3834; x_wconf 88' lang='lat' dir='ltr'><strong>dubium,</strong></span> <span class='ocrx_word' id='word_1_305' title='bbox 670 3785 787 3824; x_wconf 91' lang='lat' dir='ltr'><strong>cum</strong></span> <span class='ocrx_word' id='word_1_306' title='bbox 822 3772 872 3824; x_wconf 91' lang='lat' dir='ltr'><strong>in</strong></span> <span class='ocrx_word' id='word_1_307' title='bbox 897 3773 1079 3825; x_wconf 90' lang='lat' dir='ltr'><strong>eodem</strong></span> <span class='ocrx_word' id='word_1_308' title='bbox 1106 3773 1339 3840; x_wconf 85' lang='lat' dir='ltr'><strong>Catalogi</strong></span> <span class='ocrx_word' id='word_1_309' title='bbox 1371 3775 1539 3841; x_wconf 86' lang='lat' dir='ltr'><strong>capite</strong></span> <span class='ocrx_word' id='word_1_310' title='bbox 1568 3775 1679 3827; x_wconf 69' lang='lat' dir='ltr'><strong>haec</strong></span> 
     </span>
    </p>
   </div>
   <div class='ocr_carea' id='block_1_45' title="bbox 121 3857 1678 3928">
    <p class='ocr_par' dir='ltr' id='par_1_45' title="bbox 121 3857 1678 3928">
     <span class='ocr_line' id='line_1_45' title="bbox 121 3857 1678 3928; baseline -0.003 -9"><span class='ocrx_word' id='word_1_311' title='bbox 121 3867 346 3919; x_wconf 81' lang='lat' dir='ltr'><strong>habeat</strong></span> <span class='ocrx_word' id='word_1_312' title='bbox 378 3857 762 3928; x_wconf 88' lang='lat' dir='ltr'><strong>Ilieronymus:</strong></span> <span class='ocrx_word' id='word_1_313' title='bbox 801 3877 818 3909; x_wconf 82' lang='lat' dir='ltr'><strong>t</strong></span> <span class='ocrx_word' id='word_1_314' title='bbox 852 3861 921 3912; x_wconf 86' lang='lat' dir='ltr'><strong>De</strong></span> <span class='ocrx_word' id='word_1_315' title='bbox 953 3861 1118 3914; x_wconf 81' lang='lat' dir='ltr'><strong>tribus</strong></span> <span class='ocrx_word' id='word_1_316' title='bbox 1141 3861 1522 3928; x_wconf 66' lang='lat' dir='ltr'><strong>quaestionibus</strong></span> <span class='ocrx_word' id='word_1_317' title='bbox 1550 3862 1678 3928; x_wconf 82' lang='lat' dir='ltr'><strong>legis</strong></span> 
     </span>
    </p>
   </div>
   <div class='ocr_carea' id='block_1_46' title="bbox 121 3945 1678 4010">
    <p class='ocr_par' dir='ltr' id='par_1_46' title="bbox 121 3945 1678 4010">
     <span class='ocr_line' id='line_1_46' title="bbox 121 3945 1678 4010; baseline -0.002 -7"><span class='ocrx_word' id='word_1_318' title='bbox 121 3947 372 4006; x_wconf 80' lang='lat' dir='ltr'><strong>veteris.</strong></span> <span class='ocrx_word' id='word_1_319' title='bbox 402 3946 646 3999; x_wconf 84' lang='lat' dir='ltr'><strong>homilias</strong></span> <span class='ocrx_word' id='word_1_320' title='bbox 687 3947 738 3998; x_wconf 86' lang='lat' dir='ltr'><strong>in</strong></span> <span class='ocrx_word' id='word_1_321' title='bbox 776 3945 988 3998; x_wconf 77' lang='lat' dir='ltr'><strong>Cantica</strong></span> <span class='ocrx_word' id='word_1_322' title='bbox 1036 3950 1351 4000; x_wconf 84' lang='lat' dir='ltr'><strong>canticorum</strong></span> <span class='ocrx_word' id='word_1_323' title='bbox 1389 3950 1547 4010; x_wconf 86' lang='lat' dir='ltr'><strong>duas,</strong></span> <span class='ocrx_word' id='word_1_324' title='bbox 1583 3951 1678 4001; x_wconf 81' lang='lat' dir='ltr'><strong>atl-</strong></span> 
     </span>
    </p>
   </div>
   <div class='ocr_carea' id='block_1_47' title="bbox 121 4034 1680 4104">
    <p class='ocr_par' dir='ltr' id='par_1_47' title="bbox 121 4034 1680 4104">
     <span class='ocr_line' id='line_1_47' title="bbox 121 4034 1680 4104; baseline -0.004 -8"><span class='ocrx_word' id='word_1_325' title='bbox 121 4053 327 4096; x_wconf 79' lang='lat' dir='ltr'><strong>rersus</strong></span> <span class='ocrx_word' id='word_1_326' title='bbox 372 4034 686 4087; x_wconf 77' lang='lat' dir='ltr'><strong>Helvidium.</strong></span> <span class='ocrx_word' id='word_1_327' title='bbox 712 4053 732 4085; x_wconf 74' lang='grc' dir='ltr'><strong><em>ι</em></strong></span> <span class='ocrx_word' id='word_1_328' title='bbox 774 4035 967 4104; x_wconf 83' lang='lat' dir='ltr'><strong>Nempe</strong></span> <span class='ocrx_word' id='word_1_329' title='bbox 1013 4037 1240 4089; x_wconf 77' lang='lat' dir='ltr'><strong>auctoris</strong></span> <span class='ocrx_word' id='word_1_330' title='bbox 1287 4051 1473 4089; x_wconf 84' lang='lat' dir='ltr'><strong>nomen</strong></span> <span class='ocrx_word' id='word_1_331' title='bbox 1511 4037 1680 4090; x_wconf 85' lang='lat' dir='ltr'><strong>ascri-</strong></span> 
     </span>
    </p>
   </div>
   <div class='ocr_carea' id='block_1_48' title="bbox 121 4123 1680 4192">
    <p class='ocr_par' dir='ltr' id='par_1_48' title="bbox 121 4123 1680 4192">
     <span class='ocr_line' id='line_1_48' title="bbox 121 4123 1680 4192; baseline -0.005 -7"><span class='ocrx_word' id='word_1_332' title='bbox 121 4133 272 4186; x_wconf 89' lang='lat' dir='ltr'><strong>bere</strong></span> <span class='ocrx_word' id='word_1_333' title='bbox 316 4125 572 4192; x_wconf 81' lang='lat' dir='ltr'><strong>neglexit,</strong></span> <span class='ocrx_word' id='word_1_334' title='bbox 602 4138 756 4190; x_wconf 90' lang='lat' dir='ltr'><strong>quem</strong></span> <span class='ocrx_word' id='word_1_335' title='bbox 789 4123 999 4178; x_wconf 88' lang='lat' dir='ltr'><strong>aliunde</strong></span> <span class='ocrx_word' id='word_1_336' title='bbox 1025 4125 1155 4178; x_wconf 88' lang='lat' dir='ltr'><strong>satis</strong></span> <span class='ocrx_word' id='word_1_337' title='bbox 1181 4133 1356 4177; x_wconf 90' lang='lat' dir='ltr'><strong>notum</strong></span> <span class='ocrx_word' id='word_1_338' title='bbox 1389 4139 1510 4177; x_wconf 87' lang='lat' dir='ltr'><strong>esse</strong></span> <span class='ocrx_word' id='word_1_339' title='bbox 1548 4125 1680 4177; x_wconf 85' lang='lat' dir='ltr'><strong>scie-</strong></span> 
     </span>
    </p>
   </div>
   <div class='ocr_carea' id='block_1_49' title="bbox 121 4213 1679 4275">
    <p class='ocr_par' dir='ltr' id='par_1_49' title="bbox 121 4213 1679 4275">
     <span class='ocr_line' id='line_1_49' title="bbox 121 4213 1679 4275; baseline -0.006 -2"><span class='ocrx_word' id='word_1_340' title='bbox 121 4223 246 4275; x_wconf 78' lang='lat' dir='ltr'><strong>bat.</strong></span> <span class='ocrx_word' id='word_1_341' title='bbox 283 4215 448 4268; x_wconf 82' lang='lat' dir='ltr'><strong>Addit</strong></span> <span class='ocrx_word' id='word_1_342' title='bbox 494 4213 777 4265; x_wconf 87' lang='lat' dir='ltr'><strong>Erasmus:</strong></span> <span class='ocrx_word' id='word_1_343' title='bbox 813 4231 832 4263; x_wconf 72' lang='grc' dir='ltr'>ι</span> <span class='ocrx_word' id='word_1_344' title='bbox 865 4213 991 4266; x_wconf 89' lang='lat' dir='ltr'><strong>Dein</strong></span> <span class='ocrx_word' id='word_1_345' title='bbox 1037 4229 1156 4267; x_wconf 89' lang='lat' dir='ltr'><strong>cum</strong></span> <span class='ocrx_word' id='word_1_346' title='bbox 1190 4214 1242 4266; x_wconf 92' lang='lat' dir='ltr'><strong>in</strong></span> <span class='ocrx_word' id='word_1_347' title='bbox 1294 4215 1500 4266; x_wconf 69' lang='lat' dir='ltr'><strong>caeteris</strong></span> <span class='ocrx_word' id='word_1_348' title='bbox 1551 4213 1679 4266; x_wconf 86' lang='lat' dir='ltr'><strong>nihil</strong></span> 
     </span>
    </p>
   </div>
   <div class='ocr_carea' id='block_1_50' title="bbox 122 4303 1682 4373">
    <p class='ocr_par' dir='ltr' id='par_1_50' title="bbox 122 4303 1682 4373">
     <span class='ocr_line' id='line_1_50' title="bbox 122 4303 1682 4373; baseline -0.008 -5"><span class='ocrx_word' id='word_1_349' title='bbox 122 4316 411 4368; x_wconf 78' lang='lat' dir='ltr'><strong>habeatur</strong></span> <span class='ocrx_word' id='word_1_350' title='bbox 455 4306 675 4370; x_wconf 89' lang='lat' dir='ltr'><strong>erroris,</strong></span> <span class='ocrx_word' id='word_1_351' title='bbox 708 4306 794 4359; x_wconf 88' lang='lat' dir='ltr'><strong>hic</strong></span> <span class='ocrx_word' id='word_1_352' title='bbox 845 4305 1004 4358; x_wconf 90' lang='lat' dir='ltr'><strong>multa</strong></span> <span class='ocrx_word' id='word_1_353' title='bbox 1047 4315 1169 4360; x_wconf 90' lang='lat' dir='ltr'><strong>sunt</strong></span> <span class='ocrx_word' id='word_1_354' title='bbox 1201 4305 1278 4358; x_wconf 87' lang='lat' dir='ltr'><strong>vel</strong></span> <span class='ocrx_word' id='word_1_355' title='bbox 1317 4312 1560 4373; x_wconf 87' lang='lat' dir='ltr'><strong>suspecta</strong></span> <span class='ocrx_word' id='word_1_356' title='bbox 1601 4303 1682 4356; x_wconf 90' lang='lat' dir='ltr'><strong>vel</strong></span> 
     </span>
    </p>
   </div>
   <div class='ocr_carea' id='block_1_51' title="bbox 124 4390 1678 4460">
    <p class='ocr_par' dir='ltr' id='par_1_51' title="bbox 124 4390 1678 4460">
     <span class='ocr_line' id='line_1_51' title="bbox 124 4390 1678 4460; baseline -0.008 -5"><span class='ocrx_word' id='word_1_357' title='bbox 124 4405 466 4456; x_wconf 61' lang='lat' dir='ltr'><strong>damnata!</strong></span> <span class='ocrx_word' id='word_1_358' title='bbox 510 4393 654 4446; x_wconf 87' lang='lat' dir='ltr'><strong>Itane</strong></span> <span class='ocrx_word' id='word_1_359' title='bbox 697 4393 847 4446; x_wconf 86' lang='lat' dir='ltr'><strong>vero?</strong></span> <span class='ocrx_word' id='word_1_360' title='bbox 891 4392 1089 4446; x_wconf 66' lang='lat' dir='ltr'><strong>nihilne</strong></span> <span class='ocrx_word' id='word_1_361' title='bbox 1121 4394 1172 4447; x_wconf 91' lang='lat' dir='ltr'><strong>iu</strong></span> <span class='ocrx_word' id='word_1_362' title='bbox 1217 4392 1363 4447; x_wconf 82' lang='lat' dir='ltr'><strong>libris</strong></span> <span class='ocrx_word' id='word_1_363' title='bbox 1395 4390 1530 4460; x_wconf 77' lang='grc' dir='ltr'><strong>Περὶ</strong></span> <span class='ocrx_word' id='word_1_364' title='bbox 1575 4391 1678 4458; x_wconf 77' lang='grc' dir='ltr'><strong>ἀρ⁴</strong></span> 
     </span>
    </p>
   </div>
   <div class='ocr_carea' id='block_1_52' title="bbox 1735 977 3264 1061">
    <p class='ocr_par' dir='ltr' id='par_1_52' title="bbox 1735 977 3264 1061">
     <span class='ocr_line' id='line_1_52' title="bbox 1735 977 3264 1061; baseline -0.015 -12"><span class='ocrx_word' id='word_1_365' title='bbox 1735 991 2110 1061; x_wconf 89' lang='lat' dir='ltr'><strong>complectitur</strong></span> <span class='ocrx_word' id='word_1_366' title='bbox 2145 998 2312 1043; x_wconf 92' lang='lat' dir='ltr'><strong>tomos</strong></span> <span class='ocrx_word' id='word_1_367' title='bbox 2342 995 2532 1055; x_wconf 84' lang='lat' dir='ltr'><strong>praeter</strong></span> <span class='ocrx_word' id='word_1_368' title='bbox 2581 984 2837 1036; x_wconf 87' lang='lat' dir='ltr'><strong>decimum</strong></span> <span class='ocrx_word' id='word_1_369' title='bbox 2870 989 2925 1035; x_wconf 91' lang='lat' dir='ltr'><strong>et</strong></span> <span class='ocrx_word' id='word_1_370' title='bbox 2953 977 3264 1032; x_wconf 87' lang='lat' dir='ltr'><strong>vicesimum</strong></span> 
     </span>
    </p>
   </div>
   <div class='ocr_carea' id='block_1_53' title="bbox 1736 1065 3269 1138">
    <p class='ocr_par' dir='ltr' id='par_1_53' title="bbox 1736 1065 3269 1138">
     <span class='ocr_line' id='line_1_53' title="bbox 1736 1065 3269 1138; baseline -0.014 -1"><span class='ocrx_word' id='word_1_371' title='bbox 1736 1093 1982 1138; x_wconf 86' lang='lat' dir='ltr'><strong>octavum</strong></span> <span class='ocrx_word' id='word_1_372' title='bbox 2014 1087 2337 1132; x_wconf 90' lang='lat' dir='ltr'><strong>memoratus</strong></span> <span class='ocrx_word' id='word_1_373' title='bbox 2375 1074 2506 1128; x_wconf 90' lang='lat' dir='ltr'><strong>liber</strong></span> <span class='ocrx_word' id='word_1_374' title='bbox 2529 1072 2580 1124; x_wconf 89' lang='lat' dir='ltr'><strong>in</strong></span> <span class='ocrx_word' id='word_1_375' title='bbox 2632 1071 2958 1124; x_wconf 80' lang='lat' dir='ltr'><strong>bibliothecae</strong></span> <span class='ocrx_word' id='word_1_376' title='bbox 2999 1065 3269 1120; x_wconf 73' lang='lat' dir='ltr'><strong>Bavarica:</strong></span> 
     </span>
    </p>
   </div>
   <div class='ocr_carea' id='block_1_54' title="bbox 1738 1152 3268 1236">
    <p class='ocr_par' dir='ltr' id='par_1_54' title="bbox 1738 1152 3268 1236">
     <span class='ocr_line' id='line_1_54' title="bbox 1738 1152 3268 1236; baseline -0.012 -13"><span class='ocrx_word' id='word_1_377' title='bbox 1738 1168 1991 1236; x_wconf 82' lang='lat' dir='ltr'><strong>catalogo.</strong></span> <span class='ocrx_word' id='word_1_378' title='bbox 2071 1167 2140 1218; x_wconf 81' lang='lat' dir='ltr'><strong>At</strong></span> <span class='ocrx_word' id='word_1_379' title='bbox 2196 1165 2361 1218; x_wconf 88' lang='lat' dir='ltr'><strong>codex</strong></span> <span class='ocrx_word' id='word_1_380' title='bbox 2429 1161 2755 1215; x_wconf 81' lang='lat' dir='ltr'><strong>bibliothecae</strong></span> <span class='ocrx_word' id='word_1_381' title='bbox 2809 1156 3019 1212; x_wconf 62' lang='lat' dir='ltr'><strong>Veneta</strong></span> <span class='ocrx_word' id='word_1_382' title='bbox 3085 1152 3268 1208; x_wconf 90' lang='lat' dir='ltr'><strong>Sancti</strong></span> 
     </span>
    </p>
   </div>
   <div class='ocr_carea' id='block_1_55' title="bbox 1739 1243 3264 1322">
    <p class='ocr_par' dir='ltr' id='par_1_55' title="bbox 1739 1243 3264 1322">
     <span class='ocr_line' id='line_1_55' title="bbox 1739 1243 3264 1322; baseline -0.011 -11"><span class='ocrx_word' id='word_1_383' title='bbox 1739 1256 1922 1318; x_wconf 77' lang='lat' dir='ltr'><strong>Marci,</strong></span> <span class='ocrx_word' id='word_1_384' title='bbox 1949 1257 2072 1310; x_wconf 88' lang='lat' dir='ltr'><strong>licet</strong></span> <span class='ocrx_word' id='word_1_385' title='bbox 2099 1254 2248 1322; x_wconf 83' lang='lat' dir='ltr'><strong>Regii</strong></span> <span class='ocrx_word' id='word_1_386' title='bbox 2282 1250 2575 1306; x_wconf 88' lang='lat' dir='ltr'><strong>consimilis</strong></span> <span class='ocrx_word' id='word_1_387' title='bbox 2599 1249 2700 1311; x_wconf 89' lang='lat' dir='ltr'><strong>sit,</strong></span> <span class='ocrx_word' id='word_1_388' title='bbox 2742 1259 2838 1300; x_wconf 85' lang='lat' dir='ltr'><strong>nec</strong></span> <span class='ocrx_word' id='word_1_389' title='bbox 2863 1245 3013 1313; x_wconf 89' lang='lat' dir='ltr'><strong>plura</strong></span> <span class='ocrx_word' id='word_1_390' title='bbox 3051 1243 3264 1308; x_wconf 87' lang='lat' dir='ltr'><strong>habeat,</strong></span> 
     </span>
    </p>
   </div>
   <div class='ocr_carea' id='block_1_56' title="bbox 1741 1334 3270 1402">
    <p class='ocr_par' dir='ltr' id='par_1_56' title="bbox 1741 1334 3270 1402">
     <span class='ocr_line' id='line_1_56' title="bbox 1741 1334 3270 1402; baseline -0.009 -2"><span class='ocrx_word' id='word_1_391' title='bbox 1741 1363 1770 1400; x_wconf 93' lang='lat' dir='ltr'><strong>a</strong></span> <span class='ocrx_word' id='word_1_392' title='bbox 1801 1346 1992 1402; x_wconf 87' lang='lat' dir='ltr'><strong>callido</strong></span> <span class='ocrx_word' id='word_1_393' title='bbox 2033 1354 2204 1397; x_wconf 89' lang='lat' dir='ltr'><strong>tamen</strong></span> <span class='ocrx_word' id='word_1_394' title='bbox 2265 1341 2482 1394; x_wconf 89' lang='lat' dir='ltr'><strong>librario</strong></span> <span class='ocrx_word' id='word_1_395' title='bbox 2540 1340 2592 1392; x_wconf 86' lang='lat' dir='ltr'><strong>in</strong></span> <span class='ocrx_word' id='word_1_396' title='bbox 2641 1347 2813 1392; x_wconf 89' lang='lat' dir='ltr'><strong>tomos</strong></span> <span class='ocrx_word' id='word_1_397' title='bbox 2880 1335 3094 1402; x_wconf 87' lang='lat' dir='ltr'><strong>triginta</strong></span> <span class='ocrx_word' id='word_1_398' title='bbox 3138 1334 3270 1387; x_wconf 91' lang='lat' dir='ltr'><strong>duos</strong></span> 
     </span>
    </p>
   </div>
   <div class='ocr_carea' id='block_1_57' title="bbox 1742 1422 3270 1495">
    <p class='ocr_par' dir='ltr' id='par_1_57' title="bbox 1742 1422 3270 1495">
     <span class='ocr_line' id='line_1_57' title="bbox 1742 1422 3270 1495; baseline -0.009 -5"><span class='ocrx_word' id='word_1_399' title='bbox 1742 1435 2053 1491; x_wconf 87' lang='lat' dir='ltr'><strong>distributus</strong></span> <span class='ocrx_word' id='word_1_400' title='bbox 2079 1433 2196 1495; x_wconf 78' lang='lat' dir='ltr'><strong>fuit,</strong></span> <span class='ocrx_word' id='word_1_401' title='bbox 2222 1433 2320 1484; x_wconf 88' lang='lat' dir='ltr'><strong>bac</strong></span> <span class='ocrx_word' id='word_1_402' title='bbox 2360 1439 2474 1484; x_wconf 88' lang='lat' dir='ltr'><strong>arte</strong></span> <span class='ocrx_word' id='word_1_403' title='bbox 2509 1429 2724 1480; x_wconf 86' lang='lat' dir='ltr'><strong>lacunas</strong></span> <span class='ocrx_word' id='word_1_404' title='bbox 2763 1433 2817 1480; x_wconf 92' lang='lat' dir='ltr'><strong>et</strong></span> <span class='ocrx_word' id='word_1_405' title='bbox 2860 1423 3033 1477; x_wconf 83' lang='lat' dir='ltr'><strong>hiatus</strong></span> <span class='ocrx_word' id='word_1_406' title='bbox 3073 1422 3270 1484; x_wconf 83' lang='lat' dir='ltr'><strong>celare,</strong></span> 
     </span>
    </p>
   </div>
   <div class='ocr_carea' id='block_1_58' title="bbox 1743 1510 3275 1592">
    <p class='ocr_par' dir='ltr' id='par_1_58' title="bbox 1743 1510 3275 1592">
     <span class='ocr_line' id='line_1_58' title="bbox 1743 1510 3275 1592; baseline -0.013 -13"><span class='ocrx_word' id='word_1_407' title='bbox 1743 1534 1798 1580; x_wconf 90' lang='lat' dir='ltr'><strong>et</strong></span> <span class='ocrx_word' id='word_1_408' title='bbox 1828 1524 1967 1592; x_wconf 89' lang='lat' dir='ltr'><strong>apud</strong></span> <span class='ocrx_word' id='word_1_409' title='bbox 1996 1522 2235 1574; x_wconf 91' lang='lat' dir='ltr'><strong>incautos</strong></span> <span class='ocrx_word' id='word_1_410' title='bbox 2273 1515 2619 1576; x_wconf 83' lang='lat' dir='ltr'><strong>dissimulare,</strong></span> <span class='ocrx_word' id='word_1_411' title='bbox 2658 1521 2712 1567; x_wconf 90' lang='lat' dir='ltr'><strong>et</strong></span> <span class='ocrx_word' id='word_1_412' title='bbox 2763 1524 2858 1580; x_wconf 87' lang='lat' dir='ltr'><strong>pro</strong></span> <span class='ocrx_word' id='word_1_413' title='bbox 2908 1510 3111 1576; x_wconf 80' lang='lat' dir='ltr'><strong>integro</strong></span> <span class='ocrx_word' id='word_1_414' title='bbox 3147 1522 3275 1562; x_wconf 82' lang='lat' dir='ltr'><strong>ven—</strong></span> 
     </span>
    </p>
   </div>
   <div class='ocr_carea' id='block_1_59' title="bbox 1746 1603 3278 1668">
    <p class='ocr_par' dir='ltr' id='par_1_59' title="bbox 1746 1603 3278 1668">
     <span class='ocr_line' id='line_1_59' title="bbox 1746 1603 3278 1668; baseline -0.012 -2"><span class='ocrx_word' id='word_1_415' title='bbox 1746 1613 1914 1666; x_wconf 91' lang='lat' dir='ltr'><strong>ditare</strong></span> <span class='ocrx_word' id='word_1_416' title='bbox 1944 1610 2173 1664; x_wconf 89' lang='lat' dir='ltr'><strong>volente.</strong></span> <span class='ocrx_word' id='word_1_417' title='bbox 2203 1608 2276 1661; x_wconf 86' lang='lat' dir='ltr'><strong>Eo</strong></span> <span class='ocrx_word' id='word_1_418' title='bbox 2307 1607 2385 1668; x_wconf 77' lang='lat' dir='ltr'><strong>fit,</strong></span> <span class='ocrx_word' id='word_1_419' title='bbox 2416 1615 2470 1657; x_wconf 94' lang='lat' dir='ltr'><strong>ut</strong></span> <span class='ocrx_word' id='word_1_420' title='bbox 2496 1603 2735 1658; x_wconf 88' lang='lat' dir='ltr'><strong>eumdem</strong></span> <span class='ocrx_word' id='word_1_421' title='bbox 2768 1603 2905 1655; x_wconf 92' lang='lat' dir='ltr'><strong>hunc</strong></span> <span class='ocrx_word' id='word_1_422' title='bbox 2933 1613 3048 1652; x_wconf 89' lang='lat' dir='ltr'><strong>esse</strong></span> <span class='ocrx_word' id='word_1_423' title='bbox 3075 1603 3278 1666; x_wconf 84' lang='lat' dir='ltr'><strong>putem,</strong></span> 
     </span>
    </p>
   </div>
   <div class='ocr_carea' id='block_1_60' title="bbox 1749 1687 3279 1770">
    <p class='ocr_par' dir='ltr' id='par_1_60' title="bbox 1749 1687 3279 1770">
     <span class='ocr_line' id='line_1_60' title="bbox 1749 1687 3279 1770; baseline -0.01 -15"><span class='ocrx_word' id='word_1_424' title='bbox 1749 1702 1838 1770; x_wconf 89' lang='lat' dir='ltr'><strong>qui</strong></span> <span class='ocrx_word' id='word_1_425' title='bbox 1875 1699 1974 1755; x_wconf 83' lang='lat' dir='ltr'><strong>fuit</strong></span> <span class='ocrx_word' id='word_1_426' title='bbox 2003 1697 2150 1768; x_wconf 88' lang='lat' dir='ltr'><strong>Diegi</strong></span> <span class='ocrx_word' id='word_1_427' title='bbox 2194 1694 2438 1757; x_wconf 85' lang='lat' dir='ltr'><strong>Hurtadi,</strong></span> <span class='ocrx_word' id='word_1_428' title='bbox 2479 1692 2673 1761; x_wconf 88' lang='lat' dir='ltr'><strong>quique</strong></span> <span class='ocrx_word' id='word_1_429' title='bbox 2700 1690 2856 1745; x_wconf 91' lang='lat' dir='ltr'><strong>simili</strong></span> <span class='ocrx_word' id='word_1_430' title='bbox 2883 1689 3000 1744; x_wconf 80' lang='lat' dir='ltr'><strong>d&#39;olo</strong></span> <span class='ocrx_word' id='word_1_431' title='bbox 3019 1687 3279 1742; x_wconf 82' lang='lat' dir='ltr'><strong>dissectus</strong></span> 
     </span>
    </p>
   </div>
   <div class='ocr_carea' id='block_1_61' title="bbox 1685 1777 3279 1861">
    <p class='ocr_par' dir='ltr' id='par_1_61' title="bbox 1685 1777 3279 1861">
     <span class='ocr_line' id='line_1_61' title="bbox 1685 1777 3279 1861; baseline -0.011 -17"><span class='ocrx_word' id='word_1_432' title='bbox 1685 1791 1915 1861; x_wconf 74' lang='lat' dir='ltr'><strong>Binisse</strong></span> <span class='ocrx_word' id='word_1_433' title='bbox 1963 1795 2302 1844; x_wconf 85' lang='lat' dir='ltr'><strong>memoratur.</strong></span> <span class='ocrx_word' id='word_1_434' title='bbox 2369 1783 2515 1837; x_wconf 83' lang='lat' dir='ltr'><strong>Hanc</strong></span> <span class='ocrx_word' id='word_1_435' title='bbox 2581 1792 2842 1835; x_wconf 89' lang='lat' dir='ltr'><strong>tomorum</strong></span> <span class='ocrx_word' id='word_1_436' title='bbox 2921 1777 3279 1846; x_wconf 86' lang='lat' dir='ltr'><strong>partitionem,</strong></span> 
     </span>
    </p>
   </div>
   <div class='ocr_carea' id='block_1_62' title="bbox 1753 1869 3282 1949">
    <p class='ocr_par' dir='ltr' id='par_1_62' title="bbox 1753 1869 3282 1949">
     <span class='ocr_line' id='line_1_62' title="bbox 1753 1869 3282 1949; baseline -0.011 -16"><span class='ocrx_word' id='word_1_437' title='bbox 1753 1895 1910 1949; x_wconf 89' lang='lat' dir='ltr'><strong>quam</strong></span> <span class='ocrx_word' id='word_1_438' title='bbox 1945 1887 2157 1934; x_wconf 89' lang='lat' dir='ltr'><strong>secutus</strong></span> <span class='ocrx_word' id='word_1_439' title='bbox 2185 1885 2269 1930; x_wconf 89' lang='lat' dir='ltr'><strong>est</strong></span> <span class='ocrx_word' id='word_1_440' title='bbox 2308 1872 2608 1937; x_wconf 89' lang='lat' dir='ltr'><strong>Ferrarius,</strong></span> <span class='ocrx_word' id='word_1_441' title='bbox 2659 1869 2848 1924; x_wconf 83' lang='lat' dir='ltr'><strong>falsam</strong></span> <span class='ocrx_word' id='word_1_442' title='bbox 2894 1882 3010 1922; x_wconf 89' lang='lat' dir='ltr'><strong>esse</strong></span> <span class='ocrx_word' id='word_1_443' title='bbox 3057 1873 3282 1935; x_wconf 87' lang='lat' dir='ltr'><strong>arguunt</strong></span> 
     </span>
    </p>
   </div>
   <div class='ocr_carea' id='block_1_63' title="bbox 1753 1957 3284 2039">
    <p class='ocr_par' dir='ltr' id='par_1_63' title="bbox 1753 1957 3284 2039">
     <span class='ocr_line' id='line_1_63' title="bbox 1753 1957 3284 2039; baseline -0.01 -16"><span class='ocrx_word' id='word_1_444' title='bbox 1753 1971 2066 2039; x_wconf 81' lang='lat' dir='ltr'><strong>fragmenta,</strong></span> <span class='ocrx_word' id='word_1_445' title='bbox 2097 1980 2215 2034; x_wconf 70' lang='lat' dir='ltr'><strong>qua:</strong></span> <span class='ocrx_word' id='word_1_446' title='bbox 2233 1980 2262 2020; x_wconf 91' lang='lat' dir='ltr'><strong>e</strong></span> <span class='ocrx_word' id='word_1_447' title='bbox 2289 1971 2478 2032; x_wconf 90' lang='lat' dir='ltr'><strong>quarto</strong></span> <span class='ocrx_word' id='word_1_448' title='bbox 2499 1971 2640 2015; x_wconf 86' lang='lat' dir='ltr'><strong>torno</strong></span> <span class='ocrx_word' id='word_1_449' title='bbox 2660 1959 2997 2029; x_wconf 78' lang='lat' dir='ltr'><strong>proferuntur</strong></span> <span class='ocrx_word' id='word_1_450' title='bbox 3020 1957 3071 2009; x_wconf 90' lang='lat' dir='ltr'><strong>in</strong></span> <span class='ocrx_word' id='word_1_451' title='bbox 3093 1963 3284 2023; x_wconf 87' lang='lat' dir='ltr'><strong>quarto</strong></span> 
     </span>
    </p>
   </div>
   <div class='ocr_carea' id='block_1_64' title="bbox 1755 2047 3285 2123">
    <p class='ocr_par' dir='ltr' id='par_1_64' title="bbox 1755 2047 3285 2123">
     <span class='ocr_line' id='line_1_64' title="bbox 1755 2047 3285 2123; baseline -0.012 -11"><span class='ocrx_word' id='word_1_452' title='bbox 1755 2057 2056 2112; x_wconf 72' lang='lat' dir='ltr'><strong>Philocalia:</strong></span> <span class='ocrx_word' id='word_1_453' title='bbox 2098 2055 2303 2123; x_wconf 90' lang='lat' dir='ltr'><strong>capite,</strong></span> <span class='ocrx_word' id='word_1_454' title='bbox 2332 2061 2387 2107; x_wconf 93' lang='lat' dir='ltr'><strong>et</strong></span> <span class='ocrx_word' id='word_1_455' title='bbox 2431 2051 2484 2104; x_wconf 93' lang='lat' dir='ltr'><strong>in</strong></span> <span class='ocrx_word' id='word_1_456' title='bbox 2529 2053 2718 2121; x_wconf 82' lang='lat' dir='ltr'><strong>quinto</strong></span> <span class='ocrx_word' id='word_1_457' title='bbox 2767 2047 3100 2117; x_wconf 91' lang='lat' dir='ltr'><strong>reperiuntur</strong></span> <span class='ocrx_word' id='word_1_458' title='bbox 3142 2052 3285 2096; x_wconf 91' lang='lat' dir='ltr'><strong>tomo</strong></span> 
     </span>
    </p>
   </div>
   <div class='ocr_carea' id='block_1_65' title="bbox 1753 2140 3279 2213">
    <p class='ocr_par' dir='ltr' id='par_1_65' title="bbox 1753 2140 3279 2213">
     <span class='ocr_line' id='line_1_65' title="bbox 1753 2140 3279 2213; baseline -0.01 -11"><span class='ocrx_word' id='word_1_459' title='bbox 1753 2147 2080 2202; x_wconf 68' lang='lat' dir='ltr'><strong>Ferrariana:</strong></span> <span class='ocrx_word' id='word_1_460' title='bbox 2103 2143 2575 2213; x_wconf 83' lang='lat' dir='ltr'><strong>interpretationis.</strong></span> <span class='ocrx_word' id='word_1_461' title='bbox 2604 2140 2857 2195; x_wconf 76' lang='lat' dir='ltr'><strong>Similiter</strong></span> <span class='ocrx_word' id='word_1_462' title='bbox 2885 2152 2914 2191; x_wconf 92' lang='lat' dir='ltr'><strong>e</strong></span> <span class='ocrx_word' id='word_1_463' title='bbox 2957 2145 3108 2191; x_wconf 86' lang='lat' dir='ltr'><strong>sexto</strong></span> <span class='ocrx_word' id='word_1_464' title='bbox 3131 2142 3279 2188; x_wconf 85' lang='lat' dir='ltr'><strong>torno</strong></span> 
     </span>
    </p>
   </div>
   <div class='ocr_carea' id='block_1_66' title="bbox 1755 2223 3287 2303">
    <p class='ocr_par' dir='ltr' id='par_1_66' title="bbox 1755 2223 3287 2303">
     <span class='ocr_line' id='line_1_66' title="bbox 1755 2223 3287 2303; baseline -0.008 -16"><span class='ocrx_word' id='word_1_465' title='bbox 1755 2233 2063 2303; x_wconf 89' lang='lat' dir='ltr'><strong>particulam</strong></span> <span class='ocrx_word' id='word_1_466' title='bbox 2085 2232 2274 2285; x_wconf 87' lang='lat' dir='ltr'><strong>recitat</strong></span> <span class='ocrx_word' id='word_1_467' title='bbox 2306 2230 2530 2284; x_wconf 86' lang='lat' dir='ltr'><strong>Basilius</strong></span> <span class='ocrx_word' id='word_1_468' title='bbox 2559 2223 2678 2282; x_wconf 89' lang='lat' dir='ltr'><strong>libr.</strong></span> <span class='ocrx_word' id='word_1_469' title='bbox 2712 2227 2787 2280; x_wconf 82' lang='lat' dir='ltr'><strong>De</strong></span> <span class='ocrx_word' id='word_1_470' title='bbox 2841 2225 3039 2294; x_wconf 84' lang='lat' dir='ltr'><strong>Spiritu</strong></span> <span class='ocrx_word' id='word_1_471' title='bbox 3087 2233 3287 2286; x_wconf 85' lang='lat' dir='ltr'><strong>sancto,</strong></span> 
     </span>
    </p>
   </div>
   <div class='ocr_carea' id='block_1_67' title="bbox 1756 2313 3290 2392">
    <p class='ocr_par' dir='ltr' id='par_1_67' title="bbox 1756 2313 3290 2392">
     <span class='ocr_line' id='line_1_67' title="bbox 1756 2313 3290 2392; baseline -0.008 -15"><span class='ocrx_word' id='word_1_472' title='bbox 1756 2338 1874 2392; x_wconf 88' lang='lat' dir='ltr'><strong>cap.</strong></span> <span class='ocrx_word' id='word_1_473' title='bbox 1906 2322 1994 2376; x_wconf 91' lang='lat'><strong>29.</strong></span> <span class='ocrx_word' id='word_1_474' title='bbox 2027 2322 2214 2375; x_wconf 78' lang='lat' dir='ltr'><strong>Exstat</strong></span> <span class='ocrx_word' id='word_1_475' title='bbox 2249 2321 2335 2374; x_wconf 87' lang='lat' dir='ltr'><strong>illa</strong></span> <span class='ocrx_word' id='word_1_476' title='bbox 2368 2321 2420 2374; x_wconf 92' lang='lat' dir='ltr'><strong>in</strong></span> <span class='ocrx_word' id='word_1_477' title='bbox 2445 2329 2598 2376; x_wconf 90' lang='lat' dir='ltr'><strong>sexto</strong></span> <span class='ocrx_word' id='word_1_478' title='bbox 2623 2329 2764 2374; x_wconf 90' lang='lat' dir='ltr'><strong>tomo</strong></span> <span class='ocrx_word' id='word_1_479' title='bbox 2793 2316 2986 2371; x_wconf 89' lang='lat' dir='ltr'><strong>codicis</strong></span> <span class='ocrx_word' id='word_1_480' title='bbox 3030 2313 3212 2381; x_wconf 81' lang='lat' dir='ltr'><strong>Regii,</strong></span> <span class='ocrx_word' id='word_1_481' title='bbox 3235 2313 3290 2365; x_wconf 86' lang='lat' dir='ltr'><strong>in</strong></span> 
     </span>
    </p>
   </div>
   <div class='ocr_carea' id='block_1_68' title="bbox 1758 2403 3292 2478">
    <p class='ocr_par' dir='ltr' id='par_1_68' title="bbox 1758 2403 3292 2478">
     <span class='ocr_line' id='line_1_68' title="bbox 1758 2403 3292 2478; baseline -0.005 -10"><span class='ocrx_word' id='word_1_482' title='bbox 1758 2424 1945 2468; x_wconf 90' lang='lat' dir='ltr'><strong>octavo</strong></span> <span class='ocrx_word' id='word_1_483' title='bbox 1974 2426 2099 2466; x_wconf 91' lang='lat' dir='ltr'><strong>vero</strong></span> <span class='ocrx_word' id='word_1_484' title='bbox 2144 2409 2488 2467; x_wconf 71' lang='lat' dir='ltr'><strong>Ferranianae</strong></span> <span class='ocrx_word' id='word_1_485' title='bbox 2526 2407 2996 2478; x_wconf 80' lang='lat' dir='ltr'><strong>interpretationis.</strong></span> <span class='ocrx_word' id='word_1_486' title='bbox 3039 2403 3292 2460; x_wconf 83' lang='lat' dir='ltr'><strong>Codicum</strong></span> 
     </span>
    </p>
   </div>
   <div class='ocr_carea' id='block_1_69' title="bbox 1759 2496 3294 2572">
    <p class='ocr_par' dir='ltr' id='par_1_69' title="bbox 1759 2496 3294 2572">
     <span class='ocr_line' id='line_1_69' title="bbox 1759 2496 3294 2572; baseline -0.007 -17"><span class='ocrx_word' id='word_1_487' title='bbox 1759 2517 1916 2572; x_wconf 89' lang='lat' dir='ltr'><strong>porro</strong></span> <span class='ocrx_word' id='word_1_488' title='bbox 1939 2502 2174 2554; x_wconf 89' lang='lat' dir='ltr'><strong>omnium</strong></span> <span class='ocrx_word' id='word_1_489' title='bbox 2209 2515 2272 2554; x_wconf 89' lang='lat' dir='ltr'><strong>ea</strong></span> <span class='ocrx_word' id='word_1_490' title='bbox 2317 2510 2398 2555; x_wconf 90' lang='lat' dir='ltr'><strong>est</strong></span> <span class='ocrx_word' id='word_1_491' title='bbox 2449 2499 2738 2554; x_wconf 90' lang='lat' dir='ltr'><strong>similitudo</strong></span> <span class='ocrx_word' id='word_1_492' title='bbox 2780 2496 2919 2550; x_wconf 90' lang='lat' dir='ltr'><strong>inter</strong></span> <span class='ocrx_word' id='word_1_493' title='bbox 2970 2509 3028 2550; x_wconf 91' lang='lat' dir='ltr'><strong>se</strong></span> <span class='ocrx_word' id='word_1_494' title='bbox 3077 2503 3131 2548; x_wconf 87' lang='lat' dir='ltr'><strong>et</strong></span> <span class='ocrx_word' id='word_1_495' title='bbox 3163 2506 3294 2546; x_wconf 85' lang='lat' dir='ltr'><strong>con-</strong></span> 
     </span>
    </p>
   </div>
   <div class='ocr_carea' id='block_1_70' title="bbox 1761 2583 3297 2660">
    <p class='ocr_par' dir='ltr' id='par_1_70' title="bbox 1761 2583 3297 2660">
     <span class='ocr_line' id='line_1_70' title="bbox 1761 2583 3297 2660; baseline -0.005 -16"><span class='ocrx_word' id='word_1_496' title='bbox 1761 2591 2041 2660; x_wconf 88' lang='lat' dir='ltr'><strong>gruentia,</strong></span> <span class='ocrx_word' id='word_1_497' title='bbox 2097 2601 2154 2644; x_wconf 90' lang='lat' dir='ltr'><strong>ut</strong></span> <span class='ocrx_word' id='word_1_498' title='bbox 2207 2605 2274 2644; x_wconf 87' lang='lat' dir='ltr'><strong>ex</strong></span> <span class='ocrx_word' id='word_1_499' title='bbox 2326 2604 2430 2642; x_wconf 90' lang='lat' dir='ltr'><strong>uno</strong></span> <span class='ocrx_word' id='word_1_500' title='bbox 2478 2586 2766 2654; x_wconf 82' lang='lat' dir='ltr'><strong>exemplari</strong></span> <span class='ocrx_word' id='word_1_501' title='bbox 2826 2583 3118 2650; x_wconf 88' lang='lat' dir='ltr'><strong>descriptos</strong></span> <span class='ocrx_word' id='word_1_502' title='bbox 3177 2594 3297 2636; x_wconf 85' lang='lat' dir='ltr'><strong>esse</strong></span> 
     </span>
    </p>
   </div>
   <div class='ocr_carea' id='block_1_71' title="bbox 1762 2670 3298 2750">
    <p class='ocr_par' dir='ltr' id='par_1_71' title="bbox 1762 2670 3298 2750">
     <span class='ocr_line' id='line_1_71' title="bbox 1762 2670 3298 2750; baseline -0.009 -13"><span class='ocrx_word' id='word_1_503' title='bbox 1762 2697 1945 2737; x_wconf 90' lang='lat' dir='ltr'><strong>omnes</strong></span> <span class='ocrx_word' id='word_1_504' title='bbox 1987 2695 2082 2750; x_wconf 89' lang='lat' dir='ltr'><strong>pro</strong></span> <span class='ocrx_word' id='word_1_505' title='bbox 2116 2691 2263 2735; x_wconf 90' lang='lat' dir='ltr'><strong>certo</strong></span> <span class='ocrx_word' id='word_1_506' title='bbox 2304 2679 2545 2734; x_wconf 86' lang='lat' dir='ltr'><strong>habeam.</strong></span> <span class='ocrx_word' id='word_1_507' title='bbox 2608 2677 2808 2731; x_wconf 62' lang='lat' dir='ltr'><strong>Praeter</strong></span> <span class='ocrx_word' id='word_1_508' title='bbox 2863 2674 3131 2742; x_wconf 89' lang='lat' dir='ltr'><strong>superiora</strong></span> <span class='ocrx_word' id='word_1_509' title='bbox 3181 2670 3298 2724; x_wconf 91' lang='lat' dir='ltr'><strong>exi-</strong></span> 
     </span>
    </p>
   </div>
   <div class='ocr_carea' id='block_1_72' title="bbox 1765 2761 3296 2840">
    <p class='ocr_par' dir='ltr' id='par_1_72' title="bbox 1765 2761 3296 2840">
     <span class='ocr_line' id='line_1_72' title="bbox 1765 2761 3296 2840; baseline -0.009 -17"><span class='ocrx_word' id='word_1_510' title='bbox 1765 2784 1920 2840; x_wconf 84' lang='lat' dir='ltr'><strong>guam</strong></span> <span class='ocrx_word' id='word_1_511' title='bbox 1946 2784 1976 2823; x_wconf 90' lang='lat' dir='ltr'><strong>e</strong></span> <span class='ocrx_word' id='word_1_512' title='bbox 2012 2779 2154 2822; x_wconf 89' lang='lat' dir='ltr'><strong>tomo</strong></span> <span class='ocrx_word' id='word_1_513' title='bbox 2185 2767 2417 2821; x_wconf 88' lang='lat' dir='ltr'><strong>secundo</strong></span> <span class='ocrx_word' id='word_1_514' title='bbox 2463 2767 2514 2819; x_wconf 89' lang='lat' dir='ltr'><strong>in</strong></span> <span class='ocrx_word' id='word_1_515' title='bbox 2541 2765 2794 2819; x_wconf 84' lang='lat' dir='ltr'><strong>Joannem</strong></span> <span class='ocrx_word' id='word_1_516' title='bbox 2820 2761 3133 2830; x_wconf 87' lang='lat' dir='ltr'><strong>particulam</strong></span> <span class='ocrx_word' id='word_1_517' title='bbox 3177 2772 3296 2827; x_wconf 83' lang='lat' dir='ltr'><strong>pro-</strong></span> 
     </span>
    </p>
   </div>
   <div class='ocr_carea' id='block_1_73' title="bbox 1766 2848 3299 2928">
    <p class='ocr_par' dir='ltr' id='par_1_73' title="bbox 1766 2848 3299 2928">
     <span class='ocr_line' id='line_1_73' title="bbox 1766 2848 3299 2928; baseline -0.009 -12"><span class='ocrx_word' id='word_1_518' title='bbox 1766 2848 1864 2916; x_wconf 84' lang='lat' dir='ltr'><strong>mit</strong></span> <span class='ocrx_word' id='word_1_519' title='bbox 1885 2860 2188 2928; x_wconf 87' lang='lat' dir='ltr'><strong>Pamphilus</strong></span> <span class='ocrx_word' id='word_1_520' title='bbox 2228 2859 2281 2912; x_wconf 89' lang='lat' dir='ltr'><strong>in</strong></span> <span class='ocrx_word' id='word_1_521' title='bbox 2327 2857 2692 2926; x_wconf 81' lang='lat' dir='ltr'><strong>Apologctico.</strong></span> <span class='ocrx_word' id='word_1_522' title='bbox 2721 2853 3006 2908; x_wconf 87' lang='lat' dir='ltr'><strong>secundam</strong></span> <span class='ocrx_word' id='word_1_523' title='bbox 3049 2849 3299 2905; x_wconf 82' lang='lat' dir='ltr'><strong>crimina—</strong></span> 
     </span>
    </p>
   </div>
   <div class='ocr_carea' id='block_1_74' title="bbox 1769 2939 3302 3016">
    <p class='ocr_par' dir='ltr' id='par_1_74' title="bbox 1769 2939 3302 3016">
     <span class='ocr_line' id='line_1_74' title="bbox 1769 2939 3302 3016; baseline -0.008 -12"><span class='ocrx_word' id='word_1_524' title='bbox 1769 2952 1964 3006; x_wconf 89' lang='lat' dir='ltr'><strong>tionem</strong></span> <span class='ocrx_word' id='word_1_525' title='bbox 2014 2949 2315 3003; x_wconf 80' lang='lat' dir='ltr'><strong>confutans.</strong></span> <span class='ocrx_word' id='word_1_526' title='bbox 2372 2948 2554 3016; x_wconf 88' lang='lat' dir='ltr'><strong>Capite</strong></span> <span class='ocrx_word' id='word_1_527' title='bbox 2603 2954 2792 3016; x_wconf 85' lang='lat' dir='ltr'><strong>quarto</strong></span> <span class='ocrx_word' id='word_1_528' title='bbox 2838 2941 3140 2995; x_wconf 80' lang='lat' dir='ltr'><strong>Philocalioe</strong></span> <span class='ocrx_word' id='word_1_529' title='bbox 3199 2939 3302 2994; x_wconf 78' lang='lat' dir='ltr'><strong>fra-</strong></span> 
     </span>
    </p>
   </div>
   <div class='ocr_carea' id='block_1_75' title="bbox 1777 3031 3301 3111">
    <p class='ocr_par' dir='ltr' id='par_1_75' title="bbox 1777 3031 3301 3111">
     <span class='ocr_line' id='line_1_75' title="bbox 1777 3031 3301 3111; baseline -0.007 -17"><span class='ocrx_word' id='word_1_530' title='bbox 1777 3049 1986 3111; x_wconf 82' lang='lat' dir='ltr'><strong>gmenta</strong></span> <span class='ocrx_word' id='word_1_531' title='bbox 2017 3040 2345 3094; x_wconf 89' lang='lat' dir='ltr'><strong>adducuntur</strong></span> <span class='ocrx_word' id='word_1_532' title='bbox 2384 3053 2415 3091; x_wconf 92' lang='lat' dir='ltr'><strong>e</strong></span> <span class='ocrx_word' id='word_1_533' title='bbox 2441 3047 2628 3104; x_wconf 87' lang='lat' dir='ltr'><strong>quarto</strong></span> <span class='ocrx_word' id='word_1_534' title='bbox 2646 3044 2819 3098; x_wconf 86' lang='lat' dir='ltr'><strong>tomo;</strong></span> <span class='ocrx_word' id='word_1_535' title='bbox 2847 3033 2969 3086; x_wconf 87' lang='lat' dir='ltr'><strong>item</strong></span> <span class='ocrx_word' id='word_1_536' title='bbox 3011 3031 3182 3099; x_wconf 86' lang='lat' dir='ltr'><strong>capite</strong></span> <span class='ocrx_word' id='word_1_537' title='bbox 3213 3045 3301 3085; x_wconf 84' lang='lat' dir='ltr'><strong>se-</strong></span> 
     </span>
    </p>
   </div>
   <div class='ocr_carea' id='block_1_76' title="bbox 1699 3118 3302 3200">
    <p class='ocr_par' dir='ltr' id='par_1_76' title="bbox 1699 3118 3302 3200">
     <span class='ocr_line' id='line_1_76' title="bbox 1699 3118 3302 3200; baseline -0.01 -14"><span class='ocrx_word' id='word_1_538' title='bbox 1699 3131 1740 3186; x_wconf 87' lang='lat' dir='ltr'><strong>C</strong></span> <span class='ocrx_word' id='word_1_539' title='bbox 1773 3128 1950 3200; x_wconf 88' lang='lat' dir='ltr'><strong>quenti</strong></span> <span class='ocrx_word' id='word_1_540' title='bbox 1987 3127 2089 3181; x_wconf 90' lang='lat' dir='ltr'><strong>alia</strong></span> <span class='ocrx_word' id='word_1_541' title='bbox 2134 3127 2426 3194; x_wconf 79' lang='lat' dir='ltr'><strong>fragmenta</strong></span> <span class='ocrx_word' id='word_1_542' title='bbox 2461 3139 2492 3178; x_wconf 90' lang='lat' dir='ltr'><strong>e</strong></span> <span class='ocrx_word' id='word_1_543' title='bbox 2521 3121 2839 3175; x_wconf 78' lang='lat' dir='ltr'><strong>Pra:l‘atione</strong></span> <span class='ocrx_word' id='word_1_544' title='bbox 2877 3119 3044 3188; x_wconf 88' lang='lat' dir='ltr'><strong>quinti</strong></span> <span class='ocrx_word' id='word_1_545' title='bbox 3092 3118 3220 3171; x_wconf 88' lang='lat' dir='ltr'><strong>tomi</strong></span> <span class='ocrx_word' id='word_1_546' title='bbox 3247 3118 3302 3170; x_wconf 87' lang='lat' dir='ltr'><strong>iu</strong></span> 
     </span>
    </p>
   </div>
   <div class='ocr_carea' id='block_1_77' title="bbox 1771 3210 3305 3285">
    <p class='ocr_par' dir='ltr' id='par_1_77' title="bbox 1771 3210 3305 3285">
     <span class='ocr_line' id='line_1_77' title="bbox 1771 3210 3305 3285; baseline -0.008 -13"><span class='ocrx_word' id='word_1_547' title='bbox 1771 3218 1909 3272; x_wconf 91' lang='lat' dir='ltr'><strong>idem</strong></span> <span class='ocrx_word' id='word_1_548' title='bbox 1937 3217 2275 3285; x_wconf 86' lang='lat' dir='ltr'><strong>Evangelium</strong></span> <span class='ocrx_word' id='word_1_549' title='bbox 2299 3232 2313 3280; x_wconf 91' lang='lat'><strong>;</strong></span> <span class='ocrx_word' id='word_1_550' title='bbox 2341 3215 2492 3283; x_wconf 85' lang='lat' dir='ltr'><strong>cujus</strong></span> <span class='ocrx_word' id='word_1_551' title='bbox 2527 3211 2862 3267; x_wconf 67' lang='lat' dir='ltr'><strong>Praefationis</strong></span> <span class='ocrx_word' id='word_1_552' title='bbox 2907 3210 3061 3263; x_wconf 90' lang='lat' dir='ltr'><strong>aliam</strong></span> <span class='ocrx_word' id='word_1_553' title='bbox 3097 3221 3305 3277; x_wconf 89' lang='lat' dir='ltr'><strong>quoque</strong></span> 
     </span>
    </p>
   </div>
   <div class='ocr_carea' id='block_1_78' title="bbox 1772 3298 3302 3377">
    <p class='ocr_par' dir='ltr' id='par_1_78' title="bbox 1772 3298 3302 3377">
     <span class='ocr_line' id='line_1_78' title="bbox 1772 3298 3302 3377; baseline -0.007 -17"><span class='ocrx_word' id='word_1_554' title='bbox 1772 3307 2067 3377; x_wconf 89' lang='lat' dir='ltr'><strong>portionem</strong></span> <span class='ocrx_word' id='word_1_555' title='bbox 2095 3306 2148 3359; x_wconf 87' lang='lat' dir='ltr'><strong>in</strong></span> <span class='ocrx_word' id='word_1_556' title='bbox 2179 3314 2337 3374; x_wconf 89' lang='lat' dir='ltr'><strong>caput</strong></span> <span class='ocrx_word' id='word_1_557' title='bbox 2382 3318 2486 3357; x_wconf 90' lang='lat' dir='ltr'><strong>xxv</strong></span> <span class='ocrx_word' id='word_1_558' title='bbox 2530 3302 2649 3356; x_wconf 87' lang='lat' dir='ltr'><strong>libri</strong></span> <span class='ocrx_word' id='word_1_559' title='bbox 2695 3301 2832 3355; x_wconf 83' lang='lat' dir='ltr'><strong>sexti</strong></span> <span class='ocrx_word' id='word_1_560' title='bbox 2868 3299 3113 3353; x_wconf 75' lang='lat' dir='ltr'><strong>Historia:</strong></span> <span class='ocrx_word' id='word_1_561' title='bbox 3137 3298 3302 3352; x_wconf 83' lang='lat' dir='ltr'><strong>Euse-</strong></span> 
     </span>
    </p>
   </div>
   <div class='ocr_carea' id='block_1_79' title="bbox 1774 3391 3306 3463">
    <p class='ocr_par' dir='ltr' id='par_1_79' title="bbox 1774 3391 3306 3463">
     <span class='ocr_line' id='line_1_79' title="bbox 1774 3391 3306 3463; baseline -0.008 -12"><span class='ocrx_word' id='word_1_562' title='bbox 1774 3397 2133 3451; x_wconf 81' lang='lat' dir='ltr'><strong>biusinl‘ersit.</strong></span> <span class='ocrx_word' id='word_1_563' title='bbox 2165 3396 2239 3449; x_wconf 87' lang='lat' dir='ltr'><strong>Ex</strong></span> <span class='ocrx_word' id='word_1_564' title='bbox 2289 3392 2515 3463; x_wconf 88' lang='lat' dir='ltr'><strong>Origene</strong></span> <span class='ocrx_word' id='word_1_565' title='bbox 2550 3393 2608 3446; x_wconf 88' lang='lat' dir='ltr'><strong>in</strong></span> <span class='ocrx_word' id='word_1_566' title='bbox 2647 3391 2866 3446; x_wconf 77' lang='lat' dir='ltr'><strong>Ioannis</strong></span> <span class='ocrx_word' id='word_1_567' title='bbox 2910 3399 3068 3459; x_wconf 87' lang='lat' dir='ltr'><strong>caput</strong></span> <span class='ocrx_word' id='word_1_568' title='bbox 3100 3398 3306 3442; x_wconf 84' lang='lat' dir='ltr'><strong>sextum</strong></span> 
     </span>
    </p>
   </div>
   <div class='ocr_carea' id='block_1_80' title="bbox 1775 3479 3307 3555">
    <p class='ocr_par' dir='ltr' id='par_1_80' title="bbox 1775 3479 3307 3555">
     <span class='ocr_line' id='line_1_80' title="bbox 1775 3479 3307 3555; baseline -0.006 -14"><span class='ocrx_word' id='word_1_569' title='bbox 1775 3485 1996 3541; x_wconf 87' lang='lat' dir='ltr'><strong>lacinias</strong></span> <span class='ocrx_word' id='word_1_570' title='bbox 2041 3486 2298 3555; x_wconf 86' lang='lat' dir='ltr'><strong>quasdam</strong></span> <span class='ocrx_word' id='word_1_571' title='bbox 2361 3484 2526 3540; x_wconf 84' lang='lat' dir='ltr'><strong>exiles</strong></span> <span class='ocrx_word' id='word_1_572' title='bbox 2587 3483 2795 3552; x_wconf 80' lang='lat' dir='ltr'><strong>profert</strong></span> <span class='ocrx_word' id='word_1_573' title='bbox 2856 3481 3182 3549; x_wconf 89' lang='lat' dir='ltr'><strong>Bulengerus</strong></span> <span class='ocrx_word' id='word_1_574' title='bbox 3252 3479 3307 3533; x_wconf 91' lang='lat' dir='ltr'><strong>iu</strong></span> 
     </span>
    </p>
   </div>
   <div class='ocr_carea' id='block_1_81' title="bbox 1777 3567 3309 3646">
    <p class='ocr_par' dir='ltr' id='par_1_81' title="bbox 1777 3567 3309 3646">
     <span class='ocr_line' id='line_1_81' title="bbox 1777 3567 3309 3646; baseline -0.005 -17"><span class='ocrx_word' id='word_1_575' title='bbox 1777 3575 2212 3646; x_wconf 85' lang='lat' dir='ltr'><strong>Disputationibus</strong></span> <span class='ocrx_word' id='word_1_576' title='bbox 2224 3584 2402 3629; x_wconf 85' lang='lat' dir='ltr'><strong>contra</strong></span> <span class='ocrx_word' id='word_1_577' title='bbox 2419 3573 2777 3627; x_wconf 80' lang='lat' dir='ltr'><strong>Casaubonunt</strong></span> <span class='ocrx_word' id='word_1_578' title='bbox 2790 3582 2924 3640; x_wconf 87' lang='lat' dir='ltr'><strong>part.</strong></span> <span class='ocrx_word' id='word_1_579' title='bbox 2940 3568 3230 3636; x_wconf 85' lang='lat' dir='ltr'><strong>It,diatrib.</strong></span> <span class='ocrx_word' id='word_1_580' title='bbox 3251 3567 3309 3632; x_wconf 65' lang='grc' dir='ltr'><strong>δ,</strong></span> 
     </span>
    </p>
   </div>
   <div class='ocr_carea' id='block_1_82' title="bbox 1781 3660 3311 3736">
    <p class='ocr_par' dir='ltr' id='par_1_82' title="bbox 1781 3660 3311 3736">
     <span class='ocr_line' id='line_1_82' title="bbox 1781 3660 3311 3736; baseline -0.005 -17"><span class='ocrx_word' id='word_1_581' title='bbox 1781 3680 1900 3736; x_wconf 82' lang='lat' dir='ltr'><strong>pag.</strong></span> <span class='ocrx_word' id='word_1_582' title='bbox 1939 3666 2066 3730; x_wconf 75' lang='lat'><strong>251,</strong></span> <span class='ocrx_word' id='word_1_583' title='bbox 2096 3679 2228 3735; x_wconf 86' lang='lat' dir='ltr'><strong>quas</strong></span> <span class='ocrx_word' id='word_1_584' title='bbox 2250 3679 2367 3718; x_wconf 91' lang='lat' dir='ltr'><strong>cum</strong></span> <span class='ocrx_word' id='word_1_585' title='bbox 2399 3663 2606 3718; x_wconf 88' lang='lat' dir='ltr'><strong>codices</strong></span> <span class='ocrx_word' id='word_1_586' title='bbox 2631 3678 2786 3717; x_wconf 84' lang='lat' dir='ltr'><strong>manu</strong></span> <span class='ocrx_word' id='word_1_587' title='bbox 2816 3662 2997 3730; x_wconf 87' lang='lat' dir='ltr'><strong>scripti</strong></span> <span class='ocrx_word' id='word_1_588' title='bbox 3037 3660 3311 3714; x_wconf 83' lang='lat' dir='ltr'><strong>Commen-</strong></span> 
     </span>
    </p>
   </div>
   <div class='ocr_carea' id='block_1_83' title="bbox 1775 3746 3312 3822">
    <p class='ocr_par' dir='ltr' id='par_1_83' title="bbox 1775 3746 3312 3822">
     <span class='ocr_line' id='line_1_83' title="bbox 1775 3746 3312 3822; baseline -0.006 -13"><span class='ocrx_word' id='word_1_589' title='bbox 1775 3757 2028 3809; x_wconf 86' lang='lat' dir='ltr'><strong>tariorum</strong></span> <span class='ocrx_word' id='word_1_590' title='bbox 2052 3756 2104 3808; x_wconf 93' lang='lat' dir='ltr'><strong>in</strong></span> <span class='ocrx_word' id='word_1_591' title='bbox 2133 3755 2182 3807; x_wconf 94' lang='lat' dir='ltr'><strong>id</strong></span> <span class='ocrx_word' id='word_1_592' title='bbox 2205 3753 2542 3822; x_wconf 82' lang='lat' dir='ltr'><strong>Evangelium</strong></span> <span class='ocrx_word' id='word_1_593' title='bbox 2564 3767 2666 3807; x_wconf 93' lang='lat' dir='ltr'><strong>non</strong></span> <span class='ocrx_word' id='word_1_594' title='bbox 2689 3751 2991 3814; x_wconf 83' lang='lat' dir='ltr'><strong>exhibeant,</strong></span> <span class='ocrx_word' id='word_1_595' title='bbox 3015 3763 3080 3803; x_wconf 85' lang='lat' dir='ltr'><strong>ex</strong></span> <span class='ocrx_word' id='word_1_596' title='bbox 3110 3746 3312 3802; x_wconf 83' lang='lat' dir='ltr'><strong>catenis</strong></span> 
     </span>
    </p>
   </div>
   <div class='ocr_carea' id='block_1_84' title="bbox 1775 3835 3310 3913">
    <p class='ocr_par' dir='ltr' id='par_1_84' title="bbox 1775 3835 3310 3913">
     <span class='ocr_line' id='line_1_84' title="bbox 1775 3835 3310 3913; baseline -0.007 -15"><span class='ocrx_word' id='word_1_597' title='bbox 1775 3845 2034 3913; x_wconf 90' lang='lat' dir='ltr'><strong>prodiisse</strong></span> <span class='ocrx_word' id='word_1_598' title='bbox 2063 3843 2170 3897; x_wconf 88' lang='lat' dir='ltr'><strong>veri</strong></span> <span class='ocrx_word' id='word_1_599' title='bbox 2205 3843 2448 3898; x_wconf 85' lang='lat' dir='ltr'><strong>absimile</strong></span> <span class='ocrx_word' id='word_1_600' title='bbox 2484 3856 2588 3896; x_wconf 90' lang='lat' dir='ltr'><strong>non</strong></span> <span class='ocrx_word' id='word_1_601' title='bbox 2627 3850 2732 3894; x_wconf 90' lang='lat' dir='ltr'><strong>est.</strong></span> <span class='ocrx_word' id='word_1_602' title='bbox 2761 3839 2999 3905; x_wconf 87' lang='lat' dir='ltr'><strong>Denique</strong></span> <span class='ocrx_word' id='word_1_603' title='bbox 3041 3838 3180 3890; x_wconf 81' lang='lat' dir='ltr'><strong>inter</strong></span> <span class='ocrx_word' id='word_1_604' title='bbox 3217 3835 3310 3888; x_wconf 88' lang='lat' dir='ltr'><strong>ho-</strong></span> 
     </span>
    </p>
   </div>
   <div class='ocr_carea' id='block_1_85' title="bbox 1777 3927 3314 3992">
    <p class='ocr_par' dir='ltr' id='par_1_85' title="bbox 1777 3927 3314 3992">
     <span class='ocr_line' id='line_1_85' title="bbox 1777 3927 3314 3992; baseline -0.007 -6"><span class='ocrx_word' id='word_1_605' title='bbox 1777 3932 1950 3986; x_wconf 90' lang='lat' dir='ltr'><strong>milias</strong></span> <span class='ocrx_word' id='word_1_606' title='bbox 1996 3933 2048 3984; x_wconf 93' lang='lat' dir='ltr'><strong>in</strong></span> <span class='ocrx_word' id='word_1_607' title='bbox 2074 3931 2308 3984; x_wconf 87' lang='lat' dir='ltr'><strong>diversos</strong></span> <span class='ocrx_word' id='word_1_608' title='bbox 2343 3930 2461 3984; x_wconf 69' lang='lat' dir='ltr'><strong>dua:</strong></span> <span class='ocrx_word' id='word_1_609' title='bbox 2492 3931 2749 3984; x_wconf 86' lang='lat' dir='ltr'><strong>habentur</strong></span> <span class='ocrx_word' id='word_1_610' title='bbox 2781 3929 2834 3980; x_wconf 86' lang='lat' dir='ltr'><strong>in</strong></span> <span class='ocrx_word' id='word_1_611' title='bbox 2867 3927 3159 3986; x_wconf 72' lang='lat' dir='ltr'><strong>Joannem,</strong></span> <span class='ocrx_word' id='word_1_612' title='bbox 3193 3936 3314 3992; x_wconf 72' lang='lat' dir='ltr'><strong>quas</strong></span> 
     </span>
    </p>
   </div>
   <div class='ocr_carea' id='block_1_86' title="bbox 1778 4016 3311 4086">
    <p class='ocr_par' dir='ltr' id='par_1_86' title="bbox 1778 4016 3311 4086">
     <span class='ocr_line' id='line_1_86' title="bbox 1778 4016 3311 4086; baseline -0.006 -11"><span class='ocrx_word' id='word_1_613' title='bbox 1778 4036 1897 4076; x_wconf 93' lang='lat' dir='ltr'><strong>cum</strong></span> <span class='ocrx_word' id='word_1_614' title='bbox 1922 4029 2122 4075; x_wconf 90' lang='lat' dir='ltr'><strong>certum</strong></span> <span class='ocrx_word' id='word_1_615' title='bbox 2160 4031 2429 4073; x_wconf 87' lang='lat' dir='ltr'><strong>auctorem</strong></span> <span class='ocrx_word' id='word_1_616' title='bbox 2457 4034 2562 4072; x_wconf 89' lang='lat' dir='ltr'><strong>non</strong></span> <span class='ocrx_word' id='word_1_617' title='bbox 2593 4017 2844 4080; x_wconf 86' lang='lat' dir='ltr'><strong>habeant,</strong></span> <span class='ocrx_word' id='word_1_618' title='bbox 2877 4016 3036 4086; x_wconf 78' lang='lat' dir='ltr'><strong>paqu</strong></span> <span class='ocrx_word' id='word_1_619' title='bbox 3066 4023 3186 4085; x_wconf 84' lang='lat' dir='ltr'><strong>post</strong></span> <span class='ocrx_word' id='word_1_620' title='bbox 3213 4028 3311 4068; x_wconf 86' lang='lat' dir='ltr'><strong>suo</strong></span> 
     </span>
    </p>
   </div>
   <div class='ocr_carea' id='block_1_87' title="bbox 1781 4107 2342 4166">
    <p class='ocr_par' dir='ltr' id='par_1_87' title="bbox 1781 4107 2342 4166">
     <span class='ocr_line' id='line_1_87' title="bbox 1781 4107 2342 4166; baseline -0.009 -2"><span class='ocrx_word' id='word_1_621' title='bbox 1781 4111 1896 4166; x_wconf 91' lang='lat' dir='ltr'><strong>loco</strong></span> <span class='ocrx_word' id='word_1_622' title='bbox 1931 4107 2342 4163; x_wconf 88' lang='lat' dir='ltr'><strong>ventilabuntur.</strong></span> 
     </span>
    </p>
   </div>
   <div class='ocr_carea' id='block_1_88' title="bbox 1849 4192 3316 4263">
    <p class='ocr_par' dir='ltr' id='par_1_88' title="bbox 1849 4192 3316 4263">
     <span class='ocr_line' id='line_1_88' title="bbox 1849 4192 3316 4263; baseline -0.003 -13"><span class='ocrx_word' id='word_1_623' title='bbox 1849 4196 2337 4263; x_wconf 79' lang='lat' dir='ltr'><strong>Unioumsnperest</strong></span> <span class='ocrx_word' id='word_1_624' title='bbox 2392 4195 2443 4248; x_wconf 92' lang='lat' dir='ltr'><strong>in</strong></span> <span class='ocrx_word' id='word_1_625' title='bbox 2494 4195 2849 4262; x_wconf 86' lang='lat' dir='ltr'><strong>apostolorum</strong></span> <span class='ocrx_word' id='word_1_626' title='bbox 2894 4195 3022 4246; x_wconf 80' lang='lat' dir='ltr'><strong>Acta</strong></span> <span class='ocrx_word' id='word_1_627' title='bbox 3050 4192 3316 4262; x_wconf 76' lang='lat' dir='ltr'><strong>fragmen-</strong></span> 
     </span>
    </p>
   </div>
   <div class='ocr_carea' id='block_1_89' title="bbox 1781 4280 3312 4353">
    <p class='ocr_par' dir='ltr' id='par_1_89' title="bbox 1781 4280 3312 4353">
     <span class='ocr_line' id='line_1_89' title="bbox 1781 4280 3312 4353; baseline -0.004 -14"><span class='ocrx_word' id='word_1_628' title='bbox 1781 4296 1888 4340; x_wconf 90' lang='lat' dir='ltr'><strong>tum</strong></span> <span class='ocrx_word' id='word_1_629' title='bbox 1913 4285 2174 4352; x_wconf 80' lang='lat' dir='ltr'><strong>Origenis,</strong></span> <span class='ocrx_word' id='word_1_630' title='bbox 2222 4298 2254 4338; x_wconf 88' lang='lat' dir='ltr'><strong>e</strong></span> <span class='ocrx_word' id='word_1_631' title='bbox 2302 4293 2489 4353; x_wconf 84' lang='lat' dir='ltr'><strong>quarta</strong></span> <span class='ocrx_word' id='word_1_632' title='bbox 2540 4284 2835 4338; x_wconf 88' lang='lat' dir='ltr'><strong>detractum</strong></span> <span class='ocrx_word' id='word_1_633' title='bbox 2874 4282 3116 4344; x_wconf 81' lang='lat' dir='ltr'><strong>ltomilia,</strong></span> <span class='ocrx_word' id='word_1_634' title='bbox 3167 4280 3312 4348; x_wconf 84' lang='lat' dir='ltr'><strong>quod</strong></span> 
     </span>
    </p>
   </div>
   <div class='ocr_carea' id='block_1_90' title="bbox 1781 4361 3316 4442">
    <p class='ocr_par' dir='ltr' id='par_1_90' title="bbox 1781 4361 3316 4442">
     <span class='ocr_line' id='line_1_90' title="bbox 1781 4361 3316 4442; baseline -0.005 -12"><span class='ocrx_word' id='word_1_635' title='bbox 1781 4375 1940 4442; x_wconf 83' lang='lat' dir='ltr'><strong>capiti</strong></span> <span class='ocrx_word' id='word_1_636' title='bbox 1998 4372 2300 4426; x_wconf 71' lang='lat' dir='ltr'><strong>Philocaliaz</strong></span> <span class='ocrx_word' id='word_1_637' title='bbox 2361 4361 2870 4440; x_wconf 77' lang='lat' dir='ltr'><strong>septimoBasilius</strong></span> <span class='ocrx_word' id='word_1_638' title='bbox 2926 4379 2978 4425; x_wconf 87' lang='lat' dir='ltr'><strong>et</strong></span> <span class='ocrx_word' id='word_1_639' title='bbox 3029 4369 3316 4439; x_wconf 79' lang='lat' dir='ltr'><strong>Gregorius</strong></span> 
     </span>
    </p>
   </div>
   <div class='ocr_carea' id='block_1_91' title="bbox 124 4449 1682 4560">
    <p class='ocr_par' dir='ltr' id='par_1_91' title="bbox 124 4449 1682 4560">
     <span class='ocr_line' id='line_1_91' title="bbox 124 4449 1682 4560; baseline -0.005 -18"><span class='ocrx_word' id='word_1_640' title='bbox 124 4491 293 4560; x_wconf 75' lang='grc' dir='ltr'><strong>χῶν,</strong></span> <span class='ocrx_word' id='word_1_641' title='bbox 342 4487 396 4538; x_wconf 92' lang='lat' dir='ltr'><strong>in</strong></span> <span class='ocrx_word' id='word_1_642' title='bbox 445 4482 848 4536; x_wconf 81' lang='lat' dir='ltr'><strong>Commentariis</strong></span> <span class='ocrx_word' id='word_1_643' title='bbox 887 4482 939 4534; x_wconf 86' lang='lat' dir='ltr'><strong>in</strong></span> <span class='ocrx_word' id='word_1_644' title='bbox 997 4481 1330 4544; x_wconf 77' lang='lat' dir='ltr'><strong>Matt/urunt,</strong></span> <span class='ocrx_word' id='word_1_645' title='bbox 1375 4482 1424 4535; x_wconf 89' lang='lat' dir='ltr'><strong>in</strong></span> <span class='ocrx_word' id='word_1_646' title='bbox 1468 4449 1682 4548; x_wconf 63' lang='lat' dir='ltr'><strong>reliquis</strong></span> 
     </span>
    </p>
   </div>
   <div class='ocr_carea' id='block_1_92' title="bbox 1762 4449 3316 4560">
    <p class='ocr_par' dir='ltr' id='par_1_92' title="bbox 1762 4457 3316 4532">
     <span class='ocr_line' id='line_1_92' title="bbox 1762 4457 3316 4532; baseline -0.005 -14"><span class='ocrx_word' id='word_1_647' title='bbox 1762 4464 2086 4532; x_wconf 83' lang='lat' dir='ltr'><strong>‘Theologus</strong></span> <span class='ocrx_word' id='word_1_648' title='bbox 2129 4461 2464 4516; x_wconf 80' lang='lat' dir='ltr'><strong>infulserunt.</strong></span> <span class='ocrx_word' id='word_1_649' title='bbox 2507 4460 2561 4514; x_wconf 92' lang='lat' dir='ltr'><strong>lu</strong></span> <span class='ocrx_word' id='word_1_650' title='bbox 2608 4461 2860 4529; x_wconf 85' lang='lat' dir='ltr'><strong>Catalogo</strong></span> <span class='ocrx_word' id='word_1_651' title='bbox 2897 4459 3152 4515; x_wconf 88' lang='lat' dir='ltr'><strong>librorum</strong></span> <span class='ocrx_word' id='word_1_652' title='bbox 3195 4457 3316 4511; x_wconf 89' lang='lat' dir='ltr'><strong>illu-</strong></span> 
     </span>
    </p>
   </div>
   <div class='ocr_carea' id='block_1_93' title="bbox 125 4570 1681 4651">
    <p class='ocr_par' dir='ltr' id='par_1_93' title="bbox 125 4570 1681 4651">
     <span class='ocr_line' id='line_1_93' title="bbox 125 4570 1681 4651; baseline -0.01 -16"><span class='ocrx_word' id='word_1_653' title='bbox 125 4577 404 4651; x_wconf 84' lang='lat' dir='ltr'><strong>operibus</strong></span> <span class='ocrx_word' id='word_1_654' title='bbox 439 4573 658 4626; x_wconf 90' lang='lat' dir='ltr'><strong>habetur</strong></span> <span class='ocrx_word' id='word_1_655' title='bbox 698 4571 928 4624; x_wconf 78' lang='lat' dir='ltr'><strong>erroris?</strong></span> <span class='ocrx_word' id='word_1_656' title='bbox 976 4570 1165 4624; x_wconf 82' lang='lat' dir='ltr'><strong>Mirare</strong></span> <span class='ocrx_word' id='word_1_657' title='bbox 1211 4572 1390 4634; x_wconf 85' lang='lat' dir='ltr'><strong>lector,</strong></span> <span class='ocrx_word' id='word_1_658' title='bbox 1433 4570 1681 4624; x_wconf 82' lang='lat' dir='ltr'><strong>ell&#39;renem</strong></span> 
     </span>
    </p>
   </div>
   <div class='ocr_carea' id='block_1_94' title="bbox 126 4657 1686 4726">
    <p class='ocr_par' dir='ltr' id='par_1_94' title="bbox 126 4657 1686 4726">
     <span class='ocr_line' id='line_1_94' title="bbox 126 4657 1686 4726; baseline -0.009 -3"><span class='ocrx_word' id='word_1_659' title='bbox 126 4664 360 4723; x_wconf 85' lang='lat' dir='ltr'><strong>Erasmi</strong></span> <span class='ocrx_word' id='word_1_660' title='bbox 408 4664 457 4715; x_wconf 92' lang='lat' dir='ltr'><strong>in</strong></span> <span class='ocrx_word' id='word_1_661' title='bbox 498 4670 727 4714; x_wconf 80' lang='lat' dir='ltr'><strong>veterum</strong></span> <span class='ocrx_word' id='word_1_662' title='bbox 771 4660 1125 4726; x_wconf 70' lang='lat' dir='ltr'><strong>carpendendis</strong></span> <span class='ocrx_word' id='word_1_663' title='bbox 1161 4659 1390 4726; x_wconf 87' lang='lat' dir='ltr'><strong>scriptis,</strong></span> <span class='ocrx_word' id='word_1_664' title='bbox 1418 4668 1470 4712; x_wconf 93' lang='lat' dir='ltr'><strong>et</strong></span> <span class='ocrx_word' id='word_1_665' title='bbox 1513 4657 1686 4726; x_wconf 84' lang='lat' dir='ltr'><strong>proje-</strong></span> 
     </span>
    </p>
   </div>
   <div class='ocr_carea' id='block_1_95' title="bbox 127 4742 1684 4812">
    <p class='ocr_par' dir='ltr' id='par_1_95' title="bbox 127 4742 1684 4812">
     <span class='ocr_line' id='line_1_95' title="bbox 127 4742 1684 4812; baseline -0.009 0"><span class='ocrx_word' id='word_1_666' title='bbox 127 4742 289 4812; x_wconf 81' lang='lat' dir='ltr'><strong>ctatn</strong></span> <span class='ocrx_word' id='word_1_667' title='bbox 329 4750 701 4805; x_wconf 87' lang='lat' dir='ltr'><strong>temeritatem.</strong></span> <span class='ocrx_word' id='word_1_668' title='bbox 742 4747 1022 4800; x_wconf 83' lang='lat' dir='ltr'><strong>Modestior</strong></span> <span class='ocrx_word' id='word_1_669' title='bbox 1052 4746 1317 4812; x_wconf 83' lang='lat' dir='ltr'><strong>Merlinus,</strong></span> <span class='ocrx_word' id='word_1_670' title='bbox 1348 4761 1562 4800; x_wconf 87' lang='lat' dir='ltr'><strong>errores</strong></span> <span class='ocrx_word' id='word_1_671' title='bbox 1603 4746 1684 4799; x_wconf 89' lang='lat' dir='ltr'><strong>bis</strong></span> 
     </span>
    </p>
   </div>
   <div class='ocr_carea' id='block_1_96' title="bbox 127 4837 1684 4905">
    <p class='ocr_par' dir='ltr' id='par_1_96' title="bbox 127 4837 1684 4905">
     <span class='ocr_line' id='line_1_96' title="bbox 127 4837 1684 4905; baseline -0.007 -6"><span class='ocrx_word' id='word_1_672' title='bbox 127 4840 388 4899; x_wconf 81' lang='lat' dir='ltr'><strong>boutiliis</strong></span> <span class='ocrx_word' id='word_1_673' title='bbox 438 4839 502 4892; x_wconf 87' lang='lat' dir='ltr'><strong>ab</strong></span> <span class='ocrx_word' id='word_1_674' title='bbox 553 4837 852 4905; x_wconf 80' lang='lat' dir='ltr'><strong>Origeniani</strong></span> <span class='ocrx_word' id='word_1_675' title='bbox 912 4837 1137 4890; x_wconf 90' lang='lat' dir='ltr'><strong>nominis</strong></span> <span class='ocrx_word' id='word_1_676' title='bbox 1187 4837 1392 4890; x_wconf 72' lang='lat' dir='ltr'><strong>mmulis</strong></span> <span class='ocrx_word' id='word_1_677' title='bbox 1441 4849 1684 4904; x_wconf 89' lang='lat' dir='ltr'><strong>aspersos</strong></span> 
     </span>
    </p>
   </div>
   <div class='ocr_carea' id='block_1_97' title="bbox 129 4923 1682 4994">
    <p class='ocr_par' dir='ltr' id='par_1_97' title="bbox 129 4923 1682 4994">
     <span class='ocr_line' id='line_1_97' title="bbox 129 4923 1682 4994; baseline -0.01 -6"><span class='ocrx_word' id='word_1_678' title='bbox 129 4942 503 4988; x_wconf 81' lang='lat' dir='ltr'><strong>asseverans:</strong></span> <span class='ocrx_word' id='word_1_679' title='bbox 536 4940 835 4994; x_wconf 84' lang='lat' dir='ltr'><strong>quanquam</strong></span> <span class='ocrx_word' id='word_1_680' title='bbox 862 4933 916 4977; x_wconf 90' lang='lat' dir='ltr'><strong>et</strong></span> <span class='ocrx_word' id='word_1_681' title='bbox 953 4925 1002 4978; x_wconf 86' lang='lat' dir='ltr'><strong>id</strong></span> <span class='ocrx_word' id='word_1_682' title='bbox 1045 4925 1190 4978; x_wconf 89' lang='lat' dir='ltr'><strong>valde</strong></span> <span class='ocrx_word' id='word_1_683' title='bbox 1235 4929 1516 4978; x_wconf 88' lang='lat' dir='ltr'><strong>incertum.</strong></span> <span class='ocrx_word' id='word_1_684' title='bbox 1546 4923 1682 4975; x_wconf 88' lang='lat' dir='ltr'><strong>Pau-</strong></span> 
     </span>
    </p>
   </div>
   <div class='ocr_carea' id='block_1_98' title="bbox 127 5009 1687 5083">
    <p class='ocr_par' dir='ltr' id='par_1_98' title="bbox 127 5009 1687 5083">
     <span class='ocr_line' id='line_1_98' title="bbox 127 5009 1687 5083; baseline -0.007 -9"><span class='ocrx_word' id='word_1_685' title='bbox 127 5021 303 5076; x_wconf 85' lang='lat' dir='ltr'><strong>culas</strong></span> <span class='ocrx_word' id='word_1_686' title='bbox 354 5015 605 5082; x_wconf 81' lang='lat' dir='ltr'><strong>quasdam</strong></span> <span class='ocrx_word' id='word_1_687' title='bbox 671 5012 950 5083; x_wconf 86' lang='lat' dir='ltr'><strong>particulas</strong></span> <span class='ocrx_word' id='word_1_688' title='bbox 994 5028 1057 5066; x_wconf 83' lang='lat' dir='ltr'><strong>ex</strong></span> <span class='ocrx_word' id='word_1_689' title='bbox 1104 5011 1331 5081; x_wconf 84' lang='lat' dir='ltr'><strong>Origene</strong></span> <span class='ocrx_word' id='word_1_690' title='bbox 1392 5014 1446 5066; x_wconf 87' lang='lat' dir='ltr'><strong>in</strong></span> <span class='ocrx_word' id='word_1_691' title='bbox 1495 5009 1687 5064; x_wconf 87' lang='lat' dir='ltr'><strong>Lucam</strong></span> 
     </span>
    </p>
   </div>
   <div class='ocr_carea' id='block_1_99' title="bbox 127 5101 1687 5172">
    <p class='ocr_par' dir='ltr' id='par_1_99' title="bbox 127 5101 1687 5172">
     <span class='ocr_line' id='line_1_99' title="bbox 127 5101 1687 5172; baseline -0.008 -6"><span class='ocrx_word' id='word_1_692' title='bbox 127 5110 372 5166; x_wconf 84' lang='lat' dir='ltr'><strong>exhibet</strong></span> <span class='ocrx_word' id='word_1_693' title='bbox 395 5103 564 5158; x_wconf 77' lang='lat' dir='ltr'><strong>Julius</strong></span> <span class='ocrx_word' id='word_1_694' title='bbox 591 5105 769 5158; x_wconf 74' lang='lat' dir='ltr'><strong>Cmsor</strong></span> <span class='ocrx_word' id='word_1_695' title='bbox 797 5103 1117 5172; x_wconf 82' lang='lat' dir='ltr'><strong>Bulengerus</strong></span> <span class='ocrx_word' id='word_1_696' title='bbox 1151 5113 1288 5170; x_wconf 90' lang='lat' dir='ltr'><strong>part.</strong></span> <span class='ocrx_word' id='word_1_697' title='bbox 1312 5117 1374 5166; x_wconf 88' lang='lat' dir='ltr'><strong>tl,</strong></span> <span class='ocrx_word' id='word_1_698' title='bbox 1399 5102 1608 5156; x_wconf 89' lang='lat' dir='ltr'><strong>diatrib.</strong></span> <span class='ocrx_word' id='word_1_699' title='bbox 1635 5101 1687 5167; x_wconf 77' lang='lat'><strong>5,</strong></span> 
     </span>
    </p>
   </div>
   <div class='ocr_carea' id='block_1_100' title="bbox 131 5189 1686 5274">
    <p class='ocr_par' dir='ltr' id='par_1_100' title="bbox 131 5189 1686 5274">
     <span class='ocr_line' id='line_1_100' title="bbox 131 5189 1686 5274; baseline -0.007 -21"><span class='ocrx_word' id='word_1_700' title='bbox 131 5218 194 5274; x_wconf 73' lang='grc' dir='ltr'><strong>υ.</strong></span> <span class='ocrx_word' id='word_1_701' title='bbox 244 5197 352 5249; x_wconf 81' lang='grc'><strong>158</strong></span> <span class='ocrx_word' id='word_1_702' title='bbox 401 5203 454 5248; x_wconf 90' lang='lat' dir='ltr'><strong>et</strong></span> <span class='ocrx_word' id='word_1_703' title='bbox 495 5192 618 5254; x_wconf 76' lang='lat'><strong>222,</strong></span> <span class='ocrx_word' id='word_1_704' title='bbox 659 5193 857 5245; x_wconf 80' lang='lat' dir='ltr'><strong>advers.</strong></span> <span class='ocrx_word' id='word_1_705' title='bbox 898 5190 1188 5246; x_wconf 81' lang='lat' dir='ltr'><strong>Casaubon.</strong></span> <span class='ocrx_word' id='word_1_706' title='bbox 1226 5205 1291 5243; x_wconf 89' lang='lat' dir='ltr'><strong>ex</strong></span> <span class='ocrx_word' id='word_1_707' title='bbox 1329 5189 1529 5244; x_wconf 85' lang='lat' dir='ltr'><strong>catenis</strong></span> <span class='ocrx_word' id='word_1_708' title='bbox 1573 5189 1686 5244; x_wconf 76' lang='lat' dir='ltr'><strong>for-</strong></span> 
     </span>
    </p>
   </div>
   <div class='ocr_carea' id='block_1_101' title="bbox 134 5283 984 5352">
    <p class='ocr_par' dir='ltr' id='par_1_101' title="bbox 134 5283 984 5352">
     <span class='ocr_line' id='line_1_101' title="bbox 134 5283 984 5352; baseline -0.011 -9"><span class='ocrx_word' id='word_1_709' title='bbox 134 5301 305 5347; x_wconf 83' lang='lat' dir='ltr'><strong>tasse</strong></span> <span class='ocrx_word' id='word_1_710' title='bbox 339 5283 602 5352; x_wconf 87' lang='lat' dir='ltr'><strong>aliquibus</strong></span> <span class='ocrx_word' id='word_1_711' title='bbox 631 5283 984 5350; x_wconf 76' lang='lat' dir='ltr'><strong>depromptas.</strong></span> 
     </span>
    </p>
   </div>
   <div class='ocr_carea' id='block_1_102' title="bbox 223 5389 1688 5466">
    <p class='ocr_par' dir='ltr' id='par_1_102' title="bbox 223 5389 1688 5466">
     <span class='ocr_line' id='line_1_102' title="bbox 223 5389 1688 5466; baseline -0.005 -18"><span class='ocrx_word' id='word_1_712' title='bbox 223 5394 346 5466; x_wconf 78' lang='lat'><strong>(82)</strong></span> <span class='ocrx_word' id='word_1_713' title='bbox 399 5392 445 5446; x_wconf 84' lang='lat' dir='ltr'><em>E</em></span> <span class='ocrx_word' id='word_1_714' title='bbox 490 5392 684 5466; x_wconf 66' lang='lat' dir='ltr'><strong>duobus</strong></span> <span class='ocrx_word' id='word_1_715' title='bbox 727 5403 772 5446; x_wconf 86' lang='lat' dir='ltr'><strong>et</strong></span> <span class='ocrx_word' id='word_1_716' title='bbox 822 5393 1033 5461; x_wconf 85' lang='lat' dir='ltr'><strong>triginta</strong></span> <span class='ocrx_word' id='word_1_717' title='bbox 1088 5389 1688 5466; x_wconf 40' lang='lat' dir='ltr'><strong>Commentariorumhi‘n</strong></span> 
     </span>
    </p>
   </div>
   <div class='ocr_carea' id='block_1_103' title="bbox 137 5455 1690 5527">
    <p class='ocr_par' dir='ltr' id='par_1_103' title="bbox 137 5455 1690 5527">
     <span class='ocr_line' id='line_1_103' title="bbox 137 5455 1690 5527; baseline -0.008 -5"><span class='ocrx_word' id='word_1_718' title='bbox 137 5455 421 5522; x_wconf 69' lang='lat' dir='ltr'><strong>Joannem</strong></span> <span class='ocrx_word' id='word_1_719' title='bbox 451 5465 619 5513; x_wconf 88' lang='lat' dir='ltr'><strong>tomis.</strong></span> <span class='ocrx_word' id='word_1_720' title='bbox 643 5459 757 5513; x_wconf 86' lang='lat' dir='ltr'><strong>Jam</strong></span> <span class='ocrx_word' id='word_1_721' title='bbox 795 5455 975 5527; x_wconf 68' lang='lat' dir='ltr'><strong>supra,</strong></span> <span class='ocrx_word' id='word_1_722' title='bbox 1005 5467 1132 5512; x_wconf 85' lang='lat' dir='ltr'><strong>sect.</strong></span> <span class='ocrx_word' id='word_1_723' title='bbox 1163 5457 1220 5520; x_wconf 88' lang='lat'><strong>2,</strong></span> <span class='ocrx_word' id='word_1_724' title='bbox 1243 5473 1388 5512; x_wconf 90' lang='lat' dir='ltr'><strong>num.</strong></span> <span class='ocrx_word' id='word_1_725' title='bbox 1413 5457 1464 5520; x_wconf 90' lang='lat'><strong>7,</strong></span> <span class='ocrx_word' id='word_1_726' title='bbox 1492 5455 1690 5527; x_wconf 76' lang='lat' dir='ltr'><strong>p.296,</strong></span> 
     </span>
    </p>
   </div>
   <div class='ocr_carea' id='block_1_104' title="bbox 136 5525 1694 5592">
    <p class='ocr_par' dir='ltr' id='par_1_104' title="bbox 136 5525 1694 5592">
     <span class='ocr_line' id='line_1_104' title="bbox 136 5525 1694 5592; baseline -0.008 -2"><span class='ocrx_word' id='word_1_727' title='bbox 136 5547 276 5591; x_wconf 83' lang='lat' dir='ltr'><strong>not.</strong></span> <span class='ocrx_word' id='word_1_728' title='bbox 305 5543 361 5584; x_wconf 87' lang='lat' dir='ltr'><strong>et</strong></span> <span class='ocrx_word' id='word_1_729' title='bbox 387 5536 437 5582; x_wconf 88' lang='lat' dir='ltr'><strong>itt</strong></span> <span class='ocrx_word' id='word_1_730' title='bbox 468 5528 782 5581; x_wconf 71' lang='lat' dir='ltr'><strong>Przel&#39;atione</strong></span> <span class='ocrx_word' id='word_1_731' title='bbox 806 5525 923 5582; x_wconf 89' lang='lat' dir='ltr'><strong>huic</strong></span> <span class='ocrx_word' id='word_1_732' title='bbox 951 5539 1091 5581; x_wconf 85' lang='lat' dir='ltr'><strong>tumo</strong></span> <span class='ocrx_word' id='word_1_733' title='bbox 1127 5527 1338 5592; x_wconf 74' lang='lat' dir='ltr'><strong>prtelixa</strong></span> <span class='ocrx_word' id='word_1_734' title='bbox 1365 5525 1694 5579; x_wconf 88' lang='lat' dir='ltr'><strong>ostendimus</strong></span> 
     </span>
    </p>
   </div>
   <div class='ocr_carea' id='block_1_105' title="bbox 139 5593 1695 5673">
    <p class='ocr_par' dir='ltr' id='par_1_105' title="bbox 139 5593 1695 5673">
     <span class='ocr_line' id='line_1_105' title="bbox 139 5593 1695 5673; baseline -0.004 -19"><span class='ocrx_word' id='word_1_735' title='bbox 139 5607 280 5673; x_wconf 82' lang='lat' dir='ltr'><strong>plus</strong></span> <span class='ocrx_word' id='word_1_736' title='bbox 307 5614 462 5673; x_wconf 63' lang='lat' dir='ltr'><strong>quam</strong></span> <span class='ocrx_word' id='word_1_737' title='bbox 494 5599 701 5662; x_wconf 79' lang='lat' dir='ltr'><strong>triginta</strong></span> <span class='ocrx_word' id='word_1_738' title='bbox 745 5607 800 5673; x_wconf 72' lang='lat' dir='ltr'><strong>ct</strong></span> <span class='ocrx_word' id='word_1_739' title='bbox 824 5598 1146 5673; x_wconf 74' lang='lat' dir='ltr'><strong>duos__tott&#39;tos</strong></span> <span class='ocrx_word' id='word_1_740' title='bbox 1187 5595 1242 5646; x_wconf 84' lang='lat' dir='ltr'><strong>in</strong></span> <span class='ocrx_word' id='word_1_741' title='bbox 1287 5593 1540 5647; x_wconf 83' lang='lat' dir='ltr'><strong>Joannem</strong></span> <span class='ocrx_word' id='word_1_742' title='bbox 1569 5607 1695 5648; x_wconf 89' lang='lat' dir='ltr'><strong>cou-</strong></span> 
     </span>
    </p>
   </div>
   <div class='ocr_carea' id='block_1_106' title="bbox 135 5665 1296 5732">
    <p class='ocr_par' dir='ltr' id='par_1_106' title="bbox 135 5665 1296 5732">
     <span class='ocr_line' id='line_1_106' title="bbox 135 5665 1296 5732; baseline -0.011 -5"><span class='ocrx_word' id='word_1_743' title='bbox 135 5665 355 5731; x_wconf 70' lang='lat' dir='ltr'><strong>I&#39;ecjsac</strong></span> <span class='ocrx_word' id='word_1_744' title='bbox 377 5666 653 5732; x_wconf 76' lang='lat' dir='ltr'><strong>Origenem</strong></span> <span class='ocrx_word' id='word_1_745' title='bbox 695 5665 1128 5716; x_wconf 77' lang='lat' dir='ltr'><strong>verisitnillitnutn</strong></span> <span class='ocrx_word' id='word_1_746' title='bbox 1160 5675 1296 5716; x_wconf 89' lang='lat' dir='ltr'><strong>esse.</strong></span> 
     </span>
    </p>
   </div>
   <div class='ocr_carea' id='block_1_107' title="bbox 483 5752 1129 5814">
    <p class='ocr_par' dir='ltr' id='par_1_107' title="bbox 483 5752 1129 5814">
     <span class='ocr_line' id='line_1_107' title="bbox 483 5752 1129 5814; baseline 0.006 -5"><span class='ocrx_word' id='word_1_747' title='bbox 483 5752 897 5811; x_wconf 68' lang='lat' dir='ltr'><strong>PATROL.&quot;GR.</strong></span> <span class='ocrx_word' id='word_1_748' title='bbox 935 5755 1129 5814; x_wconf 79' lang='lat' dir='ltr'><strong>XVII.</strong></span> 
     </span>
    </p>
   </div>
   <div class='ocr_carea' id='block_1_108' title="bbox 1791 4548 3315 4621">
    <p class='ocr_par' dir='ltr' id='par_1_108' title="bbox 1791 4548 3315 4621">
     <span class='ocr_line' id='line_1_108' title="bbox 1791 4548 3315 4621; baseline -0.005 -15"><span class='ocrx_word' id='word_1_749' title='bbox 1791 4553 2036 4608; x_wconf 88' lang='lat' dir='ltr'><strong>strissimi</strong></span> <span class='ocrx_word' id='word_1_750' title='bbox 2071 4552 2322 4621; x_wconf 86' lang='lat' dir='ltr'><strong>principis</strong></span> <span class='ocrx_word' id='word_1_751' title='bbox 2353 4551 2551 4603; x_wconf 86' lang='lat' dir='ltr'><strong>domini</strong></span> <span class='ocrx_word' id='word_1_752' title='bbox 2581 4549 2760 4605; x_wconf 81' lang='lat' dir='ltr'><strong>Jacobi</strong></span> <span class='ocrx_word' id='word_1_753' title='bbox 2791 4548 3136 4608; x_wconf 62' lang='lat' dir='ltr'><strong>Marmoreae,</strong></span> <span class='ocrx_word' id='word_1_754' title='bbox 3159 4561 3315 4614; x_wconf 84' lang='lat' dir='ltr'><strong>quem</strong></span> 
     </span>
    </p>
   </div>
   <div class='ocr_carea' id='block_1_109' title="bbox 1790 4636 3322 4711">
    <p class='ocr_par' dir='ltr' id='par_1_109' title="bbox 1790 4636 3322 4711">
     <span class='ocr_line' id='line_1_109' title="bbox 1790 4636 3322 4711; baseline -0.005 -14"><span class='ocrx_word' id='word_1_755' title='bbox 1790 4645 1928 4697; x_wconf 90' lang='lat' dir='ltr'><strong>inter</strong></span> <span class='ocrx_word' id='word_1_756' title='bbox 1952 4643 2291 4711; x_wconf 84' lang='lat' dir='ltr'><strong>antiquitates</strong></span> <span class='ocrx_word' id='word_1_757' title='bbox 2305 4640 2916 4710; x_wconf 87' lang='lat' dir='ltr'><strong>Constantinopolitanas</strong></span> <span class='ocrx_word' id='word_1_758' title='bbox 2935 4636 3322 4706; x_wconf 72' lang='lat' dir='ltr'><strong>Supplementa</strong></span> 
     </span>
    </p>
   </div>
   <div class='ocr_carea' id='block_1_110' title="bbox 1788 4724 3324 4787">
    <p class='ocr_par' dir='ltr' id='par_1_110' title="bbox 1788 4724 3324 4787">
     <span class='ocr_line' id='line_1_110' title="bbox 1788 4724 3324 4787; baseline -0.006 -1"><span class='ocrx_word' id='word_1_759' title='bbox 1788 4733 2116 4787; x_wconf 72' lang='lat' dir='ltr'><strong>Bibliotheca:</strong></span> <span class='ocrx_word' id='word_1_760' title='bbox 2166 4730 2493 4784; x_wconf 71' lang='lat' dir='ltr'><strong>Gesnerianaz</strong></span> <span class='ocrx_word' id='word_1_761' title='bbox 2541 4729 2762 4784; x_wconf 76' lang='lat' dir='ltr'><strong>Inseruit</strong></span> <span class='ocrx_word' id='word_1_762' title='bbox 2806 4727 3068 4782; x_wconf 78' lang='lat' dir='ltr'><strong>Antonius</strong></span> <span class='ocrx_word' id='word_1_763' title='bbox 3116 4724 3324 4780; x_wconf 79' lang='lat' dir='ltr'><strong>Verde-</strong></span> 
     </span>
    </p>
   </div>
   <div class='ocr_carea' id='block_1_111' title="bbox 1789 4813 3324 4889">
    <p class='ocr_par' dir='ltr' id='par_1_111' title="bbox 1789 4813 3324 4889">
     <span class='ocr_line' id='line_1_111' title="bbox 1789 4813 3324 4889; baseline -0.01 -11"><span class='ocrx_word' id='word_1_764' title='bbox 1789 4825 1932 4887; x_wconf 89' lang='lat' dir='ltr'><strong>rius,</strong></span> <span class='ocrx_word' id='word_1_765' title='bbox 1972 4831 2418 4876; x_wconf 89' lang='lat' dir='ltr'><strong>commemoratur</strong></span> <span class='ocrx_word' id='word_1_766' title='bbox 2462 4818 2704 4889; x_wconf 83' lang='lat' dir='ltr'><strong>Origenis</strong></span> <span class='ocrx_word' id='word_1_767' title='bbox 2756 4816 3048 4886; x_wconf 84' lang='lat' dir='ltr'><strong>Explicatio</strong></span> <span class='ocrx_word' id='word_1_768' title='bbox 3085 4817 3140 4868; x_wconf 87' lang='lat' dir='ltr'><strong>in</strong></span> <span class='ocrx_word' id='word_1_769' title='bbox 3186 4813 3324 4865; x_wconf 83' lang='lat' dir='ltr'><strong>Acta</strong></span> 
     </span>
    </p>
   </div>
   <div class='ocr_carea' id='block_1_112' title="bbox 1792 4902 3325 4979">
    <p class='ocr_par' dir='ltr' id='par_1_112' title="bbox 1792 4902 3325 4979">
     <span class='ocr_line' id='line_1_112' title="bbox 1792 4902 3325 4979; baseline -0.01 -17"><span class='ocrx_word' id='word_1_770' title='bbox 1792 4910 2158 4979; x_wconf 85' lang='lat' dir='ltr'><strong>apostolorum,</strong></span> <span class='ocrx_word' id='word_1_771' title='bbox 2182 4918 2235 4964; x_wconf 90' lang='lat' dir='ltr'><strong>et</strong></span> <span class='ocrx_word' id='word_1_772' title='bbox 2259 4910 2313 4961; x_wconf 89' lang='lat' dir='ltr'><strong>in</strong></span> <span class='ocrx_word' id='word_1_773' title='bbox 2344 4905 2602 4976; x_wconf 79' lang='lat' dir='ltr'><strong>Epistolas</strong></span> <span class='ocrx_word' id='word_1_774' title='bbox 2636 4903 2828 4969; x_wconf 83' lang='lat' dir='ltr'><strong>Pauli,</strong></span> <span class='ocrx_word' id='word_1_775' title='bbox 2869 4904 2932 4959; x_wconf 86' lang='lat' dir='ltr'><strong>de</strong></span> <span class='ocrx_word' id='word_1_776' title='bbox 2957 4902 3148 4972; x_wconf 84' lang='lat' dir='ltr'><strong>quibus</strong></span> <span class='ocrx_word' id='word_1_777' title='bbox 3177 4910 3325 4952; x_wconf 88' lang='lat' dir='ltr'><strong>nunc</strong></span> 
     </span>
    </p>
   </div>
   <div class='ocr_carea' id='block_1_113' title="bbox 1789 4998 2517 5066">
    <p class='ocr_par' dir='ltr' id='par_1_113' title="bbox 1789 4998 2517 5066">
     <span class='ocr_line' id='line_1_113' title="bbox 1789 4998 2517 5066; baseline -0.007 -13"><span class='ocrx_word' id='word_1_778' title='bbox 1789 5013 1884 5053; x_wconf 88' lang='lat' dir='ltr'><strong>suo</strong></span> <span class='ocrx_word' id='word_1_779' title='bbox 1915 4998 2097 5052; x_wconf 89' lang='lat' dir='ltr'><strong>ordine</strong></span> <span class='ocrx_word' id='word_1_780' title='bbox 2133 4998 2387 5066; x_wconf 85' lang='lat' dir='ltr'><strong>agendum</strong></span> <span class='ocrx_word' id='word_1_781' title='bbox 2411 5006 2517 5049; x_wconf 91' lang='lat' dir='ltr'><strong>est.</strong></span> 
     </span>
    </p>
   </div>
   <div class='ocr_carea' id='block_1_114' title="bbox 1856 5078 3322 5153">
    <p class='ocr_par' dir='ltr' id='par_1_114' title="bbox 1856 5078 3322 5153">
     <span class='ocr_line' id='line_1_114' title="bbox 1856 5078 3322 5153; baseline -0.01 -12"><span class='ocrx_word' id='word_1_782' title='bbox 1856 5086 1972 5142; x_wconf 78' lang='lat' dir='ltr'><strong>XV.</strong></span> <span class='ocrx_word' id='word_1_783' title='bbox 2007 5088 2225 5140; x_wconf 78' lang='lat' dir='ltr'><strong>Rufinus</strong></span> <span class='ocrx_word' id='word_1_784' title='bbox 2252 5085 2477 5140; x_wconf 86' lang='lat' dir='ltr'><strong>Heraclii</strong></span> <span class='ocrx_word' id='word_1_785' title='bbox 2506 5084 2731 5153; x_wconf 89' lang='lat' dir='ltr'><strong>impulsu</strong></span> <span class='ocrx_word' id='word_1_786' title='bbox 2760 5083 2870 5153; x_wconf 82' lang='lat'><strong>(85)</strong></span> <span class='ocrx_word' id='word_1_787' title='bbox 2911 5078 3099 5148; x_wconf 80' lang='lat' dir='ltr'><strong>viginti</strong></span> <span class='ocrx_word' id='word_1_788' title='bbox 3148 5085 3322 5130; x_wconf 86' lang='lat' dir='ltr'><strong>tomos</strong></span> 
     </span>
    </p>
   </div>
   <div class='ocr_carea' id='block_1_115' title="bbox 1790 5167 3316 5243">
    <p class='ocr_par' dir='ltr' id='par_1_115' title="bbox 1790 5167 3316 5243">
     <span class='ocr_line' id='line_1_115' title="bbox 1790 5167 3316 5243; baseline -0.011 -10"><span class='ocrx_word' id='word_1_789' title='bbox 1790 5178 2302 5233; x_wconf 88' lang='lat' dir='ltr'><strong>Commentariorum</strong></span> <span class='ocrx_word' id='word_1_790' title='bbox 2327 5175 2568 5243; x_wconf 82' lang='lat' dir='ltr'><strong>Origenis</strong></span> <span class='ocrx_word' id='word_1_791' title='bbox 2593 5175 2642 5227; x_wconf 87' lang='lat' dir='ltr'><strong>in</strong></span> <span class='ocrx_word' id='word_1_792' title='bbox 2671 5171 2956 5242; x_wconf 84' lang='lat' dir='ltr'><strong>Epistolam</strong></span> <span class='ocrx_word' id='word_1_793' title='bbox 2971 5169 3036 5220; x_wconf 83' lang='lat' dir='ltr'><strong>ad</strong></span> <span class='ocrx_word' id='word_1_794' title='bbox 3059 5167 3316 5220; x_wconf 85' lang='lat' dir='ltr'><strong>Romanos</strong></span> 
     </span>
    </p>
   </div>
   <div class='ocr_carea' id='block_1_116' title="bbox 1786 5249 3318 5336">
    <p class='ocr_par' dir='ltr' id='par_1_116' title="bbox 1786 5249 3318 5336">
     <span class='ocr_line' id='line_1_116' title="bbox 1786 5249 3318 5336; baseline -0.014 -12"><span class='ocrx_word' id='word_1_795' title='bbox 1786 5271 1987 5324; x_wconf 72' lang='lat' dir='ltr'><strong>Latina:</strong></span> <span class='ocrx_word' id='word_1_796' title='bbox 2031 5268 2222 5336; x_wconf 77' lang='lat' dir='ltr'><strong>lingua:</strong></span> <span class='ocrx_word' id='word_1_797' title='bbox 2265 5266 2537 5320; x_wconf 85' lang='lat' dir='ltr'><strong>donandus</strong></span> <span class='ocrx_word' id='word_1_798' title='bbox 2583 5261 2854 5330; x_wconf 85' lang='lat' dir='ltr'><strong>suscepit:</strong></span> <span class='ocrx_word' id='word_1_799' title='bbox 2885 5257 2978 5308; x_wconf 90' lang='lat' dir='ltr'><strong>sed</strong></span> <span class='ocrx_word' id='word_1_800' title='bbox 3021 5269 3126 5322; x_wconf 88' lang='lat' dir='ltr'><strong>qua</strong></span> <span class='ocrx_word' id='word_1_801' title='bbox 3177 5249 3318 5306; x_wconf 72' lang='lat' dir='ltr'><strong>ﬁde?</strong></span> 
     </span>
    </p>
   </div>
   <div class='ocr_carea' id='block_1_117' title="bbox 1862 5363 3317 5450">
    <p class='ocr_par' dir='ltr' id='par_1_117' title="bbox 1862 5363 3317 5450">
     <span class='ocr_line' id='line_1_117' title="bbox 1862 5363 3317 5450; baseline -0.018 -13"><span class='ocrx_word' id='word_1_802' title='bbox 1862 5383 1972 5450; x_wconf 78' lang='lat'><strong>(85)</strong></span> <span class='ocrx_word' id='word_1_803' title='bbox 2008 5379 2203 5450; x_wconf 83' lang='lat' dir='ltr'><strong>Viginti</strong></span> <span class='ocrx_word' id='word_1_804' title='bbox 2231 5389 2393 5434; x_wconf 86' lang='lat' dir='ltr'><strong>tomos</strong></span> <span class='ocrx_word' id='word_1_805' title='bbox 2420 5379 2702 5433; x_wconf 82' lang='lat' dir='ltr'><strong>Comment.</strong></span> <span class='ocrx_word' id='word_1_806' title='bbox 2725 5363 3317 5450; x_wconf 35' lang='grc' dir='ltr'><strong>οῃὶθοηὶρηιξξρῆξιῗᾼᾳρ</strong></span> 
     </span>
    </p>
   </div>
   <div class='ocr_carea' id='block_1_118' title="bbox 1793 5433 3316 5513">
    <p class='ocr_par' dir='ltr' id='par_1_118' title="bbox 1793 5433 3316 5513">
     <span class='ocr_line' id='line_1_118' title="bbox 1793 5433 3316 5513; baseline -0.016 -4"><span class='ocrx_word' id='word_1_807' title='bbox 1793 5433 2226 5513; x_wconf 59' lang='grc' dir='ltr'><strong>Βδιῖιῖιιόεῖθιο.</strong></span> <span class='ocrx_word' id='word_1_808' title='bbox 2277 5451 2622 5503; x_wconf 83' lang='lat' dir='ltr'><strong>Cassiodorus</strong></span> <span class='ocrx_word' id='word_1_809' title='bbox 2667 5433 2876 5510; x_wconf 81' lang='lat' dir='ltr'><strong>quidem</strong></span> <span class='ocrx_word' id='word_1_810' title='bbox 2927 5435 3002 5513; x_wconf 70' lang='lat' dir='ltr'><strong>ait</strong></span> <span class='ocrx_word' id='word_1_811' title='bbox 3033 5433 3316 5513; x_wconf 76' lang='lat' dir='ltr'><strong>Origenem</strong></span> 
     </span>
    </p>
   </div>
   <div class='ocr_carea' id='block_1_119' title="bbox 1795 5501 3318 5586">
    <p class='ocr_par' dir='ltr' id='par_1_119' title="bbox 1795 5501 3318 5586">
     <span class='ocr_line' id='line_1_119' title="bbox 1795 5501 3318 5586; baseline -0.016 -11"><span class='ocrx_word' id='word_1_812' title='bbox 2166 5501 2170 5502; x_wconf 11' lang='grc' dir='ltr'><em>γ</em></span> <span class='ocrx_word' id='word_1_813' title='bbox 2190 5501 2404 5572; x_wconf 60' lang='lat' dir='ltr'><strong>Roman,</strong></span> <span class='ocrx_word' id='word_1_814' title='bbox 2458 5513 2636 5578; x_wconf 77' lang='lat' dir='ltr'><strong>viginti</strong></span> <span class='ocrx_word' id='word_1_815' title='bbox 2684 5501 3318 5586; x_wconf 34' lang='lat' dir='ltr'><strong>&#39;tetnosAelaborasscjgt</strong></span> 
     </span>
    </p>
   </div>
   <div class='ocr_carea' id='block_1_120' title="bbox 1800 5567 3318 5654">
    <p class='ocr_par' dir='ltr' id='par_1_120' title="bbox 1800 5567 3318 5654">
     <span class='ocr_line' id='line_1_120' title="bbox 1800 5567 3318 5654; baseline -0.015 -10"><span class='ocrx_word' id='word_1_816' title='bbox 1800 5567 2601 5654; x_wconf 31' lang='lat' dir='ltr'><strong>Iiulitriiis—vq—n—indecimlanuuii“</strong></span> <span class='ocrx_word' id='word_1_817' title='bbox 2618 5588 2860 5654; x_wconf 65' lang='lat' dir='ltr'><strong>enumera</strong></span> <span class='ocrx_word' id='word_1_818' title='bbox 2870 5579 2914 5654; x_wconf 33' lang='grc' dir='ltr'><strong>με</strong></span> <span class='ocrx_word' id='word_1_819' title='bbox 2926 5578 3011 5654; x_wconf 51' lang='grc' dir='ltr'><strong>ξι</strong></span> <span class='ocrx_word' id='word_1_820' title='bbox 3048 5584 3082 5624; x_wconf 73' lang='grc' dir='ltr'>θ</span> <span class='ocrx_word' id='word_1_821' title='bbox 3121 5567 3318 5648; x_wconf 79' lang='lat' dir='ltr'><strong>nostris</strong></span> 
     </span>
    </p>
   </div>
   <div class='ocr_carea' id='block_1_121' title="bbox 1806 5640 3193 5714">
    <p class='ocr_par' dir='ltr' id='par_1_121' title="bbox 1806 5640 3193 5714">
     <span class='ocr_line' id='line_1_121' title="bbox 1806 5640 3193 5714; baseline -0.022 1"><span class='ocrx_word' id='word_1_822' title='bbox 1806 5640 2099 5714; x_wconf 32' lang='lat' dir='ltr'><strong>iussialitt&#39;s</strong></span> <span class='ocrx_word' id='word_1_823' title='bbox 2125 5656 2279 5712; x_wconf 82' lang='lat' dir='ltr'><strong>habet</strong></span> <span class='ocrx_word' id='word_1_824' title='bbox 2303 5655 2501 5714; x_wconf 88' lang='lat' dir='ltr'><strong>decem,</strong></span> <span class='ocrx_word' id='word_1_825' title='bbox 2538 5647 2670 5699; x_wconf 83' lang='lat' dir='ltr'><strong>alius</strong></span> <span class='ocrx_word' id='word_1_826' title='bbox 2703 5640 2996 5696; x_wconf 77' lang='lat' dir='ltr'><strong>duodecim.</strong></span> <span class='ocrx_word' id='word_1_827' title='bbox 3026 5707 3028 5709; x_wconf 7' lang='lat' dir='ltr'><strong>b</strong></span> <span class='ocrx_word' id='word_1_828' title='bbox 3189 5644 3193 5648; x_wconf 47' lang='grc' dir='ltr'>λ</span> 
     </span>
    </p>
   </div>
   <div class='ocr_carea' id='block_1_122' title="bbox 2965 5723 3042 5783">
    <p class='ocr_par' dir='ltr' id='par_1_122' title="bbox 2965 5723 3042 5783">
     <span class='ocr_line' id='line_1_122' title="bbox 2965 5723 3042 5783; baseline 0.013 -1"><span class='ocrx_word' id='word_1_829' title='bbox 2965 5723 3042 5783; x_wconf 83' lang='grc'>39</span> 
     </span>
    </p>
   </div>
  </div>
