3922 6446
202 409 328 464 i229

1007 403 1555 461 ORIGENIANORUM
1590 403 1715 458 LIB.
1753 403 1836 469 III,
1874 403 2018 458 CAP.
2055 406 2116 468 ll,
2157 405 2339 460 SECT.
2377 406 2464 460 IV.

3191 407 3320 460 1230

201 520 470 578 nonnullas
494 523 810 591 Apologetico
837 536 936 575 suo
983 520 1281 592 Pamphilus
1332 520 1552 575 inl’ulsit.
1578 518 1699 572 IIie-
1727 525 1772 579 Α
1797 520 1967 578 suris;
1993 517 2146 585 hujus
2170 521 2428 587 praecipue
2460 519 2671 588 vestigia
2705 519 2946 588 persequi
2987 519 3153 574 decet.
3198 522 3321 576 Col-

202 627 449 680 ronymus
477 612 528 664 in
569 610 798 680 Epistola
847 612 910 665 ad
939 609 1328 666 Minerviunet.
1357 609 1708 662 Alexandrum

206 700 550 766 fragmentum
600 696 753 750 aﬂ'ert
799 711 830 751 e
887 697 1041 749 tertio
1077 695 1342 749 volumine
1392 692 1713 763 ὲξηγηματι-

198 786 302 841 κῶν
366 785 608 853 Origenis
660 787 713 836 in
769 784 800 836 Ι
841 786 908 836 ad
953 783 1445 839 Thessalonicensem
1501 783 1578 835 Ex
1625 784 1712 838 ho-

199 875 351 928 miliis
385 874 442 926 in
471 874 760 939 Epistulam
808 873 874 923 ad
922 871 1163 925 llebrwos
1211 871 1430 939 paucula
1473 871 1708 936 quaedam

197 964 466 1030 descripsit
498 964 753 1018 Eusebius
789 963 908 1016 libr.
939 978 987 1016 vi
1022 961 1243 1026 Histor.,
1290 975 1406 1030 cap.
1446 960 1534 1015 25.
1568 959 1710 1012 Indi-

193 1053 306 1104 dem
343 1052 590 1105 nonnulla
618 1051 770 1106 aﬂert
803 1050 1105 1120 Pamphilus
1148 1050 1373 1104 diversis
1399 1047 1710 1118 Apologetici

194 1140 270 1194 sui
315 1141 464 1193 locis.

257 1229 417 1282 Multa
449 1236 702 1296 praeterea
730 1242 760 1281 e
790 1227 952 1281 variis
980 1225 1224 1294 Origenis
1259 1225 1710 1280 lucubrationibus

194 1318 481 1388 fragmenta
511 1328 714 1372 catenae
745 1317 1183 1380 subministrant;
1228 1317 1321 1369 sed
1362 1330 1530 1384 neque
1568 1315 1710 1370 locos

193 1407 324 1461 unde
348 1405 438 1460 illa
474 1410 629 1476 petita
657 1416 779 1460 sunt
801 1407 1069 1472 indicant;
1102 1422 1200 1461 nec
1229 1417 1371 1461 cer-ta
1393 1417 1472 1459 est
1501 1416 1711 1460 catena-

195 1511 305 1549 rum
335 1496 487 1560 lides,
520 1507 576 1550 ut
606 1497 900 1550 monuimus
925 1495 1068 1550 alibi.
1101 1497 1428 1564 Quapropter
1447 1494 1711 1564 fragmen-

194 1595 359 1639 torum
383 1600 505 1653 qua:
537 1602 597 1643 ex
623 1587 686 1639 iis
715 1586 944 1654 profecta
979 1595 1134 1652 sunt,
1152 1586 1346 1638 nullam
1392 1585 1476 1638 hic
1509 1586 1707 1639 haben-

193 1675 306 1727 dam
335 1675 595 1728 rationem
621 1674 884 1728 duximus.
918 1674 990 1727 Ex
1021 1675 1084 1728 iis
1111 1683 1282 1728 autem
1307 1684 1567 1742 excerpta:
1589 1684 1710 1728 sunt

191 1762 362 1816 inultae
390 1761 640 1830 Origenis
679 1763 730 1815 in
769 1764 942 1816 varios
979 1763 1266 1830 Scriptura:
1312 1762 1473 1817 libros
1517 1763 1709 1833 ἐξηγή-

189 1867 318 1912 σεις,
351 1865 476 1918 ψη
509 1852 558 1904 in
590 1851 848 1905 Vaticanae
900 1851 1227 1906 bibliotheca:
1272 1852 1524 1921 catalogis
1566 1867 1710 1906 com-

187 1952 420 1992 memora
430 1955 462 1991 11
473 1949 522 1992 ιιι
530 1954 574 1992 1⁸.

774 2027 1007 2083 SECTIO
1052 2029 1134 2080 IV.

256 2132 323 2170 DE
347 2133 419 2171 OR
431 2133 596 2172 IGENIS
622 2133 907 2172 'I'ETRAPLIS
925 2159 940 2182 ,
965 2133 1214 2172 IIEXAPLIS
1257 2132 1323 2172 Ετ
1357 2134 1624 2175 OC'I‘AI‘LIS.

1809 606 2003 675 legerat
2070 607 2176 675 jam
2247 618 2369 662 ante
2444 609 2788 663 Adamantius
2857 606 3321 677 interpretationes

1809 691 2092 760 Scriptura:
2121 708 2150 746 a
2183 691 2489 750 Senioribus
2513 695 2873 765 Septuaginta,
2898 695 3084 764 Aquila
3105 734 3120 760 ,
3145 695 3318 750 Theo-

1807 781 2016 837 dotione
2061 792 2112 837 et
2145 783 2457 852 Symmacho
2495 785 2849 840 elucubratas.
2898 785 3144 851 Quintam
3184 799 3321 856 prc-

1809 877 1951 924 terea
1983 878 2036 924 ct
2059 881 2260 925 sextam
2301 871 2584 926 editionem
2623 875 2954 927 commodum
2991 885 3176 928 nactus
3214 883 3320 938 est,

1805 970 1942 1023 quas
1975 957 2028 1010 in
2070 956 2273 1026 angulis
2327 957 2636 1024 quibusdam
2695 960 2929 1014 occultas
2974 961 3322 1029 investigasse

1806 1044 1976 1111 ipsum
2003 1052 2060 1098 et
2095 1045 2147 1099 iu
2177 1045 2344 1100 lucem
2374 1045 2600 1099 edidisse
2630 1048 2814 1102 scribit
2845 1049 3123 1103 Eusebius.
3149 1051 3318 1103 Atha-

1808 1132 1982 1186 nasius
2014 1145 2138 1185 vero
2171 1133 2224 1185 in
2263 1130 2480 1201 ευπορεὶ
2514 1133 2654 1185 docet
2688 1134 2796 1203 (86)
2844 1139 3130 1204 imperante
3153 1137 3320 1191 Cara-

1807 1219 1960 1284 calla,
1985 1221 2036 1272 in
2063 1220 2215 1274 doliis
2244 1220 2583 1276 Hiericbuute
2610 1233 2868 1291 repertam
2901 1226 3058 1280 fuisse
3081 1228 3318 1295 quintam

1806 1321 1836 1360 a
1862 1307 2094 1362 studioso
2129 1308 2354 1375 quodam
2396 1323 2459 1363 ex
2507 1311 2572 1364 iis
2607 1311 2695 1377 qui
2754 1322 2903 1365 erant
2946 1312 3315 1384 Jerosolymae;

1803 1405 2005 1449 sextam
2047 1412 2172 1450 vero
2208 1397 2307 1452 sub
2333 1398 2627 1455 Alexandro
2663 1400 2948 1456 Mammma:
2989 1403 3222 1471 Nicopoli
3251 1409 3319 1459 ad

1804 1484 2011 1538 Actium
2038 1501 2066 1538 a
2103 1487 2328 1555 quodam
2366 1487 2607 1555 Origenis
2633 1491 2906 1558 discipulo.
2952 1490 3090 1545 Idem
3130 1508 3320 1562 prope-

1806 1576 2014 1627 modum
2065 1576 2222 1629 habet
2251 1577 2571 1645 Epiphanius
2620 1581 2672 1632 in
2722 1579 2860 1634 libro
2908 1581 2982 1634 De
3020 1583 3229 1648 ponder.
3269 1593 3319 1637 et

1805 1676 1986 1726 mens.,
2011 1677 2126 1727 cap.
2164 1662 2250 1727 l8,
2281 1664 2528 1732 additque
2572 1666 2799 1732 priorem
2834 1682 2864 1722 e
2897 1669 3125 1723 tenebris
3159 1669 3323 1727 fuisse

1803 1759 2005 1804 erutam
2035 1753 2255 1819 septimo
2280 1750 2567 1806 Caracallaa
2595 1769 2750 1807 anno.
2785 1754 3005 1810 Fallitur
3028 1755 3318 1828 Cedrenus,

1803 1840 1891 1908 qui
1920 1849 2197 1908 utramque
2228 1839 2565 1895 Hierichunte
2588 1843 2852 1897 inventam
2880 1844 3040 1900 fuisse
3067 1858 3265 1902 narrat.

1871 1928 1943 1981 Ex
1971 1929 2035 1982 iis
2059 1944 2150 1982 sex
2180 1930 2730 1995 interpretationibus,
2768 1940 2822 1984 et
2855 1929 3114 1987 Hebraico
3136 1948 3316 1988 exem-

1804 2017 1954 2085 plari,
2014 2016 2252 2084 Tetrapla
2275 2032 2407 2081 sua,
2454 2017 2684 2086 Hexapla
2724 2029 2775 2074 et
2827 2021 3042 2089 Octapla
3069 2023 3320 2090 Origenes

1802 2106 2154 2160 concinnavit.
2185 2105 2293 2174 (87)
2316 2108 2394 2160 Ac
2422 2105 2658 2174 Tetrapla
2677 2109 2906 2176 quidem,
2933 2125 3048 2178 qua:
3073 2110 3320 2182 Hexaplis

179 2203 219 2262 I.
259 2206 579 2275 Proponitur
600 2207 875 2277 Epiphanii
895 2209 1146 2261 sententia
1172 2210 1234 2261 de
1260 2207 1499 2277 Origenis
1525 2210 1708 2263 Tetra-

1809 2206 1982 2250 tamen
2036 2206 2269 2263 tempore
2311 2197 2602 2264 posteriora
2651 2198 2880 2265 luerunt,
2923 2212 3146 2269 quatuor
3195 2219 3321 2258 con-

246 2277 371 2343 plis.
409 2277 659 2341 Hexaplis
683 2287 731 2344 et
770 2274 1020 2344 Octaplis.
1051 2277 1112 2332 Il.
1136 2274 1396 2329 Asserittir
1417 2280 1703 2344 propositus

246 2342 476 2413 duarum
502 2342 870 2413 Hebraicarum
904 2342 1270 2396 columnarum
1297 2345 1351 2397 in
1387 2342 1630 2413 Ilexaplis
1659 2356 1704 2398 et

248 2410 493 2480 Octaplis
518 2413 664 2464 situs.
684 2412 790 2480 Δ111.
833 2411 1094 2480 Quagitur
1131 2428 1289 2478 quare
1331 2413 1397 2480 in,
1423 2410 1702 2480 Tetraplis,

251 2479 510 2547 ﬂexaplis
560 2488 608 2532 et
655 2478 895 2547 Octaplis
935 2478 1327 2532 Theodotionem
1370 2478 1705 2547 Symmachus
1749 2513 1757 2528 ι

250 2546 738 2616 praecesserat)“
788 2546 1130 2616 Investigatur
1177 2563 1346 2616 mens“
1389 2546 1598 2600 Eusebii
1644 2551 1706 2602 de

253 2612 544 2681 Tetraplis,
597 2614 836 2682 ﬂexaplis
858 2626 903 2667 et
934 2612 1183 2682 0ctaplis.
1216 2612 1279 2667 ν.
1305 2614 1475 2668 Unum
1501 2627 1546 2669 et
1575 2617 1706 2670 idem

251 2697 385 2749 Opus
407 2685 610 2748 [uerunt
638 2681 862 2751 Hexapla
891 2693 938 2734 et
974 2681 1208 2751 Oct’apla.
1241 2682 1320 2738 Vl.
1351 2683 1434 2735 Ea:
1473 2687 1706 2749 superio-

250 2751 401 2820 ῥᾴω
423 2752 782 2820 _recentiorum
829 2753 1101 2804 multorum
1124 2767 1350 2820 Aerrores
1399 2763 1706 2820 arguuntur.

252 2817 368 2888 ΥΠ.
414 2816 706 2888 Editionem
734 2817 1071 2885 Inter-prelum
1111 2816 1479 2887 Septuaginta,
1514 2836 1628 2888 quae
1652 2822 1707 2875 in

250 2885 509 2952 Hexaplis
548 2887 851 2951 habebatur,
896 2885 1186 2949 asteriscis,
1212 2885 1404 2948 obelis.
1457 2885 1708 2943 lemniscis

250 2964 302 3008 et
344 2953 729 3023 hypolemniscis
766 2953 1302 3023 Origenesgdistinxit.
1351 2954 1418 3007 Ei
1463 2967 1708 3023 praterea

249 3038 374 3093 qua
398 3032 506 3093 er_at
527 3021 647 3093 infl:
648 3021 872 3093 etraplis’
887 3021 1078 3093 scholia
1109 3023 1316 3090 adjecit.
1355 3021 1479 3078 VIII.
1507 3023 1709 3093 Editio-

251 3087 371 3144 nem
399 3087 599 3156 τῶνα
629 3087 875 3156 Hexaplis
904 3092 1146 3142 intextam
1169 3087 1513 3144 remendarunt
1547 3092 1707 3147 Euse-

253 3160 372 3228 lgins
423 3169 486 3228 et,
518 3155 846 3228 Pamphilus,
872 3168 918 3210 et
956 3159 1106 3228 primi
1150 3161 1706 3228 seorsumAvulgarunt.

251 3225 392 3279 Inde
421 3226 605 3291 triplex
628 3227 714 3278 illo
735 3234 950 3294 tempore
976 3227 1128 3278 editio
1154 3225 1348 3287 τῶνο’,
1375 3225 1708 3294 Origeniana,

250 3294 570 3364 Eusebium;
600 3304 647 3347 et
694 3293 881 3359 κοινή.
909 3293 1009 3364 IX.
1045 3294 1240 3347 Eadem
1279 3293 1483 3348 circiter
1525 3293 1711 3364 tempe-4

254 3371 392 3434 state
418 3362 627 3434 ecolam“
651 3365 877 3434 resarcit
899 3361 1151 3434 Lucianus
1171 3401 1184 3422 .
1219 3364 1427 3434 resarcit
1457 3373 1508 3434 _e_t
1539 3361 1710 3434 Hesyo

250 3433 426 3483 chius.
476 3428 610 3482 Hinc
647 3431 942 3498 quintuplex
988 3428 1178 3482 τῶν-ϐ’
1222 3431 1398 3485 editio.
1455 3431 1520 3484 Χ.
1573 3428 1708 3488 Suas

255 3513 464 3568 quoque
503 3499 742 3568 editiones
802 3500 1053 3568 asteriscis
1102 3509 1148 3550 et
1197 3499 1348 3551 obelis
1387 3501 1714 3554 discrimina-

255 3566 374 3619 runt
412 3566 669 3617 Luciunus
717 3577 763 3618 et
807 3567 1116 3633 Hesychius;
1161 3576 1216 3618 ut
1251 3578 1296 3619 et
1323 3583 1471 3622 suam
1516 3568 1630 3622 τῶν
1659 3571 1713 3624 α

252 3633 730 3698 interpretationem
775 3633 1136 3700 Hieronymus.
1181 3633 1471 3699 lnquinata:
1514 3649 1630 3692 sunt
1667 3651 1716 3694 et

248 3705 453 3757 vitiata:
473 3700 730 3753 hodierna:
750 3717 918 3753 omnes
941 3699 1058 3753 τῶν
1088 3699 1141 3752 0'
1165 3705 1431 3757 editiones.

247 3792 289 3845 I.
319 3791 560 3857 Agamus
579 3786 687 3852 jam
708 3787 772 3841 de
801 3787 1066 3856 Tetraplis,
1094 3788 1336 3858 Hexaplis
1365 3803 1419 3844 ct
1468 3793 1715 3863 Octaplis,

175 3881 629 3950 Origenianorum
679 3891 892 3945 Operum
951 3880 1183 3934 omnium
1270 3882 1605 3939 nobilissimis
1667 3895 1720 3940 et

176 3965 573 4022 Iaudatissiniis
603 3979 616 4015 :
644 3979 863 4032 quorum
894 3966 1149 4018 rationem
1173 3977 1289 4018 cum
1323 3969 1718 4024 accuratissime

175 4053 516 4125 Epiphanius
545 4053 813 4106 tradiderit
843 4053 893 4106 in
915 4053 1047 4106 libro
1065 4051 1137 4106 De
1160 4054 1470 4122 ponderibus
1503 4065 1549 4108 et
1572 4071 1714 4110 men-

176 4251 268 4290 ses
297 4233 572 4287 laciniam.
608 4231 917 4300 Fragmenta
973 4233 1210 4298 quazdam
1237 4248 1300 4287 ex
1325 4233 1472 4287 libris
1511 4233 1562 4285 in
1590 4233 1711 4297 Epi-

177 4305 369 4356 stolam
398 4306 492 4370 ad,
523 4299 732 4352 Galatas
757 4301 1056 4370 ,__aliudque
1099 4300 1337 4370 Origeuis
1384 4313 1709 4370 segmentum

178 4373 233 4424 in
279 4369 578 4438 Epistolam
614 4371 696 4438 3d
763 4366 1107 4420 Philemonem
1166 4366 1415 4437 Pamphili
1449 4366 1712 4438 'Apologia

178 4433 582 4492 subministrat.
614 4433 986 4501 Fragmentum
1007 4439 1164 4488 etiam
1198 4433 1314 4488 libri
1347 4441 1485 4490 tertii
1512 4433 1570 4489 in
1594 4433 1712 4503 Epi-

177 4509 369 4559 stolam
397 4503 747 4574 adﬁphesios
782 4505 942 4556 refert
965 4503 1306 4572 Hieroaynius
1331 4504 1421 4559 lib.
1460 4520 1474 4557 I
1501 4507 1708 4574 Apolog.

179 4573 436 4627 adversus
466 4571 726 4636 Ruﬁnum.

253 4642 367 4711 (86)
405 4640 700 4704 lmperante
733 4637 1042 4711 Caracalla,
1075 4640 1128 4711 in
1165 4639 1336 4711 doliis_
1361 4639 1712 4711 Hierichttnte,

178 4707 281 4763 etc.
316 4711 394 4763 Ea
424 4711 539 4774 ipsa
574 4707 870 4776 estprocul
899 4707 1053 4776 dubio
1079 4709 1142 4760 de
1171 4722 1274 4774 qua
1299 4708 1551 4760 Eusebius
1577 4708 1716 4776 Hist.

179 4780 274 4832 lib.
306 4793 356 4830 Vt
390 4770 514 4845 cap.
553 4777 649 4845 Ili,
671 4770 786 4826 Ἐπὶ
815 4770 1114 4845 μιᾶς-αὖθις
1147 4770 1528 4845 ᾳέσημείωτᾳι·
1559 4775 1632 4838 ὡς
1666 4779 1722 4828 ἐν

191 4848 412 4920 Ίγερςχοῖ
447 4844 749 4920 εὑρημένης
785 4845 860 4916 év’
879 4843 1014 4916 trioa)
1051 4842 1187 4914 κατᾲ
1210 4842 1333 4907 “rng
1358 4844 1575 4913 χρόνους
1606 4846 1721 4896 Ἀν-

1801 2282 2010 2337 stabant
2054 2283 2370 2338 editionibus
2411 2299 2505 2353 per
2525 2285 2794 2340 columnas
2811 2289 3108 2358 dispositis,
3150 2293 3320 2359 prima

1799 2371 2020 2440 Aquilae.
2055 2375 2284 2426 secunda
2317 2373 2636 2442 Symmachi,
2670 2376 2822 2429 tertia
2852 2376 3193 2447 Septuaginta
3224 2380 3320 2434 Se-

1801 2475 1945 2527 num,
1986 2471 2040 2514 et
2070 2461 2334 2528 postrema
2371 2463 2582 2516 demum
2625 2462 3012 2521 Tbeodotiouis.
3055 2466 3320 2538 Interpre-

1803 2551 2048 2604 tationem
2071 2548 2172 2602 τῶν
2195 2552 2246 2602 0'
2278 2551 2434 2604 tertio
2455 2550 2569 2604 loco
2598 2551 2788 2619 posuit,
2819 2562 2875 2605 ut
2903 2553 3103 2608 adeam
3122 2595 3138 2621 ,
3167 2569 3324 2622 quam

1801 2641 2034 2695 omnium
2073 2641 2413 2694 existimabat
2450 2654 2568 2696 esse
2607 2641 3083 2710 accuratissimam,
3111 2645 3324 2713 reliqua

1801 2729 2006 2784 facilius
2041 2729 2181 2799 exigi
2227 2737 2282 2784 et
2330 2729 2623 2783 examinari
2670 2741 2904 2798 possent.
2951 2731 3200 2802 Hexaplis
3241 2734 3326 2789 Im

1803 2819 1927 2887 ipsa:
1960 2819 2410 2886 interpretationes
2439 2830 2690 2888 quatuor,
2722 2820 2904 2874 eodem
2937 2823 3124 2876 ordine
3163 2822 3324 2876 collo-

1803 2918 1952 2972 catae,
1973 2923 2089 2964 cum
2116 2906 2372 2962 Hebraico
2400 2907 2708 2976 exemplari,
2748 2907 3023 2963 Hebraicis
3061 2909 3326 2976 descripto

1803 2997 2012 3062 litteris,
2043 3007 2096 3052 et
2124 2999 2306 3051 eodem
2327 2997 2524 3052 Graecis
2556 2998 2957 3052 characteribus
2983 3008 3172 3052 exacto
3200 3012 3326 3052 con-

1808 3083 2129 3136 tinebantur.
2155 3081 2310 3137 Prior
2338 3085 2648 3137 occurrebat
2675 3084 2916 3138 columna
2941 3083 3200 3140 Hebraica
3226 3084 3328 3140 lle-

1806 3171 1983 3226 braice
2005 3171 2242 3240 depicta;
2272 3181 2325 3225 at
2350 3186 2466 3240 qua:
2505 3182 2806 3227 contextum
2847 3173 3154 3228 Hebraicum
3184 3175 3330 3230 Grai-

1807 3258 1885 3311 cis
1907 3269 2179 3311 exaratum
2199 3258 2386 3314 litteris
2406 3259 2709 3327 exhibebat,
2731 3262 3148 3330 interpretationi
3170 3266 3330 3332 Aqui-

1809 3343 1874 3399 lae
1923 3346 2161 3413 proxime
2204 3347 2641 3417 conjungebatur.
2693 3349 2975 3419 Subjuncta
3017 3360 3191 3406 autem
3216 3361 3334 3421 post

1813 3447 1906 3488 sex
1935 3433 2054 3488 illas
2096 3433 2366 3488 columnas
2415 3435 2814 3492 llierichuntina
2861 3440 3124 3504 editione,
3175 3455 3334 3508 quam

1739 3515 1784 3575 C
1813 3523 2045 3591 quintam
2089 3524 2371 3591 appellavit
2414 3526 2698 3594 Origenes,
2747 3537 2802 3582 et
2850 3529 3052 3583 numeri
3106 3531 3336 3598 quinarii

1819 3621 1942 3666 nota
1965 3618 2005 3664 ε’
2035 3611 2338 3681 insignivit;
2372 3625 2424 3668 et
2468 3625 2585 3684 post
2613 3616 3064 3670 llierichuntinam
3108 3618 3329 3688 Nicopo-

1823 3700 2006 3766 litana,
2039 3720 2196 3772 quam
2237 3705 2441 3757 vocavit
2482 3715 2717 3768 sextam,
2743 3714 2796 3759 et
2818 3706 3066 3775 ἐπισήμῳ
3093 3706 3146 3770 ς’
3184 3717 3336 3760 nota-

1821 3793 1914 3858 vit,
1951 3793 2165 3862 Octapla
2194 3795 2538 3849 exsistebant.
2576 3794 2696 3852 Haec
2717 3795 2827 3851 fere
2873 3797 3193 3864 Epiphanius
3223 3795 3340 3848 loco

1821 3881 2067 3936 laudato:
2100 3897 2216 3949 quae
2265 3891 2322 3934 ut
2352 3883 2573 3936 clariora
2629 3884 2770 3946 sint,
2811 3884 3031 3951 primam
3072 3883 3338 3937 Geneseos

1819 3983 2032 4032 vocem,
2106 3980 2258 4036 prout
2308 3972 2358 4024 in
2418 3971 2666 4036 Tetraplis
2707 3971 2948 4039 llezaplis
3013 3987 3064 4025 et
3108 3971 3335 4038 Octaplis

1819 4059 2064 4125 disposita
2090 4059 2204 4122 fuit,
2240 4059 2596 4126 depingemus.

1808 4235 2025 4288 τωνενου
2068 4235 2159 4288 τοῦ
2210 4235 2325 4287 υἱοῦ
2368 4236 2621 4304 Σεὸήρου.
2681 4253 2698 4285 ι
2742 4234 2946 4304 Rursus
2981 4234 3052 4304 in;
3081 4233 3338 4304 principio

1811 4305 1962 4356 unius
1989 4305 2188 4356 notavit
2223 4301 2523 4372 (Origenes)
2547 4307 2810 4356 inventam
2857 4303 3001 4356 illam
3033 4301 3192 4357 fuisse
3220 4301 3338 4372 Hie-

1812 4373 2056 4424 richuule
2084 4373 2134 4423 in
2168 4369 2306 4425 dolio
2341 4369 2662 4438 iemporibus
2711 4372 2966 4425 Antonini
3008 4369 3334 4438 (Caracalla)

1809 4440 1894 4506 qui
1923 4441 2102 4492 Severi
2136 4441 2271 4492 [ilius
2299 4440 2415 4493 luit.
2459 4458 2478 4490 ι

1878 4507 1988 4576 (8ἶ)
2027 4508 2099 4560 Ac
2121 4506 2360 4574 Tetrapla
2378 4509 2576 4576 quidem
2593 4544 2607 4567 ,
2632 4521 2744 4576 qua:
2764 4505 3009 4576 IIexaplis
3027 4515 3195 4559 tamen
3211 4515 3340 4558 tem~

1815 4573 1933 4642 pore
1953 4573 2238 4642 posteriora
2261 4573 2744 4641 fuerunt.Tetraplis
2783 4573 3015 4639 Hexapla
3047 4575 3341 4642 posteriora

1821 4642 1981 4696 fuisse
2009 4645 2201 4696 evincit
2233 4645 2293 4696 Ι).
2326 4645 2618 4695 Bernartius
2657 4643 2721 4694 de
2750 4642 3081 4696 Montlaucon
3132 4643 3184 4694 in
3232 4641 3341 4694 suis

1823 4655 1981 4696 tuisse
2009 4656 2201 4696 evinett
2233 4655 2293 4696 υ.
2326 4655 2618 4695 Bernartius
2657 4655 2721 4694 ue
2750 4655 3081 4696 monttaucon
3132 4657 3184 4694 in
3232 4655 3343 4694 suis

1823 4710 2264 4764 Prmliminaribus
2281 4711 2347 4789 ad
2369 4709 2600 4785 Hexapla
2621 4709 2883 4831 Origlcnis,
2908 4724 3024 4778 cap.
3049 4713 3099 4774 I,
3120 4724 3262 4763 num.
3287 4708 3343 4771 3,

1827 4795 1941 4831 uati.
1977 4779 2026 4831 9.
2061 4777 2394 4831 (Patrolomw
2421 4779 2571 4831 Inuus
2603 4786 2639 4830 t.
2671 4775 2719 4831 Χ
2773 4777 2812 4831 .l

1827 4795 1941 4846 pag.
1977 4779 2026 4834 9.
2061 4777 2394 4849 (Patrologiw
2421 4778 2571 4844 hujus
2603 4786 2639 4830 ι.
2671 4775 2812 4850 XV.)
