3922 6448
235 433 354 490 i335

1021 405 1577 474 ORIGENIANORUM
1617 403 1745 458 LIB.
1786 399 1872 464 lll,
1905 399 2053 453 CAP.
2094 396 2158 462 ll,
2193 393 2381 450 SECT.
2419 388 2507 446 IV.

3212 375 3342 431 1254

239 553 422 604 catam,
453 559 470 592 I
501 547 606 595 etc.
650 538 724 594 Ne
766 538 882 606 quis
920 546 1047 587 vero
1095 546 1275 588 vocem
1313 528 1471 584 σελίδι
1520 541 1616 594 pro
1665 537 1729 577 eo
1759 528 1801 580 A
1829 525 1911 571 tas
1946 513 2275 584 exploremus
2323 507 2636 570 sententias,
2675 501 2794 557 inde
2819 499 2896 570 :ad
2948 504 3259 566 temperatas
3289 501 3344 606 et

237 641 516 700 usurpatam
550 639 712 697 putet,
759 629 893 696 quod
932 639 1028 678 nos
1068 626 1310 696 paginam
1358 615 1721 686 appellamus;

237 738 345 777 nam
377 719 511 782 σελὶς
537 718 832 771 columnam
859 729 1065 782 quoque
1089 712 1369 783 signiﬁcat,
1387 709 1516 762 adeo
1544 718 1600 758 ut
1619 704 1728 774 plu-

235 825 311 862 res
331 807 586 861 columnas
613 822 713 859 una
744 805 929 873 pagina
959 803 1276 856 contineret.
1305 799 1470 853 Porro
1491 795 1724 850 ordinem

236 899 378 951 istum
405 909 553 961 quem
585 893 862 945 statuimus
897 890 1188 944 luculenter
1211 887 1398 941 astruit
1434 881 1728 936 vetustissi-

231 1001 337 1041 mus
367 984 522 1036 codex
552 983 874 1036 Barberinus
916 981 1190 1034 duodecim
1213 979 1607 1046 prophetarum,
1639 971 1726 1041 qui

228 1075 287 1127 ad
311 1072 448 1126 Osca:
473 1087 547 1133 ιι,
578 1071 624 1135 l,
654 1073 810 1124 breve
840 1067 1185 1134 Hexaplorum
1209 1067 1474 1134 specimen
1497 1064 1558 1117 ad
1581 1076 1726 1116 oram

225 1171 463 1216 attextum
496 1161 676 1221 habet,
705 1167 757 1212 et
788 1159 839 1211 in
869 1167 1072 1211 sextum
1101 1167 1293 1209 tomum
1329 1153 1729 1220 Polyglouorum

227 1252 493 1307 Bibliarum
541 1265 636 1304 suo
662 1249 778 1304 loco
813 1249 991 1303 retulit
1023 1247 1320 1301 Waltonus.
1356 1245 1731 1299 Desiderantur

223 1339 419 1408 quidem
447 1337 705 1390 Hebraica
740 1336 992 1390 llebraice
1020 1333 1446 1402 scripta;priore
1466 1345 1589 1386 vero
1618 1330 1731 1384 loco

222 1430 314 1482 sita
342 1435 461 1481 sunt
488 1425 745 1480 llebraica
776 1426 974 1480 Graecis
1007 1425 1280 1478 elementis
1301 1432 1581 1490 concepta;
1606 1435 1730 1488 pro-

223 1517 356 1569 xime
405 1514 588 1567 subest
635 1514 719 1567 his
749 1512 964 1581 Aquila;
1002 1513 1124 1568 huic
1167 1512 1549 1582 Symmachus;
1576 1522 1730 1577 quem

218 1606 474 1672 excipiunt
512 1603 696 1670 ιιι-ιη
730 1603 966 1657 ultimam
1009 1606 1304 1658 columnam
1357 1602 1455 1656 sibi
1503 1600 1734 1654 vindicat

220 1696 518 1750 Theodotio.

278 1781 359 1834 IlI.
393 1780 770 1847 Disquisitione
791 1779 1004 1849 dignum
1031 1788 1132 1843 est,
1166 1778 1352 1846 ecquid
1397 1777 1448 1830 in
1480 1777 1734 1844 interpre-

215 1871 464 1924 tationum
492 1841 1551 1935 dispositione-Theodotioniantiquiori
1583 1841 1734 1933 s'ym-
1763 1841 1805 1896 Β

212 1960 452 2013 machum
498 1959 848 2011 recentiorem
885 1958 1139 2025 Origenes
1164 1956 1540 2025 anteposuerit.
1562 1952 1736 2007 Facile

211 2049 346 2102 hunc
376 2047 576 2102 nodum
612 2048 815 2100 solvere
859 2062 916 2101 se
953 2061 1104 2114 posse
1141 2043 1732 2113 putassetEpiphanius,

205 2137 295 2204 qui
334 2134 705 2188 Theodotione
748 2134 1086 2187 vetustiorem
1126 2132 1287 2185 fuisse
1341 2129 1733 2198 Symmachum,

207 2225 452 2290 opinatus
489 2232 576 2275 est
621 2221 740 2274 libr.
776 2219 847 2274 De
895 2219 1141 2286 pandam,
1180 2233 1297 2286 cap.
1339 2217 1422 2281 16,
1453 2217 1535 2271 l7.
1558 2216 1737 2282 Itaque

205 2312 496 2366 collocatos
535 2309 701 2362 fuisse
734 2317 838 2361 tres
868 2308 984 2361 illos
1026 2304 1557 2375 respondisset,juxta
1591 2305 1738 2357 ordi-

204 2416 326 2455 item
373 2415 484 2454 suae
517 2398 708 2450 aetatis.
743 2398 852 2465 (88)
885 2397 990 2464 Ego
1018 2409 1143 2448 vero
1182 2409 1211 2446 a
1255 2401 1462 2461 recepta
1494 2393 1737 2458 opinione

201 2489 484 2543 discedere
543 2502 647 2539 non
695 2501 928 2554 possum,
971 2499 1088 2552 quae
1132 2484 1360 2552 priorem
1405 2489 1560 2535 aetate
1592 2481 1738 2549 ponit

197 2577 630 2634 Theodotionem
663 2589 818 2642 quam
852 2575 1221 2640 Symmachum
1246 2590 1259 2624 :
1284 2587 1402 2624 nam
1427 2571 1552 2640 qttid
1578 2585 1736 2639 oppo-

194 2666 253 2720 ni
286 2674 464 2733 potest
502 2663 586 2716 his
620 2661 920 2730 Hieronymi
953 2660 1164 2714 Praelat.
1194 2661 1245 2713 in
1267 2658 1512 2724 Evangel.
1537 2677 1556 2712 :7
1578 2676 1596 2708 ι
1625 2658 1736 2712 Νοη

193 2768 385 2821 quaero
417 2753 547 2819 quid
578 2751 785 2816 Aquila,
811 2751 933 2818 quid
959 2749 1306 2819 Symmachus
1329 2750 1557 2815 sapiant,
1575 2761 1740 2816 quare

195 2842 543 2895 Theodotion
569 2840 706 2893 inter
735 2855 895 2894 novos
922 2851 975 2894 et
999 2851 1200 2893 veteres
1215 2838 1415 2892 medius
1443 2839 1649 2893 incedat
1673 2839 1732 2891 ἲ»

188 2933 392 3000 quibus
425 2946 534 2983 non
573 2939 919 2996 temperatum
948 2931 1200 2985 duntaxat
1245 2929 1621 2996 interpretandi
1651 2943 1738 2995 ge-

193 3037 322 3082 nus,
347 3019 494 3087 quod
537 3019 707 3071 tenuit
744 3018 1049 3082 Theodotio,
1111 3018 1200 3072 sed
1239 3017 1408 3072 media
1437 3017 1593 3072 etiam
1624 3016 1737 3082 ejus

184 3122 321 3166 aetas
354 3107 614 3175 Aquilam
645 3109 780 3161 inter
805 3117 856 3160 et
887 3107 1257 3176 Symmachum
1286 3105 1568 3175 signiﬁcari
1593 3106 1736 3160 vide-

186 3209 302 3252 tur.
344 3194 574 3263 Origeui
605 3209 732 3261 ergo
767 3195 906 3246 aliud
953 3193 1113 3247 fuisse
1145 3207 1317 3246 causa:
1357 3201 1501 3259 puto,
1533 3206 1628 3245 cur
1666 3191 1735 3242 ita

179 3281 676 3351 interpretatiOues
716 3279 833 3332 illas
869 3279 1146 3348 digereret.
1177 3278 1254 3330 Ad
1290 3275 1543 3330 Hebraica
1571 3277 1739 3328 maxi-

180 3389 272 3430 me
323 3373 636 3426 accedebat
664 3370 867 3436 Aquila,
897 3369 1039 3422 hunc
1067 3368 1172 3423 illis
1221 3370 1340 3423 ideo
1375 3369 1613 3435 proxime
1646 3367 1739 3420 ad-

169 3464 380 3532 junxit.
405 3461 521 3531 (89)
554 3459 638 3512 Ab
667 3460 852 3513 iisdem
885 3459 1002 3526 plus
1033 3461 1247 3528 reliquis
1282 3460 1558 3514 recedebat
1579 3459 1736 3528 Sym-

175 3554 437 3614 machus,
505 3549 709 3616 quippe
756 3550 844 3614 qui
879 3550 1256 3602 sententiarum
1307 3549 1523 3612 fuisset,
1582 3565 1738 3617 quam

169 3642 481 3698 verborum
517 3637 858 3690 retinentior.
887 3637 951 3691 Ut
969 3652 1032 3690 ex
1049 3638 1291 3692 conﬂictu
1306 3641 1504 3708 Aquila
1515 3649 1567 3694 et
1582 3641 1737 3709 Sym-

168 3730 385 3790 machi,
420 3726 521 3793 qui
573 3724 826 3792 abierant,
850 3726 899 3777 in
931 3725 1159 3789 diversa,
1193 3739 1246 3779 et
1276 3737 1509 3781 extrema
1533 3728 1741 3783 fuerant

165 3815 483 3888 persecuti,
511 3811 722 3865 veritas
767 3813 1079 3876 eliceretur,
1115 3816 1314 3881 optima
1355 3818 1555 3870 ratione
1593 3827 1737 3870 uter-

164 3923 280 3976 que
319 3903 498 3959 simul
541 3901 866 3964 coniunctus
891 3913 990 3954 est.
1019 3905 1250 3957 Subnexi
1275 3915 1396 3958 sunt
1425 3906 1525 3958 illis
1555 3907 1739 3959 deinde

162 3999 524 4064 interpretes
577 3988 722 4042 LXX
751 3991 1148 4056 etTlteodotio,
1211 3994 1303 4060 qui
1340 3996 1562 4049 mediam
1601 3998 1739 4051 viam

160 4091 501 4139 tenuerant.
554 4093 576 4128 ι
625 4075 787 4141 Quasi
812 4094 934 4140 non,
973 4097 997 4128 ι.
1027 4080 1192 4144 inquit
1228 4081 1573 4152 Hieronymus
1605 4083 1742 4138 Prae-

157 4175 261 4229 far.
318 4173 382 4225 in
435 4167 574 4230 Job,
641 4182 662 4215 ι
711 4165 846 4233 apud
884 4165 1092 4219 Graecos
1131 4168 1350 4234 Aquila,
1397 4169 1742 4238 Symmachus

153 4272 212 4313 et
235 4254 596 4316 Theodotio,
617 4249 701 4303 vel
725 4252 940 4304 verbum
969 4265 1000 4304 e
1027 4255 1206 4316 verbo,
1230 4256 1308 4308 vel
1330 4270 1541 4310 sensum
1570 4271 1599 4310 e
1624 4271 1742 4310 sen-

152 4363 245 4410 su,
279 4345 369 4400 vel
417 4358 491 4398 ex
544 4347 783 4405 utroque
810 4340 1161 4406 commistum,
1191 4351 1243 4395 et
1275 4343 1457 4396 mediae
1485 4352 1744 4414 tempera-

1831 606 2029 660 medias
2051 602 2467 673 progrediamur.
2494 599 2666 665 Atque
2709 593 2848 646 hunc
2877 588 3086 644 modum
3117 583 3344 640 servavit

1823 695 2078 763 Origenes
2107 691 2160 748 in
2197 690 2514 747 collocandis
2549 679 3088 752 interpretationibus.

1891 784 1982 840 1V.
2018 783 2169 837 Nunc
2204 795 2266 834 ea
2305 794 2460 848 quam
2491 777 2729 833 dedimus
2767 769 3141 838 Telraplorum,
3173 767 3344 820 Hexa-

1822 877 2022 944 pl‘orum
2070 880 2124 925 et
2155 868 2483 931 Octaplorum
2517 863 2799 932 descriptio
2830 875 2894 913 an
2929 855 3136 912 Eusebii
3181 853 3346 908 ratio-

1825 941 1976 1017 nibus
2025 959 2339 1018 consentiat,
2401 954 2758 1024 anquiramus.
2813 947 3010 1003 Scribit
3036 945 3122 1000 ille
3147 941 3344 1011 libr.|vt

1826 1051 1990 1112 Εὔα..
2019 1063 2132 1114 cap.
2178 1045 2268 1111 46,
2303 1044 2581 1112 Origenem
2626 1040 2722 1102 τὰς
2756 1038 2904 1108 παρὰ
2945 1039 3055 1099 τοῖς
3082 1033 3347 1098 Ἰουδαίοις

1826 1138 2189 1212 ὲμφερομένας
2217 1133 2590 1204 πρωτοτύπους
2613 1127 3054 1198 αὖτοῖςἙὸραίων
3076 1123 3346 1194 στοιχείοις

1827 1228 2055 1300 γραφὰς,
2087 1226 2266 1294 κτῆμα
2292 1223 2417 1275 ἴδιον
2454 1219 2792 1290 ποίησασθαι.
2823 1237 2842 1270 ι
2879 1217 3164 1282 Usurpatas
3211 1212 3347 1282 apud

1828 1318 2037 1373 Judazos
2071 1313 2374 1382 Scripturas
2430 1308 2794 1378 primigenias,
2838 1305 2966 1374 ipsis
3011 1304 3347 1358 Hebraeorum

1829 1405 2018 1460 litteris
2044 1401 2354 1470 descriptas,
2396 1409 2751 1464 comparasse.
2789 1411 2808 1445 ι
2838 1393 2961 1446 Ηωο
2999 1391 3150 1446 aliter
3196 1391 3348 1443 intel-

1831 1496 1959 1549 lexit
1999 1495 2077 1546 vir
2118 1493 2332 1553 doctus,
2361 1497 2518 1555 atque
2551 1485 2626 1537 ita
2662 1482 2924 1537 reddidit:
2955 1499 2976 1533 ι
3018 1493 3352 1548 comparasse

1829 1599 1948 1640 eum
1978 1582 2077 1637 sibi
2111 1579 2443 1647 Scripturas,
2479 1589 2593 1641 qua:
2633 1572 2769 1640 apud
2819 1570 3027 1626 Judzeos
3063 1566 3352 1638 proletypis

1831 1675 2171 1728 Hebraeorum
2205 1666 2398 1722 litteris
2421 1664 2696 1731 descriptae
2725 1676 2842 1716 esse
2875 1660 3133 1714 feruntur.
3174 1676 3193 1711 ι
3229 1657 3354 1711 Pro-

1834 1773 2040 1835 totypas
2069 1769 2239 1815 autem
2270 1759 2604 1812 llebmorum
2631 1754 2858 1815 litteras,
2892 1752 3002 1820 ipsa
3024 1765 3140 1804 esse
3171 1749 3354 1804 Sama-

1835 1855 2050 1908 ritarum
2072 1851 2326 1906 elementa
2347 1845 2608 1910 asseruit;
2632 1842 2765 1896 velle
2787 1841 2946 1909 igitur
2977 1839 3028 1892 id
3062 1838 3162 1892 sibi
3193 1837 3355 1890 Euse-

1834 1943 2035 1996 sebium
2055 1937 2401 1994 Samaritanis
2417 1934 2705 2002 Scripturas
2731 1927 3001 1983 codicibus
3027 1941 3177 1980 usum
3195 1927 3355 1980 fuisse

1833 2027 2448 2099 0rigenem,.eademque
2484 2025 2536 2077 in
2574 2019 2803 2088 llexapla
2832 2016 3136 2071 inseruisse.
3163 2013 3352 2068 Verum

1833 2120 1922 2189 qui
1956 2119 2166 2187 propius
2192 2117 2258 2168 ad
2300 2115 2474 2168 locum
2507 2112 2645 2164 hunc
2681 2107 2888 2162 Eusebii
2916 2113 3142 2159 mentem
3183 2111 3356 2156 atten-

1834 2210 1993 2274 derit,
2023 2208 2176 2278 plane
2205 2206 2366 2260 alium
2408 2203 2527 2257 inde
2557 2215 2770 2255 sensum
2800 2195 3070 2250 extundet.
3103 2194 3167 2244 Δί
3209 2190 3356 2261 παρὰ

1833 2302 1938 2361 τοῖς
1968 2297 2232 2359 Ἰουδαίοις
2260 2293 2628 2364 ὲμφερόμενατ.
2658 2285 2998 2358 πρωτὸτυποι
3029 2280 3251 2352 γραφαὶ,
3276 2281 3356 2336 tti-

1835 2390 1908 2444 hil
1935 2389 2074 2442 aliud
2109 2395 2279 2449 sonat,
2318 2399 2476 2452 quam
2513 2399 2531 2432 ι
2584 2378 2912 2447 primigenim
2941 2375 3224 2442 Scriptura:
3241 2384 3357 2439 qua:

1835 2479 1969 2546 apud
2015 2475 2222 2530 Judaeos
2267 2473 2744 2531 circumferuntur;
2785 2488 2802 2519 ι
2847 2481 2954 2520 non
2994 2478 3140 2528 vero,
3180 2480 3200 2514 ι
3233 2473 3359 2529 qua

1834 2570 1966 2638 apud
1992 2567 2198 2622 Judaeos
2235 2572 2530 2632 prototypae
2552 2560 2837 2626 Scripturas
2863 2569 2980 2610 esse
3012 2554 3286 2615 feruntur;
3330 2567 3352 2602 ι

1835 2661 2057 2714 dixisset
2077 2657 2286 2724 quippe.
2305 2652 2452 2723 παρὰ
2471 2654 2578 2712 τοῖς
2604 2647 2867 2709 Ἰουδαίοις
2880 2645 3185 2716 φερόμεναι.
3207 2641 3356 2706 Quod

1835 2754 1878 2804 si
1914 2749 1962 2803 id
2003 2748 2102 2801 sibi
2153 2746 2405 2800 voluisset
2453 2741 2726 2800 Eusebius,
2765 2752 2861 2790 cur
2889 2749 2981 2787 eas
3014 2732 3187 2800 potius
3210 2726 3360 2798 παρά

1834 2843 1942 2903 τοῖς
1980 2837 2239 2897 Ἰουδαίοις
2264 2832 2586 2903 φερομένας,
2618 2843 2776 2896 quam
2810 2825 2943 2892 apud
2967 2821 3196 2881 Graecos,
3238 2817 3360 2870 Hel-

1835 2933 2068 2991 lenistas,
2106 2927 2341 2992 aliosque
2377 2922 2616 2981 dixisset,
2653 2917 2739 2985 qui
2767 2913 3127 2968 Satnaritanas
3152 2908 3364 2960 litteras

1837 3021 2163 3088 antiquiores
2189 3030 2306 3070 esse
2329 3011 2566 3067 Judaicis
2595 3023 2696 3062 una
2736 3019 2855 3060 cum
2885 3000 3078 3056 Iudaeis
3116 2997 3352 3055 fateban-

1839 3123 1919 3164 tur
1944 3084 1976 3162 ⁸2-
1995 3109 2123 3174 Quis
2151 3113 2298 3175 putet
2332 3099 2555 3169 denique
2585 3095 2856 3163 Hexaplis,
2891 3092 2954 3146 ad
2985 3090 3268 3158 Scriptura
3289 3084 3353 3137 il-

1835 3200 2197 3255 lustrationem
2227 3205 2280 3250 et
2309 3192 2570 3262 publicam
2600 3189 2876 3241 utilitatem
2898 3178 3244 3238 concinnatis,
3263 3175 3359 3227 Sa.

1836 3290 2140 3344 maritarum
2167 3282 2480 3352 exemplaria
2526 3277 2796 3332 infersisse
2823 3273 3118 3342 Origenem’,
3144 3267 3358 3322 Judaica

1837 3379 2155 3450 neglexisse;
2188 3392 2306 3429 cum
2335 3371 2572 3443 angustis
2600 3369 2792 3422 linibus
2816 3371 3150 3420 coerceretur
3173 3356 3358 3410 Sama-

1837 3444 1985 3525 ritica
2017 3469 2102 3522 illa
2133 3481 2279 3537 gens,
2298 3464 2454 3517 latius
2477 3475 2602 3514 vero
2626 3456 2840 3512 Iudaica
2873 3446 3194 3522 pertineret?
3211 3444 3360 3511 Quod

1836 3562 1879 3613 si
1916 3560 2033 3626 quis
2058 3536 2375 3621 exetnplaria
2405 3561 2629 3618 utraque
2675 3549 2850 3601 locum
2881 3543 2980 3596 sibi
3011 3543 3064 3594 in
3109 3536 3360 3602 Hexaplia

1835 3649 2127 3700 vindicasse
2168 3645 2328 3703 dicet,
2361 3657 2464 3694 non
2513 3653 2641 3706 ergo
2691 3633 2922 3698 Ilexapla
2963 3629 3044 3682 vel
3096 3626 3312 3690 Octapla
3337 3641 3378 3688 ;_

1836 3738 1924 3791 sed
1960 3734 2232 3803 Heplapla,
2267 3733 2348 3785 vel
2382 3729 2648 3794 Enneapla
2675 3724 2894 3780 dicentia
2935 3729 3104 3774 erant.
3142 3719 3360 3772 Constat

1837 3834 1981 3878 certe
2027 3824 2128 3876 hoc
2179 3821 2350 3888 capite
2399 3817 2686 3871 Eusebium
2737 3811 2996 3868 llebraica
3035 3805 3360 3872 exetnplaria

1836 3911 2034 3964 Graecis
2063 3907 2578 3975 interpretationibus
2630 3901 2962 3970 opposuisse.
3009 3910 3229 3962 quarum
3272 3907 3358 3946 ra-

1837 3998 1980 4050 tione
2035 3998 2310 4048 veritatem
2368 3991 2677 4046 llcbraicam
2727 3990 2912 4042 merito
2975 3982 3354 4057 πρωτοτύπους

1839 4083 2045 4156 γραφὰς
2073 4082 2368 4150 appellavit.
2397 4079 2641 4133 Profecto
2693 4075 3036 4144 Epiphanium
3056 4113 3070 4136 ,
3105 4071 3359 4140 llierony-

1839 4191 1978 4228 mum
2017 4181 2072 4226 et
2109 4173 2354 4226 [latinum
2400 4178 2584 4238 stupor
2611 4169 2794 4236 ingens
2816 4171 3144 4232 occupasset,
3177 4164 3221 4215 si
3250 4160 3359 4214 edi~

1839 4263 2008 4317 tiones
2035 4277 2097 4316 ac
2123 4262 2394 4316 columnas
2455 4257 2805 4325 ﬂexaplorum
2849 4264 3093 4308 accurate
3140 4265 3360 4320 percen-

1839 4362 2034 4417 sentes,
2057 4351 2425 4406 Samariticam
2447 4347 2929 4417 prtetermisissent.
2962 4343 3069 4412 (90)
3099 4342 3210 4396 Non
3235 4356 3360 4409 ergo

151 4444 272 4490 ῑιηη
305 4447 498 4504 genus
533 4426 912 4482 ‘mnSlauonis
935 4431 1312 4496 expresserim.
1339 4450 1358 4484 ι
1389 4432 1738 4487 Ordoautem
1772 4453 1816 4510 ι)
1839 4457 2019 4495 verum
2079 4452 2160 4494 est
2223 4439 2537 4495 Samaritani
2596 4437 2794 4492 codicis
2851 4434 3182 4496 testimonia,
3245 4447 3360 4500 qua:

145 4523 482 4579 studiorum
535 4512 819 4584 postulat,
853 4522 911 4566 ut
950 4516 1244 4572 intricatum
1279 4521 1618 4586 quaestionem
1640 4563 1656 4587 ,
1689 4533 1741 4576 et

144 4614 438 4668 incertam
477 4605 880 4670 disceptaturi,
908 4615 1169 4661 extremas
1207 4609 1428 4677 primum
1462 4619 1515 4664 et
1534 4613 1744 4680 opposiv

217 4767 342 4836 (88)
392 4764 523 4830 Ego
558 4773 706 4836 aeno
737 4759 1312 4836 aJreceptanopinione,
1337 4769 1458 4836 _etc.
1516 4761 1643 4836 Vide

137 4824 513 4892 Berna'rdn'in
537 4829 612 4882 de
637 4825 975 4896 Montlatmon
994 4824 1225 4896 Prtelim.
1247 4830 1297 4880 in
1331 4827 1545 4895 Hexapl.
1566 4845 1680 4896 cap.
1696 4834 1746 4893 5,

139 4921 308 4960 num.
345 4907 366 4956 1
420 4909 484 4954 et
523 4911 696 4962 seq...
723 4893 807 4944 ubi
860 4892 1131 4959 Epiphanii
1155 4896 1330 4961 opinio
1357 4892 1520 4950 fusius
1556 4892 1748 4953 refelli-

137 4986 256 5035 tur.
295 4969 638 5036 Httetiique‘
675 4962 937 5036 sententia
966 4962 1199 5036 pluribus
1231 4965 1590 5036 conﬁrmatur.

216 5029 476 5110 (89)74_b
518 5029 729 5110 iisdem
781 5029 1154 5110 plu‘snre‘l't'qu'is
1183 5033 1464 5110 _recedebat
1489 5033 1744 5110 _Sy_mma-

134 5095 546 5164 clins.'Aliter
579 5101 766 5151 visum
800 5106 880 5149 est
905 5097 964 5149 Β.
1000 5095 1060 5148 Ρ.
1093 5097 1153 5150 Ι).
1183 5099 1448 5154 Bernardo
1473 5102 1537 5154 de
1555 5095 1741 5156 'll'lont.

137 5183 356 5232 ΐιιιωοιι
400 5177 458 5226 in
497 5164 982 5243 Praclintinaribus
1009 5165 1095 5243 ad_
1116 5165 1337 5243 Hexapl.
1375 5185 1492 5236 pag.
1521 5171 1742 5243 μυιὺί

133 5251 220 5300 ait
258 5266 272 5299 :
314 5263 334 5294 ι
381 5243 525 5312 I‘cleo
565 5234 785 5312 Aquila:
815 5234 1036 5300 primum
1085 5233 1274 5312 locum
1295 5233 1577 5303 deputavit,
1606 5233 1746 5307 eius-

132 5331 251 5384 que
293 5301 650 5384 etlitionem'
685 5301 915 5384 priorem
960 5301 1134 5378 posuit
1185 5301 1458 5384 Origeyies?
1493 5301 1612 5373 quia
1639 5301 1746 5361 me

131 5369 765 5448 ger-upulosiusquant
817 5371 989 5448 caeteri
1036 5385 1220 5448 omnes
1261 5369 1569 5448 Hebraica'm
1612 5376 1747 5428 Scri-

132 5439 373 5520 pturam
439 5441 698 5520 verbﬁum
735 5451 765 5488 e
807 5441 966 5520 verbo
1004 5439 1235 5520 _redtlere
1279 5440 1570 5520 studuerat.
1622 5442 1746 5498 Post

131 5505 292 5575 ltum:
332 5523 540 5568 autem
575 5506 970 5582 Syuttnachtﬂn
1004 5505 1212 5582 locavit,
1259 5507 1380 5574 quia
1416 5507 1500 5582 me
1533 5512 1744 5578 propius

130 5573 315 5655 quam
365 5573 771 5655 Septuaginta
801 5573 1202 5655 ethllteodgtio,
1231 5573 1596 5652 adveritate'm
1629 5573 1743 5632 'He-

133 5639 406 5709 graicam
448 5639 1033 5717 accedebat;_Dei_ttde
1072 5639 1410 5717 Septuaginta
1433 5711 1446 5717 _
1466 5649 1744 5710 praeposuit

135 5705 575 5780 τέέὸαοιίοηί,
605 5707 747 5776 quia
771 5705 1054 5764 Tlieodotio
1071 5705 1407 5778 Septuaginta
1432 5705 1745 5782 Interpretes

1842 4539 2126 4583 occurrunt
2151 4531 2202 4582 in
2230 4530 2442 4596 scriptis
2467 4528 2702 4590 Patrum,
2742 4541 2809 4580 ex
2846 4525 3087 4594 Origenis
3113 4523 3358 4590 Hexapli:

1843 4617 2007 4669 fuisse
2038 4617 2230 4684 petita;
2265 4616 2356 4670 sed
2398 4626 2542 4668 certo
2575 4614 2770 4667 certius
2807 4620 2888 4666 est
2920 4625 3043 4666 usos
3075 4611 3233 4667 fuisse
3261 4610 3358 4662 Par

1846 4763 2125 4830 evestigin
2151 4779 2281 4832 pene
2311 4764 2456 4831 sequi
2495 4763 2787 4832 videbatur.
2821 4781 2838 4812 ι

1915 4834 2022 4902 (90)
2048 4829 2181 4902 Non
2210 4849 2337 4902 ergo
2361 4829 2530 4902 verum
2571 4841 2643 4883 est
2693 4830 3029 4902 S‘qmarilani,
3058 4840 3161 4902 etc.
3192 4846 3211 4878 ι
3262 4829 3356 4902 Sa-

1845 4895 2101 4968 maritani
2126 4913 2178 4953 et
2224 4895 2340 4968 syri
2380 4901 2667 4968 lectiones,
2705 4900 2925 4968 i__ittquit
2961 4899 3022 4951 Ι).
3062 4895 3357 4968 Bernardus

1843 4971 1907 5021 de
1940 4965 2344 5021 Montl'aucon'in
2378 4967 2603 5020 Praelitn.
2635 4969 2684 5018 in
2722 4965 2940 5033 Hex'apl.
2983 4981 3097 5031 cap.
3125 4965 3173 5023 1.
3207 4974 3354 5014 num.

1841 5037 1872 5088 8
1881 5079 1892 5094 .
1905 5054 1922 5087 ι
1943 5037 1992 5088 in
2012 5036 2332 5103 marginibus
2349 5036 2819 5088 vetustissimorum
2834 5033 3226 5103 exemplarium,
3241 5045 3355 5094 qua:

1845 5100 2190 5170 ﬂexaploru'm
2216 5105 2500 5173 fragmenta
2529 5105 2796 5167 exhibent,
2820 5100 3052 5173 perszepe
3069 5100 3358 5173 observan-

1844 5185 1927 5224 tur
1950 5189 1965 5237 ;
1992 5164 2111 5240 Syri
2155 5164 2365 5239 quidem
2413 5164 2792 5240 ingplerisque'
2820 5164 3102 5235 Scriptnrze
3151 5164 3298 5240 libris
3333 5182 3348 5228 ;

1843 5233 2186 5319 Saltiaritatti'
2208 5256 2333 5319 vero
2372 5241 2420 5291 in
2470 5233 2824 5319 Pentateuclto
2863 5233 3064 5313 tantum
3088 5249 3100 5283 :
3128 5233 3211 5310 ubi
3247 5247 3352 5319 n0.“

1843 5307 2196 5376 infrequenter
2239 5308 2696 5374 interpretationes
2752 5301 3066 5376 Samaritani
3097 5301 3372 5376 .animad-.

1842 5368 2036 5438 vertas,
2067 5377 2324 5430 interdum
2354 5368 2510 5437 solas,
2539 5377 2728 5444 saepius
2770 5385 2885 5425 cum
2935 5368 3349 5444 allOl‘lllnjnleh

1843 5435 2047 5511 pretum
2083 5445 2388 5498 lectionibus
2420 5435 2654 5496 collatas.
2678 5443 2805 5511 Cum
2835 5446 3008 5511 autem
3046 5435 3144 5488 illa:
3167 5435 3351 5488 Sama-

1845 5505 1996 5564 ritani
2040 5513 2308 5577 lectiones,
2341 5527 2440 5566 non
2481 5512 2531 5564 in
2569 5508 2786 5562 vetustis
2809 5505 3085 5577 codicibus
3125 5511 3348 5577 tantum,

1845 5582 1934 5634 sed
1955 5581 2111 5634 etiam
2137 5581 2271 5650 apud
2295 5573 2484 5633 'Patres
2514 5573 2902 5650 quarti,__quinti
2931 5579 2994 5649 et_
3014 5573 3348 5650 sequentium

1847 5650 2151 5702 smculorunt
2171 5639 2487 5706 'occurrant,
2508 5639 2769 5711 probabile
2791 5653 2922 5711 sane
2951 5639 3154 5711 videtur
3179 5639 3348 5711 ipsum

1847 5700 2396 5789 Origeneiuﬂlectioncs
2429 5700 2546 5766 illas
2567 5707 2891 5762 Samaritani
2911 5708 2961 5760 iu
2983 5700 3220 5772 margine
3246 5700 3349 5762 Hc~
