3922 6446
241 403 386 457 1241

1053 393 1600 464 ORIGENIANORUM
1641 401 1771 460 LIB.
1810 405 1899 466 ιη,
1935 406 2082 460 CAP.
2120 407 2185 471 ll,
2227 407 2413 463 SECT.
2451 408 2537 463 IV.

3269 400 3401 458 {2'42

242 525 593 583 accuratum,
629 517 679 571 in
701 519 1050 574 studiosorum
1078 523 1317 588 gratiam,
1337 513 1524 585 quibus
1563 526 1773 576 tantum
1805 527 1849 581 Α
1877 533 1992 575 xter
2017 524 2242 586 erat,vel
2262 524 2474 579 sinister
2487 522 2771 592 legentium
2789 529 3025 591 respectu
3040 519 3253 574 sinister
3265 531 3400 586 erat,

244 605 348 660 abs
372 620 449 660 re-
463 623 560 661 sua
581 611 663 664 vel
687 611 778 664 otii
808 612 890 665 vel
918 611 1178 669 facultatis
1203 629 1304 668 non
1326 619 1456 676 erat,
1483 614 1782 682 utHexapIa

244 708 577 762 comparare
615 710 846 767 possent.
900 701 1005 757 Nec
1049 719 1358 772 quemquam
1404 713 1609 757 moveat
1644 706 1786 775 quod

247 783 450 838 scribit
487 785 836 856 Hieronymus
863 790 937 844 De
964 794 1134 859 script.
1154 794 1426 848 ccclesiast.
1455 794 1506 847 in
1534 793 1782 864 0rigen.:

254 887 274 919 ι
322 871 578 940 Exceptis
608 873 940 946 Septuaginta
984 879 1379 949 Interpretibus,
1423 883 1552 937 alias
1580 899 1788 953 quoque

249 958 528 1014 editiones
560 961 611 1014 in
649 978 806 1017 unum
837 980 1179 1036 congregasse
1217 970 1483 1035 volumen;
1525 990 1544 1023 ι
1578 971 1712 1040 quod
1736 981 1790 1026 et

248 1069 320 1107 ex
372 1055 709 1128 Hieronymo
745 1062 1123 1116 transtulerunt
1158 1063 1477 1134 Freculplius
1509 1065 1792 1120 Lexovien-

249 1144 330 1197 sis
359 1144 566 1200 Chron.
611 1156 737 1201 tom.
769 1146 830 1211 ll,
862 1149 951 1204 lib.
978 1166 1057 1214 ιιι,
1084 1165 1198 1219 cap.
1229 1153 1284 1217 2,
1313 1164 1365 1207 et
1399 1153 1659 1209 Honorius
1687 1157 1793 1210 Au-

251 1233 680 1297 gustoduncnsis
708 1234 780 1289 De
810 1237 984 1303 script.
1007 1239 1283 1295 ecclesiast.
1323 1239 1376 1296 Id
1409 1244 1544 1296 enim
1571 1244 1666 1297 sibi
1702 1259 1793 1298 vo-

251 1319 396 1384 lunt,
433 1333 634 1387 praeter
659 1323 996 1394 Septuaginta
1020 1326 1356 1397 interpretes,
1384 1333 1611 1401 reliquos
1633 1335 1791 1387 etiam

249 1408 557 1478 Origenem
585 1413 635 1466 iu
674 1430 830 1467 unum
861 1417 1098 1472 volumen
1134 1433 1494 1491 congregasse.

327 1495 417 1552 γι.
457 1497 542 1551 Ex
569 1500 649 1554 his
679 1499 830 1556 facile
866 1504 1167 1573 intelligitur
1192 1518 1442 1574 quantum
1473 1509 1606 1564 ratio
1629 1509 1796 1565 Scali-

251 1602 448 1654 gerum
493 1589 709 1660 fugerit,
737 1591 826 1660 qui
868 1593 918 1646 in
948 1595 1288 1650 delineatione
1319 1596 1663 1664 Hexaplorum
1704 1617 1793 1656 seu

253 1675 636 1745 Octaplorum,
667 1697 822 1750 quam
863 1685 912 1736 in
935 1701 1106 1738 sacras
1144 1701 1264 1740 suas
1293 1685 1696 1745 Exercitationes
1725 1707 1799 1746 re-

253 1767 382 1820 tulit
403 1768 506 1822 Hei
521 1771 688 1834 nsius,
708 1781 987 1840 utrumque
1010 1773 1323 1829 Hebraicum
1350 1788 1651 1832 contextum
1681 1791 1798 1849 post

252 1857 749 1925 interpretationes
795 1862 1007 1916 Graecas
1039 1877 1129 1916 sex
1164 1864 1214 1916 in
1253 1865 1406 1918 linem
1454 1836 1698 1936 conjecit:
1742 1868 1796 1922 Si
1829 1836 1869 1889 Β

253 1948 418 2001 modo
456 1962 654 2001 revera
687 1949 936 2019 Scaligeri
960 1951 1058 2007 fuit
1081 1954 1191 2006 haec
1213 1954 1510 2020 delineatio,
1540 1957 1675 2024 quod
1706 1959 1799 2010 du-

253 2037 404 2089 bium
445 2036 589 2090 mihi
619 2036 817 2092 faciunt
846 2039 1202 2109 Scaligeriana
1237 2059 1401 2111 nuper
1425 2045 1585 2109 edita,
1609 2047 1657 2098 in
1685 2047 1801 2114 qui-

253 2125 359 2178 bus
419 2123 770 2192 Octaplorunt
820 2127 1092 2183 columnas
1142 2146 1480 2197 enumerans,
1541 2134 1802 2200 prioribus

256 2215 400 2272 locis
427 2216 733 2272 Hebraicas
754 2219 886 2273 duas
912 2229 1167 2274 recenset.
1194 2221 1296 2274 Nec
1315 2220 1516 2276 felicior
1537 2222 1802 2288 Heinsius,

267 2320 398 2360 cum
436 2305 713 2360 columnas
751 2307 940 2361 ibidem
975 2307 1319 2376 Hexaplorum
1344 2311 1667 2374 describens,
1701 2323 1803 2366 ter-

266 2393 400 2446 tiam
431 2393 678 2446 attribuit
716 2393 1057 2462 Septuaginta
1105 2395 1504 2463 Interpretibus,
1556 2407 1799 2465 quartam

264 2482 508 2550 Aquilus,
539 2482 774 2550 quintam
809 2481 1180 2548 Theodotioni,
1214 2495 1266 2538 et
1311 2494 1513 2539 sextam
1559 2488 1803 2557 Symma-

269 2572 402 2624 cho.
434 2570 622 2638 Neque
648 2570 711 2624 iis
741 2575 1056 2629 excusandis
1078 2574 1269 2628 sullicit
1293 2575 1487 2632 Niceta:
1514 2579 1804 2633 Acominati

269 2661 581 2716 auctoritas
617 2662 682 2722 ",
723 2662 810 2729 qui
839 2662 888 2715 in
918 2664 1073 2717 simili
1109 2676 1346 2721 versatus
1373 2677 1452 2722 est
1485 2684 1684 2732 errore,
1714 2685 1805 2724 co-

271 2747 480 2800 lumnis
503 2745 768 2801 Hebraicis
797 2747 1056 2814 subjectos
1109 2749 1269 2805 fuisse
1297 2753 1421 2814 τοὺς
1443 2755 1496 2805 0'
1525 2754 1609 2807 his
1639 2753 1805 2821 Aqui-

270 2835 407 2900 lam,
437 2844 552 2888 tum
569 2833 960 2904 Symmachum,
984 2837 1107 2894 inde
1128 2839 1562 2906 Theodotionem,
1588 2852 1640 2896 et
1656 2844 1809 2911 quin-

276 2931 390 2977 tam
436 2923 649 2976 demum
703 2924 1191 2994 interpretationem
1249 2943 1576 2984 asseverans.
1625 2930 1812 2985 Peccat

276 3025 502 3079 quoque
516 3010 773 3066 Baronius
798 3013 842 3044 “’
863 3015 1018 3067 aliter
1037 3015 1087 3067 in
1119 3013 1368 3082 Tetraplis
1394 3017 1672 3086 dispositas
1700 3019 1810 3072 edi-

1881 611 2203 665 dexterlihri
2236 613 2418 682 ipsius.
2449 613 2627 681 Itaque
2654 612 2742 664 alii
2762 612 2945 665 dextro
2963 611 3074 665 loco
3087 611 3241 664 situm
3259 625 3396 676 esse,

1882 699 1971 752 alii
2003 699 2218 753 sinistro
2249 702 2586 768 scripserant.
2614 699 2666 754 ld
2688 714 2806 755 cum
2833 699 3043 768 legisset
3082 698 3398 752 Philastrius

1883 786 2202 842 existimavit
2227 787 2468 854 Aquilam
2495 789 2547 842 in
2573 788 2836 856 aliquibus
2854 786 3205 855 Tetraplorum
3225 803 3403 841 exem-

1885 875 2122 944 plaribus
2147 874 2389 928 dextrum
2413 877 2639 929 tenuisse
2659 877 2854 939 locum,
2881 879 2931 929 in
2958 876 3074 930 aliis
3105 876 3402 939 sinistrum;

1886 965 1978 1018 sed
2017 964 2376 1018 hallucinatus
2429 974 2530 1027 est,
2568 979 2685 1017 nam
2736 979 2944 1033 semper
2973 964 3229 1019 columnae
3283 963 3406 1018 huic

1888 1056 2164 1125 deputatus
2206 1062 2320 1116 est,
2358 1067 2474 1121 qua:
2516 1053 2580 1105 ad
2618 1052 2868 1106 lectorum
2927 1054 3104 1106 latrant
3152 1054 3406 1107 collocata

1889 1155 2021 1200 erat.
2058 1143 2188 1198 Utut
2222 1153 2322 1206 est,
2357 1152 2500 1196 certe
2525 1143 2576 1194 in
2605 1143 2777 1194 medio
2806 1157 3072 1210 nunquam
3104 1144 3264 1198 fuisse
3285 1159 3410 1198 con-

1890 1243 2031 1287 stat:
2068 1231 2253 1286 fuisset
2306 1242 2498 1292 autcm,
2550 1233 2593 1286 si
2627 1234 2855 1301 priorem
2913 1236 3214 1290 columnam
3247 1248 3408 1286 occu-

1891 1331 2108 1390 passent
2142 1321 2482 1390 Septuaginta
2509 1322 2853 1390 lnterpretcs.
2883 1325 3068 1391 Aquila
3100 1323 3407 1378 secundam.

1893 1409 2163 1465 Refellitur
2195 1411 2352 1464 etiam
2381 1427 2442 1463 ex
2478 1413 2792 1476 supradictis
2815 1412 3104 1466 Salmasius
3124 1453 3138 1476 ,
3169 1415 3256 1481 qui
3297 1413 3409 1466 haec

1891 1502 2073 1555 scribit
2111 1501 2161 1553 in
2193 1499 2583 1554 Commentario
2602 1503 2666 1553 de
2693 1501 3026 1556 “euenistica
3051 1515 3069 1553 :
3099 1521 3116 1552 ‹
3155 1503 3256 1555 Sed
3289 1516 3412 1554 nus-

1891 1605 2048 1658 quam
2089 1589 2436 1658 Hieronymus
2463 1592 2659 1659 quintzc
2680 1603 2731 1646 et
2767 1602 2925 1645 sextae
2955 1591 3406 1644 editionismemi-

1897 1681 2000 1744 nit;
2023 1692 2074 1734 et
2097 1695 2215 1734 cum
2245 1679 2475 1746 Ilexapla
2503 1683 2714 1744 vocitat,
2741 1681 2980 1748 intelligit
2998 1679 3233 1747 Telrapla
3263 1679 3411 1733 Gras-

1899 1771 2102 1833 canica,
2135 1786 2253 1824 cum
2297 1770 2461 1838 Diplis
2489 1771 2753 1824 Hebraicis
2800 1786 2915 1839 quae.
2976 1770 3206 1836 Hexapla
3254 1769 3416 1824 facie-

1901 1863 2046 1915 bant.
2085 1880 2103 1913 ι
2139 1861 2202 1914 Et
2231 1878 2348 1915 mox
2384 1860 2553 1914 allatis
2581 1861 2895 1930 quibusdam
2928 1860 3233 1928 Hieronymi
3266 1861 3416 1924 locis,

1898 1951 1950 2003 in
1991 1951 2182 2017 quibus
2228 1949 2424 2004 Graecze
2470 1951 2637 2004 solum
2672 1961 2896 2017 quatuor
2934 1950 3194 2002 editiones
3221 1964 3420 2003 memo-

1901 2051 2103 2101 rantur,
2147 2040 2362 2107 subiicit
2396 2058 2409 2093 :
2454 2059 2470 2091 ι
2514 2041 2736 2112 Apparet
2773 2056 2834 2093 ex
2864 2039 2946 2094 his
2987 2038 3263 2106 Origencm
3287 2054 3418 2106 qua-

1901 2138 2020 2182 tuor
2047 2137 2247 2182 tantum
2277 2130 2534 2183 editiones
2564 2129 2702 2182 inter
2731 2144 2789 2183 se
2816 2143 3173 2197 comparasse,
3207 2137 3261 2180 et
3279 2143 3423 2180 com-

1905 2218 2138 2286 posuisse
2177 2218 2226 2269 in
2289 2217 2578 2284 Tetraplis,
2618 2233 2732 2285 qua:
2755 2233 2874 2270 cum
2925 2218 3126 2271 duobus
3157 2214 3424 2270 Hebraicis

1905 2305 2137 2360 textibus
2197 2304 2433 2374 chapla
2473 2305 2557 2359 illa
2616 2305 2871 2359 Ecclesiis
2904 2305 3141 2358 dedicata
3177 2312 3422 2358 contexe-

1903 2397 2046 2450 bant.
2084 2416 2104 2450 ι
2133 2394 2288 2451 Certe
2315 2398 2365 2449 in
2395 2395 2697 2464 Hieronymi
2731 2395 2903 2448 verbis
2933 2410 2960 2447 a
2994 2409 3076 2447 me
3095 2409 3249 2462 supra
3286 2391 3418 2445 alla-

1905 2485 1970 2538 tis
1997 2499 2026 2537 e
2050 2483 2451 2538 Commentariis
2480 2485 2531 2534 in
2571 2482 2854 2548 Epistolam
2902 2483 2968 2534 ad
2997 2481 3192 2544 Titum,
3219 2481 3419 2535 mentio

1905 2569 1961 2622 fit
1991 2569 2185 2636 quinia:
2212 2578 2263 2621 et
2293 2578 2455 2621 sextae
2482 2568 2730 2622 editionis
2755 2608 2769 2630 ,
2811 2578 2864 2622 et
2900 2568 3191 2635 saepissime
3219 2568 3270 2620 iu
3299 2567 3427 2636 Epi-
3451 2637 3458 2644 ι

1905 2659 2036 2712 stola
2064 2660 2128 2710 ad
2155 2658 2372 2710 Suniam
2399 2667 2453 2711 et
2483 2657 2788 2722 Fretellam,
2820 2658 3039 2726 aliisque
3069 2657 3216 2711 locis.
3260 2655 3429 2710 Hexa-

1904 2747 1990 2816 pla
2019 2757 2191 2799 autem
2246 2747 2385 2800 dicta
2435 2755 2556 2800 sunt
2585 2763 2667 2808 ea,
2697 2763 2799 2800 non
2827 2761 2942 2813 qua:
2971 2745 3209 2811 Tetrapla
3258 2745 3429 2798 solum

1905 2836 2225 2896 Grmcanica,
2272 2849 2390 2888 cum
2419 2834 2581 2903 Diplis
2607 2827 2895 2898 Hebraicis,
2924 2837 3014 2889 sed
3040 2849 3155 2899 qua:
3191 2833 3428 2902 quintam

1908 2933 2183 2992 praeterea,
2217 2931 2270 2976 et
2297 2933 2526 2988 sextam,
2565 2939 2626 2978 ac
2673 2926 2951 2992 septimam
2983 2923 3288 2987 editionem,
3325 2937 3431 2976 non

1910 3015 2118 3083 ubique,
2145 3015 2234 3069 sed
2262 3017 2312 3067 in
2336 3015 2609 3082 aliquibus
2633 3014 2800 3068 solum
2828 3012 2978 3066 libris
3009 3011 3306 3078 adiunctam
3328 3011 3430 3064 ha-

279 3105 457 3155 tiones
489 3099 701 3154 Grtccas
727 3117 949 3156 censeas
978 3118 1039 3157 ac
1072 3105 1123 3158 in
1158 3103 1424 3172 llexaplis,
1470 3116 1522 3159 et
1578 3109 1803 3174 priorem
1836 3138 1877 3194 c
1912 3103 2114 3158 herent.
2146 3103 2232 3155 Ait
2254 3103 2409 3169 paulo
2432 3113 2552 3173 post
2574 3101 2868 3156 Salmasius
2907 3118 2921 3154 :
2960 3119 2978 3152 ι
3010 3098 3113 3155 Sed
3138 3110 3190 3154 et
3224 3111 3432 3155 veteres

277 3191 333 3244 in
373 3190 482 3243 illis
511 3189 677 3242 locum
701 3193 812 3252 τοῖς
842 3188 896 3242 0'
926 3191 1222 3260 assignans,
1257 3193 1308 3245 iu
1345 3194 1426 3247 his
1455 3193 1812 3248 tertiumJlos

279 3281 336 3334 in
362 3279 610 3331 fraudem
641 3278 848 3332 videtur
875 3280 1101 3333 illexisse
1118 3281 1452 3350 Philoponus,
1476 3285 1563 3351 qui
1600 3285 1650 3336 in
1681 3285 1813 3339 libro

277 3369 422 3437 Περὶ
443 3369 833 3436 κοσμοποιίας
860 3369 970 3424 loca
998 3371 1132 3423 sacri
1165 3380 1442 3426 contextus
1473 3387 1536 3426 ex
1569 3373 1650 3426 his
1684 3389 1814 3441 qua-

281 3469 408 3513 tuor
429 3459 950 3526 interpretationibus
977 3459 1221 3523 all'erens,
1255 3462 1428 3530 priore
1460 3462 1574 3516 loco
1601 3464 1728 3526 τοὺς
1753 3463 1808 3516 0'

282 3549 522 3604 collocat
545 3564 566 3614 ;.
592 3549 671 3601 his
699 3550 910 3617 subjicit
937 3550 1198 3617 Aquilam,
1226 3552 1348 3605 huic
1377 3551 1813 3620 Theodotionem,

284 3640 362 3694 illi
391 3639 798 3706 Symmachum.
856 3637 962 3690 Nec
995 3638 1132 3690 enim
1163 3639 1398 3708 Tetrapla
1429 3650 1808 3706 repraesentare

282 3731 620 3796 Philoponus
647 3728 902 3791 instituit;
933 3731 1023 3782 sed
1060 3729 1110 3782 in
1155 3730 1668 3796 interpretationibus
1707 3732 1818 3784 dis-

290 3818 562 3889 ponendis
615 3817 964 3886 interpretum
1014 3828 1220 3871 tetatem
1252 3819 1515 3886 respexit:
1565 3820 1815 3872 cumcla-

283 3924 407 3963 rum
445 3907 517 3960 sit
575 3907 893 3974 czeteroquin
943 3921 1010 3962 ex
1070 3906 1355 3975 Epiphanio
1389 3907 1508 3960 libr.
1563 3907 1634 3960 De
1663 3910 1818 3976 pond.

285 4014 410 4066 cap.
437 3997 529 4060 l9,
558 4007 877 4064 postremam
910 3996 1208 4049 columnam
1262 3998 1558 4052 obtinuisse
1582 3997 1822 4052 Theodo-

287 4088 494 4141 tionem
513 4095 617 4137 tam
643 4085 693 4138 i-u
723 4083 971 4152 Tctraplia
990 4086 1215 4152 quamin
1246 4084 1516 4152 chaplis,
1540 4089 1820 4140 secundam

288 4174 705 4246 Symmachum,
733 4181 893 4242 atque
925 4175 1018 4227 hos
1054 4176 1189 4228 inter
1226 4176 1426 4229 medios
1475 4174 1821 4243 Septuaginta

290 4264 604 4320 incessisse.
635 4262 925 4331 Τετραπλᾶ
949 4262 1054 4332 γάρ
1076 4264 1198 4327 εἰσι,
1225 4264 1414 4330 inquit,
1427 4262 1502 4316 τὰ,
1527 4262 1824 4332 Ἑλληνικὰ,

1923 3194 2107 3248 Patres
2127 3209 2189 3247 ex
2217 3194 2408 3262 quibus
2436 3193 2738 3262 compositae
2771 3201 2968 3245 catenae
2989 3230 3003 3254 ,
3039 3200 3096 3244 ut
3132 3197 3344 3254 vocant,
3377 3190 3436 3244 in

1911 3286 2146 3338 diversos
2198 3284 2400 3337 Veteris
2425 3283 2748 3338 Testamenti
2781 3282 2943 3336 libros
2988 3281 3268 3350 leguntur,
3300 3293 3435 3332 nun-

1921 3389 2077 3442 quam
2116 3375 2280 3429 citant
2309 3375 2594 3441 varietates
2650 3373 3055 3426 translationum
3099 3383 3129 3423 e
3175 3370 3356 3438 quinta
3383 3379 3438 3424 et

1912 3474 2059 3518 sexta
2104 3465 2357 3527 editione,
2389 3463 2482 3517 sed
2513 3479 2577 3517 ex
2626 3472 2854 3531 quatuor
2905 3461 3012 3514 illis
3048 3468 3249 3512 tantum
3305 3473 3438 3532 quas

1912 3556 2132 3610 invicem
2166 3564 2531 3623 composuerat
2577 3553 2851 3622 Origenes,
2874 3567 2938 3606 ex
2973 3552 3162 3619 quibus
3201 3549 3438 3617 Tctrapla

1913 3646 2131 3709 fecerat,
2161 3656 2210 3699 et
2234 3661 2350 3698 cum
2391 3646 2600 3714 gemino
2637 3643 2893 3697 Hebraieo
2933 3639 3214 3706 Ἐξαπλᾶ.
3250 3659 3268 3693 ι
3303 3641 3441 3694 Con-

1913 3737 2027 3790 sule
2053 3737 2214 3791 Notas
2241 3735 2484 3789 Flaminii
2535 3734 2755 3797 Nobilii,
2779 3748 2936 3802 quam
2971 3747 3109 3801 saepe
3141 3733 3336 3799 quinta:
3387 3737 3441 3782 et

1914 3835 2073 3879 sextae
2105 3826 2348 3880 editionis
2383 3826 2648 3878 variantes
2674 3822 2924 3876 lectiones
2943 3823 3106 3874 citent
3130 3818 3314 3871 Patres
3340 3832 3439 3869 an-

1920 3915 2074 3982 tiqui,
2105 3915 2487 3982 deprehendes.
2539 3912 2751 3966 Falsum
2781 3925 2986 3978 quoque
3016 3921 3132 3962 esse
3181 3914 3441 3974 apparet,

1919 4005 2057 4070 quod
2084 4001 2292 4068 jactant
2339 4004 2656 4056 recentiores
2700 4001 2946 4069 quidam,
2978 3999 3256 4064 Origenem
3301 3993 3443 4048 nulla

1920 4106 2144 4160 unquam
2175 4091 2390 4157 Octapla
2418 4091 2798 4157 composuisse,
2842 4092 2932 4141 sed
2978 4085 3210 4151 Hexapla
3259 4085 3445 4136 dunta-

1921 4190 2010 4233 xat
2038 4189 2088 4234 et
2114 4179 2376 4246 Tetrapla.
2413 4179 2628 4247 Octapla
2671 4189 2814 4231 certe
2869 4177 3048 4230 itidem
3098 4184 3153 4227 ut
3203 4172 3438 4240 Hexupla

1923 4271 2217 4337 composuit
2246 4269 2522 4338 Origenes,
2559 4268 2807 4337 quoniam
2835 4266 2972 4320 idem
2999 4280 3129 4333 opus
3155 4262 3446 4329 chaplum

287 4357 421 4408 ὅταν
456 4355 514 4406 αἱ
547 4351 638 4404 τοῦ
681 4352 892 4415 Ἀκύλα,
929 4353 1022 4404 καὶ
1049 4353 1364 4422 Συμμάχου,
1396 4354 1489 4406 καὶ
1515 4354 1620 4406 τῶν
1653 4354 1823 4406 Ἑϐδο-

1925 4367 1980 4410 et
2039 4357 2307 4426 Octaplum
2355 4358 2520 4411 fuisse
2568 4356 3065 4411 demonstravimus.
3134 4352 3447 4407 Confutatur

295 4446 544 4515 μήκοντα
567 4441 678 4504 δύο,
699 4442 790 4494 καὶ
809 4440 1148 4505 Θεοδοτίωνος
1171 4445 1444 4513 ἑρμηνεῖαι
1477 4443 1823 4514 συντεταγμέ-

1903 4447 2086 4500 ιειίδιη
2114 4461 2177 4499 ex
2227 4448 2648 4514 praecedentibus
2707 4445 2904 4519 Usserii
2960 4443 3279 4497 Armachani
3309 4455 3446 4495 nova

293 4553 380 4588 ναι
407 4528 532 4586 ὦσι.
565 4551 583 4584 t
621 4533 751 4586 Tum
782 4534 921 4585 enim
942 4534 1204 4586 exsistunt
1233 4532 1535 4588 Grzecanica
1560 4534 1826 4602 Tetrapla,
1927 4536 2127 4605 opinio,
2165 4551 2267 4588 non
2295 4551 2478 4604 puram
2511 4537 2682 4591 solum
2719 4549 2772 4592 et
2812 4535 3142 4592 emendatam
3183 4533 3446 4600 interpre-

295 4627 516 4695 quando
565 4622 1036 4690 interpretationes
1071 4623 1276 4690 Aquila:
1303 4663 1318 4685 ,
1361 4623 1685 4692 Symmachi,
1729 4622 1828 4677 Se-
1929 4626 2182 4679 tationem
2239 4625 2349 4678 τῶν
2377 4629 2454 4692 0',
2509 4628 2600 4680 sed
2632 4627 2812 4695 κοινὴν
2843 4640 3050 4694 quoque
3098 4623 3149 4675 in
3201 4619 3447 4689 Hexaplts

297 4716 580 4784 ptuaginta
611 4712 806 4765 Senum
837 4721 889 4764 et
939 4713 1316 4766 Theodotionis
1348 4714 1399 4765 iu
1430 4727 1587 4764 unum
1634 4713 1828 4767 fuerint
1929 4718 2160 4771 habitam
2223 4717 2388 4772 fuisse
2436 4720 2722 4773 asserentis
2759 4758 2774 4782 ,
2834 4717 2972 4786 quod
3024 4713 3343 4768 Bellarmico
3365 4709 3444 4774 u“

300 4809 632 4876 compositae.
677 4825 695 4856 ι
731 4801 861 4855 Tum
898 4802 1066 4865 addit,
1107 4806 1152 4860 si
1180 4806 1338 4874 Dipla
1369 4803 1623 4858 chraica
1665 4802 1832 4871 praefi-
1927 4822 2136 4877 quoque
2194 4809 2398 4863 videtur
2467 4810 2628 4864 fuisse
2696 4822 3022 4878 persuasum.
3092 4798 3447 4870 Deprehendi-

302 4910 523 4968 gantur,
553 4896 1177 4966 conliariHexaplaJ’ro
1195 4895 1631 4964 Origenianorum
1651 4893 1829 4946 Tetra-
1935 4907 2021 4950 tur
2070 4913 2280 4967 quoque
2324 4899 2593 4968 multiplex
2645 4896 3160 4967 blagdeburgensium
3224 4887 3445 4943 halluci-

303 4989 507 5052 piorum
546 4987 835 5056 specimine
887 4987 1067 5054 haberi
1096 5001 1196 5040 non
1229 5001 1382 5054 posse
1411 4984 1522 5037 loca
1548 4983 1634 5037 illa
1662 4998 1690 5036 a
1717 4983 1836 5038 Phi-
1934 4987 2074 5041 natio
2110 4988 2161 5040 in
2197 4988 2277 5042 his
2311 4989 2538 5057 ipsorqu
2599 4991 2769 5042 verbis
2815 5005 2830 5042 :
2873 5006 2891 5037 ι
2932 4986 3160 5039 Primum
3218 4975 3457 5031 versioni.

307 5079 502 5147 lopono
535 5095 565 5132 e
592 5090 816 5149 quatuor
838 5076 1036 5134 Grazcis
1066 5078 1582 5148 interpretationibus
1595 5078 1831 5132 detracta
1939 5078 2308 5149 Septuaginta,
2337 5095 2452 5148 quae
2483 5091 2591 5132 tum
2629 5080 2789 5132 fuisse
2813 5077 3017 5129 videtur
3043 5067 3398 5136 vulgatissima
3427 5099 3455 5127 ι

312 5168 525 5234 probari
564 5184 776 5236 quoque
797 5178 970 5237 potest
998 5182 1062 5220 ex
1102 5168 1406 5232 Philastrio,
1439 5168 1527 5234 qui
1557 5167 1683 5220 haer.
1712 5167 1832 5230 437,
1937 5168 2180 5234 adiunxit
2210 5169 2409 5236 Aquila:
2432 5169 2654 5233 Pontici,
2702 5164 3073 5223 Tlieodotionis
3100 5167 3154 5212 et
3203 5156 3448 5224 Symma-

311 5259 503 5311 asserit
538 5259 738 5327 Aquila:
762 5259 1134 5314 conversiones
1158 5258 1209 5310 in
1243 5256 1415 5310 medio
1439 5256 1690 5310 librorum
1713 5273 1838 5311 nun-
1941 5259 2026 5312 chi
2060 5259 2316 5312 editiones
2347 5269 2581 5326 repertas
2604 5275 2631 5310 a
2657 5273 2732 5322 se,
2775 5257 2938 5310 nmlto
2965 5263 3200 5318 tempore
3225 5247 3460 5298 abscon-

313 5362 474 5415 quam
508 5347 674 5404 fuisse
699 5351 920 5418 positas,
953 5349 1041 5402 sed
1065 5347 1263 5402 dextrae
1291 5347 1536 5414 laevaeque
1578 5348 1837 5416 assignari
1948 5348 2085 5402 ditas
2114 5365 2131 5404 :
2166 5349 2320 5403 aliam
2352 5350 2560 5420 quidem
2602 5345 2834 5415 Nicopoli
2883 5344 2932 5394 in
2973 5339 3185 5393 Actiaco
3223 5333 3400 5386 littore
3429 5347 3447 5395 ;

313 5436 902 5506 solitas-fuisseAquila:
921 5437 1285 5506 interpretatio
1307 5436 1358 5488 in
1383 5434 1630 5502 Tctraplis
1652 5438 1833 5504 priore
1948 5437 2104 5491 aliam
2151 5438 2270 5492 aliis
2299 5441 2352 5494 in
2393 5440 2541 5504 locis,
2595 5439 2730 5492 sicut
2777 5434 2888 5498 ipse
2925 5428 3148 5484 scribit:
3201 5420 3461 5476 indicavit

321 5525 438 5579 loco
496 5529 818 5595 ponebatur;
851 5531 936 5599 qui
968 5529 1108 5582 locus
1137 5527 1344 5581 diverso
1379 5534 1611 5594 respectu:
1635 5527 1720 5582 vel
1747 5531 1840 5583 de-
1943 5526 2204 5583 Eusebius
2233 5529 2370 5584 libro
2395 5545 2468 5592 vt,
2498 5541 2612 5594 cap.
2638 5525 2719 5576 l7.
2759 5521 2849 5573 llis
2892 5526 3070 5587 postea
3098 5507 3456 5580 superaddidit

388 5643 434 5758 εἷ
488 5640 655 5697 Nicet.
714 5640 861 5696 Thes.
892 5643 1024 5699 orth.
1058 5643 1178 5710 ﬁdei
1219 5639 1313 5694 lib.
1357 5655 1427 5705 ιν,
1482 5639 1664 5696 Ῑιαέΐεεο
1707 5641 1802 5699 ’⁵³-

325 5724 510 5763 acea.

1903 5646 1920 5676 '
1946 5643 2134 5702 Barou.
2185 5663 2269 5702 an.
2319 5645 2417 5700 251
2447 5683 2463 5710 ,
2500 5655 2612 5707 cap.
2648 5635 2699 5689 9.
2797 5633 2837 5663 ⁶¹
2867 5632 3110 5685 Bellaria.
3171 5624 3240 5678 De
3277 5620 3473 5687 script.~
