3922 6480
466 410 598 463 1247

1694 406 1772 478 ιΡ.
1813 401 2133 458 DANIELIS-
2162 401 2413 458 HUETII

3674 388 3808 444 ms

466 526 693 594 legitima
722 523 825 576 τῶν
856 524 910 573 0'
944 523 1101 575 verba
1131 537 1160 575 a
1207 522 1565 578 Theodotione
1593 532 1843 579 accurate
1895 537 1981 577 se-
2010 566 2015 577 .

2257 522 2425 588 uagis
2474 517 2770 586 magisque
2824 514 2945 567 hac
2990 509 3299 574 editione,
3348 509 3658 562 restituere
3692 526 3806 565 eam

463 613 835 667 cernebantur.
896 611 1073 677 Itaque
1113 625 1206 677 pro
1234 612 1451 680 legentis
1475 614 1760 667 attentione
1791 622 1843 666 et
1871 612 1984 665 dili-

464 703 633 769 gentia
688 709 931 766 corrupta
961 710 1133 764 erant,
1166 701 1245 753 vel
1298 703 1594 755 emendata.
1642 702 1900 768 Quocirca
1934 703 1985 754 in

463 793 640 843 eadem
671 790 738 839 ad
786 788 1128 856 Augustinum
1171 790 1386 857 epistola
1419 791 1489 843 ita
1524 792 1691 861 pergit
1730 792 1988 861 Hierony-

462 891 576 929 mus
624 892 637 927 :
675 894 693 924 ι
717 877 808 929 Vis
842 888 1046 929 amator
1080 889 1197 930 esse
1240 892 1394 930 verus
1428 879 1767 947 Septuaginta
1817 880 1986 932 Inter-

458 963 699 1029 pretum?
732 962 843 1015 Non
868 963 1006 1031 legas
1031 978 1091 1015 ea
1124 978 1240 1031 qua:
1267 963 1364 1019 sub
1387 966 1652 1021 asteriscis
1676 976 1799 1021 sunt
1822 983 1837 1033 ;
1879 967 1985 1021 itno

458 1054 583 1105 rade
610 1052 674 1105 de
698 1054 1069 1107 voluminibus.
1095 1073 1113 1104 ι

527 1139 754 1192 Editioni
791 1140 896 1191 τῶν
922 1139 995 1206 0',
1028 1156 1143 1208 quae
1171 1152 1282 1194 erat
1308 1144 1360 1195 in
1388 1143 1660 1211 Teii-aptis,
1684 1144 1884 1199 scholia
1916 1148 1981 1201 ad

454 1228 671 1282 limbum
704 1228 877 1297 aliqua
923 1231 1178 1298 adiecisse
1206 1234 1478 1301 Origenent
1508 1234 1759 1289 discimus
1778 1252 1843 1289 ex
1871 1252 1981 1291 me-

452 1326 656 1371 morato
687 1321 865 1373 codice
899 1319 1169 1382 Marchali,
1223 1337 1377 1390 quem
1430 1324 1626 1377 habent
1664 1324 1979 1379 Clarotuon-

449 1408 555 1459 tani
597 1407 780 1461 Patres
823 1409 1100 1463 Societatis
1139 1409 1259 1464 Jesu
1315 1413 1661 1467 :adnotalum
1701 1416 1840 1467 enim
1895 1427 1979 1470 est

447 1505 570 1549 ante
602 1496 953 1560 Ezechielem,
991 1500 1181 1551 librum
1228 1500 1366 1553 hunc
1409 1517 1472 1554 ex
1498 1501 1745 1570 Hexaplis
1773 1506 1976 1560 descri-

444 1594 592 1653 ptum
619 1600 762 1645 esse;
789 1600 1083 1641 correctum
1136 1605 1261 1642 vero
1288 1592 1352 1643 ad
1385 1591 1739 1658 Tetraplorum
1770 1597 1923 1648 [idem
1958 1616 1971 1650 :

445 1676 773 1741 postmodum
820 1676 1037 1730 subest:
1077 1678 1263 1730 ’Ἃτινα
1298 1680 1388 1731 καὶ
1428 1682 1587 1734 αὐτοῦ
1618 1684 1972 1754 (Ὠριγένους)

444 1764 582 1833 χειρὶ
605 1763 889 1833 διώρθωτο,
923 1766 1013 1816 καὶ
1044 1768 1526 1839 ἐσχολιογράφητο·
1565 1772 1683 1823 ὅθεν
1718 1774 1973 1837 Εὐσέϐιος

2087 612 2259 665 conati
2314 620 2455 665 sunt
2490 608 2769 664 Eusebius
2805 615 2869 659 et
2914 599 3320 665 Pamphilus,
3360 612 3439 652 ex
3489 598 3616 668 ipso
3658 602 3809 654 αὐτο-

2086 700 2306 770 γράφῳ,
2337 704 2492 768 quod
2521 708 2645 752 erat
2674 697 2733 750 in
2778 689 3157 749 Caesariensi
3203 688 3617 750 bibliotheca;
3660 693 3808 744 resti-

2086 801 2249 845 tutam
2280 807 2425 846 vero
2446 800 2503 845 et
2530 802 2791 845 seorsum
2827 798 3058 854 magna
3093 780 3427 850 diligentia
3477 781 3807 850 descriptam

2006 874 2010 879 ’
2084 882 2537 950 publicaverunt.
2570 880 2763 949 Atque
2808 891 2883 932 ea
2917 874 3120 931 editio
3156 872 3493 927 Palaestina
3525 875 3679 926 dicta
3714 886 3805 929 est.

2083 973 2307 1025 Summo
2333 971 2551 1026 scilicet
2592 970 2881 1038 applausu
2937 965 3058 1019 fuit
3090 972 3385 1032 excepta,
3416 960 3565 1018 etin
3595 962 3807 1020 «ieroso-

2081 1059 2233 1130 lyma:
2286 1060 2534 1128 aliisque
2564 1059 2820 1114 Orientis
2868 1055 3184 1110 Ecclesiis
3239 1055 3561 1109 decantari
3618 1066 3807 1123 empta,

2080 1160 2129 1204 et
2152 1150 2506 1203 librariorum
2538 1164 2689 1217 saepe
2715 1164 2847 1203 eam
2889 1150 2951 1201 in
2986 1146 3290 1216 publicos
3318 1132 3473 1199 usus
3492 1146 3809 1200 exscriben-

2080 1238 2208 1291 tium
2245 1238 2441 1292 labore
2466 1239 2839 1293 disseminata
2884 1238 3130 1308 passim
3166 1250 3244 1289 ac
3270 1248 3647 1305 propagata;
3696 1254 3805 1293 cum

2079 1340 2299 1397 propter
2353 1333 2606 1386 auctoris
2656 1333 2905 1396 famam,
2949 1340 3011 1385 et
3064 1331 3553 1385 emendatorum
3586 1331 3806 1385 nobilem

2077 1420 2403 1487 doctrinam,
2458 1431 2578 1476 tum
2613 1434 2855 1494 propter
2917 1422 3146 1489 operis
3181 1422 3401 1501 ipsius
3468 1422 3807 1491 dignitatem.

2078 1510 2251 1574 Hujus
2278 1512 2541 1567 editionis
2569 1524 2625 1568 et
2682 1514 3156 1567 emendationis
3202 1512 3586 1566 luculentum
3647 1525 3807 1569 exstat

2078 1607 2496 1651 monumentum
2531 1599 2584 1652 in
2615 1603 2818 1655 codice
2848 1601 3088 1655 Renati
3125 1600 3469 1665 Marchali,
3524 1600 3646 1668 jam
3682 1619 3805 1673 sape

2075 1682 2294 1738 laudato
2313 1725 2328 1749 ,
2366 1687 2418 1740 in
2444 1702 2554 1756 quo
2582 1700 2707 1755 post
2732 1690 3030 1746 Jeretniaa
3061 1692 3310 1745 librum
3343 1693 3689 1746 adnotatum
3713 1706 3805 1760 eat,

2075 1774 2407 1841 descriptum
2439 1792 2564 1831 eum
2594 1795 2721 1834 esse
2746 1796 2818 1835 ex
2855 1781 3176 1852 Origcnis
3209 1782 3542 1853 Hexaplis,
3566 1795 3623 1839 et
3648 1801 3805 1843 emen-

444 1853 553 1921 ἐγὼ
597 1854 663 1906 τὰ
706 1855 884 1923 σχόλια
927 1856 1223 1925 παρέθηκαο
1259 1860 1531 1928 Πάμφιλος
1575 1864 1666 1914 καὶ
1712 1864 1977 1928 Ἐυσέὄιος

2254 1882 2262 1917 ι
2312 1882 2378 1918 ex
2416 1867 2683 1937 Tetraplis
2745 1887 2933 1926 manu
2982 1849 3234 1943 vipsius
3284 1876 3607 1941 exaratis;
3661 1878 3803 1947 idque

441 1942 829 2013 διωρθώσαντο.
880 1963 897 1993 i
922 1944 1046 2007 Quae
1069 1944 1350 2016 (Tetrapla)
1374 1949 1533 2015 ipsius
1554 1950 1835 2020 (Origenis)
1864 1967 1976 2004 ma-

441 2047 511 2085 nu
540 2035 836 2093 emendata,
866 2042 916 2085 ct
944 2034 1156 2086 sclioliis
1179 2036 1442 2088 succincta
1472 2046 1621 2091 erant
1647 2056 1659 2091 :
1683 2039 1814 2108 (99‘)
1836 2042 1975 2093 unde

438 2134 536 2189 ego
574 2121 824 2173 Eusebius
868 2122 1061 2175 scholia
1093 2124 1307 2190 apposui
1345 2143 1358 2177 :
1391 2124 1690 2195 Pamphilus
1722 2138 1776 2182 et
1806 2128 1975 2183 Euse-

438 2209 556 2263 bius
583 2212 946 2264 emendarunt.
967 2230 985 2261 ι

505 2299 635 2354 Vill.
669 2303 814 2366 Apud
866 2303 1054 2358 multos
1100 2304 1238 2357 hanc
1264 2306 1561 2373 Opinionem
1604 2312 1971 2375 percrebuisse

435 2388 609 2452 video,
639 2388 917 2456 Origenem
948 2405 1052 2457 quo
1086 2394 1371 2459 parabilior
1395 2406 1535 2447 esset
1555 2402 1831 2450 emendata
1856 2416 1884 2451 a
1912 2416 1971 2455 se

435 2477 595 2529 editio
623 2478 897 2531 Seniorum
923 2478 1288 2550 Septuaginta,
1316 2485 1542 2538 edidisse
1564 2500 1683 2539 eam
1702 2503 1965 2552 seorsum,

434 2574 489 2617 et
526 2581 589 2618 ex
629 2566 824 2636 ingenti
857 2568 1208 2638 Ilexaplorum
1246 2572 1382 2626 mole
1412 2576 1705 2639 exemisse;
1753 2580 1884 2633 adeo
1911 2589 1968 2634 ut

433 2654 664 2708 solitaria
716 2657 820 2719 illa,
854 2659 1071 2714 alterius
1118 2677 1235 2730 quae
1268 2662 1564 2718 habebatur
1614 2667 1665 2719 itt
1714 2667 1965 2737 Hexaplis

430 2744 572 2797 unde
591 2755 705 2798 erat
730 2746 979 2812 profecta,
1008 2763 1255 2817 germana
1282 2761 1440 2815 esset,
1474 2765 1527 2807 et
1554 2758 1697 2810 omni
1728 2771 1792 2810 ex
1818 2769 1966 2826 parte

430 2834 634 2887 similis.
669 2834 823 2889 Ratio
869 2838 1019 2891 istius
1048 2839 1307 2905 opinionis
1334 2842 1502 2895 valida
1538 2845 1675 2897 nulla
1721 2847 1960 2902 alTertur.

428 2920 762 2976 Prohahilior
791 2924 915 2976 mihi
954 2927 1161 2979 videtur
1214 2930 1472 2982 sententia
1517 2931 1736 2987 Joannis
1780 2935 1962 3005 Bapti-

427 3021 523 3064 sta:
564 3013 748 3065 Morini
769 3014 832 3079 “,
867 3016 965 3067 viri
1005 3017 1315 3083 doctissimi,
1349 3021 1632 3077 editionem
1662 3025 1818 3087 .illam
1853 3029 1962 3082 τῶν

425 3098 480 3152 0'
512 3118 575 3155 ex
606 3102 937 3171 Origenianis
969 3104 1216 3173 llcxaplis
1262 3109 1579 3178 descriptam
1634 3114 1700 3167 ab
1734 3116 1960 3173 Eusebio

422 3201 476 3244 et
526 3191 825 3260 Pamphilo,
882 3205 939 3246 et
984 3198 1208 3263 primum
1258 3200 1550 3267 evulgatam
1599 3205 1952 3273 arbitrantis;

416 3281 568 3348 juxta
615 3281 739 3334 illud
793 3283 1092 3353 llierOnymi
1142 3287 1192 3338 in
1241 3286 1450 3342 Prmlat.
1500 3291 1564 3343 ad
1617 3292 1846 3362 Paralip.
1888 3299 1955 3349 ad

421 3369 769 3423 Chromatium
803 3386 821 3422 :
868 3393 884 3421 ο
908 3374 1221 3428 Alexandria
1255 3387 1305 3430 et
1334 3376 1588 3446 Egyptus
1628 3380 1679 3434 in
1725 3383 1954 3453 Septua-

421 3461 562 3525 ginta
592 3462 702 3513 suis
728 3461 1042 3531 llesychium
1061 3464 1235 3517 laudat
1264 3477 1551 3523 auctorem.
1581 3472 1955 3531 Constantino-

419 3549 554 3614 polis
593 3564 755 3614 usque
798 3552 1129 3604 Antiochiam
1162 3551 1376 3608 Luciaui
1416 3561 1660 3626 martyris
1682 3566 1951 3633 exempla-

420 3636 495 3690 t'ia
529 3639 734 3705 probat.
791 3639 969 3693 Mediae
1005 3642 1140 3694 inter
1175 3643 1269 3696 has
1309 3647 1592 3711 provinciae
1643 3650 1952 3713 Palaestinos

417 3726 625 3780 codices
651 3728 869 3796 legunt;
920 3744 1053 3796 quos
1085 3732 1151 3783 ab
1195 3731 1421 3800 Origene
1466 3736 1762 3796 elaboratus
1785 3744 1949 3802 Ense-

416 3816 534 3870 hius
563 3826 615 3869 et
639 3816 942 3885 Pamphilus
963 3821 1320 3888 vulgaverant.
1350 3843 1367 3874 ι
1401 3824 1528 3879 Nam
1555 3844 1672 3882 cum
1708 3832 1949 3903 frequen-

414 3914 497 3959 ter
525 3907 954 3962 cxscriberentur
977 3909 1211 3977 Hexapla
1251 3913 1301 3966 in
1342 3914 1714 3985 Ecclesiarum,
1759 3927 1944 3983 docto-

413 4010 636 4064 rumque
672 3998 939 4050 hominum
976 4015 1149 4065 usutn,
1182 4004 1330 4057 novis
1353 4006 1402 4058 in
1440 4007 1551 4062 dies
1574 4010 1943 4073 deformabun-

414 4096 499 4140 tttr
526 4091 756 4142 sordium
793 4091 1236 4159 inquinamentis;
1288 4112 1405 4153 cum
1433 4106 1720 4168 praesertim
1754 4114 1941 4166 asteri-

410 4192 622 4231 scorum
648 4190 699 4232 et
732 4182 1004 4236 obelorum
1036 4187 1424 4243 adnotationem
1444 4193 1522 4245 vel
1551 4194 1936 4262 insuperhabe-

410 4274 528 4317 rent
576 4266 793 4328 librarii,
842 4269 921 4322 vel
962 4286 1062 4325 non
1102 4275 1232 4327 satis
1268 4276 1547 4344 diligenter
1596 4286 1939 4342 administra-

408 4362 525 4403 rent
549 4369 562 4404 :
589 4355 723 4408 unde
754 4356 935 4424 ingens
956 4360 1217 4414 incidebat
1240 4379 1411 4416 rerum
1435 4370 1777 4438 perturbatio,
1812 4390 1939 4429 con-

405 4439 535 4492 fusis
560 4453 612 4493 et
635 4447 901 4508 permistis
929 4463 1046 4501 cum
1079 4450 1418 4522 Septuaginta
1448 4455 1643 4511 Senum
1671 4460 1925 4528 interpre-

406 4531 603 4583 tzitione
626 4533 999 4592 Theodotionis
1045 4541 1416 4599 additamentis
1457 4564 1471 4599 :
1523 4565 1541 4596 ι
1574 4546 1927 4606 Misericordia

402 4628 450 4672 et
495 4622 703 4682 veritas,
735 4624 903 4692 inquit
946 4629 1294 4700 Hieronymus
1330 4636 1379 4688 in
1417 4636 1581 4705 Epist.
1617 4642 1681 4693 ad
1711 4642 1843 4699 Sun.
1876 4657 1929 4701 et

402 4707 638 4769 Fretell.,
658 4713 977 4767 obviaverunt
996 4719 1093 4771 sibi
1119 4721 1163 4751 ⁸⁸
1184 4740 1196 4774 :
1217 4732 1269 4775 et
1289 4724 1463 4778 dicitis
1486 4728 1622 4793 quod
1650 4730 1698 4782 in
1720 4730 1923 4798 Grieco,

398 4797 519 4861 sibi,
575 4811 677 4849 non
727 4798 980 4856 habeatur
1023 4824 1035 4859 :
1080 4808 1222 4873 ἔλεος
1272 4814 1361 4865 καὶ
1402 4814 1619 4885 ἀλήθεια
1668 4823 1925 4895 συνήντη-

398 4904 526 4940 σαν·
582 4886 759 4950 idest,
800 4887 1151 4949 Misericordia
1190 4908 1237 4952 et
1287 4903 1469 4957 veritas
1525 4922 1927 4979 concurrerunt;

394 4978 473 5031 sic
504 4978 554 5030 in
593 4975 814 5030 Hebraeo
848 4978 1090 5047 habetur,
1127 4998 1180 5038 et
1227 4992 1362 5056 apud
1395 4992 1734 5063 Septuaginta
1775 4975 1927 5058 obelo

394 5074 740 5133 prmttotatntn
776 5075 905 5120 est:
952 5082 1067 5135 qua:
1100 5072 1244 5139 signa
1296 5079 1417 5131 dum
1466 5097 1558 5148 per
1607 5087 1924 5154 scriptorum

395 5157 771 5226 negligentiam
804 5172 831 5209 a
878 5157 1140 5225 plerisque
1167 5164 1315 5229 quasi
1338 5171 1595 5235 superﬂua
1621 5175 1927 5245 relinquun-

399 5252 507 5307 tur,
553 5260 776 5311 tnagnus
811 5247 861 5300 in
902 5246 1119 5312 legendo
1153 5263 1300 5302 error
1341 5256 1598 5313 oboritur.
1622 5280 1639 5312 ι
1668 5263 1926 5327 Loquitur

392 5333 456 5385 de
480 5335 708 5390 editione
731 5336 834 5389 τῶν
857 5338 911 5389 0'
936 5352 1050 5405 quae
1080 5336 1328 5406 llexaplis
1354 5343 1536 5400 iuerat.
1565 5350 1923 5422 Degenerante

1965 4494 2010 4551 ι)
2043 4475 2189 4541 ginta
2224 4475 2645 4553 lnterpretihus,
2678 4494 2779 4546 sed
2833 4496 2894 4550 in

2075 1969 2236 2023 Opera
2263 1955 2530 2026 Pamphili
2556 1969 2611 2014 et
2635 1959 2900 2015 Eusebii.

2145 2047 2221 2098 En
2254 2046 2345 2099 tibi
2378 2049 2492 2116 jam
2537 2052 2730 2121 itaque
2766 2054 3003 2123 triplex
3048 2056 3268 2110 editio
3304 2055 3689 2127 Septuaginta
3718 2061 3801 2117 Se-

2074 2149 2236 2200 num;
2281 2138 2606 2207 Origeniana
2662 2144 2788 2198 haec
2839 2161 2991 2212 qua;
3022 2146 3087 2199 in
3130 2146 3447 2214 Hexaplis
3504 2154 3801 2207 cuntineba-

2075 2232 2196 2288 tur;
2245 2227 2409 2281 altera
2460 2231 2721 2296 privatim
2764 2236 2938 2287 edita
2982 2236 3070 2289 ab
3129 2236 3425 2292 Eusebio
3460 2250 3520 2294 et
3567 2242 3801 2309 Pamphi-

2073 2313 2143 2376 lo,
2196 2330 2315 2383 qua:
2356 2320 2554 2385 prioris
2603 2336 2761 2375 mere
2817 2338 3143 2391 germana
3210 2320 3406 2394 erat}
3460 2331 3622 2386 tertia
3661 2344 3802 2386 vetus

2072 2404 2159 2456 illa
2193 2421 2312 2471 quae
2337 2408 2585 2475 ()rigenis
2614 2413 3136 2468 emendationem
3184 2422 3543 2485 pra-cessit,
3574 2431 3630 2475 et
3660 2425 3798 2493 κοινὴ

2070 2508 2163 2546 Seu
2189 2494 2411 2564 Vulgata
2442 2501 2716 2566 appellata
2769 2512 2895 2566 εει,
2934 2519 3236 2574 qumque
3294 2510 3609 2579 multiplex
3654 2524 3703 2566 et
3727 2516 3796 2566 di-

2068 2595 2221 2635 versa
2256 2586 2375 2645 luit,
2406 2598 2598 2655 utpote
2629 2593 2824 2643 varias
2898 2608 3102 2659 passa
3163 2599 3671 2656 adulterationes.
3696 2603 3793 2656 Non

2066 2670 2172 2723 alia
2212 2684 2387 2726 autem
2425 2677 2789 2746 Septuaginta
2841 2682 3317 2754 Interpretum
3378 2692 3562 2746 edi-tio
3592 2709 3792 2763 usurpa-

2064 2760 2223 2812 batur
2257 2763 2414 2831 vulgo
2438 2777 2565 2820 ante
2609 2767 2977 2837 Origenem,
3021 2792 3235 2844 quam
3277 2797 3423 2849 qum
3468 2786 3634 2856 κοινὴ
3669 2760 3791 2842 diee-

2063 2847 2241 2905 hatur.
2284 2852 2435 2906 lianc
2478 2858 2941 2923 appellationem
2997 2867 3265 2926 idcirco
3299 2847 3635 2930 consecuta
3670 2888 3787 2943 erat,

2062 2940 2202 3005 quod
2242 2943 2379 2995 nulla
2422 2960 2520 3011 per
2548 2949 2851 3004 Orientem
2911 2955 3302 3028 Scriptura:
3333 2967 3527 3021 editio
3556 2940 3789 3039 frequen;

2063 3029 2182 3081 tiori
2218 3047 2315 3084 usu
2364 3044 2778 3095 contereretur.
2848 3048 3002 3114 Quo
3072 3052 3327 3110 factum
3380 3069 3497 3121 est,
3534 3072 3595 3115 ut
3645 3064 3791 3117 editio

2061 3120 2213 3191 κοινὴ
2238 3138 2347 3177 non.
2375 3142 2535 3180 unam
2566 3131 2829 3200 aliquam
2872 3152 2937 3192 et
2992 3148 3413 3211 peculiarem
3444 3150 3785 3225 Septuaginta

2063 3209 2259 3264 Senum
2284 3215 2574 3272 editionem
2603 3233 2812 3280 notare
2851 3209 3111 3288 deinde
3144 3243 3455 3307 cmperit,
3638 3209 3783 3313 ipsam

2060 3304 2367 3357 eommdcm
2410 3307 2784 3377 interpretum
2830 3304 3366 3384 conversionem
3422 3304 3674 3403 generali
3705 3354 3785 3406 :tp-

2060 3391 2339 3458 pellatione
2379 3399 2807 3464 signiﬁcaverit.
2863 3408 3035 3463 Rem
3124 3432 3267 3473 uno
3322 3391 3516 3479 verbo
3549 3391 3782 3497 expedio.

2063 3478 2388 3537 Vocabulum
2414 3486 2563 3551 illud,
2594 3494 2788 3563 κοινὴ,
2831 3505 3073 3565 generi
3122 3519 3197 3562 et
3239 3516 3479 3579 speciei
3511 3478 3786 3577 cottimuue

2057 3570 2174 3635 fuit,
2208 3584 2261 3624 ut
2290 3574 2408 3627 alia:
2454 3577 2735 3648 pleraeque
2769 3600 2972 3644 voces
3019 3612 3037 3647 :
3099 3570 3365 3668 generi,
3397 3623 3534 3661 cum
3557 3613 3787 3681 qualem-

2055 3676 2260 3728 cunque
2302 3664 2411 3716 τῶν
2444 3670 2497 3718 0’
2529 3671 2851 3730 editionem
2897 3664 3178 3743 notavit.
3209 3711 3229 3757 ;
3298 3664 3554 3766 speciei,
3577 3664 3709 3757 lcum
3741 3706 3782 3757 ci

2054 3751 2149 3806 soli
2179 3753 2388 3850 addicta
2436 3768 2538 3822 est,
2570 3775 2698 3828 qua:
2745 3779 2893 3823 ante
2950 3751 3283 3849 Origen'is
3333 3751 3779 3850 emendationem

2046 4310 2133 4348 xvi
2164 4296 2525 4355 Commentar.
2552 4308 2608 4358 in
2647 4307 2899 4374 Isaiam.
2948 4341 2971 4373 ς
3004 4323 3332 4405 Liquida,
3374 4344 3592 4411 inquit,
3626 4348 3779 4401 contio

2046 4395 2213 4411 unum-..
2240 4390 2287 4411 2--
2322 4390 2462 4411 ΙΙ-Ιν-
2502 4395 2543 4411 9-
2783 4402 2796 4411 .
2865 4407 2878 4411 -

2046 4390 2290 4442 tentesin
2322 4390 2587 4448 llehraico
2621 4414 2730 4453 non
2781 4402 3042 4479 haberi,
3086 4390 3222 4478 n-ec
3276 4390 3773 4505 θέέξὴξηὲεᾶἰιξ.

2046 4475 2188 4505 nini-
2224 4475 2615 4505 1.......ηιυξιηη
2762 4494 2778 4505 .
2834 4496 2846 4505 .

2964 4505 3280 4571 editione
3321 4521 3623 4592 Vulgata.
3670 4543 3774 4597 (1⁸³³

460 5488 503 5519 ⁸³
519 5488 669 5545 Joan.
692 5493 751 5548 Β.
783 5495 967 5549 Morin.
1000 5498 1048 5550 in
1080 5496 1236 5550 Przel'.
1272 5498 1334 5549 ad
1371 5499 1530 5556 LXX.
1607 5510 1651 5541 “
1675 5511 1813 5569 Psal.
1841 5531 2068 5595 Lxxxtv,
2101 5534 2192 5594 Η,

459 5581 585 5665 (ἕξεθ’)
619 5582 763 5665 Oti-tie
794 5589 1166 5665 ego_Etuebiu§
1200 5591 1392 5665 scholia
1432 5603 1660 5662 apposui,
1696 5614 1796 5657 etc.
1841 5609 1917 5665 Ex

390 5645 473 5723 his
502 5645 642 5731 patet
674 5645 926 5731 Teium/is
965 5675 1094 5731 no_va
1115 5660 1401 5731 Eusebium
1433 5645 1912 5731 ailieciss'ews'choii;

392 5712 443 5769 in
467 5718 773 5781 quibusdam
800 5712 983 5780 saltem
1011 5728 1294 5798 Scriptura:
1318 5712 1515 5784 libris"

2026 5637 2086 5679 ut
2116 5635 2355 5702 videtur.
2386 5660 2545 5713 quam
2579 5648 2913 5722 Origeniano
2954 5676 3255 5741 exempla
3270 5681 3324 5735 ri

2026 5704 2304 5741 ﬁlim-nn...
2332 5714 2590 5741 n.......|.:|:
2623 5732 2668 5741 Α.
2711 5725 2748 5741 η
2853 5727 2866 5741 ι
2892 5729 2926 5740 ..

2026 5704 2305 5769 stremum
2330 5704 2593 5787 Painphili
2618 5704 2928 5784 etUEuse'l-iii
2956 5704 3623 5816 Bii‘é'iliwzirxiéutiﬂm

2126 5870 2129 5873 ι
2150 5870 2181 5877 ωε
