3922 6430
233 371 362 425 1255
1035 357 1579 422 ORIGENIANORUM
1615 356 1737 414 LIB.

1837 361 1870 423 Ι,
1909 360 2057 414 CAP.
2097 361 2184 424 lli,
2225 359 2412 416 SECT.
2453 360 2497 413 Ι.
3220 360 3354 416 1254

231 501 403 543 sanare
437 494 487 539 et
510 484 643 539 Belis
675 484 866 539 fabulis
895 484 1113 538 dixisse.
1135 484 1270 550 Quin
1295 482 1453 537 etiam
1489 480 1541 532 in
1572 479 1730 547 epist.
1766 483 1809 538 Α
1840 474 2004 530 fuisse
2029 477 2302 543 collectas,
2351 489 2400 531 et
2449 479 2501 531 in
2533 476 2774 546 proprios
2801 477 2961 531 libros
2994 475 3222 546 digestas
3250 487 3356 532 tra-

231 575 318 638 65,
345 574 408 626 ad
439 573 739 628 Pammach.
764 582 816 628 et
843 571 1060 638 Ocean.,
1086 589 1200 640 cap.
1232 572 1286 635 2,
1326 569 1583 624 neminem
1630 565 1734 619 La-

230 663 451 716 tinorum
475 659 692 715 allirmat
718 669 839 713 ante
878 675 1027 713 suam
1062 668 1270 712 :ctatem
1301 659 1459 711 libros
1477 655 1732 726 ‘Origenis

233 750 302 802 De
328 751 685 802 resurrectione
723 749 858 815 Περὶ
890 745 1105 815 ἀρχῶν,
1124 745 1461 806 Stromatear,
1483 755 1537 800 et
1563 754 1731 798 tomos

232 837 505 891 transferre
535 837 759 890 voluisse
781 875 797 900 ,
830 845 1043 904 prepter
1082 836 1367 888 novitatem
1408 833 1610 888 scilicet
1641 833 1734 886 do-

229 929 422 980 ctrinae.
470 926 723 992 Quoniam
759 925 918 995 igitur
963 926 1027 978 ad
1070 923 1401 977 Stromateon
1449 921 1734 976 Clementis

228 1017 511 1085 exennplum
541 1031 663 1070 suos
693 1023 1058 1084 composuerat
1083 1014 1339 1083 Origenes
1362 1051 1378 1075 ,
1416 1021 1473 1066 ut
1517 1026 1734 1064 accura-

230 1111 328 1162 tius
357 1117 679 1176 perspectum
717 1109 906 1161 habere
928 1106 1095 1174 possis
1120 1120 1222 1173 quo
1249 1105 1317 1157 illi
1344 1105 1396 1157 in
1423 1113 1734 1174 argumento

225 1200 432 1262 versati,
455 1215 555 1266 qua
582 1207 698 1251 arte
726 1197 919 1251 conditi
945 1197 1087 1257 sint,
1142 1195 1255 1264 lege
1301 1194 1608 1248 Eusebianae
1643 1191 1737 1244 Hi.

225 1291 390 1340 rtoriw
420 1289 536 1340 libri
570 1289 705 1341 sexti
753 1299 909 1355 caput
954 1287 1210 1340 decimum
1262 1286 1473 1338 tertium
1503 1321 1519 1351 ,
1554 1284 1640 1337 ubi
1672 1284 1738 1337 de

226 1379 320 1432 hac
341 1378 621 1432 Clementis
651 1379 938 1447 scriptione
960 1377 1256 1430 disseritur.
1742 1441 1748 1446 ἰ

182 1525 184 1528 ,
290 1468 374 1522 ιν.
424 1471 570 1534 Quod
599 1469 789 1522 attinet
817 1468 882 1520 ad
919 1467 1106 1520 librum
1158 1465 1230 1517 De
1277 1462 1545 1531 martyrio,
1578 1462 1644 1515 de
1676 1477 1739 1515 co

225 1559 292 1612 ita
349 1557 780 1614 commemoravit
837 1557 1181 1626 Hieronymus
1230 1556 1321 1608 lib.
1375 1555 1450 1607 De
1503 1555 1737 1621 scriptor.

223 1650 518 1711 ecclesiast.,
560 1663 678 1717 cap.
707 1648 804 1713 67,
835 1649 914 1700 his
939 1648 1110 1702 verbis
1144 1665 1156 1700 :
1195 1664 1213 1697 ι
1250 1644 1556 1698 Ambrosius
1599 1659 1729 1697 con-

223 1740 462 1794 fessionis
490 1740 772 1793 Dominicze
811 1740 975 1809 gloria
1007 1739 1225 1806 insignis
1261 1735 1401 1800 fuit,
1446 1735 1530 1789 cui
1572 1735 1737 1788 Theo-

1829 567 1906 620 dit
1932 566 2190 620 Eusebius
2220 569 2336 621 libr.
2374 585 2425 621 v1
2476 568 2639 632 Ilist.,
2669 584 2787 636 cap.
2813 569 2900 630 56,
2940 582 3156 621 numero
3181 579 3354 643 autem

1825 656 1996 710 fuisse
2059 656 2172 710 illas
2226 659 2501 727 plusquam
2563 669 2795 710 centum.
2847 657 3359 713 Conficientissimus

1831 747 2020 815 quippe
2037 746 2338 799 litterarum
2383 747 2639 815 Origenes
2685 747 2805 800 fuit.
2835 746 3054 800 Librum
3086 749 3358 803 collectio-

1833 837 1916 890 nis
1947 836 2107 904 hujus
2135 844 2379 902 quartum
2409 839 2536 890 citat
2571 838 2795 890 Rufinus
2825 838 2874 890 in
2913 837 3087 891 libello
3112 838 3188 892 De
3214 839 3358 891 adul-

1834 925 2080 978 teratione
2129 925 2377 976 librorum
2427 925 2682 994 Origenis.
2732 928 2809 980 Ex
2853 927 2952 980 hoc
3002 927 3354 996 Epistolarum

1834 1013 2170 1082 Syntagmate
2199 1013 2328 1066 istas
2354 1015 2419 1065 ab
2450 1014 2679 1069 Eusebio
2723 1027 3166 1072 commemoratas
3194 1019 3237 1050 ⁸⁷
3271 1033 3353 1072 re-

1833 1104 1980 1171 perio
2008 1117 2021 1154 :
2054 1102 2220 1168 prima
2257 1103 2302 1132 ⁶¹¹
2329 1114 2408 1157 est
2453 1106 2516 1156 ad
2553 1105 2832 1160 Leonidem
2878 1109 3128 1177 martyrio
3180 1110 3356 1178 proxi-

1836 1205 1976 1243 mum
1999 1207 2014 1242 :
2036 1190 2256 1243 alteram
2287 1192 2328 1222 ⁸⁸
2353 1193 2566 1260 scripsit
2589 1193 2842 1262 Origenes
2865 1199 3119 1252 adversus
3150 1214 3242 1252 eos
3267 1200 3356 1267 qui

1831 1295 1988 1334 suum
2027 1282 2078 1334 in
2115 1281 2324 1334 litteras
2352 1283 2690 1337 humaniores
2733 1286 2963 1338 studium
3004 1289 3356 1341 criminaban-

1837 1381 1954 1434 tur;
1998 1371 2236 1438 proxima
2287 1371 2612 1424 diversarum
2661 1374 3000 1441 epistularum
3034 1391 3358 1431 commemo-

1839 1462 1971 1515 ratio
2014 1472 2093 1515 est
2116 1500 2132 1523 ,
2163 1461 2216 1513 in
2264 1462 2453 1529 quibus
2499 1463 2762 1517 indicatur
2791 1467 3168 1533 persecutionis
3199 1476 3361 1521 sextae

1839 1560 2063 1620 tempus.
2094 1566 2314 1618 quarum
2366 1561 2540 1606 tamen
2587 1554 2961 1623 inscriptiones
2987 1565 3039 1610 et
3071 1557 3248 1610 titulos
3291 1560 3363 1612 si-

1837 1642 2055 1709 gillatim
2091 1641 2346 1694 Eusebius
2374 1656 2478 1694 non
2512 1644 2846 1711 persequitur
2879 1662 2894 1696 :
2925 1654 3033 1696 tum
3072 1645 3120 1675 ¹¹⁰
3163 1645 3366 1701 mentio
3447 1665 3450 1667 λ

1839 1731 1895 1782 fit
1941 1729 2186 1798 Epistolte
2217 1732 2281 1784 ad
2320 1731 2631 1784 Africanum
2687 1734 2751 1786 de
2799 1733 3051 1787 Susanna:
3085 1735 3304 1789 historia
3343 1752 3363 1792 :

225 1829 379 1883 ctisto
402 1830 714 1900 presbytero
751 1827 884 1880 liber
912 1826 1154 1895 Origcnis
1175 1825 1249 1878 De
1275 1825 1520 1892 martyrio
1547 1823 1736 1876 scribi-
1769 1811 1810 1864 Β
1839 1820 2084 1873 laudatur
2109 1821 2301 1875 deinde
2322 1822 2365 1852 "
2400 1821 2630 1889 Epistula
2655 1823 2719 1874 ad
2744 1822 3040 1891 Philippum
3075 1826 3363 1894 imperato-

225 1928 324 1972 tur.
366 1938 383 1968 ι
421 1919 726 1986 Lugendum
758 1917 1013 1971 omnino:
1045 1919 1124 1968 cui
1158 1925 1204 1968 et
1242 1913 1549 1967 Theoctirto.
1591 1912 1646 1966 Id
1692 1913 1736 1966 si

221 2011 435 2064 vidisset
485 2012 747 2078 interpres
780 2007 995 2063 Graecus
1021 2046 1036 2072 ,
1073 2004 1355 2058 absurdum
1413 2006 1549 2057 hanc
1591 2003 1740 2056 nobis

223 2101 706 2169 interpretatiOuem
745 2099 1042 2165 neutiquam
1083 2097 1311 2149 dedisset
1349 2112 1363 2148 :
1400 2093 1582 2164 Τούτῳ
1616 2093 1741 2146 Θεο-

222 2189 430 2242 κτίστου
455 2188 810 2258 πρεσϐυτέρου
846 2187 1018 2256 βίϐλος
1050 2186 1348 2258 Ὠριγένους
1369 2187 1505 2254 Περὶ
1531 2203 1742 2254 μαρτυ-

212 2280 346 2346 ρίου
371 2279 654 2349 γράφεται.
685 2278 904 2333 Videtur
931 2278 1120 2347 legisse
1152 2297 1166 2331 :
1194 2277 1287 2331 Cui
1326 2278 1596 2331 Theocriin
1626 2294 1740 2346 pre-

219 2372 410 2436 sbyteri
438 2370 587 2431 liber,
624 2379 729 2422 etc.
777 2366 1139 2421 Theoctistum
1191 2368 1435 2421 nominat
1486 2367 1740 2436 Hierony-

221 2475 359 2523 mus,
395 2461 483 2527 qui
519 2460 584 2512 ab
613 2458 838 2512 Eusebio
872 2458 1202 2510 Protoetetus
1227 2458 1533 2525 appellatur.
1565 2455 1738 2510 Theo-

219 2549 416 2603 ctistus
473 2548 820 2603 Caesariensis
883 2547 984 2599 fuit
1034 2546 1352 2614 episcopus;
1409 2544 1743 2599 Protoctetus

218 2637 456 2704 ejusdem
509 2636 758 2690 Ecclesiae
804 2637 1124 2705 presbyter:
1159 2650 1429 2704 perperam
1482 2650 1574 2689 eos
1617 2651 1744 2689 con-

219 2726 393 2781 fundit
425 2727 793 2795 Hieronymus.
827 2711 1128 2780 Protocteto
1151 2767 1165 2790 ,
1201 2742 1305 2780 non
1337 2726 1642 2781 Theoctisto
1665 2727 1743 2779 in-

219 2817 421 2886 criptus
466 2828 548 2870 est
597 2817 730 2870 liber
777 2817 900 2879 iste,
929 2816 1005 2884 (2)
1058 2826 1112 2870 ut
1147 2815 1383 2870 ostendit
1413 2817 1528 2885 ejus
1564 2832 1743 2870 exem-

205 2909 335 2978 lplar
363 2910 593 2962 nondum
626 2908 846 2971 editum,
886 2908 1024 2976 quod
1067 2922 1228 2976 penes
1253 2921 1334 2961 me
1359 2916 1462 2960 est.
1497 2905 1739 2973 Ejusdem

220 2999 516 3068 argumenti
561 2997 847 3066 Epistulam
878 2997 941 3050 ad
984 2997 1187 3051 Patrem
1221 2998 1476 3066 martyrio
1513 2997 1742 3050 destina-

1843 1924 1974 1976 rem,
2005 1910 2108 1964 alia
2135 1911 2198 1964 ad
2229 1910 2505 1979 conjugem
2541 1911 2702 1977 ipsius
2737 1912 3007 1975 Severam,
3038 1914 3140 1966 alia
3174 1916 3239 1967 ad
3266 1914 3368 1968 Fa-

1839 2001 2050 2054 bianum
2080 2015 2268 2069 papam
2295 2040 2311 2064 ,
2351 2001 2464 2054 alim
2495 2001 2557 2053 ad
2585 2001 2716 2056 alios
2743 2002 3042 2069 complures
3066 2004 3362 2072 episcopos,

1839 2090 2030 2158 quibus
2075 2091 2192 2144 fidei
2225 2091 2484 2159 professio
2510 2092 2912 2156 continebatur;
2943 2101 2996 2145 et
3025 2094 3247 2148 diversa:
3274 2095 3366 2149 de-

1842 2182 2000 2249 nique
2043 2181 2291 2236 distincte
2327 2198 2431 2235 non
2470 2191 2707 2237 notate:
2745 2185 3079 2251 postmodum
3127 2183 3366 2253 plurium

1839 2271 2068 2323 citantur
2097 2272 2330 2340 epistolae
2355 2274 2422 2338 ”,
2450 2288 2568 2340 qua:
2611 2273 2955 2328 declarabant
3000 2289 3157 2342 quam
3211 2275 3368 2328 utiles

1840 2359 1906 2412 iis
1935 2372 2206 2414 sermones
2237 2363 2575 2430 reliquisset,
2611 2365 2698 2431 qui
2748 2363 2936 2418 solatio
2968 2366 3019 2417 in
3049 2365 3372 2419 cruciatibus

1841 2449 2162 2518 indigebant.
2225 2451 2347 2506 Haec
2399 2453 2674 2507 Eusebius.
2726 2454 2968 2508 Testatur
3020 2455 3369 2525 Hieronymus

1840 2539 1930 2592 lib.
1961 2539 2035 2592 De
2066 2542 2304 2608 scriptor.
2355 2537 2532 2596 acres.
2562 2559 2678 2610 cap.
2715 2544 2782 2598 65
2806 2585 2821 2608 ,
2853 2561 2946 2599 sua
2981 2555 3136 2600 artata
3178 2561 3364 2616 super-

1841 2627 2004 2682 fuisse
2045 2627 2290 2698 Origenis
2323 2631 2582 2699 Epistolas
2626 2635 2690 2686 ad
2738 2632 3054 2703 Philippum,
3101 2637 3368 2704 ipsiusque

1840 2728 2096 2784 matrem;
2141 2736 2259 2774 cum
2305 2721 2560 2775 Eusebius
2598 2737 2627 2776 e
2671 2737 2774 2790 quo
2822 2723 2962 2776 hunc
2999 2724 3187 2777 librum
3237 2724 3366 2779 Hie-

1839 2821 2089 2878 ronymus
2129 2812 2516 2864 consarcinavil
2537 2850 2553 2873 ,
2609 2813 2829 2874 habeat,
2859 2812 2960 2881 τὴν
2986 2813 3168 2865 τούτου
3195 2830 3370 2883 γαμε-

1838 2898 1956 2969 τήν,
1998 2903 2263 2968 conjugem
2294 2902 2476 2968 ipsius.
2518 2902 2658 2955 Idem
2702 2902 2888 2956 scribit
2931 2903 2994 2956 de
3034 2901 3221 2956 litteris
3246 2902 3365 2957 Ori-

1839 2989 1986 3056 genis
2016 2991 2080 3044 ad
2099 2991 2360 3061 Beryllum
2394 2992 2727 3046 Bostrensem
2762 2993 3064 3060 episcopum
3109 2991 3367 3061 Hierony-

218 3101 326 3143 tum
357 3089 649 3158 scripserat
672 3087 1021 3140 Adamantius
1049 3089 1338 3140 etiamnum
1377 3101 1543 3153 puer;
1593 3085 1741 3152 cujus
1767 3119 1808 3174 ε
1841 3095 1961 3174 mus
1982 3081 2172 3135 ibidem
2203 3081 2436 3174 cap.-7l.
2469 3081 2694 3135 Rufinus
2743 3095 2954 3151 quoque
2999 3081 3049 3134 in
3081 3081 3257 3134 libello
3291 3081 3371 3133 De

215 3179 449 3248 epistolae
500 3179 658 3232 verba
691 3179 926 3246 quaedam
971 3178 1158 3248 repetit
1203 3177 1457 3232 Eusebius
1504 3177 1624 3230 libr.
1687 3191 1739 3229 γι

216 3268 441 3332 Hirtam
473 3283 588 3336 cap.
621 3267 676 3320 2.

284 3358 348 3414 γ.
399 3359 530 3412 Acta
561 3359 969 3414 concertationis
1013 3358 1222 3429 Origeni
1256 3374 1373 3414 cum
1403 3359 1610 3428 Beryllo
1639 3360 1734 3413 ha-

203 3450 337 3504 bitae
363 3449 605 3504 eamdem
637 3448 799 3502 fuisse
823 3449 1052 3503 arbitror
1072 3459 1226 3517 atque
1252 3449 1518 3517 Dialogum
1547 3450 1741 3502 utrius-

211 3554 336 3610 que,
365 3554 470 3608 quo
499 3540 762 3593 haereseos
789 3541 1024 3610 Beryllus
1044 3541 1368 3610 coarguitur.
1400 3541 1548 3594 Hunc
1586 3517 1743 3594 aetate

211 3642 310 3681 sua
338 3625 607 3679 exstitisse
633 3627 818 3679 scribit
856 3627 1202 3698 Hieronymus
1237 3629 1359 3682 libr.
1394 3627 1467 3682 De
1497 3630 1735 3697 scriptor.

209 3717 396 3769 cccles.
426 3731 544 3784 cap.
584 3715 669 3768 Ἡ.
700 3715 895 3770 Praeter
952 3717 1090 3771 hunc
1125 3718 1410 3786 dialogum,
1449 3720 1580 3772 alios
1610 3734 1740 3787 quo-

209 3821 314 3874 que
357 3804 550 3858 litteris
579 3804 834 3872 Origenes
861 3807 1140 3859 mandasse
1184 3807 1372 3860 fertur.
1416 3805 1636 3862 Rufinus
1687 3809 1736 3861 in

209 3893 392 3951 libello
445 3893 517 3947 De
562 3893 938 3946 adulteratione
981 3896 1224 3947 librorum
1263 3895 1522 3964 Origenis,
1556 3912 1739 3965 quem-

208 3987 332 4041 dam
369 3985 435 4039 ab
461 3999 525 4039 eo
547 3985 922 4054 conscriptum,
950 3997 1003 4039 et
1025 4002 1054 4039 a
1083 3987 1315 4041 Candida
1338 3988 1584 4042 haeretico
1612 4003 1740 4056 quo-

207 4091 332 4130 cum
390 4075 609 4128 habitus
665 4075 878 4136 fuerat,
930 4075 1280 4128 adulteratmn
1337 4086 1735 4132 commemorat.

206 4163 696 4220 Circumferebatur
742 4163 824 4216 ille
857 4161 1159 4232 Hieronymi
1188 4165 1535 4231 temporibus,
1569 4165 1621 4218 in
1652 4181 1738 4220 eo-

207 4270 312 4324 que
351 4254 612 4321 Origenes
635 4292 651 4316 ,
695 4262 747 4306 et
789 4253 1054 4306 Candidus
1086 4252 1457 4306 Valentinianze
1494 4252 1737 4306 defensor

207 4349 477 4401 haereseos
530 4345 671 4396 inter
703 4344 802 4396 alia
831 4344 1165 4412 disputabant
1188 4385 1203 4409 ,
1246 4343 1476 4398 Filiusne
1507 4355 1647 4398 esset
1676 4343 1739 4397 de

1839 3168 2061 3221 adulter.
2094 3170 2271 3225 libror.
2310 3169 2559 3246 Origem's
2609 3172 2924 3225 testimoniis
2967 3171 3133 3224 utitur
3156 3185 3220 3224 ex
3246 3171 3364 3239 cpi-

1837 3258 1969 3312 stola
1997 3259 2065 3313 ab
2099 3260 2326 3329 Origene
2355 3261 2420 3313 ad
2454 3261 2656 3316 amicos
2680 3261 2932 3328 quosdam
2982 3275 3106 3314 suos
3134 3260 3366 3312 Alexan-

1837 3347 2018 3400 drinos
2043 3347 2236 3415 scripta
2263 3365 2277 3400 :
2307 3357 2361 3400 et
2388 3347 2606 3400 alteram
2640 3347 2816 3401 laudat
2843 3359 3096 3416 praeterea
3130 3348 3366 3415 ejusdem

1837 3437 2144 3500 argumenti.
2177 3437 2408 3506 Epistola
2452 3436 2684 3503 ejusdem
2726 3440 2791 3491 ad
2833 3439 3145 3507 Gregorium
3189 3438 3372 3492 Thau-

1837 3533 2129 3594 maturgum
2153 3526 2362 3581 decimo
2405 3528 2560 3582 tertio
2588 3526 2894 3580 Philocatia:
2922 3527 3098 3596 capite
3129 3528 3370 3580 contineo

1838 3623 1940 3668 tur.
1976 3615 2183 3669 Partem
2217 3617 2444 3686 denique
2473 3617 2709 3685 epistola:
2737 3613 3012 3684 cujusdam
3059 3615 3367 3671 Adamantii

1837 3705 2109 3775 proferunt
2129 3707 2399 3761 Cedrenus
2435 3715 2487 3760 et
2515 3706 2728 3761 Suidas.

1904 3817 2012 3870 \‘Il.
2047 3819 2282 3870 Aliarum
2311 3827 2560 3885 prmterea
2615 3817 2964 3888 quarumdam
3011 3818 3369 3886 scriptionum

1835 3905 2079 3973 Origenis
2125 3909 2441 3961 mentionem
2493 3909 2629 3976 apud
2681 3919 2885 3961 veteres
2937 3907 3166 3959 invenio.
3213 3905 3369 3959 Philo

1834 3995 2043 4048 Judaeus
2091 3995 2329 4071 ediderat
2391 3996 2582 4048 librum
2644 3995 3022 4049 llebraicorum
3086 3993 3365 4046 nominum

1837 4085 2047 4139 Veteris
2073 4085 2419 4147 Testamenti,
2445 4099 2737 4153 eorumque
2765 4085 3105 4153 etymologias
3128 4092 3181 4136 et
3207 4083 3373 4138 inter-

1835 4177 2157 4244 pretationes
2185 4174 2447 4241 adiecerat
2477 4189 2492 4226 :
2527 4189 2682 4243 quem
2719 4174 2913 4228 librum
2949 4174 3130 4226 Latina
3166 4173 3366 4226 oratio.

1837 4281 1900 4319 ne
1936 4265 2286 4334 Hieronymus
2311 4280 2589 4333 expressn.
2621 4265 2772 4331 Quod
2806 4267 2857 4319 in
2893 4265 3228 4319 Testamento
3263 4266 3367 4319 Ve-

1839 4358 1934 4410 teri
1969 4358 2169 4410 fecerat
2195 4356 2366 4418 Philo,
2398 4357 2530 4409 idem
2554 4357 2605 4408 in
2629 4356 2773 4409 Novo
2800 4355 3056 4409 factitavit
3080 4352 3363 4424 Origenes,

206 4434 381 4488 Patris
412 4432 737 4496 substantia,
765 4441 819 4484 et
848 4441 1022 4484 utrum
1063 4431 1302 4486 diabolus
1342 4433 1453 4500 ejus
1481 4443 1619 4488 esset
1643 4449 1739 4486 na-
1772 4455 1814 4508 Β
1843 4463 2098 4516 suumque
2127 4461 2256 4514 opus
2284 4446 2348 4499 ad
2374 4461 2504 4512 opus
2531 4445 2766 4498 phimm's
2801 4444 3075 4513 adiunxit;
3117 4443 3168 4496 in
3196 4457 3368 4510 εοῳω

207 4537 360 4595 turre,
387 4541 510 4596 quae.
561 4524 785 4578 salutem
817 4524 1033 4590 adipisci
1084 4540 1187 4580 non
1225 4535 1420 4594 posset.
1459 4526 1738 4580 Africanus

205 4619 455 4688 Origeuis
486 4614 705 4684 aequalis
728 4625 781 4667 et
828 4615 1028 4668 amicus
1058 4615 1208 4670 initio
1240 4616 1504 4682 Epistolas,
1529 4631 1629 4684 qua
1661 4617 1738 4684 ip-

205 4711 317 4765 sius
349 4708 673 4762 sententiam
702 4705 764 4758 de
794 4703 1049 4759 Susanna:
1082 4707 1304 4760 historia
1354 4709 1594 4777 rogavit,
1625 4707 1738 4760 lau-

203 4801 298 4854 dat
322 4799 602 4867 Dialognm
633 4793 744 4861 ejus
774 4794 838 4845 ad
867 4794 1221 4862 Agnomonem
1251 4836 1266 4859 ,
1300 4797 1349 4847 in
1397 4810 1500 4863 qun
1531 4807 1736 4863 partem

205 4891 349 4944 illam
382 4889 501 4942 libri
524 4884 758 4937 Danielis
787 4885 840 4936 in
877 4884 1232 4937 testimonium
1275 4885 1580 4946 adduxerat,
1617 4897 1734 4952 quae

208 4981 472 5033 Susanna:
503 4990 688 5030 casum
734 4982 934 5026 narrat.
987 4973 1170 5046 Exstat
1215 4973 1440 5041 denique
1485 4973 1735 5042 Dtalogus

205 5071 269 5122 de
303 5078 440 5121 recta
469 5070 523 5120 in
557 5067 718 5119 Deum
757 5063 878 5131 ﬁde,
905 5062 995 5132 qui
1045 5073 1094 5117 et
1141 5073 1317 5116 contra
1369 5062 1734 5116 Marcionirtas

206 5159 552 5220 inscribitur;
593 5157 684 5210 sed
713 5154 922 5223 spurius
959 5162 1012 5208 et
1050 5153 1414 5222 supposititius
1438 5191 1454 5217 ,
1504 5163 1562 5207 ut
1599 5153 1733 5208 infra

205 5249 714 5306 demonstrabimus.

278 5342 366 5393 \‘l.
393 5339 657 5408 Epistolas
687 5337 928 5406 Origcnis
968 5343 1220 5404 quotquot
1256 5344 1370 5389 erat
1398 5343 1600 5398 nactus,
1625 5350 1654 5388 a
1677 5351 1734 5390 se

275 5455 319 5486 ⁸⁷
352 5452 544 5506 Euseb.
581 5449 697 5504 libr.
726 5466 777 5504 vt
807 5449 971 5514 Ilirt.,
996 5460 1112 5514 cap.
1134 5446 1189 5499 2.
1264 5446 1308 5478 ⁸⁸
1347 5446 1472 5500 ibid.
1501 5461 1618 5514 cap.
1671 5450 1756 5504 l9.

203 5521 254 5558 η
281 5522 410 5577 ibid.
439 5533 563 5587 cap.
593 5519 678 5572 39.

275 5634 354 5706 (8)
398 5633 471 5687 Ut
520 5633 737 5684 ostendit
781 5633 893 5706 ejus
939 5632 1196 5706 exemplar
1239 5629 1462 5706 nondum
1508 5631 1730 5706 editum,

203 5699 346 5766 quod
382 5717 535 5771 penes
564 5717 638 5754 me
668 5710 760 5754 ert.
803 5699 929 5757 Vide
972 5703 1094 5758 tomi
1146 5700 1309 5780 nostri
1361 5699 1548 5765 prioris
1583 5712 1723 5768 pag.

1840 4538 2210 4606 Hieronymum
2257 4536 2573 4588 imitatorem
2607 4533 2787 4586 habuit
2816 4550 2829 4584 :
2864 4531 3016 4599 cujus
3062 4533 3218 4584 verba
3252 4531 3365 4584 hazc

1839 4636 1961 4681 sunt
2000 4628 2051 4680 in
2079 4625 2293 4680 Praefat.
2319 4626 2382 4678 ad
2417 4624 2606 4677 librum
2639 4623 2883 4676 llebruic.
2909 4622 3210 4675 nominum:
3239 4638 3257 4670 ς
3287 4622 3366 4672 Ac

1839 4731 1904 4769 ne
1951 4715 2086 4768 forte
2113 4722 2477 4768 consummato
2502 4713 2732 4767 aedilicio
2769 4716 2918 4780 quasi
2947 4723 3182 4765 extrema
3212 4711 3368 4763 dees-

1838 4813 1920 4858 set
1951 4819 2154 4864 manus,
2191 4804 2321 4858 Novi
2353 4803 2676 4860 Testamenti
2724 4803 2886 4856 verba
2921 4813 2975 4854 et
3021 4801 3232 4854 nomina
3282 4798 3364 4850 in-

1843 4903 2158 4963 terpretatus
2192 4909 2330 4956 sum,
2358 4893 2550 4946 imitari
2577 4892 2756 4947 volens
2780 4906 2842 4944 ex
2871 4901 3025 4960 parte
3056 4887 3367 4956 Origenem,

1843 4997 1996 5051 quem
2035 4993 2150 5050 post
2178 4983 2440 5050 apostolos
2468 4981 2820 5036 Ecclesiarum
2858 4980 3166 5046 magistrum
3208 4989 3368 5028 neuio

1846 5072 1942 5126 nisi
1977 5072 2248 5138 imperitus
2287 5080 2460 5141 negat.
2500 5072 2641 5126 lnter
2671 5082 2861 5126 caetera
2889 5069 3025 5122 enim
3055 5063 3244 5132 ingenii
3279 5063 3368 5115 sui

1839 5162 2088 5231 przeclara
2145 5172 2480 5216 monumenta
2527 5163 2685 5217 etiam
2727 5163 2778 5214 in
2815 5162 2915 5213 hoc
2961 5154 3257 5215 laboravit,
3306 5162 3365 5206 ut

1837 5249 1973 5319 quod
1998 5248 2147 5302 Philo
2173 5249 2323 5317 quasi
2350 5248 2562 5303 Judtens
2593 5249 2864 5307 omiserat,
2905 5243 2991 5295 hic
3021 5250 3076 5292 ut
3101 5237 3366 5290 Christia-

1841 5354 1940 5392 nus
1971 5338 2230 5408 impleret.
2257 5356 2277 5390 ι
2307 5335 2450 5392 Libri
2481 5338 2710 5406 ejusdem
2741 5331 3174 5386 meminitauctor
3201 5324 3386 5416 Quas--

1833 5447 1876 5480 ⁸³
1902 5447 2032 5505 ibid.
2061 5463 2177 5519 cap.
2197 5450 2288 5504 28.
2361 5450 2408 5482 "
2438 5450 2568 5504 ibid.
2595 5461 2712 5514 cap.
2735 5442 2820 5494 5|.
2894 5441 2937 5470 "
2971 5438 3095 5492 ibid.
3124 5448 3241 5502 cap.
3271 5435 3371 5492 36.

1833 5631 1955 5694 275,
2002 5633 2088 5691 ubi
2130 5633 2215 5690 hic
2261 5632 2394 5688 liber
2439 5639 2541 5682 tam
2582 5623 2761 5677 Graece
2798 5632 2957 5687 quam
3003 5614 3189 5670 Latine
3238 5615 3381 5673 edi-

1835 5715 1938 5755 tur.
