  <div class='ocr_page' id='page_1' title='image "/cluster/home/n/w/nwhite01/storage/ocr_20150623/17 (Origenes, pt. 7)/nyp.33433081862348/651.png"; bbox 0 0 3922 6460; ppageno 0'>
   <div class='ocr_carea' id='block_1_1' title="bbox 479 376 612 433">
    <p class='ocr_par' dir='ltr' id='par_1_1' title="bbox 479 376 612 433">
     <span class='ocr_line' id='line_1_1' title="bbox 479 376 612 433; baseline -0.015 0"><span class='ocrx_word' id='word_1_1' title='bbox 479 376 612 433; x_wconf 65' lang='lat'><strong>19.55</strong></span> 
     </span>
    </p>
   </div>
   <div class='ocr_carea' id='block_1_2' title="bbox 1715 360 2387 420">
    <p class='ocr_par' dir='ltr' id='par_1_2' title="bbox 1715 360 2387 420">
     <span class='ocr_line' id='line_1_2' title="bbox 1715 360 2387 420; baseline -0.007 -3"><span class='ocrx_word' id='word_1_2' title='bbox 1715 364 1776 420; x_wconf 82' lang='grc' dir='ltr'><strong>Ρ.</strong></span> <span class='ocrx_word' id='word_1_3' title='bbox 1815 361 2121 415; x_wconf 80' lang='lat' dir='ltr'><strong>DANIELIS</strong></span> <span class='ocrx_word' id='word_1_4' title='bbox 2157 360 2387 413; x_wconf 78' lang='lat' dir='ltr'><strong>HUETll</strong></span> 
     </span>
    </p>
   </div>
   <div class='ocr_carea' id='block_1_3' title="bbox 3656 346 3794 398">
    <p class='ocr_par' dir='ltr' id='par_1_3' title="bbox 3656 346 3794 398">
     <span class='ocr_line' id='line_1_3' title="bbox 3656 346 3794 398; baseline 0.007 -1"><span class='ocrx_word' id='word_1_5' title='bbox 3656 346 3794 398; x_wconf 72' lang='grc'>1256</span> 
     </span>
    </p>
   </div>
   <div class='ocr_carea' id='block_1_4' title="bbox 478 454 3802 542">
    <p class='ocr_par' dir='ltr' id='par_1_4' title="bbox 478 454 3802 542">
     <span class='ocr_line' id='line_1_4' title="bbox 478 454 3802 542; baseline -0.005 -15"><span class='ocrx_word' id='word_1_6' title='bbox 478 496 698 537; x_wconf 63' lang='lat' dir='ltr'><strong>manum</strong></span> <span class='ocrx_word' id='word_1_7' title='bbox 726 478 792 529; x_wconf 81' lang='lat' dir='ltr'><strong>ad</strong></span> <span class='ocrx_word' id='word_1_8' title='bbox 820 475 1161 537; x_wconf 70' lang='lat' dir='ltr'><strong>orthodoxos,</strong></span> <span class='ocrx_word' id='word_1_9' title='bbox 1195 474 1281 542; x_wconf 87' lang='lat' dir='ltr'><strong>qui</strong></span> <span class='ocrx_word' id='word_1_10' title='bbox 1318 472 1450 526; x_wconf 77' lang='lat' dir='ltr'><strong>falso</strong></span> <span class='ocrx_word' id='word_1_11' title='bbox 1480 474 1728 527; x_wconf 92' lang='lat' dir='ltr'><strong>tribuitur</strong></span> <span class='ocrx_word' id='word_1_12' title='bbox 1759 473 1992 537; x_wconf 77' lang='lat' dir='ltr'><strong>Justino,</strong></span> <span class='ocrx_word' id='word_1_13' title='bbox 2026 481 2073 535; x_wconf 74' lang='grc' dir='ltr'><strong>Α</strong></span> <span class='ocrx_word' id='word_1_14' title='bbox 2100 470 2236 523; x_wconf 90' lang='lat' dir='ltr'><strong>enim</strong></span> <span class='ocrx_word' id='word_1_15' title='bbox 2285 467 2573 538; x_wconf 80' lang='lat' dir='ltr'><strong>exegetica</strong></span> <span class='ocrx_word' id='word_1_16' title='bbox 2633 466 3088 521; x_wconf 87' lang='lat' dir='ltr'><strong>enumerasset</strong></span> <span class='ocrx_word' id='word_1_17' title='bbox 3142 455 3570 542; x_wconf 78' lang='lat' dir='ltr'><strong>Hieronymus,</strong></span> <span class='ocrx_word' id='word_1_18' title='bbox 3602 462 3713 506; x_wconf 83' lang='lat' dir='ltr'><strong>tum</strong></span> <span class='ocrx_word' id='word_1_19' title='bbox 3744 454 3802 507; x_wconf 83' lang='lat' dir='ltr'><strong>in</strong></span> 
     </span>
    </p>
   </div>
   <div class='ocr_carea' id='block_1_5' title="bbox 478 563 1996 642">
    <p class='ocr_par' dir='ltr' id='par_1_5' title="bbox 478 563 1996 642">
     <span class='ocr_line' id='line_1_5' title="bbox 478 563 1996 642; baseline -0.009 -15"><span class='ocrx_word' id='word_1_20' title='bbox 478 581 663 642; x_wconf 69' lang='lat' dir='ltr'><strong>quaest.</strong></span> <span class='ocrx_word' id='word_1_21' title='bbox 697 569 764 624; x_wconf 74' lang='lat'><strong>82</strong></span> <span class='ocrx_word' id='word_1_22' title='bbox 799 577 851 622; x_wconf 90' lang='lat' dir='ltr'><strong>et</strong></span> <span class='ocrx_word' id='word_1_23' title='bbox 876 568 960 631; x_wconf 89' lang='lat'><strong>86,</strong></span> <span class='ocrx_word' id='word_1_24' title='bbox 997 568 1046 620; x_wconf 93' lang='lat' dir='ltr'><strong>in</strong></span> <span class='ocrx_word' id='word_1_25' title='bbox 1076 581 1245 635; x_wconf 83' lang='lat' dir='ltr'><strong>eoque</strong></span> <span class='ocrx_word' id='word_1_26' title='bbox 1274 574 1462 633; x_wconf 82' lang='lat' dir='ltr'><strong>praeter</strong></span> <span class='ocrx_word' id='word_1_27' title='bbox 1486 564 1739 618; x_wconf 86' lang='lat' dir='ltr'><strong>Hebraica</strong></span> <span class='ocrx_word' id='word_1_28' title='bbox 1763 563 1996 626; x_wconf 88' lang='lat' dir='ltr'><strong>nomina,</strong></span> 
     </span>
    </p>
   </div>
   <div class='ocr_carea' id='block_1_6' title="bbox 480 653 1999 723">
    <p class='ocr_par' dir='ltr' id='par_1_6' title="bbox 480 653 1999 723">
     <span class='ocr_line' id='line_1_6' title="bbox 480 653 1999 723; baseline -0.007 -9"><span class='ocrx_word' id='word_1_29' title='bbox 480 674 756 714; x_wconf 83' lang='lat' dir='ltr'><strong>mensuras</strong></span> <span class='ocrx_word' id='word_1_30' title='bbox 800 661 957 711; x_wconf 89' lang='lat' dir='ltr'><strong>etiam</strong></span> <span class='ocrx_word' id='word_1_31' title='bbox 1011 656 1380 723; x_wconf 88' lang='lat' dir='ltr'><strong>interpretatas</strong></span> <span class='ocrx_word' id='word_1_32' title='bbox 1425 668 1543 707; x_wconf 88' lang='lat' dir='ltr'><strong>esse</strong></span> <span class='ocrx_word' id='word_1_33' title='bbox 1590 654 1759 707; x_wconf 90' lang='lat' dir='ltr'><strong>docet.</strong></span> <span class='ocrx_word' id='word_1_34' title='bbox 1811 653 1999 706; x_wconf 75' lang='lat' dir='ltr'><strong>Videat</strong></span> 
     </span>
    </p>
   </div>
   <div class='ocr_carea' id='block_1_7' title="bbox 474 739 1999 816">
    <p class='ocr_par' dir='ltr' id='par_1_7' title="bbox 474 739 1999 816">
     <span class='ocr_line' id='line_1_7' title="bbox 474 739 1999 816; baseline -0.005 -14"><span class='ocrx_word' id='word_1_35' title='bbox 474 764 599 816; x_wconf 84' lang='lat' dir='ltr'><strong>ergo</strong></span> <span class='ocrx_word' id='word_1_36' title='bbox 624 748 842 800; x_wconf 78' lang='lat' dir='ltr'><strong>Ruﬁnus</strong></span> <span class='ocrx_word' id='word_1_37' title='bbox 869 762 969 813; x_wconf 88' lang='lat' dir='ltr'><strong>qua</strong></span> <span class='ocrx_word' id='word_1_38' title='bbox 1004 744 1106 797; x_wconf 83' lang='lat' dir='ltr'><strong>ﬁde</strong></span> <span class='ocrx_word' id='word_1_39' title='bbox 1127 743 1416 811; x_wconf 90' lang='lat' dir='ltr'><strong>scripserit,</strong></span> <span class='ocrx_word' id='word_1_40' title='bbox 1444 742 1637 795; x_wconf 78' lang='lat' dir='ltr'><strong>lnaect.</strong></span> <span class='ocrx_word' id='word_1_41' title='bbox 1672 757 1707 795; x_wconf 87' lang='grc' dir='ltr'>ιι</span> <span class='ocrx_word' id='word_1_42' title='bbox 1738 744 1788 794; x_wconf 93' lang='lat' dir='ltr'><strong>in</strong></span> <span class='ocrx_word' id='word_1_43' title='bbox 1807 739 1999 794; x_wconf 81' lang='lat' dir='ltr'><strong>Hiero-</strong></span> 
     </span>
    </p>
   </div>
   <div class='ocr_carea' id='block_1_8' title="bbox 477 827 1997 900">
    <p class='ocr_par' dir='ltr' id='par_1_8' title="bbox 477 827 1997 900">
     <span class='ocr_line' id='line_1_8' title="bbox 477 827 1997 900; baseline -0.002 -16"><span class='ocrx_word' id='word_1_44' title='bbox 477 845 711 900; x_wconf 85' lang='lat' dir='ltr'><strong>nymum,</strong></span> <span class='ocrx_word' id='word_1_45' title='bbox 744 846 809 884; x_wconf 92' lang='lat' dir='ltr'><strong>ne</strong></span> <span class='ocrx_word' id='word_1_46' title='bbox 830 845 987 883; x_wconf 90' lang='lat' dir='ltr'><strong>unum</strong></span> <span class='ocrx_word' id='word_1_47' title='bbox 1019 829 1231 897; x_wconf 88' lang='lat' dir='ltr'><strong>quidem</strong></span> <span class='ocrx_word' id='word_1_48' title='bbox 1257 828 1540 896; x_wconf 66' lang='lat' dir='ltr'><strong>Scriptura:</strong></span> <span class='ocrx_word' id='word_1_49' title='bbox 1564 830 1784 882; x_wconf 88' lang='lat' dir='ltr'><strong>verbum</strong></span> <span class='ocrx_word' id='word_1_50' title='bbox 1804 827 1997 896; x_wconf 82' lang='lat' dir='ltr'><strong>Orige-</strong></span> 
     </span>
    </p>
   </div>
   <div class='ocr_carea' id='block_1_9' title="bbox 476 920 861 975">
    <p class='ocr_par' dir='ltr' id='par_1_9' title="bbox 476 920 861 975">
     <span class='ocr_line' id='line_1_9' title="bbox 476 920 861 975; baseline 0.003 -2"><span class='ocrx_word' id='word_1_51' title='bbox 476 935 594 975; x_wconf 91' lang='lat' dir='ltr'><strong>nem</strong></span> <span class='ocrx_word' id='word_1_52' title='bbox 621 920 861 974; x_wconf 83' lang='lat' dir='ltr'><strong>vertisse.</strong></span> 
     </span>
    </p>
   </div>
   <div class='ocr_carea' id='block_1_10' title="bbox 547 1006 1998 1076">
    <p class='ocr_par' dir='ltr' id='par_1_10' title="bbox 547 1006 1998 1076">
     <span class='ocr_line' id='line_1_10' title="bbox 547 1006 1998 1076; baseline -0.004 -13"><span class='ocrx_word' id='word_1_53' title='bbox 547 1010 671 1063; x_wconf 85' lang='lat' dir='ltr'><strong>Vlll.</strong></span> <span class='ocrx_word' id='word_1_54' title='bbox 703 1010 917 1062; x_wconf 91' lang='lat' dir='ltr'><strong>Librum</strong></span> <span class='ocrx_word' id='word_1_55' title='bbox 950 1008 1023 1063; x_wconf 84' lang='lat' dir='ltr'><strong>De</strong></span> <span class='ocrx_word' id='word_1_56' title='bbox 1048 1009 1277 1061; x_wconf 85' lang='lat' dir='ltr'><strong>oratione</strong></span> <span class='ocrx_word' id='word_1_57' title='bbox 1298 1006 1539 1062; x_wconf 86' lang='lat' dir='ltr'><strong>emisisse</strong></span> <span class='ocrx_word' id='word_1_58' title='bbox 1571 1006 1852 1076; x_wconf 75' lang='lat' dir='ltr'><strong>Origenem</strong></span> <span class='ocrx_word' id='word_1_59' title='bbox 1887 1019 1998 1058; x_wconf 93' lang='lat' dir='ltr'><strong>me-</strong></span> 
     </span>
    </p>
   </div>
   <div class='ocr_carea' id='block_1_11' title="bbox 474 1092 1999 1166">
    <p class='ocr_par' dir='ltr' id='par_1_11' title="bbox 474 1092 1999 1166">
     <span class='ocr_line' id='line_1_11' title="bbox 474 1092 1999 1166; baseline -0.005 -14"><span class='ocrx_word' id='word_1_60' title='bbox 474 1100 656 1152; x_wconf 66' lang='lat' dir='ltr'><strong>moriae</strong></span> <span class='ocrx_word' id='word_1_61' title='bbox 699 1097 927 1166; x_wconf 88' lang='lat' dir='ltr'><strong>prodidit</strong></span> <span class='ocrx_word' id='word_1_62' title='bbox 968 1095 1269 1164; x_wconf 87' lang='lat' dir='ltr'><strong>Pamphilus</strong></span> <span class='ocrx_word' id='word_1_63' title='bbox 1304 1095 1353 1147; x_wconf 91' lang='lat' dir='ltr'><strong>in</strong></span> <span class='ocrx_word' id='word_1_64' title='bbox 1392 1095 1713 1164; x_wconf 79' lang='lat' dir='ltr'><strong>Apologetico</strong></span> <span class='ocrx_word' id='word_1_65' title='bbox 1738 1108 1756 1145; x_wconf 89' lang='lat'><strong><em>:</em></strong></span> <span class='ocrx_word' id='word_1_66' title='bbox 1791 1110 1810 1143; x_wconf 75' lang='grc' dir='ltr'>ι</span> <span class='ocrx_word' id='word_1_67' title='bbox 1846 1092 1999 1145; x_wconf 90' lang='lat' dir='ltr'><strong>Deni-</strong></span> 
     </span>
    </p>
   </div>
   <div class='ocr_carea' id='block_1_12' title="bbox 472 1183 1996 1255">
    <p class='ocr_par' dir='ltr' id='par_1_12' title="bbox 472 1183 1996 1255">
     <span class='ocr_line' id='line_1_12' title="bbox 472 1183 1996 1255; baseline -0.003 -15"><span class='ocrx_word' id='word_1_68' title='bbox 472 1202 595 1255; x_wconf 85' lang='lat' dir='ltr'><strong>que.</strong></span> <span class='ocrx_word' id='word_1_69' title='bbox 629 1187 830 1254; x_wconf 89' lang='lat' dir='ltr'><strong>inquit,</strong></span> <span class='ocrx_word' id='word_1_70' title='bbox 878 1186 928 1238; x_wconf 91' lang='lat' dir='ltr'><strong>in</strong></span> <span class='ocrx_word' id='word_1_71' title='bbox 980 1194 1082 1237; x_wconf 92' lang='lat' dir='ltr'><strong>tam</strong></span> <span class='ocrx_word' id='word_1_72' title='bbox 1132 1185 1348 1249; x_wconf 89' lang='lat' dir='ltr'><strong>multis,</strong></span> <span class='ocrx_word' id='word_1_73' title='bbox 1384 1194 1437 1238; x_wconf 92' lang='lat' dir='ltr'><strong>et</strong></span> <span class='ocrx_word' id='word_1_74' title='bbox 1466 1195 1571 1237; x_wconf 90' lang='lat' dir='ltr'><strong>tam</strong></span> <span class='ocrx_word' id='word_1_75' title='bbox 1616 1183 1841 1237; x_wconf 80' lang='lat' dir='ltr'><strong>diversis</strong></span> <span class='ocrx_word' id='word_1_76' title='bbox 1883 1184 1996 1253; x_wconf 84' lang='lat' dir='ltr'><strong>ejus</strong></span> 
     </span>
    </p>
   </div>
   <div class='ocr_carea' id='block_1_13' title="bbox 472 1273 1997 1344">
    <p class='ocr_par' dir='ltr' id='par_1_13' title="bbox 472 1273 1997 1344">
     <span class='ocr_line' id='line_1_13' title="bbox 472 1273 1997 1344; baseline -0.002 -15"><span class='ocrx_word' id='word_1_77' title='bbox 472 1276 751 1344; x_wconf 79' lang='lat' dir='ltr'><strong>(Origenis)</strong></span> <span class='ocrx_word' id='word_1_78' title='bbox 784 1274 931 1327; x_wconf 85' lang='lat' dir='ltr'><strong>libris</strong></span> <span class='ocrx_word' id='word_1_79' title='bbox 959 1288 1211 1339; x_wconf 84' lang='lat' dir='ltr'><strong>nusquam</strong></span> <span class='ocrx_word' id='word_1_80' title='bbox 1234 1275 1449 1326; x_wconf 92' lang='lat' dir='ltr'><strong>omnino</strong></span> <span class='ocrx_word' id='word_1_81' title='bbox 1470 1273 1735 1325; x_wconf 86' lang='lat' dir='ltr'><strong>invenitur</strong></span> <span class='ocrx_word' id='word_1_82' title='bbox 1760 1288 1896 1326; x_wconf 92' lang='lat' dir='ltr'><strong>unus</strong></span> <span class='ocrx_word' id='word_1_83' title='bbox 1930 1273 1997 1326; x_wconf 87' lang='lat' dir='ltr'><strong>ab</strong></span> 
     </span>
    </p>
   </div>
   <div class='ocr_carea' id='block_1_14' title="bbox 468 1361 1997 1433">
    <p class='ocr_par' dir='ltr' id='par_1_14' title="bbox 468 1361 1997 1433">
     <span class='ocr_line' id='line_1_14' title="bbox 468 1361 1997 1433; baseline -0.005 -12"><span class='ocrx_word' id='word_1_84' title='bbox 468 1382 536 1421; x_wconf 92' lang='lat' dir='ltr'><strong>eo</strong></span> <span class='ocrx_word' id='word_1_85' title='bbox 571 1367 704 1419; x_wconf 90' lang='lat' dir='ltr'><strong>liber</strong></span> <span class='ocrx_word' id='word_1_86' title='bbox 726 1363 933 1433; x_wconf 86' lang='lat' dir='ltr'><strong>proprie</strong></span> <span class='ocrx_word' id='word_1_87' title='bbox 958 1361 1032 1415; x_wconf 87' lang='lat' dir='ltr'><strong>De</strong></span> <span class='ocrx_word' id='word_1_88' title='bbox 1062 1363 1240 1413; x_wconf 83' lang='lat' dir='ltr'><strong>animo</strong></span> <span class='ocrx_word' id='word_1_89' title='bbox 1288 1361 1649 1428; x_wconf 86' lang='lat' dir='ltr'><strong>conscriptus,</strong></span> <span class='ocrx_word' id='word_1_90' title='bbox 1678 1362 1811 1414; x_wconf 91' lang='lat' dir='ltr'><strong>sicut</strong></span> <span class='ocrx_word' id='word_1_91' title='bbox 1839 1362 1997 1415; x_wconf 89' lang='lat' dir='ltr'><strong>habet</strong></span> 
     </span>
    </p>
   </div>
   <div class='ocr_carea' id='block_1_15' title="bbox 469 1449 1994 1520">
    <p class='ocr_par' dir='ltr' id='par_1_15' title="bbox 469 1449 1994 1520">
     <span class='ocr_line' id='line_1_15' title="bbox 469 1449 1994 1520; baseline -0.002 -14"><span class='ocrx_word' id='word_1_92' title='bbox 469 1454 552 1509; x_wconf 87' lang='lat' dir='ltr'><strong>vel</strong></span> <span class='ocrx_word' id='word_1_93' title='bbox 584 1454 656 1510; x_wconf 82' lang='lat' dir='ltr'><strong>De</strong></span> <span class='ocrx_word' id='word_1_94' title='bbox 703 1453 947 1520; x_wconf 81' lang='lat' dir='ltr'><strong>martyrio</strong></span> <span class='ocrx_word' id='word_1_95' title='bbox 974 1489 989 1513; x_wconf 92' lang='lat'><strong>,</strong></span> <span class='ocrx_word' id='word_1_96' title='bbox 1026 1449 1108 1503; x_wconf 90' lang='lat' dir='ltr'><strong>vel</strong></span> <span class='ocrx_word' id='word_1_97' title='bbox 1141 1450 1212 1502; x_wconf 85' lang='lat' dir='ltr'><strong>De</strong></span> <span class='ocrx_word' id='word_1_98' title='bbox 1246 1450 1476 1502; x_wconf 84' lang='lat' dir='ltr'><strong>oratione</strong></span> <span class='ocrx_word' id='word_1_99' title='bbox 1497 1489 1513 1515; x_wconf 93' lang='lat'><strong>,</strong></span> <span class='ocrx_word' id='word_1_100' title='bbox 1554 1450 1636 1503; x_wconf 93' lang='lat' dir='ltr'><strong>vel</strong></span> <span class='ocrx_word' id='word_1_101' title='bbox 1663 1450 1736 1502; x_wconf 89' lang='lat' dir='ltr'><strong>De</strong></span> <span class='ocrx_word' id='word_1_102' title='bbox 1767 1467 1994 1503; x_wconf 74' lang='lat' dir='ltr'><strong>resurre-</strong></span> 
     </span>
    </p>
   </div>
   <div class='ocr_carea' id='block_1_16' title="bbox 466 1537 1991 1606">
    <p class='ocr_par' dir='ltr' id='par_1_16' title="bbox 466 1537 1991 1606">
     <span class='ocr_line' id='line_1_16' title="bbox 466 1537 1991 1606; baseline -0.003 -10"><span class='ocrx_word' id='word_1_103' title='bbox 466 1544 656 1595; x_wconf 79' lang='lat' dir='ltr'><strong>ctione.</strong></span> <span class='ocrx_word' id='word_1_104' title='bbox 712 1542 827 1606; x_wconf 86' lang='lat' dir='ltr'><strong>Quo</strong></span> <span class='ocrx_word' id='word_1_105' title='bbox 879 1540 998 1593; x_wconf 90' lang='lat' dir='ltr'><strong>licet</strong></span> <span class='ocrx_word' id='word_1_106' title='bbox 1064 1551 1369 1592; x_wconf 82' lang='lat' dir='ltr'><strong>careremus</strong></span> <span class='ocrx_word' id='word_1_107' title='bbox 1424 1537 1768 1600; x_wconf 91' lang='lat' dir='ltr'><strong>testimonio,</strong></span> <span class='ocrx_word' id='word_1_108' title='bbox 1823 1539 1991 1605; x_wconf 90' lang='lat' dir='ltr'><strong>ipsum</strong></span> 
     </span>
    </p>
   </div>
   <div class='ocr_carea' id='block_1_17' title="bbox 467 1626 1995 1699">
    <p class='ocr_par' dir='ltr' id='par_1_17' title="bbox 467 1626 1995 1699">
     <span class='ocr_line' id='line_1_17' title="bbox 467 1626 1995 1699; baseline -0.002 -15"><span class='ocrx_word' id='word_1_109' title='bbox 467 1646 603 1699; x_wconf 92' lang='lat' dir='ltr'><strong>opus</strong></span> <span class='ocrx_word' id='word_1_110' title='bbox 628 1632 766 1698; x_wconf 91' lang='lat' dir='ltr'><strong>quod</strong></span> <span class='ocrx_word' id='word_1_111' title='bbox 810 1629 876 1683; x_wconf 88' lang='lat' dir='ltr'><strong>ad</strong></span> <span class='ocrx_word' id='word_1_112' title='bbox 910 1629 1043 1682; x_wconf 89' lang='lat' dir='ltr'><strong>hanc</strong></span> <span class='ocrx_word' id='word_1_113' title='bbox 1078 1627 1215 1681; x_wconf 90' lang='lat' dir='ltr'><strong>diem</strong></span> <span class='ocrx_word' id='word_1_114' title='bbox 1259 1634 1536 1695; x_wconf 86' lang='lat' dir='ltr'><strong>superest,</strong></span> <span class='ocrx_word' id='word_1_115' title='bbox 1568 1640 1661 1693; x_wconf 91' lang='lat' dir='ltr'><strong>per</strong></span> <span class='ocrx_word' id='word_1_116' title='bbox 1703 1639 1761 1681; x_wconf 80' lang='lat' dir='ltr'><strong>se</strong></span> <span class='ocrx_word' id='word_1_117' title='bbox 1789 1626 1995 1681; x_wconf 79' lang='lat' dir='ltr'><strong>innote~</strong></span> 
     </span>
    </p>
   </div>
   <div class='ocr_carea' id='block_1_18' title="bbox 470 1728 662 1774">
    <p class='ocr_par' dir='ltr' id='par_1_18' title="bbox 470 1728 662 1774">
     <span class='ocr_line' id='line_1_18' title="bbox 470 1728 662 1774; baseline -0.01 0"><span class='ocrx_word' id='word_1_118' title='bbox 470 1728 662 1774; x_wconf 88' lang='lat' dir='ltr'><strong>sceret.</strong></span> 
     </span>
    </p>
   </div>
   <div class='ocr_carea' id='block_1_19' title="bbox 2106 541 3802 625">
    <p class='ocr_par' dir='ltr' id='par_1_19' title="bbox 2106 541 3802 625">
     <span class='ocr_line' id='line_1_19' title="bbox 2106 541 3802 625; baseline -0.009 -15"><span class='ocrx_word' id='word_1_119' title='bbox 2106 573 2263 610; x_wconf 88' lang='lat' dir='ltr'><strong>unam</strong></span> <span class='ocrx_word' id='word_1_120' title='bbox 2292 559 2524 611; x_wconf 83' lang='lat' dir='ltr'><strong>classem</strong></span> <span class='ocrx_word' id='word_1_121' title='bbox 2561 560 2968 625; x_wconf 82' lang='lat' dir='ltr'><strong>syntagmata</strong></span> <span class='ocrx_word' id='word_1_122' title='bbox 3026 544 3317 614; x_wconf 86' lang='lat' dir='ltr'><strong>conjicit,</strong></span> <span class='ocrx_word' id='word_1_123' title='bbox 3364 541 3441 594; x_wconf 83' lang='lat' dir='ltr'><strong>ad</strong></span> <span class='ocrx_word' id='word_1_124' title='bbox 3495 554 3676 607; x_wconf 77' lang='lat' dir='ltr'><strong>eaque</strong></span> <span class='ocrx_word' id='word_1_125' title='bbox 3708 553 3802 594; x_wconf 88' lang='lat' dir='ltr'><strong>suo</strong></span> 
     </span>
    </p>
   </div>
   <div class='ocr_carea' id='block_1_20' title="bbox 2108 631 3803 713">
    <p class='ocr_par' dir='ltr' id='par_1_20' title="bbox 2108 631 3803 713">
     <span class='ocr_line' id='line_1_20' title="bbox 2108 631 3803 713; baseline -0.009 -16"><span class='ocrx_word' id='word_1_126' title='bbox 2108 645 2296 699; x_wconf 91' lang='lat' dir='ltr'><strong>ordine</strong></span> <span class='ocrx_word' id='word_1_127' title='bbox 2322 648 2707 713; x_wconf 81' lang='lat' dir='ltr'><strong>percensendu</strong></span> <span class='ocrx_word' id='word_1_128' title='bbox 2743 639 3081 699; x_wconf 84' lang='lat' dir='ltr'><strong>accedens,</strong></span> <span class='ocrx_word' id='word_1_129' title='bbox 3133 652 3155 685; x_wconf 72' lang='grc' dir='ltr'><strong><em>ι</em></strong></span> <span class='ocrx_word' id='word_1_130' title='bbox 3200 632 3389 696; x_wconf 92' lang='lat' dir='ltr'><strong>Item,</strong></span> <span class='ocrx_word' id='word_1_131' title='bbox 3438 631 3650 699; x_wconf 89' lang='lat' dir='ltr'><strong>inquit,</strong></span> <span class='ocrx_word' id='word_1_132' title='bbox 3681 632 3803 683; x_wconf 76' lang='lat' dir='ltr'><strong>scri-</strong></span> 
     </span>
    </p>
   </div>
   <div class='ocr_carea' id='block_1_21' title="bbox 2101 724 3801 803">
    <p class='ocr_par' dir='ltr' id='par_1_21' title="bbox 2101 724 3801 803">
     <span class='ocr_line' id='line_1_21' title="bbox 2101 724 3801 803; baseline -0.011 -15"><span class='ocrx_word' id='word_1_133' title='bbox 2101 734 2205 803; x_wconf 90' lang='lat' dir='ltr'><strong>psit</strong></span> <span class='ocrx_word' id='word_1_134' title='bbox 2242 732 2595 797; x_wconf 68' lang='lat' dir='ltr'><strong>blonobiblia,</strong></span> <span class='ocrx_word' id='word_1_135' title='bbox 2627 730 2787 798; x_wconf 76' lang='grc' dir='ltr'><strong>Περὶ</strong></span> <span class='ocrx_word' id='word_1_136' title='bbox 2819 724 3056 795; x_wconf 78' lang='grc' dir='ltr'><strong>ἀρχῶν</strong></span> <span class='ocrx_word' id='word_1_137' title='bbox 3089 724 3282 776; x_wconf 90' lang='lat' dir='ltr'><strong>libros</strong></span> <span class='ocrx_word' id='word_1_138' title='bbox 3307 728 3590 788; x_wconf 88' lang='lat' dir='ltr'><strong>quatuor,</strong></span> <span class='ocrx_word' id='word_1_139' title='bbox 3632 734 3653 767; x_wconf 74' lang='grc' dir='ltr'>ι</span> <span class='ocrx_word' id='word_1_140' title='bbox 3681 727 3801 779; x_wconf 83' lang='lat' dir='ltr'><strong>etc.;</strong></span> 
     </span>
    </p>
   </div>
   <div class='ocr_carea' id='block_1_22' title="bbox 2100 811 3806 891">
    <p class='ocr_par' dir='ltr' id='par_1_22' title="bbox 2100 811 3806 891">
     <span class='ocr_line' id='line_1_22' title="bbox 2100 811 3806 891; baseline -0.008 -16"><span class='ocrx_word' id='word_1_141' title='bbox 2100 823 2256 891; x_wconf 88' lang='lat' dir='ltr'><strong>quasi</strong></span> <span class='ocrx_word' id='word_1_142' title='bbox 2293 822 2525 876; x_wconf 74' lang='lat' dir='ltr'><strong>dixisset</strong></span> <span class='ocrx_word' id='word_1_143' title='bbox 2556 823 2749 875; x_wconf 85' lang='lat' dir='ltr'><strong>:ltem</strong></span> <span class='ocrx_word' id='word_1_144' title='bbox 2784 816 3120 886; x_wconf 85' lang='lat' dir='ltr'><strong>sequentia</strong></span> <span class='ocrx_word' id='word_1_145' title='bbox 3154 812 3413 879; x_wconf 85' lang='lat' dir='ltr'><strong>scripsit</strong></span> <span class='ocrx_word' id='word_1_146' title='bbox 3445 811 3806 879; x_wconf 79' lang='lat' dir='ltr'><strong>Syntagmata</strong></span> 
     </span>
    </p>
   </div>
   <div class='ocr_carea' id='block_1_23' title="bbox 2094 898 3807 982">
    <p class='ocr_par' dir='ltr' id='par_1_23' title="bbox 2094 898 3807 982">
     <span class='ocr_line' id='line_1_23' title="bbox 2094 898 3807 982; baseline -0.009 -17"><span class='ocrx_word' id='word_1_147' title='bbox 2094 915 2244 982; x_wconf 66' lang='lat' dir='ltr'><strong>(qua:</strong></span> <span class='ocrx_word' id='word_1_148' title='bbox 2284 922 2340 967; x_wconf 92' lang='lat' dir='ltr'><strong>et</strong></span> <span class='ocrx_word' id='word_1_149' title='bbox 2392 912 2661 979; x_wconf 83' lang='lat' dir='ltr'><strong>opuscula</strong></span> <span class='ocrx_word' id='word_1_150' title='bbox 2705 909 2931 965; x_wconf 83' lang='lat' dir='ltr'><strong>deinde</strong></span> <span class='ocrx_word' id='word_1_151' title='bbox 2978 903 3248 958; x_wconf 81' lang='lat' dir='ltr'><strong>Buﬂnus</strong></span> <span class='ocrx_word' id='word_1_152' title='bbox 3292 898 3583 970; x_wconf 87' lang='lat' dir='ltr'><strong>appellat)</strong></span> <span class='ocrx_word' id='word_1_153' title='bbox 3629 913 3807 966; x_wconf 86' lang='lat' dir='ltr'><strong>nempe</strong></span> 
     </span>
    </p>
   </div>
   <div class='ocr_carea' id='block_1_24' title="bbox 2099 989 3810 1073">
    <p class='ocr_par' dir='ltr' id='par_1_24' title="bbox 2099 989 3810 1073">
     <span class='ocr_line' id='line_1_24' title="bbox 2099 989 3810 1073; baseline -0.009 -14"><span class='ocrx_word' id='word_1_154' title='bbox 2099 1007 2264 1060; x_wconf 89' lang='lat' dir='ltr'><strong>libros</strong></span> <span class='ocrx_word' id='word_1_155' title='bbox 2295 1006 2437 1073; x_wconf 79' lang='grc' dir='ltr'><strong>Περὶ</strong></span> <span class='ocrx_word' id='word_1_156' title='bbox 2471 1003 2710 1072; x_wconf 76' lang='grc' dir='ltr'><strong>ἀρχῶν,</strong></span> <span class='ocrx_word' id='word_1_157' title='bbox 2747 1013 2870 1057; x_wconf 89' lang='lat' dir='ltr'><strong>etc.</strong></span> <span class='ocrx_word' id='word_1_158' title='bbox 2913 1000 3125 1066; x_wconf 78' lang='lat' dir='ltr'><strong>Atque</strong></span> <span class='ocrx_word' id='word_1_159' title='bbox 3170 996 3323 1060; x_wconf 63' lang='lat' dir='ltr'><strong>haec,</strong></span> <span class='ocrx_word' id='word_1_160' title='bbox 3359 991 3529 1062; x_wconf 90' lang='lat' dir='ltr'><strong>quod</strong></span> <span class='ocrx_word' id='word_1_161' title='bbox 3559 1004 3673 1044; x_wconf 89' lang='lat' dir='ltr'><strong>non</strong></span> <span class='ocrx_word' id='word_1_162' title='bbox 3690 989 3810 1043; x_wconf 52' lang='lat' dir='ltr'><strong>alio.</strong></span> 
     </span>
    </p>
   </div>
   <div class='ocr_carea' id='block_1_25' title="bbox 2099 1078 3810 1149">
    <p class='ocr_par' dir='ltr' id='par_1_25' title="bbox 2099 1078 3810 1149">
     <span class='ocr_line' id='line_1_25' title="bbox 2099 1078 3810 1149; baseline -0.011 -1"><span class='ocrx_word' id='word_1_163' title='bbox 2099 1110 2216 1148; x_wconf 92' lang='lat' dir='ltr'><strong>rum</strong></span> <span class='ocrx_word' id='word_1_164' title='bbox 2245 1096 2515 1149; x_wconf 90' lang='lat' dir='ltr'><strong>librorum</strong></span> <span class='ocrx_word' id='word_1_165' title='bbox 2551 1109 2730 1148; x_wconf 87' lang='lat' dir='ltr'><strong>causa</strong></span> <span class='ocrx_word' id='word_1_166' title='bbox 2762 1098 2981 1146; x_wconf 88' lang='lat' dir='ltr'><strong>essent</strong></span> <span class='ocrx_word' id='word_1_167' title='bbox 3014 1087 3374 1147; x_wconf 85' lang='lat' dir='ltr'><strong>elaborata,</strong></span> <span class='ocrx_word' id='word_1_168' title='bbox 3407 1096 3528 1136; x_wconf 90' lang='lat' dir='ltr'><strong>nec</strong></span> <span class='ocrx_word' id='word_1_169' title='bbox 3553 1080 3683 1133; x_wconf 86' lang='lat' dir='ltr'><strong>aliis</strong></span> <span class='ocrx_word' id='word_1_170' title='bbox 3725 1078 3810 1132; x_wconf 83' lang='lat' dir='ltr'><strong>ad-</strong></span> 
     </span>
    </p>
   </div>
   <div class='ocr_carea' id='block_1_26' title="bbox 2094 1170 3806 1251">
    <p class='ocr_par' dir='ltr' id='par_1_26' title="bbox 2094 1170 3806 1251">
     <span class='ocr_line' id='line_1_26' title="bbox 2094 1170 3806 1251; baseline -0.008 -15"><span class='ocrx_word' id='word_1_171' title='bbox 2094 1183 2365 1251; x_wconf 73' lang='lat' dir='ltr'><strong>iungenda</strong></span> <span class='ocrx_word' id='word_1_172' title='bbox 2400 1194 2594 1238; x_wconf 83' lang='lat' dir='ltr'><strong>essent</strong></span> <span class='ocrx_word' id='word_1_173' title='bbox 2623 1182 2797 1236; x_wconf 85' lang='lat' dir='ltr'><strong>libris</strong></span> <span class='ocrx_word' id='word_1_174' title='bbox 2821 1222 2839 1247; x_wconf 89' lang='lat'><strong>,</strong></span> <span class='ocrx_word' id='word_1_175' title='bbox 2875 1174 3243 1246; x_wconf 86' lang='lat' dir='ltr'><strong>cujusmodi</strong></span> <span class='ocrx_word' id='word_1_176' title='bbox 3279 1182 3460 1228; x_wconf 90' lang='lat' dir='ltr'><strong>erant</strong></span> <span class='ocrx_word' id='word_1_177' title='bbox 3494 1170 3806 1239; x_wconf 75' lang='lat' dir='ltr'><strong>exegetica;</strong></span> 
     </span>
    </p>
   </div>
   <div class='ocr_carea' id='block_1_27' title="bbox 2099 1260 3809 1343">
    <p class='ocr_par' dir='ltr' id='par_1_27' title="bbox 2099 1260 3809 1343">
     <span class='ocr_line' id='line_1_27' title="bbox 2099 1260 3809 1343; baseline -0.009 -16"><span class='ocrx_word' id='word_1_178' title='bbox 2099 1275 2193 1328; x_wconf 91' lang='lat' dir='ltr'><strong>sed</strong></span> <span class='ocrx_word' id='word_1_179' title='bbox 2226 1274 2447 1343; x_wconf 89' lang='lat' dir='ltr'><strong>pr0prio</strong></span> <span class='ocrx_word' id='word_1_180' title='bbox 2491 1273 2947 1326; x_wconf 88' lang='lat' dir='ltr'><strong>continerentur</strong></span> <span class='ocrx_word' id='word_1_181' title='bbox 2983 1273 3405 1336; x_wconf 79' lang='lat' dir='ltr'><strong>argumento,</strong></span> <span class='ocrx_word' id='word_1_182' title='bbox 3450 1271 3511 1315; x_wconf 88' lang='lat' dir='ltr'><strong>et</strong></span> <span class='ocrx_word' id='word_1_183' title='bbox 3545 1260 3698 1314; x_wconf 87' lang='lat' dir='ltr'><strong>circa</strong></span> <span class='ocrx_word' id='word_1_184' title='bbox 3724 1273 3809 1327; x_wconf 87' lang='lat' dir='ltr'><strong>pe-</strong></span> 
     </span>
    </p>
   </div>
   <div class='ocr_carea' id='block_1_28' title="bbox 2098 1350 3813 1416">
    <p class='ocr_par' dir='ltr' id='par_1_28' title="bbox 2098 1350 3813 1416">
     <span class='ocr_line' id='line_1_28' title="bbox 2098 1350 3813 1416; baseline -0.008 -1"><span class='ocrx_word' id='word_1_185' title='bbox 2098 1363 2359 1416; x_wconf 87' lang='lat' dir='ltr'><strong>culiarem</strong></span> <span class='ocrx_word' id='word_1_186' title='bbox 2386 1363 2489 1415; x_wconf 91' lang='lat' dir='ltr'><strong>sibi</strong></span> <span class='ocrx_word' id='word_1_187' title='bbox 2522 1361 2834 1414; x_wconf 88' lang='lat' dir='ltr'><strong>materiem</strong></span> <span class='ocrx_word' id='word_1_188' title='bbox 2877 1365 3333 1416; x_wconf 85' lang='lat' dir='ltr'><strong>versarentur,</strong></span> <span class='ocrx_word' id='word_1_189' title='bbox 3378 1352 3609 1406; x_wconf 88' lang='lat' dir='ltr'><strong>idcirco</strong></span> <span class='ocrx_word' id='word_1_190' title='bbox 3642 1350 3813 1403; x_wconf 68' lang='lat' dir='ltr'><strong>Moneo</strong></span> 
     </span>
    </p>
   </div>
   <div class='ocr_carea' id='block_1_29' title="bbox 2065 1440 3811 1519">
    <p class='ocr_par' dir='ltr' id='par_1_29' title="bbox 2065 1440 3811 1519">
     <span class='ocr_line' id='line_1_29' title="bbox 2065 1440 3811 1519; baseline -0.008 -14"><span class='ocrx_word' id='word_1_191' title='bbox 2065 1449 2263 1505; x_wconf 80' lang='lat' dir='ltr'><strong>&#39;biblia</strong></span> <span class='ocrx_word' id='word_1_192' title='bbox 2291 1451 2564 1519; x_wconf 89' lang='lat' dir='ltr'><strong>appellata</strong></span> <span class='ocrx_word' id='word_1_193' title='bbox 2621 1458 2781 1504; x_wconf 89' lang='lat' dir='ltr'><strong>sunt.</strong></span> <span class='ocrx_word' id='word_1_194' title='bbox 2833 1446 2957 1502; x_wconf 77' lang='lat' dir='ltr'><strong>Sed</strong></span> <span class='ocrx_word' id='word_1_195' title='bbox 3004 1446 3150 1499; x_wconf 59' lang='lat' dir='ltr'><strong>haec</strong></span> <span class='ocrx_word' id='word_1_196' title='bbox 3193 1459 3315 1514; x_wconf 85' lang='lat' dir='ltr'><strong>pro</strong></span> <span class='ocrx_word' id='word_1_197' title='bbox 3356 1441 3701 1510; x_wconf 85' lang='lat' dir='ltr'><strong>conjectura</strong></span> <span class='ocrx_word' id='word_1_198' title='bbox 3734 1440 3811 1491; x_wconf 85' lang='lat' dir='ltr'><strong>ha-</strong></span> 
     </span>
    </p>
   </div>
   <div class='ocr_carea' id='block_1_30' title="bbox 2098 1540 2387 1595">
    <p class='ocr_par' dir='ltr' id='par_1_30' title="bbox 2098 1540 2387 1595">
     <span class='ocr_line' id='line_1_30' title="bbox 2098 1540 2387 1595; baseline -0.003 0"><span class='ocrx_word' id='word_1_199' title='bbox 2098 1540 2212 1595; x_wconf 90' lang='lat' dir='ltr'><strong>beri</strong></span> <span class='ocrx_word' id='word_1_200' title='bbox 2243 1542 2387 1594; x_wconf 91' lang='lat' dir='ltr'><strong>volo.</strong></span> 
     </span>
    </p>
   </div>
   <div class='ocr_carea' id='block_1_31' title="bbox 2166 1620 3811 1700">
    <p class='ocr_par' dir='ltr' id='par_1_31' title="bbox 2166 1620 3811 1700">
     <span class='ocr_line' id='line_1_31' title="bbox 2166 1620 3811 1700; baseline -0.006 -16"><span class='ocrx_word' id='word_1_201' title='bbox 2166 1631 2249 1684; x_wconf 86' lang='lat' dir='ltr'><strong>Ad</strong></span> <span class='ocrx_word' id='word_1_202' title='bbox 2288 1620 2631 1700; x_wconf 85' lang='lat' dir='ltr'><strong>postremum</strong></span> <span class='ocrx_word' id='word_1_203' title='bbox 2684 1630 3053 1685; x_wconf 84' lang='lat' dir='ltr'><strong>Vincentius</strong></span> <span class='ocrx_word' id='word_1_204' title='bbox 3097 1623 3576 1681; x_wconf 86' lang='lat' dir='ltr'><strong>Bellovacensis</strong></span> <span class='ocrx_word' id='word_1_205' title='bbox 3619 1622 3811 1691; x_wconf 69' lang='grc' dir='ltr'>δραιιὶ</span> 
     </span>
    </p>
   </div>
   <div class='ocr_carea' id='block_1_32' title="bbox 2099 1715 3812 1792">
    <p class='ocr_par' dir='ltr' id='par_1_32' title="bbox 2099 1715 3812 1792">
     <span class='ocr_line' id='line_1_32' title="bbox 2099 1715 3812 1792; baseline -0.003 -20"><span class='ocrx_word' id='word_1_206' title='bbox 2099 1721 2415 1774; x_wconf 69' lang='lat' dir='ltr'><strong>doctrinam</strong></span> <span class='ocrx_word' id='word_1_207' title='bbox 2451 1722 2581 1776; x_wconf 90' lang='lat' dir='ltr'><strong>libr.</strong></span> <span class='ocrx_word' id='word_1_208' title='bbox 2634 1738 2806 1788; x_wconf 80' lang='lat' dir='ltr'><strong>xvm,</strong></span> <span class='ocrx_word' id='word_1_209' title='bbox 2855 1737 2997 1792; x_wconf 85' lang='lat' dir='ltr'><strong>cap.</strong></span> <span class='ocrx_word' id='word_1_210' title='bbox 3058 1723 3176 1784; x_wconf 74' lang='grc'><strong>45,</strong></span> <span class='ocrx_word' id='word_1_211' title='bbox 3236 1717 3534 1786; x_wconf 83' lang='lat' dir='ltr'><strong>Origenis</strong></span> <span class='ocrx_word' id='word_1_212' title='bbox 3575 1715 3812 1769; x_wconf 80' lang='lat' dir='ltr'><strong>lucubra-</strong></span> 
     </span>
    </p>
   </div>
   <div class='ocr_carea' id='block_1_33' title="bbox 539 1812 3807 1894">
    <p class='ocr_par' dir='ltr' id='par_1_33' title="bbox 539 1812 3807 1894">
     <span class='ocr_line' id='line_1_33' title="bbox 539 1812 3807 1894; baseline -0.004 -13"><span class='ocrx_word' id='word_1_213' title='bbox 539 1828 628 1882; x_wconf 84' lang='lat' dir='ltr'><strong>1x.</strong></span> <span class='ocrx_word' id='word_1_214' title='bbox 664 1828 1029 1882; x_wconf 86' lang='lat' dir='ltr'><strong>Theodorelus</strong></span> <span class='ocrx_word' id='word_1_215' title='bbox 1082 1827 1133 1881; x_wconf 92' lang='lat' dir='ltr'><strong>in</strong></span> <span class='ocrx_word' id='word_1_216' title='bbox 1184 1826 1334 1880; x_wconf 87' lang='lat' dir='ltr'><strong>libris</strong></span> <span class='ocrx_word' id='word_1_217' title='bbox 1372 1826 1749 1880; x_wconf 74' lang='lat' dir='ltr'><strong>ereticarum</strong></span> <span class='ocrx_word' id='word_1_218' title='bbox 1787 1825 1992 1894; x_wconf 77' lang='lat' dir='ltr'><strong>fabula-</strong></span> <span class='ocrx_word' id='word_1_219' title='bbox 2021 1814 2064 1868; x_wconf 85' lang='grc' dir='ltr'>Β</span> <span class='ocrx_word' id='word_1_220' title='bbox 2096 1812 2267 1865; x_wconf 73' lang='lat' dir='ltr'><strong>tiones</strong></span> <span class='ocrx_word' id='word_1_221' title='bbox 2293 1826 2417 1878; x_wconf 76' lang='lat' dir='ltr'><strong>quae</strong></span> <span class='ocrx_word' id='word_1_222' title='bbox 2445 1812 2513 1866; x_wconf 83' lang='lat' dir='ltr'><strong>ad</strong></span> <span class='ocrx_word' id='word_1_223' title='bbox 2538 1826 2638 1865; x_wconf 82' lang='lat' dir='ltr'><strong>sua</strong></span> <span class='ocrx_word' id='word_1_224' title='bbox 2662 1823 3092 1881; x_wconf 73' lang='lat' dir='ltr'><strong>pervenerant</strong></span> <span class='ocrx_word' id='word_1_225' title='bbox 3130 1821 3437 1877; x_wconf 74' lang='lat' dir='ltr'><strong>tempora</strong></span> <span class='ocrx_word' id='word_1_226' title='bbox 3472 1821 3807 1867; x_wconf 81' lang='lat' dir='ltr'><strong>enumerans.</strong></span> 
     </span>
    </p>
   </div>
   <div class='ocr_carea' id='block_1_34' title="bbox 471 1916 1997 1989">
    <p class='ocr_par' dir='ltr' id='par_1_34' title="bbox 471 1916 1997 1989">
     <span class='ocr_line' id='line_1_34' title="bbox 471 1916 1997 1989; baseline -0.001 -19"><span class='ocrx_word' id='word_1_227' title='bbox 471 1916 900 1989; x_wconf 70' lang='lat' dir='ltr'><strong>rum&#39;Origenem</strong></span> <span class='ocrx_word' id='word_1_228' title='bbox 944 1932 1083 1985; x_wconf 66' lang='lat' dir='ltr'><strong>saepe</strong></span> <span class='ocrx_word' id='word_1_229' title='bbox 1121 1916 1334 1985; x_wconf 81' lang='lat' dir='ltr'><strong>allegat,</strong></span> <span class='ocrx_word' id='word_1_230' title='bbox 1372 1925 1424 1969; x_wconf 92' lang='lat' dir='ltr'><strong>et</strong></span> <span class='ocrx_word' id='word_1_231' title='bbox 1461 1916 1621 1970; x_wconf 89' lang='lat' dir='ltr'><strong>libros</strong></span> <span class='ocrx_word' id='word_1_232' title='bbox 1652 1916 1812 1983; x_wconf 88' lang='lat' dir='ltr'><strong>ipsius</strong></span> <span class='ocrx_word' id='word_1_233' title='bbox 1840 1916 1891 1969; x_wconf 92' lang='lat' dir='ltr'><strong>in</strong></span> <span class='ocrx_word' id='word_1_234' title='bbox 1919 1926 1997 1969; x_wconf 91' lang='lat' dir='ltr'><strong>te-</strong></span> 
     </span>
    </p>
   </div>
   <div class='ocr_carea' id='block_1_35' title="bbox 472 2004 1992 2072">
    <p class='ocr_par' dir='ltr' id='par_1_35' title="bbox 472 2004 1992 2072">
     <span class='ocr_line' id='line_1_35' title="bbox 472 2004 1992 2072; baseline -0.003 -12"><span class='ocrx_word' id='word_1_235' title='bbox 472 2008 775 2060; x_wconf 90' lang='lat' dir='ltr'><strong>stimonium</strong></span> <span class='ocrx_word' id='word_1_236' title='bbox 822 2006 1054 2060; x_wconf 89' lang='lat' dir='ltr'><strong>adducit.</strong></span> <span class='ocrx_word' id='word_1_237' title='bbox 1090 2005 1249 2059; x_wconf 85' lang='lat' dir='ltr'><strong>Libro</strong></span> <span class='ocrx_word' id='word_1_238' title='bbox 1293 2005 1505 2072; x_wconf 90' lang='lat' dir='ltr'><strong>quidem</strong></span> <span class='ocrx_word' id='word_1_239' title='bbox 1555 2004 1733 2071; x_wconf 89' lang='lat' dir='ltr'><strong>priore</strong></span> <span class='ocrx_word' id='word_1_240' title='bbox 1762 2018 1881 2072; x_wconf 87' lang='lat' dir='ltr'><strong>cap.</strong></span> <span class='ocrx_word' id='word_1_241' title='bbox 1938 2004 1992 2068; x_wconf 73' lang='lat'><strong>2,</strong></span> 
     </span>
    </p>
   </div>
   <div class='ocr_carea' id='block_1_36' title="bbox 470 2094 1993 2163">
    <p class='ocr_par' dir='ltr' id='par_1_36' title="bbox 470 2094 1993 2163">
     <span class='ocr_line' id='line_1_36' title="bbox 470 2094 1993 2163; baseline -0.001 -14"><span class='ocrx_word' id='word_1_242' title='bbox 470 2097 745 2163; x_wconf 88' lang='lat' dir='ltr'><strong>scripsisse</strong></span> <span class='ocrx_word' id='word_1_243' title='bbox 775 2110 895 2149; x_wconf 89' lang='lat' dir='ltr'><strong>eum</strong></span> <span class='ocrx_word' id='word_1_244' title='bbox 913 2095 987 2148; x_wconf 88' lang='lat' dir='ltr'><strong>ait</strong></span> <span class='ocrx_word' id='word_1_245' title='bbox 1008 2095 1262 2150; x_wconf 86' lang='lat' dir='ltr'><strong>adversus</strong></span> <span class='ocrx_word' id='word_1_246' title='bbox 1286 2094 1627 2149; x_wconf 76' lang='lat' dir='ltr'><strong>Menandrum</strong></span> <span class='ocrx_word' id='word_1_247' title='bbox 1653 2094 1993 2162; x_wconf 70' lang='lat' dir='ltr'><strong>hmreticum;</strong></span> 
     </span>
    </p>
   </div>
   <div class='ocr_carea' id='block_1_37' title="bbox 464 2184 1995 2254">
    <p class='ocr_par' dir='ltr' id='par_1_37' title="bbox 464 2184 1995 2254">
     <span class='ocr_line' id='line_1_37' title="bbox 464 2184 1995 2254; baseline -0.001 -15"><span class='ocrx_word' id='word_1_248' title='bbox 464 2195 523 2239; x_wconf 89' lang='lat' dir='ltr'><strong>et</strong></span> <span class='ocrx_word' id='word_1_249' title='bbox 547 2185 716 2254; x_wconf 88' lang='lat' dir='ltr'><strong>capite</strong></span> <span class='ocrx_word' id='word_1_250' title='bbox 743 2184 775 2237; x_wconf 73' lang='grc'>4</span> <span class='ocrx_word' id='word_1_251' title='bbox 801 2187 1053 2239; x_wconf 89' lang='lat' dir='ltr'><strong>adversus</strong></span> <span class='ocrx_word' id='word_1_252' title='bbox 1080 2185 1361 2239; x_wconf 87' lang='lat' dir='ltr'><strong>Basilidem</strong></span> <span class='ocrx_word' id='word_1_253' title='bbox 1393 2195 1448 2239; x_wconf 89' lang='lat' dir='ltr'><strong>et</strong></span> <span class='ocrx_word' id='word_1_254' title='bbox 1472 2185 1765 2248; x_wconf 86' lang='lat' dir='ltr'><strong>lsidorum;</strong></span> <span class='ocrx_word' id='word_1_255' title='bbox 1799 2193 1854 2238; x_wconf 91' lang='lat' dir='ltr'><strong>et</strong></span> <span class='ocrx_word' id='word_1_256' title='bbox 1906 2198 1995 2238; x_wconf 82' lang='lat' dir='ltr'><strong>ca-</strong></span> 
     </span>
    </p>
   </div>
   <div class='ocr_carea' id='block_1_38' title="bbox 470 2270 1995 2342">
    <p class='ocr_par' dir='ltr' id='par_1_38' title="bbox 470 2270 1995 2342">
     <span class='ocr_line' id='line_1_38' title="bbox 470 2270 1995 2342; baseline 0.001 -18"><span class='ocrx_word' id='word_1_257' title='bbox 470 2274 575 2342; x_wconf 90' lang='lat' dir='ltr'><strong>pite</strong></span> <span class='ocrx_word' id='word_1_258' title='bbox 599 2273 628 2323; x_wconf 88' lang='lat' dir='ltr'><strong>&#39;l</strong></span> <span class='ocrx_word' id='word_1_259' title='bbox 665 2273 916 2326; x_wconf 76' lang='lat' dir='ltr'><strong>adversus</strong></span> <span class='ocrx_word' id='word_1_260' title='bbox 946 2270 1307 2336; x_wconf 76' lang='lat' dir='ltr'><strong>Helcesaitas,</strong></span> <span class='ocrx_word' id='word_1_261' title='bbox 1342 2282 1395 2325; x_wconf 91' lang='lat' dir='ltr'><strong>et</strong></span> <span class='ocrx_word' id='word_1_262' title='bbox 1422 2272 1595 2340; x_wconf 91' lang='lat' dir='ltr'><strong>capite</strong></span> <span class='ocrx_word' id='word_1_263' title='bbox 1619 2270 1704 2334; x_wconf 86' lang='lat' dir='ltr'><strong>l9,</strong></span> <span class='ocrx_word' id='word_1_264' title='bbox 1741 2270 1995 2325; x_wconf 87' lang='lat' dir='ltr'><strong>adversus</strong></span> 
     </span>
    </p>
   </div>
   <div class='ocr_carea' id='block_1_39' title="bbox 469 2359 1995 2429">
    <p class='ocr_par' dir='ltr' id='par_1_39' title="bbox 469 2359 1995 2429">
     <span class='ocr_line' id='line_1_39' title="bbox 469 2359 1995 2429; baseline -0.001 -14"><span class='ocrx_word' id='word_1_265' title='bbox 469 2362 848 2429; x_wconf 75' lang='lat' dir='ltr'><strong>Hermogenem</strong></span> <span class='ocrx_word' id='word_1_266' title='bbox 878 2370 931 2414; x_wconf 91' lang='lat' dir='ltr'><strong>et</strong></span> <span class='ocrx_word' id='word_1_267' title='bbox 949 2359 1315 2423; x_wconf 82' lang='lat' dir='ltr'><strong>Valentinum;</strong></span> <span class='ocrx_word' id='word_1_268' title='bbox 1351 2370 1405 2413; x_wconf 90' lang='lat' dir='ltr'><strong>et</strong></span> <span class='ocrx_word' id='word_1_269' title='bbox 1421 2359 1591 2428; x_wconf 77' lang='lat' dir='ltr'><strong>capite</strong></span> <span class='ocrx_word' id='word_1_270' title='bbox 1619 2359 1711 2421; x_wconf 69' lang='lat' dir='ltr'><strong>2i,</strong></span> <span class='ocrx_word' id='word_1_271' title='bbox 1742 2359 1995 2413; x_wconf 89' lang='lat' dir='ltr'><strong>adversus</strong></span> 
     </span>
    </p>
   </div>
   <div class='ocr_carea' id='block_1_40' title="bbox 468 2447 1995 2518">
    <p class='ocr_par' dir='ltr' id='par_1_40' title="bbox 468 2447 1995 2518">
     <span class='ocr_line' id='line_1_40' title="bbox 468 2447 1995 2518; baseline -0.001 -14"><span class='ocrx_word' id='word_1_272' title='bbox 468 2451 754 2515; x_wconf 88' lang='lat' dir='ltr'><strong>Severum;</strong></span> <span class='ocrx_word' id='word_1_273' title='bbox 784 2460 836 2502; x_wconf 91' lang='lat' dir='ltr'><strong>et</strong></span> <span class='ocrx_word' id='word_1_274' title='bbox 866 2449 1034 2518; x_wconf 83' lang='lat' dir='ltr'><strong>capite</strong></span> <span class='ocrx_word' id='word_1_275' title='bbox 1064 2448 1154 2512; x_wconf 70' lang='lat'><strong>25,</strong></span> <span class='ocrx_word' id='word_1_276' title='bbox 1196 2449 1448 2502; x_wconf 82' lang='lat' dir='ltr'><strong>adversus</strong></span> <span class='ocrx_word' id='word_1_277' title='bbox 1469 2447 1702 2516; x_wconf 85' lang='lat' dir='ltr'><strong>Apellem</strong></span> <span class='ocrx_word' id='word_1_278' title='bbox 1733 2464 1747 2500; x_wconf 92' lang='lat'><strong>:</strong></span> <span class='ocrx_word' id='word_1_279' title='bbox 1778 2456 1831 2501; x_wconf 92' lang='lat' dir='ltr'><strong>et</strong></span> <span class='ocrx_word' id='word_1_280' title='bbox 1860 2447 1995 2503; x_wconf 91' lang='lat' dir='ltr'><strong>libro</strong></span> 
     </span>
    </p>
   </div>
   <div class='ocr_carea' id='block_1_41' title="bbox 463 2536 1995 2606">
    <p class='ocr_par' dir='ltr' id='par_1_41' title="bbox 463 2536 1995 2606">
     <span class='ocr_line' id='line_1_41' title="bbox 463 2536 1995 2606; baseline -0.001 -14"><span class='ocrx_word' id='word_1_281' title='bbox 463 2555 520 2601; x_wconf 77' lang='grc' dir='ltr'><strong>ιι,</strong></span> <span class='ocrx_word' id='word_1_282' title='bbox 542 2539 719 2606; x_wconf 78' lang='lat' dir='ltr'><strong>capite</strong></span> <span class='ocrx_word' id='word_1_283' title='bbox 746 2538 810 2600; x_wconf 73' lang='grc'><strong>2.</strong></span> <span class='ocrx_word' id='word_1_284' title='bbox 843 2539 1094 2594; x_wconf 87' lang='lat' dir='ltr'><strong>adversus</strong></span> <span class='ocrx_word' id='word_1_285' title='bbox 1128 2539 1368 2593; x_wconf 65' lang='lat' dir='ltr'><strong>haeresim</strong></span> <span class='ocrx_word' id='word_1_286' title='bbox 1400 2536 1773 2591; x_wconf 53' lang='lat' dir='ltr'><strong>Nazareorum</strong></span> <span class='ocrx_word' id='word_1_287' title='bbox 1805 2554 1818 2590; x_wconf 90' lang='lat'><strong>:</strong></span> <span class='ocrx_word' id='word_1_288' title='bbox 1853 2546 1907 2591; x_wconf 90' lang='lat' dir='ltr'><strong>et</strong></span> <span class='ocrx_word' id='word_1_289' title='bbox 1932 2536 1995 2591; x_wconf 87' lang='lat' dir='ltr'><strong>li-</strong></span> 
     </span>
    </p>
   </div>
   <div class='ocr_carea' id='block_1_42' title="bbox 464 2622 1993 2693">
    <p class='ocr_par' dir='ltr' id='par_1_42' title="bbox 464 2622 1993 2693">
     <span class='ocr_line' id='line_1_42' title="bbox 464 2622 1993 2693; baseline -0.002 -13"><span class='ocrx_word' id='word_1_290' title='bbox 464 2628 563 2680; x_wconf 87' lang='lat' dir='ltr'><strong>bro</strong></span> <span class='ocrx_word' id='word_1_291' title='bbox 587 2640 650 2679; x_wconf 73' lang='lat' dir='ltr'><strong>in</strong></span> <span class='ocrx_word' id='word_1_292' title='bbox 678 2664 694 2689; x_wconf 94' lang='lat'><strong>,</strong></span> <span class='ocrx_word' id='word_1_293' title='bbox 724 2626 893 2693; x_wconf 89' lang='lat' dir='ltr'><strong>capite</strong></span> <span class='ocrx_word' id='word_1_294' title='bbox 920 2625 984 2689; x_wconf 70' lang='grc'><strong>1,,</strong></span> <span class='ocrx_word' id='word_1_295' title='bbox 1012 2627 1264 2679; x_wconf 84' lang='lat' dir='ltr'><strong>adversus</strong></span> <span class='ocrx_word' id='word_1_296' title='bbox 1316 2624 1621 2678; x_wconf 83' lang='lat' dir='ltr'><strong>Nicolaitas.</strong></span> <span class='ocrx_word' id='word_1_297' title='bbox 1671 2622 1833 2678; x_wconf 91' lang='lat' dir='ltr'><strong>Libro</strong></span> <span class='ocrx_word' id='word_1_298' title='bbox 1868 2638 1993 2677; x_wconf 86' lang='lat' dir='ltr'><strong>vero</strong></span> 
     </span>
    </p>
   </div>
   <div class='ocr_carea' id='block_1_43' title="bbox 466 2713 1994 2782">
    <p class='ocr_par' dir='ltr' id='par_1_43' title="bbox 466 2713 1994 2782">
     <span class='ocr_line' id='line_1_43' title="bbox 466 2713 1994 2782; baseline -0.001 -15"><span class='ocrx_word' id='word_1_299' title='bbox 466 2715 720 2776; x_wconf 87' lang='lat' dir='ltr'><strong>secundo.</strong></span> <span class='ocrx_word' id='word_1_300' title='bbox 748 2714 921 2782; x_wconf 86' lang='lat' dir='ltr'><strong>capite</strong></span> <span class='ocrx_word' id='word_1_301' title='bbox 948 2714 1009 2778; x_wconf 86' lang='lat'><strong>5,</strong></span> <span class='ocrx_word' id='word_1_302' title='bbox 1048 2715 1205 2768; x_wconf 90' lang='lat' dir='ltr'><strong>tradit</strong></span> <span class='ocrx_word' id='word_1_303' title='bbox 1244 2714 1461 2781; x_wconf 76' lang='lat' dir='ltr'><strong>Origeni</strong></span> <span class='ocrx_word' id='word_1_304' title='bbox 1493 2714 1727 2767; x_wconf 89' lang='lat' dir='ltr'><strong>tribuere</strong></span> <span class='ocrx_word' id='word_1_305' title='bbox 1774 2713 1994 2766; x_wconf 86' lang='lat' dir='ltr'><strong>nonnul-</strong></span> 
     </span>
    </p>
   </div>
   <div class='ocr_carea' id='block_1_44' title="bbox 458 2801 1996 2872">
    <p class='ocr_par' dir='ltr' id='par_1_44' title="bbox 458 2801 1996 2872">
     <span class='ocr_line' id='line_1_44' title="bbox 458 2801 1996 2872; baseline 0.001 -18"><span class='ocrx_word' id='word_1_306' title='bbox 458 2804 544 2857; x_wconf 39' lang='lat' dir='ltr'><strong>rlos</strong></span> <span class='ocrx_word' id='word_1_307' title='bbox 570 2801 796 2856; x_wconf 83' lang='lat' dir='ltr'><strong>Parvum</strong></span> <span class='ocrx_word' id='word_1_308' title='bbox 837 2802 1220 2871; x_wconf 79' lang='lat' dir='ltr'><strong>labyrinthum,</strong></span> <span class='ocrx_word' id='word_1_309' title='bbox 1270 2804 1358 2872; x_wconf 89' lang='lat' dir='ltr'><strong>qui</strong></span> <span class='ocrx_word' id='word_1_310' title='bbox 1389 2804 1520 2856; x_wconf 88' lang='lat' dir='ltr'><strong>liber</strong></span> <span class='ocrx_word' id='word_1_311' title='bbox 1541 2804 1796 2858; x_wconf 89' lang='lat' dir='ltr'><strong>adversus</strong></span> <span class='ocrx_word' id='word_1_312' title='bbox 1822 2802 1996 2856; x_wconf 87' lang='lat' dir='ltr'><strong>Theo-</strong></span> 
     </span>
    </p>
   </div>
   <div class='ocr_carea' id='block_1_45' title="bbox 464 2890 1990 2961">
    <p class='ocr_par' dir='ltr' id='par_1_45' title="bbox 464 2890 1990 2961">
     <span class='ocr_line' id='line_1_45' title="bbox 464 2890 1990 2961; baseline 0 -15"><span class='ocrx_word' id='word_1_313' title='bbox 464 2893 646 2946; x_wconf 89' lang='lat' dir='ltr'><strong>d0tum</strong></span> <span class='ocrx_word' id='word_1_314' title='bbox 679 2892 983 2947; x_wconf 72' lang='lat' dir='ltr'><strong>haereticum</strong></span> <span class='ocrx_word' id='word_1_315' title='bbox 1013 2894 1241 2961; x_wconf 87' lang='lat' dir='ltr'><strong>scriptus</strong></span> <span class='ocrx_word' id='word_1_316' title='bbox 1268 2902 1368 2947; x_wconf 89' lang='lat' dir='ltr'><strong>est.</strong></span> <span class='ocrx_word' id='word_1_317' title='bbox 1414 2890 1743 2960; x_wconf 83' lang='lat' dir='ltr'><strong>Nicephorus</strong></span> <span class='ocrx_word' id='word_1_318' title='bbox 1777 2907 1990 2961; x_wconf 91' lang='lat' dir='ltr'><strong>quoque</strong></span> 
     </span>
    </p>
   </div>
   <div class='ocr_carea' id='block_1_46' title="bbox 458 2968 1996 3051">
    <p class='ocr_par' dir='ltr' id='par_1_46' title="bbox 458 2968 1996 3051">
     <span class='ocr_line' id='line_1_46' title="bbox 458 2968 1996 3051; baseline 0.001 -17"><span class='ocrx_word' id='word_1_319' title='bbox 458 2981 599 3035; x_wconf 72' lang='lat' dir='ltr'><strong>libro</strong></span> <span class='ocrx_word' id='word_1_320' title='bbox 625 2998 678 3043; x_wconf 86' lang='lat' dir='ltr'><strong>x,</strong></span> <span class='ocrx_word' id='word_1_321' title='bbox 706 2968 823 3050; x_wconf 84' lang='lat' dir='ltr'><strong>cap.</strong></span> <span class='ocrx_word' id='word_1_322' title='bbox 848 2982 940 3045; x_wconf 80' lang='lat'><strong>56,</strong></span> <span class='ocrx_word' id='word_1_323' title='bbox 985 2981 1269 3049; x_wconf 87' lang='lat' dir='ltr'><strong>Origenem</strong></span> <span class='ocrx_word' id='word_1_324' title='bbox 1307 2991 1526 3035; x_wconf 83' lang='lat' dir='ltr'><strong>testatur</strong></span> <span class='ocrx_word' id='word_1_325' title='bbox 1559 2982 1773 3051; x_wconf 89' lang='lat' dir='ltr'><strong>scriptis</strong></span> <span class='ocrx_word' id='word_1_326' title='bbox 1806 2982 1996 3036; x_wconf 89' lang='lat' dir='ltr'><strong>libellis</strong></span> 
     </span>
    </p>
   </div>
   <div class='ocr_carea' id='block_1_47' title="bbox 460 3066 1998 3142">
    <p class='ocr_par' dir='ltr' id='par_1_47' title="bbox 460 3066 1998 3142">
     <span class='ocr_line' id='line_1_47' title="bbox 460 3066 1998 3142; baseline 0.003 -22"><span class='ocrx_word' id='word_1_327' title='bbox 460 3066 758 3122; x_wconf 84' lang='lat' dir='ltr'><strong>luculenter</strong></span> <span class='ocrx_word' id='word_1_328' title='bbox 784 3069 1042 3123; x_wconf 80' lang='lat' dir='ltr'><strong>rel’ellisse</strong></span> <span class='ocrx_word' id='word_1_329' title='bbox 1071 3069 1370 3123; x_wconf 83' lang='lat' dir='ltr'><strong>Marcellum</strong></span> <span class='ocrx_word' id='word_1_330' title='bbox 1400 3070 1637 3126; x_wconf 87' lang='lat' dir='ltr'><strong>Galatam</strong></span> <span class='ocrx_word' id='word_1_331' title='bbox 1684 3082 1739 3127; x_wconf 91' lang='lat' dir='ltr'><strong>et</strong></span> <span class='ocrx_word' id='word_1_332' title='bbox 1768 3072 1998 3142; x_wconf 82' lang='lat' dir='ltr'><strong>Porphy-</strong></span> 
     </span>
    </p>
   </div>
   <div class='ocr_carea' id='block_1_48' title="bbox 459 3158 1984 3228">
    <p class='ocr_par' dir='ltr' id='par_1_48' title="bbox 459 3158 1984 3228">
     <span class='ocr_line' id='line_1_48' title="bbox 459 3158 1984 3228; baseline 0.005 -19"><span class='ocrx_word' id='word_1_333' title='bbox 459 3158 636 3221; x_wconf 82' lang='lat' dir='ltr'><strong>rium;</strong></span> <span class='ocrx_word' id='word_1_334' title='bbox 674 3160 841 3225; x_wconf 89' lang='lat' dir='ltr'><strong>iisque</strong></span> <span class='ocrx_word' id='word_1_335' title='bbox 866 3158 1016 3212; x_wconf 87' lang='lat' dir='ltr'><strong>libris</strong></span> <span class='ocrx_word' id='word_1_336' title='bbox 1040 3159 1089 3211; x_wconf 93' lang='lat' dir='ltr'><strong>id</strong></span> <span class='ocrx_word' id='word_1_337' title='bbox 1119 3161 1330 3228; x_wconf 90' lang='lat' dir='ltr'><strong>assequi</strong></span> <span class='ocrx_word' id='word_1_338' title='bbox 1358 3171 1601 3213; x_wconf 88' lang='lat' dir='ltr'><strong>conatum</strong></span> <span class='ocrx_word' id='word_1_339' title='bbox 1627 3177 1768 3225; x_wconf 85' lang='lat' dir='ltr'><strong>esse,</strong></span> <span class='ocrx_word' id='word_1_340' title='bbox 1803 3172 1858 3215; x_wconf 93' lang='lat' dir='ltr'><strong>ut</strong></span> <span class='ocrx_word' id='word_1_341' title='bbox 1893 3165 1984 3217; x_wconf 84' lang='lat' dir='ltr'><strong>ob-</strong></span> 
     </span>
    </p>
   </div>
   <div class='ocr_carea' id='block_1_49' title="bbox 462 3248 1996 3319">
    <p class='ocr_par' dir='ltr' id='par_1_49' title="bbox 462 3248 1996 3319">
     <span class='ocr_line' id='line_1_49' title="bbox 462 3248 1996 3319; baseline 0.004 -17"><span class='ocrx_word' id='word_1_342' title='bbox 462 3250 602 3302; x_wconf 86' lang='lat' dir='ltr'><strong>scuri</strong></span> <span class='ocrx_word' id='word_1_343' title='bbox 632 3260 684 3300; x_wconf 88' lang='lat' dir='ltr'><strong>et</strong></span> <span class='ocrx_word' id='word_1_344' title='bbox 708 3248 932 3302; x_wconf 85' lang='lat' dir='ltr'><strong>intricati</strong></span> <span class='ocrx_word' id='word_1_345' title='bbox 964 3250 1247 3317; x_wconf 69' lang='lat' dir='ltr'><strong>Scriptura:</strong></span> <span class='ocrx_word' id='word_1_346' title='bbox 1287 3250 1386 3304; x_wconf 90' lang='lat' dir='ltr'><strong>loci</strong></span> <span class='ocrx_word' id='word_1_347' title='bbox 1411 3291 1426 3316; x_wconf 92' lang='lat'><strong>,</strong></span> <span class='ocrx_word' id='word_1_348' title='bbox 1457 3252 1645 3319; x_wconf 90' lang='lat' dir='ltr'><strong>quibus</strong></span> <span class='ocrx_word' id='word_1_349' title='bbox 1676 3253 1823 3306; x_wconf 90' lang='lat' dir='ltr'><strong>abuti</strong></span> <span class='ocrx_word' id='word_1_350' title='bbox 1854 3254 1996 3308; x_wconf 86' lang='lat' dir='ltr'><strong>sole-</strong></span> 
     </span>
    </p>
   </div>
   <div class='ocr_carea' id='block_1_50' title="bbox 460 3332 1992 3397">
    <p class='ocr_par' dir='ltr' id='par_1_50' title="bbox 460 3332 1992 3397">
     <span class='ocr_line' id='line_1_50' title="bbox 460 3332 1992 3397; baseline 0.006 -11"><span class='ocrx_word' id='word_1_351' title='bbox 460 3332 587 3386; x_wconf 87' lang='lat' dir='ltr'><strong>bant</strong></span> <span class='ocrx_word' id='word_1_352' title='bbox 606 3336 857 3397; x_wconf 75' lang='lat' dir='ltr'><strong>haeretici,</strong></span> <span class='ocrx_word' id='word_1_353' title='bbox 884 3336 949 3389; x_wconf 91' lang='lat' dir='ltr'><strong>ad</strong></span> <span class='ocrx_word' id='word_1_354' title='bbox 984 3350 1160 3389; x_wconf 88' lang='lat' dir='ltr'><strong>verum</strong></span> <span class='ocrx_word' id='word_1_355' title='bbox 1189 3353 1399 3391; x_wconf 88' lang='lat' dir='ltr'><strong>sensum</strong></span> <span class='ocrx_word' id='word_1_356' title='bbox 1425 3338 1847 3394; x_wconf 84' lang='lat' dir='ltr'><strong>deﬂecterentur.</strong></span> <span class='ocrx_word' id='word_1_357' title='bbox 1879 3340 1992 3395; x_wconf 87' lang='lat' dir='ltr'><strong>Non</strong></span> 
     </span>
    </p>
   </div>
   <div class='ocr_carea' id='block_1_51' title="bbox 461 3422 1995 3489">
    <p class='ocr_par' dir='ltr' id='par_1_51' title="bbox 461 3422 1995 3489">
     <span class='ocr_line' id='line_1_51' title="bbox 461 3422 1995 3489; baseline 0.008 -14"><span class='ocrx_word' id='word_1_358' title='bbox 461 3422 703 3489; x_wconf 90' lang='lat' dir='ltr'><strong>equidem</strong></span> <span class='ocrx_word' id='word_1_359' title='bbox 739 3425 1052 3477; x_wconf 87' lang='lat' dir='ltr'><strong>crediderim</strong></span> <span class='ocrx_word' id='word_1_360' title='bbox 1094 3427 1307 3480; x_wconf 88' lang='lat' dir='ltr'><strong>totidem</strong></span> <span class='ocrx_word' id='word_1_361' title='bbox 1338 3427 1501 3480; x_wconf 89' lang='lat' dir='ltr'><strong>libros</strong></span> <span class='ocrx_word' id='word_1_362' title='bbox 1524 3427 1865 3485; x_wconf 83' lang='lat' dir='ltr'><strong>conl‘utandis</strong></span> <span class='ocrx_word' id='word_1_363' title='bbox 1894 3433 1995 3487; x_wconf 63' lang='lat' dir='ltr'><strong>bte-</strong></span> 
     </span>
    </p>
   </div>
   <div class='ocr_carea' id='block_1_52' title="bbox 462 3510 2084 3584">
    <p class='ocr_par' dir='ltr' id='par_1_52' title="bbox 462 3510 2084 3584">
     <span class='ocr_line' id='line_1_52' title="bbox 462 3510 2084 3584; baseline 0.011 -25"><span class='ocrx_word' id='word_1_364' title='bbox 462 3510 644 3563; x_wconf 89' lang='lat' dir='ltr'><strong>reticis</strong></span> <span class='ocrx_word' id='word_1_365' title='bbox 677 3512 915 3565; x_wconf 85' lang='lat' dir='ltr'><strong>emisisse</strong></span> <span class='ocrx_word' id='word_1_366' title='bbox 957 3510 1239 3579; x_wconf 79' lang='lat' dir='ltr'><strong>Origenem</strong></span> <span class='ocrx_word' id='word_1_367' title='bbox 1264 3553 1279 3579; x_wconf 91' lang='lat'><strong>,</strong></span> <span class='ocrx_word' id='word_1_368' title='bbox 1325 3524 1456 3584; x_wconf 90' lang='lat' dir='ltr'><strong>quot</strong></span> <span class='ocrx_word' id='word_1_369' title='bbox 1503 3516 1779 3572; x_wconf 71' lang='lat' dir='ltr'><strong>haereticos</strong></span> <span class='ocrx_word' id='word_1_370' title='bbox 1818 3520 1886 3573; x_wconf 87' lang='lat' dir='ltr'><strong>ab</strong></span> <span class='ocrx_word' id='word_1_371' title='bbox 1929 3537 1994 3576; x_wconf 91' lang='lat' dir='ltr'><strong>eo</strong></span> <span class='ocrx_word' id='word_1_372' title='bbox 2066 3540 2084 3559; x_wconf 80' lang='grc' dir='ltr'><strong><em>ο</em></strong></span> 
     </span>
    </p>
   </div>
   <div class='ocr_carea' id='block_1_53' title="bbox 462 3597 1993 3674">
    <p class='ocr_par' dir='ltr' id='par_1_53' title="bbox 462 3597 1993 3674">
     <span class='ocr_line' id='line_1_53' title="bbox 462 3597 1993 3674; baseline 0.012 -27"><span class='ocrx_word' id='word_1_373' title='bbox 462 3597 761 3651; x_wconf 82' lang='lat' dir='ltr'><strong>confutatos</strong></span> <span class='ocrx_word' id='word_1_374' title='bbox 809 3609 993 3653; x_wconf 86' lang='lat' dir='ltr'><strong>narrat</strong></span> <span class='ocrx_word' id='word_1_375' title='bbox 1046 3600 1446 3669; x_wconf 86' lang='lat' dir='ltr'><strong>Theodoretus;</strong></span> <span class='ocrx_word' id='word_1_376' title='bbox 1498 3607 1588 3658; x_wconf 89' lang='lat' dir='ltr'><strong>sed</strong></span> <span class='ocrx_word' id='word_1_377' title='bbox 1640 3606 1899 3674; x_wconf 90' lang='lat' dir='ltr'><strong>plurimos</strong></span> <span class='ocrx_word' id='word_1_378' title='bbox 1924 3626 1993 3665; x_wconf 76' lang='lat' dir='ltr'><strong>ex</strong></span> 
     </span>
    </p>
   </div>
   <div class='ocr_carea' id='block_1_54' title="bbox 458 3685 1994 3763">
    <p class='ocr_par' dir='ltr' id='par_1_54' title="bbox 458 3685 1994 3763">
     <span class='ocr_line' id='line_1_54' title="bbox 458 3685 1994 3763; baseline 0.012 -26"><span class='ocrx_word' id='word_1_379' title='bbox 458 3685 568 3738; x_wconf 82' lang='lat' dir='ltr'><strong>illis</strong></span> <span class='ocrx_word' id='word_1_380' title='bbox 609 3687 661 3739; x_wconf 92' lang='lat' dir='ltr'><strong>in</strong></span> <span class='ocrx_word' id='word_1_381' title='bbox 697 3686 918 3742; x_wconf 89' lang='lat' dir='ltr'><strong>alterius</strong></span> <span class='ocrx_word' id='word_1_382' title='bbox 942 3693 1239 3760; x_wconf 78' lang='lat' dir='ltr'><strong>argumenti</strong></span> <span class='ocrx_word' id='word_1_383' title='bbox 1290 3694 1664 3763; x_wconf 89' lang='lat' dir='ltr'><strong>scriptionibus</strong></span> <span class='ocrx_word' id='word_1_384' title='bbox 1700 3697 1874 3752; x_wconf 88' lang='lat' dir='ltr'><strong>obiter</strong></span> <span class='ocrx_word' id='word_1_385' title='bbox 1925 3701 1994 3756; x_wconf 89' lang='lat' dir='ltr'><strong>ab</strong></span> 
     </span>
    </p>
   </div>
   <div class='ocr_carea' id='block_1_55' title="bbox 456 3774 1993 3851">
    <p class='ocr_par' dir='ltr' id='par_1_55' title="bbox 456 3774 1993 3851">
     <span class='ocr_line' id='line_1_55' title="bbox 456 3774 1993 3851; baseline 0.009 -22"><span class='ocrx_word' id='word_1_386' title='bbox 456 3774 692 3843; x_wconf 78' lang='lat' dir='ltr'><strong>Origene</strong></span> <span class='ocrx_word' id='word_1_387' title='bbox 724 3780 1033 3843; x_wconf 89' lang='lat' dir='ltr'><strong>perstrictos</strong></span> <span class='ocrx_word' id='word_1_388' title='bbox 1072 3781 1353 3847; x_wconf 81' lang='lat' dir='ltr'><strong>existimo;</strong></span> <span class='ocrx_word' id='word_1_389' title='bbox 1401 3784 1844 3851; x_wconf 89' lang='lat' dir='ltr'><strong>quemadmodum</strong></span> <span class='ocrx_word' id='word_1_390' title='bbox 1894 3789 1993 3844; x_wconf 85' lang='lat' dir='ltr'><strong>He-</strong></span> 
     </span>
    </p>
   </div>
   <div class='ocr_carea' id='block_1_56' title="bbox 459 3865 1990 3945">
    <p class='ocr_par' dir='ltr' id='par_1_56' title="bbox 459 3865 1990 3945">
     <span class='ocr_line' id='line_1_56' title="bbox 459 3865 1990 3945; baseline 0.013 -29"><span class='ocrx_word' id='word_1_391' title='bbox 459 3865 758 3920; x_wconf 84' lang='lat' dir='ltr'><strong>racleouem</strong></span> <span class='ocrx_word' id='word_1_392' title='bbox 782 3868 832 3921; x_wconf 92' lang='lat' dir='ltr'><strong>in</strong></span> <span class='ocrx_word' id='word_1_393' title='bbox 863 3869 1271 3926; x_wconf 86' lang='lat' dir='ltr'><strong>Commentariis</strong></span> <span class='ocrx_word' id='word_1_394' title='bbox 1291 3874 1347 3926; x_wconf 85' lang='lat' dir='ltr'><strong>in</strong></span> <span class='ocrx_word' id='word_1_395' title='bbox 1379 3873 1633 3927; x_wconf 81' lang='lat' dir='ltr'><strong>Joannem</strong></span> <span class='ocrx_word' id='word_1_396' title='bbox 1666 3890 1804 3945; x_wconf 64' lang='lat' dir='ltr'><strong>smpe</strong></span> <span class='ocrx_word' id='word_1_397' title='bbox 1829 3880 1896 3933; x_wconf 90' lang='lat' dir='ltr'><strong>ab</strong></span> <span class='ocrx_word' id='word_1_398' title='bbox 1926 3896 1990 3936; x_wconf 91' lang='lat' dir='ltr'><strong>eo</strong></span> 
     </span>
    </p>
   </div>
   <div class='ocr_carea' id='block_1_57' title="bbox 456 3955 1987 4035">
    <p class='ocr_par' dir='ltr' id='par_1_57' title="bbox 456 3955 1987 4035">
     <span class='ocr_line' id='line_1_57' title="bbox 456 3955 1987 4035; baseline 0.01 -27"><span class='ocrx_word' id='word_1_399' title='bbox 456 3955 762 4025; x_wconf 80' lang='lat' dir='ltr'><strong>sugillatum</strong></span> <span class='ocrx_word' id='word_1_400' title='bbox 796 3959 1060 4024; x_wconf 85' lang='lat' dir='ltr'><strong>videmus,</strong></span> <span class='ocrx_word' id='word_1_401' title='bbox 1114 3972 1168 4015; x_wconf 90' lang='lat' dir='ltr'><strong>et</strong></span> <span class='ocrx_word' id='word_1_402' title='bbox 1223 3964 1415 4031; x_wconf 89' lang='lat' dir='ltr'><strong>ubique</strong></span> <span class='ocrx_word' id='word_1_403' title='bbox 1460 3963 1568 4018; x_wconf 80' lang='lat' dir='ltr'><strong>fere</strong></span> <span class='ocrx_word' id='word_1_404' title='bbox 1615 3964 1987 4035; x_wconf 83' lang='lat' dir='ltr'><strong>Valentinum,</strong></span> 
     </span>
    </p>
   </div>
   <div class='ocr_carea' id='block_1_58' title="bbox 458 4042 1989 4122">
    <p class='ocr_par' dir='ltr' id='par_1_58' title="bbox 458 4042 1989 4122">
     <span class='ocr_line' id='line_1_58' title="bbox 458 4042 1989 4122; baseline 0.01 -25"><span class='ocrx_word' id='word_1_405' title='bbox 458 4042 743 4101; x_wconf 74' lang='lat' dir='ltr'><strong>Basiliden!</strong></span> <span class='ocrx_word' id='word_1_406' title='bbox 795 4058 849 4102; x_wconf 91' lang='lat' dir='ltr'><strong>et</strong></span> <span class='ocrx_word' id='word_1_407' title='bbox 886 4050 1225 4105; x_wconf 87' lang='lat' dir='ltr'><strong>Marcionem.</strong></span> <span class='ocrx_word' id='word_1_408' title='bbox 1256 4054 1323 4106; x_wconf 84' lang='lat' dir='ltr'><strong>At</strong></span> <span class='ocrx_word' id='word_1_409' title='bbox 1362 4054 1567 4122; x_wconf 87' lang='lat' dir='ltr'><strong>aliquos</strong></span> <span class='ocrx_word' id='word_1_410' title='bbox 1606 4065 1777 4110; x_wconf 88' lang='lat' dir='ltr'><strong>tamen</strong></span> <span class='ocrx_word' id='word_1_411' title='bbox 1807 4059 1989 4114; x_wconf 88' lang='lat' dir='ltr'><strong>adver-</strong></span> 
     </span>
    </p>
   </div>
   <div class='ocr_carea' id='block_1_59' title="bbox 456 4139 1987 4212">
    <p class='ocr_par' dir='ltr' id='par_1_59' title="bbox 456 4139 1987 4212">
     <span class='ocr_line' id='line_1_59' title="bbox 456 4139 1987 4212; baseline 0.01 -24"><span class='ocrx_word' id='word_1_412' title='bbox 456 4151 550 4189; x_wconf 85' lang='lat' dir='ltr'><strong>sus</strong></span> <span class='ocrx_word' id='word_1_413' title='bbox 599 4139 870 4195; x_wconf 66' lang='lat' dir='ltr'><strong>haereticos</strong></span> <span class='ocrx_word' id='word_1_414' title='bbox 923 4151 977 4195; x_wconf 90' lang='lat' dir='ltr'><strong>et</strong></span> <span class='ocrx_word' id='word_1_415' title='bbox 1033 4142 1275 4197; x_wconf 88' lang='lat' dir='ltr'><strong>ethnicos</strong></span> <span class='ocrx_word' id='word_1_416' title='bbox 1328 4147 1579 4212; x_wconf 87' lang='lat' dir='ltr'><strong>quosdam</strong></span> <span class='ocrx_word' id='word_1_417' title='bbox 1636 4161 1699 4199; x_wconf 74' lang='lat' dir='ltr'><strong>ex</strong></span> <span class='ocrx_word' id='word_1_418' title='bbox 1747 4149 1987 4205; x_wconf 81' lang='lat' dir='ltr'><strong>instituto</strong></span> 
     </span>
    </p>
   </div>
   <div class='ocr_carea' id='block_1_60' title="bbox 457 4227 1987 4303">
    <p class='ocr_par' dir='ltr' id='par_1_60' title="bbox 457 4227 1987 4303">
     <span class='ocr_line' id='line_1_60' title="bbox 457 4227 1987 4303; baseline 0.01 -26"><span class='ocrx_word' id='word_1_419' title='bbox 457 4227 687 4281; x_wconf 85' lang='lat' dir='ltr'><strong>edidisse</strong></span> <span class='ocrx_word' id='word_1_420' title='bbox 721 4241 920 4283; x_wconf 90' lang='lat' dir='ltr'><strong>certum</strong></span> <span class='ocrx_word' id='word_1_421' title='bbox 957 4242 1038 4285; x_wconf 89' lang='lat' dir='ltr'><strong>est</strong></span> <span class='ocrx_word' id='word_1_422' title='bbox 1070 4251 1085 4298; x_wconf 90' lang='lat'><strong>;</strong></span> <span class='ocrx_word' id='word_1_423' title='bbox 1139 4235 1312 4303; x_wconf 86' lang='lat' dir='ltr'><strong>qualis</strong></span> <span class='ocrx_word' id='word_1_424' title='bbox 1366 4244 1448 4289; x_wconf 90' lang='lat' dir='ltr'><strong>est</strong></span> <span class='ocrx_word' id='word_1_425' title='bbox 1484 4235 1617 4288; x_wconf 89' lang='lat' dir='ltr'><strong>liber</strong></span> <span class='ocrx_word' id='word_1_426' title='bbox 1663 4248 1841 4291; x_wconf 85' lang='lat' dir='ltr'><strong>contra</strong></span> <span class='ocrx_word' id='word_1_427' title='bbox 1872 4238 1987 4293; x_wconf 85' lang='lat' dir='ltr'><strong>Cel-</strong></span> 
     </span>
    </p>
   </div>
   <div class='ocr_carea' id='block_1_61' title="bbox 455 4318 1983 4392">
    <p class='ocr_par' dir='ltr' id='par_1_61' title="bbox 455 4318 1983 4392">
     <span class='ocr_line' id='line_1_61' title="bbox 455 4318 1983 4392; baseline 0.012 -28"><span class='ocrx_word' id='word_1_428' title='bbox 455 4329 603 4377; x_wconf 72' lang='lat' dir='ltr'><strong>sum;</strong></span> <span class='ocrx_word' id='word_1_429' title='bbox 673 4318 845 4384; x_wconf 81' lang='lat' dir='ltr'><strong>qualis</strong></span> <span class='ocrx_word' id='word_1_430' title='bbox 901 4320 997 4374; x_wconf 84' lang='lat' dir='ltr'><strong>fuit</strong></span> <span class='ocrx_word' id='word_1_431' title='bbox 1043 4321 1241 4376; x_wconf 76' lang='lat' dir='ltr'><strong>Parrus</strong></span> <span class='ocrx_word' id='word_1_432' title='bbox 1289 4324 1373 4378; x_wconf 91' lang='lat' dir='ltr'><strong>ille</strong></span> <span class='ocrx_word' id='word_1_433' title='bbox 1419 4324 1741 4392; x_wconf 70' lang='lat' dir='ltr'><strong>labyrinthus</strong></span> <span class='ocrx_word' id='word_1_434' title='bbox 1794 4328 1983 4383; x_wconf 87' lang='lat' dir='ltr'><strong>adver-</strong></span> 
     </span>
    </p>
   </div>
   <div class='ocr_carea' id='block_1_62' title="bbox 457 4400 2057 4495">
    <p class='ocr_par' dir='ltr' id='par_1_62' title="bbox 457 4400 2057 4495">
     <span class='ocr_line' id='line_1_62' title="bbox 457 4400 2057 4495; baseline 0.011 -42"><span class='ocrx_word' id='word_1_435' title='bbox 457 4414 551 4453; x_wconf 81' lang='lat' dir='ltr'><strong>sus</strong></span> <span class='ocrx_word' id='word_1_436' title='bbox 579 4400 944 4473; x_wconf 84' lang='lat' dir='ltr'><strong>Theodotum,</strong></span> <span class='ocrx_word' id='word_1_437' title='bbox 987 4409 1032 4463; x_wconf 89' lang='lat' dir='ltr'><strong>si</strong></span> <span class='ocrx_word' id='word_1_438' title='bbox 1065 4413 1218 4489; x_wconf 81' lang='lat' dir='ltr'><strong>modo</strong></span> <span class='ocrx_word' id='word_1_439' title='bbox 1264 4410 1542 4479; x_wconf 81' lang='lat' dir='ltr'><strong>Origenem</strong></span> <span class='ocrx_word' id='word_1_440' title='bbox 1588 4420 1856 4468; x_wconf 84' lang='lat' dir='ltr'><strong>auctorem</strong></span> <span class='ocrx_word' id='word_1_441' title='bbox 1891 4416 1985 4470; x_wconf 86' lang='lat' dir='ltr'><strong>ha—</strong></span> <span class='ocrx_word' id='word_1_442' title='bbox 2014 4441 2057 4495; x_wconf 74' lang='grc' dir='ltr'>ο</span> 
     </span>
    </p>
   </div>
   <div class='ocr_carea' id='block_1_63' title="bbox 458 4482 1980 4574">
    <p class='ocr_par' dir='ltr' id='par_1_63' title="bbox 458 4482 1980 4574">
     <span class='ocr_line' id='line_1_63' title="bbox 458 4482 1980 4574; baseline 0.007 -22"><span class='ocrx_word' id='word_1_443' title='bbox 458 4499 607 4562; x_wconf 71' lang='lat' dir='ltr'><strong>huit;</strong></span> <span class='ocrx_word' id='word_1_444' title='bbox 635 4500 801 4566; x_wconf 83' lang='lat' dir='ltr'><strong>qualis</strong></span> <span class='ocrx_word' id='word_1_445' title='bbox 830 4498 922 4553; x_wconf 79' lang='lat' dir='ltr'><strong>fuit</strong></span> <span class='ocrx_word' id='word_1_446' title='bbox 958 4482 1275 4554; x_wconf 80' lang='lat' dir='ltr'><strong>Lucubratio</strong></span> <span class='ocrx_word' id='word_1_447' title='bbox 1305 4503 1555 4559; x_wconf 84' lang='lat' dir='ltr'><strong>adversus</strong></span> <span class='ocrx_word' id='word_1_448' title='bbox 1589 4504 1918 4562; x_wconf 84' lang='lat' dir='ltr'><strong>llelcesaitas</strong></span> <span class='ocrx_word' id='word_1_449' title='bbox 1962 4546 1980 4574; x_wconf 94' lang='lat'><strong>,</strong></span> 
     </span>
    </p>
   </div>
   <div class='ocr_carea' id='block_1_64' title="bbox 455 4588 1974 4657">
    <p class='ocr_par' dir='ltr' id='par_1_64' title="bbox 455 4588 1974 4657">
     <span class='ocr_line' id='line_1_64' title="bbox 455 4588 1974 4657; baseline 0.007 -18"><span class='ocrx_word' id='word_1_450' title='bbox 455 4602 594 4657; x_wconf 86' lang='lat' dir='ltr'><strong>quos</strong></span> <span class='ocrx_word' id='word_1_451' title='bbox 624 4588 865 4654; x_wconf 81' lang='lat' dir='ltr'><strong>peculiari</strong></span> <span class='ocrx_word' id='word_1_452' title='bbox 899 4604 1055 4657; x_wconf 91' lang='lat' dir='ltr'><strong>opere</strong></span> <span class='ocrx_word' id='word_1_453' title='bbox 1083 4591 1349 4645; x_wconf 85' lang='lat' dir='ltr'><strong>convictos</strong></span> <span class='ocrx_word' id='word_1_454' title='bbox 1382 4592 1543 4648; x_wconf 83' lang='lat' dir='ltr'><strong>fuisse</strong></span> <span class='ocrx_word' id='word_1_455' title='bbox 1565 4595 1849 4650; x_wconf 86' lang='lat' dir='ltr'><strong>verisimile</strong></span> <span class='ocrx_word' id='word_1_456' title='bbox 1871 4606 1974 4653; x_wconf 88' lang='lat' dir='ltr'><strong>est.</strong></span> 
     </span>
    </p>
   </div>
   <div class='ocr_carea' id='block_1_65' title="bbox 531 4698 1979 4773">
    <p class='ocr_par' dir='ltr' id='par_1_65' title="bbox 531 4698 1979 4773">
     <span class='ocr_line' id='line_1_65' title="bbox 531 4698 1979 4773; baseline 0.008 -21"><span class='ocrx_word' id='word_1_457' title='bbox 531 4698 597 4752; x_wconf 77' lang='grc' dir='ltr'><strong>Χ.</strong></span> <span class='ocrx_word' id='word_1_458' title='bbox 631 4699 980 4768; x_wconf 85' lang='lat' dir='ltr'><strong>Hieronymus</strong></span> <span class='ocrx_word' id='word_1_459' title='bbox 1009 4704 1145 4770; x_wconf 91' lang='lat' dir='ltr'><strong>apud</strong></span> <span class='ocrx_word' id='word_1_460' title='bbox 1174 4703 1412 4758; x_wconf 78' lang='lat' dir='ltr'><strong>Ruﬁnem</strong></span> <span class='ocrx_word' id='word_1_461' title='bbox 1447 4704 1639 4759; x_wconf 82' lang='lat' dir='ltr'><strong>luvect.</strong></span> <span class='ocrx_word' id='word_1_462' title='bbox 1668 4724 1727 4773; x_wconf 83' lang='grc' dir='ltr'><strong>ιι,</strong></span> <span class='ocrx_word' id='word_1_463' title='bbox 1758 4710 1979 4763; x_wconf 89' lang='lat' dir='ltr'><strong>indicem</strong></span> 
     </span>
    </p>
   </div>
   <div class='ocr_carea' id='block_1_66' title="bbox 460 4785 1984 4856">
    <p class='ocr_par' dir='ltr' id='par_1_66' title="bbox 460 4785 1984 4856">
     <span class='ocr_line' id='line_1_66' title="bbox 460 4785 1984 4856; baseline 0.008 -18"><span class='ocrx_word' id='word_1_464' title='bbox 460 4785 714 4838; x_wconf 87' lang='lat' dir='ltr'><strong>librormn</strong></span> <span class='ocrx_word' id='word_1_465' title='bbox 750 4786 991 4853; x_wconf 78' lang='lat' dir='ltr'><strong>Origenis</strong></span> <span class='ocrx_word' id='word_1_466' title='bbox 1025 4800 1344 4856; x_wconf 81' lang='lat' dir='ltr'><strong>pertexens,</strong></span> <span class='ocrx_word' id='word_1_467' title='bbox 1387 4794 1464 4847; x_wconf 89' lang='lat' dir='ltr'><strong>sic</strong></span> <span class='ocrx_word' id='word_1_468' title='bbox 1502 4795 1755 4850; x_wconf 88' lang='lat' dir='ltr'><strong>disserit:</strong></span> <span class='ocrx_word' id='word_1_469' title='bbox 1800 4816 1819 4847; x_wconf 70' lang='grc' dir='ltr'><strong><em>ι</em></strong></span> <span class='ocrx_word' id='word_1_470' title='bbox 1862 4799 1984 4853; x_wconf 82' lang='lat' dir='ltr'><strong>Vul-</strong></span> 
     </span>
    </p>
   </div>
   <div class='ocr_carea' id='block_1_67' title="bbox 464 4877 1984 4951">
    <p class='ocr_par' dir='ltr' id='par_1_67' title="bbox 464 4877 1984 4951">
     <span class='ocr_line' id='line_1_67' title="bbox 464 4877 1984 4951; baseline 0.009 -24"><span class='ocrx_word' id='word_1_471' title='bbox 464 4877 530 4928; x_wconf 90' lang='lat' dir='ltr'><strong>tis</strong></span> <span class='ocrx_word' id='word_1_472' title='bbox 560 4888 778 4927; x_wconf 89' lang='lat' dir='ltr'><strong>nosccre</strong></span> <span class='ocrx_word' id='word_1_473' title='bbox 806 4885 996 4940; x_wconf 87' lang='lat' dir='ltr'><strong>quanta</strong></span> <span class='ocrx_word' id='word_1_474' title='bbox 1040 4877 1233 4945; x_wconf 78' lang='lat' dir='ltr'><strong>ingenii</strong></span> <span class='ocrx_word' id='word_1_475' title='bbox 1264 4882 1342 4934; x_wconf 92' lang='lat' dir='ltr'><strong>sui</strong></span> <span class='ocrx_word' id='word_1_476' title='bbox 1372 4882 1656 4951; x_wconf 89' lang='lat' dir='ltr'><strong>reliquerit</strong></span> <span class='ocrx_word' id='word_1_477' title='bbox 1679 4901 1984 4940; x_wconf 89' lang='lat' dir='ltr'><strong>monumen-</strong></span> 
     </span>
    </p>
   </div>
   <div class='ocr_carea' id='block_1_68' title="bbox 463 4965 1981 5040">
    <p class='ocr_par' dir='ltr' id='par_1_68' title="bbox 463 4965 1981 5040">
     <span class='ocr_line' id='line_1_68' title="bbox 463 4965 1981 5040; baseline 0.009 -22"><span class='ocrx_word' id='word_1_478' title='bbox 463 4968 561 5019; x_wconf 81' lang='lat' dir='ltr'><strong>ta?</strong></span> <span class='ocrx_word' id='word_1_479' title='bbox 596 4966 834 5033; x_wconf 86' lang='lat' dir='ltr'><strong>Sequens</strong></span> <span class='ocrx_word' id='word_1_480' title='bbox 858 4965 1036 5018; x_wconf 90' lang='lat' dir='ltr'><strong>titulus</strong></span> <span class='ocrx_word' id='word_1_481' title='bbox 1058 4972 1286 5023; x_wconf 86' lang='lat' dir='ltr'><strong>ostendit</strong></span> <span class='ocrx_word' id='word_1_482' title='bbox 1315 4991 1328 5025; x_wconf 91' lang='lat'><strong>:</strong></span> <span class='ocrx_word' id='word_1_483' title='bbox 1367 4972 1590 5040; x_wconf 88' lang='lat' dir='ltr'><strong>Scripsit</strong></span> <span class='ocrx_word' id='word_1_484' title='bbox 1637 4975 1688 5027; x_wconf 91' lang='lat' dir='ltr'><strong>in</strong></span> <span class='ocrx_word' id='word_1_485' title='bbox 1734 4977 1981 5032; x_wconf 81' lang='lat' dir='ltr'><strong>Genesiin</strong></span> 
     </span>
    </p>
   </div>
   <div class='ocr_carea' id='block_1_69' title="bbox 456 5053 1983 5123">
    <p class='ocr_par' dir='ltr' id='par_1_69' title="bbox 456 5053 1983 5123">
     <span class='ocr_line' id='line_1_69' title="bbox 456 5053 1983 5123; baseline 0.01 -17"><span class='ocrx_word' id='word_1_486' title='bbox 456 5054 624 5109; x_wconf 83' lang='lat' dir='ltr'><strong>libros</strong></span> <span class='ocrx_word' id='word_1_487' title='bbox 678 5053 928 5108; x_wconf 80' lang='lat' dir='ltr'><strong>tredecim</strong></span> <span class='ocrx_word' id='word_1_488' title='bbox 972 5069 989 5105; x_wconf 84' lang='lat'><strong>:</strong></span> <span class='ocrx_word' id='word_1_489' title='bbox 1040 5057 1376 5123; x_wconf 81' lang='lat' dir='ltr'><strong>mysticarutn</strong></span> <span class='ocrx_word' id='word_1_490' title='bbox 1441 5062 1774 5118; x_wconf 86' lang='lat' dir='ltr'><strong>homiliarum</strong></span> <span class='ocrx_word' id='word_1_491' title='bbox 1822 5067 1983 5123; x_wconf 90' lang='lat' dir='ltr'><strong>libros</strong></span> 
     </span>
    </p>
   </div>
   <div class='ocr_carea' id='block_1_70' title="bbox 458 5144 1979 5225">
    <p class='ocr_par' dir='ltr' id='par_1_70' title="bbox 458 5144 1979 5225">
     <span class='ocr_line' id='line_1_70' title="bbox 458 5144 1979 5225; baseline 0.009 -29"><span class='ocrx_word' id='word_1_492' title='bbox 458 5145 635 5198; x_wconf 83' lang='lat' dir='ltr'><strong>duos:</strong></span> <span class='ocrx_word' id='word_1_493' title='bbox 673 5144 723 5197; x_wconf 91' lang='lat' dir='ltr'><strong>in</strong></span> <span class='ocrx_word' id='word_1_494' title='bbox 770 5144 947 5197; x_wconf 81' lang='lat' dir='ltr'><strong>Exodo</strong></span> <span class='ocrx_word' id='word_1_495' title='bbox 983 5150 1271 5211; x_wconf 84' lang='lat' dir='ltr'><strong>excerpta:</strong></span> <span class='ocrx_word' id='word_1_496' title='bbox 1309 5148 1359 5200; x_wconf 90' lang='lat' dir='ltr'><strong>in</strong></span> <span class='ocrx_word' id='word_1_497' title='bbox 1414 5150 1646 5217; x_wconf 83' lang='lat' dir='ltr'><strong>Levitico</strong></span> <span class='ocrx_word' id='word_1_498' title='bbox 1685 5166 1930 5225; x_wconf 80' lang='lat' dir='ltr'><strong>excerpta</strong></span> <span class='ocrx_word' id='word_1_499' title='bbox 1965 5175 1979 5210; x_wconf 90' lang='lat'><strong>:</strong></span> 
     </span>
    </p>
   </div>
   <div class='ocr_carea' id='block_1_71' title="bbox 461 5232 1984 5311">
    <p class='ocr_par' dir='ltr' id='par_1_71' title="bbox 461 5232 1984 5311">
     <span class='ocr_line' id='line_1_71' title="bbox 461 5232 1984 5311; baseline 0.009 -26"><span class='ocrx_word' id='word_1_500' title='bbox 461 5232 587 5286; x_wconf 90' lang='lat' dir='ltr'><strong>item</strong></span> <span class='ocrx_word' id='word_1_501' title='bbox 620 5233 935 5288; x_wconf 80' lang='lat' dir='ltr'><strong>Monobiblia</strong></span> <span class='ocrx_word' id='word_1_502' title='bbox 957 5273 972 5295; x_wconf 92' lang='lat'><strong>,</strong></span> <span class='ocrx_word' id='word_1_503' title='bbox 1021 5233 1156 5299; x_wconf 73' lang='grc' dir='ltr'><strong>Περὶ</strong></span> <span class='ocrx_word' id='word_1_504' title='bbox 1195 5234 1390 5301; x_wconf 82' lang='grc' dir='ltr'><strong>ἀρχῶν</strong></span> <span class='ocrx_word' id='word_1_505' title='bbox 1419 5238 1586 5297; x_wconf 88' lang='lat' dir='ltr'><strong>libros</strong></span> <span class='ocrx_word' id='word_1_506' title='bbox 1620 5253 1861 5311; x_wconf 86' lang='lat' dir='ltr'><strong>quatuor,</strong></span> <span class='ocrx_word' id='word_1_507' title='bbox 1908 5244 1984 5298; x_wconf 82' lang='lat' dir='ltr'><strong>De</strong></span> 
     </span>
    </p>
   </div>
   <div class='ocr_carea' id='block_1_72' title="bbox 460 5323 1985 5396">
    <p class='ocr_par' dir='ltr' id='par_1_72' title="bbox 460 5323 1985 5396">
     <span class='ocr_line' id='line_1_72' title="bbox 460 5323 1985 5396; baseline 0.01 -23"><span class='ocrx_word' id='word_1_508' title='bbox 460 5325 827 5376; x_wconf 71' lang='lat' dir='ltr'><strong>resurrectione</strong></span> <span class='ocrx_word' id='word_1_509' title='bbox 872 5323 1035 5396; x_wconf 79' lang='lat' dir='ltr'><strong>libros</strong></span> <span class='ocrx_word' id='word_1_510' title='bbox 1073 5324 1201 5375; x_wconf 90' lang='lat' dir='ltr'><strong>duos</strong></span> <span class='ocrx_word' id='word_1_511' title='bbox 1222 5361 1237 5385; x_wconf 88' lang='lat'><strong>,</strong></span> <span class='ocrx_word' id='word_1_512' title='bbox 1265 5334 1315 5377; x_wconf 88' lang='lat' dir='ltr'><strong>et</strong></span> <span class='ocrx_word' id='word_1_513' title='bbox 1346 5326 1479 5381; x_wconf 88' lang='lat' dir='ltr'><strong>alios</strong></span> <span class='ocrx_word' id='word_1_514' title='bbox 1508 5330 1571 5382; x_wconf 92' lang='lat' dir='ltr'><strong>de</strong></span> <span class='ocrx_word' id='word_1_515' title='bbox 1597 5335 1985 5391; x_wconf 86' lang='lat' dir='ltr'><strong>resurrectione</strong></span> 
     </span>
    </p>
   </div>
   <div class='ocr_carea' id='block_1_73' title="bbox 460 5409 1980 5489">
    <p class='ocr_par' dir='ltr' id='par_1_73' title="bbox 460 5409 1980 5489">
     <span class='ocr_line' id='line_1_73' title="bbox 460 5409 1980 5489; baseline 0.01 -27"><span class='ocrx_word' id='word_1_516' title='bbox 460 5409 693 5478; x_wconf 83' lang='lat' dir='ltr'><strong>dialogus</strong></span> <span class='ocrx_word' id='word_1_517' title='bbox 759 5414 908 5467; x_wconf 89' lang='lat' dir='ltr'><strong>duos.</strong></span> <span class='ocrx_word' id='word_1_518' title='bbox 950 5431 968 5465; x_wconf 75' lang='grc' dir='ltr'><strong>ι</strong></span> <span class='ocrx_word' id='word_1_519' title='bbox 1018 5411 1149 5478; x_wconf 86' lang='lat' dir='ltr'><strong>Quid</strong></span> <span class='ocrx_word' id='word_1_520' title='bbox 1204 5412 1309 5465; x_wconf 92' lang='lat' dir='ltr'><strong>sint</strong></span> <span class='ocrx_word' id='word_1_521' title='bbox 1361 5412 1671 5489; x_wconf 80' lang='lat' dir='ltr'><strong>Monobiblia</strong></span> <span class='ocrx_word' id='word_1_522' title='bbox 1726 5423 1980 5477; x_wconf 84' lang='lat' dir='ltr'><strong>incertum</strong></span> 
     </span>
    </p>
   </div>
   <div class='ocr_carea' id='block_1_74' title="bbox 459 5498 1982 5579">
    <p class='ocr_par' dir='ltr' id='par_1_74' title="bbox 459 5498 1982 5579">
     <span class='ocr_line' id='line_1_74' title="bbox 459 5498 1982 5579; baseline 0.011 -30"><span class='ocrx_word' id='word_1_523' title='bbox 459 5507 562 5551; x_wconf 91' lang='lat' dir='ltr'><strong>est.</strong></span> <span class='ocrx_word' id='word_1_524' title='bbox 589 5498 831 5555; x_wconf 81' lang='lat' dir='ltr'><strong>Fortasse</strong></span> <span class='ocrx_word' id='word_1_525' title='bbox 875 5518 975 5555; x_wconf 92' lang='lat' dir='ltr'><strong>non</strong></span> <span class='ocrx_word' id='word_1_526' title='bbox 1014 5501 1279 5570; x_wconf 83' lang='lat' dir='ltr'><strong>peculiare</strong></span> <span class='ocrx_word' id='word_1_527' title='bbox 1319 5502 1529 5569; x_wconf 84' lang='lat' dir='ltr'><strong>aliquod</strong></span> <span class='ocrx_word' id='word_1_528' title='bbox 1570 5507 1808 5576; x_wconf 88' lang='lat' dir='ltr'><strong>Origenis</strong></span> <span class='ocrx_word' id='word_1_529' title='bbox 1850 5526 1982 5579; x_wconf 85' lang='lat' dir='ltr'><strong>opus</strong></span> 
     </span>
    </p>
   </div>
   <div class='ocr_carea' id='block_1_75' title="bbox 463 5583 1983 5668">
    <p class='ocr_par' dir='ltr' id='par_1_75' title="bbox 463 5583 1983 5668">
     <span class='ocr_line' id='line_1_75' title="bbox 463 5583 1983 5668; baseline 0.012 -34"><span class='ocrx_word' id='word_1_530' title='bbox 463 5583 563 5636; x_wconf 91' lang='lat' dir='ltr'><strong>hoc</strong></span> <span class='ocrx_word' id='word_1_531' title='bbox 605 5590 814 5641; x_wconf 79' lang='lat' dir='ltr'><strong>nomine</strong></span> <span class='ocrx_word' id='word_1_532' title='bbox 848 5592 1115 5661; x_wconf 83' lang='lat' dir='ltr'><strong>signatur,</strong></span> <span class='ocrx_word' id='word_1_533' title='bbox 1163 5591 1254 5645; x_wconf 91' lang='lat' dir='ltr'><strong>sed</strong></span> <span class='ocrx_word' id='word_1_534' title='bbox 1295 5604 1353 5644; x_wconf 84' lang='lat' dir='ltr'><strong>ea</strong></span> <span class='ocrx_word' id='word_1_535' title='bbox 1396 5590 1507 5657; x_wconf 90' lang='lat' dir='ltr'><strong>ejus</strong></span> <span class='ocrx_word' id='word_1_536' title='bbox 1550 5600 1819 5661; x_wconf 83' lang='lat' dir='ltr'><strong>Opuscula,</strong></span> <span class='ocrx_word' id='word_1_537' title='bbox 1866 5615 1983 5668; x_wconf 67' lang='lat' dir='ltr'><strong>qua:</strong></span> 
     </span>
    </p>
   </div>
   <div class='ocr_carea' id='block_1_76' title="bbox 461 5673 1975 5755">
    <p class='ocr_par' dir='ltr' id='par_1_76' title="bbox 461 5673 1975 5755">
     <span class='ocr_line' id='line_1_76' title="bbox 461 5673 1975 5755; baseline 0.014 -32"><span class='ocrx_word' id='word_1_538' title='bbox 461 5683 560 5725; x_wconf 87' lang='lat' dir='ltr'><strong>uos</strong></span> <span class='ocrx_word' id='word_1_539' title='bbox 589 5673 983 5755; x_wconf 82' lang='lat' dir='ltr'><strong>Syntagmatum</strong></span> <span class='ocrx_word' id='word_1_540' title='bbox 1012 5684 1365 5752; x_wconf 86' lang='lat' dir='ltr'><strong>appellatione</strong></span> <span class='ocrx_word' id='word_1_541' title='bbox 1396 5683 1812 5751; x_wconf 87' lang='lat' dir='ltr'><strong>complectimur.</strong></span> <span class='ocrx_word' id='word_1_542' title='bbox 1847 5689 1975 5744; x_wconf 86' lang='lat' dir='ltr'><strong>Cum</strong></span> 
     </span>
    </p>
   </div>
   <div class='ocr_carea' id='block_1_77' title="bbox 2096 5695 2541 5789">
    <p class='ocr_par' dir='ltr' id='par_1_77' title="bbox 2096 5695 2541 5789">
     <span class='ocr_line' id='line_1_77' title="bbox 2096 5695 2541 5789; baseline 0.009 -19"><span class='ocrx_word' id='word_1_543' title='bbox 2096 5695 2173 5753; x_wconf 73' lang='lat' dir='ltr'><strong>De</strong></span> <span class='ocrx_word' id='word_1_544' title='bbox 2215 5707 2541 5789; x_wconf 69' lang='lat' dir='ltr'><strong>Principiis,</strong></span> 
     </span>
    </p>
   </div>
   <div class='ocr_carea' id='block_1_78' title="bbox 2092 1896 3810 1970">
    <p class='ocr_par' dir='ltr' id='par_1_78' title="bbox 2092 1896 3810 1970">
     <span class='ocr_line' id='line_1_78' title="bbox 2092 1896 3810 1970; baseline -0.002 -18"><span class='ocrx_word' id='word_1_545' title='bbox 2092 1900 2173 1952; x_wconf 89' lang='lat' dir='ltr'><strong>sic</strong></span> <span class='ocrx_word' id='word_1_546' title='bbox 2209 1901 2526 1969; x_wconf 88' lang='lat' dir='ltr'><strong>auspicatur</strong></span> <span class='ocrx_word' id='word_1_547' title='bbox 2562 1917 2576 1953; x_wconf 91' lang='lat'>:</span> <span class='ocrx_word' id='word_1_548' title='bbox 2622 1901 2907 1970; x_wconf 77' lang='lat' dir='ltr'><strong>Apologia</strong></span> <span class='ocrx_word' id='word_1_549' title='bbox 2967 1916 3090 1969; x_wconf 82' lang='lat' dir='ltr'><strong>pro</strong></span> <span class='ocrx_word' id='word_1_550' title='bbox 3156 1917 3258 1966; x_wconf 77' lang='lat' dir='ltr'><strong>se,</strong></span> <span class='ocrx_word' id='word_1_551' title='bbox 3319 1907 3614 1952; x_wconf 76' lang='lat' dir='ltr'><strong>tractatus</strong></span> <span class='ocrx_word' id='word_1_552' title='bbox 3647 1896 3697 1952; x_wconf 77' lang='grc'><strong>1.</strong></span> <span class='ocrx_word' id='word_1_553' title='bbox 3730 1896 3810 1950; x_wconf 83' lang='lat' dir='ltr'><strong>Do-</strong></span> 
     </span>
    </p>
   </div>
   <div class='ocr_carea' id='block_1_79' title="bbox 2093 1989 3809 2058">
    <p class='ocr_par' dir='ltr' id='par_1_79' title="bbox 2093 1989 3809 2058">
     <span class='ocr_line' id='line_1_79' title="bbox 2093 1989 3809 2058; baseline -0.002 -16"><span class='ocrx_word' id='word_1_554' title='bbox 2093 1989 2287 2043; x_wconf 68' lang='lat' dir='ltr'><strong>ctrinae</strong></span> <span class='ocrx_word' id='word_1_555' title='bbox 2317 1991 2539 2058; x_wconf 90' lang='lat' dir='ltr'><strong>quidem</strong></span> <span class='ocrx_word' id='word_1_556' title='bbox 2572 2004 2690 2044; x_wconf 70' lang='lat' dir='ltr'><strong>sua:</strong></span> <span class='ocrx_word' id='word_1_557' title='bbox 2726 1992 3185 2046; x_wconf 79' lang='lat' dir='ltr'><strong>defensionem</strong></span> <span class='ocrx_word' id='word_1_558' title='bbox 3231 1991 3317 2044; x_wconf 86' lang='lat' dir='ltr'><strong>ad</strong></span> <span class='ocrx_word' id='word_1_559' title='bbox 3364 1990 3686 2044; x_wconf 86' lang='lat' dir='ltr'><strong>Fabianum</strong></span> <span class='ocrx_word' id='word_1_560' title='bbox 3729 2001 3809 2053; x_wconf 82' lang='lat' dir='ltr'><strong>pa-</strong></span> 
     </span>
    </p>
   </div>
   <div class='ocr_carea' id='block_1_80' title="bbox 2091 2078 3811 2152">
    <p class='ocr_par' dir='ltr' id='par_1_80' title="bbox 2091 2078 3811 2152">
     <span class='ocr_line' id='line_1_80' title="bbox 2091 2078 3811 2152; baseline 0.001 -21"><span class='ocrx_word' id='word_1_561' title='bbox 2091 2093 2215 2148; x_wconf 89' lang='lat' dir='ltr'><strong>pam</strong></span> <span class='ocrx_word' id='word_1_562' title='bbox 2247 2082 2463 2135; x_wconf 84' lang='lat' dir='ltr'><strong>misisse</strong></span> <span class='ocrx_word' id='word_1_563' title='bbox 2496 2082 2801 2151; x_wconf 80' lang='lat' dir='ltr'><strong>Origenem</strong></span> <span class='ocrx_word' id='word_1_564' title='bbox 2857 2097 3061 2152; x_wconf 86' lang='lat' dir='ltr'><strong>supra</strong></span> <span class='ocrx_word' id='word_1_565' title='bbox 3101 2085 3492 2136; x_wconf 82' lang='lat' dir='ltr'><strong>notavimus</strong></span> <span class='ocrx_word' id='word_1_566' title='bbox 3523 2098 3539 2133; x_wconf 87' lang='lat'><strong>:</strong></span> <span class='ocrx_word' id='word_1_567' title='bbox 3568 2096 3637 2132; x_wconf 89' lang='lat' dir='ltr'><strong>an</strong></span> <span class='ocrx_word' id='word_1_568' title='bbox 3660 2092 3718 2133; x_wconf 84' lang='lat' dir='ltr'><strong>ea</strong></span> <span class='ocrx_word' id='word_1_569' title='bbox 3740 2078 3811 2133; x_wconf 76' lang='lat' dir='ltr'><strong>bis</strong></span> 
     </span>
    </p>
   </div>
   <div class='ocr_carea' id='block_1_81' title="bbox 2093 2168 3811 2241">
    <p class='ocr_par' dir='ltr' id='par_1_81' title="bbox 2093 2168 3811 2241">
     <span class='ocr_line' id='line_1_81' title="bbox 2093 2168 3811 2241; baseline 0.001 -21"><span class='ocrx_word' id='word_1_570' title='bbox 2093 2168 2427 2237; x_wconf 80' lang='lat' dir='ltr'><strong>signiﬁcetur</strong></span> <span class='ocrx_word' id='word_1_571' title='bbox 2473 2169 2755 2225; x_wconf 82' lang='lat' dir='ltr'><strong>Vincentii</strong></span> <span class='ocrx_word' id='word_1_572' title='bbox 2808 2173 3031 2227; x_wconf 80' lang='lat' dir='ltr'><strong>verbis</strong></span> <span class='ocrx_word' id='word_1_573' title='bbox 3071 2210 3092 2235; x_wconf 87' lang='lat'><strong>,</strong></span> <span class='ocrx_word' id='word_1_574' title='bbox 3166 2188 3263 2225; x_wconf 84' lang='lat' dir='ltr'><strong>an</strong></span> <span class='ocrx_word' id='word_1_575' title='bbox 3331 2171 3504 2225; x_wconf 85' lang='lat' dir='ltr'><strong>aliud</strong></span> <span class='ocrx_word' id='word_1_576' title='bbox 3555 2172 3811 2241; x_wconf 84' lang='lat' dir='ltr'><strong>quidpiam</strong></span> 
     </span>
    </p>
   </div>
   <div class='ocr_carea' id='block_1_82' title="bbox 2092 2258 3176 2328">
    <p class='ocr_par' dir='ltr' id='par_1_82' title="bbox 2092 2258 3176 2328">
     <span class='ocr_line' id='line_1_82' title="bbox 2092 2258 3176 2328; baseline 0.006 -19"><span class='ocrx_word' id='word_1_577' title='bbox 2092 2270 2230 2325; x_wconf 92' lang='lat' dir='ltr'><strong>opus</strong></span> <span class='ocrx_word' id='word_1_578' title='bbox 2251 2258 2421 2312; x_wconf 90' lang='lat' dir='ltr'><strong>lector</strong></span> <span class='ocrx_word' id='word_1_579' title='bbox 2444 2261 2743 2328; x_wconf 79' lang='lat' dir='ltr'><strong>perspicax</strong></span> <span class='ocrx_word' id='word_1_580' title='bbox 2770 2260 3176 2316; x_wconf 89' lang='lat' dir='ltr'><strong>arbitretur.</strong></span> 
     </span>
    </p>
   </div>
   <div class='ocr_carea' id='block_1_83' title="bbox 2163 2346 3812 2407">
    <p class='ocr_par' dir='ltr' id='par_1_83' title="bbox 2163 2346 3812 2407">
     <span class='ocr_line' id='line_1_83' title="bbox 2163 2346 3812 2407; baseline 0.002 -8"><span class='ocrx_word' id='word_1_581' title='bbox 2163 2346 2255 2400; x_wconf 79' lang='lat' dir='ltr'><strong>XI.</strong></span> <span class='ocrx_word' id='word_1_582' title='bbox 2286 2347 2508 2401; x_wconf 81' lang='lat' dir='ltr'><strong>Minime</strong></span> <span class='ocrx_word' id='word_1_583' title='bbox 2538 2364 2674 2403; x_wconf 90' lang='lat' dir='ltr'><strong>vero</strong></span> <span class='ocrx_word' id='word_1_584' title='bbox 2708 2352 2763 2403; x_wconf 92' lang='lat' dir='ltr'><strong>in</strong></span> <span class='ocrx_word' id='word_1_585' title='bbox 2795 2351 2965 2406; x_wconf 89' lang='lat' dir='ltr'><strong>hunc</strong></span> <span class='ocrx_word' id='word_1_586' title='bbox 3018 2367 3327 2407; x_wconf 86' lang='lat' dir='ltr'><strong>censum</strong></span> <span class='ocrx_word' id='word_1_587' title='bbox 3367 2352 3715 2407; x_wconf 77' lang='lat' dir='ltr'><strong>conferenda</strong></span> <span class='ocrx_word' id='word_1_588' title='bbox 3742 2351 3812 2403; x_wconf 82' lang='lat' dir='ltr'><strong>vi-</strong></span> 
     </span>
    </p>
   </div>
   <div class='ocr_carea' id='block_1_84' title="bbox 2093 2436 3809 2510">
    <p class='ocr_par' dir='ltr' id='par_1_84' title="bbox 2093 2436 3809 2510">
     <span class='ocr_line' id='line_1_84' title="bbox 2093 2436 3809 2510; baseline 0.001 -19"><span class='ocrx_word' id='word_1_589' title='bbox 2093 2436 2314 2491; x_wconf 92' lang='lat' dir='ltr'><strong>deretur</strong></span> <span class='ocrx_word' id='word_1_590' title='bbox 2335 2452 2458 2492; x_wconf 88' lang='lat' dir='ltr'><strong>esse</strong></span> <span class='ocrx_word' id='word_1_591' title='bbox 2488 2438 2828 2500; x_wconf 80' lang='lat' dir='ltr'><strong>Philocalia,</strong></span> <span class='ocrx_word' id='word_1_592' title='bbox 2850 2450 2922 2492; x_wconf 92' lang='lat' dir='ltr'><strong>ut</strong></span> <span class='ocrx_word' id='word_1_593' title='bbox 2953 2456 3110 2510; x_wconf 71' lang='lat' dir='ltr'><strong>quae</strong></span> <span class='ocrx_word' id='word_1_594' title='bbox 3132 2456 3173 2494; x_wconf 88' lang='lat' dir='ltr'><strong>a</strong></span> <span class='ocrx_word' id='word_1_595' title='bbox 3202 2441 3457 2497; x_wconf 88' lang='lat' dir='ltr'><strong>Basilio</strong></span> <span class='ocrx_word' id='word_1_596' title='bbox 3484 2452 3543 2496; x_wconf 88' lang='lat' dir='ltr'><strong>et</strong></span> <span class='ocrx_word' id='word_1_597' title='bbox 3572 2439 3809 2510; x_wconf 82' lang='lat' dir='ltr'><strong>Gregorio</strong></span> 
     </span>
    </p>
   </div>
   <div class='ocr_carea' id='block_1_85' title="bbox 2096 2526 3810 2599">
    <p class='ocr_par' dir='ltr' id='par_1_85' title="bbox 2096 2526 3810 2599">
     <span class='ocr_line' id='line_1_85' title="bbox 2096 2526 3810 2599; baseline 0.002 -18"><span class='ocrx_word' id='word_1_598' title='bbox 2096 2526 2367 2597; x_wconf 81' lang='lat' dir='ltr'><strong>&#39;l‘beologo</strong></span> <span class='ocrx_word' id='word_1_599' title='bbox 2396 2529 2619 2583; x_wconf 80' lang='lat' dir='ltr'><strong>confuta</strong></span> <span class='ocrx_word' id='word_1_600' title='bbox 2650 2540 2709 2584; x_wconf 92' lang='lat' dir='ltr'><strong>et</strong></span> <span class='ocrx_word' id='word_1_601' title='bbox 2740 2532 3219 2585; x_wconf 86' lang='lat' dir='ltr'><strong>consarcinata</strong></span> <span class='ocrx_word' id='word_1_602' title='bbox 3268 2534 3385 2587; x_wconf 88' lang='lat' dir='ltr'><strong>sit.</strong></span> <span class='ocrx_word' id='word_1_603' title='bbox 3445 2532 3716 2599; x_wconf 85' lang='lat' dir='ltr'><strong>Quoniam</strong></span> <span class='ocrx_word' id='word_1_604' title='bbox 3745 2542 3810 2584; x_wconf 83' lang='lat' dir='ltr'><strong>ta-</strong></span> 
     </span>
    </p>
   </div>
   <div class='ocr_carea' id='block_1_86' title="bbox 2093 2613 3809 2687">
    <p class='ocr_par' dir='ltr' id='par_1_86' title="bbox 2093 2613 3809 2687">
     <span class='ocr_line' id='line_1_86' title="bbox 2093 2613 3809 2687; baseline 0.003 -21"><span class='ocrx_word' id='word_1_605' title='bbox 2093 2627 2215 2667; x_wconf 88' lang='lat' dir='ltr'><strong>men</strong></span> <span class='ocrx_word' id='word_1_606' title='bbox 2242 2628 2306 2666; x_wconf 80' lang='lat' dir='ltr'><strong>ex</strong></span> <span class='ocrx_word' id='word_1_607' title='bbox 2333 2613 2650 2671; x_wconf 87' lang='lat' dir='ltr'><strong>Adamantii</strong></span> <span class='ocrx_word' id='word_1_608' title='bbox 2706 2619 2933 2687; x_wconf 88' lang='lat' dir='ltr'><strong>pannis</strong></span> <span class='ocrx_word' id='word_1_609' title='bbox 2970 2629 3120 2675; x_wconf 80' lang='lat' dir='ltr'><strong>tota</strong></span> <span class='ocrx_word' id='word_1_610' title='bbox 3158 2632 3482 2676; x_wconf 80' lang='lat' dir='ltr'><strong>contexta</strong></span> <span class='ocrx_word' id='word_1_611' title='bbox 3512 2634 3636 2685; x_wconf 86' lang='lat' dir='ltr'><strong>est,</strong></span> <span class='ocrx_word' id='word_1_612' title='bbox 3664 2630 3715 2675; x_wconf 88' lang='lat' dir='ltr'><strong>et</strong></span> <span class='ocrx_word' id='word_1_613' title='bbox 3754 2635 3809 2672; x_wconf 80' lang='lat' dir='ltr'><strong>ex</strong></span> 
     </span>
    </p>
   </div>
   <div class='ocr_carea' id='block_1_87' title="bbox 2092 2703 3805 2780">
    <p class='ocr_par' dir='ltr' id='par_1_87' title="bbox 2092 2703 3805 2780">
     <span class='ocr_line' id='line_1_87' title="bbox 2092 2703 3805 2780; baseline 0.008 -25"><span class='ocrx_word' id='word_1_614' title='bbox 2092 2703 2367 2759; x_wconf 86' lang='lat' dir='ltr'><strong>ventilatis</strong></span> <span class='ocrx_word' id='word_1_615' title='bbox 2430 2721 2593 2774; x_wconf 90' lang='lat' dir='ltr'><strong>supra</strong></span> <span class='ocrx_word' id='word_1_616' title='bbox 2647 2707 2931 2778; x_wconf 84' lang='lat' dir='ltr'><strong>Origenis</strong></span> <span class='ocrx_word' id='word_1_617' title='bbox 3010 2714 3359 2780; x_wconf 84' lang='lat' dir='ltr'><strong>operibus</strong></span> <span class='ocrx_word' id='word_1_618' title='bbox 3410 2713 3541 2769; x_wconf 72' lang='lat' dir='ltr'><strong>fere</strong></span> <span class='ocrx_word' id='word_1_619' title='bbox 3594 2716 3805 2768; x_wconf 75' lang='lat' dir='ltr'><strong>dett-acu</strong></span> 
     </span>
    </p>
   </div>
   <div class='ocr_carea' id='block_1_88' title="bbox 2092 2795 3804 2883">
    <p class='ocr_par' dir='ltr' id='par_1_88' title="bbox 2092 2795 3804 2883">
     <span class='ocr_line' id='line_1_88' title="bbox 2092 2795 3804 2883; baseline 0.005 -36"><span class='ocrx_word' id='word_1_620' title='bbox 2092 2805 2216 2847; x_wconf 87' lang='lat' dir='ltr'><strong>sunt</strong></span> <span class='ocrx_word' id='word_1_621' title='bbox 2246 2795 2557 2864; x_wconf 81' lang='lat' dir='ltr'><strong>fragmenta</strong></span> <span class='ocrx_word' id='word_1_622' title='bbox 2605 2800 2826 2867; x_wconf 85' lang='lat' dir='ltr'><strong>quibus</strong></span> <span class='ocrx_word' id='word_1_623' title='bbox 2865 2800 2981 2854; x_wconf 88' lang='lat' dir='ltr'><strong>illa</strong></span> <span class='ocrx_word' id='word_1_624' title='bbox 3048 2813 3375 2883; x_wconf 69' lang='lat' dir='ltr'><strong>constat;</strong></span> <span class='ocrx_word' id='word_1_625' title='bbox 3427 2806 3561 2860; x_wconf 90' lang='lat' dir='ltr'><strong>ideo</strong></span> <span class='ocrx_word' id='word_1_626' title='bbox 3593 2822 3693 2859; x_wconf 92' lang='lat' dir='ltr'><strong>non</strong></span> <span class='ocrx_word' id='word_1_627' title='bbox 3728 2819 3804 2873; x_wconf 82' lang='lat' dir='ltr'><strong>pro</strong></span> 
     </span>
    </p>
   </div>
   <div class='ocr_carea' id='block_1_89' title="bbox 2094 2883 3805 2966">
    <p class='ocr_par' dir='ltr' id='par_1_89' title="bbox 2094 2883 3805 2966">
     <span class='ocr_line' id='line_1_89' title="bbox 2094 2883 3805 2966; baseline 0.011 -31"><span class='ocrx_word' id='word_1_628' title='bbox 2094 2883 2306 2938; x_wconf 88' lang='lat' dir='ltr'><strong>diverso</strong></span> <span class='ocrx_word' id='word_1_629' title='bbox 2337 2885 2524 2953; x_wconf 91' lang='lat' dir='ltr'><strong>aliquo</strong></span> <span class='ocrx_word' id='word_1_630' title='bbox 2560 2903 2732 2957; x_wconf 91' lang='lat' dir='ltr'><strong>opere</strong></span> <span class='ocrx_word' id='word_1_631' title='bbox 2776 2890 3086 2945; x_wconf 83' lang='lat' dir='ltr'><strong>habenda</strong></span> <span class='ocrx_word' id='word_1_632' title='bbox 3150 2903 3267 2949; x_wconf 86' lang='lat' dir='ltr'><strong>est.</strong></span> <span class='ocrx_word' id='word_1_633' title='bbox 3293 2936 3313 2960; x_wconf 89' lang='lat'><strong>,</strong></span> <span class='ocrx_word' id='word_1_634' title='bbox 3347 2897 3460 2950; x_wconf 89' lang='lat' dir='ltr'><strong>sed</strong></span> <span class='ocrx_word' id='word_1_635' title='bbox 3496 2912 3601 2966; x_wconf 90' lang='lat' dir='ltr'><strong>pro</strong></span> <span class='ocrx_word' id='word_1_636' title='bbox 3644 2896 3805 2963; x_wconf 75' lang='lat' dir='ltr'><strong>Origo-</strong></span> 
     </span>
    </p>
   </div>
   <div class='ocr_carea' id='block_1_90' title="bbox 2094 2973 3801 3058">
    <p class='ocr_par' dir='ltr' id='par_1_90' title="bbox 2094 2973 3801 3058">
     <span class='ocr_line' id='line_1_90' title="bbox 2094 2973 3801 3058; baseline 0.008 -34"><span class='ocrx_word' id='word_1_637' title='bbox 2094 2973 2254 3027; x_wconf 89' lang='lat' dir='ltr'><strong>niano</strong></span> <span class='ocrx_word' id='word_1_638' title='bbox 2287 2984 2491 3029; x_wconf 89' lang='lat' dir='ltr'><strong>tantum</strong></span> <span class='ocrx_word' id='word_1_639' title='bbox 2525 2988 2812 3044; x_wconf 89' lang='lat' dir='ltr'><strong>centone,</strong></span> <span class='ocrx_word' id='word_1_640' title='bbox 2866 2982 2934 3035; x_wconf 89' lang='lat' dir='ltr'><strong>in</strong></span> <span class='ocrx_word' id='word_1_641' title='bbox 2993 2998 3145 3051; x_wconf 83' lang='lat' dir='ltr'><strong>quo</strong></span> <span class='ocrx_word' id='word_1_642' title='bbox 3212 2986 3600 3058; x_wconf 80' lang='lat' dir='ltr'><strong>Origeniana</strong></span> <span class='ocrx_word' id='word_1_643' title='bbox 3649 2988 3801 3041; x_wconf 82' lang='lat' dir='ltr'><strong>omnia</strong></span> 
     </span>
    </p>
   </div>
   <div class='ocr_carea' id='block_1_91' title="bbox 2095 3072 3801 3149">
    <p class='ocr_par' dir='ltr' id='par_1_91' title="bbox 2095 3072 3801 3149">
     <span class='ocr_line' id='line_1_91' title="bbox 2095 3072 3801 3149; baseline 0.011 -35"><span class='ocrx_word' id='word_1_644' title='bbox 2095 3072 2432 3133; x_wconf 73' lang='lat' dir='ltr'><strong>suntpraeter</strong></span> <span class='ocrx_word' id='word_1_645' title='bbox 2462 3074 2791 3123; x_wconf 80' lang='lat' dir='ltr'><strong>contextum</strong></span> <span class='ocrx_word' id='word_1_646' title='bbox 2827 3089 2843 3125; x_wconf 89' lang='lat'><strong>:</strong></span> <span class='ocrx_word' id='word_1_647' title='bbox 2882 3085 3404 3149; x_wconf 82' lang='lat' dir='ltr'><strong>proptereaque</strong></span> <span class='ocrx_word' id='word_1_648' title='bbox 3459 3080 3519 3134; x_wconf 90' lang='lat' dir='ltr'><strong>in</strong></span> <span class='ocrx_word' id='word_1_649' title='bbox 3560 3079 3699 3133; x_wconf 81' lang='lat' dir='ltr'><strong>hanc</strong></span> <span class='ocrx_word' id='word_1_650' title='bbox 3730 3092 3801 3131; x_wconf 84' lang='lat' dir='ltr'><strong>se-</strong></span> 
     </span>
    </p>
   </div>
   <div class='ocr_carea' id='block_1_92' title="bbox 2098 3153 2861 3218">
    <p class='ocr_par' dir='ltr' id='par_1_92' title="bbox 2098 3153 2861 3218">
     <span class='ocr_line' id='line_1_92' title="bbox 2098 3153 2861 3218; baseline 0.014 -14"><span class='ocrx_word' id='word_1_651' title='bbox 2098 3153 2229 3205; x_wconf 88' lang='lat' dir='ltr'><strong>riem</strong></span> <span class='ocrx_word' id='word_1_652' title='bbox 2259 3169 2288 3206; x_wconf 89' lang='lat' dir='ltr'><strong>a</strong></span> <span class='ocrx_word' id='word_1_653' title='bbox 2313 3155 2467 3209; x_wconf 88' lang='lat' dir='ltr'><strong>nobis</strong></span> <span class='ocrx_word' id='word_1_654' title='bbox 2495 3160 2861 3218; x_wconf 85' lang='lat' dir='ltr'><strong>admittetur.</strong></span> 
     </span>
    </p>
   </div>
   <div class='ocr_carea' id='block_1_93' title="bbox 2714 3294 3138 3358">
    <p class='ocr_par' dir='ltr' id='par_1_93' title="bbox 2714 3294 3138 3358">
     <span class='ocr_line' id='line_1_93' title="bbox 2714 3294 3138 3358; baseline 0.019 -8"><span class='ocrx_word' id='word_1_655' title='bbox 2714 3294 3007 3356; x_wconf 83' lang='lat' dir='ltr'><strong>SECTIO</strong></span> <span class='ocrx_word' id='word_1_656' title='bbox 3055 3303 3138 3358; x_wconf 83' lang='lat' dir='ltr'><strong>ll.</strong></span> 
     </span>
    </p>
   </div>
   <div class='ocr_carea' id='block_1_94' title="bbox 2093 3398 3803 3471">
    <p class='ocr_par' dir='ltr' id='par_1_94' title="bbox 2093 3398 3803 3471">
     <span class='ocr_line' id='line_1_94' title="bbox 2093 3398 3803 3471; baseline 0.013 -34"><span class='ocrx_word' id='word_1_657' title='bbox 2093 3398 2160 3437; x_wconf 71' lang='lat' dir='ltr'><strong><em>DE</em></strong></span> <span class='ocrx_word' id='word_1_658' title='bbox 2202 3399 2455 3471; x_wconf 13' lang='lat' dir='ltr'><strong>VVOBIGENIS</strong></span> <span class='ocrx_word' id='word_1_659' title='bbox 2510 3403 2945 3471; x_wconf 67' lang='lat' dir='ltr'><strong>SYNTAGMA_TIS_</strong></span> <span class='ocrx_word' id='word_1_660' title='bbox 2987 3414 3149 3461; x_wconf 58' lang='grc' dir='ltr'><strong>θυι</strong></span> <span class='ocrx_word' id='word_1_661' title='bbox 3219 3418 3601 3471; x_wconf 63' lang='grc' dir='ltr'><strong>εορειιευιετ,</strong></span> <span class='ocrx_word' id='word_1_662' title='bbox 3657 3419 3803 3468; x_wconf 56' lang='grc' dir='ltr'><strong>θεοῦ</strong></span> 
     </span>
    </p>
   </div>
   <div class='ocr_carea' id='block_1_95' title="bbox 2163 3465 3803 3541">
    <p class='ocr_par' dir='ltr' id='par_1_95' title="bbox 2163 3465 3803 3541">
     <span class='ocr_line' id='line_1_95' title="bbox 2163 3465 3803 3541; baseline 0.015 -34"><span class='ocrx_word' id='word_1_663' title='bbox 2163 3470 2413 3541; x_wconf 65' lang='lat' dir='ltr'><strong>virosus</strong></span> <span class='ocrx_word' id='word_1_664' title='bbox 2462 3472 2745 3514; x_wconf 74' lang='lat' dir='ltr'><strong>Ltsnonuu</strong></span> <span class='ocrx_word' id='word_1_665' title='bbox 2781 3465 2953 3531; x_wconf 77' lang='grc' dir='ltr'><strong>Περὶ</strong></span> <span class='ocrx_word' id='word_1_666' title='bbox 3014 3471 3290 3541; x_wconf 77' lang='grc' dir='ltr'><strong>ἀρχῶν</strong></span> <span class='ocrx_word' id='word_1_667' title='bbox 3339 3465 3803 3532; x_wconf 66' lang='lat' dir='ltr'><strong>mrnunsrariu-</strong></span> 
     </span>
    </p>
   </div>
   <div class='ocr_carea' id='block_1_96' title="bbox 2092 3613 3807 3710">
    <p class='ocr_par' dir='ltr' id='par_1_96' title="bbox 2092 3613 3807 3710">
     <span class='ocr_line' id='line_1_96' title="bbox 2092 3613 3807 3710; baseline 0.023 -51"><span class='ocrx_word' id='word_1_668' title='bbox 2092 3613 2130 3668; x_wconf 85' lang='grc'><strong>1,</strong></span> <span class='ocrx_word' id='word_1_669' title='bbox 2165 3614 2653 3710; x_wconf 55' lang='lat' dir='ltr'><strong>libris</strong></span> <span class='ocrx_word' id='word_1_670' title='bbox 2698 3618 3398 3710; x_wconf 36' lang='lat' dir='ltr'><strong>lie-resurrectione.</strong></span> <span class='ocrx_word' id='word_1_671' title='bbox 3437 3638 3511 3694; x_wconf 86' lang='lat' dir='ltr'><strong>Il.</strong></span> <span class='ocrx_word' id='word_1_672' title='bbox 3549 3640 3689 3709; x_wconf 71' lang='grc' dir='ltr'><strong>Περὶ</strong></span> <span class='ocrx_word' id='word_1_673' title='bbox 3722 3642 3807 3710; x_wconf 71' lang='grc' dir='ltr'><strong>ἀρε</strong></span> 
     </span>
    </p>
   </div>
   <div class='ocr_carea' id='block_1_97' title="bbox 2161 3700 3798 3773">
    <p class='ocr_par' dir='ltr' id='par_1_97' title="bbox 2161 3700 3798 3773">
     <span class='ocr_line' id='line_1_97' title="bbox 2161 3700 3798 3773; baseline 0.019 -42"><span class='ocrx_word' id='word_1_674' title='bbox 2161 3700 2963 3773; x_wconf 21' lang='lat' dir='ltr'><strong>zgmr‘,_ueoru3n#que&quot;uetustis</strong></span> <span class='ocrx_word' id='word_1_675' title='bbox 3046 3700 3684 3773; x_wconf 59' lang='lat' dir='ltr'><strong>interpretationious,</strong></span> <span class='ocrx_word' id='word_1_676' title='bbox 3729 3700 3798 3763; x_wconf 80' lang='grc' dir='ltr'><strong>ΙῘΙ.</strong></span> 
     </span>
    </p>
   </div>
   <div class='ocr_carea' id='block_1_98' title="bbox 2158 3756 3802 3848">
    <p class='ocr_par' dir='ltr' id='par_1_98' title="bbox 2158 3756 3802 3848">
     <span class='ocr_line' id='line_1_98' title="bbox 2158 3756 3802 3848; baseline 0.023 -47"><span class='ocrx_word' id='word_1_677' title='bbox 2158 3756 2628 3848; x_wconf 38' lang='grc' dir='ltr'><strong>ξτηῳμέτῗξςξᾷ</strong></span> <span class='ocrx_word' id='word_1_678' title='bbox 2657 3757 2752 3848; x_wconf 56' lang='lat' dir='ltr'><strong>lx.</strong></span> <span class='ocrx_word' id='word_1_679' title='bbox 2769 3828 2780 3848; x_wconf 57' lang='grc' dir='ltr'><strong>Ι</strong></span> <span class='ocrx_word' id='word_1_680' title='bbox 2828 3756 3297 3848; x_wconf 53' lang='lat' dir='ltr'><strong>Pratteptico:</strong></span> 
     </span>
    </p>
   </div>
   <div class='ocr_carea' id='block_1_99' title="bbox 2162 3820 3801 3914">
    <p class='ocr_par' dir='ltr' id='par_1_99' title="bbox 2162 3820 3801 3914">
     <span class='ocr_line' id='line_1_99' title="bbox 2162 3820 3801 3914; baseline -0.007 0"><span class='ocrx_word' id='word_1_681' title='bbox 2162 3820 2658 3914; x_wconf 61' lang='lat' dir='ltr'><strong>Yz-&quot;&#39;:’:3&quot;.c_9ttte-</strong></span> <span class='ocrx_word' id='word_1_682' title='bbox 2682 3828 2959 3914; x_wconf 59' lang='lat' dir='ltr'><strong>eseam.</strong></span> <span class='ocrx_word' id='word_1_683' title='bbox 3007 3820 3801 3914; x_wconf 63' lang='lat' dir='ltr'><strong>Vii.&quot;_f&#39;EpiJoti&#39;.&#39;,&quot;&#39;iiil&#39;i;£</strong></span> 
     </span>
    </p>
   </div>
   <div class='ocr_carea' id='block_1_100' title="bbox 2171 3890 3554 3970">
    <p class='ocr_par' dir='ltr' id='par_1_100' title="bbox 2171 3890 3554 3970">
     <span class='ocr_line' id='line_1_100' title="bbox 2171 3890 3554 3970; baseline 0.025 -31"><span class='ocrx_word' id='word_1_684' title='bbox 2171 3891 2260 3942; x_wconf 84' lang='lat' dir='ltr'><strong>bro</strong></span> <span class='ocrx_word' id='word_1_685' title='bbox 2302 3890 2376 3942; x_wconf 86' lang='lat' dir='ltr'><strong>De</strong></span> <span class='ocrx_word' id='word_1_686' title='bbox 2407 3893 2686 3957; x_wconf 91' lang='lat' dir='ltr'><strong>oratione,</strong></span> <span class='ocrx_word' id='word_1_687' title='bbox 2737 3897 2885 3954; x_wconf 74' lang='lat' dir='ltr'><strong>V&#39;lll.</strong></span> <span class='ocrx_word' id='word_1_688' title='bbox 2930 3917 2989 3955; x_wconf 85' lang='lat' dir='ltr'><strong>et</strong></span> <span class='ocrx_word' id='word_1_689' title='bbox 3044 3890 3554 3970; x_wconf 42' lang='lat' dir='ltr'><strong>pinnﬁiil”</strong></span> 
     </span>
    </p>
   </div>
   <div class='ocr_carea' id='block_1_101' title="bbox 2157 3979 3801 4080">
    <p class='ocr_par' dir='ltr' id='par_1_101' title="bbox 2157 3979 3801 4080">
     <span class='ocr_line' id='line_1_101' title="bbox 2157 3979 3801 4080; baseline 0.023 -50"><span class='ocrx_word' id='word_1_690' title='bbox 2157 3979 2315 4080; x_wconf 43' lang='lat' dir='ltr'><strong>LnEx</strong></span> <span class='ocrx_word' id='word_1_691' title='bbox 2348 3986 2692 4080; x_wconf 69' lang='lat' dir='ltr'><strong>enumeratis</strong></span> <span class='ocrx_word' id='word_1_692' title='bbox 2724 3992 3021 4080; x_wconf 80' lang='lat' dir='ltr'><strong>proxime</strong></span> <span class='ocrx_word' id='word_1_693' title='bbox 3064 4000 3463 4063; x_wconf 82' lang='lat' dir='ltr'><strong>Adamantii</strong></span> <span class='ocrx_word' id='word_1_694' title='bbox 3496 4008 3801 4080; x_wconf 74' lang='lat' dir='ltr'><strong>Syntagma-</strong></span> 
     </span>
    </p>
   </div>
   <div class='ocr_carea' id='block_1_102' title="bbox 2091 4065 3801 4166">
    <p class='ocr_par' dir='ltr' id='par_1_102' title="bbox 2091 4065 3801 4166">
     <span class='ocr_line' id='line_1_102' title="bbox 2091 4065 3801 4166; baseline 0.02 -48"><span class='ocrx_word' id='word_1_695' title='bbox 2091 4065 2157 4119; x_wconf 89' lang='lat' dir='ltr'><strong>tis</strong></span> <span class='ocrx_word' id='word_1_696' title='bbox 2209 4067 2321 4121; x_wconf 84' lang='lat' dir='ltr'><strong>fere</strong></span> <span class='ocrx_word' id='word_1_697' title='bbox 2374 4070 2653 4166; x_wconf 79' lang='lat' dir='ltr'><strong>omnibus,</strong></span> <span class='ocrx_word' id='word_1_698' title='bbox 2702 4076 2790 4129; x_wconf 87' lang='lat' dir='ltr'><strong>vel</strong></span> <span class='ocrx_word' id='word_1_699' title='bbox 2850 4083 2973 4134; x_wconf 85' lang='lat' dir='ltr'><strong>toti</strong></span> <span class='ocrx_word' id='word_1_700' title='bbox 3032 4086 3227 4158; x_wconf 87' lang='lat' dir='ltr'><strong>libri,</strong></span> <span class='ocrx_word' id='word_1_701' title='bbox 3283 4098 3385 4150; x_wconf 83' lang='lat' dir='ltr'><strong>vel</strong></span> <span class='ocrx_word' id='word_1_702' title='bbox 3440 4065 3801 4166; x_wconf 48' lang='lat' dir='ltr'><strong>insigniavfra-</strong></span> 
     </span>
    </p>
   </div>
   <div class='ocr_carea' id='block_1_103' title="bbox 2086 4160 3802 4262">
    <p class='ocr_par' dir='ltr' id='par_1_103' title="bbox 2086 4160 3802 4262">
     <span class='ocr_line' id='line_1_103' title="bbox 2086 4160 3802 4262; baseline 0.024 -55"><span class='ocrx_word' id='word_1_703' title='bbox 2086 4167 2319 4222; x_wconf 79' lang='lat' dir='ltr'><strong>gmenta,</strong></span> <span class='ocrx_word' id='word_1_704' title='bbox 2370 4160 2456 4213; x_wconf 91' lang='lat' dir='ltr'><strong>vel</strong></span> <span class='ocrx_word' id='word_1_705' title='bbox 2492 4164 2806 4262; x_wconf 62' lang='lat' dir='ltr'><strong>particula:</strong></span> <span class='ocrx_word' id='word_1_706' title='bbox 2860 4172 3113 4243; x_wconf 63' lang='lat' dir='ltr'><strong>aliqua:</strong></span> <span class='ocrx_word' id='word_1_707' title='bbox 3177 4185 3263 4238; x_wconf 85' lang='lat' dir='ltr'><strong>ad</strong></span> <span class='ocrx_word' id='word_1_708' title='bbox 3320 4200 3533 4245; x_wconf 89' lang='lat' dir='ltr'><strong>nostra</strong></span> <span class='ocrx_word' id='word_1_709' title='bbox 3558 4160 3802 4262; x_wconf 38' lang='lat' dir='ltr'><strong>lempon</strong></span> 
     </span>
    </p>
   </div>
   <div class='ocr_carea' id='block_1_104' title="bbox 2084 4251 3803 4353">
    <p class='ocr_par' dir='ltr' id='par_1_104' title="bbox 2084 4251 3803 4353">
     <span class='ocr_line' id='line_1_104' title="bbox 2084 4251 3803 4353; baseline 0.024 -53"><span class='ocrx_word' id='word_1_710' title='bbox 2084 4259 2461 4353; x_wconf 77' lang='lat' dir='ltr'><strong>pervenerunt.</strong></span> <span class='ocrx_word' id='word_1_711' title='bbox 2492 4251 2535 4305; x_wconf 88' lang='lat' dir='ltr'><strong>E</strong></span> <span class='ocrx_word' id='word_1_712' title='bbox 2561 4253 2720 4309; x_wconf 89' lang='lat' dir='ltr'><strong>libris</strong></span> <span class='ocrx_word' id='word_1_713' title='bbox 2744 4261 3004 4325; x_wconf 86' lang='lat' dir='ltr'><strong>quidem</strong></span> <span class='ocrx_word' id='word_1_714' title='bbox 3045 4270 3144 4326; x_wconf 80' lang='lat' dir='ltr'><strong>De</strong></span> <span class='ocrx_word' id='word_1_715' title='bbox 3186 4285 3634 4338; x_wconf 75' lang='lat' dir='ltr'><strong>resurrectione</strong></span> <span class='ocrx_word' id='word_1_716' title='bbox 3650 4251 3803 4353; x_wconf 69' lang='lat' dir='ltr'><strong>primo</strong></span> 
     </span>
    </p>
   </div>
   <div class='ocr_carea' id='block_1_105' title="bbox 2084 4339 3801 4444">
    <p class='ocr_par' dir='ltr' id='par_1_105' title="bbox 2084 4339 3801 4444">
     <span class='ocr_line' id='line_1_105' title="bbox 2084 4339 3801 4444; baseline 0.024 -57"><span class='ocrx_word' id='word_1_717' title='bbox 2084 4348 2139 4444; x_wconf 56' lang='lat' dir='ltr'><strong>et</strong></span> <span class='ocrx_word' id='word_1_718' title='bbox 2172 4339 2755 4444; x_wconf 34' lang='lat' dir='ltr'><strong>s‘ecu&#39;ttdo-l&#39;ragtnenta</strong></span> <span class='ocrx_word' id='word_1_719' title='bbox 2798 4351 3056 4444; x_wconf 80' lang='lat' dir='ltr'><strong>aliquot</strong></span> <span class='ocrx_word' id='word_1_720' title='bbox 3137 4366 3472 4436; x_wconf 80' lang='lat' dir='ltr'><strong>depromit</strong></span> <span class='ocrx_word' id='word_1_721' title='bbox 3510 4339 3801 4444; x_wconf 70' lang='lat' dir='ltr'><strong>Pamphilus</strong></span> 
     </span>
    </p>
   </div>
   <div class='ocr_carea' id='block_1_106' title="bbox 2086 4425 3800 4522">
    <p class='ocr_par' dir='ltr' id='par_1_106' title="bbox 2086 4425 3800 4522">
     <span class='ocr_line' id='line_1_106' title="bbox 2086 4425 3800 4522; baseline 0.015 -46"><span class='ocrx_word' id='word_1_722' title='bbox 2086 4425 2137 4522; x_wconf 84' lang='lat' dir='ltr'><strong>in</strong></span> <span class='ocrx_word' id='word_1_723' title='bbox 2172 4426 2529 4496; x_wconf 82' lang='lat' dir='ltr'><strong>Apologetico,</strong></span> <span class='ocrx_word' id='word_1_724' title='bbox 2562 4436 2634 4486; x_wconf 89' lang='lat' dir='ltr'><strong>ad</strong></span> <span class='ocrx_word' id='word_1_725' title='bbox 2669 4439 3005 4505; x_wconf 80' lang='lat' dir='ltr'><strong>septimam</strong></span> <span class='ocrx_word' id='word_1_726' title='bbox 3065 4425 3527 4522; x_wconf 53' lang='lat' dir='ltr'><strong>depe&#39;uendam</strong></span> 
     </span>
    </p>
   </div>
   <div class='ocr_carea' id='block_1_107' title="bbox 2089 4516 3799 4628">
    <p class='ocr_par' dir='ltr' id='par_1_107' title="bbox 2089 4523 3799 4628">
     <span class='ocr_line' id='line_1_107' title="bbox 2089 4523 3799 4628; baseline 0.018 -48"><span class='ocrx_word' id='word_1_727' title='bbox 2089 4523 2554 4628; x_wconf 34' lang='grc' dir='ltr'><strong>ςῗέιθιξιξῖΑξξιῘξι--ἱιθ</strong></span> <span class='ocrx_word' id='word_1_728' title='bbox 2586 4538 3045 4628; x_wconf 53' lang='lat' dir='ltr'><strong>:esurrecttone</strong></span> <span class='ocrx_word' id='word_1_729' title='bbox 3092 4547 3273 4602; x_wconf 81' lang='lat' dir='ltr'><strong>male</strong></span> <span class='ocrx_word' id='word_1_730' title='bbox 3324 4555 3599 4611; x_wconf 89' lang='lat' dir='ltr'><strong>sensisse</strong></span> <span class='ocrx_word' id='word_1_731' title='bbox 3637 4555 3799 4628; x_wconf 77' lang='lat' dir='ltr'><strong>Orige-</strong></span> 
     </span>
    </p>
   </div>
   <div class='ocr_carea' id='block_1_108' title="bbox 2087 4605 3799 4715">
    <p class='ocr_par' dir='ltr' id='par_1_108' title="bbox 2087 4605 3799 4715">
     <span class='ocr_line' id='line_1_108' title="bbox 2265 4605 3777 4636; baseline 0.026 -21"><span class='ocrx_word' id='word_1_732' title='bbox 2265 4606 2274 4615; x_wconf 82' lang='grc' dir='ltr'>ι</span> <span class='ocrx_word' id='word_1_733' title='bbox 2301 4622 2311 4636; x_wconf 51' lang='grc'><strong><em>⁵</em></strong></span> <span class='ocrx_word' id='word_1_734' title='bbox 3377 4605 3380 4606; x_wconf 19' lang='lat'><em>7</em></span> <span class='ocrx_word' id='word_1_735' title='bbox 3447 4605 3595 4611; x_wconf 27' lang='lat' dir='ltr'><strong>—‘-‘v</strong></span> <span class='ocrx_word' id='word_1_736' title='bbox 3646 4605 3777 4628; x_wconf 34' lang='grc' dir='ltr'><strong>---ην</strong></span> 
     </span>
     <span class='ocr_line' id='line_1_109' title="bbox 2087 4605 3799 4715; baseline 0.027 -64"><span class='ocrx_word' id='word_1_737' title='bbox 2087 4605 2554 4715; x_wconf 35' lang='lat' dir='ltr'><strong>neshdic&#39;elbatur.</strong></span> <span class='ocrx_word' id='word_1_738' title='bbox 2586 4610 2699 4715; x_wconf 48' lang='lat' dir='ltr'><strong>Ex“</strong></span> <span class='ocrx_word' id='word_1_739' title='bbox 2728 4620 2969 4715; x_wconf 39' lang='lat' dir='ltr'><strong>eode-nr</strong></span> <span class='ocrx_word' id='word_1_740' title='bbox 3016 4643 3295 4705; x_wconf 88' lang='lat' dir='ltr'><strong>quoque</strong></span> <span class='ocrx_word' id='word_1_741' title='bbox 3376 4657 3590 4712; x_wconf 87' lang='lat' dir='ltr'><strong>opere,</strong></span> <span class='ocrx_word' id='word_1_742' title='bbox 3634 4647 3799 4715; x_wconf 82' lang='lat' dir='ltr'><strong>capitis</strong></span> 
     </span>
    </p>
   </div>
   <div class='ocr_carea' id='block_1_109' title="bbox 2087 4689 3799 4806">
    <p class='ocr_par' dir='ltr' id='par_1_109' title="bbox 2087 4689 3799 4806">
     <span class='ocr_line' id='line_1_110' title="bbox 2087 4689 3799 4806; baseline 0.006 -25"><span class='ocrx_word' id='word_1_743' title='bbox 2087 4689 2701 4806; x_wconf 40' lang='lat' dir='ltr'><strong>Effrnilihri‘ﬁec“&quot;di</strong></span> <span class='ocrx_word' id='word_1_744' title='bbox 2738 4707 2896 4806; x_wconf 57' lang='grc' dir='ltr'><strong>Περὶ</strong></span> <span class='ocrx_word' id='word_1_745' title='bbox 2932 4689 3223 4792; x_wconf 46' lang='grc' dir='ltr'><strong>ἀρᾶεῶνῖ,</strong></span> <span class='ocrx_word' id='word_1_746' title='bbox 3265 4689 3521 4787; x_wconf 55' lang='lat' dir='ltr'><strong>latent;</strong></span> 
     </span>
    </p>
   </div>
   <div class='ocr_carea' id='block_1_110' title="bbox 2083 4783 3111 4862">
    <p class='ocr_par' dir='ltr' id='par_1_110' title="bbox 2083 4783 3111 4862">
     <span class='ocr_line' id='line_1_111' title="bbox 2083 4783 3111 4862; baseline 0.035 -36"><span class='ocrx_word' id='word_1_747' title='bbox 2083 4791 2238 4844; x_wconf 88' lang='lat' dir='ltr'><strong>gene,</strong></span> <span class='ocrx_word' id='word_1_748' title='bbox 2269 4794 2394 4846; x_wconf 89' lang='lat' dir='ltr'><strong>pars</strong></span> <span class='ocrx_word' id='word_1_749' title='bbox 2430 4783 2618 4853; x_wconf 87' lang='lat' dir='ltr'><strong>aliqua</strong></span> <span class='ocrx_word' id='word_1_750' title='bbox 2657 4796 2948 4852; x_wconf 82' lang='lat' dir='ltr'><strong>translata</strong></span> <span class='ocrx_word' id='word_1_751' title='bbox 2978 4783 3111 4862; x_wconf 67' lang='lat' dir='ltr'><strong>est.</strong></span> 
     </span>
    </p>
   </div>
   <div class='ocr_carea' id='block_1_111' title="bbox 3114 5197 3795 5281">
    <p class='ocr_par' dir='ltr' id='par_1_111' title="bbox 3114 5197 3795 5281">
     <span class='ocr_line' id='line_1_112' title="bbox 3114 5197 3795 5281; baseline 0.032 -34"><span class='ocrx_word' id='word_1_752' title='bbox 3114 5197 3203 5249; x_wconf 80' lang='lat' dir='ltr'><strong>ita</strong></span> <span class='ocrx_word' id='word_1_753' title='bbox 3244 5200 3516 5264; x_wconf 76' lang='lat' dir='ltr'><strong>Plotini.</strong></span> <span class='ocrx_word' id='word_1_754' title='bbox 3570 5212 3631 5265; x_wconf 90' lang='lat' dir='ltr'><strong>Si</strong></span> <span class='ocrx_word' id='word_1_755' title='bbox 3689 5211 3795 5281; x_wconf 66' lang='lat' dir='ltr'><strong>quis</strong></span> 
     </span>
    </p>
   </div>
   <div class='ocr_carea' id='block_1_112' title="bbox 3117 5295 3791 5369">
    <p class='ocr_par' dir='ltr' id='par_1_112' title="bbox 3117 5295 3791 5369">
     <span class='ocr_line' id='line_1_113' title="bbox 3117 5295 3791 5369; baseline 0.018 -29"><span class='ocrx_word' id='word_1_756' title='bbox 3117 5295 3247 5344; x_wconf 89' lang='lat' dir='ltr'><strong>eris</strong></span> <span class='ocrx_word' id='word_1_757' title='bbox 3274 5295 3375 5349; x_wconf 83' lang='lat' dir='ltr'><strong>Sui</strong></span> <span class='ocrx_word' id='word_1_758' title='bbox 3405 5311 3791 5369; x_wconf 80' lang='lat' dir='ltr'><strong>argumentum</strong></span> 
     </span>
    </p>
   </div>
   <div class='ocr_carea' id='block_1_113' title="bbox 2342 5375 3789 5454">
    <p class='ocr_par' dir='ltr' id='par_1_113' title="bbox 2342 5375 3789 5454">
     <span class='ocr_line' id='line_1_114' title="bbox 2342 5375 3789 5454; baseline 0.041 -59"><span class='ocrx_word' id='word_1_759' title='bbox 2468 5375 2815 5454; x_wconf 68' lang='lat' dir='ltr'><strong>snt-upmsse,</strong></span> <span class='ocrx_word' id='word_1_760' title='bbox 2855 5380 2888 5420; x_wconf 92' lang='lat' dir='ltr'><strong>a</strong></span> <span class='ocrx_word' id='word_1_761' title='bbox 2924 5382 3070 5426; x_wconf 82' lang='lat' dir='ltr'><strong>vero</strong></span> <span class='ocrx_word' id='word_1_762' title='bbox 3112 5375 3375 5448; x_wconf 79' lang='lat' dir='ltr'><strong>longius</strong></span> <span class='ocrx_word' id='word_1_763' title='bbox 3432 5406 3553 5444; x_wconf 90' lang='lat' dir='ltr'><strong>non</strong></span> <span class='ocrx_word' id='word_1_764' title='bbox 3605 5392 3789 5454; x_wconf 83' lang='lat' dir='ltr'><strong>abibit;</strong></span> 
     </span>
    </p>
   </div>
   <div class='ocr_carea' id='block_1_114' title="bbox 2082 5439 3789 5535">
    <p class='ocr_par' dir='ltr' id='par_1_114' title="bbox 2082 5439 3789 5535">
     <span class='ocr_line' id='line_1_115' title="bbox 2082 5439 3789 5535; baseline 0.01 -16"><span class='ocrx_word' id='word_1_765' title='bbox 2082 5439 2416 5535; x_wconf 49' lang='grc' dir='ltr'><strong>ῗῗξῗξθηίω</strong></span> <span class='ocrx_word' id='word_1_766' title='bbox 2460 5451 2777 5519; x_wconf 73' lang='grc' dir='ltr'><strong>υιτυιιιιιυθ</strong></span> <span class='ocrx_word' id='word_1_767' title='bbox 2827 5458 3125 5519; x_wconf 72' lang='lat' dir='ltr'><strong>incertum</strong></span> <span class='ocrx_word' id='word_1_768' title='bbox 3183 5439 3311 5529; x_wconf 63' lang='lat' dir='ltr'><strong>est.</strong></span> 
     </span>
    </p>
   </div>
   <div class='ocr_carea' id='block_1_115' title="bbox 2083 5516 3789 5656">
    <p class='ocr_par' dir='ltr' id='par_1_115' title="bbox 2083 5516 3789 5656">
     <span class='ocr_line' id='line_1_116' title="bbox 2083 5516 3789 5656; baseline 0.026 -71"><span class='ocrx_word' id='word_1_769' title='bbox 2083 5523 2334 5656; x_wconf 47' lang='lat'><strong>$306&quot;:</strong></span> <span class='ocrx_word' id='word_1_770' title='bbox 2368 5540 2572 5656; x_wconf 50' lang='lat' dir='ltr'><strong>parum</strong></span> <span class='ocrx_word' id='word_1_771' title='bbox 2609 5552 2921 5605; x_wconf 86' lang='lat' dir='ltr'><strong>assecutus</strong></span> <span class='ocrx_word' id='word_1_772' title='bbox 2945 5562 3033 5608; x_wconf 88' lang='lat' dir='ltr'><strong>est</strong></span> <span class='ocrx_word' id='word_1_773' title='bbox 3079 5516 3548 5640; x_wconf 42' lang='lat' dir='ltr'><strong>[inlinusfqutiil</strong></span> <span class='ocrx_word' id='word_1_774' title='bbox 3575 5516 3789 5626; x_wconf 44' lang='lat' dir='ltr'><strong>iiIi-Et;</strong></span> 
     </span>
     <span class='ocr_line' id='line_1_117' title="bbox 2260 5621 3182 5656; baseline 0 0"><span class='ocrx_word' id='word_1_775' title='bbox 2260 5627 2312 5656; x_wconf 74' lang='lat' dir='ltr'><strong>ni</strong></span> <span class='ocrx_word' id='word_1_776' title='bbox 2396 5621 2548 5656; x_wconf 66' lang='lat' dir='ltr'><strong>ium-</strong></span> <span class='ocrx_word' id='word_1_777' title='bbox 2592 5634 2734 5656; x_wconf 37' lang='lat' dir='ltr'><strong>n_4\</strong></span> <span class='ocrx_word' id='word_1_778' title='bbox 2791 5640 2807 5656; x_wconf 77' lang='grc'><em>›</em></span> <span class='ocrx_word' id='word_1_779' title='bbox 2914 5642 2938 5653; x_wconf 66' lang='grc'><strong>-</strong></span> <span class='ocrx_word' id='word_1_780' title='bbox 3131 5653 3182 5656; x_wconf 71' lang='lat'><strong>_-</strong></span> 
     </span>
    </p>
   </div>
   <div class='ocr_carea' id='block_1_116' title="bbox 2104 5617 3789 5732">
    <p class='ocr_par' dir='ltr' id='par_1_116' title="bbox 2104 5617 3789 5732">
     <span class='ocr_line' id='line_1_118' title="bbox 2104 5617 3789 5732; baseline -0.002 0"><span class='ocrx_word' id='word_1_781' title='bbox 2104 5617 2552 5732; x_wconf 53' lang='lat' dir='ltr'><strong>23°..i‘..“_.‘3&quot;.&#39;.°s</strong></span> <span class='ocrx_word' id='word_1_782' title='bbox 2584 5634 2739 5732; x_wconf 58' lang='grc' dir='ltr'><strong>Περὶ</strong></span> <span class='ocrx_word' id='word_1_783' title='bbox 2760 5640 2989 5732; x_wconf 56' lang='lat' dir='ltr'><strong>me</strong></span> <span class='ocrx_word' id='word_1_784' title='bbox 3041 5653 3211 5707; x_wconf 70' lang='lat' dir='ltr'><strong>reddi</strong></span> <span class='ocrx_word' id='word_1_785' title='bbox 3262 5617 3407 5713; x_wconf 63' lang='grc' dir='ltr'><strong>ἑεῖιέι</strong></span> <span class='ocrx_word' id='word_1_786' title='bbox 3436 5617 3638 5732; x_wconf 58' lang='grc' dir='ltr'><strong>’³ἑέςᾶ</strong></span> <span class='ocrx_word' id='word_1_787' title='bbox 3666 5617 3789 5719; x_wconf 55' lang='lat' dir='ltr'><strong>nec</strong></span> 
     </span>
    </p>
   </div>
   <div class='ocr_carea' id='block_1_117' title="bbox 2594 5729 3786 5822">
    <p class='ocr_par' dir='ltr' id='par_1_117' title="bbox 2594 5729 3786 5822">
     <span class='ocr_line' id='line_1_119' title="bbox 2594 5729 3786 5822; baseline 0.031 -38"><span class='ocrx_word' id='word_1_788' title='bbox 2594 5729 2687 5785; x_wconf 68' lang='lat' dir='ltr'><strong>vel</strong></span> <span class='ocrx_word' id='word_1_789' title='bbox 2744 5731 2831 5791; x_wconf 81' lang='lat' dir='ltr'><strong>De</strong></span> <span class='ocrx_word' id='word_1_790' title='bbox 2872 5746 3271 5808; x_wconf 68' lang='lat' dir='ltr'><strong>potestatibus.</strong></span> <span class='ocrx_word' id='word_1_791' title='bbox 3328 5729 3489 5822; x_wconf 77' lang='lat' dir='ltr'><strong>Quis</strong></span> <span class='ocrx_word' id='word_1_792' title='bbox 3522 5772 3660 5815; x_wconf 84' lang='lat' dir='ltr'><strong>vero</strong></span> <span class='ocrx_word' id='word_1_793' title='bbox 3688 5771 3786 5813; x_wconf 71' lang='lat' dir='ltr'><strong>non</strong></span> 
     </span>
    </p>
   </div>
   <div class='ocr_carea' id='block_1_118' title="bbox 2080 5252 3112 5352">
    <p class='ocr_par' dir='ltr' id='par_1_118' title="bbox 2080 5252 3112 5352">
     <span class='ocr_line' id='line_1_120' title="bbox 2080 5252 3112 5352; baseline 0.041 -57"><span class='ocrx_word' id='word_1_794' title='bbox 2080 5252 2729 5352; x_wconf 50' lang='lat' dir='ltr'><strong>econtrariolonginum</strong></span> <span class='ocrx_word' id='word_1_795' title='bbox 2750 5267 3004 5332; x_wconf 78' lang='lat' dir='ltr'><strong>aﬂirntet</strong></span> <span class='ocrx_word' id='word_1_796' title='bbox 3028 5295 3112 5352; x_wconf 88' lang='lat' dir='ltr'><strong>op</strong></span> 
     </span>
    </p>
   </div>
   <div class='ocr_carea' id='block_1_119' title="bbox 2080 5334 2815 5427">
    <p class='ocr_par' dir='ltr' id='par_1_119' title="bbox 2080 5334 2815 5427">
     <span class='ocr_line' id='line_1_121' title="bbox 2080 5334 2815 5427; baseline 0.045 -42"><span class='ocrx_word' id='word_1_797' title='bbox 2080 5334 2149 5388; x_wconf 90' lang='lat' dir='ltr'><strong>ab</strong></span> <span class='ocrx_word' id='word_1_798' title='bbox 2191 5336 2431 5412; x_wconf 84' lang='lat' dir='ltr'><strong>Origene</strong></span> <span class='ocrx_word' id='word_1_799' title='bbox 2468 5357 2815 5427; x_wconf 87' lang='lat' dir='ltr'><strong>sumpsisse,</strong></span> 
     </span>
    </p>
   </div>
  </div>
