3922 6428
266 359 390 414 1257
1057 356 1604 413 ORIGENIANORUM
1638 358 1762 412 LIB.
1801 358 1888 423 lli,
1926 359 2071 413 CAP.
2111 359 2195 426 ιιι,
2238 359 2424 415 SECT.
2466 359 2530 415 ll.
3235 366 3366 420 ηδε

263 481 488 547 intelligit
516 479 826 535 Christianae
849 479 1138 548 religionis,
1163 495 1226 534 ac
1253 495 1392 534 vera:
1411 479 1754 549 philosophia:
1779 488 1828 544 Α
1852 479 2228 546 dissimulatos,
2255 481 2396 536 nullo
2429 480 2571 544 falsae
2602 480 3055 550 interpretationis
3080 483 3200 540 fuco
3232 487 3368 542 obli-

261 570 502 622 elementa
559 569 658 622 hoc
707 569 841 622 libro
891 569 1100 622 tradere
1155 569 1478 638 pr0positum
1531 567 1749 635 Origeni
1850 576 1963 633 tos;
1994 568 2136 621 utab
2167 569 2230 622 iis
2256 569 2306 622 in
2330 571 2602 640 prapatulo
2622 570 2809 638 positis
2839 570 3043 626 facilius
3070 573 3169 628 sibi
3204 575 3368 630 lector

259 656 446 710 fuisse?
465 656 808 722 Quamobrem
833 670 1012 710 revera
1038 668 1179 723 sunt,
1204 658 1486 728 utsubjicit
1512 659 1748 724 Ruﬁnus,
1848 658 2062 736 faceret.
2093 657 2281 710 Verum
2324 659 2388 713 ad
2427 661 2564 714 hanc
2587 670 2796 714 aetatem
2829 675 2960 716 nova
2989 663 3173 719 istliaac
3198 665 3363 720 inter-

257 753 308 798 et
331 746 697 808 obscurissimi,
728 757 781 800 et
803 746 1108 803 dilﬁcillimi.
1143 748 1346 802 Addere
1378 758 1580 815 poterat
1613 767 1626 802 :
1667 763 1753 802 er—
1847 749 2070 816 pretatio
2102 763 2202 802 non
2235 751 2491 815 pervenit.

257 834 454 887 roribus
481 849 706 903 quoque,
730 845 782 888 et
819 835 1156 906 ψευδωνύμου
1191 835 1433 903 γνώσεως
1465 839 1753 894 seminibus

1920 835 2110 890 Narrat
2155 851 2220 890 ex
2265 837 2485 892 aliorum
2518 840 2617 893 ﬁde
2649 840 2883 894 Andreas
2927 841 3143 897 ltivetus
3181 841 3363 898 Critici

256 921 569 976 refertissimi
598 941 610 975 :
641 924 690 976 in
722 922 786 976 iis
806 924 997 992 quippe
1019 925 1276 993 praecipua
1301 926 1596 992 dogmatum
1627 942 1752 982 suo-
1848 926 1982 979 sacri
2031 926 2164 979 libro
2206 942 2262 994 tt,
2288 942 2402 994 cap.
2449 927 2543 991 i2,
2579 929 2740 984 libros
2779 932 2912 998 Περὶ
2948 930 3144 1000 ἀρχῶν
3185 932 3365 989 Graece

251 1023 359 1062 rum
407 1008 737 1064 fundamenta
777 1012 1029 1083 Origenes
1075 1015 1266 1080 posuit.
1311 1013 1568 1079 Quocirca
1596 1017 1753 1086 Didy-
1847 1017 2074 1082 scriptos
2101 1027 2310 1069 exstare
2351 1017 2400 1069 in
2429 1017 2737 1084 quibusdam
2753 1019 3112 1080 bibliothecis.
3143 1021 3362 1080 Falsum

248 1114 361 1152 nius
387 1100 628 1153 brevibus
646 1116 736 1154 eos
758 1102 1513 1172 illustravitcommentariolis,
1533 1107 1754 1162 Ruﬁnus
1850 1105 1899 1157 id
1937 1119 2052 1158 esse
2103 1105 2361 1159 afﬁrmare
2408 1107 2616 1160 ausim:
2663 1123 2779 1161 nam
2824 1125 2994 1178 neque
3040 1113 3092 1164 in
3127 1111 3363 1174 Gallicis.

245 1203 368 1241 vero
404 1190 636 1243 [tertiana
675 1190 879 1260 loquela
904 1196 1166 1261 exposuit.
1207 1195 1393 1250 Verum
1429 1208 1486 1250 nt
1512 1213 1751 1252 errorum
1849 1200 1939 1242 at"
1975 1190 2188 1253 “alitis.
2231 1203 2322 1245 θυι
2356 1192 2703 1256 Germanic“:
2738 1204 2828 1248 θυι
2868 1197 3162 1266 Hispanias
3209 1215 3362 1270 τερθ-

243 1292 451 1332 suorum
491 1281 662 1348 capita
705 1281 756 1333 in
805 1283 902 1336 hac
933 1283 1294 1339 lucubratione
1334 1287 1588 1340 conclusit
1628 1287 1751 1342 θεοί-
1850 1277 1944 1330 ΓῘΓῘ
1974 1292 2063 1331 COS
2095 1279 2445 1332 certissimum
2488 1288 2586 1333 est.
2632 1281 2889 1334 Incertum
2933 1297 3056 1336 VCI‘O
3100 1295 3182 1339 θεῑ
3209 1300 3273 1338 an
3300 1300 3366 1339 ex

239 1382 414 1434 senes,
450 1369 520 1420 ita
551 1369 604 1423 in
634 1371 817 1424 eadem
851 1372 999 1427 male
1026 1388 1134 1428 sugg
1174 1383 1225 1427 et
1252 1374 1404 1428 ﬂuxa
1435 1378 1640 1442 penitus
1669 1379 1751 1430 in-
1849 1367 2020 1421 aliena
2046 1368 2166 1430 ﬁde,
2196 1384 2260 1421 an
2291 1382 2356 1422 ex
2381 1384 2476 1422 $th
2501 1369 2708 1438 ingenio
2732 1370 3015 1436 conjecerit
3038 1373 3369 1429 Abrahamus

241 1460 577 1526 terprctando
627 1460 743 1538 fidei
797 1464 1062 1531 egregium
1110 1465 1373 1534 specimen
1417 1467 1572 1520 edere
1619 1467 1755 1522 velle
1851 1459 2113 1512 δαυιιθιυε
2136 1459 2202 1523 ⁷⁸,
2225 1458 2710 1525 Αηθεθβιιὶιῗεεοεῖην
2735 1476 2851 1529 ⁸1⁸³³⁸
2891 1471 3129 1528 (ιιιετιιιηι
3177 1464 3370 1518 Claudii

236 1548 376 1600 visus
405 1558 485 1601 est
509 1548 767 1604 Ruﬁnus:
797 1552 872 1605 sic
895 1553 1032 1604 enim
1064 1553 1203 1606 fatur
1224 1553 1275 1606 in
1299 1553 1554 1622 Prologo:
1585 1573 1603 1606 ι
1639 1555 1754 1610 Sic-

1850 1546 2036 1599 librum
2082 1547 2256 1614 operis
2293 1545 2364 1597 De
2409 1546 2690 1612 principiis,
2732 1561 2848 1601 esse
2889 1547 3066 1602 Ruﬁni
3107 1550 3185 1602 vel
3217 1549 3368 1603 Pam-

237 1638 322 1690 ubi
355 1653 483 1707 ει-εο
540 1655 636 1693 nos
689 1641 740 1694 in
797 1641 927 1695 libro
959 1643 1071 1710 ejus
1101 1643 1270 1712 (Περι
1302 1644 1531 1714 ἀρχῶν)
1560 1647 1752 1715 aliquid
1851 1635 2000 1704 pliili.
2035 1634 2182 1699 Quod
2213 1643 2270 1687 ut
2314 1635 2456 1688 nullo
2490 1646 2726 1700 auctore,
2763 1637 2900 1690 nulla
2939 1639 3143 1692 ratione
3188 1639 3370 1693 subni-

235 1726 374 1780 circa
426 1728 478 1780 id
523 1728 835 1793 invenimus,
867 1731 1003 1797 quod
1036 1733 1102 1786 ab
1136 1734 1249 1800 ipso
1298 1735 1349 1788 in
1386 1737 1590 1790 caeteris
1623 1739 1752 1792 locis

1853 1741 1974 1777 xum
2007 1725 2335 1794 proponitur,
2377 1725 2451 1778 ita
2495 1725 2639 1780 nullo
2666 1726 2889 1781 adducto
2928 1739 3238 1798 argumento
3288 1742 3372 1783 re-

234 1817 316 1881 pie
337 1818 402 1868 de
436 1815 694 1869 Trinitate
719 1817 890 1871 fuerat
911 1821 1206 1886 deﬁnitum,
1234 1823 1374 1876 velut
1401 1825 1747 1880 adulteratum
1779 1805 1822 1862 Β
1847 1815 2112 1884 [ludimur-

229 1902 335 1956 hoc
363 1913 418 1956 et
452 1904 706 1970 alienum,
738 1916 826 1958 aut
851 1910 1300 1974 praetermisimus,
1341 1923 1430 1966 aut
1466 1915 1751 1967 secundum

1920 1902 2004 1958 ΙΙΙ.
2042 1902 2379 1957 Ostendimus
2409 1917 2564 1969 supra
2603 1911 2818 1958 auctore
2848 1904 3170 1974 Hieronymo
3195 1909 3373 1974 Στρω-

225 2008 346 2046 eam
385 1995 622 2062 regulam
659 1997 994 2062 protulimus,
1020 2013 1175 2067 quam
1209 2001 1276 2054 ab
1307 2002 1419 2070 ipso
1453 2002 1753 2072 frequenter

1844 1991 2046 2059 ματεῖς
2070 1990 2333 2060 Origenis,
2377 1991 2440 2044 ad
2478 1991 2804 2045 Stromateon
2832 1990 3119 2047 Clementis
3150 1993 3371 2048 Alexan-

227 2083 531 2139 ίηνεηῑηιυε
583 2086 910 2142 animum“,
963 2089 1018 2145 Si
1064 2106 1167 2160 qua
1215 2106 1342 2147 sane
1377 2093 1517 2148 vel,“
1569 2096 1752 2163 ρετίιιε
1851 2081 1986 2134 drini
2008 2082 2302 2150 exemplum
2325 2082 2665 2150 compositos,
2684 2081 3104 2136 Christianorum
3127 2082 3371 2150 dogmata

215 2161 331 2239 jam
363 2185 418 2228 ει
461 2176 754 2230 scientibus
798 2178 1037 2246 laqueus,
1081 2181 1204 2235 dum
1248 2182 1480 2237 δι-ενίιετ
1525 2161 1752 2240 "(ausim
1853 2183 1971 2222 cum
2013 2169 2444 2238 philosophorum
2501 2169 2780 2225 sententiis
2826 2171 3133 2235 contulisse,
3173 2171 3368 2240 illaque

222 2262 358 2324 vult,
410 2264 692 2316 obscurius
736 2266 986 2331 protulit;
1023 2283 1116 2321 nos
1155 2278 1212 2321 ut
1245 2271 1573 2326 manifestior
1606 2275 1753 2327 lieret

1850 2271 1916 2310 ex
1963 2258 2028 2310 iis
2052 2257 2412 2312 conﬁrmasse.
2451 2259 2725 2328 Specimen
2771 2259 2976 2314 illorum
3005 2275 3035 2315 e
3062 2268 3210 2315 sexto
3238 2261 3371 2316 libro

219 2349 388 2412 locus,
423 2367 487 2404 ea
509 2367 629 2418 quae
657 2353 722 2406 de
750 2355 860 2421 ipsa
888 2369 944 2409 re
971 2357 1020 2410 in
1053 2357 1170 2411 aliis
1195 2357 1309 2426 ejus
1339 2360 1485 2414 libris
1516 2363 1751 2428 apertius

1851 2348 2183 2416 desumptum
2242 2348 2455 2402 exhibet
2511 2349 2857 2419 Hieronymus
2899 2350 3032 2405 libro
3086 2366 3104 2406 ι
3156 2351 3366 2422 Apolog.

215 2440 548 2507 legcramus,
573 2442 880 2510 adjecimus,
906 2446 1256 2513 explanationi
1281 2450 1550 2503 studentes
1573 2467 1585 2502 :
1622 2452 1750 2504 nihil

1849 2436 2046 2489 advers.
2083 2435 2282 2504 [lu/im,
2313 2452 2432 2506 cap.
2463 2439 2517 2504 4,
2547 2454 2652 2508 quo
2679 2453 2800 2494 cum
2836 2438 3109 2506 Platonem
3140 2441 3372 2496 induxis-

217 2538 398 2582 tamen
435 2539 677 2582 nostrum
703 2531 946 2594 diximus,
969 2535 1059 2586 sed
1085 2534 1204 2587 licet
1230 2535 1278 2587 in
1301 2535 1414 2589 aliis
1436 2536 1564 2590 locis
1588 2539 1749 2602 dicta,
1849 2533 1929 2577 εθῑ
1970 2524 2241 2594 Origenes:
2289 2528 2596 2594 Ρτοικιηῑθῑη
2642 2529 2918 2582 mendam"
2969 2530 3044 2583 υιί
3086 2530 3372 2599 aliquando

218 2627 401 2670 tamen
421 2633 524 2671 sua
541 2619 642 2670 sibi
672 2620 1006 2674 reddidimus.
1035 2640 1052 2671 ι
1071 2623 1167 2687 Qui
1187 2623 1306 2676 licet
1327 2638 1474 2676 suam
1504 2624 1751 2678 voluisset

1850 2611 2027 2678 licere,
2061 2615 2197 2666 idem
2225 2629 2492 2667 sacrorum
2533 2614 2787 2669 librorum
2819 2618 3156 2685 auctoritate,
3187 2629 3240 2674 et
3274 2617 3371 2674 .Iu-

206 2709 394 2762 celare
425 2707 730 2774 perﬁdiam,
754 2708 909 2764 facile
952 2711 1038 2764 illa
1068 2727 1184 2766 sese
1216 2713 1553 2780 prodidisset.
1579 2715 1653 2782 (5)
1676 2716 1748 2768 Ex

1849 2701 2026 2766 dithae,
2092 2700 2328 2756 Esthera:
2381 2716 2442 2756 ac
2514 2700 2694 2756 Jacobi
2743 2704 3062 2773 patriarcha:
3126 2707 3367 2778 exemplo

206 2812 273 2850 eo
327 2799 531 2866 quippe
578 2797 711 2852 libro
759 2801 918 2853 multa
976 2801 1026 2854 in
1069 2801 1451 2869 Apologeticum
1481 2802 1745 2859 transtulit
1848 2792 2059 2846 εειτυίῐο

202 2885 550 2952 Pampbilus,
581 2901 696 2952 quae
727 2888 778 2940 in
801 2888 1071 2942 Ruﬁniana
1098 2891 1525 2957 interpretatione
1551 2893 1751 2948 deside-

1914 2879 2001 2936 lV.
2041 2881 2412 2948 Fragmentum
2451 2896 2480 2936 e
2507 2883 2830 2949 Protreptica
2854 2883 3097 2954 Origenis
3119 2887 3186 2940 ad
3226 2903 3369 2942 mar-

205 2984 400 3031 raotur
432 2992 445 3026 :
481 2974 628 3028 velut
664 2975 717 3027 in
744 2990 806 3029 eo
835 2977 1026 3043 capite,
1056 2977 1144 3030 ubi
1178 2977 1351 3046 agitur
1377 2979 1438 3031 de
1464 2977 1747 3032 Cowterni-

1847 2968 2036 3036 tyrium
2077 2968 2404 3023 Bibliotheca
2448 2970 2609 3040 Regia
2651 2973 2968 3038 suppeditat.
3007 2973 3198 3028 Totum
3239 2991 3366 3031 vero

196 3074 308 3118 tate
342 3061 478 3116 Filii
503 3062 624 3127 Dei,
654 3075 700 3114 et
737 3064 1177 3130 inseparabilitate
1199 3065 1308 3131 ejus
1339 3083 1370 3117 a
1405 3064 1582 3130 Patre,
1615 3067 1745 3120 reci-

1845 3072 1975 3126 opus
2024 3058 2362 3113 illustrissimi
2390 3061 2587 3113 domini
2635 3061 2699 3114 de
2737 3063 2783 3114 la
2808 3061 2994 3128 Barde,
3029 3063 3367 3122 Christianis-

196 3163 349 3208 tatnr
366 3154 739 3207 testimonium
757 3154 891 3207 istud
905 3170 934 3206 e
957 3155 1090 3208 libro
1106 3155 1273 3222 primo
1292 3173 1307 3208 :
1340 3155 1608 3210 Videamus
1628 3173 1745 3225 ergo

1814 3152 1817 3200 ἰ
1847 3148 1965 3200 simi
2012 3149 2154 3216 regis
2192 3150 2329 3214 apud
2363 3148 2627 3203 Helvetios
2645 3151 2824 3216 legati,
2857 3167 2983 3205 cura
3024 3169 3055 3208 e
3087 3154 3363 3212 Basiliensi

191 3246 330 3314 quid
369 3245 442 3298 sit
493 3241 744 3297 Salvator
777 3254 966 3300 noster,
1003 3244 1254 3308 Splendor
1299 3245 1487 3297 dicitur
1515 3246 1579 3310 ⁷⁸,
1622 3255 1745 3305 etc“
1845 3237 2157 3290 bibliotheca
2202 3239 2586 3306 depromptum,
2640 3240 2754 3308 ejus
2787 3241 2951 3294 frater
2983 3242 3232 3298 Ecclesiae
3269 3245 3368 3299 Pa-

193 3337 343 3404 quod
391 3337 604 3390 [ηιειη
636 3334 685 3386 in
716 3334 888 3386 Ruﬁni
926 3337 1270 3390 conversione
1313 3337 1575 3406 requiras,
1619 3337 1748 3390 Tale
1845 3326 2085 3380 risiensis
2112 3327 2420 3388 canonicus,
2456 3342 2588 3380 rarae
2616 3328 2697 3380 vir
2735 3327 2970 3396 pietatis,
3019 3329 3366 3387 humanitatis

189 3429 249 3474 et
278 3419 416 3472 illud
439 3427 526 3473 est
548 3417 926 3470 elibroitidem
949 3416 1118 3486 primo
1144 3419 1365 3486 petitum
1394 3435 1407 3470 :
1440 3417 1593 3471 Exeo
1611 3419 1746 3486 quod
1841 3422 1895 3466 et
1940 3413 2274 3481 integritatis,
2311 3414 2410 3466 mei
2452 3414 2589 3484 juris
2615 3415 2757 3479 fecit,
2805 3432 3005 3484 suoque
3041 3433 3070 3471 a
3114 3435 3199 3474 me
3231 3421 3369 3476 inter

187 3509 326 3562 dicit
356 3506 641 3574 apostolus
661 3504 857 3558 Paulus
885 3521 934 3558 ει
956 3505 1066 3559 Νοη
1090 3508 1154 3560 ab
1174 3507 1470 3561 hominibus
1494 3509 1590 3569 ",i
1617 3519 1742 3572 etc.,
1841 3501 2084 3571 Origenis
2111 3504 2455 3571 Syntagmata
2485 3505 2670 3558 ordine
2702 3506 3069 3562 collocabitur.

185 3599 344 3669 quod
387 3597 634 3651 habetur
676 3597 727 3648 in
764 3609 828 3648 eo
870 3597 1041 3663 capite
1079 3597 1165 3651 ubi
1201 3600 1370 3651 [enim
1389 3600 1742 3652 criminalimﬁ
1909 3589 1972 3643 V.
2018 3592 2091 3644 De
2116 3591 2264 3645 libris
2285 3601 2464 3644 contra
2493 3593 2696 3646 Celsum
2736 3595 2808 3647 ita
2849 3595 3081 3664 Ιοίιυίιυτ
3112 3597 3368 3653 Eusebius

185 3687 522 3757 Pamphilus
546 3686 853 3752 respondet.
881 3686 1034 3740 Aliud
1061 3702 1268 3755 quoque
1294 3688 1522 3742 indidem
1545 3691 1734 3756 profert

1842 3681 1894 3733 in
1919 3681 2268 3733 Antirrhetico
2302 3682 2555 3736 adversus
2590 3683 2885 3738 Hieroclem
2912 3703 2925 3739 :
2950 3686 3180 3756 Δυνάμει
3201 3687 3243 3739 δ’
3268 3688 3367 3758 ἤδη

181 3781 256 3834 ad
294 3789 568 3846 quartam
606 3774 1023 3827 criminationem
1054 3775 1414 3840 refellendam,
1461 3781 1599 3843 quod
1636 3779 1730 3830 lin-

1839 3772 1898 3822 οὐ
1933 3772 2064 3842 πρὸς
2087 3771 2180 3840 τῆς
2212 3771 2343 3834 ἰδίας
2373 3774 2489 3825 κατ’
2511 3774 2685 3826 αὐτῶν
2716 3776 2928 3845 γραφῆς
2951 3777 3363 3847 ἀνατέτραπται,

181 3871 334 3924 ﬁnus
365 3869 420 3920 in
450 3865 897 3930 interpretatione
921 3866 1122 3918 omisit.
1148 3864 1461 3933 Fragmenta
1492 3879 1730 3933 praeterea

1840 3861 1930 3911 καὶ
1989 3861 2485 3929 προαπελήλεγκται
2531 3864 2588 3915 ὲν
2615 3865 2754 3926 ὅλοις
2788 3867 2930 3917 ὀκτὼ
2962 3865 3361 3936 ξυγγράμμασι,

177 3956 519 4014 Philae-alia:
552 3967 622 4006 ex
659 3954 756 4006 hoc
785 3967 942 4020 opere
963 3963 1194 4006 mutuata
1223 3970 1482 4028 summam
1511 3957 1624 4022 ejus
1656 3972 1726 4008 va-

1839 3951 1943 4010 τοῖς
1967 3949 2220 4018 Ὠριγένει
2241 3953 2509 4018 γραφεῖσι,
2528 3952 2658 4021 πρὸς
2687 3954 2776 4006 τὸν
2793 3955 3255 4026 ἀλαξωνικώτερον
3274 3959 3363 4011 τοῦ

175 4051 424 4103 nitatem
455 4051 784 4110 coarguunt,
813 4043 860 4096 si
883 4057 1002 4096 cum
1037 4044 1200 4111 ipsius
1227 4045 1401 4099 verbis
1422 4049 1724 4099 contendan-

1839 4038 2200 4105 Φιλαλήθους
2221 4040 2680 4110 ἐπιγεγραμμένον
2703 4045 2907 4096 Κέλσου
2923 4046 3128 4114 Ἀληθῆ
3165 4049 3362 4116 λόγον,

177 4150 292 4193 tur.
346 4137 686 4202 Quanquam
733 4134 957 4188 dubitari
999 4144 1166 4203 potest
1208 4149 1382 4189 annon
1426 4137 1600 4204 aliqua
1651 4138 1726 4190 de-

1836 4118 1879 4191 ᾧ
1902 4127 1998 4188 τὰς
2031 4126 2249 4191 εὐθύνας
2273 4129 2704 4200 ἀπαραλείπτως,
2741 4136 2796 4186 ὲν
2821 4136 2963 4198 ὅσοις
2991 4137 3313 4208 εὑρήκαμεν,
3336 4141 3365 4192 ὁ

174 4228 468 4284 traxerint
504 4222 748 4277 Basilius
777 4232 830 4275 et
871 4222 1152 4292 Gregorius
1191 4222 1496 4279 Pliilocalia:
1525 4236 1723 4280 conte»

1836 4216 2190 4287 δεδηλωμένοις
2207 4219 2534 4290 παραγαγὼν
2556 4222 2846 4295 ξυλλήῢδην
2865 4226 2964 4280 ὅσα
2986 4229 3065 4290 εἰς
3085 4227 3181 4297 τὴν
3201 4229 3365 4300 αὐτὴν

173 4329 353 4384 tores,
381 4330 514 4384 quae
542 4312 618 4365 ab
649 4312 940 4365 orthodoxa
978 4312 1078 4366 fide
1107 4313 1467 4370 dissentirent.
1494 4315 1722 4370 Certissil

1839 4309 2083 4362 ὑπόθεσιν
2112 4311 2266 4364 παντί
2294 4328 2369 4380 τῳ
2404 4313 2615 4383 εἴρηταί
2641 4331 2700 4366 τε
2724 4317 2816 4369 καὶ
2840 4318 3130 4387 εἰρήσεται,
3167 4321 3362 4390 προλα-

168 4428 327 4466 mum
389 4421 529 4462 vero
576 4404 780 4472 petitur
827 4403 1072 4457 indicium
1104 4419 1169 4458 ex
1214 4405 1548 4460 conflictione
1595 4407 1717 4459 loco-

1837 4397 1944 4450 ὅὼν
1974 4399 2264 4454 διελύσατο.
2299 4419 2317 4452 ο
2349 4401 2460 4455 Jam
2493 4415 2664 4457 autem
2697 4415 2971 4474 potestate,
2997 4407 3118 4462 licet
3143 4425 3245 4464 non
3274 4413 3365 4465 de-

166 4517 323 4565 ι-υω,
371 4511 524 4568 quos
563 4509 598 4548 e
642 4492 790 4545 libris
821 4493 954 4558 Περὶ
982 4492 1179 4560 ἀρχῶν
1209 4503 1473 4562 aeceptos,
1507 4495 1740 4548 ltuﬁnia-
1771 4491 1806 4502 '
1837 4491 2032 4544 stinato
2071 4503 2250 4545 contra
2285 4508 2348 4545 ea
2381 4494 2599 4561 scripto,
2633 4497 2826 4549 obtrita
2858 4505 2910 4551 et
2948 4498 3214 4553 confutata
3241 4511 3363 4556 sttnt

161 4608 374 4651 norum
408 4587 585 4642 valde
620 4583 908 4637 dissimiles
937 4582 1267 4638 Justinianus
1301 4584 1353 4637 in
1400 4582 1634 4650 Epistola
1672 4588 1738 4638 ad
1837 4579 2066 4648 (scripta
2129 4581 2412 4651 Hieroclis)
2458 4585 2510 4636 in
2562 4596 2680 4639 octo
2726 4586 2876 4642 libris
2926 4602 3058 4657 quos
3110 4589 3370 4660 Origenes

163 4685 394 4740 Menam
429 4674 870 4747 repraesentavit.
905 4672 1080 4740 Itaque
1107 4688 1171 4726 ex
1206 4675 1304 4728 hac
1349 4674 1520 4726 ltuﬁni
1556 4675 1739 4729 inﬁde-
1837 4671 2149 4739 conscripsit
2187 4673 2441 4726 adversus
2502 4675 2640 4728 Celsi
2696 4675 2880 4730 Verum
2924 4694 3224 4743 sermonem,
3275 4682 3359 4749 ja-

157 4776 326 4828 maw
360 4777 588 4842 quanta
639 4760 951 4815 Christiania:
988 4762 1169 4828 pietati
1215 4772 1268 4815 et
1311 4762 1561 4815 doctrinae
1598 4763 1738 4830 peri-
1835 4764 2145 4814 ctantioretn
2173 4777 2332 4831 opere
2374 4764 2778 4835 illo(l!ieroclis)
2812 4768 2899 4835 qui
2935 4767 3244 4824 Philolai/tes
3277 4771 3358 4822 in-

153 4867 310 4919 cula-
358 4861 734 4916 exsisterent,
776 4850 1074 4916 intelligens
1131 4849 1500 4919 Hieronymus,
1549 4866 1736 4905 novam
1835 4852 2082 4905 scribitur
2120 4869 2134 4906 :
2189 4853 2242 4905 in
2279 4855 2470 4920 quibus
2509 4871 2696 4908 causas
2733 4871 2918 4912 omnes
2959 4869 3014 4910 et
3054 4868 3357 4926 argumenta

152 4948 704 5019 interpretationem
737 4939 938 4994 meliori
981 4939 1083 4992 ﬁde
1115 4941 1410 5006 adornavit,
1443 4950 1498 4993 et
1535 4940 1734 4994 Latina:
1836 4941 2138 5010 complexus
2165 4944 2245 4996 vir
2274 4943 2379 5010 ille,
2424 4945 2601 4998 omnia
2647 4947 2802 4999 simul
2845 4963 3170 5016 quaecunque
3201 4961 3358 5015 super

149 5042 444 5102 Ecclesiae
494 5032 756 5104 Origenis
797 5029 1048 5086 revelavit
1087 5043 1318 5097 errores,
1353 5030 1512 5084 nullis
1534 5032 1734 5085 artibus
1837 5045 1899 5085 ea
1927 5047 1986 5086 re
2016 5046 2046 5085 a
2076 5048 2340 5102 quoquam
2371 5035 2450 5090 vel
2484 5036 2622 5090 dicta
2654 5046 2798 5102 sunt,
2832 5039 2912 5093 vel
2947 5039 3188 5108 dicentur
3216 5047 3359 5106 post—

208 5208 285 5252 .73
322 5202 506 5258 Hebr.
545 5213 589 5251 ι.
630 5197 704 5260 3;
738 5196 864 5266 Sap.
899 5209 992 5258 vn,
1018 5193 1104 5247 26.
1184 5194 1230 5226 ”
1259 5195 1432 5250 Galat.
1475 5212 1513 5261 ι,
1546 5196 1599 5250 1.
1669 5197 1714 5228 ⁷⁸
1746 5194 1966 5251 Scultet.
1989 5195 2042 5250 in
2075 5195 2288 5250 Medull.
2315 5197 2534 5268 tlaeolog.
2568 5198 2739 5264 Patr.,
2775 5199 2866 5254 lib.
2893 5213 2963 5262 vr,
2987 5213 3103 5265 cap.
3128 5198 3180 5251 4.

227 5330 313 5409 (3)
349 5332 443 5409 Ea;
507 5322 593 5409 eo
626 5317 818 5409 quippe
849 5326 978 5380 libro
1027 5327 1732 5409 nlullajnJApologeticum
1836 5343 1954 5409 mus
1970 5327 2116 5383 locus
2150 5331 2354 5384 eruitur
2383 5347 2448 5409 ex
2479 5332 2693 5386 homilia
2721 5333 2755 5386 9
2803 5333 2880 5409 ξπΔ
2902 5327 3179 5409 Ιεξςεηιὲαηξ
3207 5327 3356 5396 cuius

227 5344 313 5409 (ὅ)
349 5344 443 5385 me
507 5344 576 5380 eo
632 5344 818 5446 quipfe
849 5344 978 5380 noro
1027 5344 1189 5379 mutta
1237 5344 1292 5379 in
1317 5344 1732 5408 .APOIQgellCIIm
1836 5344 1954 5382 mus
1971 5344 2116 5383 locus
2150 5344 2354 5384 eruitur
2383 5347 2448 5412 ex
2481 5344 2693 5386 nonulla
2721 5344 2755 5386 9
2803 5345 2855 5381 in
2902 5344 3179 5410 seremram
3207 5344 3352 5396 cujus

144 5402 453 5464 transtulit
507 5395 740 5462 Parnpln
763 5414 844 5460 us,
880 5409 984 5450 etc.
1033 5397 1086 5448 In
1137 5396 1362 5465 vulgatis
1401 5396 1734 5465 editiombus
1834 5397 2048 5451 Gnaeus
2068 5408 2348 5453 contextus
2379 5410 2666 5454 etiamnum
2715 5396 3236 5465 exstat._becundus
3289 5414 3352 5452 ex

143 5461 448 5545 Apologia,
479 5461 1148 5545 [’amphili‘inartzris.tria
1177 5461 1446 5545 sequentia
1468 5463 1577 5545 loca
1617 5480 1733 5544 qua:
1791 5525 1798 5530 ι
1834 5465 1986 5545 initio
2023 5467 2142 5520 libri
2174 5467 2726 5545 prittti‘in-‘Epistlolam
2752 5461 3074 5545 adﬁgalatas,
3101 5468 3356 5545 ettertius

142 5529 293 5601 ei'tat
327 5529 608 5596 Boetius,
632 5529 704 5584 cx
726 5532 888 5603 libris
909 5529 1042 5600 Περὶ
1073 5529 1269 5603 ἀρχῷὧ
1313 5532 1584 5603 desumpta
1615 5529 1732 5599 qui-
1792 5529 1795 5530 ν
1830 5541 1899 5588 ex
1927 5529 2314 5603 Commentario
2334 5529 2771 5603 in_Epistolam_ad
2796 5529 3352 5603 Philemonedeeo-

140 5597 276 5669 dem
308 5612 622 5664 dicuntur,
651 5601 753 5674 sed
778 5597 1075 5670 perperam,
1109 5597 1179 5653 et
1199 5600 1398 5674 incuria
1440 5597 1728 5674 editorum,
1830 5617 1947 5674 que
1965 5603 2094 5674 nihil
2121 5600 2296 5658 exstat
2324 5606 2375 5658 in
2392 5597 2651 5674 'A'polggia
2682 5598 2938 5674 Pamphili
2968 5601 3108 5665 quod
3152 5617 3257 5674 non
3286 5605 3354 5658 sit

141 5666 208 5739 in
245 5694 359 5738 suo
395 5677 532 5731 loco
573 5666 886 5726 monuimus
902 5685 967 5725 ex
1007 5683 1132 5722 mss.
1166 5670 1400 5722 codicum
1435 5666 1555 5720 ﬁde.
1610 5666 1727 5724 Pri;
1827 5666 1884 5726 in
1913 5669 2191 5730 Ruﬁniana
2215 5666 2464 5729 librorum
2503 5666 2633 5734 Περὶ
2663 5666 2864 5734 ἀρχῶν
2892 5667 3349 5734 ίιιιετβτθιυιὶουο-

499 5767 785 5825 Parnm.
831 5766 944 5824 Gn.
991 5762 1183 5822 XV“.

2980 5757 3056 5816 Ιιο
