3922 6478
263 419 385 476 1261

1244 415 1793 476 ORIGENIANORUM
1830 417 1953 472 LIB.
1993 418 2076 482 111,
2116 421 2261 475 CAP.
2301 415 2389 472 IV.

3241 419 3366 474 126!

256 535 540 604 pungimus,
566 531 747 602 paucis
775 547 984 602 quoque
1014 533 1079 590 de
1103 548 1164 588 ea
1201 537 1455 603 agendum
1496 544 1599 589 est.
1632 534 1756 587 Phi-
1784 536 1828 593 Α
1856 532 2024 600 Atque
2049 535 2156 586 haec
2181 548 2244 588 eo
2273 534 2515 588 libentius
2549 534 2740 596 refero,
2776 533 2912 601 quod
2953 533 3019 587 iis
3049 531 3192 587 vocis
3221 533 3367 600 φιλο-

253 624 432 680 localia
455 624 580 692 quid
604 623 672 676 sit
696 623 926 678 breviter
946 625 1174 678 declarat
1197 625 1478 692 epigraphe
1512 626 1608 693 ipsi
1634 640 1760 694 pra:-

251 713 334 780 θκὶ
359 712 539 767 solita:
575 711 877 782 Ἐκλογὴνή
910 713 1152 783 παροῦσα
1179 713 1602 784 περιεχειβίσλος
1624 731 1759 784 γραο

247 801 412 871 φικῶν
430 801 743 870 ζητημάτων
767 803 858 854 καὶ
878 803 1182 866 διαλύσεων,
1205 805 1268 856 ὲκ
1288 804 1544 873 διαφόρων
1572 803 1762 872 βεὸλων

245 892 318 960 τῷ
368 890 620 960 Ὠριγένει
676 890 991 960 ποιηθεισῶν
1029 893 1381 963 ἠθροισμένην
1425 893 1525 946 ὑπὸ
1551 895 1658 946 τῶν
1695 893 1760 946 τὰ

243 981 355 1032 θεῖα
405 977 579 1044 σοφῶν
612 977 902 1048 Γρηγορίου
941 980 1033 1032 καὶ
1080 981 1374 1035 Βασιλείου.
1430 1002 1449 1032 ι
1499 982 1758 1036 Delectutn

238 1069 471 1122 continet
505 1070 656 1122 hicce
691 1069 824 1123 liber
848 1071 1192 1138 quaestionum
1219 1080 1272 1125 et
1303 1072 1618 1126 solutionum
1643 1087 1759 1140 quae

235 1157 498 1224 pertinent
523 1159 592 1210 ad
617 1157 967 1225 Scripturam,
993 1173 1058 1213 ex
1083 1160 1244 1214 variis
1272 1161 1422 1216 libris
1447 1162 1513 1214 ab
1537 1161 1760 1230 Origene

233 1246 536 1312 elaboratis,
565 1248 652 1316 qui
677 1247 928 1302 collectus
953 1258 1034 1302 est
1060 1264 1088 1303 a
1114 1250 1240 1305 viris
1261 1251 1554 1304 divinarum
1581 1265 1755 1305 rerum

231 1337 412 1404 peritis
443 1338 704 1408 Gregorio
727 1348 781 1392 et
807 1339 1020 1392 Basilio.
1056 1358 1074 1390 ι
1114 1339 1244 1393 Tum
1277 1340 1606 1409 subjungitur
1647 1340 1757 1407 epi-

228 1427 386 1488 stola,
419 1441 523 1494 qua
563 1428 612 1481 id
643 1442 774 1497 opus
806 1429 871 1481 ad
900 1426 1232 1482 Theodorum
1261 1428 1524 1498 Tyaneum
1554 1428 1757 1495 episco-

227 1531 349 1584 pum
389 1515 681 1584 Gregorius
719 1515 1083 1570 Nazianzenus
1115 1517 1426 1570 transmisit.
1460 1516 1756 1571 Ostendunt

223 1619 432 1672 quoque
447 1606 578 1673 quid
610 1606 680 1660 sit
702 1603 989 1658 Philocalia
1015 1605 1286 1672 elegantes
1311 1604 1492 1668 iambi,
1526 1605 1756 1658 nondum

1861 621 2077 684 καλίας,
2110 636 2214 688 quo
2257 638 2411 677 sensu
2443 639 2471 677 a
2500 623 2692 677 Basilio
2735 632 2788 678 et
2829 624 3082 693 Gregorio
3119 632 3372 690 usurpata

1859 721 1959 773 est,
1983 709 2291 776 signiﬁcatio
2313 714 2626 770 continetur.
2645 711 2966 766 Nihilautem
2984 711 3286 765 sonataliud
3311 727 3374 767 ea

1863 814 1966 852 vox
2012 812 2167 866 quam
2216 798 2469 852 delectum
2509 800 2820 854 eximiorum
2861 802 3202 868 quorumdam
3231 799 3374 854 loco-

1858 904 1971 942 rum
2007 903 2036 943 e
2092 887 2252 940 variis
2300 886 2447 940 libris
2482 889 2754 956 scriptoris
2787 886 3005 954 alicujus
3039 887 3371 956 :cujusmodi

1857 987 1980 1032 sunt
2058 977 2349 1042 fragmenta
2393 988 2424 1028 e
2470 975 2713 1028 Petronio
2763 977 2828 1030 ab
2890 976 3062 1043 aliquo
3120 976 3356 1029 studioso

1859 1067 2094 1122 collecta.
2143 1066 2336 1119 Lucum
2380 1065 2464 1119 hic
2515 1081 2613 1118 non
2658 1066 2812 1120 habet
2861 1067 3021 1119 altera
3064 1066 3370 1133 φιλοκαλίας

1857 1155 2080 1218 notatio,
2111 1169 2264 1222 quam
2294 1152 2444 1206 aﬁert
2474 1153 2792 1221 Augustinus
2820 1155 2936 1208 libr.
2975 1170 3011 1208 ιι
3037 1167 3212 1208 contra
3234 1157 3372 1208 Aca-

1857 1244 2016 1304 dem.,
2070 1255 2186 1310 cap.
2216 1241 2268 1303 1,
2301 1250 2352 1294 et
2373 1239 2465 1294 lib.
2494 1256 2510 1293 ι
2548 1240 2845 1303 Retractat.,
2873 1257 2991 1310 cap.
3022 1245 3072 1308 1,
3097 1257 3213 1297 eam
3242 1259 3360 1297 esse

1858 1331 2096 1382 scribens
2146 1342 2321 1381 rerum
2350 1328 2641 1380 divinarum
2682 1342 2745 1380 ex
2785 1329 2958 1381 divina
3007 1330 3277 1392 relatione,
3318 1342 3372 1385 et

1855 1416 2028 1470 Verbo
2054 1417 2143 1470 Dei
2169 1416 2496 1484 coguitarum
2526 1417 2782 1481 studium;
2817 1431 2918 1484 quo
2951 1431 3106 1471 sensu
3145 1435 3366 1488 usurpa‘

1861 1515 1967 1558 tum
1992 1519 2109 1559 esse
2137 1519 2166 1557 a
2191 1503 2446 1572 Gregorio
2475 1513 2526 1557 et
2559 1503 2752 1557 Basilio
2780 1505 2879 1558 hoc
2921 1507 3226 1560 vocabulum
3251 1509 3369 1576 opi~

1855 1594 1961 1648 nati
1984 1602 2104 1647 sunt
2132 1592 2497 1646 Genebrardus
2526 1605 2578 1644 et
2602 1591 2826 1647 Tarinus
2851 1609 2866 1651 :
2897 1595 2985 1662 qui
3006 1595 3146 1648 enim
3173 1597 3222 1650 id
3244 1612 3372 1650 con‘

1855 1693 2006 1751 gruet
2028 1697 2146 1736 cum
2166 1680 2594 1750 Origeniauorum
2624 1681 2818 1744 aliquot
2833 1682 3060 1736 locorum
3081 1680 3373 1752 Ecloga?At

1860 1785 1924 1826 eo
1951 1785 2132 1833 sensu,
2161 1784 2315 1839 quem
2345 1778 2489 1822 notat
2537 1769 2885 1838 Augustinus,
2941 1774 3242 1841 accipienda
3288 1781 3371 1828 est

1789 1843 1832 1898 Β
1860 1874 1958 1912 vox
1985 1857 2287 1926 φιλόκαλος,
2327 1872 2484 1926 quam
2527 1856 2743 1926 Origeni
2779 1859 3010 1914 tribuere
3055 1862 3368 1930 Gregorium

1855 1949 2181 2015 Theologum
2206 1949 2259 2002 in
2281 1948 2518 2017 epistolis
2548 1949 2734 2003 scribit
2778 1948 2992 2004 Pbotius
3039 1949 3372 2008 Bibliotheca:

1851 2040 1965 2094 cod.
1990 2053 2218 2093 ccxxxu.

224 1691 373 1755 editi,
394 1705 530 1759 quos
556 1692 608 1744 in
627 1691 840 1760 antiquo
855 1693 1177 1750 collectionis
1194 1692 1350 1760 hujus
1371 1693 1550 1747 codice
1570 1707 1756 1746 manu-

221 1781 426 1847 scripto
459 1781 758 1848 reperimus
782 1798 797 1835 :

219 1864 298 1942 ρῦ
317 1869 334 1935 (
350 1869 547 1942 Ὦριγ.)
570 1869 686 1942 τῶν
698 1873 888 1940 λόγων
905 1871 1019 1942 νῦν
1034 1871 1298 1942 ἀρμόγὴν
1314 1873 1452 1940 ὁρᾷς
1480 1872 1682 1942 ξένην,

219 1938 544 1992 Βασίλειον
571 1938 896 2007 κρίνανὲος,
917 1939 995 2006 ὡς
1020 1938 1318 2008 κρέίτέοὺς
1338 1938 1514 1995 πάνυ.

217 2032 385 2102 Cujus
402 2033 598 2100 (Orig.)
610 2051 893 2089 sermonum
908 2052 1037 2089 nunc
1051 2036 1393 2091 collectionem
1407 2037 1540 2090 uides
1552 2051 1748 2099 novam,

218 2103 363 2166 Quos
388 2102 624 2158 Basilius
651 2106 861 2172 Optimos
886 2121 992 2159 esse
1008 2106 1283 2172 judicavit.

209 2317 3358 2346 WWW

564 2479 588 2508 °
1519 2473 1889 2562 CAPUT
1945 2476 2105 2564 IV.

495 2660 636 2732 Quo
677 2661 919 2735 ordine,
962 2661 1193 2739 quibus
1236 2659 1624 2738 temporibus
1675 2658 1967 2736 Origenis
2007 2662 2156 2726 libri
2198 2661 2509 2728 lucubrati
2550 2666 2676 2727 sint
2715 2665 3096 2746 exploratur.

196 2956 244 3012 1.
302 2951 490 3021 Variis
532 2948 770 3021 Origenis
796 2951 1155 3021 scriptionibus
1194 2967 1318 3004 suus
1347 2952 1494 3012 ordo,
1520 2967 1612 3021 sua
1653 2961 1976 3021 tempora__ex
1999 2949 2218 3004 Eusebio
2257 2950 2603 3021 assignantur.
2634 2949 2696 3005 11.
2729 2949 2841 3014 Quo
2868 2958 3084 3017 tempore
3108 2949 3370 3021 Tetrapla,

272 3020 552 3087 Hexapla,
587 3017 642 3070 et
672 3019 893 3086 Octapla
937 3021 1337 3084 concinuauerit,
1367 3020 1721 3088 investigatur.
1756 3017 1845 3071 ΙΙΙ.
1876 3017 2142 3074 Notantur
2170 3019 2414 3088 nonnulla
2458 3021 2594 3088 circa
2633 3021 2866 3070 ordinem
2894 3035 2954 3069 ac
2984 3029 3175 3086 tempus
3198 3017 3375 3088 exige-

269 3089 457 3210 literis».
490 3104 558 3207 (ἕο
583 3097 954 3156 syntagmatum
973 3088 1135 3155 ipsius
1158 3091 1516 3156 quorumdam.
1541 3086 1628 3142 ιν.
1669 3088 2066 3156 Distinguuntur
2125 3088 2352 3155 ejusdem
2389 3086 2614 3140 honiilite
2656 3088 3029 3154 extemporales
3079 3099 3124 3140 et
3169 3090 3223 3142 in
3269 3086 3372 3140 o‘tio

266 3175 298 3214 e
321 3175 358 3211 a
396 3172 496 3210 ora
527 3170 594 3209 ω.

1749 3246 1815 3262 —

265 3392 311 3446 l.
342 3391 403 3446 Si
432 3400 738 3457 temporum
756 3385 1026 3458 effugisset
1058 3385 1302 3456 iniuriam
1332 3389 1464 3445 liber
1485 3390 1570 3445 ille
1596 3391 1758 3447 Euse-
1785 3399 1827 3458 α
1859 3391 2047 3459 hisque
2069 3403 2186 3444 sese
2209 3384 2374 3444 libros
2412 3385 2489 3442 De
2513 3389 2882 3442 resurrectione
2903 3387 3008 3455 jam
3038 3394 3158 3442 ante
3196 3388 3374 3443 elaboa

180 3483 262 3539 bii
317 3483 400 3535 De
451 3479 580 3533 Vita
615 3477 896 3548 Pamphiti,
950 3485 1000 3536 in
1030 3495 1182 3548 quem
1222 3479 1472 3534 librorum
1512 3479 1755 3548 Origenis
1856 3495 2001 3536 rasse
2032 3479 2371 3549 signiﬁcavit.
2404 3478 2593 3532 Libros
2623 3493 2832 3548 quoque
2869 3478 3004 3545 Περὶ
3050 3470 3268 3547 ἀρχῶν,
3322 3487 3376 3534 et

181 3571 442 3625 indicem
478 3565 792 3632 inferserat,
817 3578 1126 3638 argumento
1155 3570 1275 3623 huic
1299 3569 1438 3636 quod
1479 3571 1753 3638 persequi-
1852 3569 2227 3637 Στρωματεῗς,
2249 3579 2531 3637 antequam
2558 3568 2881 3622 Alexandria
2913 3572 3208 3635 excederet,
3231 3585 3376 3624 com-

175 3675 312 3715 mur
363 3669 580 3724 magna
611 3655 696 3708 lux
744 3659 1058 3712 accederet:
1087 3670 1189 3727 quo
1235 3659 1483 3726 quoniam
1512 3673 1754 3716 caremus
1853 3659 2049 3728 posuit.
2089 3659 2292 3727 Adepto
2323 3659 2600 3727 imperium
2632 3659 2936 3723 Maximino,
2985 3659 3173 3713 librum
3214 3660 3376 3714 edidit

179 3747 480 3808 subsidio,
508 3744 640 3812 Quid
669 3746 720 3798 in
739 3746 904 3814 ipsius
926 3747 1157 3800 Historia
1183 3749 1334 3803 nobis
1359 3749 1474 3817 Opis
1510 3751 1666 3804 situm
1687 3753 1752 3804 sit
1853 3747 1928 3802 De
1952 3750 2224 3817 martyrio.
2263 3748 2337 3804 Eo
2365 3764 2492 3803 vero
2541 3749 2768 3814 sublato,
2815 3765 2935 3803 cum
2964 3764 3140 3802 rerum
3171 3749 3372 3817 potire‘

167 3840 517 3892 videamus.
555 3832 703 3888 Hunc
727 3836 890 3899 enim,
921 3838 1049 3889 utin
1085 3836 1300 3903 reliquis
1331 3854 1448 3904 quae
1477 3839 1542 3891 ad
1570 3839 1753 3907 Orige.
1857 3845 1939 3890 tur
1963 3835 2282 3903 Gordianus,
2323 3838 2374 3890 in
2404 3837 2590 3890 lsaiam
2624 3846 2676 3890 et
2703 3837 3029 3891 Ezechielem
3054 3845 3373 3890 commenta-

169 3943 308 3982 nem
351 3923 669 3993 pertinent,
699 3923 768 3976 ita
801 3923 898 3978 hac
938 3925 1095 3978 etiam
1127 3925 1178 3977 in
1209 3935 1356 3993 parte
1373 3929 1554 3981 ducem
1575 3930 1756 3995 praeci-
1854 3933 1938 3976 tus
1970 3932 2052 3978 est
2085 3925 2136 3976 in
2189 3922 2494 3977 Caesariensi
2524 3924 2778 3991 ;secessu.
2831 3923 3066 3976 Meminit
3115 3931 3370 3990 praeterea

163 4032 282 4087 pue
319 4010 735 4084 spectabimus,
763 4012 812 4064 in
849 4027 950 4081 qua
983 4013 1132 4067 nobis
1151 4016 1517 4082 proposuimus
1536 4016 1755 4068 investi-
1853 4010 2112 4066 Eusebius
2139 4011 2231 4066 lib.
2266 4027 2315 4064 vi
2347 4011 2510 4075 Hist.,
2543 4027 2660 4081 cap.
2693 4011 2780 4076 5i,
2808 4011 3052 4080 Epistolas
3075 4013 3140 4066 ad
3167 4011 3371 4066 Africae

161 4104 457 4174 gandum,
485 4112 606 4167 quo
622 4097 809 4152 ordine
835 4100 1022 4168 singuli
1053 4103 1346 4156 Adamantii
1375 4102 1754 4171 libri,quorum
1855 4117 2002 4167 num,
2025 4116 2126 4170 qua
2155 4102 2392 4156 historian
2431 4102 2687 4156 Susanna:
2711 4103 2836 4158 ﬁdes
2855 4110 2909 4156 et
2947 4105 3230 4158 auctoritas
3258 4119 3373 4173 pro-

159 4191 462 4248 memoria
495 4197 766 4254 superest,
813 4188 1001 4256 quibus
1026 4193 1346 4260 temporibus
1375 4192 1563 4245 fuerint
1613 4192 1755 4245 lucu-
1857 4201 2166 4260 pugnatur:
2197 4200 2404 4259 tempus
2450 4206 2576 4245 vero
2631 4206 2734 4260 quo
2782 4191 2900 4245 data
2937 4193 3046 4260 ipsa
3101 4201 3204 4252 est.
3266 4207 3370 4246 non

157 4283 346 4339 bruti.
375 4279 529 4344 Qua:
549 4277 695 4344 prior
711 4275 777 4329 ab
801 4291 864 4329 eo
883 4277 1177 4331 celebratur
1196 4280 1490 4333 Adamantii
1514 4280 1752 4346 scriptio,

151 4376 197 4431 ii
215 4381 364 4429 sunt
382 4365 784 4425 commentarii
800 4367 852 4418 in
871 4374 1072 4419 veteres
1088 4367 1441 4437 philosophos,
1455 4371 1540 4438 qui
1563 4369 1758 4422 diutur-

153 4467 348 4521 nitate
384 4455 671 4525 temporis
691 4469 872 4508 omnes
902 4457 1297 4512 interciderunt.
1326 4459 1582 4513 Proxima;
1611 4473 1757 4513 com-

149 4558 590 4608 memorantur
607 4542 890 4610 Scriptum
913 4557 1106 4600 sanctae
1130 4547 1608 4616 interpretationes,
1628 4563 1757 4617 qua-
1855 4545 1952 4598 dia:
1976 4545 2168 4612 scripta
2196 4545 2260 4598 sit
2281 4533 2536 4612 praesente
2559 4543 2854 4606 Ambrosio,
2881 4544 3054 4596 datam
3082 4543 3220 4596 illam
3238 4557 3367 4598 con-

150 4657 288 4697 rum
319 4654 447 4694 non
468 4631 869 4689 contemnenda
892 4647 1012 4701 pars
1038 4635 1102 4687 ad
1128 4635 1414 4689 hancdiem
1435 4646 1751 4688 servataeSI.
1850 4635 1979 4703 jicio
2032 4637 2309 4703 imperium
2361 4645 2568 4690 tenente
2620 4635 2903 4701 Gordiano,
2962 4651 3156 4690 annum
3202 4637 3371 4690 aetatis

147 4732 346 4788 Sacra
368 4722 675 4780 volumina
697 4733 799 4773 non
829 4718 980 4788 longe
996 4731 1113 4787 post
1139 4722 1285 4775 initia
1303 4721 1583 4775 Alexandri
1599 4721 1756 4775 Gom-
1786 4750 1828 4804 ο
1857 4735 2039 4793 agente
2066 4725 2293 4791 Origene
2320 4727 2531 4781 circiter
2552 4728 3039 4795 quinquagesimum
3061 4727 3369 4788 secundum,

145 4817 482 4878 mentariis
507 4809 784 4877 eXplicare
802 4822 918 4861 eum
939 4811 1162 4877 (cepisse
1189 4811 1410 4879 reperio.
1428 4812 1502 4862 Ac
1533 4811 1753 4876 primum
1859 4829 1976 4866 cum
2008 4814 2250 4868 Caesarea
2301 4815 2540 4869 Athenas
2587 4815 2874 4884 profectus,
2905 4813 3216 4869 Nicomediae
3243 4815 3369 4864 Am-

142 4927 177 4966 a
233 4905 502 4964 Joannis
545 4898 833 4968 Evangelio
889 4900 1192 4966 auspicatus
1242 4908 1356 4962 est,
1414 4898 1467 4950 in
1530 4913 1754 4966 eumque
1856 4899 2091 4952 brosium
2129 4899 2300 4955 obiter
2342 4902 2492 4955 adiit.
2523 4901 2803 4968 Postquam
2846 4902 3089 4970 migravit
3116 4899 3367 4960 Athenas,

141 5002 402 5071 priores
467 4990 724 5059 quinque
798 4995 970 5040 tomos
1023 4988 1354 5041 Alexandria:
1419 4991 1747 5056 composuit;
1853 4988 2124 5042 iuchoatos
2167 4990 2221 5042 in
2269 4989 2585 5044 Ezechielem
2610 4991 3030 5046 Commentarios
3061 4991 3124 5043 ad
3163 4987 3370 5039 umbili-

142 5098 400 5144 necnon
456 5080 521 5132 in
581 5075 830 5130 Genesim
879 5076 1086 5144 priores
1143 5085 1264 5131 octo
1295 5093 1325 5130 e
1350 5077 1624 5131 duodecim
1651 5079 1744 5149 (7).
1850 5091 1968 5130 cum
1999 5077 2246 5144 perduxit
2279 5094 2294 5130 :
2327 5078 2528 5133 Cantici
2558 5095 2684 5136 vero
2712 5082 3039 5136 canticorum
3081 5075 3369 5142 expositio-

142 5179 316 5246 Quin
351 5169 550 5226 etiam
590 5167 773 5236 viginti
807 5166 1041 5235 quinque
1069 5167 1270 5234 priores
1300 5166 1551 5233 psalmos,
1582 5178 1634 5222 et
1661 5169 1751 5223 Je-
1850 5179 1968 5218 nem
2001 5179 2302 5234 aggressus,
2327 5166 2616 5223 lucubratis
2639 5170 2905 5239 prioribus
2925 5168 3153 5235 quinque
3181 5160 3372 5224 libris.

138 5265 366 5326 remiae
407 5257 458 5311 Τ
465 5257 682 5310 brenos
708 5255 900 5310 ibidem
917 5253 1332 5324 expositionibus
1352 5253 1667 5322 illustravit;
1699 5257 1748 5309 in
1853 5254 2084 5322 reliquos
2126 5257 2360 5327 quinque
2387 5257 2679 5314 Caesaream
2723 5260 2892 5313 redux
2939 5251 3184 5308 absolvit.
3213 5248 3374 5301 Anno

1855 4279 2110 4348 assignat.
2148 4279 2332 4333 Refert
2381 4279 2508 4331 illud
2557 4278 2801 4332 Petavius
2836 4280 2900 4332 ad
2945 4294 3137 4333 annum
3175 4278 3370 4334 Christi

1851 4369 1993 4433 222;
2023 4383 2125 4444 quo
2151 4383 2288 4420 anno
2321 4366 2593 4433 imperium
2623 4367 3244 4434 capessivitAlexander;
3278 4379 3370 4423 cur

1856 4459 1927 4511 ita
1965 4458 2205 4520 sentiret,
2240 4456 2542 4524 neutiquam
2577 4457 2842 4524 ascripsit.
2882 4458 2951 4509 At
2977 4472 3093 4511 cum
3125 4456 3369 4511 Nicome-

1847 5388 2196 5459 appellantur,
2225 5405 2378 5459 quam
2415 5393 2466 5445 in
2495 5391 2726 5456 Christo,
2785 5387 2970 5441 eodem
3000 5391 3164 5459 1³1³09ε
3182 5379 3377 5459 nm?“

1847 5442 1951 5524 quo
1983 5442 2763 5524 Aiithrosiuinﬁirpsunivirairein
2795 5468 2950 5524 suum
2980 5442 3148 5524 _vocat
3181 5442 3376 5511 Orige-

1847 5517 1941 5578 nes
1973 5525 2119 5578 initio
2147 5528 2269 5581 tomi
2289 5543 2327 5580 ιι
2355 5517 2859 5583 Commentariorum
2885 5523 2939 5573 in
2967 5517 3255 5572 Joannem.

1847 5591 1992 5662 _.~('7)
2023 5590 2144 5663 Leg.
2174 5597 2447 5652 tredecim.

139 5398 359 5471 magni
395 5389 681 5471 momenti
707 5399 786 5442 est
811 5390 948 5471 quod
977 5384 1659 5471 libri?gCRlACCZﬁggunu‘lp.
1684 5387 1742 5471 gl,

140 5455 416 5530 infinita
455 5469 726 5530 tanquam
746 5455 1000 5530 provectae
1023 5458 1193 5530 aetatis
1211 5455 1539 5530 describitur,
1566 5458 1745 5530 etAsub

146 5517 604 5598 Eueni—Copais.
628 5517 761 5598 ipsa:
777 5535 831 5578 et
856 5524 1164 5598 Ambrosius
1204 5517 1552 5598 γνησιιξρτατοι
1581 5521 1738 5574 ἀδελ-ι

195 5589 684 5662 cii—salutantum
713 5589 839 5662 Nam
873 5593 1148 5658 utrobique
1174 5599 1339 5656 potest
1357 5590 1588 5662 ﬁgurata
1620 5603 1745 5644 esse

174 5657 416 5736 omnia.
459 5674 584 5720 nec
607 5658 759 5714 aliter
786 5661 917 5716 forte
960 5657 1112 5714 ambo
1144 5657 1516 5726 germanissimi
1547 5659 1744 5725 fratres
