3922 6442
233 401 249 451 l
258 396 350 451 9.69

1186 370 1737 435 OHIGENIANORUM
1778 370 1901 424 LIB.
1937 368 2019 431 111,
2057 367 2201 422 CAP.
2239 366 2323 419 IV.

3203 350 3336 404 l370

233 525 359 565 anno
387 508 572 564 Christi
613 509 733 572 208,
763 519 861 575 quo
885 510 1123 564 tempore
1176 498 1478 552 vicesimum
1509 493 1715 544 tertium
1747 495 1788 550 Α
1816 490 2037 558 primum
2084 498 2311 552 tempore
2351 482 2572 538 describi
2613 493 2794 550 passus
2832 488 2931 534 est.
2976 480 3048 534 De
3083 480 3324 534 lucubra-

225 597 386 650 tetatis
416 611 602 648 annum
632 573 812 663 agebat
840 586 1202 644 Adamantius.
1232 586 1428 653 Pugnat
1457 573 1578 632 illud
1603 593 1720 631 cum

231 679 508 732 rationibus
552 677 758 731 Eusebii
809 677 875 739 ",
915 671 1000 740 qui
1061 681 1172 724 tum
1229 686 1344 724 eum
1399 667 1722 734 Scripturam

229 769 479 820 illustrare
509 757 749 819 exorsum
803 761 976 822 tradit,
1030 773 1149 812 cum
1182 756 1454 811 Antiochia
1504 751 1726 805 Alexan-

229 857 388 909 driam
418 869 655 908 reversus
677 862 781 916 est,
807 867 962 906 unum
977 846 1084 916 jam
1112 859 1164 902 et
1197 849 1408 916 triginta
1443 857 1606 896 annos
1625 841 1727 893 cir-

227 947 354 998 citer
382 954 549 997 natus.
581 945 717 997 Idem
760 943 860 996 alio
899 942 1011 995 loco
1040 941 1219 992 decem
1249 936 1361 990 illos
1388 933 1727 988 Commenta-

239 1035 430 1086 riorum
471 1035 520 1084 in
549 1031 810 1084 Canticum
841 1031 1000 1083 libros
1027 1027 1276 1081 Caesarem
1309 1021 1591 1077 absolvisse
1615 1017 1732 1072 Ori-

225 1137 402 1190 genem
431 1121 614 1182 refert,
649 1134 780 1188 quos
805 1121 855 1171 in
879 1118 1042 1170 altero
1069 1113 1371 1168 Atheniensi
1405 1123 1609 1163 secessu
1649 1106 1730 1157 in-

223 1214 522 1265 choaverat.
556 1210 636 1263 Ad
686 1207 970 1263 secundum
1003 1213 1176 1257 autem
1201 1203 1305 1270 jam
1338 1209 1392 1254 et
1417 1199 1732 1266 quinquage-

223 1304 413 1356 simum
447 1301 618 1353 aetatis
642 1315 831 1352 annum
870 1301 1192 1364 pervenerat,
1224 1306 1342 1345 cum
1370 1290 1602 1343 Athenas
1639 1288 1733 1338 ite-

224 1404 332 1442 rum
361 1389 588 1454 repetiit.
613 1385 973 1454 Expositiones
998 1373 1453 1449 prtetereasua'sin
1479 1373 1732 1434 Exodum,

221 1481 270 1532 in
301 1478 576 1532 Letn'ticunt
610 1486 663 1530 et
713 1476 764 1526 in
792 1474 1048 1526 Numeros
1091 1470 1190 1523 hoc
1226 1481 1384 1534 opere
1420 1465 1591 1516 laudat
1621 1461 1736 1515 Ori-

222 1582 398 1635 genes,
433 1580 565 1633 quas
597 1563 796 1616 nonnisi
818 1560 922 1626 jam
945 1568 1064 1611 natu
1085 1556 1334 1625 grandem
1354 1553 1593 1606 emisisse
1619 1563 1736 1602 cre-

220 1655 376 1709 dibile
397 1663 480 1708 est
510 1671 523 1706 :
551 1652 728 1705 laudat
753 1658 805 1704 et
835 1645 1182 1703 oratiunculas
1214 1645 1266 1697 in
1289 1643 1470 1694 librum
1493 1639 1525 1692 ,1
1534 1639 1736 1691 udicum

220 1758 248 1795 a
282 1757 340 1796 se
368 1742 558 1802 editas,
612 1753 741 1807 quas
783 1752 885 1791 non
933 1737 1063 1789 alias
1095 1747 1211 1789 esse
1252 1738 1398 1799 puto,
1429 1744 1582 1797 quam
1622 1741 1736 1794 quae

1821 580 2046 632 tionibus
2081 578 2132 629 in
2167 574 2479 628 Ezecliielem
2511 573 2580 626 ita
2634 569 2814 623 scribit
2858 568 3038 622 Sixtus
3084 570 3331 624 Senensis

1821 669 1910 722 lib.
1938 681 1990 719 tv
2019 663 2255 718 Biblioth.
2287 679 2303 715 :
2335 680 2352 713 ς
2382 661 2511 714 Cum
2543 657 2759 712 Athenis
2791 656 3019 723 degeret,
3049 653 3154 721 jam
3182 668 3330 709 sexa-

1821 757 2032 827 genario
2061 751 2222 820 major
2252 750 2553 812 elaboravit,
2597 747 2817 801 Eusebio
2846 756 2993 808 teste,
3018 748 3071 799 in
3092 744 3326 798 Esse/tie-

1823 849 1920 900 lem
1964 856 2131 898 tomos
2169 840 2347 909 viginti
2396 840 2643 908 quinque,
2672 853 2790 892 cum
2820 838 2962 905 prius
2994 837 3044 889 in
3091 838 3329 890 eumdem

1825 937 2129 1007 prophetam
2169 931 2408 986 homilias
2449 930 2696 997 plurimas
2716 931 2960 984 dedisset.
2985 947 3003 980 ι
3045 927 3132 982 Bis
3153 937 3335 998 peccat

1827 1025 2027 1086 Sixtus,
2073 1035 2193 1074 nam
2269 1031 2459 1070 annum
2507 1017 2991 1084 quinquagesimum
3050 1017 3333 1072 secundum

1829 1114 2052 1166 nondum
2109 1115 2419 1170 excesserat,
2472 1120 2588 1158 cum
2634 1107 2855 1160 alterum
2897 1107 3214 1162 Atheniense
3239 1110 3338 1162 iter

1828 1201 2076 1268 suscepit,
2128 1212 2184 1250 ut
2238 1194 2737 1259 demonstravimus;
2783 1209 2883 1262 quo
2917 1196 3103 1250 itinere
3138 1207 3338 1265 coeptos

1830 1297 1880 1346 in
1909 1284 2216 1346 Ezecltielem
2243 1299 2406 1342 tomos
2431 1286 2648 1340 absolvit
2679 1301 2692 1336 :
2730 1286 2965 1339 homilias
2988 1296 3156 1340 autem
3183 1303 3337 1341 sexa-

1831 1379 2242 1454 genario'major
2272 1377 2472 1436 habuit,
2494 1384 2551 1428 ut
2581 1383 2701 1442 pote
2724 1389 2838 1439 quae
2871 1388 2933 1426 ex
2951 1374 3152 1428 illarum
3172 1377 3342 1432 classe

1831 1471 1955 1531 sint,
1981 1483 2095 1536 quae
2121 1482 2238 1520 cum
2273 1463 2728 1532 pronuntiarentur
2757 1478 2819 1516 ex
2846 1463 3083 1524 amboue,
3119 1477 3147 1514 a
3192 1473 3342 1516 nota-

1833 1560 1925 1613 riis
1954 1559 2006 1611 in
2028 1559 2223 1610 litteras
2247 1555 2618 1609 referebantur.
2647 1553 2932 1620 Scripsisse
2963 1567 3166 1621 quoque
3197 1553 3342 1605 illum

1836 1646 2068 1701 nonnihil
2099 1646 2150 1698 in
2182 1643 2469 1702 Danielem,
2495 1643 2793 1708 priusquam
2826 1640 3186 1707 exponendum
3219 1639 3346 1691 Mat-

1834 1737 2020 1790 thazum
2059 1735 2365 1800 susciperet,
2405 1731 2630 1784 ostendit
2680 1729 2801 1782 illud
2840 1743 2870 1781 e
2907 1727 3136 1782 Tractat.
3168 1728 3234 1783 ‘29
3292 1729 3346 1779 in

221 1795 448 1882 “Smil-
487 1795 769 1892 N'im'el'go
803 1825 937 1880 Ιθνίει
969 1822 1204 1891 quaedam
1232 1795 1285 1874 έῑ
1314 1795 1463 1872 "lth
1488 1817 1592 1885 iam
1627 1827 1733 1868 ιυῐη
1768 1795 1807 1849 Β
1836 1824 2048 1885 Matth.,
2077 1795 2322 1884 num-.40,
2361 1835 2474 1888 pag.
2497 1817 2628 1871 860:
2653 1836 2670 1868 ι
2701 1816 2824 1881 Quae
2852 1824 3025 1869 autem
3059 1827 3348 1883 sequuntur

220 1918 525 1970 adolescens
555 1915 808 1969 effuderat
837 1911 1207 1972 Adamantius;
1242 1907 1538 1978 provectior
1569 1913 1736 1957 autem

221 2015 377 2059 aetate
403 2019 536 2058 nova
577 2003 660 2055 illa
696 1999 1071 2056 commentaria
1096 1998 1250 2051 tomis
1286 1997 1463 2050 decem
1491 1995 1738 2046 distincta

221 2092 684 2148 edidit?Planeita
711 2102 822 2144 est:
857 2103 973 2142 nam
1001 2087 1170 2155 capite
1193 2085 1414 2152 septimo
1446 2081 1740 2135 Philocalia:

222 2185 572 2252 fragmentum
606 2179 897 2240 adducitur,
930 2177 1010 2228 cui
1041 2175 1193 2228 verba
1211 2174 1319 2226 haec
1345 2171 1552 2240 pradixa
1593 2178 1737 2222 sunt:

233 2274 324 2325 Ἐκ
338 2270 432 2324 τοῦ
459 2273 544 2333 εις
570 2269 632 2320 τὸ
657 2264 851 2336 *ᾼσμα
882 2265 1068 2336 μικροῦ
1096 2264 1277 2333 τόμον,
1299 2263 1355 2314 ὃν
1380 2265 1434 2315 ὲν
1453 2264 1516 2330 τῇ
1546 2260 1742 2330 νεότητι

221 2361 473 2432 ἑγραψεν.
507 2378 526 2410 ι
558 2360 596 2412 Ε
633 2374 789 2425 parvo
817 2367 956 2410 lomo
979 2356 1032 2407 in
1059 2354 1342 2416 Canticum,
1363 2366 1514 2420 quem
1541 2349 1743 2418 juvenis

225 2451 461 2517 scripsit.
493 2467 512 2498 ι
549 2447 768 2499 Parvum
797 2446 938 2498 hunc
963 2445 1122 2511 igitur
1164 2450 1378 2502 tomum,
1409 2453 1562 2507 quem
1586 2438 1636 2489 in
1662 2435 1745 2503 ju-

223 2538 382 2590 venili
437 2543 592 2590 aetate
647 2533 912 2590 emiserat,
991 2530 1229 2596 designat
1286 2528 1632 2594 Hieronymus
1693 2524 1742 2576 in

223 2625 490 2679 Promtnio
514 2621 1016 2676 Commentariorum
1043 2619 1093 2669 in
1110 2616 1321 2668 Abdiam
1338 2629 1356 2665 :
1377 2615 1554 2668 decem
1574 2622 1744 2665 autem

221 2713 490 2766 volumina
529 2720 648 2763 natu
693 2710 940 2778 grandior
967 2707 1218 2761 elimavit.
1245 2705 1296 2757 ld
1321 2705 1365 2758 si
1397 2705 1485 2770 sit,
1511 2705 1618 2772 jam
1667 2703 1747 2755 in-

229 2801 490 2868 telligitur
542 2799 819 2853 Eusebium
845 2797 1020 2865 priora
1048 2795 1134 2848 illa
1167 2795 1458 2848 rudimenta
1491 2793 1628 2846 nullo
1656 2793 1746 2844 ha-

225 2893 408 2946 buisse
431 2903 672 2950 numero,
703 2899 989 2952 earumque
1017 2887 1267 2936 duntaxat
1297 2882 1637 2949 scriptionum
1656 2881 1745 2931 du-

227 2979 371 3032 xisse
433 2978 711 3037 rationem,
772 2988 900 3042 quas
944 2972 1152 3039 ingenio
1205 2979 1258 3024 et
1303 2969 1454 3023 annis
1497 2968 1748 3021 maturior

225 3067 488 3135 Origenes
523 3063 804 3116 accuravit.
857 3059 910 3112 In
957 3058 1166 3112 homilia
1198 3057 1360 3124 ipsius
1386 3056 1656 3109 undecima
1694 3056 1747 3106 in

227 3155 576 3216 Ezechielem,
611 3167 750 3204 num.
783 3151 836 3213 5,
879 3152 988 3203 haec
1018 3148 1197 3215 legas:
1238 3165 1255 3197 ‹
1290 3147 1362 3198 Eo
1399 3155 1626 3210 tempore
1647 3159 1749 3210 quo

224 3245 515 3300 Jeremiam
570 3239 924 3308 exposuimus,
971 3252 1029 3291 ea
1094 3249 1208 3302 quae
1259 3233 1408 3287 nobis
1454 3232 1617 3299 gratia
1664 3231 1750 3281 Dei

225 3333 504 3388 orantibus
558 3329 706 3384 vobis
762 3326 945 3395 largita
1004 3333 1107 3386 est,
1162 3324 1272 3375 sive
1316 3330 1458 3374 certe
1495 3330 1756 3384 utcunque

228 3425 520 3482 sensimus,
555 3430 816 3484 exponere
847 3414 1018 3468 conati
1047 3426 1245 3466 sumus.
1283 3427 1302 3460 ι
1334 3411 1468 3462 Ante
1494 3408 1647 3476 igitur
1669 3406 1756 3460 Je-

229 3515 451 3567 remiam
493 3512 862 3574 interpretatus
917 3514 1017 3566 est,
1052 3518 1205 3569 quam
1253 3499 1494 3553 homilias
1544 3497 1658 3549 illas
1702 3497 1755 3550 in

227 3599 556 3658 Ezechielem
600 3594 885 3648 habuisset.
932 3590 1038 3660 (l5)
1072 3590 1298 3643 Necdum
1320 3589 1475 3641 etiam
1506 3586 1756 3639 Numeru-

231 3707 350 3745 rum
387 3686 792 3754 explicationem
816 3681 985 3735 fuerat
1011 3693 1301 3748 aggressus,
1332 3692 1446 3730 cum
1478 3675 1755 3729 Jeremiam

228 3777 470 3835 homiliis
517 3775 819 3833 illustraret,
880 3780 937 3821 ut
961 3782 1025 3821 ex
1072 3767 1372 3820 duodecima
1429 3762 1756 3816 manifestum

225 3875 330 3923 est.
364 3863 421 3916 lu
465 3859 636 3930 prima
671 3872 794 3911 vero
822 3871 924 3909 non
956 3855 1116 3907 nmlto
1139 3862 1259 3905 ante
1289 3865 1346 3905 se
1373 3864 1649 3902 enarrasse
1675 3863 1754 3902 os-

229 3955 402 4010 tendit
424 3947 740 4006 sententiam
776 3945 911 3998 hanc
927 3941 1264 4009 Sospitatoris
1295 3953 1310 3991 :
1339 3959 1357 3992 ι
1402 3937 1510 3990 Non
1533 3949 1611 3992 est
1637 3937 1763 3992 Pro-

228 4048 391 4115 pheta
416 4041 536 4094 sine
574 4039 789 4098 honore,
837 4032 941 4086 nisi
997 4032 1048 4084 in
1089 4030 1256 4098 patria
1283 4044 1407 4093 sua;
1443 4047 1461 4078 ›
1494 4043 1609 4097 qua;
1642 4043 1758 4081 cum

235 4135 507 4190 habeatur
551 4126 735 4179 Matth.
784 4137 901 4182 xm,
945 4120 1032 4184 57,
1078 4119 1382 4187 prolixaque
1427 4117 1565 4169 illius
1589 4125 1763 4169 exstet

230 4216 607 4286 interpretatio
627 4216 677 4267 in
708 4223 846 4266 torno
875 4227 942 4286 χ,¹
968 4223 1109 4261 num.
1138 4205 1202 4259 l6
1219 4214 1273 4258 et
1303 4205 1365 4260 l8
1406 4204 1760 4259 Commentar.

237 4312 295 4362 in
320 4279 516 4361 Matth.
561 4303 624 4355 ad
657 4315 715 4354 ea
739 4298 917 4368 procul
931 4279 1100 4348 'dubio
1135 4293 1385 4362 Origenes
1408 4292 1632 4354 respexit
1661 4310 1674 4346 :
1699 4307 1764 4346 ex

1835 1915 1885 1966 in
1927 1921 2068 1964 textu
2107 1907 2354 1972 Danielis,
2402 1909 2537 1960 sicut
2586 1905 2866 1972 potuimus,
2918 1906 3275 1972 exposuimus.
3325 1923 3344 1955 ι

1833 2000 1954 2068 Agit
1989 2011 2174 2065 nempe
2199 1998 2263 2048 de
2286 1971 2510 2046 Danielis
2530 1971 2791 2059 capitetx,
2824 1971 2964 2044 vers.
2995 1991 3082 2044 27.
3117 1991 3349 2044 Diximus

1836 2087 2119 2140 Eusebium
2147 2084 2186 2113 ³¹
2223 2082 2521 2143 tradidisse,
2570 2079 2677 2146 jam
2727 2078 3066 2144 sexagenario
3103 2075 3348 2143 majorem

1835 2175 2108 2242 Origenem
2153 2171 2290 2224 circa
2325 2170 2466 2232 idem
2514 2176 2717 2233 tempus
2751 2151 2977 2220 Celsum.
3000 2165 3276 2228 refellisse,
3298 2176 3352 2219 et

1837 2261 2102 2317 duodecim
2134 2259 2411 2326 prophetas
2430 2256 2750 2325 exposuisse.
2778 2253 2931 2308 Certe
2958 2255 3208 2322 Origenes
3256 2254 3349 2308 lib.

1837 2367 1907 2405 vn
1959 2354 2135 2404 contra
2168 2348 2304 2402 Cels.
2335 2348 2547 2401 affectos
2590 2347 2700 2416 jam
2748 2347 2909 2400 fuisse
2936 2345 3356 2400 Commentarios

1841 2455 1966 2494 suos
1988 2440 2038 2492 in
2066 2437 2340 2491 duodecim
2365 2436 2571 2489 videtur
2596 2436 2913 2502 signiﬁcare,
2952 2444 3005 2489 et
3033 2435 3096 2486 ad
3124 2448 3214 2488 eos
3237 2449 3358 2501 per-

1841 2529 2086 2584 ﬁciendos
2137 2526 2365 2578 divinam
2403 2539 2552 2592 opem
2582 2525 2898 2592 implorare:
2927 2525 2999 2576 ait
3030 2524 3168 2576 enim
3208 2537 3356 2576 num.

1842 2617 1900 2669 Η
1937 2614 2116 2683 εΙΙλὴν
2173 2613 2262 2663 καὶ
2306 2612 2480 2680 ἡμεῖς,
2525 2609 2661 2661 κατὰ
2705 2609 2764 2660 τὸ
2798 2609 3013 2660 δυνατὸν
3056 2611 3206 2676 ἡμῖν,
3263 2624 3356 2659 πε-

1841 2697 2156 2765 ποιήκαμεν,
2207 2693 2293 2755 τὰ,
2352 2692 2423 2754 ὥς
2457 2708 2584 2761 φησι
2619 2691 2837 2752 Κέλσος,
2888 2691 3204 2760 πάροιστρα,
3266 2691 3358 2742 καὶ

1843 2784 2011 2853 πάντη
2065 2781 2229 2850 ἄδηλα
2279 2781 2411 2849 πρὸς
2467 2777 2606 2842 λέξιν
2684 2777 3086 2847 διηγησάμενοι,
3155 2779 3210 2828 ἐν
3249 2781 3357 2841 τοῖς

1843 2870 2322 2943 πραγματευθεϊσιν
2350 2871 2475 2938 ἡμῖν
2503 2871 2579 2932 εἰς
2613 2868 2700 2920 τὸν
2763 2868 3000 2930 Ἡσαΐαν,
3035 2869 3125 2920 καὶ
3163 2869 3239 2929 εἰς
3271 2867 3360 2920 τὸν

1855 2960 2120 3031 ἰεζεκιὴλ,
2144 2960 2235 3012 καὶ
2257 2961 2332 3021 εῐς
2358 2976 2504 3020 τινας
2539 2959 2645 3012 τῶν
2699 2957 2915 3009 δώδεκα·
2963 2956 3092 3009 Θεοῦ
3123 2958 3178 3010 δὲ
3200 2958 3361 3010 διδόν-

1844 3067 1932 3112 τος
1975 3049 2068 3118 τὴν
2100 3051 2154 3101 ὲν
2169 3048 2242 3116 τῷ
2271 3040 2408 3117 λόγῳ
2447 3047 2603 3099 αὑτοῦ
2650 3047 2944 3117 προκοπὴν,
2973 3046 3090 3099 καθ’
3115 3047 3204 3108 οὒς
3242 3047 3361 3116 βού-

1846 3139 1990 3192 λεται
2013 3139 2229 3207 χρόνους
2257 3136 2786 3206 προπεθὴσεταιτοῖς
2811 3135 2906 3204 ἤδη
2933 3135 3364 3206 ὑπαγορευθεῖσιν

1848 3233 1924 3292 εἰς
1940 3229 2123 3291 ταῦτα,
2150 3229 2264 3298 ἦτοι
2287 3227 2354 3279 τὰ
2389 3227 2652 3292 λείποντα,
2681 3226 2712 3295 ἢ
2743 3227 2839 3278 ὅσα.
2883 3227 2933 3293 γ’
2972 3227 3036 3280 ἂν
3079 3227 3363 3296 φθάσωμεν

1851 3318 2151 3386 σαφηνίσαι.

1917 3406 1990 3460 De
2019 3403 2422 3460 Commentariis
2451 3403 2689 3473 Origenis
2725 3403 2776 3456 in
2809 3403 3144 3473 Evangelium
3173 3417 3363 3456 secun-

1851 3497 1972 3551 dum
2022 3495 2218 3548 Lucam
2256 3493 2375 3546 silet
2415 3493 2688 3546 Eusebius.
2728 3493 2845 3560 lpse
2894 3502 3066 3546 tamen
3115 3491 3368 3561 Origenes

1852 3593 1977 3638 tom.
2017 3598 2126 3645 xvt,
2153 3582 2208 3636 in
2241 3581 2452 3639 Matt/1..
2480 3596 2623 3635 num.
2670 3580 2724 3643 9,
2751 3595 2868 3648 pag.
2897 3579 3018 3643 728,
3044 3595 3224 3634 eorum
3255 3593 3365 3632 me-

1853 3673 2023 3736 minit,
2059 3686 2177 3739 qua
2217 3681 2365 3724 antea
2412 3669 2581 3722 fuerat
2609 3670 2662 3722 in
2717 3669 2908 3722 Lucam
2955 3678 3366 3731 commentatus;

1854 3773 2028 3817 utrum
2060 3760 2577 3822 commentariorum,
2609 3773 2675 3811 an
2720 3757 3078 3820 homiliarum,
3105 3756 3366 3809 incertum

1854 3863 1957 3908 est.
1993 3855 2061 3906 At
2087 3861 2227 3906 tomo
2264 3865 2385 3914 xm,
2404 3865 2547 3903 num.
2577 3847 2665 3910 29,
2687 3861 2804 3914 pag.
2830 3846 3207 3909 6l0,homilias
3227 3846 3370 3910 ipsas

1857 3940 2165 3996 nominatim
2228 3938 2478 3991 laudavit.
2526 3936 2860 4002 Antiquiores
2914 3935 3106 3989 easdem
3163 3933 3371 3986 fuerunt

1856 4027 2234 4097 posterioribus
2273 4025 2428 4077 tomis
2457 4023 2510 4074 in
2555 4021 2830 4085 Joannem,
2856 4029 2913 4072 ut
2948 4028 3069 4087 pote
3089 4033 3205 4086 quae
3229 4026 3372 4072 tomo

1857 4130 2026 4178 xxxn,
2049 4128 2191 4168 num.
2219 4113 2269 4176 1,
2297 4127 2412 4181 pag.
2431 4109 2552 4175 404,
2581 4108 2918 4178 appellentur.
2949 4107 3130 4161 Fuisse
3163 4120 3286 4160 vero
3306 4105 3372 4158 ab

1859 4205 2083 4273 Origene
2128 4201 2474 4269 conscriptas,
2535 4210 2812 4266 antequam
2860 4197 3063 4250 virilem
3118 4195 3373 4263 attigisset

1862 4302 2095 4358 atatem,
2145 4291 2375 4345 indicare
2406 4290 2612 4342 videtur
2644 4287 3014 4354 Hieronymus,
3053 4299 3171 4338 cum
3201 4285 3275 4336 ait
3317 4283 3372 4336 in

232 4411 345 4467 quo
367 4391 598 4450 efﬁcitur
632 4391 714 4444 his
745 4385 1144 4444 Commentariis
1184 4384 1494 4453 posteriores
1528 4396 1643 4436 esse
1672 4383 1764 4436 ho-
1793 4411 1836 4464 ι)
1862 4383 2081 4452 Prologo
2112 4378 2559 4448 interpretationis
2585 4393 2728 4432 suat:
2768 4394 2788 4427 ι
2835 4375 3024 4429 Fateor
3047 4374 3242 4442 itaque,
3277 4388 3375 4426 an-

233 4486 411 4541 milias
461 4483 520 4533 in
564 4477 874 4539 Jersmiam;
923 4487 1017 4527 nec
1045 4471 1204 4526 multo
1233 4481 1402 4524 tamen
1429 4470 1759 4539 posteriores,

229 4591 354 4630 cum
395 4579 521 4643 post
556 4581 746 4621 annum
777 4564 947 4618 aetatis
973 4565 1350 4633 sexagesimum
1380 4558 1761 4614 Commentaria

231 4669 320 4722 illa
350 4657 789 4720 concinnaverit;
816 4654 1039 4708 homilias
1065 4665 1236 4708 autem
1259 4653 1356 4705 illa:
1379 4667 1444 4704 ex
1471 4665 1648 4703 earum
1673 4663 1762 4716 ge-

231 4771 365 4814 nere
399 4755 534 4815 sint,
556 4763 689 4817 quas
722 4760 784 4800 ex
809 4753 1036 4812 tempore
1061 4743 1323 4801 recitatae,
1354 4758 1381 4795 a
1405 4741 1619 4795 notariis
1669 4739 1766 4792 hoc

1863 4483 2071 4543 tequam
2122 4471 2208 4526 ille
2256 4469 2492 4537 obiiciat,
2535 4469 2586 4521 in
2616 4468 2696 4521 his
2733 4466 3009 4534 Origenem
3042 4462 3376 4525 tractatibus,

1863 4563 2034 4630 quasi.
2053 4562 2240 4616 iterum
2269 4559 2388 4613 talis
2424 4557 2603 4610 ludere
2636 4572 2650 4608 :
2677 4553 2780 4608 alia
2821 4562 2943 4608 sunt
2970 4551 3140 4605 virilia
3164 4549 3296 4618 ejus,
3321 4558 3376 4604 et

1865 4651 2152 4706 senectutis
2201 4648 2356 4702 seria.
2400 4665 2419 4697 ι
2476 4644 2797 4699 Posteriores
2847 4643 2989 4706 ipsos
3034 4641 3087 4693 in
3124 4639 3375 4693 Joannem

1867 4749 2038 4794 tomos
2061 4738 2292 4794 secundo
2308 4737 2495 4790 itinere
2508 4732 2810 4787 Atheniensi
2825 4731 3092 4786 absolutos
3110 4728 3371 4785 existimo.

305 4919 352 4950 ’³
383 4911 584 4969 Euseb.
607 4907 695 4961 lib.
731 4921 780 4960 vr
805 4905 963 4967 Βία..
1010 4918 1125 4973 cap.
1149 4903 1237 4960 25.
1307 4903 1350 4934 "
1377 4900 1565 4955 Euseb.
1583 4897 1672 4952 lib.
1701 4911 1752 4950 vr
1781 4893 1915 4948 Hist.
1943 4906 2058 4960 cap.
2089 4890 2175 4945 52.
2247 4888 2360 4928 ³⁰-³¹
2388 4886 2574 4940 Euseb.
2614 4884 2700 4938 lib.
2724 4900 2774 4938 vt
2801 4882 2958 4949 Hist.,
2984 4898 3097 4949 cap.
3128 4879 3214 4935 36.

307 5071 424 5142 (l5)
490 5067 724 5120 Necdum
771 5063 944 5142 etiam_
983 5059 1326 5142 Numerorum
1362 5058 1762 5142 .eaplicationem

238 5126 418 5200 θ’υὲναὶ
449 5149 740 5203 aggressus,
773 5142 874 5203 etc.
900 5129 1171 5203 Manifeste
1211 5130 1305 5203 hic
1331 5129 1428 5182 sibi
1469 5126 1764 5203 contrarius

237 5193 737 5266 estillust'r'issimus
779 5196 1176 5266 Huetius.7Na_m
1205 5194 1475 5266 Origenes,
1509 5203 1565 5246 ttt
1612 5193 1764 5266 paulo

239 5263 603 5343 suprarefert
629 5269 738 5343 ipse
766 5266 1003 5343 Huetins,
1031 5265 1084 5316 in
1119 5263 1770 5343 PrologoCommentario-

243 5329 365 5400 ru'm
403 5341 458 5390 in
504 5329 767 5388 Canticum
803 5334 1132 5393 canticorum,
1156 5329 1297 5398 quos
1336 5332 1386 5384 in
1415 5330 1579 5400 altero
1600 5329 1760 5400 Athe-

243 5398 422 5467 niensi
443 5418 678 5464 secessu,
707 5415 890 5469 nempe
912 5414 1046 5452 anno
1068 5401 1233 5469 aetatis
1259 5413 1367 5469 suae
1396 5398 1760 5469 quinquagesi-

241 5466 331 5537 iuo
358 5473 595 5530 secundo
628 5466 977 5528 inchoaverat,
1003 5481 1124 5537 suas
1160 5468 1231 5537 inA
1249 5466 1508 5537 Numeros
1527 5466 1762 5537 explica-

246 5531 428 5604 tiones
449 5547 726 5601 memorat,
749 5550 845 5590 nec
870 5537 1042 5590 dicere
1061 5535 1180 5589 licet
1203 5533 1473 5604 Prologum
1494 5531 1635 5604 hunc
1651 5531 1762 5585 lon-

243 5599 314 5686 ge
337 5619 467 5686 post
487 5599 927 5686 absolutumf‘pu-s
955 5605 1114 5682 fuisse
1139 5602 1509 5686 conscriptum.
1542 5599 1760 5667 Quipote

245 5666 409 5752 igitur
452 5676 543 5732 hic
588 5666 846 5729 concludit
887 5671 1101 5727 lluetius
1148 5666 1366 5726 necdum
1417 5666 1759 5722 Numerorum

1861 5054 2258 5122 explicationem
2281 5061 2578 5122 aggressum
2601 5046 2760 5098 fuisse
2785 5035 3372 5122 Origenemncumdere-

1865 5105 2022 5174 iniam
2047 5120 2271 5174 homiliis
2296 5105 2594 5174 iflustraret,
2624 5129 2755 5181 quas
2781 5105 3059 5182 (homilias)
3088 5105 3273 5158 Huetio
3293 5105 3374 5172 ju-

1865 5191 1998 5251 dice,
2031 5200 2149 5257 post
2176 5201 2377 5257 annum
2401 5183 2863 5257 sexagesimumex
2891 5187 3122 5257 tempore
3145 5186 3374 5257 pronun-

1863 5239 2260 5310 twia'v'i'tfl'ievera
2293 5255 2380 5320 qui
2405 5254 2502 5307 lem
2527 5239 2761 5320 homilia
2783 5249 2836 5320 in
2874 5239 3371 5320 Jenﬂangode-

1865 5303 2273 5392 sagmina
2299 5303 2650 5392 baggage.
2679 5303 3370 5392 ιφῖηηιιςςιεςιεοεφέίλεεξευ

1866 5371 3011 5454 galia:assiduam;sessiunculas,
3045 5386 3159 5454 qua;
3185 5373 3235 5454 in
3264 5371 3372 5424 Nu.

1864 5439 2590 5523 meriscontinentur-raichuc
2617 5450 2945 5523 locuturum;
2985 5439 3076 5523 sed
3107 5439 3248 5523 illud
3267 5453 3374 5517 non

1865 5507 2403 5597 ἷῇἓιᾟὲῖιῑῖᾝὶόἶιίἰὲῖιίἑ
2426 5507 2573 5575 alias
2591 5517 2974 5597 .loqgeI‘aglsa!
2987 5589 2995 5597 _
3008 5507 3394 5597 _|_u_t_tni_|§j{§___i_g-

1869 5577 2648 5661 amab.‘ﬁiiiéiﬁoiucrn;
2686 5579 2810 5633 Vide
2843 5577 3088 5633 Mouitum
3141 5582 3386 5628 nosutum

1865 5668 1918 5721 in
1944 5665 2213 5724 Numeros.
