3922 6474
218 443 340 498 1275

1277 424 1830 490 ORIGENIANORUM
1868 423 2215 482 APPENDIX.

2878 0 2970 18 ——4

3194 421 3331 476 ηπ

211 558 330 619 lum,
367 555 652 608 Adamantii
697 554 886 609 famam
929 551 1091 606 veluti
1140 552 1280 605 furto
1324 546 1712 615 subripuerint;
1743 548 1789 605 Α
1824 543 2009 598 beatus
2037 543 2311 596 duodecim
2339 542 2523 596 diebus
2554 555 2712 610 supra
2756 529 2918 594 testas
2955 536 3208 606 pollineas
3237 553 3330 590 ex-

212 646 497 712 bibliopnlaz
538 646 690 698 etiam
741 644 999 697 mercibus
1031 643 1140 696 suis
1165 640 1488 694 venditandis
1510 645 1712 706 empto-

152 753 156 756 ·
215 749 318 785 rem
349 733 594 795 hiantem,
641 731 813 784 fucata
859 731 954 784 hac
991 729 1337 796 inscriptione
1382 724 1706 779 induxeriut.

208 819 312 873 Has
336 820 542 887 quidem
583 819 649 871 ob
700 833 884 872 causas
929 816 1213 884 aliquando
1252 813 1536 882 contigisse
1568 825 1710 874 reor,

209 915 263 957 ιιι
315 906 365 956 in
419 904 655 973 Origenis
703 905 950 957 familiam
998 903 1158 972 spurii
1209 900 1516 955 transierint
1559 897 1711 962 libri;

206 1001 260 1046 at
305 992 628 1062 frequentius
663 995 821 1047 etiam
874 994 1009 1047 idem
1052 992 1294 1046 evenisse
1348 998 1473 1056 puto
1519 986 1599 1039 vel
1647 999 1710 1038 ex

207 1083 536 1136 librariorum
584 1083 882 1145 oscitantia,
913 1081 1118 1135 nomina
1147 1079 1443 1132 nominibus
1471 1090 1714 1130 commu-

205 1172 459 1234 tantium;
489 1172 570 1225 vel
607 1186 672 1225 ex
716 1171 1019 1226 criticorum
1075 1169 1311 1224 audacia.
1359 1167 1565 1232 quidvis
1613 1164 1713 1218 sibi

203 1261 359 1317 licere
389 1263 440 1316 in
471 1262 665 1316 litteris
694 1262 1009 1328 putantium.
1046 1258 1155 1313 lluc
1181 1257 1401 1312 accessit
1423 1255 1562 1323 quod
1599 1253 1716 1321 plu-

200 1351 359 1404 rimas
425 1349 675 1420 Origenis
731 1350 1049 1418 scriptiones
1103 1348 1336 1401 studiose
1386 1342 1718 1397 abolentibns

202 1439 364 1506 ipsius
399 1439 723 1494 adversariis
771 1449 825 1492 et
869 1437 1262 1498 defensoribus;
1307 1435 1388 1488 his
1419 1432 1628 1502 quidem
1663 1438 1719 1482 ut

198 1532 310 1597 ejus
342 1546 571 1596 errores,
602 1531 708 1585 illis
756 1542 812 1584 ut
844 1529 1091 1598 praeclara
1125 1526 1237 1592 ejus
1264 1538 1424 1592 opera
1468 1522 1720 1575 invidiose

197 1621 464 1684 celarent;
494 1622 688 1674 multas
726 1620 842 1673 vice
870 1633 1023 1672 ver-sa
1077 1615 1467 1671 lucubrationes
1513 1612 1720 1677 utrique

199 1710 412 1778 paribus
441 1713 506 1765 de
532 1711 710 1764 causis
749 1709 944 1762 nomini
997 1708 1157 1776 ipsius
1207 1705 1569 1760 subdiderunt.
1612 1700 1718 1754 Nos

197 1815 322 1853 vero
347 1809 626 1868 postquam
655 1798 1094 1866 Origenianorum
1146 1795 1460 1859 scriptorum
1498 1805 1716 1845 examen

201 1890 363 1942 semel
406 1890 755 1955 suscepimus,
785 1889 847 1940 ad
886 1895 1120 1940 nostram
1168 1885 1435 1954 pertinere
1473 1881 1717 1932 duximus

196 1994 399 2042 curam,
430 1994 556 2033 suos
584 1979 630 2033 ei
662 1977 796 2031 fetus
822 1976 1077 2045 legitimos
1109 1974 1404 2037 restituere,
1428 1971 1565 2039 quod
1591 1970 1718 2022 hac-

204 2077 358 2121 tenus
416 2065 1065 2133 fecimus;supposititios
1113 2078 1240 2116 vero
1282 2079 1347 2116 ex
1372 2062 1484 2130 ejus
1528 2061 1718 2114 familia

195 2171 500 2224 segregare,
528 2156 668 2224 quod
690 2155 989 2222 Appendice
1020 2155 1115 2207 ista
1156 2153 1343 2206 facturi
1380 2166 1580 2204 sumus.

265 2245 327 2296 ll.
372 2243 428 2295 In
483 2244 669 2297 Latina
733 2241 976 2310 Origenis
1025 2242 1256 2295 editione
1307 2241 1496 2306 duplex
1556 2252 1721 2308 genus

194 2333 715 2387 Commentariorum
751 2333 804 2384 in
860 2332 1043 2383 librum
1089 2329 1188 2382 Job
1239 2331 1515 2406 reperitur.
1572 2327 1722 2379 Prius

198 2424 250 2476 in
297 2433 406 2478 tres
459 2425 744 2477 discretum
788 2429 867 2474 est
905 2421 1087 2482 libros,
1131 2427 1184 2472 et
1238 2419 1341 2472 duo
1388 2419 1560 2486 priora
1605 2415 1720 2470 Jobi

197 2514 369 2581 capita
433 2528 554 2567 cum
603 2512 744 2565 tertii
799 2509 1038 2576 portione
1085 2508 1468 2577 complectitur,
1516 2508 1582 2560 ab
1644 2508 1724 2558 iu-

193 2611 344 2656 certo
375 2603 668 2668 interprete
697 2600 986 2654 Latinitate
1013 2597 1271 2652 redditum
1302 2614 1316 2650 :
1343 2596 1602 2665 posterius
1644 2606 1722 2648 to-

199 2701 311 2744 tum
362 2691 704 2758 persequitur
726 2689 838 2743 Jobi
871 2689 1081 2751 librum,
1109 2695 1163 2741 et
1183 2687 1427 2741 brevibus
1457 2699 1724 2739 commen-

197 2779 404 2832 tariolis
445 2780 674 2847 (scholia
718 2795 879 2849 prope
912 2780 1132 2848 dixeris)
1164 2779 1403 2847 exponit,
1429 2785 1482 2832 et
1509 2774 1722 2829 Joachi-

196 2887 340 2925 mum
425 2869 735 2925 Perionium
800 2872 1137 2940 interpretem
1217 2868 1394 2922 habet.
1476 2865 1723 2935 Spurium

195 2972 483 3030 utrumque
529 2976 687 3030 opus,
727 2969 780 3015 et
817 2961 1200 3016 emendicatum
1249 2956 1489 3026 Origettis
1538 2971 1722 3009 nomen

195 3050 330 3104 falso
372 3050 608 3116 jactans.
652 3049 851 3103 Prioris
879 3059 1024 3102 certe
1056 3047 1220 3116 stylus
1258 3044 1564 3113 Origeuiani
1611 3044 1725 3096 dis-

195 3140 388 3194 similis
430 3151 550 3204 est;
602 3143 787 3193 Creber
823 3140 1014 3207 quippe
1048 3139 1179 3190 artis
1223 3137 1466 3191 oratoriae
1511 3135 1720 3201 figuris;

197 3228 388 3294 quales
415 3231 467 3281 in
503 3228 661 3280 tomis
693 3193 862 3280 nullas
899 3193 1127 3278 admittit
1158 3224 1430 3294 Origenes,
1461 3237 1564 3275 non
1593 3221 1725 3273 mul-
1752 3193 1792 3249 (ἶ

193 3327 277 3370 tas
333 3317 384 3368 in
427 3315 680 3369 homiliis.
724 3316 991 3381 Discrepat
1020 3329 1227 3380 quoque
1265 3313 1577 3366 sententiis:
1607 3326 1724 3363 nam

194 3405 290 3459 lib.
314 3420 352 3458 ll
383 3403 659 3458 Christum
691 3403 765 3455 ait
794 3403 1107 3470 praedicasse
1133 3401 1298 3453 tribus
1326 3399 1478 3452 annis
1501 3407 1554 3452 et
1576 3397 1728 3451 dimi-

193 3490 316 3556 dio;
372 3505 496 3541 cum
551 3488 801 3556 Origenes
849 3489 940 3541 lib.
997 3504 1047 3540 tv
1083 3488 1215 3555 Περὶ
1256 3486 1469 3554 ἀρχῶν,
1527 3500 1643 3551 cap.
1676 3485 1727 3548 1,

193 3589 344 3628 num.
380 3573 436 3637 5,
475 3583 530 3626 et
561 3574 740 3626 homil.
777 3573 863 3637 '52,
903 3574 956 3625 in
980 3573 1132 3637 Luc.,
1167 3589 1305 3627 anno
1337 3575 1586 3627 duntaxat
1626 3588 1729 3625 uno

190 3676 316 3714 cum
345 3661 557 3726 aliquot
605 3660 874 3713 mensibus
904 3661 952 3712 id
982 3662 1216 3713 muneris
1239 3661 1504 3714 Christqu
1535 3660 1731 3714 obiisse

193 3751 367 3803 dicat.
399 3749 526 3802 Post
553 3750 761 3802 Ariame
809 3749 1072 3802 bazreseos
1104 3760 1341 3802 exortum
1371 3749 1649 3816 prodiisse,
1679 3759 1733 3802 et

191 3840 264 3894 ab
284 3839 495 3892 Ariano
545 3840 755 3904 quidem
804 3837 964 3890 fuisse
1015 3837 1264 3903 scriptum
1299 3836 1575 3890 manifeste
1621 3838 1734 3890 haec

193 3929 459 3983 evincunt
475 3925 524 3956 “
552 3941 567 3977 :
597 3943 616 3976 ι
643 3925 763 3977 Tria
804 3939 1000 3977 cornua
1040 3925 1161 3975 fecit
1210 3922 1448 3976 diabolus
1473 3922 1526 3974 in
1553 3930 1752 3990 typum

191 4026 360 4085 atque
421 4019 649 4084 figuram
713 4015 986 4082 triunytnte
1038 4013 1178 4066 illius
1242 4023 1425 4073 sectae,
1476 4013 1736 4078 triumque

195 4107 426 4158 deorum
472 4100 715 4165 haeresis,
770 4117 885 4169 qua:
933 4100 1235 4155 universum
1265 4101 1444 4153 orbem
1499 4109 1655 4153 terra:
1684 4101 1733 4151 in

190 4197 417 4250 modum
479 4193 819 4245 tenebrarum
875 4191 1113 4259 replevit,
1144 4205 1261 4259 quae
1311 4190 1542 4255 Patrem,
1571 4200 1624 4244 et
1651 4189 1736 4243 Fi-

191 4285 354 4344 lium,
391 4291 448 4334 et
476 4280 735 4347 Spiritum
765 4289 1006 4332 sanctum
1037 4279 1319 4347 aliquando
1353 4287 1601 4346 tanquam
1632 4287 1738 4331 tres

188 4376 348 4437 colit,
393 4385 780 4438 nonnunquam
837 4385 996 4423 unum
1045 4369 1252 4431 adorat,
1299 4369 1736 4436 quemadmodum

1814 643 2016 698 tensus,
2051 635 2204 688 tertia
2226 635 2426 689 decima
2465 634 2549 689 die
2579 643 2661 688 est
2691 638 3109 692 consummatus,
3141 627 3332 695 aliique
3365 663 3371 669 -

1809 724 2070 778 innumeri
2125 726 2294 778 sancti
2355 734 2614 796 martyres
2671 724 2858 778 eodem
2910 721 3062 776 modo
3110 729 3329 776 mortem

1770 859 1775 864 .
1811 823 2146 869 transeuntes
2181 817 2522 869 consummati
2565 825 2705 869 sunt.
2732 834 2750 866 ι
2799 815 2870 868 Ex
2927 815 3115 882 quibus
3158 813 3334 881 conje-

1810 915 1952 960 ctura
1984 907 2144 959 ducor
2171 905 2234 958 ad
2266 907 2630 973 suspicandum
2652 907 2825 974 operis
2861 905 3022 972 hujus
3058 913 3330 958 auctorem

1811 1008 1876 1048 ex
1912 1008 1976 1048 eo
2002 1009 2118 1048 esse
2142 1009 2331 1063 genere
2361 995 2696 1056 Arianorum,
2735 995 2822 1062 qui
2853 994 3069 1048 Luciani
3098 993 3332 1061 discipu-

1810 1080 1888 1133 los
1914 1095 2029 1134 sese
2045 1082 2438 1148 profitebantur,
2459 1092 2511 1134 et
2527 1081 2835 1137 Lucianista:
2860 1084 2959 1136 dici
2978 1083 3240 1136 amabant.
3263 1081 3336 1136 De

1811 1169 1893 1223 his
1909 1171 1977 1222 ita
2004 1169 2316 1236 Epiphanius
2334 1171 2459 1224 hmr.
2482 1185 2786 1240 uxvt,cap.
2804 1173 2865 1226 δε
2885 1173 2942 1225 Οἱ
2962 1172 3172 1242 μὲνγὰρ
3191 1170 3334 1224 ἄλλοι

1810 1258 1914 1311 τῶν
1949 1259 2230 1329 Ἀρειανῶν
2256 1259 2359 1311 τῶν
2384 1261 2486 1313 ἀπὸ
2507 1261 2801 1314 Λουκιανοῦ
2819 1277 2899 1324 τε,
2931 1264 3022 1314 καὶ
3039 1261 3336 1333 Ὡριγένους

1813 1347 2072 1401 λαδόντων
2104 1349 2199 1416 τὴν
2227 1348 2511 1418 πρόφασιν,
2545 1351 2822 1417 γεγονότες
2849 1350 3222 1422 ἇμαἈστερίῳ
3234 1352 3337 1403 τινὶ

1815 1438 1919 1490 ἀπὸ
1951 1439 2212 1505 σοφιστῶν
2245 1440 2374 1500 ὄντι,
2404 1440 2684 1493 ἐκπεσόντι
2716 1458 2773 1493 τε
2817 1443 2874 1493 ὲν
2919 1439 2996 1510 τῷ
3021 1440 3238 1510 διωγμῷ
3261 1440 3337 1511 τῷ

1813 1526 1904 1578 ἐπὶ
1933 1526 2264 1597 Μαξιμιανοῦ
2307 1529 2571 1594 γεγονότι.
2632 1547 2649 1578 ι
2676 1529 2775 1581 Alii
2807 1530 2946 1583 enim
2994 1544 3060 1582 ex
3105 1529 3337 1589 Ariauis.

1814 1617 1880 1670 iis
1909 1617 1997 1685 qui
2039 1633 2066 1669 a
2104 1618 2332 1671 Luciano
2360 1627 2411 1671 et
2439 1619 2662 1686 Origene
2689 1620 2985 1672 doctrinam
3020 1634 3168 1673 suam
3190 1634 3340 1672 acce-

1814 1716 2024 1774 perant,
2059 1707 2320 1773 conjuncti
2367 1709 2572 1760 Asterie
2620 1708 2823 1761 cuidam
2861 1707 2924 1762 de
2957 1725 3114 1778 grege
3155 1709 3339 1777 sophi-

1827 1800 2052 1854 starum,
2085 1794 2171 1860 qui
2200 1794 2252 1846 in
2284 1795 2642 1859 persecutione
2679 1794 2981 1846 Maximiani
3007 1810 3034 1846 a
3069 1794 3167 1848 lide
3194 1795 3340 1849 defe-

1819 1890 1982 1934 cerat.
2008 1899 2026 1931 ι
2059 1880 2391 1950 Quapropter
2418 1881 2620 1944 Ariani,
2651 1881 2837 1935 deinde
2867 1881 3180 1935 Lucianistre
3212 1897 3343 1934 llttll-

1816 1969 1991 2035 cupati
2036 1978 2177 2031 sunt,
2214 1976 2270 2021 ut
2313 1977 2530 2036 apparet
2578 1985 2642 2022 ex
2703 1968 2865 2023 Mario
2898 1969 3168 2023 Victorino
3200 1970 3340 2026 lib.t

1817 2057 2057 2110 adversus
2082 2058 2327 2109 Arianos.
2357 2057 2454 2122 Qui
2488 2069 2661 2110 autem
2685 2057 2983 2111 Colutbiani
3007 2058 3336 2126 appellaban-

1821 2155 1926 2207 tur,
1959 2161 2059 2199 non
2095 2161 2122 2198 a
2157 2144 2388 2199 Luciano
2426 2146 2515 2200 illo
2560 2155 2838 2201 traxerunt
2884 2162 3094 2213 nomen,
3142 2158 3198 2200 ut
3226 2148 3344 2216 opi-

1829 2235 1937 2285 nati
1967 2241 2085 2286 sunt
2113 2233 2348 2301 quidam,
2379 2233 2470 2288 sed
2513 2248 2541 2287 a
2582 2233 2806 2288 Colutho
2847 2235 3192 2289 bteresiarcha
3232 2233 3342 2287 Arii

1817 2320 1983 2380 socio,
2006 2318 2152 2386 cujus
2194 2321 2791 2390 meminitlEpiphanius
2829 2323 2954 2377 baar.
2979 2337 3124 2385 thx,
3148 2337 3264 2389 cap.
3289 2321 3342 2375 2.

1824 2411 2226 2478 Distinguautur
2263 2425 2423 2480 porro
2458 2411 2510 2465 hi
2540 2411 2856 2467 Lucianista:
2906 2414 2968 2467 ab
3010 2414 3126 2466 aliis
3164 2411 3348 2466 Lucia-

1821 2500 1995 2565 nistis,
2029 2499 2244 2554 Luciaui
2296 2501 2568 2568 cujusdam
2600 2501 2916 2570 antiquioris
2975 2512 3028 2556 et
3069 2501 3348 2557 Marcionis

1823 2587 2091 2656 discipulis
2123 2625 2139 2651 .
2169 2587 2314 2654 cujus
2355 2589 2598 2642 haeresim
2628 2589 2953 2658 Epiphanius
2997 2591 3344 2660 persequitur.

1822 2677 2144 2744 Scriptorem
2199 2678 2353 2729 trium
2407 2675 2659 2730 librorum
2728 2678 2783 2729 in
2841 2675 3051 2739 Jobum,
3097 2675 3346 2730 Latinum

1819 2765 2086 2818 existimat
2104 2764 2373 2826 Erasmus,
2403 2777 2628 2832 cumque
2649 2779 2768 2818 esse
2796 2764 3142 2818 Maximinum
3170 2765 3348 2819 hario-

1821 2851 1974 2916 latur,
2016 2854 2165 2922 cujus
2206 2862 2416 2906 exstant
2444 2854 2826 2921 disputationes
2879 2869 2996 2906 cum
3025 2837 3345 2923 Augustino:

1826 2941 2046 2996 «Fuisse
2081 2941 2345 3006 Latinum,
2385 2941 2576 3010 inquit,
2622 2943 2875 3009 inprimis
2911 2943 3021 3010 ipse
3045 2942 3224 3010 operis
3248 2959 3342 3012 gus

1821 3042 1935 3086 stus
1969 3033 2162 3086 indicat
2184 3050 2196 3084 :
2218 3033 2302 3084 vix
2333 3032 2473 3085 enim
2504 3032 2784 3100 quisquam
2823 3032 2892 3084 ita
2916 3032 3198 3085 commode
3229 3045 3348 3085 vero

1823 3125 1883 3177 tit
1907 3121 2107 3187 Graeca,
2139 3131 2194 3174 ut
2223 3122 2392 3176 oratio
2419 3120 2600 3175 Latina
2629 3137 2729 3175 non
2795 3122 2962 3190 sapiat
2988 3120 3176 3174 alicubi
3201 3135 3346 3175 suam

1823 3215 2101 3281 originem.
2150 3211 2532 3279 Interpretatur
2581 3213 2842 3264 interdum
2892 3209 3104 3264 Grzecas
3167 3222 3347 3274 voces,

1825 3305 1916 3357 sed
1944 3303 2014 3356 ita
2048 3310 2106 3356 ut
2135 3301 2380 3354 Latinttm
2411 3315 2668 3370 agnoscas
2694 3315 2708 3354 :
2738 3299 2893 3352 veluti
2925 3313 3043 3352 cum
3071 3297 3226 3351 docet
3253 3311 3350 3350 nos

1825 3390 1954 3458 quid
1985 3397 2040 3442 et
2068 3389 2238 3456 qualis
2260 3389 2328 3441 sit
2349 3388 2679 3442 adamantus.
2713 3403 2732 3436 ι
2762 3386 2849 3439 Sic
2872 3399 2928 3439 se
2968 3386 3123 3438 habet
3153 3385 3241 3438 ille
3270 3384 3350 3438 le-

1825 3479 2016 3532 cus”:
2059 3495 2078 3528 ε
2104 3478 2334 3531 Adatnas
2367 3491 2494 3530 vero
2524 3477 2894 3544 interpretatur
2931 3489 2994 3528 ex
3035 3473 3216 3528 Graeca
3247 3473 3350 3527 liu-

1825 3583 1944 3639 gua.
1979 3567 2326 3630 indomabilis,
2361 3565 2675 3630 inflexibilis,
2732 3565 3156 3626 incomminutus,
3188 3581 3208 3615 ι
3235 3570 3341 3617 etc.

1826 3658 2030 3712 Addere
2071 3665 2276 3726 poterat
2310 3664 2364 3710 et
2406 3655 2625 3708 alterum
2663 3669 2818 3722 supra
2863 3669 2891 3706 a
2934 3654 3083 3706 nobis
3112 3653 3353 3722 deprom-

1833 3755 2009 3815 ptum,‘
2030 3761 2132 3814 quo
2178 3747 2310 3799 ludit
2340 3746 2392 3798 in
2436 3758 2567 3798 voce
2599 3743 2883 3807 Lucianus,
2916 3757 3141 3809 eumque
3172 3757 3199 3793 a
3227 3743 3340 3795 lucc

1829 3837 2023 3890 dictum
2049 3837 2250 3890 scribit.
2278 3837 2494 3890 Erasmo
2525 3835 2726 3888 assensi
2751 3844 2872 3887 sunt
2902 3833 3164 3885 Robertus
3183 3831 3352 3884 Cocus

1833 3927 1883 3979 in
1915 3926 2168 3986 Censura,
2204 3934 2258 3978 et
2285 3925 2584 3978 Edmundus
2627 3923 2929 3976 Albertiuus
2981 3921 3032 3973 in
3079 3933 3237 3989 opere
3276 3918 3352 3972 De

1831 4024 2146 4069 sacramento
2201 4013 2542 4066 Eucharistiw
2565 4013 2629 4065 ".
2667 4012 2768 4064 Sed
2814 4012 2934 4077 quis
2988 4009 3158 4063 nescit
3191 4009 3353 4061 inter-

1833 4115 2038 4174 pretum
2076 4103 2373 4166 audaciam,
2407 4111 2681 4154 auctorum
2714 4097 3049 4152 sermonibus
3092 4111 3185 4151 sua
3209 4111 3355 4150 com-

1836 4203 2012 4247 menta
2046 4193 2380 4260 interponere
2417 4189 2745 4244 amantium?
2791 4188 3030 4242 Graecum
3059 4202 3178 4250 esse
3223 4187 3355 4241 scri-

1836 4295 2044 4355 ptorem
2093 4285 2281 4352 probat
2339 4282 2646 4350 interpretis
2702 4279 2974 4347 Prologus,
3007 4293 3112 4345 quo
3164 4276 3352 4330 librum

1839 4379 1980 4431 hunc
2010 4377 2215 4444 aliquos
2252 4385 2374 4428 ante
2406 4388 2462 4427 se
2491 4371 2682 4426 Latine
2713 4370 2934 4422 vertisse
2978 4369 3154 4422 tradit.
3181 4367 3355 4421 Prolo-

189 4465 517 4519 Graecorum
565 4459 739 4527 lingua
783 4468 1123 4552 memoratur,
1165 4457 1374 4523 Triada,
1415 4458 1492 4510 vel
1549 4457 1738 4511 llomu-
1767 4495 1812 4552 D
1838 4483 1958 4537 gum
1983 4482 2012 4520 ε
2039 4466 2270 4520 librariis
2307 4463 2627 4532 suppositum
2683 4459 2884 4513 divina;
2939 4457 3203 4519 Erasmus,
3237 4455 3356 4509 ιιυι.

190 4555 339 4608 sion.
403 4549 574 4603 Istam
632 4561 758 4614 ergo
803 4547 1077 4599 Trinitatis
1124 4554 1424 4608 sectam,et
1472 4547 1737 4610 haeresim,

193 4652 362 4711 atque
417 4636 786 4693 infidelitatem
829 4634 938 4701 jam
987 4635 1114 4689 olim
1161 4639 1228 4688 de
1259 4635 1412 4700 longe
1455 4633 1739 4703 designans

191 4730 618 4786 versutissimus
641 4725 727 4779 ille
755 4724 996 4778 diabolus
1025 4726 1124 4778 tria
1156 4739 1351 4778 cornua
1385 4723 1527 4777 misit
1554 4725 1619 4776 ad
1643 4722 1741 4776 Job

190 4820 642 4890 depraedandum.
683 4816 772 4870 Sic
816 4831 1040 4882 namque
1077 4816 1236 4869 etiam
1285 4830 1424 4868 nunc
1448 4824 1740 4868 memorata

195 4913 475 4978 trionyma
509 4907 732 4961 haeresis
775 4905 1066 4972 praesertim
1097 4907 1362 4972 praedatur
1385 4917 1543 4973 atque
1572 4920 1737 4972 expu-

195 5008 330 5070 gnat
362 4998 688 5052 Ecclesiam.
719 5016 736 5048 ι
775 4995 990 5049 Luciani
1025 4997 1274 5064 martyris
1291 5011 1408 5048 cum
1445 4996 1597 5050 laude
1632 5011 1743 5050 me-

197 5088 382 5152 minit,
417 5085 669 5154 Origenis
701 5084 1022 5152 temporibus
1047 5085 1209 5139 multo
1241 5086 1587 5140 recentioris:
1620 5105 1639 5136 σ
1669 5088 1743 5140 Ita

197 5184 615 5233 consummatus
651 5185 755 5236 est,
787 5173 1035 5240 inquit”,
1066 5174 1250 5228 beatus
1295 5184 1454 5241 atque
1488 5175 1746 5242 gloriosus

199 5265 506 5322 Luciauus.
525 5262 730 5316 lucidus
763 5263 891 5325 vita,
920 5261 1120 5315 lucidus
1141 5271 1195 5315 et
1216 5262 1337 5326 ﬁde,
1360 5263 1565 5318 lucidus
1583 5265 1744 5318 etiam

207 5356 514 5413 tolerantiae
543 5355 1018 5410 consummatione.
1054 5356 1132 5409 Ob
1165 5356 1263 5410 hoc
1304 5358 1444 5410 enim
1485 5356 1748 5414 Lucianus

203 5444 620 5517 cognominatus
672 5449 774 5507 est,
820 5452 1072 5512 tanquam
1126 5445 1352 5510 lucidus,
1392 5457 1482 5498 aut
1539 5447 1748 5514 proprio

208 5539 412 5594 lumine
453 5532 556 5590 sibi
602 5530 840 5598 fulgens,
875 5545 968 5588 aut
1001 5534 1120 5587 aliis
1155 5535 1355 5588 lucens.
1388 5533 1486 5588 llic
1525 5549 1752 5604 namque

1841 4559 1906 4611 lis
1947 4557 2028 4610 vel
2073 4555 2268 4609 levibus
2298 4552 2650 4623 argumentis;
2683 4558 3008 4618 repugnante
3032 4549 3190 4601 etiam
3236 4545 3354 4616 styli

1841 4648 2114 4714 utriusque
2162 4645 2521 4714 congruentia.
2575 4640 2801 4695 Ell'reuis
2857 4638 3110 4706 profecto,
3157 4637 3348 4690 iterum

1842 4735 1981 4796 dico,
2015 4742 2070 4786 et
2110 4732 2338 4802 prejecta
2379 4730 2580 4784 Erasmi
2633 4728 2922 4789 temeritas,
2967 4736 3204 4780 veterum
3247 4725 3350 4777 Pa-

1843 4834 1980 4878 trum
2016 4823 2211 4890 scripta
2251 4822 2496 4874 inanibus
2550 4819 2660 4871 suis
2691 4818 3006 4885 conjectnris
3055 4817 3124 4868 ita
3165 4813 3356 4883 permi-

1856 4915 2083 4976 scentis,
2118 4922 2179 4963 ut
2209 4911 2307 4964 nisi
2340 4909 2742 4962 contraivisseut
2785 4907 3128 4974 posteriorum
3158 4901 3356 4954 theolo-

1841 5018 2024 5071 gorum
2073 5001 2261 5064 studia,
2294 5000 2379 5052 vix
2418 5010 2615 5053 certum
2673 4996 2868 5066 aliquid
2913 4998 2976 5049 de
3017 4990 3361 5044 adolescentis

1856 5091 2104 5146 Ecclesia:
2151 5091 2388 5144 doctrina
2421 5097 2652 5142 statuere
2697 5099 2982 5157 possemus.
3013 5080 3208 5133 Scribit
3235 5077 3364 5130 Pos-

1854 5182 2070 5236 sevinus
2123 5180 2175 5233 in
2220 5180 2412 5247 Appar.
2455 5194 2671 5232 sacram.
2729 5179 2780 5232 in
2828 5170 3047 5230 Hilario,
3093 5167 3368 5220 dubitasse

1848 5269 2145 5332 nonnullos,
2177 5285 2349 5322 annon
2380 5267 2580 5322 Hilario
2633 5265 2889 5320 tribuendi
2917 5263 3094 5310 essent
3124 5253 3181 5305 hi
3215 5255 3374 5306 Cotu-

1850 5360 2115 5414 mentarii.
2150 5359 2203 5412 ld
2247 5360 2292 5414 si
2337 5359 2455 5429 quis
2487 5359 2684 5419 credet,
2725 5345 2974 5408 Hilariani
3027 5357 3153 5429 cum
3178 5343 3383 5429 chara-

1851 5447 2012 5501 cteris
2049 5448 2258 5515 penitus
2283 5428 2522 5518 ignarum
2571 5459 2684 5499 esse
2716 5447 2936 5494 necesse
2973 5437 3074 5518 est.
3106 5428 3390 5518 Adversus

1852 5537 2076 5594 Arianos
2105 5517 2323 5593 summa
2353 5553 2473 5593 cum
2509 5537 2660 5590 laude
2699 5524 2920 5595 scripsit
2957 5517 3224 5578 Hilarius,
3265 5530 3398 5583 quo-

283 5697 467 5770 army):
501 5712 538 5756 ι,
579 5707 631 5770 ρ.
661 5689 922 5770 870..col.
952 5698 1017 5770 εξ
1065 5767 1073 5770 Α
1111 5697 1155 5730 ³⁸
1182 5694 1385 5770 Lib._tt,
1440 5715 1490 5769 p.
1524 5699 1649 5766 885,
1695 5715 1728 5756 cl

1829 5703 1881 5760 2.
1983 5702 2028 5735 η
2057 5701 2170 5758 Lib.
2206 5718 2266 5769 ιι,
2314 5715 2366 5770 p.
2411 5698 2533 5765 8st,
2567 5692 2740 5755 col.l.
2815 5684 2858 5717 ιτ
2895 5671 3168 5736 Edmund.
3202 5667 3412 5723 Alber-

212 5773 303 5824 tin.
333 5767 386 5820 in
415 5763 669 5818 Ezmnine
688 5760 944 5817 (catinum.
979 5763 1125 5837 Orig.
1149 5780 1262 5835 cap.
1297 5767 1346 5820 1.
