3922 6466
412 432 546 488 1275

1646 420 1702 474 Ρ.
1743 417 2047 473 DANIELIS
2086 416 2319 471 HUETII

3677 389 3809 442 1276

412 568 526 606 rum
576 552 673 604 isle
710 548 1016 615 partiarium
1066 560 1123 600 se
1168 545 1365 614 prodit.
1418 544 1494 596 Ad
1534 545 1644 598 haec
1698 542 1827 596 nihil
1874 543 1925 594 in
1954 543 2005 600 Α
2033 538 2223 607 Rejicit
2251 553 2348 591 eos
2385 536 2653 602 scriptor
2682 527 2923 599 operis,
2963 522 3073 593 qui
3114 519 3257 615 Deo
3300 515 3662 615 hut-uanam.

412 639 658 693 Genesim
692 636 968 704 scripsisse
1005 636 1172 688 fertur
1218 634 1471 697 llilarius,
1502 634 1551 685 in
1580 648 1732 698 quam
1764 647 1820 686 se
1850 632 1929 683 lu-

410 731 661 782 culrrasse
693 728 867 794 aliqua
894 735 1121 778 testatur
1151 726 1250 780 iste
1267 734 1471 778 auctor.
1504 723 1753 777 Eamdem
1780 735 1929 783 vero,

408 828 466 872 ut
509 828 563 871 et
607 818 799 871 librum
850 815 991 879 Jobi,
1031 815 1210 869 multis
1260 820 1574 881 exposuerat
1637 812 1927 879 Origenes;

411 910 548 962 unde
587 909 707 962 data
745 906 969 961 fortasse
998 906 1206 961 occasio
1235 906 1375 968 llibri
1411 906 1563 958 istius
1602 905 1721 957 huic
1760 902 1930 955 ascri-

410 999 598 1064 hendi;
639 1015 757 1053 cum
798 1000 1093 1066 praesertim
1150 997 1202 1049 in
1239 997 1517 1064 allegorias
1558 1006 1931 1061 nonnunquam

410 1099 676 1144 excurrat.
704 1090 892 1158 Arguit
912 1090 1160 1143 Erasmus
1188 1103 1250 1141 ex
1286 1088 1470 1141 horum
1500 1085 1751 1138 librorum
1780 1082 1930 1134 clau-

412 1180 526 1233 sula
574 1194 674 1233 non
732 1178 952 1232 ulterius
992 1193 1323 1248 progressum
1377 1175 1539 1229 fuisse
1594 1173 1931 1240 scriptorem,

421 1268 545 1322 licet
581 1269 667 1323 vix
692 1268 847 1337 caput
889 1269 1001 1322 ani
1047 1268 1256 1322 tertium
1299 1267 1572 1335 attigerit:
1598 1280 1626 1318 a
1657 1280 1757 1334 qua
1786 1266 1938 1333 equi-

410 1360 525 1413 dem
556 1360 820 1413 sententia
853 1375 956 1412 non
989 1361 1197 1413 recedo.

477 1450 561 1506 111.
600 1450 949 1505 Posteriorem
980 1450 1429 1503 Commentarium
1462 1452 1514 1503 in
1538 1449 1637 1503 Job
1687 1463 1717 1503 e
1742 1446 1939 1501 Biblio-

413 1538 577 1591 theca:
622 1538 799 1606 Regia:
844 1539 1113 1592 codicibus
1142 1539 1422 1592 Perionius
1477 1538 1659 1592 Latina
1695 1538 1938 1591 oratione

412 1627 644 1680 donavit.
678 1628 791 1681 Alia
821 1643 1029 1695 quoque
1070 1630 1192 1682 alibi
1239 1631 1579 1698 reperiuntur
1604 1628 1719 1696 ejus
1756 1640 1941 1680 exem-

415 1715 597 1780 plaria.
650 1714 811 1769 Multo
860 1719 1037 1771 minus
1087 1716 1332 1786 Origeuis
1400 1716 1543 1769 illum
1595 1730 1713 1769 esse
1771 1716 1936 1778 dicas,

412 1821 569 1874 quam
610 1808 815 1875 priores
866 1809 1027 1863 libros
1073 1820 1368 1862 tres:nam
1428 1822 1598 1875 neque
1653 1816 1937 1867 lomorum,

414 1914 582 1967 neque
627 1899 955 1953 homiliaruui
982 1945 996 1966 ,
1032 1914 1203 1966 neque
1250 1898 1570 1952 scholiorum
1613 1897 1806 1966 stylqu
1843 1911 1931 1949 sa-

415 1994 526 2058 pit;
570 2006 737 2061 neque
766 1993 980 2047 divertit
1022 2007 1243 2059 usquam
1286 1991 1338 2042 iu
1373 1990 1672 2058 allegorias,
1704 1998 1759 2041 et
1801 1997 1942 2042 totus

410 2092 492 2136 est
534 2083 584 2135 in
628 2083 1006 2152 perscrutanda
1035 2082 1225 2134 litterae
1256 2095 1437 2142 sensu,
1470 2088 1521 2131 ut
1554 2092 1753 2131 meram
1784 2093 1942 2144 para-

415 2173 649 2241 phrasim
700 2187 817 2226 esse
861 2173 1027 2225 dicas.
1078 2171 1275 2224 Mosem
1320 2170 1436 2223 libri
1477 2168 1578 2222 Job
1628 2156 1941 2237 scriptorem

413 2278 531 2316 esse
587 2263 779 2316 asserit
822 2262 871 2313 in
917 2260 1264 2328 Prologozat
1308 2262 1452 2327 prior
1503 2259 1942 2316 Commentarius

415 2351 657 2404 eumdem
691 2366 717 2403 a
752 2350 905 2413 Jobo,
938 2351 1022 2404 vel
1068 2349 1184 2403 Jobi
1229 2350 1416 2402 amicis
1456 2349 1715 2418 Syrorum
1767 2348 1943 2416 lingua

422 2439 701 2506 scriptum,
738 2455 766 2493 a
808 2438 987 2508 Moyse
1026 2440 1077 2491 in
1119 2439 1428 2493 Hebraicam
1461 2439 1694 2507 linguam
1729 2452 1947 2493 conver-

420 2545 535 2582 sum
579 2531 754 2583 tradit.
796 2530 941 2585 Unde
987 2528 1212 2582 efﬁcitur
1240 2529 1551 2582 alterutrum
1595 2530 1778 2583 saltem
1813 2546 1946 2597 opus

420 2619 664 2688 Origenis
691 2635 792 2673 non
816 2632 949 2673 esse.
982 2617 1231 2672 Neutrum
1276 2633 1399 2672 vero
1435 2619 1550 2686 ejus
1577 2632 1693 2671 esse
1722 2619 1948 2671 ellicitur

414 2724 482 2761 ex
523 2724 585 2762 eo
629 2710 768 2776 quod
812 2707 1002 2760 librum
1039 2705 1155 2760 Jobi
1196 2706 1375 2774 Moyse
1422 2707 1779 2773 antiquiorem
1827 2721 1944 2761 esse

421 2799 581 2850 tvradit
618 2797 752 2850 libro
790 2812 839 2850 γι
885 2807 1064 2848 contra
1093 2795 1256 2861 6e15,,
1282 2811 1426 2848 num.
1458 2797 1546 2858 44,
1575 2805 1628 2849 et
1650 2796 1790 2863 quod
1818 2795 1948 2850 Phi-

417 2884 617 2937 localia:
661 2885 832 2952 capite
879 2884 931 2947 5,
959 2885 1126 2937 libros
1168 2886 1422 2937 duntaxat
1449 2885 1685 2953 quinque
1708 2884 1943 2955 Moysen:

420 2976 699 3043 reliquisse
732 2973 958 3027 aﬂirmat
1006 2974 1137 3043 (HQ.
1175 2976 1302 3028 Cum
1339 2975 1583 3043 Origenis
1630 2977 1945 3030 sententiam

418 3065 483 3119 de
538 3066 799 3119 sideribus
856 3079 1013 3131 supra
1070 3065 1504 3132 exploraremus,
1551 3064 1949 3120 observavimus

2039 598 2146 680 rain
2173 627 2452 696 attingunt
2487 598 2670 678 {eam
2712 617 3012 675 haeresim
3064 610 3326 665 acriter
3358 604 3545 696 ultus
3577 608 3670 654 est
3691 598 3811 654 Ori-

2046 732 2226 787 genes.
2257 694 2383 782 Quo
2407 715 2586 768 modo
2619 710 2875 782 angelos
2925 703 3243 762 custodes
3284 694 3580 787 admittit
3612 700 3813 753 auctor,

2039 785 2273 861 admittit
2313 814 2372 860 et
2414 805 2728 873 Origenes.
2778 797 3125 853 Christum
3158 785 3579 861 patriarchis
3604 792 3668 837 et
3708 797 3817 850 pro-

2036 898 2212 967 phetis
2243 896 2472 951 Veteris
2505 889 2891 949 Testameuti
2919 881 3348 955 apparuisse,
3387 886 3586 967 atque
3610 875 3696 927 ita
3721 889 3819 967 me-

2031 964 2291 1043 diatorem
2327 988 2429 1042 Dei
2459 994 2520 1039 et
2557 984 2885 1038 hominum
2926 978 3059 1031 hoc
3110 983 3421 1040 tempore
3470 966 3671 1021 fuisse
3714 964 3822 1033 Opi-

2034 1088 2191 1132 natur
2234 1088 2470 1139 auctor;
2520 1076 2813 1144 Opinatur
2883 1081 2955 1123 et
3014 1065 3372 1134 Origenes.
3449 1058 3667 1112 Astris
3720 1057 3825 1109 vim

2034 1184 2150 1223 esse
2178 1168 2563 1238 σημαντικήν,
2599 1180 2715 1219 non
2747 1155 3284 1225 ἀποτελεστικήν
3323 1148 3561 1206 definit

2269 1168 2563 1236 tavrum,
2599 1180 2715 1219 non
2747 1155 3284 1225 ἀποτελεστικήν
3323 1148 3561 1206 definit
3599 1155 3818 1209 auctor;

2036 1235 2316 1310 definiret
2360 1254 2671 1323 Origenes.
2731 1248 2964 1304 Facile
3022 1247 3254 1312 itaque
3320 1250 3681 1294 consensus
3740 1235 3822 1290 ille

2036 1349 2215 1402 fucum
2254 1346 2410 1401 fecit.

2107 1438 2542 1507 Subjungunlur
2586 1435 2643 1486 iu
2709 1430 2969 1489 Grzecis
3041 1425 3458 1496 quihusdam
3520 1420 3821 1480 codicibus,

2038 1545 2091 1585 et
2117 1532 2170 1585 in
2210 1529 2391 1595 prima
2444 1525 2814 1582 Geuebrardi
2855 1520 3163 1577 editione
3236 1513 3537 1570 homilia:
3575 1520 3821 1579 quatmnr,

2041 1636 2160 1688 qua:
2193 1619 2456 1687 quoniam
2484 1611 2912 1685 Chrysostomi
2986 1622 3143 1663 esse
3212 1604 3642 1673 deprehensa
3685 1613 3821 1663 sunt,

2042 1712 2097 1763 in
2134 1708 2553 1764 recentioribus
2599 1704 2995 1759 editiouihus
3030 1700 3320 1753 fuerunt
3356 1692 3794 1765 prmtermissz.

2114 1801 2321 1854 Praeter
2353 1800 2640 1868 geminqu
2677 1796 2851 1850 illum
2895 1790 3505 1847 Commentarium
3546 1791 3607 1843 in
3639 1789 3822 1842 librum

2042 1893 2188 1958 Jobi,
2222 1892 2422 1946 scribit
2463 1890 2824 1944 Laurentius
2882 1884 3309 1941 Httrnfridus
3357 1884 3423 1935 in
3475 1880 3733 1949 Epistola
3764 1880 3823 1933 ad

2044 1984 2337 2036 Antonium
2383 1981 2626 2043 Canum,
2661 1993 2800 2048 qua
2869 1975 3315 2030 Erasmianae
3380 1972 3675 2041 Origenis
3724 1974 3819 2025 edi-

2046 2073 2179 2126 tioni
2209 2072 2433 2140 praefixa
2463 2081 2574 2135 est,
2607 2069 3082 2137 Hieronymum
3126 2065 3545 2119 Frobenium
3577 2073 3638 2118 et
3683 2062 3821 2116 Nico-

2047 2164 2189 2218 laum
2217 2164 2596 2232 Episcopium,
2630 2177 2660 2215 a
2692 2163 2933 2230 quibus
2970 2159 3183 2227 prelo
3221 2157 3585 2212 commissa
3616 2167 3697 2211 est
3721 2157 3821 2209 hac

2049 2259 2240 2322 editio,
2276 2254 2776 2310 adnotatiunculas
2831 2250 3190 2318 quasdam
3235 2249 3308 2302 in
3344 2246 3572 2302 Johun:
3612 2250 3665 2301 ei
3700 2248 3825 2301 inse.

2050 2364 2167 2404 rere
2194 2347 2457 2406 noluisse.
2486 2344 2638 2411 quod
2684 2342 3062 2411 perbreves
3127 2351 3378 2395 essent
3409 2380 3427 2402 ,
3470 2350 3533 2393 et
3570 2339 3823 2407 Origeuis

2046 2438 2263 2507 genium
2296 2450 2362 2488 ac
2391 2433 2598 2502 stylum
2624 2445 2840 2500 parum
2876 2428 3219 2486 redolere
3260 2430 3477 2485 doctis
3497 2429 3823 2499 quibusdam

2048 2526 2379 2578 viderentur.

2118 2615 2207 2667 IV.
2267 2615 2326 2666 In
2385 2613 2774 2679 manusCripto
2827 2610 3304 2665 Bibliotheca:
3378 2610 3589 2680 Regia:
3655 2610 3825 2663 codice

2050 2720 2247 2759 nomen
2299 2703 2560 2772 Origeuis
2617 2701 2873 2770 praefert
2940 2712 3167 2757 vetus
3204 2702 3742 2757 Cormuentarium
3776 2702 3819 2752 in

2051 2794 2402 2864 Evangelium
2448 2792 2649 2845 Marci.
2705 2790 2982 2861 Legitur
3074 2807 3366 2860 quoque
3425 2794 3491 2847 iu
3558 2792 3817 2846 Possevini

2048 2887 2317 2954 Apparatu
2342 2883 2385 2914 ³⁸
2415 2883 2608 2935 haberi
2652 2882 2710 2934 in
2744 2880 3145 2937 Oxoniensi
3187 2884 3586 2940 Bibliotheca
3626 2885 3820 2952 Corpo-

2052 2978 2126 3030 ris
2154 2976 2384 3039 Christi,
2426 2973 2694 3042 Origenis
2734 2989 2905 3044 opus
2958 2977 3272 3045 aliquod
3302 2981 3370 3031 in
3416 2978 3701 3032 Marcum.
3726 2978 3819 3031 Cu-

2044 3067 2278 3134 jusmodi
2328 3066 2398 3119 sit
2449 3066 2596 3117 istud
2651 3079 2809 3133 opus
2855 3068 3217 3135 equidem
3281 3069 3537 3139 ignoro.
3582 3069 3737 3137 Quod
3763 3068 3817 3120 ad

422 3158 650 3210 animata
686 3172 804 3211 esse
836 3158 1004 3226 ipsum
1035 3159 1343 3212 censuisse:
1373 3168 1556 3211 contra
1596 3157 1680 3213 hic
1716 3160 1945 3227 scriptor
1971 3173 2016 3233 ο
2052 3155 2273 3224 Regium
2330 3158 2547 3216 attinet,
2608 3154 2939 3208 nonnullae
2992 3157 3076 3212 in
3134 3175 3223 3213 eo
3286 3160 3631 3229 allegorice,
3672 3160 3817 3213 multa

420 3248 605 3301 stellas
654 3248 832 3300 animo
872 3262 1056 3302 carere
1108 3248 1309 3302 diserte
1357 3256 1650 3301 asseverat.
1707 3247 1949 3301 Meminit

419 3346 670 3404 praeterea
723 3336 1129 3390 Manichzeorum
1190 3347 1241 3391 et
1278 3337 1495 3391 Luciani
1538 3338 1814 3407 martyris,
1859 3341 1949 3407 qui

419 3428 645 3495 Origene
694 3428 910 3481 fuerunt
947 3429 1292 3482 recentiores.
1336 3427 1542 3482 Alicubi
1570 3443 1696 3482 vero
1728 3431 1796 3482 ita
1843 3432 1954 3484 dis-

422 3522 552 3574 serit
589 3539 602 3574 :
640 3538 658 3571 ί
683 3520 862 3586 Neque
901 3535 1027 3587 ergo
1058 3518 1335 3588 ὁμοούσιον
1363 3518 1558 3585 aliquid
1607 3520 1721 3585 ejus
1753 3530 1855 3586 est,
1902 3524 1954 3575 id

420 3619 521 3671 est,
556 3608 785 3676 ejusdem
807 3608 1085 3669 essentite;
1118 3622 1235 3658 eum
1265 3606 1405 3659 enim
1430 3608 1647 3659 interire
1675 3623 1777 3661 non
1801 3625 1955 3677 past-se

421 3699 651 3751 diximus
682 3712 698 3750 :
732 3711 901 3763 neque
948 3694 1216 3765 ὁμούσιον,
1247 3694 1296 3747 id
1343 3703 1443 3756 est,
1493 3696 1647 3749 unius
1671 3702 1952 3764 essentia);

422 3787 719 3856 comparari
758 3788 898 3839 enim
946 3801 1049 3839 non
1089 3793 1302 3853 potest;
1340 3803 1358 3835 ›
1387 3793 1440 3838 et
1485 3784 1590 3837 alio
1624 3785 1777 3839 loco:
1808 3806 1826 3838 ι
1854 3789 1957 3844 Re-

423 3881 531 3934 cita
581 3882 691 3931 inec
749 3885 800 3930 tu
847 3889 964 3929 cum
1011 3875 1214 3942 judicio
1252 3872 1387 3941 apud
1438 3872 1895 3931 llomoousiastas.
1931 3897 1951 3931 ι

422 3970 622 4035 Quibus
655 3966 879 4034 aliisque
925 3964 1286 4031 compluribus
1324 3963 1552 4016 Arianus
1598 3978 1719 4019 esse
1762 3967 1957 4021 intelli-

424 4072 567 4132 διηπ-
594 4078 608 4113 :
641 4074 783 4121 nam,
819 4066 874 4111 ut
923 4057 998 4109 ait
1022 4055 1347 4124 Epiphanius
1389 4055 1515 4107 INBI'.
1538 4071 1683 4119 LXIX,
1716 4072 1834 4127 cap.
1868 4059 1955 4124 70,

429 4166 530 4203 non
567 4159 672 4201 tam
706 4145 979 4199 bituminis
1023 4146 1241 4199 odorem
1280 4143 1471 4212 refugit
1522 4159 1764 4212 serpens,
1797 4162 1955 4214 quam

428 4257 608 4295 vocem
659 4238 936 4309 ὁμοουσίου
977 4237 1136 4290 Arius
1186 4235 1549 4290 aversabatur.
1603 4235 1955 4300 Quamobrem

427 4331 725 4384 Catholicos
757 4326 1270 4382 llomoousiastorum
1298 4325 1509 4378 nomine
1534 4324 1730 4377 Ariani
1774 4328 1960 4380 tradu-

428 4421 640 4472 cebant.
677 4418 749 4471 Ex
806 4418 989 4470 eodem
1052 4416 1215 4484 igitur
1263 4414 1580 4468 Arianorum
1626 4413 1958 4489 Luciauista~

2050 3246 2388 3314 Origenianze
2430 3244 2707 3298 doctrina:
2746 3245 3010 3311 aflinia,
3063 3265 3233 3319 qua:
3288 3252 3354 3306 in
3406 3250 3814 3307 Oltservationi-

2058 3336 2159 3389 bus
2209 3335 2275 3387 ad
2304 3334 2803 3387 Commentariuin
2872 3336 2948 3389 in
3026 3339 3440 3397 Martiarum
3497 3344 3816 3405 amavimus,

2054 3425 2338 3492 Origenem
2381 3423 2650 3475 videntur
2709 3436 3091 3484 auctorem
3168 3433 3498 3491 indicare.
3538 3435 3657 3490 Sed
3696 3436 3817 3490 levia

2053 3516 2184 3577 haec,
2218 3523 2388 3581 pramt
2414 3528 2477 3565 ea
2508 3524 2643 3565 sunt
2673 3530 2815 3583 quae
2843 3530 3111 3576 contra
3128 3525 3327 3579 rium
3361 3528 3602 3595 probari1

2271 3523 2388 3565 amt
2414 3528 2477 3565 ea
2508 3524 2643 3565 sunt
2673 3530 2815 3583 quae
2843 3530 3111 3576 contra
3128 3525 3327 3579 rium
3361 3528 3656 3595 probant;
3686 3541 3820 3579 sum-

2052 3620 2135 3658 ma
2164 3604 2285 3673 styli
2309 3604 2713 3671 discrepantia,
2754 3620 3107 3667 constans
3149 3616 3465 3687 Origenis
3497 3618 3822 3674 consuetudo

2056 3696 2108 3748 in
2138 3694 2586 3757 Commentariis,
2622 3696 2713 3749 vel
2749 3712 2869 3764 per
2921 3710 3205 3772 tomos,
3248 3709 3357 3762 vel
3398 3725 3515 3779 per
3563 3710 3814 3769 homilias,

2059 3967 2265 4019 lixitate
2314 3966 2521 4020 scholia
2568 3982 2896 4039 superant,
2963 3992 3006 4031 ει
3080 3984 3304 4040 tomis
3347 3984 3818 4058 ευρεηηωηεδ

2060 4057 2376 4110 homiletico
2428 4071 2564 4110 vero
2634 4073 2867 4126 genere
2942 4072 3253 4135 penitus
3314 4057 3623 4134 differunt.
3677 4078 3816 4131 Adde

2060 4146 2303 4213 profiteri
2331 4146 2681 4213 Scriptorem
2722 4154 2951 4219 operis
3002 4160 3175 4229 ipso
3218 4167 3446 4236 initio,
3484 4172 3817 4226 redacturum

2058 4237 2268 4291 sesein
2314 4252 2482 4291 unum
2531 4253 2766 4309 corpus,
2801 4260 2959 4313 quae
2998 4254 3099 4308 ab
3141 4256 3475 4318 Ecclesia
3523 4264 3818 4319 doctoribus

2060 4327 2295 4394 sparsim
2325 4327 2380 4380 in
2427 4327 2580 4383 hunc
2629 4329 3144 4403 Evangelistam
3222 4351 3500 4410 fueram
3542 4354 3816 4413 adnotata;

2063 4431 2185 4470 cum
2215 4417 2380 4515 multi
2406 4420 2458 4471 iu
2497 4417 2836 4515 blatthzeutn
2884 4440 2961 4483 et
2992 4431 3393 4511 Joannem,
3430 4448 3605 4515 pauci
3648 4448 3703 4499 in
3731 4444 3815 4498 ιη.

433 4521 545 4558 rum
577 4520 766 4573 genere
796 4505 976 4567 fuerit,
1009 4518 1169 4572 equo
1196 4503 1426 4571 scriptor
1478 4516 1635 4570 supra
1680 4484 1956 4556 memorati
1993 4484 2034 4537 υ
2063 4524 2206 4570 cam,
2249 4510 2383 4564 nulli
2432 4513 2659 4580 penitus
2726 4516 2785 4571 in
2852 4484 3605 4593 Marcia—in-madqs't'tit‘i:
3630 4484 3818 4607 tein-[:3

431 4593 608 4660 operis
637 4593 690 4643 in
716 4592 923 4655 Jobum,
950 4592 1147 4660 quippe
1179 4591 1269 4660 qui
1294 4590 1511 4644 Luciani
1537 4591 1786 4659 martyris
1808 4606 1958 4660 teque

434 4682 749 4739 meminerit.
820 4682 910 4735 Sic
956 4693 1133 4736 autem
1178 4683 1460 4749 existimo;
1514 4683 1956 4750 quemadmodum

431 4772 765 4829 sublevanda:
826 4772 1176 4825 lsraclitarum
1204 4772 1516 4835 calamitati,
1545 4772 1665 4824 dum
1687 4771 1960 4841 Egyptio-

433 4882 548 4922 rum
597 4862 850 4918 servitute
898 4872 1287 4928 premerentur,
1338 4863 1529 4917 librum
1563 4860 1663 4916 Job
1708 4877 1737 4915 a
1781 4861 1958 4931 Moyse

433 4958 685 5025 scriptum
709 4957 985 5003 autumant
1010 4951 1249 5019 plerique
1272 4969 1285 5016 ;
1311 4952 1382 5004 ita
1411 4951 1690 5019 multiplici
1715 4951 1782 5004 ab
1808 4954 1959 5004 Aria-

437 5047 520 5100 uis
555 5038 951 5098 Commentario
991 5041 1232 5093 eumdem
1286 5039 1453 5095 fuisse
1511 5041 1852 5104 illustratum,
1883 5056 1962 5095 .ac

436 5132 699 5202 frequenti
747 5128 972 5182 lectione
1018 5129 1326 5190 contritum,
1374 5129 1550 5182 solatii
1598 5130 1792 5199 gratia,
1839 5145 1960 5182 cum

441 5231 508 5283 ab
536 5226 779 5282 Ecclesia
819 5219 1075 5276 catholica
1127 5222 1475 5277 auathematis
1503 5232 1558 5277 et
1599 5224 1840 5277 censuris
1880 5239 1967 5276 ur-

439 5325 708 5385 gerentur.
765 5307 1029 5379 Qumrenti
1076 5315 1250 5358 autem
1310 5309 1434 5360 mihi
1491 5325 1782 5379 ecquonam
1808 5325 1964 5380 argu-

438 5414 615 5459 mento
667 5405 805 5459 liber
843 5404 941 5455 iste
974 5397 1190 5466 Origeni
1223 5398 1552 5462 adjudicatus
1576 5412 1676 5467 est,
1710 5402 1961 5456 nonnulla

438 5494 489 5547 in
527 5510 593 5549 eo
646 5501 993 5549 occurrerunt
1041 5486 1375 5558 Origenianae
1421 5489 1676 5545 doctrinae
1715 5493 1964 5560 vestigia,

438 5598 554 5650 quae
576 5588 641 5638 ad
663 5586 763 5637 alia
790 5600 893 5638 non
918 5584 1048 5638 satis
1072 5588 1329 5634 attentum
1361 5577 1611 5633 lectorem
1640 5583 1965 5640 fefellerunt.

510 5675 553 5704 ³⁸
579 5675 842 5727 l’ossevin.
881 5672 1070 5741 Appar.
1097 5674 1147 5725 in
1178 5670 1413 5738 Origene.

2065 4599 2739 4700 scripserint..Pr-t).fecto
2791 4624 2919 4664 non
3002 4623 3227 4678 multi
3305 4639 3466 4685 ante
3542 4599 3815 4700 Origenes!

2066 4688 2497 4789 scripserantnin
2538 4690 2880 4751 Matthaaum
2931 4714 3003 4758 et
3062 4707 3453 4784 Joannem;
3518 4688 3696 4789 atque
3730 4717 3817 4770 lter

2065 4780 2373 4880 sequiorem
2402 4782 2773 4880 Origeuianis
2816 4798 3255 4863 temporibus
3296 4780 3561 4865 aetatem
3603 4780 3813 4880 sapiunt-

2070 4869 2127 4959 Si
2160 4870 2338 4959 minus
2383 4871 2453 4925 ad
2505 4876 2876 4945 eripiendum
2918 4882 3213 4959 Origeni
3275 4897 3523 4953 librum
3567 4869 3713 4955 hunc
3741 4914 3815 4949 ra-

2066 4956 2570 5030 lentcoujecturte,
2618 4976 2681 5021 at
2704 4970 2933 5026 valebit
2990 4956 3193 5038 certe
3254 4990 3569 5045 codicum
3604 5003 3813 5047 vetem:

2064 5049 2356 5116 dissensio,
2385 5070 2635 5122 quorum
2692 5061 2868 5131 aliqui
2932 5066 3201 5130 Victori
3261 5080 3674 5140 Antiocheno
3718 5094 3811 5136 ιω

2069 5141 2352 5239 tribuunt;
2389 5147 2724 5239 cuiusmodi
2780 5168 2873 5213 est
2918 5161 3093 5220 liber
3129 5173 3417 5239 quidam
3480 5178 3815 5236 Bibliothecz

2070 5229 2279 5333 itegim,
2316 5236 2642 5333 cujusmodi
2684 5256 2746 5300 et
2779 5247 2877 5304 ille
2927 5251 3048 5308 fuit
3091 5229 3814 5326 Theodori

2073 5328 2297 5419 cietatis
2343 5328 2474 5385 Jesu
2534 5336 2819 5411 theologi,
2879 5346 2979 5414 qui
3047 5347 3641 5419 Commentariqu
3698 5361 3815 5416 istud

2077 5410 2349 5525 {cilicia
2390 5437 2451 5479 se
2483 5430 2781 5525 redditum
2822 5410 2924 5491 sub
2956 5437 3260 5500 Victoris
3296 5410 3815 5525 ἷυιξιξέι-

2077 5510 2191 5602 yit.
2251 5510 2402 5570 Idem
2464 5519 2568 5579 alii
2618 5526 2830 5599 Cyrillo
2875 5527 3331 5596 Alexandrino
3381 5510 3637 5602 codices
3667 5543 3815 5600 astﬁ-

2084 5591 2269 5670 b‘ml;
2321 5591 2854 5681 cujusmodi'etiam
2904 5619 3053 5678 alter
3124 5591 3813 5707 uiuiioiiémcfngé.
3918 5628 3922 5681 l

512 5766 616 5837 (l6)
654 5766 781 5822 Vidc
815 5779 938 5823 tom.
960 5785 988 5823 v
1020 5770 1318 5826 Comment.
1360 5766 1412 5820 in
1434 5764 1611 5835 1mm,
1644 5785 1786 5827 num.
1812 5771 1863 5835 ἓ,
1893 5788 1947 5842 p.
1984 5775 2081 5832 93.
