3922 6432
190 413 317 468 {"277

1327 411 1876 471 ORIGENIANORUM
1918 415 2272 472 APPENDIX.

3187 414 3322 468 1278

193 529 292 580 Nec
333 525 498 580 titulis
543 526 710 582 solum
757 527 1038 583 diversitas
1073 527 1228 591 inest.
1275 530 1364 582 sed
1396 527 1511 582 libri
1541 529 1698 582 etiam
1728 531 1773 588 Α
1803 527 1928 582 dere
1957 528 2112 582 solet.
2158 527 2333 584 Nihilo
2373 528 2538 599 magis
2561 541 2680 583 cum
2714 523 2958 593 Origenis
2990 523 3322 594 dogmatibus

189 614 474 668 contextui.
509 615 566 668 In
597 616 874 670 Codicibus
899 617 1140 680 Victoris,
1170 616 1250 670 vel
1275 617 1453 687 Cyrilli
1489 616 1702 670 nomine

190 705 474 772 inscriptis.
531 704 832 774 Origenem,
894 707 1198 770 Eusebium,
1249 706 1701 776 Chrysostomum,

185 795 563 861 Apollinarium
633 807 686 851 et
750 797 1083 852 Theodorum
1145 797 1368 859 citatos;
1445 794 1703 848 Catharos

185 899 308 938 vero
333 886 606 940 haereticos
633 887 938 954 perstrictos
982 885 1215 952 reperias
1245 901 1260 937 :
1284 893 1438 952 atque
1468 883 1578 938 haec
1607 896 1701 936 n0-

183 975 341 1034 mina.
369 974 578 1043 aliaque
624 975 810 1038 multa,
835 990 984 1029 erasa
1009 973 1244 1028 offendas
1280 976 1346 1028 ab
1385 974 1704 1041 exemplari-

182 1061 280 1114 bus
319 1076 437 1130 quae
483 1079 673 1117 nomen
705 1063 954 1130 Origenis
983 1064 1038 1116 in
1065 1062 1240 1118 fronte
1267 1071 1474 1132 gerunt.
1498 1062 1625 1129 Quae
1655 1063 1700 1117 si

181 1151 298 1217 quis
341 1166 465 1205 casu
501 1154 786 1222 contigisse
822 1161 988 1220 putet,
1015 1167 1198 1220 parum
1242 1154 1330 1208 ille
1368 1153 1701 1208 librariorum

181 1238 452 1292 audaciam
484 1242 830 1310 perspexerit.
865 1241 991 1296 Mihi
1027 1255 1149 1295 vero
1187 1255 1306 1294 cum
1335 1250 1481 1294 certo
1500 1249 1706 1294 constet

179 1325 629 1380 Commentarium
662 1330 798 1382 istud
832 1346 934 1384 non
971 1345 1086 1385 esse
1120 1329 1384 1400 Origenis,
1421 1329 1705 1383 verisimile

184 1413 239 1464 fit
282 1414 348 1466 ab
385 1415 448 1468 iis
487 1413 654 1470 fuisse
695 1416 1090 1484 interpolatum,
1138 1426 1192 1470 et
1236 1416 1288 1469 in
1333 1415 1701 1483 Origenianam

182 1501 603 1557 lucuarationem
649 1521 915 1569 recusum,
955 1521 1062 1574 quo
1109 1505 1318 1560 facilius
1372 1503 1597 1560 lectores
1621 1503 1704 1559 vel

178 1599 443 1657 emptores
471 1592 891 1646 nancisceretur.

241 1673 358 1730 Jam
403 1692 533 1732 vero
582 1679 654 1730 uti
703 1679 896 1746 potius,
941 1678 1161 1742 Victori,
1212 1694 1280 1732 an
1333 1678 1550 1748 Cyrillo,
1605 1679 1704 1732 tri-

175 1765 441 1820 bueudum
483 1768 552 1821 sit
591 1768 728 1821 istud
761 1768 1212 1823 Commentarium
1257 1769 1570 1838 diiudicare,
1602 1769 1699 1823 etsi

175 1864 256 1908 est
285 1866 479 1922 praeter
509 1856 832 1919 institutum,
862 1858 1032 1910 dicam
1075 1866 1248 1911 tamen
1300 1859 1475 1912 obiter
1503 1857 1702 1912 Victori

176 1943 546 2002 verisimilius.
571 1959 729 2012 quam
767 1945 965 2014 Cyrillo
1020 1947 1214 2000 ascribi
1243 1964 1256 2000 :
1297 1961 1394 2001 nec
1420 1947 1561 2000 enim
1587 1947 1705 2001 Ori-

174 2045 363 2098 genem
395 2041 502 2084 tam
534 2034 722 2087 crebro
757 2043 943 2088 testem
975 2049 1004 2087 a
1049 2034 1244 2104 Cyrillo
1283 2035 1567 2101 laudatum,
1603 2051 1700 2090 nec

169 2119 542 2188 Chrysostomi
593 2132 892 2190 usurpatam
932 2124 1091 2179 abeo
1138 2127 1503 2180 auctoritatem
1554 2125 1706 2180 facile

175 2210 492 2275 putaverint.
551 2210 624 2264 De
676 2211 898 2265 Victoris
959 2221 1110 2266 aetate
1146 2213 1488 2282 quiestionem
1546 2212 1703 2266 habet

175 2301 454 2366 Peltanus,
487 2309 540 2354 et
569 2299 779 2355 Juliano
819 2301 1170 2370 antiquiorem
1218 2316 1336 2356 esse
1381 2310 1548 2370 putat,
1586 2301 1704 2354 ideo

175 2391 320 2457 quod
348 2390 618 2444 decimum
651 2391 862 2444 tertium
884 2390 1046 2444 Marci
1076 2400 1233 2460 caput
1260 2405 1526 2462 exponens
1579 2389 1697 2444 fun-

172 2484 426 2535 damenta
459 2480 635 2549 templi
684 2495 959 2548 superesse
987 2482 1160 2546 dicat;
1210 2496 1272 2536 ea
1319 2495 1445 2536 vero
1497 2479 1708 2535 Iuliano

175 2570 480 2638 imperante
511 2569 672 2622 fuisse
719 2569 943 2632 refossa,
977 2567 1131 2635 juxta
1160 2568 1436 2638 Nicephori
1468 2571 1706 2624 testimo-

172 2657 324 2711 cium
373 2656 606 2724 :capite
663 2669 788 2709 vero
846 2659 1082 2724 sequenti
1129 2658 1382 2712 Catharos
1435 2658 1708 2712 haereticos

172 2744 446 2814 suggillet,
471 2759 692 2812 quorum
720 2745 936 2800 heresis
971 2757 1093 2801 ante
1137 2748 1274 2801 hanc
1301 2757 1507 2803 etatem
1539 2749 1708 2804 fuerat

173 2836 246 2888 ab
276 2835 520 2888 Ecclesia
547 2835 840 2904 proﬂigata.

246 2923 311 2979 V.
339 2924 498 2978 Circa
530 2924 793 2986 homilias,
829 2939 946 2991 quae
989 2923 1054 2976 In
1100 2925 1322 2977 diversos
1370 2923 1584 2979 inscribi
1627 2939 1712 2979 so-

175 3016 309 3078 lent,
340 3027 468 3068 ante
491 3015 667 3068 omnia
701 3017 984 3067 notamlmn
1018 3025 1100 3067 est
1137 3015 1300 3068 fuisse
1331 3016 1470 3082 ipsas
1502 3029 1530 3067 a
1574 3015 1708 3067 Mer-

175 3107 288 3158 lino
315 3119 382 3158 ex
437 3103 598 3156 variis
637 3103 770 3156 locis
817 3103 1085 3164 collectas,
1115 3112 1168 3156 et
1195 3119 1258 3157 eo
1293 3103 1574 3157 collocatas
1616 3117 1706 3157 or-

1804 617 2064 686 congruit.
2097 618 2254 672 Docet
2285 617 2537 688 Origenes
2560 615 2776 671 homilia
2819 615 2886 668 14
2914 615 2967 666 in
3000 612 3187 666 Lucam
3212 611 3323 666 Ma-

1800 705 1934 758 riam
1968 707 2166 772 apertis
2192 711 2326 760 uteri
2351 706 2878 762 claustristristum
2907 704 3071 758 fuisse
3087 703 3320 768 enixam,

1799 803 1857 848 ut
1887 810 2044 864 supra
2077 810 2172 849 suo
2203 795 2317 847 loco
2342 795 2537 849 dictum
2566 803 2648 849 est
2679 812 2692 848 :
2719 792 2981 848 contraria
3016 792 3192 846 omnia
3222 794 3323 844 hac

1800 881 2020 936 homilia
2063 890 2384 936 statuuntur.
2418 881 2578 935 Plane
2618 883 2796 949 itaque
2824 896 2926 934 non
2953 890 3034 933 est
3056 878 3319 947 Origenis.

1801 969 2045 1025 Latinum
2100 970 2408 1036 scriptorem
2433 969 2600 1038 stylus
2648 971 2840 1037 arguit.
2889 968 3169 1022 Auctorem
3196 964 3324 1018 divi-

1805 1067 1914 1120 net,
1939 1058 1984 1112 si
2033 1059 2152 1126 quis
2183 1057 2431 1112 hariolari
2483 1066 2645 1109 amat.
2698 1057 2979 1126 Reperitnr
3008 1057 3096 1111 illa
3128 1057 3180 1111 in
3214 1054 3314 1109 Le-

1800 1148 2061 1202 ctionario
2084 1147 2305 1215 quodam
2343 1147 2503 1200 veteri
2533 1146 2857 1200 bibliothecae
2887 1145 3077 1209 Regina

1867 1237 1935 1290 At
1976 1235 2234 1288 mirabilis
2277 1244 2362 1288 est
2415 1250 2594 1288 eorum
2652 1243 2856 1301 stupor,
2897 1235 2984 1302 qui
3031 1233 3318 1288 secundam

1803 1324 2073 1380 homiliam
2107 1322 2320 1394 Origeni
2366 1324 2774 1391 adjudicarunt;
2836 1338 2954 1376 nam
3004 1333 3192 1391 praeter
3214 1331 3323 1392 sty-

1808 1415 1914 1490 lum
1946 1415 2011 1468 ab
2031 1413 2346 1480 Origeniano
2370 1413 2525 1480 genio
2556 1413 2920 1476 abhorenlem,
2953 1421 3006 1466 et
3030 1411 3320 1465 clausulam

1801 1505 1868 1557 ab
1917 1501 2252 1572 Origenianis
2293 1501 2576 1565 diversam,
2630 1501 2947 1556 Martichmos
2997 1511 3052 1555 et
3101 1500 3325 1554 Arianos

1805 1593 2054 1664 Origenis
2081 1591 2402 1660 temporibus
2423 1592 2747 1659 posteriores
2783 1591 3093 1644 nominatim
3143 1589 3324 1656 appel-

1799 1684 1892 1738 lat.
1942 1683 2130 1737 It'ilium
2177 1681 2314 1735 Patri
2367 1680 2642 1750 ὁμοούσιον
2701 1696 2820 1734 esse
2867 1681 3032 1744 dicit;
3097 1679 3326 1748 Dionysii

1803 1771 2134 1839 Are0pagitte
2158 1785 2318 1839 opera
2358 1771 2504 1835 citat,
2535 1785 2663 1822 cum
2701 1767 2944 1836 Origenis
2967 1777 3095 1822 aetas
3139 1770 3236 1823 hos
3263 1769 3328 1822 Ii-

1733 1839 1774 1893 B
1803 1859 1926 1914 bros
1957 1859 2183 1912 nonduin
2210 1860 2446 1913 vidisset.
2483 1857 2715 1911 Habetur
2747 1859 2858 1912 haec
2891 1856 3105 1910 homilia
3134 1860 3186 1910 in
3215 1871 3329 1910 ma.

1803 1953 2071 2020 nnscripto
2127 1950 2462 2004 Bibliotheca;
2518 1947 2693 2011 Regia:
2744 1947 2924 2003 codice
2977 1946 3117 2000 inter
3163 1945 3326 1998 multa

1805 2042 2078 2110 Augustini
2097 2040 2370 2110 opuscula.
2401 2039 2472 2093 De
2499 2049 2714 2093 auctore
2734 2047 2934 2091 certum
2959 2035 3089 2091 nihil
3109 2036 3330 2092 delinire

1807 2147 2040 2202 possum.

1871 2217 1946 2272 Ne
1968 2218 2172 2272 tertiam
2203 2215 2418 2284 quidem
2470 2215 2684 2284 Origeni
2712 2214 2967 2282 deputare
3003 2212 3197 2278 ausim,
3239 2227 3328 2269 re-

1803 2317 2067 2378 pugnante
2109 2305 2342 2360 clausula
2375 2314 2426 2360 et
2453 2305 2591 2374 stylo
2635 2322 2649 2358 :
2682 2308 2924 2372 quamvis
2953 2305 3018 2357 ad
3057 2302 3331 2373 Origenia-

1804 2409 1927 2448 num
1982 2407 2223 2462 saporem
2275 2392 2494 2460 propius
2556 2391 2778 2446 accedat
2813 2406 2972 2458 quam
3022 2390 3328 2459 superiores

1803 2485 1952 2547 dum;
1994 2481 2248 2551 pauculas
2284 2481 2426 2535 enim
2483 2481 2738 2549 quasdam
2813 2479 3095 2550 allegorias
3147 2480 3326 2535 habet.

1805 2571 1993 2625 Primae
2023 2579 2197 2623 tamen
2230 2569 2456 2624 similior
2475 2578 2730 2636 estquam
2753 2570 3020 2634 secundae,
3051 2568 3185 2622 adeo
3205 2583 3330 2624 cre-

1809 2661 1904 2716 bra
1940 2670 2020 2717 est
2052 2660 2235 2729 figuris
2259 2668 2312 2713 et
2341 2659 2864 2726 interrogationibus.
2899 2657 3144 2711 Latinum
3201 2659 3332 2712 scri-

1807 2760 2010 2818 ptorem
2059 2748 2225 2812 dicas,
2266 2754 2318 2799 et
2369 2745 2579 2813 quidem
2611 2743 2928 2814 Hieronymo
2959 2744 3327 2798 recentiorem.

1807 2839 1946 2893 Idem
1993 2847 2107 2892 esto
2139 2839 2202 2891 de
2233 2846 2416 2905 quarta
2441 2835 2652 2888 homilia
2671 2833 2951 2901 judicium,
2979 2848 3136 2902 quam
3172 2833 3330 2888 exhi-

1807 2929 1930 2982 bent
1960 2940 2166 2996 quoqne
2196 2925 2523 2980 Lectionaria
2561 2923 2734 2992 Regia:
2756 2923 3110 2977 Bibliotheca.

1877 3018 2070 3071 Eadem
2093 3025 2146 3070 et
2177 3015 2414 3084 quintam
2441 3014 2711 3069 homiliam
2741 3013 3015 3078 exhibent,
3043 3025 3163 3080 qua:
3199 3009 3332 3064 nihil

1810 3104 2182 3175 Origenianum
2225 3103 2402 3168 habet,
2447 3119 2548 3158 non
2606 3103 2820 3173 stylum,
2867 3116 2969 3156 non
3027 3101 3329 3170 allegorias,

171 3195 321 3256 dine,
348 3208 459 3262 quo
492 3195 627 3246 inter
669 3207 726 3245 se
760 3193 1024 3259 disposita:
1052 3204 1358 3246 cernuntur.
1393 3192 1446 3246 Id
1491 3193 1602 3260 ipse
1655 3193 1705 3244 in
1737 3168 1779 3224 θ
1812 3168 1932 3248 ηοιῖ
1947 3191 2233 3247 clausulam
2276 3209 2290 3246 :
2329 3192 2498 3246 oratio
2530 3168 2761 3254 concisa,
2803 3190 3073 3253 dissoluta,
3094 3168 3332 3260 ὲᾶιημα-

170 3283 413 3336 editione
447 3295 538 3334 sua
577 3281 642 3334 de
671 3281 734 3335 iis
768 3280 1018 3348 prtefatns
1051 3290 1153 3334 est.
1185 3279 1333 3346 Quod
1381 3294 1707 3345 prtemonen-

173 3376 278 3427 dus
324 3372 426 3424 fuit
465 3373 650 3435 lector,
680 3388 747 3424 ne
796 3371 1020 3424 miretur
1070 3372 1336 3440 quomodo
1391 3371 1621 3435 diversa,
1655 3381 1708 3424 et

170 3459 367 3530 parum
413 3461 513 3516 sibi
551 3476 791 3527 congrua.
816 3463 1050 3515 membra
1079 3461 1130 3514 in
1158 3477 1316 3514 unum
1355 3475 1547 3528 corpus
1581 3477 1710 3516 con-

170 3553 454 3607 ﬂuxerint.
506 3549 748 3620 Singulas
783 3566 922 3606 nunc
969 3567 1205 3606 seorsum
1240 3565 1299 3606 ac
1323 3551 1589 3620 sigillatim
1619 3567 1712 3608 ex-

165 3645 467 3700 cutiamus.

246 3734 435 3786 Prima
465 3731 530 3785 ab
567 3731 810 3800 Origenis
831 3730 972 3800 ston
1003 3732 1214 3798 penitus
1232 3731 1400 3783 aliena
1430 3741 1510 3784 est
1536 3749 1550 3785 :
1578 3731 1708 3784 sim-

167 3827 297 3893 plex
324 3824 418 3876 ille
451 3831 531 3875 est
551 3831 602 3875 et
635 3821 928 3884 familiaris,
949 3819 1176 3873 litteram
1216 3819 1445 3874 breviter
1472 3821 1710 3888 exponit,

171 3925 290 3967 tum
312 3911 512 3965 transit
533 3911 597 3962 ad
625 3909 904 3979 allegorias
947 3918 1000 3961 et
1029 3909 1387 3977 tropologias;
1421 3910 1532 3963 haec
1552 3911 1712 3964 abun-

170 4007 271 4059 dat
292 4000 590 4057 schematis
611 4010 663 4054 et
690 4001 874 4068 tropis,
911 4002 1041 4054 ludit
1071 4002 1122 4053 in
1151 4001 1344 4064 verbis,
1369 4009 1422 4052 ct
1443 4001 1595 4054 aliter
1621 4003 1711 4055 de-

171 4096 346 4162 nique
377 4089 661 4154 clauditur,
688 4106 844 4159 quam
871 4089 1116 4144 homilias
1143 4103 1266 4144 suas
1295 4087 1548 4157 Origenes
1567 4089 1712 4142 clau-

1809 3283 2052 3354 τισμένη.
2086 3283 2298 3335 Initium
2325 3282 2574 3346 homiliaz,
2602 3281 2738 3348 quod
2762 3280 3005 3349 Origenis
3031 3282 3321 3334 doctrinam

1818 3378 1976 3442 sapit,
2007 3371 2287 3426 lectoribus
2314 3371 2580 3440 imposuit.
2605 3369 2730 3424 Vide
2756 3380 2952 3425 tomum
2983 3387 3015 3424 x
3051 3371 3104 3425 in
3142 3371 3332 3425 Matth.

1813 3481 1954 3520 num.
1990 3463 2044 3527 I,
2071 3463 2282 3517 easdem
2319 3461 2429 3516 fere
2449 3461 2682 3531 reperies
2705 3462 3010 3516 sententias.
3050 3461 3199 3526 Quod
3227 3461 3331 3513 nisi

1813 3555 1970 3610 dubia
1992 3562 2132 3608 esset
2160 3552 2508 3622 lnterpretum
2536 3553 2685 3617 ﬁdes,
2730 3553 3038 3620 scriptorem
3090 3549 3331 3603 Latinum

1809 3661 1927 3702 esse
1944 3645 2232 3715 iudicarem
2255 3659 2318 3697 ex
2344 3644 2425 3698 his
2443 3643 2616 3698 verbis
2647 3660 2660 3696 :
2691 3660 2709 3694 ι
2741 3641 2850 3712 (I7)
2875 3641 3004 3697 Cum
3022 3656 3168 3710 ager,
3195 3651 3336 3710 quod

1814 3738 1865 3792 in
1897 3753 1960 3792 eo
1981 3736 2177 3804 aliquid
2231 3745 2438 3801 agatur,
2468 3735 2550 3789 vel
2591 3735 2712 3787 villa
2761 3751 2790 3788 a
2847 3732 3335 3787 circumvallatione

1810 3827 2010 3890 limitis,
2041 3827 2140 3879 hoc
2163 3834 2245 3879 est
2270 3825 2557 3878 munitione
2580 3824 2832 3878 custodiae
2868 3837 3058 3876 nomen
3110 3834 3333 3884 accepe-

1815 3919 1903 3979 rit,
1959 3929 2189 3983 congrue
2248 3915 2641 3982 dispensatione
2689 3912 2866 3966 carnis
2919 3911 3009 3964 illo
3064 3911 3334 3976 ingressus

1814 4007 2068 4060 asseritur
2091 4003 2364 4068 Dominus,
2394 4019 2500 4071 quo
2520 4019 2615 4072 per
2639 4002 2848 4056 deitatis
2882 4010 3085 4070 portam
3104 3999 3329 4052 circum-

1815 4095 1985 4148 dando
2016 4094 2288 4147 attrahens
2317 4093 2382 4146 ad
2415 4092 2778 4147 credulitatem
2828 4089 3147 4152 incredulos,
3172 4097 3225 4142 et
3247 4102 3333 4141 sa-

247 4269 372 4338 (I7)
408 4263 537 4338 cum
571 4281 716 4334 ager,
749 4264 889 4332 quod
936 4265 991 4316 in
1026 4279 1083 4338 eo
1125 4263 1323 4338 aliquid
1356 4274 1586 4338 _agqtar,
1619 4273 1722 4319 etc.
1753 4275 1797 4330 ι)
1827 4275 2089 4338 poterant,
2122 4267 2241 4338 quia
2278 4263 2776 4338 quosldelictorum
2805 4263 3011 4316 sarcina
3062 4259 3330 4327 deprimit,

174 4332 310 4394 Haec
354 4332 563 4396 verba,
611 4332 775 4398 atque
846 4333 1253 4400 pmccdentia,
1287 4349 1306 4382 ι
1349 4332 1718 4398 Capharnautn

172 4419 426 4473 namque
455 4403 828 4468 interpretatur
852 4399 988 4468 'ager
1041 4399 1134 4473 vel
1167 4399 1288 4454 villa
1336 4401 1718 4473 consolationis.

165 4478 311 4530 Cum
329 4469 496 4540 'ager,
535 4487 554 4520 ο
582 4479 712 4540 ᾳιεη,
753 4484 852 4540 non
887 4478 1096 4540 esstant
1123 4469 1172 4521 in
1206 4469 1449 4522 omnibus
1478 4470 1541 4540 iis
1565 4480 1722 4540 quote

167 4550 309 4612 quot
347 4537 461 4591 vidi
497 4537 737 4612 antiquis
783 4537 1091 4612 lioniiliariis
1134 4552 1289 4612 manu
1338 4537 1590 4612 exaratis.
1639 4537 1726 4592 ubi

173 4604 378 4666 horum
422 4607 699 4659 verborum
723 4605 1055 4674 Iocolegitur
1087 4619 1102 4654 :
1138 4623 1160 4674 ᾳ
1202 4604 1308 4658 Cur
1349 4604 1418 4658 ibi
1453 4607 1726 4674 ingressus

173 4692 261 4734 cst
282 4679 307 4730 Ἰ
339 4675 573 4742 Propter
606 4675 703 4726 hoc
729 4673 866 4742 quod
895 4683 948 4725 et
979 4673 1195 4742 invenit,
1220 4682 1272 4726 et
1297 4673 1474 4742 statim
1506 4673 1728 4727 manife-

173 4762 326 4801 stum
353 4738 471 4798 est.
495 4742 718 4794 Accessit
745 4738 810 4792 od
836 4756 950 4813 eum
993 4738 1240 4813 Centurio
1267 4739 1478 4813 (Matth.
1507 4755 1620 4803 vm,
1649 4743 1724 4813 5).

176 4815 436 4869 Accessit
489 4825 646 4873 vere;
716 4825 817 4862 non
887 4809 1163 4874 ditnidius,
1211 4812 1303 4862 sed
1350 4819 1491 4862 totus
1542 4827 1556 4862 :
1622 4809 1724 4865 non

181 4889 430 4950 aspectu
446 4881 680 4948 corporis
701 4878 1051 4950 tantum,_sed
1068 4887 1121 4930 et
1146 4877 1332 4950 anima:
1360 4877 1682 4950 plenitudine
1709 4893 1721 4928 :

179 4945 292 5005 non
327 4948 466 5000 facie
498 4945 717 5011 tantum,
745 4947 904 4998 sedet
935 4945 1268 4998 immaculato
1289 4948 1466 4998 corde.
1501 4963 1519 4994 ι
1559 4945 1649 5000 Sic
1673 4957 1728 5000 et

179 5017 344 5072 initio
369 5015 598 5068 Itomili:e
638 5031 733 5083 pro
755 5014 837 5066 liis
861 5015 1034 5083 verbis
1062 5031 1075 5066 :
1105 5013 1474 5083 r_l_)escendente
1503 5013 1639 5083 AJesu
1663 5017 1727 5068 de

176 5093 384 5140 monte.
401 5079 710 5136 secutwsunt
726 5083 886 5135 turbw
903 5082 1075 5134 multm
1089 5079 1438 5150 (Matt/miihi
1450 5081 1488 5150 ).
1501 5081 1727 5136 Docente

187 5168 325 5207 vero
363 5150 584 5205 Domino
641 5155 690 5205 in
727 5161 931 5209 monte,
960 5149 1202 5217 discipuli
1238 5160 1390 5202 erant
1430 5165 1550 5202 cum
1589 5151 1723 5218 ipso,

179 5221 396 5290 quibus
420 5219 594 5290 datum
622 5229 744 5290 erat
762 5219 1010 5290 ccclesiis
1045 5219 1301 5270 doctrina:
1331 5233 1487 5290 nosse
1513 5229 1716 5290 secreta

180 5287 283 5360 per
313 5300 438 5354 qua:
482 5287 664 5341 salutis
701 5287 920 5360 scientia
953 5287 1234 5360 brutorutn
1266 5289 1434 5360 corda
1474 5288 1722 5360 salirent,

185 5354 579 5418 decorumque
603 5356 766 5408 oculis
793 5370 886 5423 per
922 5355 1201 5423 mundanae
1246 5354 1609 5408 delectationis
1641 5363 1724 5408 te-

182 5428 394 5478 nebras
436 5420 805 5489 caligantibus
829 5424 1014 5476 lucem.
1051 5420 1412 5489 patefacerent
1451 5424 1710 5476 veritatis.

183 5493 349 5548 Unde
390 5499 444 5542 et
495 5487 740 5543 Dominus
783 5493 846 5544 ad
893 5505 1024 5543 eos:
1066 5487 1165 5542 Vos
1214 5491 1354 5550 estis,
1410 5491 1599 5556 inquit,
1639 5491 1718 5543 sal

178 5574 372 5621 terrae,
411 5573 495 5610 vos
520 5562 636 5610 estis
681 5567 734 5611 et
759 5560 955 5610 Iumina
977 5559 1151 5610 mundi
1175 5557 1382 5626 (Matth.
1405 5571 1456 5619 v,
1497 5558 1581 5621 I3,
1609 5557 1720 5627 H).

183 5631 352 5682 Nunc
375 5639 500 5680 vero
537 5629 883 5680 descendente
912 5641 975 5678 eo
1003 5628 1068 5679 de
1097 5635 1292 5687 monte,
1335 5627 1498 5678 turba:
1527 5639 1723 5682 secuta:

180 5704 319 5756 sunt
337 5708 461 5748 eum
487 5709 499 5745 :
521 5695 572 5748 in
599 5704 824 5749 montem
850 5695 1052 5749 scilicet
1077 5695 1361 5750 ascendere
1387 5708 1718 5764 nequaquam

1825 4333 1891 4389 ad
1925 4333 2307 4405 mysteriorum
2328 4333 2570 4405 sublimia
2601 4333 2700 4386 nisi
2733 4336 2938 4405 abiecto
2979 4343 3330 4405 onere_sc_an-

1825 4405 1951 4457 dere
1976 4395 2192 4456 minime
2224 4401 2416 4455 valent.
2446 4402 2645 4456 Idcirco
2665 4411 2718 4454 et
2749 4395 2841 4452 lilii
2879 4398 3035 4453 Israel
3085 4395 3332 4464 primitus

1828 4471 1879 4523 in
1913 4480 2140 4525 montem
2193 4471 2478 4524 ascendere
2515 4485 2616 4524 non
2646 4479 2890 4536 peterant
2913 4469 2976 4520 ad
3018 4465 3330 4520 obviaudnm

1829 4539 1953 4604 Deo,
1977 4540 2095 4608 quia
2123 4537 2439 4608 Egyptiaca
2458 4537 2661 4608 gravati
2704 4537 3107 4592 conversatione
3134 4546 3329 4608 praepe-

1827 4594 2123 4676 diebantnr,
2152 4594 2244 4661 εᾶἷ
2264 4594 2410 4659 solus
2427 4594 2649 4676 Moyses,
2679 4617 2813 4669 etc.;
2841 4624 2873 4676 HD
2908 4594 3332 4676 mssanostri‘lia-

1826 4675 1947 4728 bent
1982 4697 1993 4729 :
2024 4677 2280 4729 «Docente
2300 4677 2348 4726 in
2369 4673 2544 4728 monte
2567 4676 2802 4736 Domino,
2820 4673 3057 4739 discipuli
3079 4677 3333 4724 venerunt

1825 4745 1889 4796 ad
1919 4757 2038 4797 eum
2074 4747 2208 4797 sicut
2247 4744 2466 4802 alacres,
2497 4745 2629 4796 sicut
2663 4743 2953 4805 dt’imestici,
2983 4741 3120 4794 sicut
3148 4739 3326 4807 prosi:

1826 4811 1916 4874 nti,
1949 4814 2089 4880 sicut
2122 4812 2272 4864 amici
2305 4811 2383 4862 vel
2411 4812 2619 4868 fratres.
2644 4811 2762 4865 Ideo
2785 4811 2855 4862 ait
2894 4803 2947 4864 et
2982 4803 3232 4880 Domitius
3261 4803 3326 4880 ad

1824 4872 1915 4932 eos
1951 4898 1964 4933 :
2017 4879 2111 4933 Vos
2164 4881 2283 4932 estis
2326 4881 2404 4930 sal
2448 4889 2814 4944 lerrw,et,uos
2843 4881 2962 4930 estis
3001 4879 3092 4928 lux
3144 4872 3320 4944 mundi

1825 4947 2032 5016 (Matth.
2061 4964 2113 5012 v,
2142 4948 2228 5012 15,
2271 4947 2378 5012 II).
2430 4946 2576 5001 Nunc
2603 4939 2728 5001 vero
2771 4947 3114 5016 descendente
3161 4954 3233 5016 eo
3264 4939 3329 4990 de

1824 5014 2022 5082 monte,
2058 5018 2222 5069 turba:
2257 5025 2450 5068 secuta:
2500 5025 2622 5069 sunt
2669 5031 2810 5080 eum,
2850 5029 2966 5081 quae
3007 5015 3055 5066 in
3100 5014 3326 5082 montem

1823 5071 2110 5139 ascendere
2141 5099 2240 5137 non
2287 5095 2566 5154 potuerunt
2599 5095 2654 5138 ut
2684 5071 2822 5154 pigri
2849 5071 3040 5154 populi,
3066 5071 3327 5154 91.99813"

1823 5101 2110 5139 ascendere
2141 5101 2240 5137 11011
2287 5101 2566 5150 ροιυρνιηιι
2599 5101 2654 5138 Ill
2721 5101 2816 5152 Igl‘l
2849 5101 3040 5149 populi,
3078 5101 3130 5127 ιιι
3163 5101 3326 5150 ucstr-

1823 5161 2024 5219 gentes,
2057 5167 2114 5207 ut
2148 5151 2457 5221 imperfecti.
2487 5152 2559 5205 lta
2594 5163 2648 5206 et
2677 5101 2767 5205 Elii
2803 5151 2975 5222 Israel
3003 5142 3241 5222 prilnilllfi
3273 5155 3326 5191 III

1821 5207 2054 5274 niontein
2087 5207 2371 5275 ascendere
2409 5237 2509 5273 ll0tt
2537 5223 2812 5274 valuerunt
2861 5235 2875 5270 :
2914 5220 2977 5266 ad
3005 5207 3322 5286 olivianilum

1822 5290 1932 5342 Deo
1963 5304 2180 5358 pergere
2219 5304 2318 5341 non
2343 5297 2626 5354 potuerunt
2659 5297 2870 5358 propter
2896 5297 3042 5334 suam
3073 5277 3330 5358 irreligio-

1822 5343 2028 5428 sitatetn
2059 5343 2112 5410 ἕι
2139 5343 2604 5428 ἰωρίειυίθιιιηεθιι
2633 5343 2771 5428 solita"
2801 5351 3024 5428 Μοῖξεεν
3043 5343 3330 5428 ,ᾖθωο-ξξίξ

1821 5425 2048 5492 denique
2091 5437 2143 5480 et
2182 5418 2315 5486 liiec.
2355 5436 2408 5479 et
2450 5425 2566 5495 alia:
2591 5418 3164 5495 “plerwqtte”imminui.
3199 5425 3331 5495 (illi?

1826 5495 1924 5546 snb
1951 5487 2190 5562 Origenis
2234 5495 2442 5548 nomine
2480 5487 2725 5545 Merli‘nus
2756 5487 3329 5562 ediditapraeterquam

1821 5563 1960 5628 quod
1988 5551 2189 5616 ιυέιιάίε
2212 5565 2402 5630 ubique
2429 5567 2648 5630 scatent,
2694 5566 2754 5630 ac
2792 5551 2997 5630 lacunis
3045 5551 3334 5630 intumuerit

1825 5626 2052 5693 inhiant,
2089 5626 2532 5698 plurima-habent
2578 5626 2772 5698 intexta
2801 5635 2922 5698 qua:
2952 5626 3006 5673 in
3041 5627 3331 5674 manuscri-

1821 5700 1924 5766 ptis
1957 5694 2264 5776 lionii'liariis
2291 5699 2443 5752 aliter
2467 5694 2928 5756 reprznscntantur.
