3922 6470
199 401 323 458 1931

1301 391 1853 450 ORIGEMANOBUM
1892 389 2244 448 APPENDIX.

3191 387 3326 442 4‘182

201 519 312 580 lita,
371 517 422 570 in
471 515 655 570 hazresi
705 513 1166 583 Origenistarum;
1225 510 1408 566 tribuit
1449 518 1504 564 et
1537 508 1699 564 editio
1725 513 1768 569 Α
1798 522 1883 560 ras
1925 509 2165 571 relatam,
2196 517 2251 562 et
2275 510 2422 578 operi
2451 523 2548 564 suo
2583 507 2723 576 Περὶ
2753 507 2904 573 ὕλης
2933 504 3210 560 intextam.
3235 502 3322 555 Fi-

194 606 414 670 Merlini,
435 616 489 658 et
511 607 672 659 codex
694 619 858 657 manu
875 611 1120 656 exaratus
1140 601 1476 655 Bibliotheca
1505 599 1700 667 Regia.

193 697 291 750 Sed
321 706 503 749 contra
531 697 800 758 Erasmus,
827 711 845 746 ι
881 693 1191 746 Laurentum
1241 694 1363 756 hoc,
1389 690 1580 758 inquit,
1605 703 1704 744 nec

195 788 260 840 ab
287 786 516 854 Origene
547 787 803 852 scriptum
830 794 930 846 est,
971 798 1068 837 nec
1117 783 1183 835 ab
1229 782 1545 850 Hieronymo
1585 794 1704 833 ver-

190 890 324 936 sum,
352 876 444 929 sed
482 874 786 941 figmentum
817 883 898 926 est
921 873 1142 940 alicujus
1189 872 1408 933 indocti,
1457 871 1547 938 qui
1589 879 1704 924 stu-

183 964 354 1016 duerit
378 962 675 1028 huiusmodi
699 961 878 1015 colore
903 961 1185 1028 Origenem
1217 961 1490 1012 infamare.
1531 955 1703 1010 Simili

184 1052 406 1106 artificio
435 1051 695 1104 tinxerant
715 1051 989 1118 epistolam
1013 1048 1316 1118 Hieronymi
1343 1047 1512 1110 titulo,
1532 1047 1701 1112 inqua

185 1141 494 1208 deplorabat
521 1141 662 1207 quod
681 1141 966 1207 aliquando
989 1155 1106 1192 cum
1140 1137 1363 1205 Origene
1389 1135 1693 1190 sensisset.»

187 1231 248 1284 Et
281 1230 522 1285 Gelasius
553 1231 602 1282 in
635 1229 862 1282 concilio
894 1227 1133 1281 Romano
1161 1244 1174 1280 :
1214 1243 1234 1277 ι
1283 1225 1438 1279 Liber
1478 1225 1569 1292 qui
1611 1239 1703 1290 ap-

187 1320 409 1388 pellatur
437 1320 514 1371 De
541 1319 838 1382 paenitentia
873 1317 1126 1385 Origenis,
1165 1316 1515 1384 apocryphus.
1553 1331 1571 1364 ι
1608 1311 1704 1364 Mi-

181 1424 294 1463 rum
329 1409 506 1476 itaque
541 1410 658 1461 sine
698 1407 947 1461 falsitatis
975 1417 1094 1459 nota
1123 1423 1153 1460 a
1196 1404 1449 1472 theologis
1483 1401 1698 1470 quibus.

179 1500 294 1552 dam
345 1497 538 1550 librum
590 1498 732 1551 hunc
785 1511 1155 1562 nonnunquam
1230 1493 1281 1547 in
1345 1490 1701 1545 testimonium

178 1589 352 1649 citari,
382 1597 438 1642 et
469 1588 607 1642 inter
633 1586 859 1655 genuina
899 1585 1141 1652 Origenis
1167 1597 1327 1651 opera
1358 1597 1388 1634 a
1426 1579 1703 1634 Vincentio

179 1678 536 1732 Bellovacensi
575 1677 757 1744 reponi
787 1674 936 1741 Spec.
964 1675 1134 1727 doctr.
1157 1673 1249 1726 lib.
1275 1685 1425 1734 xvm,
1460 1684 1578 1737 cap.
1613 1669 1700 1722 45.

179 1768 272 1821 Hic
316 1781 445 1820 vero
513 1765 736 1818 ridenda
780 1772 864 1816 est
922 1760 1229 1815 heterodoxi
1273 1759 1543 1826 cujusdam
1601 1757 1698 1810 hu-

1801 599 1918 651 dem
1956 597 2038 650 his
2053 598 2301 652 conciliat
2320 601 2456 668 quod
2488 609 2668 652 narrat
2693 595 3058 651 Ensebiuslib.
3082 608 3133 646 vr
3163 591 3324 652 Ηία..

1799 705 1916 757 cap.
1965 689 2055 750 55,
2096 688 2164 742 ab
2192 691 2360 743 :etatis
2391 703 2500 743 suae
2543 687 2879 758 praesbyteris
2916 699 3072 752 quam
3103 682 3323 750 plurima

1799 781 1865 834 de
1890 779 2119 848 Origene
2153 779 2367 847 scriptis
2397 779 2558 833 fuisse
2597 779 2786 833 tradita
2815 795 2829 842 ;
2868 788 2920 830 et
2949 777 3086 844 quod
3125 773 3324 840 Dialogi

1799 871 2027 938 scriptor
2057 883 2208 937 reges
2241 870 2494 937 quosdam
2525 868 2718 922 Christi
2762 868 2914 921 fidem
2947 865 3239 933 amplexos,
3273 870 3328 916 et

1801 958 1991 1024 templa
2037 958 2368 1011 ethnicorum
2406 971 2526 1010 cum
2574 957 2728 1010 idolis
2769 971 2950 1010 eversa
3002 965 3326 1019 commemo-

1801 1057 1914 1114 rat;
1968 1047 2098 1101 nihil
2155 1050 2296 1101 enim
2370 1047 2665 1113 hujusmodi
2713 1045 2957 1115 ~Origenis
3007 1043 3327 1111 temporibus

1800 1138 2054 1205 contigit,
2099 1137 2190 1190 sed
2236 1135 2560 1189 Constantini
2616 1152 2630 1188 :
2681 1135 2818 1187 unde
2865 1134 3075 1186 Maximi
3117 1140 3324 1184 atatem

1800 1227 1970 1296 possis
2009 1226 2274 1294 colligere.
2308 1225 2422 1295 (2i)
2457 1223 2666 1278 Fefellit
2715 1225 2939 1277 fortasse
2985 1222 3234 1276 Basiliam
3273 1227 3328 1274 et

1803 1315 2114 1384 Gregorium
2145 1315 2341 1383 Dialogi
2371 1313 2548 1366 titulus
2581 1327 2768 1366 nomen
2815 1311 3111 1364 Adamantii
3141 1307 3328 1378 praefe-

1802 1417 1942 1466 rens,
1978 1402 2118 1470 quod
2153 1402 2204 1454 in
2238 1415 2301 1454 eo
2354 1401 2548 1467 primas
2590 1409 2763 1467 partes
2805 1406 2992 1450 tractet
3037 1395 3323 1464 Origenes;

1799 1491 2238 1560 quemadmodum
2297 1487 2442 1542 Laelii
2474 1497 2528 1540 et
2557 1487 2775 1542 Catonis
2802 1487 3013 1540 nomina
3045 1486 3329 1552 pra-ferunt

1804 1579 1999 1644 Dialogi
2049 1580 2112 1632 de
2156 1578 2426 1642 amicitia;
2468 1585 2520 1630 et
2554 1577 2619 1630 de
2651 1584 2926 1630 senectute
2983 1589 3085 1627 non
3127 1576 3265 1641 quod
3297 1587 3327 1626 a

1801 1668 2002 1722 Catone
2074 1667 2156 1721 vel
2205 1666 2370 1720 Laelio
2415 1665 2595 1734 scripti
2641 1664 2766 1726 sint,
2813 1664 2904 1718 sed
2956 1663 3093 1731 quod
3149 1661 3330 1730 prima;

1802 1759 1930 1827 ipsis
1973 1766 2150 1826 partes
2197 1757 2516 1810 tribuantur.
2569 1753 2860 1806 Mirandum
2909 1766 3066 1819 porro
3102 1766 3202 1804 non
3249 1758 3332 1806 est

178 1857 258 1924 jus
287 1854 462 1910 aetatis
493 1852 774 1918 supinitas,
797 1851 887 1918 qui
936 1849 1246 1902 Lamentutn
1289 1845 1501 1914 Origeni
1540 1843 1705 1898 ascri-
1733 1820 1775 1874 Β
1805 1820 2261 1914 interloquentium
2302 1858 2646 1914 personarum
2676 1843 2884 1896 nomina
2921 1856 3092 1910 neque
3139 1842 3190 1896 in
3225 1842 3332 1896 Ett-

177 1955 348 2014 ptum,
379 1959 410 1998 a
439 1943 579 1997 libro
605 1941 681 1995 De
707 1939 1002 2010 paenitentia
1028 1936 1296 1991 diversum
1323 1933 1448 2004 quid
1467 1947 1585 1988 esse
1609 1948 1704 2001 pu-

177 2036 326 2090 tavit.

240 2125 331 2179 IX.
375 2121 653 2192 Dialogum
689 2119 764 2174 De
809 2117 1097 2173 orthodoxa
1131 2116 1253 2184 ﬁde,
1285 2114 1374 2183 qui
1421 2122 1475 2168 et
1521 2121 1704 2166 contra

184 2216 561 2271 Marcionistas
585 2211 820 2266 inscribi
845 2210 996 2270 solet,
1022 2206 1234 2276 Origeni
1264 2205 1504 2260 tribuere
1523 2204 1708 2256 viden-

183 2315 270 2360 tur
293 2305 530 2359 Basilius
591 2312 648 2356 et
682 2300 969 2366 Gregorius
992 2297 1376 2350 Nazianzenus.
1404 2293 1532 2346 Cum
1567 2291 1705 2344 enini

175 2412 238 2452 es
269 2396 522 2464 operibus
548 2405 694 2446 mere
752 2388 1083 2455 Origenianis
1117 2382 1458 2439 Philocaliam
1477 2380 1709 2435 conﬂare

177 2501 236 2540 se
268 2484 499 2555 professi
535 2482 666 2543 sint,
700 2480 1052 2546 fragmentum
1079 2489 1108 2529 e
1138 2484 1286 2542 parte
1325 2473 1480 2526 tertia
1508 2468 1706 2536 Dialogi

177 2577 333 2631 istius
353 2576 728 2640 depromptum
757 2571 807 2623 in
840 2566 1182 2620 Pliilocaliam
1210 2563 1570 2631 coniecerunt.
1607 2560 1710 2612 Ita-

177 2680 282 2734 que
313 2664 462 2717 illum
495 2675 616 2715 esse
640 2659 884 2727 Origeuis
910 2655 1199 2712 credidisse
1225 2653 1341 2706 illos
1371 2650 1708 2722 perspicuum

175 2766 282 2810 est.
313 2755 381 2807 At
414 2751 687 2804 inducitur
708 2751 758 2802 in
791 2762 856 2802 eo
901 2746 1113 2814 Dialogo
1151 2743 1404 2811 Origenes
1437 2740 1709 2810 probatam

177 2847 232 2899 in
281 2842 521 2897 Ecclesia
573 2839 641 2892 de
689 2837 883 2891 tunicis
921 2834 1154 2904 pelliceis
1181 2832 1388 2910 Adami,
1419 2841 1474 2885 et
1501 2833 1566 2886 de
1593 2845 1712 2884 cor-

179 2948 310 3002 pore
339 2935 574 2986 humaun
630 2937 686 2981 et
726 2927 922 2986 anima,
956 2925 1127 2993 deque
1158 2921 1549 2976 resurrectione
1591 2933 1713 2974 sen-

177 3025 402 3080 tentiam
424 3032 798 3089 propugnans;
825 3031 942 3069 cum
967 3015 1067 3067 alia
1091 3013 1322 3068 sensisse
1348 3013 1517 3078 ipsum
1549 3023 1710 3078 supra

175 3111 598 3170 ostenderimus.
653 3106 802 3162 Unde
849 3104 1033 3172 opella:
1075 3102 1230 3169 hujus
1279 3101 1510 3167 scriptor
1543 3098 1712 3153 neuti-

175 3217 339 3271 quam
385 3198 534 3254 credi
589 3204 782 3264 potest.
829 3193 1089 3247 Pmterea
1135 3189 1200 3242 ad
1245 3188 1400 3241 tinent
1436 3185 1711 3254 fragmenti

177 3290 339 3359 hujus
367 3288 510 3357 quod
545 3283 850 3337 Philocalia:
881 3282 1136 3334 insertmn
1173 3285 1274 3339 est,
1299 3275 1545 3330 Scholion
1579 3273 1715 3327 istud

173 3379 403 3450 reperiri
430 3376 567 3430 solet
592 3391 607 3427 :
631 3372 811 3426 Ταῦτα
841 3371 944 3424 ἀπὸ
979 3368 1070 3421 τοῦ
1098 3365 1141 3431 ζ’
1170 3365 1323 3432 λόγου
1342 3364 1441 3433 τῆς
1463 3362 1713 3415 Εὐσεϐἰου

174 3470 268 3523 τοῦ
288 3466 576 3538 Παμφίλου
598 3459 996 3530 Εὐαγτελικῆς
1010 3452 1498 3526 προπαρωκευῆς
1517 3469 1717 3524 παρεκ-

177 3561 459 3629 ϐἐσληται.
493 3555 745 3624 Μαξίμου
774 3552 829 3604 δέ
858 3553 1011 3612 εἰσιν,
1032 3549 1106 3612 ὣς
1131 3564 1289 3617 φησιν
1315 3549 1344 3600 ό
1372 3546 1530 3608 αὐτὸς
1552 3545 1718 3598 Εὐσέ-

176 3655 315 3714 ϐιος,
339 3651 441 3702 οὐκ
469 3647 685 3714 ἀσήμου
718 3644 774 3694 ἐν
800 3643 910 3703 τοῖς
941 3641 1274 3710 Χριστιανοῖς
1326 3636 1678 3706 συγγραφέως
1700 3651 1714 3664 ο

175 3738 458 3802 αὐτολεξεὶ
496 3737 554 3789 δὲ
584 3733 805 3804 εὓρηται
833 3731 1000 3783 ταῦτα
1020 3730 1241 3799 κείμενα
1272 3729 1365 3781 καὶ
1397 3730 1452 3780 ὲν
1476 3727 1553 3795 τῷ
1591 3726 1720 3795 Ὠρι-

172 3833 368 3902 γένους
398 3827 538 3899 πρὸς
571 3819 1000 3893 Μαρκιωνιστὰς,
1042 3818 1134 3870 καὶ
1185 3816 1370 3877 ἄλλους
1417 3813 1716 3885 αἱρετικοὺς

172 3921 434 3988 διαλόγῳ,
460 3913 758 3984 Εὐτροπίου
805 3909 1126 3973 δικάζοντος,
1152 3906 1414 3974 Μεγεθίου
1445 3906 1500 3957 δὲ
1517 3903 1723 3957 ἀντιλέ-

172 4028 390 4084 γοντος.
422 4029 440 4060 ι
481 4007 608 4060 Haec
629 4020 660 4057 e
683 4002 904 4070 septimo
944 4001 1078 4054 libro
1107 3997 1424 4065 Evangelicw
1468 4009 1722 4062 prtepara-

173 4083 339 4158 tionis
365 4096 584 4152 Eusebii
616 4091 872 4160 Pamphili
921 4090 1226 4158 deprompta
1264 4095 1408 4140 stmt.
1441 4083 1580 4137 Sunt
1627 4097 1722 4136 au-

175 4205 285 4248 tem
337 4187 584 4248 Maximi,
641 4193 698 4236 ut
745 4182 820 4234 ait
861 4181 973 4248 ipse
1019 4177 1294 4238 Eusebius,
1336 4189 1437 4228 non
1480 4171 1722 4240 ignobilis

176 4285 327 4338 inter
379 4275 725 4333 Christianos
760 4269 1057 4338 scriptoris.
1098 4265 1336 4320 Totidem
1385 4277 1513 4317 vero
1551 4261 1724 4314 verbis

173 4371 388 4437 scripta
421 4379 485 4420 ea
519 4361 864 4415 inveniuntur
883 4358 934 4410 iu
961 4353 1207 4424 Origenis
1229 4354 1481 4406 adversus
1502 4349 1725 4402 Marcio-

1802 1938 1969 2000 sebio.
2017 1950 2186 2006 neque
2229 1936 2282 1989 in
2331 1933 2614 1988 Philocalia
2655 1946 3006 2000 comparere:
3051 1947 3173 1984 nam
3207 1947 3329 1986 cum

1804 2027 2033 2089 rubrica,
2071 2025 2242 2079 aliove
2265 2025 2443 2080 colore
2479 2022 2730 2091 ejusmodi
2765 2022 2973 2076 nomina
3007 2031 3060 2076 et
3086 2020 3330 2076 lemmata

1803 2115 2033 2169 solerent
2063 2112 2338 2182 distingui,
2367 2127 2396 2165 a
2421 2112 2650 2165 librariis
2676 2124 3037 2179 saepenumero
3059 2110 3332 2166 distinctio

1804 2205 1917 2260 hinc
1945 2204 2306 2269 omittebatur,
2325 2203 2406 2258 vel
2440 2218 2536 2272 per
2567 2203 2844 2266 incuriam,
2876 2201 2960 2255 vel
2993 2204 3167 2270 potius
3195 2203 3334 2270 quod

1803 2311 1922 2349 eant
1953 2295 2004 2347 in
2038 2295 2367 2348 commodius
2398 2292 2697 2360 rejicientes
2723 2302 2946 2359 tempus,
2976 2293 3186 2358 penitus
3217 2300 3335 2344 tan-

1806 2380 1946 2441 dem,
2004 2379 2245 2433 obliviosi
2297 2380 2489 2447 quippe
2539 2378 2797 2443 homines,
2843 2381 3330 2447 praetermitterent.

1809 2467 2073 2534 Duplicem
2103 2467 2482 2521 lucubrationis
2519 2467 2672 2534 hujus
2707 2467 3190 2533 interpretationem
3229 2465 3333 2521 La-

1809 2557 1916 2609 tina
1957 2554 2279 2610 Genebrardi
2327 2555 2531 2624 profert
2577 2555 2759 2617 editio,
2805 2554 3027 2608 alteram
3073 2554 3332 2610 Joachimi

1807 2642 2343 2706 Perionii,Laurentii
2378 2641 2638 2695 llumfridi
2667 2642 2908 2695 alteram.
2929 2642 3047 2696 Alia
3077 2651 3332 2710 praeterea

1807 2747 1837 2785 a
1868 2731 2068 2786 Joanne
2106 2721 2233 2787 Pico
2283 2744 2527 2786 senatore
2565 2729 2842 2785 Parisiensi
2880 2729 3154 2788 lucubrata
3197 2745 3339 2786 anno

1809 2819 1966 2884 i556,
1997 2833 2233 2874 sent-sum
2258 2821 2397 2874 edita
2425 2827 2620 2872 exstat.

1879 2905 1948 2960 Χ.
1996 2907 2168 2960 Alium
2216 2921 2348 2969 suo,
2401 2905 2750 2974 Origenisque
2803 2905 3019 2960 nomine
3061 2904 3337 2974 Dialogum

1809 3004 2161 3065 supposuerat
2201 2995 2479 3050 hmreticus
2517 2995 2750 3062 quidam,
2796 3009 3005 3048 omnem
3045 2994 3168 3049 licet
3217 3008 3338 3049 cum

1810 3099 1873 3142 eo
1917 3084 2114 3153 Ephesi
2153 3083 2290 3138 forte
2336 3082 2435 3136 sibi
2485 3082 2598 3136 viso
2627 3097 2967 3152 congressum
2999 3089 3064 3138 ac
3099 3084 3338 3152 disputa-

1818 3179 2012 3232 tionem
2065 3177 2431 3227 detrectasset.
2479 3171 2748 3226 Fictitiam
2797 3170 3136 3239 scriptionem
3197 3173 3342 3226 misit

1815 3265 2036 3320 Romam
2071 3263 2137 3317 ad
2171 3277 2296 3316 suos
2332 3261 2638 3330 discipulos,
2680 3263 2980 3331 passimque
3020 3263 3340 3318 dissemina-

1818 3357 1915 3417 vit.
1961 3363 2015 3410 et
2057 3351 2372 3415 Antiochiae,
2415 3352 2720 3419 priusquam
2757 3351 2879 3406 illuc
2916 3354 3191 3406 accederet
3221 3349 3343 3406 Ori-

1814 3462 1997 3517 genes,
2025 3446 2094 3499 ob
2127 3443 2312 3496 falsam
2339 3442 2612 3495 victoriam
2643 3441 2825 3496 inanes
2860 3441 2968 3510 egit
2994 3441 3289 3509 triumphos
3321 3457 3338 3496 :

1818 3535 1950 3588 mox!
1971 3549 2097 3588 vero
2130 3541 2187 3586 ut
2226 3528 2396 3584 adfuit
2429 3529 2794 3592 Adamantius,
2837 3529 3066 3582 hominis
3095 3528 3342 3582 contudit

1807 3626 2170 3692 proterviatu,
2217 3631 2269 3674 et
2329 3619 2618 3673 vanitatem
2675 3617 2969 3673 manifestis
3015 3619 3342 3688 argumentis

1815 3715 2064 3769 convicit.

1886 3804 1977 3858 Xl.
2013 3801 2169 3856 Falso
2197 3813 2406 3868 quoque
2433 3797 2728 3866 praescribit
2753 3796 2852 3851 sibi
2883 3809 3074 3850 nomen
3103 3792 3345 3860 Origenis

1817 3895 2020 3950 libellus
2064 3892 2304 3962 quidam,
2344 3889 2432 3957 qui
2479 3885 2906 3955 phllosophorum
2947 3892 3118 3937 sectas
3158 3896 3220 3934 ac
3254 3882 3348 3934 do-

1819 3993 1995 4053 gmata
2043 3988 2308 4044 recenset,
2338 3988 2392 4032 et
2430 3977 2729 4047 Ὠριγένους
2759 3971 3176 4042 φιλοσοφούμενα
3215 3970 3350 4024 solet

1817 4071 2086 4142 appellari.
2118 4067 2326 4122 Primus
2369 4075 2543 4119 autem
2591 4065 2680 4118 hic
2721 4073 2805 4118 est
2855 4063 2990 4116 iiber
3037 4059 3340 4138 grandioris

1817 4163 2014 4233 operis,
2045 4173 2150 4230 quo
2180 4159 2410 4212 haereses
2433 4170 2618 4209 omnes
2642 4152 2991 4208 confutandas
3021 4159 3205 4204 auctor
3239 4149 3344 4204 sibi

1820 4257 2199 4322 proposuerat,
2246 4247 2384 4314 quod
2444 4259 2509 4297 ex
2560 4241 2820 4310 dogmatis
2876 4237 3343 4307 philosophorum,

1822 4346 2094 4398 luereseon
2123 4347 2298 4406 pestes
2331 4333 2442 4388 fere
2477 4331 2721 4401 profectae
2750 4330 2890 4394 sint;
2927 4327 3113 4394 hisque
3131 4325 3348 4380 convel-

173 4415 382 4520 ἔθιζε,
407 4453 660 4517 aliosque
689 4447 966 4501 lia-retices
988 4415 1221 4512 Dialogo,
1249 4450 1437 4509 agente
1453 4440 1721 4508 Eutropio,
1754 4455 1800 4514 ι)
1827 4434 1997 4487 lendis
2033 4429 2175 4483 utilis
2226 4428 2296 4481 sit
2342 4424 2550 4479 illorum
2598 4419 2915 4520 confutatiq.
2951 4417 3188 4520 Larvatae
3227 4415 3349 4520 huic

171 4548 512 4607 defendente
532 4539 817 4607 Megethio.
849 4555 867 4588 ›
892 4535 1098 4589 Revera
1123 4532 1378 4587 Eusebius
1404 4530 1540 4584 libro
1558 4544 1626 4582 vn
1652 4527 1724 4581 De

170 4646 469 4707 praparat.
484 4628 768 4697 evangelio.
788 4625 1140 4693 fragmentum
1164 4623 1215 4676 id
1233 4622 1464 4684 exhibet,
1477 4629 1532 4674 et
1541 4635 1606 4673 ex
1621 4619 1726 4672 Ma-

175 4730 310 4784 ximi
349 4727 494 4781 libro
540 4718 680 4786 Περὶ
714 4717 864 4782 ὕλης
899 4729 1016 4769 sese
1045 4722 1339 4768 mutuatum
1387 4724 1504 4766 esse
1541 4709 1722 4764 tradit.

175 4820 332 4874 Utris
349 4825 539 4870 autem
565 4810 685 4880 plus
707 4808 998 4861 habeamus
1026 4799 1723 4866 fidei.BasilioetGregorio,

173 4922 315 4978 Opus
338 4906 395 4959 id
415 4898 642 4971 Origeni
661 4892 1046 4956 tribuentibus;
1070 4907 1135 4945 an
1154 4890 1379 4944 Eusebio
1400 4890 1535 4942 idem
1566 4886 1720 4940 Maxi-

177 4977 271 5054 mo
293 4989 629 5062 assignanti,
668 4983 1040 5052 ambigendum
1069 4996 1176 5034 non
1209 4989 1289 5034 est
1316 4995 1330 5030 :
1357 4992 1495 5046 saepe
1535 4977 1729 5045 quippe

178 5083 524 5144 ostendimus
548 5077 811 5132 neminem
829 5073 881 5125 in
895 5070 1288 5139 perscrutandis
1302 5067 1548 5136 Origenis
1571 5069 1730 5120 rebus

183 5187 401 5232 tantum
432 5168 744 5222 adhibuisse
770 5177 913 5218 curae
942 5168 997 5213 et
1018 5157 1266 5222 solertiae,
1291 5163 1541 5224 quantam
1575 5153 1730 5207 adhi-

183 5267 306 5323 buit
322 5259 613 5316 Eusebius.
631 5256 752 5310 Veri
769 5265 947 5307 autem
983 5249 1154 5303 simile
1174 5257 1256 5302 est
1279 5244 1512 5299 habitam
1546 5258 1728 5297 revera

188 5357 362 5410 fuisse
396 5347 618 5415 Origeni
653 5361 769 5399 cum
803 5340 1081 5411 Megethio,
1119 5337 1316 5397 Marco,
1360 5333 1585 5398 aliisque
1620 5333 1731 5385 ha:-

189 5443 379 5501 reticis
411 5436 862 5493 concertationem
886 5449 900 5497 ;
922 5440 977 5484 at
1000 5444 1030 5482 a
1055 5427 1284 5481 Maximo
1299 5422 1487 5477 deinde
1510 5421 1561 5473 in
1592 5420 1735 5476 litte-

268 5599 382 5671 (ει)
426 5591 636 5671 Ferent!
663 5589 880 5671 [ρπιρεεε
905 5572 1735 5671 Ba:i'_i&!ttf£.§.fﬁ22:":..":332'

197 5640 817 5740 ιυδῗέιέιίθὶόέ
836 5672 950 5740 qua:
962 5653 1198 5740 diximus
1219 5640 1734 5740 3905Bn2?1?§?2

201 5711 666 5800 iBi.'..'i',"tii-J.éni.,
698 5742 812 5796 pag.
842 5711 926 5790 12,
959 5721 1039 5788 15,
1063 5727 1115 5773 et
1135 5717 1188 5770 in
1220 5712 1574 5768 admonitione
1609 5711 1738 5764 huic

1826 4521 2101 4590 scriptioni
2146 4529 2426 4588 personam
2474 4512 2758 4567 detrahunt
2811 4507 2892 4561 vel
2945 4507 3101 4561 verba
3165 4505 3348 4559 isthatc

1826 4628 1942 4683 quae
1973 4619 2184 4665 exstant
2205 4609 2256 4660 in
2286 4604 2541 4676 prooemio
2569 4619 2583 4654 :
2609 4600 2788 4654 Ταῦτα
2804 4598 2860 4651 δὲ
2888 4597 3068 4668 ἕτερος
3089 4597 3186 4650 οὐκ
3204 4595 3353 4683 m1:

1825 4674 1926 4768 έει,
1959 4700 1992 4771 ἦ
2021 4699 2081 4752 τὸ
2105 4700 2161 4750 ὲν
2207 4674 2495 4763 Ἐέκλησίᾳ
2521 4687 2814 4759 παραδοθὲν
2839 4688 2986 4754 ἆγιον
3027 4685 3263 4755 Πνεῦμα,
3289 4674 3350 4734 οὗ

1825 4791 2172 4861 τυγχάνοντες
2221 4785 2476 4856 πρότερον
2500 4781 2549 4832 oi
2602 4777 2880 4832 ἀπόστολοι
2922 4775 3203 4846 μετέδοσαν
3241 4773 3348 4832 τοῖς

1826 4881 1996 4954 ὀρθῶς
2025 4863 2546 4931 πεπιπευκόσινοῶν
2572 4871 2726 4938 ἡμεῖς
2739 4865 2963 4935 διάδοχοι
2981 4862 3346 4932 τυγχάνοντες,

1827 4953 1926 5044 τῆς
1974 4989 2032 5025 τε
2079 4969 2244 5038 αὐτῆς
2273 4967 2488 5036 χάριτος
2530 4961 2856 5031 μετέχοντες,
2885 4953 3255 5044 ἀρχιερατςίας
3290 4963 3350 4998 τε

1826 5039 1919 5116 καὶ
1935 5057 2288 5119 διδασκαλίας,
2317 5055 2410 5106 καὶ
2434 5051 2652 5123 φρουροὶ
2677 5051 2773 5119 τῆς
2805 5044 3115 5113 Ἐκκλησίας
3151 5039 3351 5110 λελογι-

1833 5153 2033 5223 σμένοι,
2049 5150 2146 5202 οὐκ
2158 5145 2413 5216 ὀφθαλμῷ
2423 5141 2763 5211 νυστάξομεν.
2779 5138 2904 5192 Haec
2921 5142 3086 5223 autem
3103 5145 3202 5182 non
3223 5127 3353 5179 alius

1834 5220 2091 5311 coarguet,
2112 5253 2265 5308 quam
2293 5235 2513 5288 traditus
2539 5232 2591 5286 in
2616 5229 2844 5283 Ecclesia
2871 5220 3096 5311 Spft’t'lttf
3113 5225 3316 5268 sanctus
3334 5228 3353 5265 :

1833 5300 1980 5401 queui
2015 5300 2135 5379 cuni
2160 5325 2396 5394 primitus
2425 5318 2732 5387 accepissent
2769 5303 3004 5377 αροειοιὲ.
3039 5300 3104 5352 “8
3130 5313 3358 5352 εοηυηα·

1838 5423 2075 5476 uicaruut
2114 5416 2202 5487 qui
2240 5421 2371 5469 recte
2417 5412 2480 5465 de
2508 5409 2611 5462 Deo
2648 5400 2922 5458 sentiebant
2955 5406 2974 5444 :
3005 5401 3225 5458 quorum
3268 5400 3360 5438 nos

1838 5570 1986 5650 operi
2029 5567 2257 5640 (praefixa
2309 5579 2428 5636 pag.
2485 5558 2622 5620 800,
2672 5550 2768 5605 80!
2827 5555 2882 5601 et
2955 5536 3062 5593 802
3127 5536 3368 5604 ejusdem

1842 5653 1988 5697 101111.
