3922 6462
527 449 660 505 1°83

526 580 643 620 cum
673 572 988 615 successores
1008 557 1190 619 simus,
1225 562 1276 607 et
1296 553 1524 620 ejusdem
1547 549 1727 619 gratia!
1753 557 1866 616 part

527 666 715 704 necnon
742 648 1082 715 episcopatus,
1111 652 1159 697 et
1189 641 1496 710 magisterii,
1534 649 1579 692 et
1613 639 1842 691 custodes

524 741 614 792 site
641 736 883 803 reputati,
908 750 1008 788 non
1032 734 1191 786 oculis
1217 747 1309 800 per
1332 730 1621 784 socordiam
1639 726 2048 781 domitabimus.

526 827 683 895 Atqui
723 841 819 880 nec
858 824 1105 878 Ecclesia
1146 832 1324 877 custos
1370 820 1649 889 Origenes,
1701 832 1797 871 nec
1843 816 2051 885 episco-

525 932 623 985 pus
657 917 774 970 fuit.
824 914 1111 981 Episcopus
1151 920 1325 965 autem
1370 909 1467 964 fuit
1510 907 1851 976 Epiphanius,
1893 912 1946 957 et
1993 902 2056 955 li-

527 1006 677 1060 brum
716 1006 927 1073 scripsit
956 1007 1020 1057 de
1066 1003 1354 1057 bzeresibus
1380 1017 1394 1053 :
1422 998 1561 1052 unde
1588 1013 1690 1050 non
1731 995 1901 1049 inanis
1925 1007 2055 1046 con-

522 1098 727 1165 jectura
760 1095 986 1150 sumitur
1025 1094 1126 1147 hoc
1167 1104 1299 1160 opus
1348 1089 1412 1143 ad
1464 1088 1633 1158 ipsum
1662 1100 1784 1141 esse
1823 1082 2057 1139 referen-

528 1184 672 1237 dum.

519 1271 526 1323 l
598 1271 706 1325 XI-l.
730 1270 984 1325 Libellum
1021 1268 1096 1321 De
1118 1265 1476 1336 singularitate
1497 1262 1801 1317 clericorum
1838 1257 2053 1328 Origeni

529 1359 721 1414 addicit
748 1368 896 1413 vetus
927 1358 1090 1411 codex
1124 1356 1296 1424 Elegiae
1324 1354 1675 1408 Bibliotheca.
1704 1349 1969 1403 Addicunt
2004 1355 2058 1400 et

528 1448 817 1504 Landulfus
850 1464 878 1500 a
911 1448 1166 1500 Columna
1217 1447 1268 1499 in
1322 1442 1592 1497 Breviario
1620 1438 1905 1501 historiali,
1954 1437 2058 1490 La-

530 1539 741 1592 ziardus
768 1535 1106 1598 leestinus,
1144 1534 1444 1588 Antoninus
1492 1542 1545 1585 et
1587 1531 1894 1585 Vincentius
1948 1528 2061 1582 Bel-

532 1628 846 1689 lovacencis,
879 1639 1010 1693 quos
1042 1622 1280 1677 recenset
1316 1620 1610 1683 Pamelius;
1648 1628 1702 1672 et
1730 1617 1923 1686 quibus
1949 1616 2060 1682 ipse

532 1714 778 1779 succinit,
803 1728 920 1765 cum
964 1712 1015 1764 in
1046 1710 1359 1763 Prasfatione
1395 1709 1460 1761 ad
1488 1707 1699 1761 tertium
1724 1715 1922 1759 tomum
1954 1703 2058 1773 Cy-

535 1800 730 1870 priani,
757 1810 866 1853 tum
891 1799 943 1851 in
973 1806 1281 1867 argumento
1307 1795 1425 1848 libri
1446 1794 1581 1862 ejus,
1606 1802 1659 1846 et
1684 1793 1736 1846 in
1759 1790 2061 1845 adnotatio-

536 1858 693 1945 nibus
715 1858 779 1943 ad
811 1897 968 1956 caput
991 1858 1218 1955 primum
1248 1886 1366 1939 libri
1397 1858 1711 1938 Tertulliani
1762 1880 1839 1935 De
1884 1879 2063 1933 exhor-
2091 1858 2132 1913 Β

534 1981 723 2033 tatione
750 1978 1019 2031 castitatis.
1065 1975 1170 2030 Sed
1201 1976 1453 2029 reclamat
1492 1972 1772 2034 Baronius,
1795 1970 1932 2039 quod
1961 1970 2061 2023 hoc

533 2081 695 2137 Opere
736 2065 1044 2121 feminarum
1088 2064 1486 2117 contubernium
1519 2060 1727 2114 clericis
1775 2057 2062 2111 interdice-

538 2167 655 2223 tur;
689 2171 808 2212 cum
834 2157 971 2208 inter
997 2152 1240 2205 mulieres
1266 2160 1317 2203 et
1347 2150 1547 2220 puellas
1573 2148 1827 2216 Origenes
1850 2145 2063 2200 assidue

537 2247 608 2301 sit
640 2252 999 2301 conversatus.
1042 2240 1201 2294 Addit
1244 2240 1295 2293 id
1329 2238 1487 2293 fuisse
1516 2251 1690 2291 causae
1714 2252 1809 2291 cur
1834 2237 2063 2304 scriptus

540 2337 608 2390 ab
634 2333 945 2388 Adamantio
976 2332 1073 2384 iste
1107 2330 1238 2383 liber
1264 2329 1498 2383 creditus
1545 2326 1634 2391 sit,
1671 2325 1813 2394 quod
1845 2334 2061 2393 sponta-

540 2439 691 2478 neam
741 2422 1119 2477 castrationem
1167 2434 1269 2473 non
1309 2418 1717 2488 improbaverit;
1764 2430 1924 2485 atque
1966 2419 2065 2469 hoc

540 2515 678 2568 idem
724 2520 1090 2583 argumentum
1144 2511 1416 2578 usurpavit
1461 2508 1727 2562 Pamelius
1770 2525 1784 2561 :
1820 2525 1838 2558 ι
1882 2506 2061 2575 Atqui,

539 2604 709 2672 inquit
738 2602 1014 2665 Baronius,
1044 2600 1334 2654 debuerunt
1373 2598 1424 2652 hi
1455 2599 1760 2651 meminisse
1801 2598 1971 2665 aliqua
2000 2612 2063 2651 ex

539 2701 691 2763 parte
733 2690 996 2743 laudatum
1034 2702 1244 2756 quoque
1295 2701 1324 2739 a
1375 2687 1596 2741 Domino
1641 2686 1871 2740 villicum
1920 2685 2061 2739 illum

542 2777 851 2848 iniquitatis,
876 2790 994 2830 cum
1023 2775 1216 2844 alioqui
1245 2775 1379 2829 idem
1407 2787 1591 2828 auctor
1614 2774 1678 2828 de
1722 2775 1803 2827 his
1833 2773 1922 2841 qui
1952 2774 2066 2827 hate

540 2873 944 2936 perpetrarent,
997 2863 1100 2917 alio
1163 2860 1554 2917 Commentario
1602 2876 1659 2916 se
1716 2870 2064 2915 tractaturum

539 2951 815 3020 spondeat.
852 2968 871 3001 ›
917 2948 1108 3004 Utilius
1143 2948 1496 3017 respondisset
1522 2948 1797 3011 Baronius,
1832 2948 1877 3001 si
1899 2948 2067 3002 dixis-

541 3050 625 3095 set
650 3041 970 3095 exsectionis
989 3054 1097 3095 suas
1117 3038 1396 3108 Origenem
1420 3040 1749 3108 paenituisse,
1769 3049 1822 3093 et
1848 3053 1877 3091 a
1909 3039 2068 3092 simili

544 3129 783 3184 facinore
811 3129 1040 3197 reliquos
1073 3128 1422 3182 absterruisse
1466 3128 1521 3181 in
1560 3126 1972 3182 Commentariis
2000 3127 2066 3181 ad

546 3219 883 3288 Evangelium
936 3218 1188 3272 Matthei.
1241 3217 1391 3282 Quod
1427 3231 1553 3286 ergo
1600 3217 1652 3271 in
1704 3226 2069 3287 argumentum

546 3318 819 3379 traxerunt
853 3309 1107 3372 nonnulli,
1140 3319 1198 3361 ut
1234 3307 1423 3360 librum
1465 3307 1538 3360 De
1579 3309 1941 3375 singularitate
1970 3308 2074 3363 cle-

546 3396 770 3447 ricorum
809 3396 1017 3463 Origeni
1060 3396 1407 3459 ascriberent,
1439 3395 1576 3462 quod
1607 3409 1792 3462 nempe
1830 3395 2073 3449 volunta-

547 3485 680 3537 riam
733 3484 1036 3554 genitalium
1100 3484 1508 3550 amputationem
1562 3498 1665 3537 non
1720 3488 2073 3555 damnaverit,

490 3602 499 3613 ι
548 3567 772 3637 idipsum
814 3570 1004 3623 indicio
1037 3570 1163 3622 mihi
1193 3578 1276 3621 est
1302 3568 1495 3621 librum
1523 3582 1626 3621 non
1647 3583 1766 3623 esse
1791 3571 2070 3642 Origenis;

545 3660 741 3729 quippe
765 3674 921 3729 quem
941 3661 1093 3715 annis
1115 3661 1498 3730 provectiorem
1523 3659 1776 3715 facinoris
1802 3662 1853 3715 in
1880 3664 2073 3731 juven-

548 3751 677 3803 tutis
704 3750 881 3805 calore
902 3749 1114 3803 admissi
1141 3749 1468 3820 paenituerit.
1495 3749 1721 3804 Baronio
1739 3766 1803 3805 ex
1830 3752 2076 3823 Origenis

551 3836 751 3891 familia
783 3838 945 3892 fetum
977 3839 1116 3893 hunc
1158 3840 1440 3908 depellenti
1486 3840 1800 3910 astipulatur
1827 3845 2074 3900 codicum

548 3927 828 3994 dissensio,
866 3943 1089 3997 quorum
1128 3930 1218 3983 alii
1263 3929 1608 4000 Hieronymo,
1641 3931 1933 3999 Augustino
1962 3935 2074 4000 alii,

549 4018 787 4087 plerique
828 4017 1090 4087 Cypriano
1134 4021 1423 4089 assignant.
1475 4019 1726 4075 Erasmus
1773 4022 1839 4075 ad
1876 4023 2074 4078 calcem

549 4106 668 4162 libri
712 4108 988 4177 Augustini
1018 4108 1090 4162 De
1143 4110 1270 4161 bono
1320 4109 1591 4162 viduitatis
1618 4122 1637 4159 :
1663 4127 1682 4160 ι
1720 4109 2073 4178 Sequebatur,

549 4198 743 4266 inquit,
772 4199 872 4253 hoc
901 4200 1017 4253 loco
1041 4198 1245 4253 libellus
1266 4198 1340 4253 De
1366 4199 1723 4267 singularitate
1751 4201 2074 4267 clericorum,

550 4291 643 4353 qui
668 4290 823 4344 toties
843 4296 896 4343 et
917 4287 1246 4358 Hieronymi,
1271 4299 1323 4342 et
1343 4289 1589 4359 Cypriani
1621 4289 1830 4343 nomine
1849 4305 2077 4347 excusus

552 4384 653 4440 est,
683 4392 800 4431 cum
831 4380 1036 4447 phrasis
1069 4394 1166 4433 nec
1193 4379 1586 4448 Hieronymum,
1606 4393 1704 4433 nec
1730 4380 2073 4448 Cyprianum,

2096 3172 2138 3229 C

553 4638 727 4704 script.
778 4641 1060 4699 ecclesiast.
1109 4646 1159 4699 in
1213 4646 1514 4716 Cypriano,
1584 4663 1752 4717 neque
1804 4649 2071 4719 Origenis,

554 4741 722 4793 neque
749 4727 1017 4795 Cypriani,
1053 4736 1145 4787 sed
1192 4735 1365 4791 Latini
1412 4747 1587 4792 tamen
1636 4740 1912 4808 scriptoris
1950 4756 2073 4797 esse

554 4823 753 4869 censet.
784 4815 1043 4872 Pamelius
1075 4831 1273 4888 autem,
1294 4834 1348 4878 et
1371 4835 1490 4893 post
1516 4840 1637 4881 eum
1667 4827 1885 4884 Rivetus
1906 4831 1974 4897 “,
2004 4849 2070 4888 ex

551 4903 876 4960 hellenismis
902 4906 1216 4972 quibusdam
1255 4916 1503 4981 suspicati
1538 4927 1664 4972 sunt
1699 4933 1730 4972 e
1753 4918 1940 4975 Graeco
1963 4921 2066 4976 La-

554 4995 666 5050 tine
691 5006 810 5048 esse
832 5006 1168 5052 conversum.
1208 4999 1430 5071 Subjicit
1465 5006 1727 5062 Pamelius
1760 5024 1980 5066 censere
2011 5028 2071 5067 se

551 5098 862 5139 conversum
914 5083 1014 5137 hoc
1047 5099 1179 5152 opus
1215 5089 1321 5157 jam
1355 5093 1474 5148 inde
1516 5096 1584 5149 ab
1609 5107 1763 5152 aetate
1798 5100 2072 5169 Cypriani,

553 5174 621 5229 ob
656 5174 926 5228 schemata
969 5181 1023 5227 et
1060 5174 1280 5242 phrases
1318 5178 1433 5246 ejus
1456 5186 1649 5241 aetatis.
1680 5187 1876 5242 Contra
1900 5188 2070 5245 Baro-

624 5419 906 5493 ‘juBaron.
951 5438 1039 5481 an.
1082 5422 1205 5489 233,
1254 5438 1369 5493 cap.
1417 5427 1503 5493 i5,
1554 5434 1642 5491 44.

554 5484 605 5524 ⁵⁵
627 5488 845 5560 Philipp.
881 5506 939 5557 ιι,
963 5493 1015 5551 6.
1090 5484 1448 5565 “~Ptissevin.
1487 5484 1775 5561 ad'c—alcem

1276 434 1336 487 Ρ.
1378 429 1682 485 DANIELIS
1717 427 1937 483 llUE'l‘ll
1979 416 2560 480 ORIGENIANOBUM
2606 397 3050 467 APPENDIX.

1872 547 2046 615 icipes,
2078 549 2121 602 Α
2149 541 2266 595 nius
2296 546 2586 593 auctorem
2629 541 2780 585 esse
2810 519 3214 591 Cyprianum
3254 505 3639 615 levibus‘sane
3662 504 3795 615 ratio-

2078 592 2121 602 "
2149 592 2630 684 nibuscontendit
2657 637 2677 673 :
2718 624 2944 681 neque
2972 619 3119 661 eum
3146 604 3355 654 movet
3382 592 3507 663 styli
3538 592 3795 688 disparitas,

2326 679 2438 770 non
2466 710 2743 768 eumdem
2782 679 3051 768 semper
3091 689 3234 756 styli
3269 695 3520 741 tenorem
3545 679 3800 751 Cyprianus

1729 5439 1773 5470 “
1814 5439 1991 5495 Rivet.
2034 5442 2229 5508 Critic.

3683 385 3788 438 128i

2153 805 2475 861 servaverit.

2221 895 2276 948 ln
2307 905 2414 947 tam
2446 892 2733 949 obscura,
2773 893 3090 950 tanquam
3139 882 3518 929 controversa
3555 868 3804 938 quaestione

2152 992 2357 1037 certum
2403 979 2619 1048 aliquid
2670 984 2971 1030 statuere
3020 965 3272 1022 difﬁcile
3319 973 3428 1018 est.
3460 959 3707 1029 Cypriani
3733 952 3805 1009 non

2153 1088 2273 1128 esse
2316 1072 2463 1127 istud
2495 1083 2642 1137 opus
2666 1067 2967 1120 clamant
3016 1056 3299 1113 barbara:
3341 1053 3428 1106 ba!
3455 1064 3637 1113 voces,
3666 1049 3804 1117 cujus-

2155 1165 2297 1219 modi
2348 1162 2525 1216 nullas
2583 1161 2639 1213 in
2690 1168 2867 1225 puro
2932 1164 3012 1204 ac
3078 1158 3243 1201 terso
3293 1141 3558 1215 Cypriani
3609 1156 3810 1194 sermone

2157 1249 2494 1305 nanciscaris
2552 1265 2567 1299 :
2632 1264 2653 1297 ι
2724 1235 3338 1294 Constitutionarios
3373 1271 3390 1295 ,
3456 1229 3805 1299 repulsorium,

2155 1335 2528 1403 vulgaritatis,
2586 1330 3026 1389 ﬂuxurarum,
3099 1320 3495 1393 probrositas,
3552 1318 3809 1388 participia,

2157 1423 2410 1487 adunari,
2458 1420 2779 1482 vaniﬁcat,
2829 1424 3223 1486 egestosam,
3277 1410 3625 1472 intimemus,
3669 1422 3811 1477 procn-

2162 1516 2362 1579 rativa,
2394 1511 2717 1576 absentari,
2744 1504 3210 1576 conjugalitas,
3247 1502 3581 1570 parentalia,
3605 1518 3623 1549 ι
3649 1501 3813 1567 aliaque

2158 1603 2415 1673 plurima.
2454 1601 2589 1666 Quis
2633 1608 3090 1653 monstrorum
3130 1591 3424 1663 ejusmodi
3460 1598 3718 1659 parentem
3741 1591 3814 1657 Cy-

2161 1696 2413 1764 prianum
2442 1692 2633 1747 dicat?
2664 1691 3126 1745 Arianismum
3159 1696 3452 1756 praeterea
3478 1685 3589 1737 hate
3607 1682 3811 1750 sapiunt:

2160 1783 2221 1840 Si
2266 1784 2511 1838 Christus
2542 1798 2915 1852 comparare
2966 1781 3234 1848 seipsum
3277 1792 3453 1829 ausus
3504 1784 3577 1827 est
3616 1773 3725 1837 Deo,
3753 1776 3813 1841 qui

2160 1876 2235 1927 ait
2267 1888 2285 1926 :
2316 1872 2482 1926 Pater
2521 1872 2715 1939 maior
2754 1887 2859 1925 me
2913 1880 3005 1924 est
3063 1883 3085 1921 :
3131 1879 3239 1922 aut
3269 1869 3323 1922 si
3348 1866 3577 1935 apostoli
3604 1880 3813 1932 coafquare

2159 1966 2464 2033 semetipsos
2514 1964 2639 2016 ausi
2701 1972 2867 2016 sunt
2928 1960 3181 2015 Christo
3236 1959 3313 2012 “.
3360 1958 3629 2026 Rapinam
3677 1970 3813 2022 nempe

2161 2054 2482 2118 arbitratur,
2510 2052 2843 2106 Christum
2885 2064 3037 2105 esse
3063 2049 3362 2119 aequalem
3398 2048 3508 2103 Deo
3528 2047 3603 2112 “;
3638 2057 3813 2100 tantumc

2160 2158 2269 2211 que
2330 2143 2673 2198 discriminis
2752 2142 3110 2197 Christum
3178 2143 3339 2195 inter
3392 2150 3453 2193 et
3510 2138 3668 2192 Deum
3711 2152 3815 2196 esss.

2161 2243 2425 2301 quantum
2451 2231 2763 2300 apostolos
2824 2232 3003 2287 inter
3047 2241 3114 2286 et
3141 2232 3472 2286 Christum.
3502 2228 3815 2298 Primigenlam

2161 2334 2218 2379 et
2252 2326 2488 2378 nativam
2540 2323 3078 2379 lucubrationem
3144 2326 3344 2396 stylus
3402 2325 3533 2387 olet,
3563 2338 3656 2377 non
3696 2324 3821 2376 inter-

2163 2417 2553 2484 pretationem,
2595 2429 2745 2483 que
2802 2420 3086 2471 astricta
3124 2417 3257 2472 fere
3290 2425 3381 2471 est
3414 2426 3473 2470 et
3513 2425 3745 2471 contorta.
3768 2414 3820 2467 Ει

2162 2522 2293 2561 vero
2321 2516 2406 2560 est
2434 2507 2768 2574 scriptoris
2811 2509 3185 2573 barbaries,
3238 2517 3299 2561 ut
3335 2508 3659 2562 hellenismis
3688 2507 3820 2560 locum

2163 2596 2381 2650 dedisse
2412 2596 2646 2650 minime
2679 2598 3012 2654 mirabile
3060 2600 3171 2663 sit,
3205 2600 3308 2669 qui
3355 2608 3440 2654 tot
3476 2598 3819 2668 stribliginesac

2164 2683 2464 2738 dictionum
2515 2693 2826 2753 portenta
2895 2689 3190 2743 admisit.
3260 2691 3464 2759 Spirat
3502 2699 3663 2742 tamen
3692 2688 3819 2740 felicia

2160 2773 2569 2843 juvenescentis
2616 2774 2954 2833 Ecclesiae
2989 2789 3300 2847 tempora,
3356 2779 3498 2835 adeo
3532 2791 3583 2834 ut
3632 2779 3669 2833 si
3693 2780 3817 2832 minus

2169 2865 2317 2918 illum
2347 2864 2683 2933 Hieronymi
2751 2877 2830 2922 et
2886 2870 3232 2940 Augustini
3274 2888 3399 2929 aevo
3449 2873 3743 2940 superiorem
3765 2871 3817 2921 die

2167 2970 2376 3018 camus,
2399 2958 2545 3025 quod
2571 2960 3007 3026 probabilius
3033 2980 3181 3023 esse
3211 2978 3386 3037 puto,
3416 2983 3521 3023 non
3548 2965 3697 3021 multo
3715 2974 3817 3020 certe

2170 3043 2476 3098 inferiorem
2507 3046 2704 3102 liceat
2752 3055 3017 3109 arbitra
3028 3056 3107 3112 ri.

2239 3134 2529 3204 Reperitur
2556 3139 2843 3199 quidem
2883 3146 3058 3201 inter
3095 3146 3258 3202 falso
3302 3148 3534 3218 ascripta
3561 3147 3819 3218 Hieronymo

2170 3240 2329 3293 opera
2374 3226 2630 3295 Epistula
2672 3233 2763 3284 ad
2804 3234 3140 3291 Oceanum
3174 3240 3254 3296 de
3284 3242 3399 3296 vita
3428 3241 3736 3303 clericorurn,
3759 3239 3819 3291 sed

2171 3315 2412 3384 Sulpicio
2479 3316 2723 3374 Severo
2827 3330 3192 3399 recentior,
3264 3333 3474 3403 quippe
3533 3348 3639 3402 quae
3697 3331 3817 3386 εδιιαί

2170 3405 2381 3459 Martini
2432 3405 2624 3461 Vitam
2701 3414 2799 3468 ab
2871 3432 2952 3472 eo
3017 3422 3321 3492 scriptam
3390 3426 3579 3479 laudet.
3626 3424 3821 3493 Ejusdem

2170 3495 2289 3598 fere
2336 3510 2435 3598 eam
2454 3506 2544 3598 est
2602 3511 3002 3571 argumenti
3065 3528 3141 3568 ac
3192 3515 3382 3571 altera
3438 3518 3546 3573 haec
3593 3531 3698 3587 quae
3736 3514 3821 3570 Ori-

2170 3584 2289 3654 geni
2353 3584 2698 3686 afﬁngitur,
2796 3608 2879 3653 ut
2950 3602 3007 3657 si
3086 3607 3235 3674 quis
3305 3609 3458 3664 illam
3526 3584 3720 3665 ex—hac
3760 3624 3824 3661 ex-

2174 3686 2410 3776 Ρτξξῇίξηι
2443 3677 2631 3776 incf“,
2661 3685 3024 3776 €9njector
3058 3710 3185 3750 non
3229 3698 3458 3768 ineptus
3498 3702 3654 3755 videri
3682 3702 3817 3770 possit

2670 3771 3051 3871 Simlerus,
3114 3799 3179 3845 et
3249 3760 3540 3848 Conradns
3586 3760 3754 3847 Frisios
3784 3791 3817 3842 is

2179 3850 2895 3955 EpilOmeABibliothecce
2944 3850 3336 3940 Gesnerianaz
3385 3895 3607 3941 narrant
3640 3885 3815 3955 Origrnis

2176 3944 2491 4048 librumADe
2527 3959 2901 4020 amotasio
2962 3971 3029 4026 in
3078 3974 3369 4033 Vaticana
3423 3944 3817 4035 bibliothecsvscr-

2172 4749 2455 4825 origanis,

2173 4841 2243 4895 ab

2310 4935 2396 4969 ιι.
3152 4935 3358 4949 mm-..
3404 4935 3597 4951 παν..
3642 4935 3796 4949 ..,,,.,-..

2175 4947 2303 5052 3:18..
2330 4980 2413 5052 ...’.
2438 4959 2648 5052 "eg?"
2693 4963 2774 5019 de
2811 4968 3133 5041 Sermone»
3175 4986 3277 5052 qui
3304 4984 3390 5040 De
3421 4988 3671 5041 catechesi
3695 4980 3818 5039 inscri'

2175 5032 2540 5167 Ξὲυεεῐῗέῐξι
2572 5032 3231 5167 iu‘ileidelbergensijs
3266 5076 3618 5133 bibliotheca:
3635 5076 3816 5134 CauniosJ

2299 5123 2511 5183 θοάθηὶ
2572 5150 2768 5203 recen

2177 5162 2944 5285 Busseni;'lsinr:cense‘“r
2980 5176 2997 5214 ³
3038 5170 3318 5233 quamvis
3374 5171 3497 5225 hac
3548 5172 3673 5226 mihi
3718 5164 3815 5219 vald:

2300 5480 2465 5529 sacr.
2502 5479 2611 5541 lib.
2652 5504 2726 5559 ιι,
2765 5511 2902 5571 cap.
2944 5506 3016 5563 15
3044 5517 3099 5562 et
3152 5509 3252 5566 15.
