3922 6484
225 419 348 476 1985

949 406 1360 467 EXCERPTUH
1395 399 1484 459 EX
1518 394 1580 454 (ἶ.
1617 398 1823 462 Βυιιι
1861 408 2005 462 DEF.
2043 409 2215 464 FIDE!
2252 411 2561 467 ΝΙΟΑΞΝᾹΞ.

3185 411 3321 465 4286

235 558 3306 596 mm

1337 727 2168 840 EXCERPTUM

1719 958 1798 1002 EX

1103 1113 1834 1229 GEORGII
1903 1111 2418 1222 BELLI

1463 1321 1719 1381 PRESB.
1766 1318 2069 1379 ANGLIC.

882 1495 1620 1588 DEFENSIONE
1695 1491 2012 1578 FIDEI
2090 1489 2638 1579 NleENjE.

1265 1683 1415 1754 (Cap.
1443 1680 1532 1748 IX,
1561 1679 1638 1733 De
1665 1676 1788 1731 Filii
1815 1674 1894 1742 τῷ
1920 1676 2253 1747 ὁμοουσίφ.)

201 1975 438 2046 origani:
470 1973 759 2027 doctrinam
789 1970 853 2046 de.
896 1969 1024 2046 rite
1058 1966 1150 2020 υεί
1187 1981 1320 2045 ,υετα
1361 1962 1644 2046 timete
1680 1957 2275 2046 9W§9_£""'ff‘,‘f‘_’”3.
2295 1957 3317 2046 ei-_ﬁi€srs__ﬂef__tilstafanore!"

263 2027 446 2113 fieri,
476 2045 726 2110 praecipue
745 2055 807 2093 ea:
835 2039 1120 2113 indubitata
1152 2035 1286 2113 eius,
1324 2043 1373 2085 et
1423 2031 1666 2113 maxime.
1687 2029 2184 2113 irtcorrupt’o,uatque
2215 2028 2278 2079 ab
2318 2028 2426 2094 ipso
2443 2028 2557 2094 jam
2589 2042 2704 2079 sene
2730 2028 3037 2080 accuratiori
3055 2027 3319 2096 diligentia

259 2096 558 2167 ctucuh'rhto
590 2096 749 2178 U'pere
771 2117 954 2162 contra
975 2096 1205 2170 Celsum,
1238 2102 1347 2169 [use
1372 2113 1419 2155 et
1449 2099 1724 2154 luculenter
1753 2096 2056 2151 ostenditur.

257 2417 285 2487 ᾗ
315 2416 353 2472 l.
406 2415 556 2470 Dictu
611 2416 799 2469 mirum
830 2421 931 2476 est,
983 2424 1139 2479 quam
1187 2421 1343 2475 super
1398 2405 1552 2474 hujus
1602 2402 1701 2456 viri
1731 2407 1775 2463 Α
1800 2399 2024 2455 versiam
2055 2400 2306 2463 Arianam
2342 2399 2578 2469 scripsit,
2611 2413 2730 2454 cum
2759 2399 2904 2468 prius
2936 2397 3098 2452 fuerit
3139 2397 3317 2469 Orige-

189 2505 614 2576 πλυθρυλλήτου
656 2505 918 2566 doctrina,
970 2501 1022 2555 in
1074 2509 1249 2567 partes
1281 2499 1492 2558 iverint,
1549 2505 1705 2563 atque

190 2595 453 2647 acerrime
490 2595 625 2647 inter
670 2609 728 2648 se
769 2591 1036 2660 digladiati
1087 2590 1284 2643 fuerint
1331 2586 1552 2655 theologi
1602 2599 1704 2654 qua

189 2689 420 2743 veteres,
455 2695 556 2748 qua
601 2681 938 2734 recentiores.
994 2676 1062 2731 Ut
1094 2678 1158 2731 de
1205 2676 1468 2729 veteribus
1513 2673 1702 2735 solum,

191 2782 394 2822 memor
431 2769 654 2823 instituti
692 2770 815 2832 mei,
854 2783 1033 2837 agam;
1092 2781 1156 2820 ex
1198 2767 1262 2819 iis
1296 2766 1380 2819 alii
1426 2765 1703 2832 Origenem

191 2855 257 2906 ad
284 2855 478 2907 coelum
511 2870 676 2924 usque
709 2855 950 2908 laudibus
997 2852 1280 2918 extollunt;
1313 2852 1399 2904 alii
1434 2853 1599 2919 ipsum
1649 2859 1706 2903 ut

187 2945 478 3009 pessimum
525 2943 963 3005 haeresiarcham,
1017 2944 1250 3008 adeoque
1289 2943 1518 2993 omnium
1573 2951 1705 3006 pene

191 3033 492 3096 haeresium,
537 3035 822 3102 praesertim
857 3048 973 3102 quae
1012 3031 1255 3086 Ecclesia:
1294 3030 1445 3083 ﬁdem
1492 3029 1557 3082 de
1603 3025 1700 3081 SS.

187 3120 446 3178 Triuitate
474 3133 734 3191 spectant,
783 3123 980 3177 fontem
1030 3131 1085 3175 et
1146 3118 1525 3187 scaturigiuem
1573 3115 1702 3169 diris

186 3210 466 3263 devovent.
519 3209 622 3263 Sed
677 3209 979 3264 Catholicos
1015 3209 1153 3276 quod
1204 3209 1393 3261 attinet
1442 3207 1702 3268 doctores,

187 3295 277 3363 qui
308 3296 552 3365 Origenis
578 3306 733 3352 astate
761 3298 1041 3352 viciniores
1071 3297 1218 3350 fuere
1241 3334 1256 3359 ,
1290 3296 1457 3364 major
1477 3305 1532 3349 et
1555 3295 1705 3362 longe

186 3385 359 3450 potior
385 3387 485 3442 fuit
513 3403 758 3442 numerus
778 3402 985 3450 eorum,
1025 3386 1112 3454 qui
1144 3387 1238 3454 ipsi
1265 3385 1529 3453 astipulati
1556 3392 1698 3438 sunt.

183 3471 483 3527 Alexander
525 3474 1035 3543 Hierosolymitauus
1071 3512 1087 3536 ,
1141 3472 1476 3526 'l‘heoctistus
1527 3471 1703 3526 Caesa-

184 3560 397 3627 riensis,
429 3564 708 3633 Dionysius
757 3563 1142 3617 Alexandrinus
1171 3561 1508 3616 Firmilianus
1531 3562 1706 3616 Caesa-

183 3649 403 3714 riensis,
427 3652 714 3721 Gregorius
738 3653 1190 3721 Thaumaturgus,
1233 3663 1285 3706 et
1317 3652 1699 3716 Athenodorus,

1802 2489 1884 2544 nis
1951 2490 2282 2544 adversarius
2334 2489 2756 2554 infensissimus;
2832 2505 2984 2543 suum
3041 2490 3318 2558 aliquando

1799 2577 1974 2631 odium
1998 2577 2256 2644 deposuit,
2291 2592 2351 2630 ac
2387 2577 2596 2631 tandem
2644 2578 2781 2632 inter
2823 2579 2936 2647 ejus
2972 2579 3319 2634 admiratores

1801 2681 1987 2721 nomen
2007 2681 2156 2720 suum
2183 2667 2416 2735 proﬁteri
2445 2682 2546 2719 non
2575 2667 2804 2720 erubuit.
2837 2667 3067 2735 Denique
3095 2666 3318 2724 Ruﬁnus

1801 2757 1850 2824 (a
1871 2755 2122 2810 Cassiano
2151 2756 2241 2809 lib.
2299 2771 2371 2809 vn
2409 2754 2483 2808 De
2529 2756 2784 2808 incarnat.
2819 2757 3006 2818 dictus,
3066 2758 3318 2824 quidquid

1800 2848 1864 2899 de
1899 2847 2009 2915 ipso
2051 2845 2302 2914 judicavit
2330 2845 2542 2913 sequior
2569 2855 2719 2909 aetas,
2770 2862 2789 2895 ι
2813 2846 3124 2900 Christianae
3148 2848 3316 2914 philo-

1800 2934 1998 3002 sophia:
2045 2935 2158 2997 vir,
2212 2935 2349 2988 haud
2393 2937 2776 2988 contemnenda
2842 2936 3316 2991 ecclesiasticorum

1799 3023 2069 3077 doctorum
2092 3023 2296 3092 portio;
2343 3041 2363 3074 ι
2407 3023 2554 3092 cujus
2575 3024 2973 3078 sanctimoniam
3020 3027 3129 3090 ipse
3158 3027 3315 3081 etiam

1799 3110 2156 3181 Hieronymus
2188 3112 2465 3180 aliquando
2489 3113 2708 3167 summis
2744 3113 2988 3168 laudibus
3018 3115 3225 3178 extulit,
3254 3127 3312 3168 ut

1799 3215 1862 3254 ex
1887 3202 2104 3270 epistola
2151 3199 2264 3266 ejus
2295 3201 2497 3270 quinta,
2545 3201 2610 3255 ad
2650 3199 3000 3267 Florentium,
3047 3205 3314 3273 constat),

1773 3292 2044 3360 ‘Origenis
2097 3291 2386 3345 acerrimus
2440 3291 2832 3359 hyperaspistes
2879 3292 3004 3356 fuit;
3074 3303 3132 3346 ut
3185 3295 3314 3347 nihil

1799 3381 1970 3434 dicam
1999 3380 2065 3434 de
2095 3381 2386 3434 innumeris
2413 3394 2506 3447 per
2531 3378 2814 3448 Egyptum
2845 3380 3097 3447 dispersis
3131 3395 3316 3434 mona—

1799 3469 2053 3537 chis,‘qni
2081 3470 2306 3522 maxima
2337 3467 2576 3536 Origenis
2606 3469 2670 3521 de
2695 3483 2852 3525 causa
2883 3484 3000 3523 cum
3024 3469 3315 3538 Theophila

1799 3557 2150 3612 Alexandrino
2183 3558 2468 3612 certamina
2507 3559 2756 3612 inierunt.

1872 3644 1986 3715 §ll.
2022 3645 2074 3698 In
2116 3646 2216 3699 hoc
2267 3655 2412 3700 tanto
2472 3656 2736 3700 tantorum
2791 3647 3026 3700 virorum
3070 3649 3310 3705 dissensu

181 3735 432 3805 Origeuis
460 3743 736 3808 coaetanei,
769 3744 937 3810 ipsum
965 3743 1016 3795 in
1041 3743 1267 3795 maxime
1289 3743 1457 3809 pretio
1495 3757 1700 3809 semper
1728 3725 1770 3780 Β
1795 3735 2076 3800 optandum
2097 3744 2232 3799 erat,
2271 3745 2326 3788 ut
2376 3751 2440 3788 ex
2491 3735 2730 3798 inﬁnitis,
2771 3750 2887 3803 quae
2932 3737 3309 3792 Chalcenterus

181 3827 527 3884 habuerunt:
561 3839 614 3884 et
672 3840 777 3886 tota
830 3831 1128 3893 Palaestina,
1175 3831 1389 3892 Arabia,
1431 3829 1700 3884 thnicia

178 3925 234 3968 et
276 3918 480 3972 Achaia
528 3933 738 3973 causam
785 3919 1026 3988 Origenis
1078 3919 1328 3972 adversus
1385 3919 1698 3972 Demetrium

177 4001 595 4059 Alexandrinum
624 4016 1034 4076 propugnarunt.
1065 4006 1308 4060 Eamdem
1328 4005 1513 4059 deinde
1549 4006 1698 4058 tutati

178 4100 304 4144 sunt
362 4093 670 4162 Pamphilus
729 4104 927 4164 martyr
975 4103 1028 4148 et
1079 4095 1331 4149 Eusebius
1365 4093 1701 4148 Caesariensis

175 4191 273 4245 per
291 4180 599 4251 Apologiam
628 4199 717 4236 sex
744 4184 906 4236 libras
939 4184 1285 4251 complexam,
1336 4197 1552 4251 quorum
1584 4182 1701 4236 uni-

174 4283 273 4324 cus
323 4282 584 4340 superest.
621 4273 762 4327 Alios
810 4288 1021 4342 quoque
1077 4274 1249 4341 magni
1292 4273 1520 4326 nominis
1558 4273 1699 4327 viros

173 4361 485 4429 complures
523 4363 736 4418 Eusebii
769 4366 1092 4432 temporibus
1128 4365 1408 4434 Apologias
1440 4377 1536 4432 pro
1569 4362 1693 4418 Ori-

170 4462 309 4514 gene
332 4454 610 4524 scripsisse
642 4455 799 4508 tradit
823 4453 1038 4508 Photius
1062 4457 1178 4509 cod.
1211 4470 1392 4510 cxvru.
1421 4455 1697 4522 Origenem

170 4551 338 4604 porro
367 4550 619 4612 tanquam
662 4543 933 4598 catholica:
979 4543 1094 4598 ﬁdei
1145 4546 1398 4598 adversus
1430 4543 1697 4605 haeresim,

169 4641 291 4695 quae
320 4645 508 4700 postea
541 4634 733 4688 Ariana
773 4635 915 4688 dicta
949 4632 1069 4697 fuit,
1096 4647 1364 4689 strenuum
1397 4647 1698 4702 propugna-

173 4722 345 4773 torem
401 4722 638 4776 laudavit
685 4737 903 4790 magnus
951 4723 1274 4775 Athanasius
1331 4721 1382 4774 itt
1435 4720 1569 4773 libro
1625 4719 1701 4772 De

169 4803 392 4862 decretis
436 4811 666 4865 Nicwme
693 4811 894 4878 synodi.
942 4808 1032 4863 His
1061 4810 1420 4865 accenseudus
1453 4808 1700 4878 Didymus

169 4889 566 4954 Alexandrinus
592 4900 708 4968 (vir
765 4897 1004 4960 celebris,
1039 4913 1146 4966 quo
1179 4899 1431 4966 magistro
1459 4908 1519 4948 se
1541 4909 1691 4948 usum

171 4982 373 5047 mePius
417 4985 766 5059 Hieronymus
815 4985 1110 5056 gloriatur).
1173 4987 1259 5053 qui
1319 4997 1415 5051 pro
1473 4981 1698 5047 Origene

170 5069 574 5142 Apologeticum
600 5078 784 5140 edidit,
814 5086 868 5131 et
897 5075 1046 5129 Titus
1073 5075 1379 5131 Bostrorum
1403 5075 1700 5141 episcopus,

172 5170 226 5212 et
249 5161 624 5234 Gregoriorum
659 5167 832 5222 nobile
874 5180 991 5234 par,
1029 5164 1392 5220 Nazianzenus
1427 5170 1481 5214 et
1512 5160 1704 5230 Nysse-

173 5267 298 5316 nus,
325 5265 380 5308 et
405 5257 636 5316 Joannes
664 5256 1187 5323 Hierosolymitanus,
1219 5253 1454 5309 assiduis
1481 5265 1597 5304 eam
1627 5251 1696 5304 oh

176 5352 290 5394 rem
340 5343 617 5415 Epiphauii
683 5360 737 5403 et
783 5346 1082 5414 Hieronymi
1128 5343 1337 5412 probris
1402 5340 1700 5394 lacessitus.

174 5426 476 5492 Methodius
499 5453 736 5507 quoque,
778 5438 865 5506 qui
906 5437 994 5490 diu
1038 5441 1159 5487 ante
1197 5442 1436 5487 exortam
1490 5441 1705 5483 contro-
1753 5473 1765 5485 .

247 5542 358 5619 (22)
396 5545 468 5602 Ut
494 5551 646 5619 facile
666 5551 926 5618 conjicias,
949 5556 1157 5619 iquantg
1194 5544 1385 5619 majori
1427 5553 1532 5610 post
1573 5557 1695 5610 ejus

179 5609 372 5667 obitum
418 5609 770 5686 conﬁdentia;
795 5609 920 5672 etcf
948 5609 1072 5686 Vide
1102 5609 1479 5686 iPraeiatiunetn
1537 5609 1691 5686 tgmg

181 5690 361 5738 nostro
376 5677 534 5754 priori
558 5677 842 5756 planitiam,
873 5701 989 5755 pag.
1012 5684 1066 5751 2,
1091 5685 1124 5740 ὃ
1145 5691 1203 5739 et
1233 5683 1290 5749 4,
1320 5682 1406 5738 ubi
1423 5681 1524 5738 htrc
1545 5677 1693 5736 Bulli

1798 3824 1884 3878 ille
1909 3823 2254 3885 elucubravit,
2303 3825 2514 3890 scriptis
2543 3824 2694 3891 plura
2740 3825 2804 3877 ad
2840 3839 2936 3876 nos
2979 3826 3312 3878 devenissent

1796 3912 1998 3979 integra
2032 3922 2087 3964 et
2119 3911 2346 3975 illibata;
2376 3912 2516 3964 unde
2558 3912 2688 3980 ipsi,
2734 3912 2904 3964 neutri
2930 3914 3063 3978 parti
3094 3913 3307 3976 addicti,

1795 4001 1860 4054 de
1905 4001 2018 4068 ejus
2061 4000 2297 4052 doctrina
2359 3999 2552 4052 certius
2595 3998 2883 4064 dijudicare
2937 4000 3306 4066 potuissemus.

1793 4093 1890 4144 Ast
1935 4087 2103 4158 (proh
2142 4086 2369 4156 dolor!)
2423 4100 2488 4140 ex
2545 4086 2696 4140 libris
2751 4084 2988 4153 Origeuis
3037 4088 3309 4154 quosdam,

1795 4177 1917 4230 dum
1940 4177 1984 4229 is
2006 4175 2175 4228 adhuc
2195 4175 2416 4235 viveret,
2452 4189 2481 4225 a
2506 4173 2845 4227 maleieriatis
2873 4175 3170 4230 hominihtts
3195 4190 3312 4230 cor-

1796 4273 1978 4331 ruptos
2033 4272 2190 4331 atque
2236 4261 2611 4327 interpolatos;
2681 4269 2736 4313 et
2801 4262 2993 4328 scripta
3062 4263 3310 4316 nonnulla

1794 4355 1960 4408 aliena
1999 4365 2214 4422 prorsus
2236 4364 2297 4404 ac
2325 4351 2504 4418 spuria
2547 4351 2647 4403 sub
2684 4350 2798 4415 ejus
2826 4353 3036 4405 nomine
3075 4353 3313 4406 celebra-

1795 4444 1994 4498 tissimo
2013 4440 2152 4495 edita
2184 4440 2350 4493 fuisse
2390 4439 2500 4508 ipse
2533 4447 2862 4506 conquestus
2891 4447 2973 4492 est
2998 4439 3050 4492 in
3078 4440 3312 4508 Epistula

1795 4534 1861 4588 ad
1900 4532 2154 4601 quosdam
2200 4529 2572 4583 Alexandriam
2621 4529 2839 4597 scripta.
2894 4526 3004 4597 (2‘2)
3048 4527 3115 4582 Ut
3151 4528 3312 4583 facile

1795 4622 2066 4690 conjicias,
2099 4628 2302 4688 quanto
2325 4619 2508 4683 majori
2529 4618 2776 4687 postejus
2797 4619 2998 4672 obitum
3037 4620 3311 4674 conﬁden-

1797 4713 1868 4766 tia
1917 4712 2002 4766 isti
2042 4711 2373 4765 tenebriones
2416 4707 2468 4761 id
2511 4723 2677 4773 genus
2715 4707 2946 4762 facinora
2979 4721 3312 4776 perpetrave-

1797 4801 1933 4863 rint,
1961 4807 2102 4852 certe
2133 4796 2563 4864 Origeuianorum
2605 4810 2820 4864 operum
2847 4811 2971 4864 pars
3013 4797 3164 4864 longe
3198 4811 3312 4848 ma-

1797 4887 1934 4941 xima
1973 4886 2080 4954 jam
2133 4885 2341 4952 penitus
2387 4883 2773 4937 interciderunt
2814 4903 2828 4937 :
2871 4899 3090 4953 quaeque
3151 4883 3306 4936 hodie

1798 4984 2096 5044 supersunt,
2155 4988 2239 5036 ea,
2291 4972 2513 5040 demptis
2566 4983 2743 5025 contra
2785 4971 2986 5026 Celsum
3043 4971 3210 5032 libris,
3256 4979 3312 5022 et

1799 5063 2059 5130 excerptis
2085 5060 2422 5129 quibusdam,
2455 5075 2570 5128 quae
2596 5058 2885 5112 Philocalt’a
2915 5069 3182 5115 vocantur,
3211 5055 3310 5109 La-

1799 5153 1904 5206 tine
1931 5160 2128 5205 tantum
2153 5151 2492 5213 exstiterunt,
2521 5150 2697 5218 idque,
2731 5158 2788 5202 ut
2812 5164 2878 5202 ex
2921 5147 3078 5199 certis
3103 5141 3314 5196 iudiciis

1797 5249 2023 5304 constat,
2047 5240 2265 5294 multum
2289 5240 2355 5292 ab
2381 5239 2752 5307 interpretibus
2791 5231 3102 5299 interpolata
3150 5237 3316 5294 atque

1799 5333 2070 5386 immutata
2095 5345 2110 5380 :
2144 5329 2310 5382 donec
2341 5343 2506 5397 nuper
2532 5326 2854 5382 clarissimus
2886 5316 3066 5372 Daniel
3089 5313 3320 5369 Huetius

1800 5419 2091 5493 ὲξηγητικά
2114 5417 2352 5489 Origenis
2379 5433 2480 5472 non
2508 5430 2668 5485 pauca
2702 5425 2765 5464 ex
2803 5420 2929 5460 mss.
2977 5403 3163 5458 Greece
3196 5403 3322 5454 edi-

1801 5543 1854 5588 et
1880 5531 2046 5586 Huetii
2069 5530 2323 5585 sententia
2367 5529 2431 5582 de
2477 5517 2858 5588 adulteratione
2893 5512 3148 5588 librorum
3192 5506 3324 5588 Ofi-

1803 5574 2890 5672 ξὲιὶἷΐρὶὶεἶᾌίἱῖἔὦῑῖυἶυῖώιιωτειίοίε
2944 5581 3086 5635 facta
3128 5574 3326 5629 conru-

1805 5681 1960 5727 tatur.
