3922 6396
683 410 818 465 19.87

2052 380 2472 443 EXCERPTUM

3604 376 3689 431 libs

685 527 776 579 dit.
804 522 936 588 Quin
971 534 1036 574 eo
1072 517 1283 572 nomine
1318 516 1382 568 de
1428 512 1764 581 φιλαρχαίοις
1804 508 2048 563 omnibus
2073 522 2205 575 prae-
2233 511 2276 565 Α
2304 502 2509 570 quique
2536 494 2675 588 {deo
2701 491 2929 561 genuina
2962 488 3076 588 Ellis
3109 487 3295 588 εοτίρξξι
3330 501 3358 540 a
3390 488 3542 555 spuriis
3569 495 3693 559 optime

684 614 821 667 clare
856 611 1071 663 meritus
1101 610 1170 661 sit
1193 607 1273 659 vir
1309 605 1668 665 doctissimus,
1700 615 1855 655 nemo
1876 599 1973 653 nisi
2001 598 2205 651 invidus

684 700 1003 754 diﬁitebitnr.
1047 698 1186 750 ldem
1238 705 1408 747 tamen
1453 693 1677 746 Huetins
1711 690 1985 758 proﬁtetur
2020 687 2203 754 Orige-

686 790 823 840 nian.
859 788 948 839 lib.
979 801 1060 846 ttt,
1097 799 1210 851 cap.
1240 783 1291 843 l,
1331 796 1475 834 num.
1510 782 1563 843 5,
1598 779 1695 832 sibi
1742 791 1859 831 esse
1904 775 2204 838 verisimile,

691 896 708 929 ι
730 879 993 944 Quotquot
1023 874 1185 926 libros
1214 870 1456 937 Origeuis
1480 872 1543 922 ad
1572 883 1666 921 nos
1713 865 1921 920 fortuna
1952 863 2171 918 transmi
2191 893 2203 904 -

685 969 773 1028 sit,
802 968 1016 1018 violatos
1056 979 1192 1021 esse.
1245 972 1297 1014 at
1344 976 1435 1014 eos
1465 960 1818 1028 potissimum,
1871 957 1961 1024 qui
2022 964 2210 1023 praeter

688 1058 1006 1111 notariorum
1034 1054 1317 1122 σφάλματα
1360 1062 1413 1105 et
1472 1050 1836 1103 haereticorum
1876 1046 2212 1100 adulteratio—

690 1164 802 1212 nes,
832 1148 1175 1213 interpretum
1207 1144 1365 1196 etiam
1392 1140 1829 1196 hallucinationes
1857 1146 1910 1190 et
1938 1135 2210 1203 perﬁdiam

690 1247 980 1294 senserunt.
1014 1255 1031 1288 ι
1096 1235 1389 1301 Excipere,
1438 1234 1488 1286 ni
1540 1233 1715 1292 fallor,
1765 1230 2015 1282 debuerat
2052 1228 2212 1280 libros

690 1339 868 1382 contra
924 1326 1163 1383 Celsum;
1200 1324 1392 1390 quippe
1444 1336 1578 1390 quos
1630 1329 1821 1387 praeter
1880 1317 2210 1370 librariorum

692 1418 997 1488 σφάλματα,
1020 1431 1046 1465 a
1071 1413 1260 1479 quibus
1292 1411 1415 1463 nulli
1448 1420 1680 1461 veterum
1721 1407 1838 1460 libri
1868 1421 2082 1473 prorsus
2118 1405 2215 1456 itu-

692 1517 879 1556 munes
907 1509 1048 1563 sunt,
1084 1500 1239 1551 aliam
1280 1498 1610 1549 violationetn
1660 1495 1943 1549 notabilem
1992 1493 2216 1546 subiisse

693 1606 868 1653 nemo,
906 1589 1045 1657 quod
1076 1589 1259 1650 sciam,
1295 1587 1552 1638 hactenus
1581 1586 1878 1652 suspicatus
1908 1583 2086 1635 fuerit.

761 1678 896 1749 §|ll.
927 1678 1180 1731 Caeterum
1221 1675 1264 1728 si
1302 1674 1475 1727 omnia
1508 1672 1749 1740 Origenis
1789 1672 2002 1738 scripta,
2051 1682 2218 1738 eaque

695 1784 825 1837 pura
848 1776 898 1821 et
922 1769 1244 1833 incorrupta,
1296 1762 1453 1817 hodie
1495 1770 1799 1823 exstarent;
1850 1758 1989 1812 haud
2039 1758 2214 1811 omnia

2303 596 2511 645 norunt
2531 585 2868 646 discernere,
2897 579 3035 644 mihi
3074 577 3452 645 suppeditarunt.
3496 579 3553 632 Ex
3576 583 3697 648 quibus

2300 679 2559 736 omnibus
2590 687 2753 741 spero
2782 670 2915 734 fore,
2945 678 3003 723 ut
3028 668 3184 721 lector
3204 667 3422 720 cordatus
3437 667 3547 720 clare
3564 671 3699 724 tandem

2305 768 2623 841 perapiciat,
2666 777 2833 830 quam
2879 762 3190 828 impotenter
3228 758 3277 810 in
3321 755 3551 825 Origenem
3578 763 3698 813 debac-

2305 862 2497 916 chatus
2523 860 2594 910 sit
2626 853 2903 913 Petavius,
2936 850 3058 903 dum
3088 850 3155 901 ita
3195 847 3256 900 de
3288 846 3421 899 Patre
3446 847 3536 912 (vel
3553 849 3701 904 inimicis

2301 945 2611 1017 judicihus)
2644 941 2988 995 sanctissimo
3031 948 3184 1003 atque
3220 935 3525 989 eruditissimo
3555 938 3705 993 scribere

2310 1053 2412 1090 non
2456 1046 2541 1089 est
2593 1033 2850 1086 veritus:
2892 1046 2910 1079 ι
2942 1029 3014 1081 De
3058 1024 3327 1094 Origene,»
3370 1027 3512 1094 inquit
3546 1026 3708 1080 Petavius

2314 1126 2385 1179 De
2407 1124 2600 1177 Trinit.
2635 1122 2731 1176 lib.
2768 1134 2804 1183 t,
2841 1133 2959 1185 cap.
3009 1115 3093 1179 12,
3131 1129 3265 1166 num.
3302 1112 3348 1177 9,
3395 1124 3610 1177 tconstat,
3639 1133 3708 1168 eum

2311 1217 2379 1270 de
2416 1214 2554 1267 Filio
2582 1228 2648 1265 ac
2685 1211 2891 1278 Spiritu
2940 1216 3125 1261 sancto
3168 1207 3313 1274 impie
3349 1206 3611 1273 absurdeque
3634 1222 3707 1258 sen-

2311 1307 2470 1360 sisse.
2492 1323 2509 1355 ›
2546 1304 2612 1357 Ει
2647 1301 2808 1369 paulo
2831 1308 2953 1367 post
2976 1312 3117 1351 num.
3143 1298 3203 1349 li)
3231 1314 3243 1348 :
3281 1314 3297 1346 ι
3324 1296 3535 1364 Origenes
3559 1304 3602 1347 ut
3621 1307 3711 1349 atate

2319 1398 2508 1449 Arium
2566 1390 2890 1451 antecessit,
2948 1389 3025 1442 sic
3076 1388 3325 1455 impietate
3366 1401 3471 1451 par;
3510 1385 3591 1437 iuto
3626 1386 3711 1451 impii

2319 1482 2593 1552 dogmatis
2631 1492 2822 1532 auctor
2858 1477 2931 1529 illi
2965 1476 3082 1529 fuit.
3104 1493 3122 1527 ι
3157 1475 3215 1527 Et
3235 1475 3408 1540 passim
3432 1472 3531 1526 alibi
3550 1472 3713 1540 ejusmodi

2315 1573 2561 1627 convicia
2616 1571 2671 1623 in
2731 1568 3016 1636 Origenem
3046 1565 3191 1634 jacit.
3246 1564 3462 1617 Fortasse
3503 1561 3715 1615 existimarit

2315 1663 2549 1723 Jesuita,
2578 1675 2641 1714 se
2676 1658 2937 1724 religione
2958 1670 3052 1708 sua
3082 1657 3147 1706 ad
3178 1656 3223 1707 id
3244 1652 3512 1706 obstrictum
3533 1649 3716 1712 luisse,ut

2320 1755 2393 1807 ita
2418 1749 2733 1806 venerando
2764 1746 2910 1801 Patri
2946 1745 3307 1806 malediceret;
3335 1744 3454 1809 quod
3477 1739 3628 1794 scilicet
3648 1738 3716 1792 Ori-

696 1868 869 1912 tamen
898 1870 1032 1908 vera:
1054 1868 1115 1906 ac
1141 1852 1378 1920 genuinae
1420 1849 1534 1913 ejus
1577 1848 1853 1902 sententiis
1891 1846 2219 1900 declaranda:
2248 1819 2290 1873 Β
2321 1859 2483 1915 genes
2515 1852 2569 1896 et
2599 1840 2922 1909 Origenistaa
2945 1852 3065 1891 cum
3092 1832 3396 1904 dogmatibus
3426 1829 3515 1883 suis
3528 1829 3716 1883 damnatis

695 1946 890 2014 pariter
918 1944 1251 1997 inservirent.
1283 1939 1779 1995 Scilicetvariorum
1808 1936 2038 1989 auctoris
2064 1934 2222 1986 πολυ-

694 2035 901 2104 γράφου
950 2046 1169 2100 opernm
1218 2031 1425 2082 diversa
1477 2028 1613 2080 foret
1648 2028 1797 2080 ratio.
1824 2026 1932 2095 (25)
1957 2025 2087 2079 Nam
2121 2025 2221 2077 alia

696 2125 760 2177 ad
813 2122 1010 2175 amicos
1070 2129 1274 2173 secreto
1312 2117 1545 2183 scripsit,
1587 2130 1703 2183 quas
1743 2115 1911 2167 lucem
1960 2128 2221 2179 nunquam

698 2213 880 2266 visura
911 2210 1181 2280 speravit;
1215 2208 1266 2260 in
1307 2207 1497 2274 quibus
1538 2205 1702 2258 libere
1734 2218 1797 2257 ac
1835 2216 1966 2270 pene
1996 2203 2225 2268 sceptice

698 2301 968 2362 disseruit,
1009 2314 1070 2351 ac
1104 2299 1410 2364 plerumque
1453 2309 1555 2346 non
1592 2302 1697 2346 tam
1737 2307 1885 2345 suam
1928 2301 2127 2344 certam
2164 2304 2227 2343 ac

699 2391 966 2445 deﬁnitam
1006 2388 1321 2441 sententiam
1343 2423 1358 2447 ,
1390 2397 1546 2451 quam
1579 2382 1663 2436 vel
1692 2381 1913 2434 aliorum
1940 2379 2227 2433 ratiocina-

702 2483 893 2544 tiones,
918 2480 1001 2533 vel
1044 2494 1168 2533 suos
1210 2478 1466 2546 quosdam
1508 2473 1783 2542 scrupulos
1810 2487 1871 2526 ac
1898 2471 2229 2524 dubitatiun-

700 2572 869 2634 cuias,
895 2569 962 2623 ad
990 2568 1268 2622 clariorem
1291 2566 1537 2619 veritatis
1579 2563 2009 2624 elucidationem,
2039 2575 2231 2630 propo-

703 2660 829 2714 suit.
888 2658 1000 2711 Alia
1044 2656 1156 2724 ipse
1199 2656 1251 2709 in
1296 2654 1559 2724 publicum
1613 2653 1824 2715 emisit,
1886 2652 1999 2704 sive
2044 2660 2228 2704 contra

700 2747 959 2811 inﬁdeles,
982 2748 1093 2801 sive
1109 2746 1361 2800 adversus
1421 2744 1713 2807 haereticos,
1762 2756 1856 2796 seu
1902 2742 2132 2810 denique
2168 2742 2235 2794 ad

704 2839 1074 2894 instruendam
1118 2835 1322 2904 plebem
1361 2834 1750 2895 Christianam;
1787 2834 1839 2884 in
1874 2832 2065 2900 quibus
2091 2871 2106 2894 ,
2153 2832 2236 2884 via

705 2928 828 2982 trita
857 2940 920 2980 ac
942 2933 1055 2979 tuta
1083 2923 1353 2982 incedens,
1390 2932 1654 2988 receptam
1683 2919 1737 2972 in
1774 2920 2008 2972 Ecclesia
2051 2919 2237 2972 catho-

706 3017 859 3072 licam
902 3013 1190 3068 doctrinam
1214 3010 1498 3065 studiosins
1523 3008 1757 3062 tradidit.
1789 3008 1982 3062 Deinde
1997 3007 2097 3061 alia
2121 3022 2236 3076 pro-

2320 1930 2800 1987 anathematismis
2821 1926 3059 1982 confossi
3111 1924 3297 1977 fuerint
3322 1922 3418 1991 ((26)
3454 1921 3496 1973 ἱιι
3527 1921 3656 1987 quinta
3672 1934 3718 1987 sy-

2326 2026 2489 2077 nodo.
2523 2020 2730 2075 Verum
2774 2034 2882 2072 non
2920 2018 3136 2071 defuere
3175 2015 3269 2066 viri
3309 2013 3507 2065 illustres
3532 2024 3556 2063 e
3579 2008 3719 2062 Romam

2327 2114 2567 2169 Ecclesia
2647 2110 2947 2180 (Joannem
3008 2101 3575 2160 Picum-Mirandnlanum
3633 2098 3714 2155 dico,

2326 2205 2588 2258 Iacobum
2672 2200 2961 2255 Merlinum
3027 2194 3463 2254 Victuruiensetn,
3515 2189 3722 2243 Desiderium

2329 2294 2618 2346 Erasmutn
2648 2290 3073 2344 Roterodamum
3095 2323 3111 2347 ,
3151 2285 3344 2338 Sixtum
3372 2281 3609 2340 Senensem,
3634 2275 3725 2329 ειη.

2329 2386 2476 2436 dium
2504 2382 2887 2451 Espencaeum,
2924 2376 3217 2431 Gilbertnm
3268 2369 3592 2426 Genebrardutn
3617 2376 3656 2418 et
3676 2363 3726 2417 Pe-

2334 2485 2472 2528 trum
2501 2473 2810 2525 llalloxiutn
2832 2468 2876 2539 ),
2909 2467 2998 2536 qui
3030 2466 3162 2519 nihil
3189 2465 3283 2518 sibi
3318 2470 3560 2515 metuentes
3584 2471 3605 2507 a
3626 2452 3727 2518 quinti

2334 2561 2550 2616 concilii
2585 2556 3080 2616 anatltematismis,
3137 2553 3399 2621 Origenem
3432 2564 3514 2601 non
3536 2545 3643 2598 modo
3664 2543 3728 2593 sine

2335 2654 2533 2720 probro
2563 2652 2870 2711 norninare,
2905 2647 3001 2701 sed
3019 2656 3073 2700 et
3094 2645 3259 2712 palam
3288 2651 3528 2711 aperteque
3552 2634 3727 2690 delmdere

2338 2719 2452 2797 ausi
2484 2750 2634 2795 sunt.
2673 2739 2945 2794 Nimirum
2995 2747 3139 2789 recte
3181 2734 3456 2802 iudicarunt
3482 2726 3581 2789 isti,
3612 2725 3655 2774 ab
3681 2719 3724 2771 illi

2338 2836 2543 2904 synodo
2598 2846 2710 2885 non
2742 2840 2851 2883 tam
2877 2830 3049 2896 ipsum
3083 2824 3369 2894 Origencm,
3394 2832 3470 2873 aut
3492 2815 3651 2886 genuina
3667 2810 3726 2864 Οτί·

2338 2925 2492 2994 genis
2536 2923 2763 2992 placita,
2812 2934 2978 2988 quam
3009 2914 3432 2985 perniciosissima
3468 2909 3537 2962 illa
3565 2907 3725 2972 dogmata.

2338 2988 2406 3068 de
2452 2988 2726 3066 Trinitate
2784 3006 3117 3078 ὲτερουσίῳ,
3170 3006 3234 3060 de
3280 3000 3554 3072 phantasuca
3592 2988 3729 3059 corporis

704 3112 953 3174 peranter
981 3102 1258 3163 dictitavit,
1294 3101 1394 3153 alia
1423 3098 1741 3167 diligentiori
1784 3112 1911 3151 cura
1953 3097 2228 3151 elucubra-
2261 3134 2303 3189 ο
2344 3105 2747 3159 resurrectione
2794 3117 2919 3170 qua;
2952 3101 3004 3151 in
3038 3094 3341 3149 adsilientis
3378 3088 3572 3159 Origenis
3608 3079 3728 3147 scriptis

705 3163 803 3247 vit.
834 3192 1069 3259 Denique
1092 3189 1193 3242 alia
1226 3186 1307 3259 (ut
1331 3163 1709 3241 Huetii'verbis
1740 3187 1878 3252 utar)
1908 3199 2072 3238 senex
2096 3183 2237 3238 Ada-

2181 3163 2303 3236 a'u
2336 3195 2779 3252 continerentur,
2857 3202 3050 3257 quaeve
3104 3180 3332 3238 nonnulli
3384 3163 3727 3259 Οτὶεειιὶδιωηψιὶ

709 3284 959 3346 mantius,
987 3282 1196 3350 ingenio
1221 3254 1314 3348 per
1342 3288 1551 3333 aetatem
1589 3276 1753 3346 magis
1784 3276 2028 3338 subacto,
2062 3274 2239 3329 clima.

2180 3290 2239 3327 ιδ’
2337 3293 2682 3343 vocarentur,
2726 3279 2915 3353 magni
2939 3278 3084 3331 illius
3125 3272 3343 3327 nominis
3379 3262 3605 3337 patrocinio
3633 3254 3729 3347 deleo-

708 3374 821 3439 vit;
849 3373 947 3425 alia
980 3372 1231 3425 eﬁerente
1261 3385 1378 3424 sese
1405 3370 1458 3423 in
1492 3342 1783 3438 iuventutis
1822 3375 1952 3420 testu
1997 3365 2242 3421 fecundi-
2338 3375 2564 3437 ἀει-ειη,
2614 3342 2975 3424 εῄαιιιοῖῃείιε
3014 3364 3350 3419 condemum
3386 3356 3532 3412 misse,
3569 3342 3733 3404 Damnavit

714 3433 823 3516 tate
852 3461 1105 3530 profudit.
1138 3461 1212 3514 De
1239 3460 1432 3528 quibus
1455 3433 1708 3526 praeiere
1728 3458 1859 3510 dixit
1888 3456 2242 3527 Hieronymus
2339 3433 2558 3533 quidem'
2583 3461 2832 3530 synodus
2866 3473 2975 3512 una
3004 3470 3128 3511 cum
3155 3455 3269 3510 istis
3311 3460 3359 3505 et
3391 3445 3596 3518 paradoxa
3626 3437 3678 3488 illa
3704 3433 3736 3483 de

713 3550 766 3604 in
782 3528 1002 3617 Ριιὸιοεο
1025 3549 1089 3602 ad
1121 3546 1544 3601 Commentarios
1564 3547 1619 3598 in
1651 3544 1866 3608 Lucam,
1891 3544 2172 3615 Origenem
2189 3547 2241 3599 in
2339 3528 2773 3623 émexsisl—muia
2830 3548 3163 3610 animarum,
3216 3542 3280 3596 de
3324 3537 3464 3594 astris
3496 3543 3539 3586 el
3571 3528 3738 3582 elemetttts

711 3636 1026 3707 quibusdam
1048 3637 1386 3689 Tractatibus
1420 3652 1439 3685 ‹
1462 3634 1613 3702 quasi
1637 3648 1853 3701 puerum
1885 3633 2005 3687 talis
2033 3633 2241 3699 ludere;

714 3727 819 3779 alia
845 3740 962 3779 esse
990 3724 1160 3778 virilia
1209 3724 1323 3790 ejus
1368 3733 1423 3777 et
1474 3723 1762 3777 senectutis
1793 3722 1952 3776 seria.
1977 3742 1995 3774 ι
2052 3722 2245 3793 Negari

715 3822 890 3867 autem
946 3826 1049 3865 non
1103 3820 1292 3879 potest,
1352 3809 1480 3877 quin
1528 3808 1775 3877 Origenis
1820 3807 2130 3876 suﬂragium
2174 3811 2242 3865 de

715 3902 975 3956 catholica
1026 3902 1267 3955 doctrina
1320 3901 1427 3968 peti
1490 3900 1680 3953 debeat
1725 3912 1789 3952 ex
1856 3898 1924 3951 iis
1984 3900 2250 3968 praecipue

717 3991 954 4057 scriptis,
976 4005 1095 4058 quae
1129 3988 1356 4058 publicis
1397 3989 1577 4042 usibus
1615 3988 1729 4056 ipse
1776 3987 2092 4053 destinavit;
2132 4004 2250 4057 quae

718 4081 945 4148 cogitate
1001 4090 1056 4133 et
1111 4089 1313 4133 attente
1383 4079 1814 4146 exaravit:qu:e
1870 4079 2095 4147 denique
2138 4079 2249 4148 jam

719 4184 900 4232 senex,
937 4180 993 4225 et
1014 4171 1168 4238 longo
1214 4185 1389 4223 rerum
1420 4185 1518 4222 usu
1563 4178 1617 4223 et
1658 4170 1979 4237 experientia
2032 4168 2253 4225 edoctus

720 4260 1033 4327 composuit.
1058 4259 1364 4327 Huiusmodi
1393 4269 1535 4323 sunt,
1559 4261 1792 4312 omnium
1814 4273 2098 4325 consensu,
2129 4260 2253 4314 libri

721 4341 857 4401 octo'
877 4357 1055 4401 contra
1087 4348 1292 4402 Celsum
1330 4347 1663 4416 Epicureum.
1691 4348 1895 4416 Quippe
1924 4348 1973 4400 in
1997 4348 2080 4402 his
2108 4363 2256 4403 com-

2343 3643 2615 3703 auimatis,
2650 3648 2794 3702 etc...
2841 3653 2964 3707 quas
3000 3651 3129 3690 vere
3161 3631 3389 3701 Origenis
3432 3616 3654 3678 luerezscd
3683 3613 3736 3663 ista

2345 3730 2620 3786 damnavit
2650 3737 2872 3783 tantum
2898 3737 2961 3781 ut
2993 3726 3125 3781 falsa
3165 3733 3216 3779 et
3247 3715 3555 3792 perabsurda,
3590 3722 3654 3762 non
3671 3714 3733 3795 uti:

2347 3834 2505 3887 quam
2554 3818 2861 3882 haeretica;
2913 3816 3021 3871 nisi
3072 3811 3352 3869 accesserit
3399 3804 3617 3876 prazlracta
3649 3792 3733 3883 animi

2347 3908 2665 3972 obstinatio,
2698 3917 2757 3963 et
2778 3908 3068 3962 catholicas
3093 3902 3357 3961 sententia:
3394 3900 3646 3955 contemptus
3666 3891 3734 3974 {id

2350 4009 2408 4053 ut
2435 3997 2504 4052 ab
2531 3998 2651 4065 ipso
2684 3997 2925 4066 Origene
2951 3996 3137 4066 procul
3176 3993 3353 4055 abluit,
3387 3990 3449 4042 ita
3481 3987 3521 4037 in
3550 3973 3740 4066 Origcuislti

2350 4063 2624 4157 plerisque
2647 4063 2881 4140 nimium
2911 4063 2972 4141 se
2997 4068 3247 4155 prodidit.
3279 4079 3376 4136 Sed
3416 4074 3582 4129 tandem
3617 4063 3659 4116 ad
3683 4069 3740 4112 κη

2351 4181 2522 4249 ipsam
2551 4179 2906 4233 accedamus.

2421 4267 2450 4337 ὃ
2485 4266 2576 4321 ιν.
2605 4268 2663 4321 ln
2688 4267 2845 4322 libris
2887 4276 3070 4320 contra
3095 4262 3295 4319 Celsum
3324 4256 3461 4312 toties
3483 4246 3743 4337 Orittettttstéte

2353 4334 2618 4420 divinam,
2667 4356 2774 4410 hoc
2798 4364 2908 4419 est,
2940 4356 3253 4412 iucreatam,
3298 4346 3539 4401 inﬁnitam,
3568 4334 3741 4390 insonti)”

725 4451 935 4491 munem
967 4439 1390 4493 Christianorum
1417 4440 1737 4500 doctrinam,
1777 4439 2026 4492 adversus
2057 4440 2255 4493 instru-

2191 4456 2255 4491 ‘II-
2284 4439 2328 4493 D
2358 4444 2707 4507 hensibilem,
2730 4443 3128 4499 immutabilem
3150 4438 3299 4497 Verbi
3323 4447 3372 4491 et
3394 4424 3589 4488 Filii.Dei
3607 4424 3740 4507 natura!

726 4525 1015 4580 ctissimum
1044 4528 1316 4596 religionis
1353 4538 1548 4582 nostra:
1584 4531 1787 4581 hostem
1818 4538 2103 4596 propugnat
2136 4547 2149 4582 :
2188 4530 2242 4582 lii

726 4628 937 4668 summo
972 4621 1205 4673 auctoris
1228 4621 1423 4682 studio,
1465 4620 1695 4673 maxima
1735 4620 2050 4685 eruditione,
2097 4620 2254 4687 idque

730 4704 798 4757 ab
822 4704 937 4771 ipso
966 4705 1073 4773 jam
1107 4711 1450 4777 sexagenario
1476 4709 1663 4777 majori
1694 4709 1791 4777 (ut
1809 4708 2002 4763 diserte
2030 4718 2256 4763 testatur

730 4792 988 4849 Eusebius
1018 4796 1153 4847 Hist.
1190 4798 1469 4851 ecrlesiast.
1517 4800 1610 4852 lib.
1650 4813 1721 4860 vt,
1762 4812 1878 4867 cap.
1912 4798 2024 4866 56)
2070 4799 2255 4853 elucu-

732 4882 871 4941 brati
901 4882 1067 4937 fuere.
1093 4882 1275 4952 Itaque
1304 4902 1368 4940 ex
1398 4890 1481 4941 his
1495 4890 1761 4957 praecipue
1778 4888 1927 4943 libris
1949 4889 2253 4943 testimonia

734 4990 851 5031 mea
875 4974 1161 5045 proferam,
1207 4975 1397 5041 quibus
1446 4978 1774 5032 Catholicum
1838 4979 1999 5032 fuisse
2049 4979 2100 5032 in
2157 4980 2257 5035 hoc

734 5065 955 5121 articulo
977 5063 1257 5132 Origenem
1286 5068 1557 5119 ostendam
1588 5087 1603 5121 :
1632 5068 1884 5137 subjectis
1901 5077 2102 5121 tantum
2128 5068 2257 5124 locis

734 5156 1068 5224 quibusdam,
1113 5165 1229 5219 quae
1270 5166 1335 5204 ex
1367 5152 1485 5207 aliis
1524 5156 1685 5222 ipsius
1737 5157 1953 5223 scriptis
2006 5156 2254 5212 catholici

735 5245 1000 5309 doctores,
1017 5241 1108 5313 qui
1129 5241 1372 5311 Origenis
1388 5245 1707 5310 temporibus
1726 5248 2074 5315 proximiores
2093 5248 2262 5315 fuere,

781 5422 917 5502 .(2_5.)_
946 5420 1084 5474 Nam
1113 5421 1219 5474 alia
1243 5420 1316 5502 ad
1342 5418 1534 5502 amicos
1554 5432 1753 5502 secreto
1776 5426 2006 5502 scripsit,
2051 5437 2158 5480 etc.
2190 5428 2269 5483 De

741 5488 826 5557 his
858 5488 1206 5557 Hieronymus
1243 5491 1293 5543 in
1334 5489 1551 5557 epistola
1576 5488 1663 5551 65,
1692 5492 1755 5542 ad
1783 5488 2181 5550 Pammachium
2217 5506 2273 5550 et.

739 5556 1315 5641 Cceattttttt,.i'estatur,
1371 5556 1669 5637 Origenettr
1718 5559 1766 5610 in
1831 5564 2048 5641 epistola
2110 5580 2269 5632 quam

745 5627 1040 5703 scripsitad
1061 5624 1371 5687 Fabianum,
1395 5624 1758 5703 pm’nitentiam
1797 5624 1989 5697 egisse,
2025 5624 2274 5687 cur-talia

748 5695 1033 5760 scripserit,
1080 5704 1132 5749 et
1178 5695 1762 5756 causamltetneritatis
1826 5695 1878 5752 in
1932 5701 2275 5757 Ambrosium

2353 4535 2619 4600 dedant.
2651 4543 2736 4599 ut,
2771 4536 2821 4590 si
2851 4538 3035 4589 omnia
3067 4535 3169 4587 huc
3193 4526 3465 4598 spectantia
3490 4517 3631 4571 vellera
3662 4504 3740 4595 adis

2351 4639 2499 4688 cere,
2532 4626 2656 4692 ejus
2695 4625 3072 4697 Syntagmatis
3111 4636 3231 4691 pars
3273 4631 3442 4687 ιηεεηδ
3471 4607 3575 4664 mihi
3605 4606 3741 4697 mw?

2356 4681 2531 4767 benda
2562 4681 2952 4785 l‘oretjltaq‘ue
2989 4730 3056 4769 ex
3082 4681 3146 4767 eo
3178 4723 3331 4781 opere
3355 4681 3469 4758 loca
3507 4681 3741 4785 tantumflf

2355 4804 2533 4857 ctiora
2572 4807 2825 4875 quedam
2864 4773 3240 4873 'prol'erennts.
3294 4798 3345 4851 ln
3388 4794 3505 4846 libro
3542 4804 3553 4839 I
3590 4783 3635 4875 δέ

2356 4909 2423 4946 ex
2454 4860 2686 4950 Oriente
2729 4896 2784 4950 in
2829 4860 3072 4949 Judaaam
3113 4886 3453 4945 venientibus.
3497 4875 3551 4930 ad
3590 4860 3741 4963 “send”?

2357 4982 2589 5051 Regem,
2618 5001 2786 5054 quem
2822 4985 2979 5040 stella
3016 4982 3227 5037 insolita
3278 4969 3518 5032 indicavit.
3546 4970 3677 5054 illa}?

2358 5044 2601 5139 loquitur
2632 5044 2785 5128 num.
2822 5075 2915 5135 60,
2939 5090 3064 5143 pag.
3083 5072 3185 5127 575
3217 5086 3232 5123 :
3263 5068 3495 5134 Φέροντες
3522 5044 3740 5143 Pana”?

2360 5133 2462 5229 (ἰδ’
2528 5162 2706 5224 οὕτως
2765 5133 3052 5232 (Bingium!)
3090 5133 3345 5224 equécqi
3376 5146 3468 5201 τινὶ
3515 5145 3567 5196 ὲκ
3599 5133 3677 5232 θξΰῦ

2360 5226 2658 5323 ἀνθρώπου
2712 5226 2911 5323 θνητόῦ
2956 5226 3337 5323 πρὸσήνεγκαν,
3370 5233 3572 5308 σύμϐολα
3604 5226 3674 5296 ξέν’
3710 5226 3739 5261 ti

2364 5429 2645 5492 τειυιίεεθο
2676 5431 2824 5496 Quod
2846 5442 3059 5487 secreto
3082 5429 3219 5484 edita
3242 5426 3292 5479 in
3325 5418 3555 5493 publicum
3568 5393 3739 5476 protuleri-

2366 5499 2639 5569 (ἱεοιιριιᾳε
2673 5500 2911 5555 Βυιιυε.
3044 5568 3049 5569 ί
3151 5563 3169 5569 _
3352 5560 3363 5569 ,
3456 5554 3491 5569 ,γ
3526 5546 3598 5569 ηε,
3634 5520 3739 5569 modo

2440 5544 2653 5641 tam
2673 5544 3102 5641 mamma.
3138 5563 3238 5641 εριι
3264 5544 3739 5641 ρρξῖιιεεετεεξξςενίεῑέῑ

2369 5622 2847 5707 Constantinopoli
2884 5622 3080 5707 habita.
3105 5622 3281 5707 quinta
3319 5629 3397 5681 illa
3425 5622 3634 5707 anterior;

2377 5676 3407 5773 vai€§ﬁ"'ﬁbvi§§"a'Ii'HJgiitiIiifpag.
3454 5687 3548 5744 tu.
3599 5676 3650 5728 In.
