3922 6446
266 397 409 451 ’53!)

1233 398 1330 441 sit
1377 391 1439 441 G.
1476 392 1677 441 eum
1714 389 1862 439 per.
1900 378 2076 437 FIDE!
2111 387 2432 439 NICIENE.

3272 377 3404 427 1290

258 498 480 589 βασιλεῖ’
499 486 584 580 τὸν
607 508 817 581 χρυσὸν,
844 508 917 571 ὡς
941 508 996 559 δὲ
1019 505 1381 576 τεθνηξομένῳ
1404 504 1499 572 τὴν
1522 501 1780 572 σμύρναν,

1885 515 2021 562 rum,
2042 501 2194 553 dictis
2228 500 2516 567 Scriptum
2557 497 2689 552 locis
2736 491 3095 558 abuientiunt;
3136 492 3405 562 quamque

252 599 339 661 ὡς
380 600 437 651 δὲ
476 599 592 669 Θεῷ
611 600 700 665 τὸν
720 597 1023 650 λιϐανωτόνο
1058 598 1091 650 i.
1122 610 1174 651 e.
1210 614 1223 649 :
1252 615 1274 646 ί
1304 595 1551 648 Fcrcntes
1573 595 1705 645 dona
1732 593 1781 645 ei

258 686 355 753 qui
390 690 796 754 componebatur
825 684 1012 754 (utsic
1041 685 1253 752 loquar)
1278 698 1343 737 ex
1374 684 1478 736 Deo
1499 692 1551 735 et
1574 681 1785 734 homine

259 778 504 837 mortali,
527 775 758 847 symbola
784 775 1112 837 obtulerunt;
1142 788 1324 826 aurum
1356 781 1604 839 tanquam
1652 771 1782 838 regi,

252 873 320 917 ut
348 865 605 918 morituro
638 866 929 932 myrrham,
954 871 1012 914 ut
1035 862 1139 916 Deo
1164 862 1304 914 thus.
1334 878 1362 911 ο
1393 858 1486 914 Ubi
1514 858 1566 912 in
1591 860 1782 913 Christi

248 966 491 1019 persona
536 951 771 1020 agnoscit
808 960 866 1004 et
904 948 1166 1002 hominem
1210 949 1483 1001 mortalem
1522 957 1576 1000 et
1626 947 1784 999 Deum

248 1041 660 1104 «immortalem,
708 1041 790 1094 cui
837 1041 1005 1093 honos
1060 1039 1268 1093 divinus
1314 1038 1495 1091 tburis'
1524 1036 1830 1089 oblatione

244 1130 392 1182 olim
419 1129 657 1183 exhiberi
709 1130 917 1190 solitus,
962 1127 1232 1181 debeatur.
1276 1125 1370 1179 Cui
1412 1123 1651 1194 geminus
1704 1134 1787 1176 est

256 1216 439 1282 locus,
474 1216 562 1283 qui
594 1217 645 1269 in
674 1215 859 1269 eodem
899 1214 1058 1277 libro,
1083 1212 1316 1281 pauculis
1338 1211 1627 1281 interiectis
1648 1213 1789 1279 pagi-

220 1303 369 1368 ‘riis,
402 1305 635 1359 occurrit
666 1322 679 1356 :
711 1302 798 1355 ubi
827 1301 980 1354 Celso
1004 1300 1289 1355 lndentein
1320 1300 1626 1368 sanguinem
1662 1298 1785 1353 Jesu

218 1392 544 1464 profusum
582 1393 635 1445 in
664 1405 845 1455 cruce,
883 1405 947 1443 ac
975 1391 1200 1451 dicente,
1259 1403 1406 1443 «non
1445 1388 1607 1442 fuisse
1644 1389 1785 1442 illum

243 1498 549 1548 cruorem,
609 1482 781 1549 qualis
845 1482 980 1538 divis
1041 1482 1176 1536 solet
1235 1496 1353 1535 esse
1413 1482 1660 1542 beatis”
1715 1482 1786 1533 ita

249 1572 818 1643 respondetOi-igencs
849 1586 992 1624 num.
1020 1571 1109 1635 66,
1136 1585 1253 1639 pag.
1285 1571 1409 1634 ⁸580,
1436 1570 1531 1625 581
1564 1587 1578 1623 :
1602 1570 1787 1640 Ἡμεῖς

244 1664 317 1717 δὲ
356 1660 504 1732 αὐτῷ
540 1661 870 1723 πιστεύοντες
921 1661 1117 1729 Ἰησοῦ,
1141 1663 1264 1731 περὶ
1303 1662 1398 1729 μὲν
1423 1661 1520 1730 τῆς
1550 1663 1607 1712 ὲν
1642 1658 1788 1728 αὐτῷ

247 1754 536 1822 θειότητος
560 1752 765 1820 λέγοντι
783 1767 796 1782 ·
826 1750 966 1819 Ἐγώ
984 1752 1096 1818 ειμι
1115 1750 1152 1817 ἠ
1174 1749 1328 1815 ὁδὸς,
1358 1750 1453 1803 καὶ
1467 1751 1504 1816 vi
1524 1749 1783 1815 ἀλήθεια,

1883 587 2152 641 sementim
2175 587 2587 647 Catholicorum,
2628 601 2691 639 ex
2733 599 2894 653 opere
2941 582 3222 637 creationis
3269 583 3406 635 divi.

1883 677 2099 727 nitatem
2156 672 2271 726 Filii
2331 675 2718 733 asserentium,
2773 673 2839 727 ad
2891 672 3143 728 amussim
3209 686 3402 726 conve.

1876 765 2011 824 niat,
2036 763 2223 816 oculati
2249 774 2431 816 omnes
2458 763 2657 817 vident.
2712 761 2908 817 Ibidem
2946 763 3100 816 docet
3144 760 3402 830 Origenes

1848 876 1861 893 ι
1881 855 1975 908 Dei
2001 853 2156 907 Verbi
2190 853 2516 906 divinitatem
2537 868 2629 920 per
2650 853 3067 908 incarnationem
3093 853 3398 920 neutiquam

1884 943 2046 997 fuisse
2092 945 2163 995 ita
2225 942 2696 1010 circumscriptam,
2729 952 2786 996 ut
2827 957 3084 1012 nusquam
3120 942 3203 996 illa
3261 951 3402 995 esset

1883 1040 2030 1085 extra
2059 1029 2182 1083 Jesu
2222 1045 2412 1097 corpus
2459 1041 2511 1083 et
2545 1033 2807 1097 animam;
2837 1037 2928 1087 sed
2974 1048 3096 1087 esse
3138 1032 3401 1101 fuisseque

1884 1133 2092 1187 semper
2127 1120 2392 1187 φθάνοντα
2445 1120 2738 1189 πανταχοῦ,
2772 1122 2955 1190 ubique
3004 1132 3320 1190 prwsentem.
3345 1121 3404 1175 Id

1885 1225 2008 1264 vero
2039 1224 2105 1263 ne
2134 1214 2251 1277 quis
2282 1211 2331 1262 in
2374 1209 2733 1264 Cerintliianae
2788 1211 3001 1267 haeresis
3054 1214 3401 1281 patrocinium

1886 1302 2138 1362 traheret,
2170 1314 2288 1352 mox
2318 1300 2606 1367 subiungit,
2635 1312 2756 1369 pag.
2782 1300 2918 1354 39$:
2944 1302 3399 1372 Ταῦταδέφαμενι

1882 1389 1943 1440 οὐ
1973 1386 2285 1457 χωρίζοντες
2310 1387 2399 1440 τὸν
2424 1388 2549 1440 Υἱδν
2581 1388 2670 1441 τοῦ
2709 1388 2841 1441 Θεοῦ
2901 1389 3006 1443 ἀπὸ
3052 1390 3145 1442 τοῦ
3210 1376 3399 1461 Ἰησοῦ⁴

1882 1475 1939 1528 ἓν
1965 1476 2070 1546 γὰρ
2090 1476 2315 1546 μάλιστα
2347 1476 2480 1545 μετὰ
2506 1477 2603 1546 τὴν
2629 1478 2931 1547 οἰκονομίαν
2960 1478 3237 1549 γεγένηται
3272 1480 3403 1549 πρὸς

1866 1566 1970 1619 κτὸν
2012 1565 2177 1633 Λόγον
2210 1565 2301 1617 τοῦ
2337 1564 2467 1618 Θεοῦ
2490 1567 2523 1635 ἡ
2545 1564 2686 1636 ψυχὴ
2709 1566 2799 1619 καὶ
2821 1566 2882 1619 τὸ
2907 1566 3061 1636 σῶμα
3083 1566 3174 1619 τοῦ
3215 1568 3402 1638 Ἰησοῦι

1885 1652 1939 1742 id
1959 1663 2060 1717 est,
2093 1670 2111 1704 ι
2148 1652 2270 1707 Haec
2303 1663 2478 1706 autem
2523 1668 2628 1705 non
2683 1668 2747 1708 eo
2798 1669 2826 1706 a
2868 1654 3020 1708 nobis
3068 1655 3207 1708 dictat
3259 1667 3403 1715 sunt,

1884 1741 2020 1809 quod
2051 1755 2355 1810 separemus
2385 1758 2415 1795 a
2453 1741 2577 1796 Jesu
2618 1741 2805 1795 Filium
2831 1742 2962 1807 Dei;
3006 1759 3211 1799 summe
3264 1745 3405 1798 enim

247 1841 363 1895 καὶ
398 1816 589 1909 trifolii,
629 1816 720 1893 καὶ
745 1839 797 1892 εἴ
827 1816 1109 1902 τιντοῦτοις
1145 1816 1535 1910 ίπαραπλήσιον.
1566 1839 1697 1910 Περὶ
1732 1838 1787 1892 δὲ

1889 1830 2033 1882 unita
2063 1829 2211 1886 fuere
2237 1840 2356 1899 post
2384 1830 2826 1898 dispensationem
2845 1834 3019 1885 anima
3040 1831 3164 1887 Iesu
3188 1850 3410 1903 corpus-

244 1931 380 1995 τοῦ,
407 1932 488 1985 ὃτι
519 1933 575 1983 ὲν
607 1930 921 2001 ἀνθρωπίνῳ
944 1927 1147 1998 σώματι
1193 1923 1259 1998 ἦν
1294 1927 1459 1980 ταῦτα
1500 1927 1784 1995 φασκόντιι

252 2020 320 2074 Ν
320 2021 402 2074 ὗν
420 2019 487 2072 δὲ
504 2017 715 2085 ζητεῖτέ
725 2035 799 2087 με
821 2017 1154 2090 ἀποκζεῖναι
1167 2018 1485 2085 ἄνθρωπον,
1497 2016 1664 2083 ὅστις
1677 2018 1789 2086 τὴν

244 2110 553 2176 ἀλήθειαν
564 2109 705 2179 ὑμῖν
726 2108 1050 2176 λελάληκα·
1065 2107 1308 2160 σύνθετὸν
1334 2124 1386 2160 τι
1407 2106 1590 2177 χρῆμά
1614 2124 1788 2178 φαμεν

245 2202 426 2256 αὑτὸν
445 2201 735 2270 γεγονέναι·
760 2202 797 2254 i.
818 2216 893 2265 e.,
913 2219 932 2252 ι
955 2199 1059 2254 Nos
1081 2214 1206 2253 vero
1232 2200 1329 2267 ipsi
1351 2197 1471 2253 Jesn
1486 2199 1786 2263 credentes,

253 2295 332 2347 de
365 2292 640 2346 divinitate
674 2290 883 2359 quidem
914 2305 1031 2357 qua:
1070 2286 1120 2341 in
1156 2304 1224 2342 eo
1264 2298 1381 2341 erat
1409 2289 1603 2342 dicenti
1633 2307 1647 2342 :
1679 2286 1787 2358 Ego

236 2398 376 2436 sum
408 2382 714 2444 ria,oeritus
735 2389 783 2433 et
808 2380 909 2432 vita
929 2380 995 2441 “,
1039 2384 1092 2430 et
1129 2379 1171 2431 si
1202 2379 1327 2444 quid
1347 2387 1430 2431 est
1460 2378 1542 2430 his
1578 2379 1786 2431 simile:

242 2470 323 2523 de
356 2481 583 2535 corpore
612 2481 736 2521 vero
772 2471 819 2519 in
862 2480 967 2535 quo
995 2476 1109 2520 erat
1140 2467 1371 2519 humano
1400 2467 1476 2520 sic
1510 2466 1745 2534 loquenti
1772 2486 1787 2522 :

248 2556 423 2610 Nunc
453 2570 532 2608 tite
551 2556 778 2622 quierim
815 2553 1097 2621 interﬁcere
1119 2552 1392 2616 hominem,
1415 2554 1502 2623 qui
1528 2557 1789 2609 ueritatem

242 2646 403 2702 vobis
459 2643 656 2697 locutus
699 2659 812 2696 sum
840 2644 925 2696 δτι
958 2646 1129 2696 aimus
1167 2658 1285 2697 eum
1338 2644 1500 2699 fuisse
1539 2646 1787 2714 quiddam

243 2734 674 2803 compositum»
713 2732 831 2786 Mox
878 2733 1001 2785 dicit
1021 2749 1071 2797 ι).
1107 2733 1199 2786 58i
1232 2734 1502 2787 Christum
1533 2734 1783 2788 habuisse

240 2822 529 2892 θειότερόν
554 2839 605 2874 τι
635 2823 696 2875 ἐν
730 2821 804 2891 τῷ
841 2821 1145 2891 βλεπομένῳ
1176 2820 1456 2892 ἀνθρώπῳ,
1497 2823 1631 2893 ὅπερ
1668 2819 1734 2893 ἦν
1762 2825 1790 2875 ὁ

249 2910 486 2979 κυρίως
515 2909 642 2972 Υἱὸς
688 2909 838 2973 Θεοῦ,
871 2909 999 2971 Θεὸς
1033 2908 1219 2976 Λόγος,
1252 2908 1390 2962 Θεοῦ
1414 2909 1655 2980 δύναμις,
1699 2913 1791 2965 καὶ

247 2996 402 3051 Θεοῦ
421 2996 593 3063 σοφίαι
614 2994 649 3047 i.
667 3010 738 3056 e.,
761 2994 1049 3060 «Quiddam
1072 2996 1296 3049 divinius
1311 2997 1407 3049 sub
1434 2996 1661 3049 humana
1680 3011 1791 3064 spe-

247 3087 350 3144 cie
374 3124 389 3149 ,
435 3084 571 3151 quod
611 3093 725 3136 erat
759 3082 960 3150 proprie
1017 3081 1107 3134 Dei
1145 3082 1340 3143 Filius.
1375 3084 1509 3137 Deus
1540 3083 1785 3149 Verbum,

244 3178 440 3231 virtus
478 3173 837 3241 sapientiaque
876 3172 987 3229 Dei.
1026 3190 1046 3221 ι
1096 3170 1159 3224 Ει
1200 3183 1320 3240 post
1371 3172 1784 3240 aiiquammulta,

242 3265 532 3320 Christum
559 3262 786 3330 appellat
813 3277 957 3314 num.
980 3260 1065 3323 68,
1099 3277 1153 3328 p.
1184 3262 1305 3323 585,
1333 3262 1458 3314 Θεὸν
1492 3264 1548 3313 ὲν
1579 3262 1786 3334 ἀνθρω-

242 3352 404 3420 πίνῳ
455 3350 682 3418 φανέντα
738 3348 944 3419 σώματι
1004 3351 1087 3401 ἐπ’
1128 3350 1408 3420 εὐεργεσίᾳ
1471 3350 1561 3402 τοῦ
1606 3351 1787 3417 γένους

240 3439 439 3512 ἡμῶν.
464 3458 483 3490 t
506 3440 666 3492 Deum
698 3448 1035 3506 apparentem
1063 3439 1115 3491 in
1137 3440 1366 3493 humano
1383 3455 1636 3509 corpore,
1654 3451 1707 3494 ut
1734 3444 1785 3495 in

241 3535 507 3586 nostrum
528 3544 693 3597 genus
723 3540 1001 3583 exerceret
1025 3530 1445 3583 beneﬁcentiam.
1483 3548 1503 3579 ι

329 3616 361 3687 §
390 3616 454 3669 V.
477 3615 533 3669 In
561 3617 695 3670 libro
715 3617 946 3671 secundo
973 3619 1144 3671 citatis
1173 3616 1360 3671 Cenes.
1383 3633 1417 3679 ι,
1447 3616 1516 3671 26
1550 3635 1563 3671 :
1595 3616 1787 3673 Facia-

237 3721 379 3762 mus
433 3703 682 3755 hominem
736 3705 805 3756 ad
851 3705 1125 3773 imaginem
1169 3719 1215 3757 et
1266 3706 1647 3759 similitudinem
1693 3725 1786 3761 no-

235 3804 467 3854 stram;
514 3798 565 3843 ct
609 3791 776 3843 locum
826 3790 1036 3845 Davidis
1075 3793 1261 3860 psalm.
1301 3808 1519 3855 chviti,
1573 3795 1789 3861 5:1pse

1867 1934 1990 1989 .que
2004 1934 2122 1974 cum
2141 1919 2317 1975 Verbo
2336 1919 2450 1975 Dei.
2484 1940 2503 1971 ι
2525 1922 2717 1990 Ecquis
2749 1936 2876 1978 vero
2898 1934 3180 1992 utramque
3204 1925 3406 1980 Christi

1887 2015 2148 2071 naturam,
2176 2017 2232 2062 et
2278 2008 2558 2076 utriusque
2588 2018 2788 2065 natum
2821 2012 3067 2064 unionem
3112 2013 3406 2081 hypostati-

1885 2111 2001 2155 cam
2047 2097 2216 2163 magis
2262 2097 2533 2153 Catholice
2575 2098 2840 2166 explicare
2883 2101 3082 2167 potuit,
3137 2114 3294 2168 quam
3340 2102 3409 2156 ab

1884 2185 2115 2255 Origene
2162 2187 2306 2241 hisce
2332 2187 2383 2239 in
2412 2186 2542 2242 locis
2564 2188 2759 2241 factum
2779 2188 2899 2242 est?
2923 2188 3042 2242 Mox
3065 2190 3255 2244 ibidem
3285 2207 3407 2244 cor—

1884 2286 1984 2340 pus
2011 2271 2210 2326 Christi
2252 2273 2381 2326 dicit
2430 2289 2574 2326 num.
2610 2272 2696 2338 10,
2748 2273 2839 2327 τὸν
2866 2275 3075 2345 ἀληθῶς
3124 2277 3250 2331 ναὸν
3271 2277 3405 2331 Θεοῦ

1883 2359 1976 2413 τοῦ
2018 2360 2211 2428 Λόγου,
2240 2361 2332 2414 καὶ
2376 2362 2471 2433 τῆς
2517 2363 2725 2432 σοφίας,
2755 2365 2849 2418 καὶ
2880 2366 2996 2436 τῆς
3044 2366 3324 2437 ἀληθείας,
3355 2368 3408 2423 id

1886 2455 2002 2511 est,
2061 2467 2081 2500 ι
2120 2448 2314 2503 Verum
2344 2451 2595 2518 templum
2626 2453 2716 2507 Dei
2747 2452 2927 2520 Verbi,
2958 2456 3199 2513 veritatis
3235 2468 3291 2514 et
3322 2474 3407 2514 sa-

1870 2537 2129 2603 ,pientiae;
2174 2556 2196 2589 ι
2229 2539 2370 2607 quod
2393 2538 2583 2604 Judaii,
2623 2540 2885 2609 lapideum
2904 2545 2996 2600 Dei
3021 2548 3268 2617 templum
3291 2549 3407 2618 plus

1862 2628 2018 2682 {satis
2042 2639 2373 2693 venerantes,
2409 2640 2860 2700 contempserunt.

1957 2716 1986 2788 ς
2020 2718 2103 2774 Vl.
2129 2718 2183 2772 in
2213 2719 2348 2774 libro
2371 2723 2527 2777 tertio
2559 2724 2828 2793 objicienti
2875 2727 3191 2785 Christianis
3230 2728 3409 2801 Celso,

1866 2822 2033 2862 .nuin.
2062 2808 2152 2874 Η,
2172 2825 2227 2877 p.
2272 2811 2396 2875 ΗΞ,
2427 2811 2552 2877 474,
2584 2830 2605 2866 t
2644 2818 2792 2883 quod
2825 2814 3005 2872 Iesum
3041 2821 3249 2874 mortali
3286 2823 3408 2877 eoi--

1885 2910 2013 2964 pore
2046 2906 2376 2955 constantem
2402 2904 2620 2957 credant
2644 2919 2762 2960 esse
2813 2907 2997 2972 Deum,
3022 2909 3179 2979 idque
3203 2914 3286 2979 pie
3308 2912 3407 2969 sibi

1886 2985 2168 3040 videantur
2198 2986 2405 3054 facere;
2442 3008 2461 3041 ι
2494 2992 2564 3044 ita
2590 2995 2869 3060 respondet
2891 2994 3149 3065 Origenes
3183 3017 3197 3053 :
3225 3000 3408 3054 Ἲστωο

1889 3088 1984 3125 σαν
2028 3073 2079 3126 oi
2122 3075 2498 3142 ἐγκαλοῦντες,
2536 3078 2618 3131 ὅτι
2653 3078 2712 3133 ὃν
2749 3082 2847 3150 μὲν
2884 3084 3166 3154 νομίζομεν
3195 3087 3287 3139 καὶ
3315 3102 3408 3140 πε-

1887 3160 2149 3230 πείσμεθα
2169 3164 2399 3234 ἀρχῆθεν
2424 3161 2558 3220 εἶναι
2594 3168 2722 3221 Θεὸν
2754 3172 2846 3223 καὶ
2872 3170 2995 3224 Υίὸν
3019 3172 3173 3237 Θεοῦ,
3203 3169 3354 3239 οὗτος
3379 3178 3408 3228 οἱ

1867 3251 2163 3319 ταὺτολὸγος
2190 3255 2303 3308 ἐστὶ
2338 3257 2429 3309 καὶ
2454 3258 2487 3326 η
2522 3258 2811 3326 αὐτοσοφία
2846 3259 2938 3311 καὶ
2977 3261 3011 3331 ἠ
3038 3263 3408 3334 αὑτοαληθεια·

1882 3342 1943 3394 τὸ
1973 3342 2032 3394 δὲ
2053 3342 2239 3413 θνητὸν
2273 3344 2432 3397 αὐτοῦ
2480 3345 2654 3415 σῶμα,
2694 3348 2787 3399 καὶ
2833 3347 2930 3417 τὴν
2978 3349 3315 3422 ἀνθρωπίνην
3353 3356 3410 3408 ὲν

1883 3432 2028 3502 αὐτῷ
2074 3432 2265 3503 ψυχὴν,
2323 3438 2386 3505 τῇ
2420 3421 2552 3506 πρὸς
2605 3439 2803 3490 ἐκεῖνον
2854 3440 2913 3490 οὐ
2965 3439 3120 3509 μόνον
3168 3421 3408 3513 κοινωνίᾳ

1883 3524 2018 3578 ἀλλὰ
2047 3525 2140 3577 καὶ
2166 3524 2349 3578 ἑνώσει
2376 3526 2470 3578 καὶ
2510 3527 2819 3597 ἀνακράσει,
2869 3528 2937 3581 τὰ
2984 3530 3410 3602 μέγιστάοφαμεν

1864 3615 2313 3686 προσειληφέναι,
2343 3618 2547 3687 καὶτῆς
2577 3618 2782 3671 ἐκείνου
2807 3618 3073 3690 θειότητος
3098 3634 3411 3692 κεκοινωνη-

1885 3706 2018 3759 κότα
2053 3708 2132 3769 εἰς
2172 3707 2301 3760 Θεὸν
2355 3708 2795 3778 μεταϐεϐηκέναι,
2820 3708 2869 3762 id
2892 3720 2994 3774 est,
3035 3727 3057 3762 e
3093 3712 3275 3765 Sciant
3325 3714 3409 3765 isti

1885 3796 2252 3848 eriminatores
2290 3796 2427 3850 hunc
2469 3796 2647 3851 desum
2675 3836 2691 3861 ,
2734 3814 2888 3866 quem
2934 3799 3001 3852 ab
3044 3799 3192 3853 initio
3246 3800 3408 3853 Deum

231 3882 422 3945 dixit,
462 3889 510 3933 et
553 3880 693 3948 facta
731 3891 868 3944 sunt,
903 3884 1010 3948 ipse
1050 3882 1302 3934 mandavit
1345 3892 1391 3934 et
1423 3894 1597 3936 creata
1629 3897 1787 3948 sum;

235 3973 352 4030 Dei
383 3972 547 4024 fuisse
573 3970 758 4023 Filium
782 3984 844 4024 ac
874 3970 1213 4036 Sermonem,
1249 3974 1332 4025 cui
1366 3974 1436 4026 ita
1470 3975 1673 4028 locutus
1710 3987 1791 4029 est

230 4080 316 4118 ac
347 4061 601 4130 pmcepit
625 4060 760 4113 Deus
784 4058 963 4123 Pater,
988 4062 1087 4115 hac
1104 4066 1309 4115 ratione
1336 4063 1538 4131 colligit
1567 4078 1707 4115 num.
1734 4065 1785 4123 9.

234 4166 382 4226 pag.
431 4149 568 4202 593:
596 4150 657 4202 Ei
684 4149 789 4218 γὰρ
813 4149 1151 4202 ἐνετείλατοό
1171 4151 1318 4214 Θεὸς,
1356 4153 1446 4203 καὶ
1480 4151 1694 4221 ἐκτίσθη
1725 4152 1787 4205 τὰ

1889 4150 2046 4206 Verbi
2078 4169 2180 4207 non
2218 4154 2384 4206 solum
2410 4155 2908 4218 communicatione,
2945 4155 3039 4207 sed
3070 4156 3227 4208 etiam
3258 4154 3410 4208 unio-

224 4245 735 4318 δημιουργὴματα·
763 4245 845 4305 τὶς
867 4242 951 4305 ἂν,
979 4244 1111 4296 κατὰ
1141 4245 1201 4296 τὸ
1222 4245 1448 4313 ἀρέσκον
1477 4243 1552 4313 τῷ
1579 4261 1787 4315 προφη-

1887 4257 1955 4298 ne
1986 4252 2041 4296 et
2067 4244 2427 4312 permistione,
2459 4244 2690 4297 maxime
2718 4256 2941 4312 queque
2968 4243 3192 4299 dit-imus
3254 4254 3410 4298 acce-

229 4334 399 4403 τικῷ
418 4332 705 4401 Πνεύματι,
732 4332 813 4401 εἴη
830 4334 858 4383 ὁ
870 4333 965 4401 τὴν
980 4333 1299 4401 τηλικαύτην
1319 4333 1408 4385 τοῦ
1430 4333 1634 4404 Πατρὸς
1648 4336 1787 4388 ἐντο-

1886 4330 2046 4399 pisse,
2071 4342 2124 4386 et
2152 4331 2478 4386 divinitatem
2516 4332 2683 4401 ipsius
2713 4334 3105 4402 participantia,
3154 4335 3205 4388 in
3245 4333 3407 4389 Deum

226 4429 352 4496 λὴν
375 4421 721 4490 ἐκπληρῶσαι
747 4421 1005 4489 δυνηθεὶς,
1042 4422 1074 4491 ἢ
1121 4423 1150 4473 ὁ
1188 4421 1273 4489 (ἶν’
1304 4421 1470 4484 οὕτως
1508 4422 1786 4494 ὀνομάσω)

1885 4422 2134 4475 evasisse.
2157 4440 2177 4472 ι
2235 4421 2395 4489 Cujus
2450 4422 2806 4489 responsionis
2844 4423 2909 4489 (si
2948 4423 3074 4490 quid
3104 4422 3276 4493 video)
3324 4422 3411 4476 hic

230 4513 501 4586 ἐμψυχος
547 4508 697 4575 λόγος
742 4510 835 4561 καὶ
873 4508 1093 4577 ἀλήθεια
1110 4510 1403 4579 τυγχάνων,
1441 4512 1491 4565 id
1537 4522 1637 4575 est,
1665 4530 1686 4562 α
1727 4512 1783 4566 Si

1889 4526 2077 4566 sensus
2120 4511 2429 4566 manifestus
2461 4521 2544 4565 est
2587 4525 2603 4562 :
2648 4512 2729 4563 An
2761 4510 2892 4564 illud
2917 4522 3014 4564 vos
3042 4510 3342 4571 conturbat.
3377 4522 3410 4564 ο

224 4604 406 4662 enim
461 4599 726 4652 mandavit
758 4597 925 4658 Deus,
968 4608 1023 4651 et
1063 4602 1290 4654 conditae
1326 4609 1447 4654 sunt
1493 4612 1782 4665 creaturae;
1870 4602 2207 4670 philosophi,
2237 4604 2377 4670 quod
2438 4616 2533 4655 nos
2582 4600 2866 4654 Christiani
2914 4600 3177 4653 Christum
3218 4601 3409 4653 Serva-

226 4692 381 4766 quis
401 4688 551 4757 juxta
573 4688 1190 4755 sententiamproplietici
1218 4688 1446 4756 Spiritus
1465 4701 1644 4758 posset
1671 4706 1789 4745 esse
1893 4702 2058 4746 torem
2089 4703 2346 4756 nostrum,
2376 4691 2583 4745 mortali
2608 4704 2829 4757 corpore
2861 4700 3217 4753 constantem,
3246 4690 3407 4755 Deum

228 4780 391 4840 tanti
439 4778 644 4845 paterni
693 4776 921 4828 mandati
958 4788 1258 4840 exsecutor,
1294 4794 1449 4846 quam
1502 4780 1606 4843 ille,
1635 4782 1788 4834 utsic
1892 4780 2151 4834 dicimus?
2199 4781 2337 4840 lino,
2387 4779 2664 4847 ringamini
2704 4779 2847 4844 licet,
2896 4780 3041 4834 illum
3094 4779 3253 4833 Deum
3291 4790 3409 4830 ceae

226 4877 469 4937 loquar,
496 4866 757 4919 animatus
775 4865 889 4930 ejus
909 4876 1086 4916 sermo
1117 4875 1172 4917 et
1197 4867 1431 4920 veritas?
1462 4885 1482 4918 ι
1516 4868 1712 4932 Quibus
1732 4871 1785 4923 in

229 4958 444 5014 verbis
480 4956 667 5008 Filium
696 4954 785 5006 Dei
811 4970 840 5004 a
880 4952 1034 5005 rebus
1067 4957 1259 5007 creatis
1290 4957 1533 5010 Omnibus
1568 4959 1791 5024 apertis-

226 5052 399 5107 sime
425 5042 728 5111 distinguit;
758 5042 883 5109 quin
917 5050 970 5094 et
987 5040 1129 5095 clare
1150 5042 1304 5096 docet
1323 5058 1455 5111 opus
1471 5046 1753 5098 creationis
1771 5085 1785 5109 ,

226 5139 329 5197 illi
382 5133 475 5185 Dei
514 5128 646 5187 Filio
681 5148 710 5184 a
751 5131 909 5185 Patre
961 5145 1056 5184 suo
1110 5134 1519 5193 demandatum,
1585 5143 1786 5187 tantum

226 5230 480 5285 inisse,
534 5234 710 5291 utpote
768 5223 958 5277 divina
1015 5221 1410 5289 omnipotentiae
1475 5223 1783 5288 proprium,

226 5332 310 5376 iis
383 5312 564 5383 perﬁci
629 5314 928 5382 neutiquam
982 5313 1212 5379 potuerit
1263 5312 1361 5364 nisi
1415 5312 1481 5365 ab
1536 5325 1631 5371 eo,
1696 5314 1785 5379 qui

178 5432 183 5435 τ
224 5412 324 5468 ,ῆι
360 5405 473 5471 ipse
515 5402 604 5455 Dei
643 5402 815 5457 Patris
860 5417 1031 5457 sermo
1076 5417 1140 5454 ac
1183 5402 1398 5454 veritas.
1452 5399 1578 5464 Quae
1627 5403 1787 5457 ratis-

184 5518 189 5525 ν
223 5494 466 5557 θὶωυιίο
515 5494 893 5561 (ιοοιηηρτοοιιι
934 5492 1088 5545 distet
1126 5507 1165 5542 .a
1193 5500 1395 5542 incute
1432 5490 1787 5544 Ariomanita-

1864 3881 2083 3951 Deique
2108 3883 2296 3936 Filium
2324 3899 2442 3938 esse
2488 3886 2783 3949 credimus,
2812 3889 2980 3953 ipsum
3009 3898 3128 3940 esse
3155 3887 3406 3950 Verbum,

1887 3973 2052 4040 ipsam
2084 3976 2378 4036 veritatem,
2415 3975 2579 4040 ipsam
2608 3975 2959 4042 sapientiam:
2990 3985 3234 4028 caeterum
3268 3990 3409 4029 mor-

1888 4063 1992 4115 tale
2026 4062 2140 4129 ejus
2167 4077 2361 4130 corpus
2400 4073 2455 4119 et
2490 4064 2775 4116 humanam
2820 4065 2871 4117 in
2903 4078 2970 4118 eo
3006 4065 3236 4117 animant
3270 4062 3410 4118 illius

1893 4867 2212 4923 aliirniamus
2269 4869 2632 4934 ipsissimum;
2679 4880 2865 4937 nempe
2917 4870 3084 4937 ipsam
3129 4868 3404 4926 rationem,

1885 4958 2052 5027 ipsam
2085 4963 2382 5020 veritatem,
2416 4960 2581 5026 ipsam
2610 4958 2923 5025 sapientiam
2947 4977 2962 5009 :
2985 4959 3108 5024 quin
3130 4964 3183 5007 et
3208 4953 3261 5003 in
3293 4962 3408 5003 tan-

1888 5057 1994 5100 tum
2026 5047 2211 5111 Deum,
2244 5059 2301 5101 ut
2326 5064 2433 5102 non
2458 5060 2736 5102 vereamur
2759 5048 2957 5109 dicere,
2985 5046 3098 5113 eius
3125 5042 3282 5093 etiam
3315 5041 3408 5091 Ιιυδ

1872 5149 2093 5193 manant
2132 5147 2393 5199 naturam,
2428 5146 2522 5205 per
2569 5137 2816 5189 unionem
2871 5148 2991 5188 cum
3033 5129 3229 5189 divina.
3275 5142 3408 5195 quo-

1885 5224 2165 5278 dammodo
2198 5224 2493 5279 deilicatam
2521 5238 2659 5280 esse.
2706 5222 2940 5277 Notauda
2965 5219 3049 5271 hic
3086 5226 3167 5269 est
3211 5214 3408 5269 locutio

1883 5312 2099 5366 omnino
2156 5312 2455 5378 Platonica,
2516 5313 2811 5378 αὐτολόγος,
2860 5302 3226 5373 αὐτοαλὴθιια.
3276 5302 3407 5357 Nam

1870 5402 2034 5457 \Plato
2050 5402 2374 5472 αὐτοαγαθόν
2402 5406 2555 5467 dixit,
2578 5403 2717 5471 quod
2740 5408 2819 5450 est
2848 5408 2974 5447 vere
3003 5408 3066 5446 ac
3092 5408 3184 5459 per
3228 5406 3284 5444 se
3314 5393 3410 5481 bo.

1890 5507 2048 5551 num:
2080 5495 2203 5548 illud
2233 5496 2503 5563 epitheton
2526 5490 2812 5544 attribuens
2834 5482 2934 5535 soli
2958 5494 3085 5536 vero
3112 5496 3173 5534 ac
3202 5495 3409 5533 summo

326 5668 379 5698 ³⁵
400 5665 552 5717 Joitt.
588 5679 693 5724 xiv,
716 5665 764 5717 6.
841 5667 880 5694 ³⁷
905 5663 1059 5723 Junii.
1086 5680 1202 5725 vm,
1232 5663 1318 5715 40.

610 5757 871 5816 Parnm.
917 5760 1027 5816 Ca.
1076 5756 1265 5817 XVII.
1528 5788 1531 5792 ·

2164 5738 2167 5741 ’
2992 5745 3059 5803 ιιι
