3922 6474
373 429 500 485 129i

374 637 651 703 Origenes,
681 641 928 698 tanquam
959 643 1022 679 ex
1057 624 1359 679 Christiana
1422 615 1744 670 Platonicam
1791 612 1910 678 phi-

381 701 680 792 losophiam
724 719 1013 786 corrigens,
1044 715 1203 767 ctiant
1236 712 1324 764 τὸν
1354 710 1521 776 Λόγον
1562 707 1674 759 sive
1721 701 1912 755 Filium

379 814 469 867 Dei
497 808 834 877 αὑτοσοφίαν,
865 803 1264 873 αὐτοαλήθειαν,
1295 816 1357 853 ac
1401 796 1621 868 proinde
1648 794 1915 857 αὐτοαγαθ-

382 904 469 956 Οόν
488 903 606 970 jure
641 901 826 955 merito
852 895 952 951 dici
980 909 1132 963 posse
1163 890 1488 961 pronuntiat.
1517 885 1778 940 Caeterum
1811 895 1918 932 non

385 1003 489 1058 est,
522 992 660 1062 quod
688 991 883 1043 fratres
915 985 1080 1041 nostri
1102 980 1414 1041 Lutherani,
1439 978 1527 1046 qui
1563 973 1742 1029 nescio
1763 984 1920 1039 quam

386 1089 630 1141 humana:
653 1083 705 1136 in
737 1079 953 1134 Christo
989 1085 1194 1130 naturae.
1224 1071 1574 1140 ubiquitatem
1607 1062 1920 1126 defendunt,

387 1191 453 1230 ex
479 1174 560 1228 his
582 1171 823 1238 Origenis
853 1166 1027 1221 verbis
1058 1165 1343 1233 quidquam
1386 1173 1558 1212 causai
1601 1170 1712 1209 sua:
1766 1166 1923 1205 acce-

385 1265 513 1319 dere
537 1260 881 1314 arbitrentur.
909 1257 1042 1309 Nam
1065 1254 1118 1308 in
1150 1253 1288 1312 loco,
1343 1263 1500 1318 quem
1542 1261 1610 1300 ex
1654 1245 1792 1298 libro
1836 1255 1923 1295 se-

388 1353 564 1406 cundo
599 1350 752 1420 modo
778 1345 1114 1409 adduximus,
1137 1349 1320 1408 aperte
1361 1340 1513 1391 docet
1552 1333 1811 1403 Origenes
1834 1330 1925 1383 τὸν

385 1443 541 1509 λόγον
583 1439 657 1493 ita
704 1453 826 1492 cum
861 1438 1096 1488 humana
1127 1429 1326 1486 Christi
1350 1437 1540 1481 natura
1579 1424 1927 1493 conjunctum

380 1548 529 1594 esse,
562 1539 618 1584 ut
645 1529 805 1584 etiam
831 1539 982 1578 cura
1015 1523 1138 1578 Jesu
1165 1522 1396 1573 animam
1438 1527 1733 1585 corpusque
1787 1511 1930 1568 exsi-

390 1631 532 1686 stat;
563 1635 626 1673 ac
645 1617 705 1670 τὸ
735 1617 918 1684 ubique
937 1629 1044 1667 me
1078 1614 1128 1665 in
1153 1610 1317 1666 sol-am
1345 1607 1674 1662 divinitatem
1714 1616 1929 1671 compe-

386 1724 529 1767 tere.
554 1708 690 1774 Quin
745 1715 799 1758 et
840 1706 890 1758 itt
921 1704 1020 1758 hoc
1058 1702 1171 1770 ipso
1215 1701 1332 1753 loco
1377 1712 1498 1751 mox
1521 1704 1638 1765 post
1664 1693 1824 1748 verba
1853 1690 1931 1744 al-

385 1803 524 1866 iata,
547 1798 685 1866 quod
714 1797 778 1848 de
814 1791 1158 1860 permistione
1200 1788 1446 1841 humanae
1486 1785 1538 1837 in
1586 1781 1801 1836 Christo
1835 1794 1930 1833 na-

1749 400 2160 460 EXCERPTUM

377 552 504 609 Deo,
548 561 577 598 va
627 559 734 612 quo
768 541 852 595 ille
883 539 973 592 τὸν
999 538 1166 603 Λόγον
1201 532 1410 600 longius
1441 527 1708 598 sperabat.
1758 523 1912 588 Atqui

2127 534 2205 585 pou

3653 357 3786 409 129:!

2239 513 2351 565 Oeo‘t
2375 553 2388 576 ,
2417 507 2668 562 σύνθετοι
2707 501 2776 566 ἐξ
2799 495 3074 564 ἀτόμων
3101 481 3578 553 τυγχάνοντες,
3611 473 3709 526 καὶ
3735 471 3790 524 τὸ

2020 562 2200 586 ”Ἶ”Γ’⁷
2246 562 2324 565 '—‘
2375 562 2388 576 ν
2757 562 2772 566 ν
2929 562 2940 564 -

2011 609 2131 659 ὅσον
2165 602 2256 655 ἐπὶ
2285 599 2352 670 τῇ
2389 595 2656 650 συστάσει
2697 581 3035 643 ἁναλυτοὶ,
3073 564 3663 642 πραγματεύονται
3700 562 3793 623 τὰς

2015 654 2369 763 ίρθοροποιοέξ
2421 688 2670 756 ἀτόμους
2696 662 3153 756 ἀποοέέίεσθαι.
3205 660 3413 763 Ἀλλά
3465 657 3658 763 οιαὶ⁹ὁ
3694 654 3759 704 τιέ

2016 748 2249 838 ἐτοίκῶν
2270 748 2428 841 Θεδς,
2455 748 2554 830 az;
2593 773 2770 841 σῶμα
2793 749 3180 834 τυγχάνων,
3231 753 3347 806 ὁτὲ
3413 748 3533 841 μὲν

2017 873 2160 926 νικδν
2187 870 2301 939 ἔχει
2342 867 2444 937 τὴν
2488 865 2624 933 ὃλην
2662 860 2906 920 οὐσίαν,
2941 855 3104 906 ὅταν
3161 849 3205 916 ἡ
3281 839 3664 910 ἐκπύρωσις
3791 850 3803 860 ·

2018 964 2105 1016 ὁτὲ
2136 962 2228 1014 ἐπὶ
2253 959 2458 1030 μέρους
2486 955 2710 1024 γίνεται
2759 948 3009 1016 αὐτῆς,
3066 942 3231 993 ὅταν
3279 937 3324 1005 ἡ
3367 929 3806 997 διακόσμησις

2019 1054 2136 1107 οὐδὲ
2155 1053 2264 1122 γὰρ
2291 1049 2619 1117 δεδύνηνται
2649 1038 2815 1098 οὗτοι
2866 1033 3222 1110 τρανῶσαι
3255 1027 3385 1095 τὴν
3425 1020 3700 1091 φυσικὴν
3720 1018 3810 1070 τοῦ

2021 1144 2154 1197 Θεοῦ
2178 1143 2409 1205 ἔννοιαν,
2435 1138 2514 1200 ὡς
2545 1137 2736 1204 πάντη
2785 1129 3167 1199 ἀφθάρτου,
3220 1120 3342 1172 καὶ
3399 1113 3609 1170 ἁπλοῦ
3645 1153 3662 1176 ,
3708 1111 3804 1162 καὶ

2023 1235 2341 1296 ἀσυνθέτου,
2383 1234 2480 1285 καὶ
2528 1221 2898 1298 ἅδίαιρέτου.
2944 1220 3038 1273 Τὸ
3100 1217 3176 1270 δὲ
3241 1205 3701 1298 καταϐεϐηκᾷ
3736 1206 3809 1266 εἰς

2024 1327 2346 1400 ἀνθρώπους
2393 1326 2451 1378 ὲν
2486 1316 2877 1394 μορφῇΘεοῦ
2922 1313 3232 1381 ὑπῆρχε,
3267 1305 3391 1400 κά).
3460 1299 3568 1353 διὰ
3626 1297 3810 1400 φιλαν-

2025 1419 2274 1493 θρωπίαν
2322 1415 2518 1470 ἑαυτὸν
2575 1412 2904 1470 ἐκένωσεν,
2953 1404 3069 1456 ἵνα
3118 1395 3520 1470 χωρτβῆναι
3581 1391 3681 1443 ὑπ’
3731 1390 3811 1441 ἀν-

2027 1477 2262 1579 θρώπων
2299 1503 2544 1574 δυνηθῇο
2583 1502 2645 1553 οὐ
2679 1499 2878 1569 δήπου
2942 1494 3000 1546 δ’
3046 1491 3127 1554 ἐξ
3185 1485 3450 1555 ἁγαθοῦ
3504 1485 3596 1544 εἰς
3651 1477 3814 1532 κακον

2127 1613 2252 1649 ὀνεν
2308 1568 2803 1662 αὐτῷ-μεταϐολὴ,
2855 1600 2924 1640 κ.
2970 1598 3040 1634 τ.
3084 1577 3152 1631 λ.
3217 1575 3287 1628 id
3349 1580 3480 1633 est,
3535 1588 3558 1620 ι
3594 1568 3680 1622 Ad
3711 1569 3815 1620 haec

2028 1687 2163 1740 satis
2219 1659 2547 1752 responsum
2581 1681 2732 1743 erit,
2800 1683 2871 1728 ut
2930 1669 3110 1725 mihi
3172 1665 3480 1725 videtur,
3519 1659 3573 1712 si
3632 1659 3816 1711 dixero

2030 1775 2304 1844 quomodo
2335 1773 2389 1826 in
2418 1769 2632 1825 sanctis
2663 1763 3032 1832 Scripturis
3081 1757 3480 1824 accipiatur
3512 1752 3816 1823 descensus

3587 746 3800 814 ἡγεμο-

399 1845 524 1866 ¹“”““τ
550 1845 685 1866 1""
719 1845 773 1848 “'
816 1845 829 1860 ι

399 1899 530 1942 tura:
557 1900 677 1940 cum
712 1881 883 1935 divina
911 1878 1136 1939 dixerat.
1163 1877 1235 1930 ita
1264 1876 1377 1944 ipse
1415 1872 1670 1942 Origenes
1729 1870 1930 1922 diserte
1959 1848 2005 1908 Β
2034 1866 2129 1920 Dei
2161 1866 2228 1919 ad
2259 1863 2513 1918 homines
2549 1877 2564 1913 :
2607 1859 2677 1912 ad
2713 1871 2904 1927 quem
2982 1849 3185 1906 nulla
3245 1845 3624 1901 mutatione
3690 1857 3817 1910 opus

387 1979 651 2046 oexplicat,
705 1979 762 2025 ut
829 1968 960 2022 nihil
1015 1967 1157 2021 aliud
1210 1979 1268 2020 se
1315 1963 1543 2018 voluisse
1597 1959 1931 2030 profiteatur,

389 2084 558 2138 quam
606 2078 818 2121 carnem
848 2061 976 2116 Jesu
1004 2057 1378 2127 glorificatam,
1408 2051 1623 2105 mutatis
1661 2047 1936 2117 qualitati-

387 2137 501 2214 »bns
531 2158 683 2213 talem
715 2169 832 2209 esse
856 2151 1136 2210 redditam,
1171 2146 1383 2215 qualem
1426 2142 1647 2197 decebat
1695 2137 1937 2192 habitare

401 2252 456 2305 in
489 2263 696 2304 summo
729 2246 950 2304 :ethere,
979 2239 1108 2294 nihil
1159 2236 1475 2292 retinentem
1523 2230 1752 2286 carnalis
1784 2229 1937 2282 inﬁr-

388 2340 602 2396 mitatis
640 2335 949 2403 congenitac.
983 2329 1119 2399 Lege
1141 2368 1157 2395 ,
1189 2328 1234 2382 si
1267 2333 1438 2388 vacat,
1478 2337 1595 2391 quae
1635 2319 1774 2388 apud
1817 2318 1940 2374 Ori-

401 2441 591 2499 genem
639 2431 932 2493 sequuntur
973 2435 986 2470 :
1027 2430 1124 2486 ego
1163 2429 1195 2469 e
1247 2409 1558 2469 diverticqu
1595 2411 1649 2464 in
1673 2408 1812 2464 viam
1856 2421 1940 2462 re-

389 2519 526 2573 deo.

348 2659 350 2661 ,
473 2605 501 2676 §
526 2603 629 2656 γη.
653 2604 709 2656 In
745 2601 881 2654 libro
896 2608 1086 2668 quarto
1110 2595 1380 2650 inducitur
1404 2589 1593 2646 Celsus
1623 2588 1937 2659 Epicureus,

398 2696 662 2749 adversus
683 2691 1104 2744 Christianorum
1129 2687 1194 2739 de
1221 2684 1311 2739 Dei
1347 2681 1467 2736 Filii
1499 2682 1551 2734 itt
1593 2688 1764 2733 terras
1823 2678 1943 2732 des-

403 2799 567 2840 censu
604 2791 657 2837 et
683 2778 1038 2850 ὲνσαρκώσει,
1091 2775 1392 2830 doctrinam
1433 2775 1574 2825 hunc
1625 2770 1676 2824 in
1725 2768 1941 2822 modum

405 2877 681 2941 disputans
722 2885 867 2925 num.
901 2868 990 2930 14.
1037 2881 1158 2936 pag.
1193 2864 1315 2928 510,
1377 2881 1396 2914 ι
1431 2863 1571 2916 Deus
1620 2871 1701 2915 est
1749 2859 1942 2923 bonus,

392 2963 645 3034 .pulcher,
680 2959 825 3022 felix,
865 2969 919 3012 et
956 2955 1310 3026 pulcherrima
1367 2953 1674 3021 optimaque
1716 2949 1940 3019 specie:

408 3057 454 3108 is
505 3053 549 3106 si
601 3050 944 3104 descenderet
990 3047 1055 3100 ad
1122 3047 1382 3109 homines,
1424 3052 1484 3096 ut
1533 3050 1768 3096 mutetur
1810 3054 1947 3110 opus

408 3152 519 3208 est;
548 3138 835 3194 mutabitur
865 3146 1040 3188 autem
1069 3149 1099 3188 e
1128 3135 1264 3189 bono
1293 3134 1344 3187 in
1375 3133 1594 3196 malum,
1629 3146 1661 3186 e
1719 3130 1944 3200 pulchro

393 3233 463 3285 vin
495 3241 774 3297 turpem,e
806 3225 957 3278 [elice
987 3225 1040 3278 in
1073 3222 1362 3284 infelicem,
1404 3235 1470 3275 ex
1519 3220 1721 3288 optimo
1769 3219 1821 3272 in
1853 3233 1948 3274 ne-

397 3321 744 3390 quissimum.
783 3315 914 3381 Quis
961 3315 1039 3368 sic
1072 3329 1131 3368 se
1179 3320 1436 3366 mutatum
1485 3310 1735 3378 cuperet?
1790 3309 1946 3364 Certe

392 3408 632 3462 mutatio
682 3407 793 3459 haec
849 3413 904 3457 et
953 3399 1356 3455 transformatio
1408 3399 1552 3453 cadit
1590 3401 1641 3452 in
1672 3399 1946 3453 hominem

411 3495 688 3550 mortalem
731 3509 744 3545 :
777 3490 1064 3546 immortali
1093 3505 1219 3544 vero
1251 3503 1458 3558 semper
1485 3488 1669 3543 eodem
1701 3489 1862 3544 modo
1889 3502 1950 3543 se

397 3584 610 3638 habere
640 3582 908 3635 convenit.
933 3579 1071 3648 Ergo
1105 3593 1372 3647 nunquam
1411 3579 1550 3631 Deus
1579 3577 1736 3632 talem
1777 3587 1949 3631 muta-

414 3674 611 3728 tionem
640 3671 920 3739 reciperet.
960 3689 979 3721 ι
1006 3668 1122 3724 Jam
1158 3668 1204 3723 si
1252 3667 1510 3737 Origenes
1547 3666 1685 3720 idem
1720 3668 1785 3722 de
1808 3667 1949 3722 Filio

401 3763 506 3816 Dei
536 3761 809 3824 sensisset,
843 3759 982 3827 quod
1017 3769 1196 3828 postea
1219 3757 1399 3822 Arius,
1429 3772 1587 3825 quam
1646 3756 1802 3811 facile
1857 3772 1951 3826 po-

414 3851 604 3904 tuisset
641 3848 794 3916 hujus
823 3851 1119 3918 argumenti
1165 3849 1336 3917 ipsum
1389 3845 1791 3900 fundamentum
1826 3849 1952 3902 sub-

411 3941 664 3995 vertere?
693 3954 796 3993 uno
823 3939 1028 3993 scilicet
1049 3941 1208 3993 verbo
1238 3938 1462 3992 dicendo
1512 3951 1683 4006 neque
1722 3953 1813 4004 se,
1857 3954 1952 3993 ne-

412 4047 517 4099 que
551 4031 845 4086 catholicos
869 4029 1201 4085 Christianos
1233 4030 1314 4084 sui
1367 4029 1620 4098 temporis
1657 4031 1951 4085 credidisse

402 4119 608 4174 .Filinm
662 4121 753 4172 Dei
787 4134 906 4173 esse
956 4134 1140 4174 revera
1183 4119 1358 4172 Deum
1407 4118 1950 4184 immtttabilem;sed

401 4209 573 4276 .plane
595 4211 846 4264 statuisse
873 4217 1171 4264 creaturam
1202 4207 1347 4262 illum
1371 4221 1508 4270 esse,
1535 4224 1563 4260 a
1609 4208 1718 4261 Deo
1766 4209 1951 4262 alienae

416 4310 481 4348 ac
507 4312 720 4362 prorsus
743 4299 1011 4352 mutabilis
1040 4308 1262 4350 naturae.
1296 4297 1398 4350 Sed
1456 4297 1609 4366 longe
1665 4297 1841 4361 aliter,
1897 4310 1952 4352 et

407 4381 561 4438 Salva
589 4385 802 4439 omnino
838 4385 1230 4439 Catholicorum
1281 4385 1582 4453 hypotltesi,
1613 4385 1676 4438 de
1708 4385 1825 4438 Filii
1859 4386 1950 4440 Dei

2034 1964 2138 2018 est,
2184 1962 2244 2007 ut
2293 1950 2488 2006 Celsus
2530 1955 2695 2018 putat
2763 1959 2883 1998 nos
2921 1939 3242 2010 opinari,
3283 1951 3413 1991 nec
3468 1934 3743 2000 versione
3772 1933 3814 1985 in

2037 2046 2236 2099 malum
2267 2045 2484 2106 ebono,
2514 2050 2660 2094 aute
2687 2035 2960 2108 pulchro
2997 2034 3071 2087 in
3113 2041 3428 2101 turpem,
3463 2040 3576 2082 aut
3605 2043 3640 2082 e
3673 2025 3818 2079 felice

2037 2137 2091 2190 in
2129 2135 2400 2190 infelicem
2426 2171 2443 2197 ,
2487 2139 2584 2184 aut
2620 2145 2692 2184 ex
2749 2127 3007 2196 optimo
3048 2124 3124 2178 in
3179 2122 3691 2192 nequissimum.
3722 2117 3817 2170 lm~

2038 2224 2312 2279 mutabilis
2341 2223 2488 2277 enim
2531 2221 2587 2274 in
2620 2234 2722 2274 sua
2755 2217 3060 2272 essentia
3093 2229 3435 2278 manens,
3477 2212 3820 2267 condescen-

2000 2306 2004 2311 ’
2036 2318 2118 2374 dit
2153 2314 2314 2369 rebus
2335 2309 2592 2366 humanis
2622 2307 3027 2376 providentia
3067 2315 3147 2359 et
3174 2302 3687 2373 dispensatione.
3719 2299 3822 2354 Nos

2039 2414 2187 2461 certe
2238 2417 2269 2456 e
2321 2399 2497 2456 sacris
2563 2397 2775 2452 litteris
2852 2395 3074 2448 Deum
3163 2392 3651 2447 immutabilem
3704 2406 3822 2442 esse

2039 2494 2322 2555 discimus,
2339 2489 2432 2545 ubi
2460 2488 2662 2556 legitur
2702 2499 2722 2540 :
2766 2484 2859 2538 Tu
2893 2493 3132 2538 autem
3177 2485 3336 2553 ipse
3373 2501 3439 2538 es
3460 2483 3553 2549 ⁸⁸;
3579 2492 3636 2540 et
3663 2500 3676 2536 :
3707 2477 3820 2534 Non

2038 2588 2288 2640 immutor
2307 2581 2378 2638 δ’.
2433 2578 2656 2649 Epicuri
2705 2590 2856 2630 vero
2887 2576 2986 2628 dii
3030 2590 3125 2629 ex
3179 2577 3445 2630 atomis
3507 2574 3819 2642 compositi,

2040 2685 2094 2731 et
2126 2671 2352 2745 proinde
2388 2667 2802 2725 constitutione
2871 2680 3002 2720 sua
3074 2666 3561 2728 dissolubiles,
3633 2665 3824 2717 habent

2040 2765 2181 2834 quod
2212 2771 2397 2831 agant,
2424 2761 2551 2814 dum
2589 2759 2720 2813 illas
2756 2767 3051 2824 atomos,
3091 2773 3268 2827 qua:
3315 2759 3690 2829 corporibus
3712 2771 3822 2809 coro
3861 2811 3864 2814 ,

2041 2854 2344 2924 ruptionem
2371 2849 2640 2916 elﬁciunt,
2661 2849 3024 2901 excutiant.
3080 2849 3242 2904 Nec
3275 2865 3475 2904 secus
3510 2849 3819 2903 Stoicorum

2045 2947 2205 3012 Deus,
2247 2952 2429 3012 utpote
2456 2955 2687 3008 corpus,
2736 2941 3094 2994 interdum
3191 2957 3401 2997 mens
3441 2952 3540 2996 est
3587 2957 3714 3010 qua:
3749 2951 3814 2993 to-

2043 3045 2153 3092 tam
2202 3035 2440 3104 possidct
2493 3030 2923 3094 subStantiatn,
2972 3045 3152 3085 cum
3247 3035 3341 3107 sit
3413 3033 3820 3103 conflagratio;

2046 3125 2318 3181 interdum
2347 3139 2477 3177 vero
2504 3138 2571 3178 ex
2597 3130 2766 3190 parte
2795 3120 3015 3189 ipsius
3055 3125 3486 3180 substantiae
3510 3134 3822 3196 generatur,

2045 3232 2166 3272 cum
2200 3216 2273 3270 sit
2303 3213 2490 3268 mundi
2520 3214 2842 3268 ordinatio.
2882 3214 3006 3269 Isti
3085 3219 3295 3272 enim
3363 3233 3496 3272 non
3536 3221 3826 3286 potuerant

2043 3307 2258 3378 quidem
2306 3306 2452 3360 clare
2508 3305 2607 3359 Dei
2659 3313 2955 3358 naturam
3051 3307 3496 3380 intelligere,
3553 3309 3710 3376 quod
3763 3307 3827 3359 sit

2043 3398 2264 3453 omnino
2303 3394 2773 3462 incorruptibilis,
2836 3395 3185 3466 simplex,
3270 3417 3396 3456 nec
3461 3399 3826 3469 compositus,

2127 3503 2145 3542 ε
2187 3484 2492 3541 divisibilis.
2529 3483 2587 3536 ld
2619 3494 2826 3538 autem
2877 3491 3073 3556 quod
3144 3493 3248 3545 ad
3282 3493 3582 3547 homines
3611 3493 3828 3546 (ιεεοεη-

2129 3615 2146 3640 ,
2173 3577 2228 3629 in
2263 3575 2432 3643 [arma
2468 3574 2567 3626 Dei
2588 3574 2639 3605 ⁸⁸
2677 3575 2972 3630 substitit
2997 3618 3020 3644 ,
3099 3591 3182 3635 et
3265 3595 3540 3654 prOpter
3594 3595 3827 3635 antorem

2046 3665 2261 3722 humani
2285 3663 2505 3732 generis
2536 3663 2796 3731 seipsum
2830 3669 3280 3740 exinanivit,
3337 3687 3412 3729 ιιι
3472 3686 3676 3744 posset
3709 3689 3824 3728 eo...

2047 3754 2247 3824 cipiab
2281 3751 2643 3816 hominibuS.
2702 3755 2953 3824 absque
3020 3760 3184 3816 ulla
3261 3775 3489 3820 tamen
3536 3767 3827 3819 mutatione

2048 3860 2113 3900 ex
2133 3845 2272 3898 bono
2304 3844 2355 3895 in
2391 3841 2626 3906 malum,
2672 3860 2692 3892 ι
2729 3853 2854 3898 etc.
2915 3846 3099 3902 Post
3179 3853 3421 3924 aliqua
3464 3859 3672 3912 subdit
3706 3857 3828 3908 Atla-

2127 3936 2282 3989 tutius
2312 3948 2466 3988 num.
2503 3931 2594 3994 15,
2640 3947 2697 4000 p.
2750 3934 2901 3998 5H,
2935 3937 3024 3991 El
3074 3941 3161 3994 δὲ
3219 3948 3348 3999 καὶ
3412 3947 3603 4017 σῶμα
3657 3946 3827 4013 θνητὸν

2049 4027 2143 4080 καὶ
2163 4025 2340 4095 ψυχὴ-ν
2395 4024 2759 4094 ἀνθρωπίνην
2800 4027 3185 4090 ἀναλαϐὼν
3258 4039 3297 4090 ὁ
3354 4039 3668 4104 ἀθάνατος
3715 4038 3827 4097 Θεᾶ

2048 4116 2240 4184 Λόγος,
2268 4116 2415 4168 δοκεί
2445 4114 2525 4184 τῷ
2557 4116 2764 4186 Κέλσῳ
2800 4119 3287 4182 ἀλλάττεσθαι
3352 4135 3471 4186 καὶ
3537 4131 3830 4204 pecunia:-

2047 4207 2262 4258 τεσθαι·
2296 4205 2645 4274 μανθανέτω,
2679 4208 2773 4296 ὅτι
2801 4211 2834 4262 ὁ
2871 4212 3104 4282 Λόγος
3144 4225 3240 4293 τῇ
3283 4225 3484 4296 οὐσίᾳ
3525 4226 3715 4296 μένων
3748 4223 3834 4276 Ae-

2050 4317 2164 4368 γος,
2188 4299 2339 4389 οὐδὲν
2368 4299 2466 4389 μὲν
2500 4299 2710 4370 πάσχει
2736 4294 2818 4353 ὧν
2859 4305 3132 4377 πάσχει
3297 4281 3571 4389 σῶμ.αῆ
3613 4321 3649 4388 ἡ
3681 4317 3830 4384 ψυχή·

2055 4388 2504 4456 συγκαταϐαίνων
2523 4389 2568 4440 δ’
2595 4390 2713 4443 ἐσθ’
2745 4392 2843 4445 ὅτε
2883 4397 2985 4466 τῷ
3018 4401 3124 4472 μὴ
3162 4369 3532 4477 δυναμένα)
3557 4369 3737 4462 ξιύξεᾶ]

405 4479 608 4524 natura
659 4489 783 4527 vere
826 4475 1001 4528 divina
1053 4483 1107 4528 et
1161 4475 1619 4533 inccntmtttabili.
1665 4479 1940 4543 respondet

2127 4475 2671 4568 ipsapurésmﬁtv
2712 4480 3172 4558 λαμπρότητα
3212 4475 3705 4568 saginatam-.0;
3735 4499 3840 4567 st:-

407 4560 674 4628 Origenes
721 4565 804 4618 his
837 4567 1010 4621 verbis
1038 4585 1050 4620 :
1102 4570 1256 4619 Δοκεί
1283 4567 1344 4638 δή
1392 4584 1479 4635 μοι
1514 4567 1645 4636 πρὸς
1667 4567 1838 4620 ταῦτα
1863 4568 1950 4620 λέ-

415 4647 605 4718 γεσθαι
640 4650 704 4702 τὰ
755 4652 953 4718 δέοντα,
1012 4658 1389 4726 διηγησαμένςο
1443 4659 1539 4728 τὴν
1563 4659 1627 4709 ὲν
1665 4661 1782 4721 ταῖς
1807 4659 1946 4728 Γρα-

409 4740 541 4808 apud;
572 4737 862 4808 λεγομένην
883 4745 1174 4798 κατάϐασιν
1200 4746 1329 4798 Θεοῦ
1353 4746 1484 4816 πρὸς
1515 4746 1580 4798 τά
1607 4746 1913 4817 ἀνθρώπινα
1931 4765 1944 4778 ο

409 4833 495 4892 εἰς
541 4829 606 4899 ἢν
643 4829 702 4878 οὐ
750 4830 1039 4900 μεταϐολῆς
1097 4834 1239 4904 αὐτῷ
1269 4836 1376 4898 δεῖ,
1415 4835 1488 4898 ὡς
1551 4836 1752 4898 Κέλσος
1806 4838 1951 4905 ἡμᾶς

416 4919 582 4973 οἴεται
607 4917 796 4984 λέγειν,
826 4915 944 4969 οὔτε
971 4924 1168 4992 τροπῆς
1199 4925 1294 4993 τῆς
1317 4923 1374 4988 ἐξ
1405 4923 1603 4991 ἀγαθοῦ
1629 4927 1706 4987 εἰς
1763 4925 1949 4991 κακὸν,

415 5011 449 5081 ἢ
477 5012 541 5062 ὲκ
555 5007 716 5062 καλοῦ
751 5009 828 5068 εἰς
860 5008 1096 5078 αἰσχρὸν,
1135 5011 1168 5079 ἢ
1189 5012 1256 5074 ἐξ
1287 5013 1622 5083 εὐδαιμονίας
1669 5017 1747 5076 εἰς
1791 5033 1951 5067 κακο-

410 5097 711 5167 δαιμονίαν,
749 5095 781 5166 ἢ
844 5095 906 5146 ὲκ
955 5093 1045 5144 τοῦ
1089 5097 1306 5164 ἀρίστου
1356 5103 1433 5164 εἰς
1468 5101 1529 5153 τὸ
1572 5102 1948 5172 πονηρότατον*

419 5189 591 5258 μένων
641 5187 747 5259 γάρ
789 5187 853 5255 τῇ
903 5182 1056 5252 οὐσίᾳ
1111 5185 1390 5253 ἄτρεπτος,
1427 5191 1836 5258 συγκαταϐαίνει
1885 5197 1950 5262 τῇ

413 5277 640 5350 προνοίᾳ
665 5279 755 5331 καὶ
788 5279 854 5346 τῇ
875 5272 1150 5343 οἰκονομίᾳ
1173 5278 1284 5336 τοῖς
1317 5278 1671 5347 ἀνθρωπίνοις
1701 5283 1974 5352 πράγμα-,

415 5384 519 5420 σιν.
556 5367 742 5437 Ἡμεῖς
777 5366 870 5437 μὲν
891 5358 980 5417 οὖν
1003 5362 1096 5415 καὶ
1124 5362 1193 5414 τά
1228 5361 1340 5413 θεῖα
1367 5366 1667 5438 Γράμματα
1693 5372 1955 5440 παρίστα..

418 5472 516 5525 μεν
549 5457 810 5526 ἄτρεπτον
856 5455 1076 5523 λέγοντα
1100 5452 1188 5504 τὸν
1229 5452 1378 5515 Θεὸν,
1410 5454 1465 5504 ἐν
1493 5474 1550 5508 τε
1584 5461 1681 5529 τῷ,
1710 5462 1794 5514 Σὺ
1827 5460 1893 5513 δὲ
1919 5462 1954 5514 ὃ

413 5547 593 5610 αὐτὸς
615 5543 691 5600 εἷ·
719 5549 809 5601 καὶ
823 5550 879 5601 ὲν
894 5547 989 5618 τῷ,
1020 5548 1137 5600 Οὐκ
1155 5543 1506 5613 ἠλλοίωμαιο
1539 5548 1587 5598 οξ
1613 5549 1668 5600 δὲ
1693 5551 1785 5603 τοῦ
1813 5553 1957 5604 Ἐπι-

486 5748 531 5779 ⁶⁸
560 5748 698 5801 Psal.
732 5763 801 5810 ct.
836 5739 926 5808 9.3.

2057 4583 2179 4618 πειν
2211 4605 2226 4628 ,
2293 4566 2459 4618 οἱονεὶ⁸
2509 4565 2655 4637 σὰρξ
2697 4569 2932 4636 γίνεται
2977 4615 2998 4638 ,
3066 4565 3511 4653 ωμάτικῶς
3581 4565 3841 4659 λαλοςμε,

2056 4673 2166 4758 νος,
2197 4656 2250 4709 id
2291 4665 2411 4720 est,
2451 4675 2470 4708 ι
2509 4658 2671 4758 Quod
2726 4660 2775 4713 si
2843 4663 3155 4724 Verbum
3220 4675 3408 4732 Deus
3486 4656 3834 4737 inuuortalis.

2057 4749 2183 4816 quia
2207 4763 2411 4816 corpus
2438 4749 2683 4804 mortale
2731 4753 3171 4828 animamque
3211 4768 3592 4833 humanam
3645 4789 3839 4829 assum,

2057 4839 2248 4905 pserit,
2292 4839 2452 4892 Celso
2503 4839 2725 4897 idcirco
2781 4843 3122 4908 immutari
3215 4861 3548 4918 videam,-
3595 4883 3614 4918 ε
3686 4866 3838 4919 dim;

2058 4928 2294 4982 Verbum
2327 4945 2556 4985 manere
2597 4933 2853 4989 Verbum
2891 4951 3011 4994 sua
3082 4949 3528 5020 substantia,
3583 4972 3696 5013 nec
3751 4955 3836 5024 pati

2056 5033 2248 5118 θ⁰τ¹³ι¹¹¹
2279 5023 2616 5118 quidquam.
2651 5042 2783 5096 quin
2826 5043 3064 5098 co"Pus
3143 5054 3273 5098 aut
3313 4997 3547 5102 ani-ma
3584 4997 3832 5118 ’ἔξιὶιῖς

2057 5111 2510 5211 condescendere
2538 5123 2738 5172 tamen
2771 5119 3092 5182 interdum
3148 5148 3293 5189 non

2059 5199 2368 5302 claritatem
2421 5217 2487 5258 ac
2537 5208 2928 5302 splendorem
3000 5217 3412 5286 divinitatis
3465 5199 3837 5296 clunem-=16

2061 5288 2227 5392 veluti
2262 5306 2499 5392 .carnem
2521 5294 2782 5363 factum,
2823 5301 2984 5372 loqui
3039 5275 3838 5382 corporaiitevrtTvDieaiti

2064 5379 2281 5486 cordatt
2325 5397 2529 5486 omnes
2556 5428 2572 5454 ,
2615 5405 2691 5444 an
2727 5393 2853 5448 haec
2884 5406 3023 5450 sunt
3063 5405 3291 5463 verba
3361 5416 3727 5486 scriptoris.
3759 5413 3836 5482 ειυί

2067 5467 2327 5577 Larium
2358 5475 2655 5577 impietate
2674 5486 2986 5555 superavit,
3024 5459 3836 5577 adeoquevi'm-p’iiv

2068 5564 2138 5611 tis
2160 5572 2364 5621 auctor
2392 5565 2471 5624 illi
2499 5568 2648 5648 fuit.”
2678 5593 2701 5628 ι
2735 5575 2968 5634 Scilicet
3005 5578 3188 5640 clare
3233 5564 3374 5649 ‘hic
3425 5564 3622 5654 docet
3665 5564 3835 5665 Ditte-

1001 5751 1043 5785 δ’
1072 5747 1297 5806 Malach.
1335 5761 1416 5813 111,
1446 5746 1496 5800 6.
1573 5747 1615 5779 ⁸⁰
1645 5748 1877 5814 Philipp.
1909 5768 1968 5818 tt,
2005 5755 2065 5812 .6,
