3922 6428
214 429 353 483 1295

1196 431 1283 486 EX
1318 433 1380 487 (ἶ.
1420 433 1612 488 BULLI
1650 434 1795 488 DEF‘.
1836 434 2008 491 FIDEI
2046 439 2359 496 NICIENE.

3217 451 3355 503 ηεςιι

219 556 312 596 nes
332 542 420 596 τὸν
446 543 613 613 Λόγον
635 545 748 599 sive
761 545 955 600 Filium
991 548 1079 601 Dei
1105 563 1224 603 esse
1261 522 1435 604 Deum.
1453 552 1714 606 immorta-

1831 572 1919 607 τον
1943 557 2202 627 ὑπεροχὴν
2228 558 2332 612 τῶν
2362 530 2719 631 νομιζομένων
2742 564 2903 630 ἀξίων
2949 569 3357 635 προσκυνεῖσθαι

215 629 336 693 lem,
380 632 672 686 substantia
721 638 833 688 sua‘
868 634 1266 700 immutabilem,
1290 649 1342 691 et
1381 650 1640 707 quatenus
1670 641 1723 694 in

215 718 380 773 I‘orma
411 721 500 775 Dei
538 724 793 787 subsistit,
810 723 958 792 iuxta
995 741 1114 780 cum
1144 726 1302 783 Patre
1324 740 1522 783 natura:
1551 731 1723 785 omni-

210 823 283 862 no
326 808 759 880 incorruptibilis,
806 815 1075 883 simplicis,
1131 832 1227 871 nec
1270 821 1591 886 compositm,
1626 835 1723 875 nec

213 896 505 952 diviSibilis.
538 900 819 969 Aliquanto
848 906 978 969 post
1006 905 1071 957 ad
1120 904 1275 958 aliam
1312 907 1446 961 Celsi
1471 910 1723 975 objectio-

208 997 353 1044 nem,
404 986 566 1053 priori
628 989 832 1043 aliinem
862 1032 877 1053 ,
931 1006 1280 1059 τεειιοηειιιοιιε
1315 1036 1330 1058 ,
1378 996 1454 1049 sic
1499 999 1720 1059 orditur,

208 1086 353 1125 num.
383 1074 467 1137 I8,
501 1089 620 1143 pag.
655 1078 942 1149 512:1]pr
972 1079 1123 1134 τοῦτο
1153 1082 1344 1150 λέγοιτ’
1376 1084 1439 1138 ἂν
1460 1124 1476 1150 ,
1505 1087 1578 1157 πῆ
1628 1086 1723 1157 μὲν

209 1159 333 1228 περὶ
359 1159 455 1227 τῆς
484 1162 576 1214 τοῦ
607 1161 747 1216 θείου
768 1166 933 1233 Λόγου
962 1166 1167 1236 φύσεως
1203 1169 1349 1234 ὄντος
1373 1171 1503 1224 Θεοῦ
1521 1189 1534 1202 ⁸
1569 1173 1641 1243 πῆ
1669 1175 1725 1227 δὲ

209 1244 331 1315 περὶ
356 1247 451 1315 τῆς
481 1249 651 1317 Ἰησοῦ
676 1250 867 1321 ψυχῆς,
897 1254 949 1307 id
989 1264 1087 1319 est,
1121 1274 1140 1306 ι
1177 1257 1255 1311 Ad
1294 1259 1391 1313 hoc
1415 1262 1722 1328 responderi

204 1338 786 1408 potest,distiuguendo
831 1343 988 1397 divini
1042 1342 1199 1398 Verbi
1253 1356 1496 1402 naturam
1527 1388 1544 1414 ,
1595 1365 1715 1418 qum

207 1422 343 1479 Deus
361 1437 460 1489 est,
486 1438 539 1480 et
558 1426 681 1482 Jesu
721 1432 969 1487 animam.
992 1450 1019 1484 τ
1056 1433 1213 1489 Vides
1235 1435 1321 1489 hic
1369 1437 1531 1505 ipsam
1570 1439 1724 1494 Verbi

205 1522 447 1568 naturam
488 1517 673 1581 Deum,
707 1519 817 1574 sive
844 1519 1069 1575 Verbum
1119 1531 1305 1577 natura
1340 1524 1498 1579 Deum
1530 1527 1725 1582 diserte

204 1602 328 1656 dici.
356 1603 453 1657 Cui
488 1605 676 1659 similis
719 1606 963 1672 Origenis
997 1610 1146 1665 locus
1191 1613 1387 1667 citatur
1434 1615 1487 1669 in
1542 1627 1723 1672 catena

205 1690 531 1746 Balthasaris
552 1692 786 1749 Corderii
819 1698 872 1749 in
887 1697 1068 1766 10am,
1088 1702 1152 1755 ad
1183 1715 1299 1769 cap.
1336 1718 1374 1768 ι,
1400 1718 1538 1758 vers.
1561 1706 1611 1771 I,
1635 1709 1722 1762 ubi

203 1776 365 1832 Filius
385 1781 482 1834 'Dei
505 1783 572 1835 ab
593 1782 815 1851 Origene
839 1786 1031 1841 dicitur
1065 1791 1092 1841 ὖ
1117 1792 1444 1861 Δημιουργδς
1472 1794 1565 1847 τοῦ
1595 1813 1724 1850 παν-

1829 642 1973 713 παρὰ
1998 644 2056 695 τὸ
2087 644 2189 696 τῶν
2213 647 2510 717 σπινθήρων
2537 650 2627 702 καὶ
2672 650 2776 705 τῶν
2803 651 3002 723 λύχνων
3027 655 3139 723 φῶς
3155 673 3168 685 ·
3191 656 3356 719 οὕτως

1825 730 1872 781 οἱ
1897 730 2196 798 νοήσαντες,
2239 732 2354 793 πῶς
2383 735 2411 786 ὁ
2440 735 2567 799 Θεὸς
2615 737 2727 806 φῶς
2782 741 2920 792 ἐστι’
2972 741 3357 802 καταλασόντε;

1825 817 1903 879 δὲ,
1938 819 2051 883 πῶς
2080 822 2108 872 ὁ
2139 821 2262 884 rte;
2285 822 2375 875 τοῦ
2398 824 2529 878 Θεοῦ
2561 828 2672 896 φῶς
2702 828 2946 898 ἀληθινόν
2967 832 3132 893 ἐστιν,
3152 832 3181 884 δ
3201 832 3347 900 φωτὶ

1829 905 1907 969 ζει
1962 910 2135 963 πάντα
2185 910 2461 981 ἄνθρωπον
2509 916 2790 987 ἐρχόμενον
2847 921 2924 982 εἰς
2976 920 3067 973 τὸν
3120 921 3353 989 κόσμον·

1828 996 2093 1059 συνιέντες
2127 998 2182 1050 δὲ
2214 999 2324 1060 καὶ,
2359 1000 2473 1063 πῶς
2498 996 2645 1065 οὗτός
2690 1022 2818 1074 φησι
2862 1008 2948 1071 τὸ,
2981 1009 3120 1079 Ἐγώ
3145 1012 3258 1078 ειμι
3289 1010 3362 1067 rt‘,

1826 1080 1949 1147 φῶς
1977 1083 2079 1136 τοῦ
2104 1080 2329 1153 κόσμου
2355 1088 2473 1140 ὀὐκ
2498 1088 2561 1142 ἂν
2579 1091 2804 1159 εὐλόγως
2826 1098 3243 1167 προσκυνήσαιεν
3265 1114 3352 1151 τον

1826 1169 1983 1220 οἱονεὶ
2003 1169 2201 1240 βραχὺν
2233 1173 2515 1244 σπινθῆρα,
2536 1175 2608 1238 ὡς
2621 1178 2766 1247 ’πρὸς
2794 1181 2903 1246 φῶς
2930 1182 3019 1234 τὸν
3044 1183 3192 1249 Θεὸν,
3223 1184 3353 1254 ἀληο

1826 1255 1969 1308 θινοῦ
2000 1257 2190 1322 φωτὸς,
2224 1260 2279 1310 ὲν
2299 1259 2449 1329 ἡλίῳ,
2483 1262 2584 1313 καὶ
2607 1261 2819 1334 σελήνῃ,
2844 1267 2939 1318 καὶ
2966 1267 3200 1338 ἄστροις-
3264 1271 3349 1322 καὶ

1824 1344 1920 1395 οὐκ
1941 1345 2282 1414 ἀτιμάζοντες
2308 1364 2369 1416 γε
2398 1347 2464 1400 τὰ
2494 1350 2782 1420 τηλικαῦτα
2802 1353 2893 1405 τοῦ
2922 1354 3056 1409 Θεοῦ
3096 1357 3352 1428 δημιουρο

1825 1433 2039 1500 γήματα
2088 1432 2204 1484 οὐδὲ
2267 1434 2648 1505 ’Ᾱναξαγορίως
2708 1438 2918 1511 μύδρων
2967 1441 3220 1514 διάπυρον
3267 1443 3351 1496 λέ-

1826 1536 2008 1587 γοντες
2055 1519 2188 1574 εἶναι
2236 1523 2326 1576 τὸν
2368 1523 2533 1593 ἣλιον,
2568 1527 2659 1579 καὶ
2708 1528 2950 1600 σελήνην,
2980 1530 3072 1584 καὶ
3100 1532 3350 1604 ἀστέρας,

1824 1609 2040 1662 τοιαῦτά
2073 1627 2246 1680 φαμεν
2272 1612 2397 1680 περὶ
2429 1613 2595 1683 ἡλίου,
2643 1616 2734 1667 καὶ
2768 1617 3010 1688 σελήνης,
3066 1621 3157 1673 καὶ
3193 1622 3350 1674 ἀστέ-

1829 1713 1933 1767 ρων
1951 1710 1963 1727 ⁸
1985 1697 2095 1750 ἀλλ’
2119 1698 2485 1770 αἰσθανόμενοι
2510 1718 2571 1769 γε
2592 1702 2688 1771 τῆς
2716 1704 2899 1776 ἀφάτῳ
2928 1707 3161 1779 ὑπεροχῇ
3185 1711 3353 1781 ὓπερ.

1826 1786 2047 1856 εχούσης
2077 1788 2342 1857 θειότητος
2383 1790 2472 1842 τοῦ
2499 1790 2649 1855 Θεοῦ,
2682 1791 2759 1843 ἔτι
2778 1793 2840 1845 δὲ
2874 1795 2964 1847 καὶ
2990 1798 3082 1849 τοῦ
3114 1802 3349 1869 Μονογεσ

201 1866 312 1933 τὸς,
342 1870 614 1939 ωγχὰνων
638 1871 770 1934 Θεδς
794 1873 961 1942 Λόγος
986 1879 1104 1930 κατ’
1134 1879 1336 1945 οὐσίαν,
1375 1900 1393 1931 ι
1429 1883 1516 1938 ille
1548 1899 1714 1938 rerum

1819 1878 1939 1941 νοῦς
1970 1879 2128 1932 αὐτοῦ
2157 1881 2502 1950 ὑπερέχοντος
2528 1883 2593 1935 τὰ
2617 1883 2794 1941 λοιπά.
2822 1885 2878 1938 Id
2907 1896 3009 1952 est,
3043 1906 3061 1938 ι
3081 1888 3144 1943 Ει
3167 1866 3353 1958 quein-

204 1954 439 2007 onmium
493 1955 783 2025 Conditor,
837 1962 925 2028 qui
981 1973 1063 2018 est
1105 1968 1391 2021 secundum
1445 1973 1723 2025 essentiam

204 2042 343 2098 Deus
374 2043 623 2102 Verbum.
653 2066 673 2100 ι
711 2050 839 2115 Quis
864 2065 986 2104 vero
1015 2065 1080 2106 ex
1111 2055 1325 2111 Arianis
1382 2057 1592 2123 dixerit,
1638 2060 1726 2114 Fi-

197 2130 325 2184 lium
349 2146 467 2189 esse
496 2136 606 2204 ipsa
629 2151 725 2191 sua
775 2141 1002 2195 essentia
1058 2157 1121 2197 ac
1167 2144 1461 2200 substantia
1516 2149 1724 2203 Deum?

200 2219 415 2278 Scilicet
442 2226 546 2281 hoc
600 2228 725 2281 illud
760 2230 931 2297 ipsum
955 2240 1058 2297 est,
1094 2235 1237 2302 quod
1270 2235 1521 2292 adversus
1541 2238 1720 2293 Arium

200 2318 499 2367 statuerunt
525 2312 711 2371 Patres
740 2314 958 2385 Nisaei,
1015 2334 1204 2390 nempe
1231 2321 1422 2378 Filium
1455 2324 1548 2381 Dei
1607 2340 1723 2381 esse

199 2400 309 2455 Deo
337 2402 496 2472 δμοού
503 2420 633 2456 σιον.

268 2490 296 2561 §
337 2490 464 2546 Vill.
494 2493 551 2546 In
600 2494 732 2550 libro
779 2496 966 2565 quinto
1025 2500 1282 2555 rationem
1336 2502 1584 2568 reddens,
1626 2520 1722 2559 cur

196 2579 483 2637 Christiani
511 2583 698 2638 Filium
728 2585 843 2653 Dei,
873 2602 975 2642 non
1013 2588 1175 2643 solem
1205 2629 1223 2654 ,
1256 2591 1435 2647 lunam
1480 2594 1721 2651 stellasve

201 2669 508 2726 adoratione
559 2686 942 2742 prosequantur
975 2715 990 2740 ,
1036 2678 1107 2730 ita
1162 2679 1378 2733 disserit
1436 2698 1581 2736 num.
1632 2683 1716 2746 ιο,

195 2771 249 2827 p.
282 2758 417 2812 584:
443 2761 517 2813 Οὐ
538 2762 712 2815 τοίνυν
743 2760 809 2833 ἦν
832 2763 1046 2833 εὔλογον
1063 2768 1186 2831 τοὺς
1203 2769 1535 2841 διδαχθέντας
1556 2789 1719 2843 μεγα-

196 2845 402 2916 λοφυῶς
419 2850 855 2921 ὑπραναὸαίνειν
872 2854 1042 2908 πάντα
1070 2856 1137 2909 τὰ
1165 2857 1459 2931 δημιουρτή
1468 2877 1715 2930 ματα,....

194 2938 490 3003 ἀσκοῦντας
515 2941 652 3010 ἐχειν
669 2942 765 3012 τῆν
790 2942 1039 3014 λαμπρὰν
1057 2947 1148 2998 καὶ
1175 2947 1479 3019 ἀμάραντον
1512 2952 1716 3019 σοφίαν,

193 3029 227 3097 ἢ
258 3028 348 3081 καὶ
381 3028 722 3099 ἀνειληφότα,
770 3032 934 3102 αὐτὴν
959 3030 1119 3086 οὖσαν
1167 3035 1495 3109 ἀπαύγασμα
1547 3042 1719 3108 φωτὸς

193 3117 362 3169 ἀϊδίου
385 3133 400 3147 ⁸
432 3119 832 3190 καταπλαγῆναι
863 3124 921 3175 τὸ
941 3123 1187 3194 αἰσθητὸν
1219 3124 1385 3195 ἡλίου,
1419 3129 1510 3181 καὶ
1567 3130 1718 3202 σελή-

1820 1969 2098 2023 admodnm
2129 1969 2215 2023 isti
2246 1973 2552 2027 adoratores
2574 1974 2723 2038 solis,
2755 1975 2892 2029 lunae
2939 1978 3347 2048 stellarumque,

1819 2064 1874 2108 et
1898 2055 2243 2113 admiratores
2291 2074 2472 2113 eorum
2525 2062 2779 2132 luminis,
2831 2080 3097 2134 nunquam
3157 2070 3351 2147 adoraf

1821 2155 1938 2199 rent
1969 2146 2248 2201 scintillam
2281 2148 2414 2217 ignis
2433 2159 2522 2205 aut
2545 2151 2809 2207 lucernam
2841 2156 3076 2220 interra,
3113 2159 3351 2213 videntes

1820 2232 2303 2303 incomparabiliter
2365 2240 2782 2306 prmeellentiora
2814 2281 2832 2306 ,
2894 2259 3115 2315 quorum
3163 2245 3347 2301 lumen

1817 2321 2124 2379 adoratione
2157 2327 2372 2396 dignum
2398 2329 2752 2386 existimant:
2808 2331 2878 2386 ita
2920 2335 3010 2402 qui
3045 2334 3349 2402 intelligunt

1817 2415 2077 2482 quomodo
2108 2413 2251 2471 Deus
2279 2416 2452 2472 lumen
2493 2419 2584 2486 sit,
2611 2431 2666 2474 et
2713 2423 2977 2489 quomodo
3011 2422 3177 2479 Filius
3227 2425 3344 2493 ejus

1818 2502 1906 2556 lux
1933 2518 2059 2558 vera
2083 2505 2174 2570 sit,
2208 2506 2476 2561 illustrans
2515 2524 2725 2564 onmem
2770 2512 3041 2568 hominem
3104 2517 3156 2569 in
3199 2519 3347 2571 hunc

1818 2592 2065 2646 mundum
2118 2595 2417 2649 venientem
2448 2596 2517 2661 ",
2566 2607 2620 2651 et
2665 2599 2965 2669 intelligunt
3021 2603 3180 2655 etiam
3218 2604 3344 2658 illud

1816 2681 1929 2749 ejus
1950 2681 2166 2746 dictum,
2193 2684 2304 2752 Ego
2334 2701 2446 2738 sum
2470 2686 2560 2739 tua:
2588 2690 2847 2751 mundi",
2878 2691 3138 2747 immerito
3153 2693 3344 2747 adora-

1817 2778 1935 2821 rent
1965 2783 2184 2837 parvam
2216 2771 2356 2826 velut
2379 2775 2660 2829 scintillam
2700 2792 2837 2831 verm
2868 2778 3023 2843 lucis,
3051 2780 3096 2833 si
3149 2783 3213 2837 ad
3260 2783 3347 2835 lu-

1815 2871 1935 2912 men
1963 2857 2091 2912 illud
2118 2860 2257 2929 quod
2293 2860 2431 2916 Deus
2462 2873 2545 2917 est
2566 2864 2889 2930 conferatur,
2928 2882 3046 2936 quae
3095 2869 3147 2922 in
3210 2871 3348 2936 sole.

1816 2945 1940 3000 luna
1961 2956 2016 3001 et
2043 2949 2202 3003 astris
2234 2950 2460 3005 exsistit.
2491 2951 2604 3006 Non
2628 2964 2801 3008 autem
2846 2959 2983 3024 quod
3032 2970 3344 3033 contemnat

1816 3048 1934 3089 -nus
1959 3043 2067 3089 tam
2092 3040 2303 3108 egregia
2343 3040 2440 3095 Dei
2493 3057 2675 3112 opera,
2699 3053 2811 3098 aut-
2834 3046 2968 3101 sicut
2992 3049 3341 3119 Anaxagoras
3437 3097 3443 3102 .

1815 3116 2026 3187 globum
2060 3120 2281 3191 ignitum
2311 3125 2472 3180 solem
2504 3127 2887 3192 existimemus.
2914 3141 3046 3187 utet
3077 3116 3251 3187 lunam
3290 3146 3347 3190 ct

191 3224 309 3277 νης,
346 3209 437 3261 καὶ
489 3211 695 3281 ἄστρων
734 3188 850 3280 ιρῶς
900 3213 991 3265 ἐπὶ
1026 3188 1300 3278 τοσοῦτον,
1348 3188 1483 3270 ὥστε
1525 3217 1612 3272 διὰ
1659 3188 1714 3273 τὸ

1817 3214 1960 3261 astra
1992 3188 2219 3276 caetera;
2255 3213 2373 3267 ideo
2402 3214 2514 3270 haec
2551 3215 2616 3271 de
2636 3216 2763 3280 sole,
2799 3218 2922 3272 luna
2949 3230 3003 3274 et
3053 3225 3211 3276 astris
3237 3241 3342 3280 cae-

191 3296 438 3367 αἰσθητδν
486 3298 598 3367 φῶς
647 3300 862 3353 ἐκείνων
908 3302 1119 3372 νομίσαι
1163 3306 1381 3371 ἑαυτοὺς
1431 3307 1575 3362 κάτω
1614 3325 1715 3362 που

189 3383 350 3451 εἶναι,
378 3387 592 3457 ἔχοντας
620 3389 927 3458 τηλικοῦτον
960 3393 1141 3463 νοητὸν
1168 3394 1411 3461 γνώσεως
1435 3398 1547 3466 φῶς
1563 3439 1578 3462 ,
1626 3401 1717 3453 καὶ

191 3476 307 3544 φῶς
327 3477 602 3549 ἀληθινὸν,
638 3480 730 3531 καὶ
777 3481 889 3547 φῶς
917 3481 1009 3534 τοῦ
1042 3483 1259 3553 κόσμου,
1316 3488 1408 3540 καὶ
1460 3489 1571 3557 φῶς
1612 3490 1716 3543 τῶν

193 3567 507 3633 ἀνθρώπων,
534 3569 799 3632 κάκείνοις
827 3574 1210 3641 προσκυνῆσαι.
1244 3574 1297 3627 Id
1328 3586 1445 3640 est,
1481 3597 1499 3628 ς
1540 3579 1716 3647 Itaque

194 3670 299 3708 non
329 3657 551 3709 decebat
575 3672 686 3718 eos,
716 3661 806 3725 qui
857 3659 1150 3714 didicerant
1201 3678 1455 3731 generose
1505 3681 1711 3721 omnem

186 3748 487 3792 creaturam
525 3744 920 3807 transcendere,
1066 3750 1550 3821 contendebantque
1596 3763 1711 3808 stu-

186 3825 290 3879 diis
318 3825 645 3882 ferventibus
681 3829 745 3883 ad
773 3832 1263 3889 immarcescihilem
1325 3839 1464 3894 illam
1502 3843 1713 3910 sapien—

186 3912 337 3977 tiam,
369 3916 584 3985 autjam
615 3931 958 3987 perceperant
983 3936 1122 3987 eam,
1163 3939 1299 3990 eam,
1337 3931 1570 3997 inquam,
1595 3948 1712 4001 qua:

184 4011 398 4056 aeterna:
427 4003 558 4058 lucis
581 4006 824 4075 splendor
867 4020 986 4075 est;
1018 4012 1391 4083 obstupescere
1438 4020 1502 4074 ad
1565 4022 1710 4087 solis,

183 4091 325 4146 luna:
381 4092 752 4163 stellarumque
786 4097 961 4153 lumen
993 4103 1261 4165 sensibile,
1298 4106 1347 4158 in
1399 4116 1621 4173 tantum,
1653 4121 1711 4165 ut

182 4191 463 4247 propterea
492 4194 549 4232 se
572 4181 853 4238 inferiores
882 4187 1286 4253 existimarent;
1325 4206 1444 4246 cum
1487 4195 1583 4261 ipsi
1615 4197 1708 4251 ha-

182 4268 345 4322 beant
386 4279 586 4324 tantam
646 4271 815 4326 lucem
873 4265 1705 4350 intelligibilem,lucemveram,

182 4356 355 4411 lucem
388 4361 590 4423 mundi,
616 4360 782 4417 lucem
834 4364 1136 4432 hominum;
1168 4383 1333 4436 eaque
1353 4371 1653 4427 adorarent.
1679 4394 1703 4426 ν

1817 3298 1945 3350 teris
1965 3297 2191 3353 dicimus
2220 3314 2235 3351 :
2283 3303 2376 3356 sed
2403 3304 2542 3372 quod
2581 3320 2929 3376 agnoscamus
2970 3309 3064 3365 Dei
3117 3321 3193 3384 et.
3224 3313 3344 3369 Filii

1813 3382 1927 3450 ejus
1957 3386 2214 3457 unigeniti
2246 3387 2586 3447 inenarrabili
2615 3398 2920 3463 praastantia
2954 3382 3346 3468 pmccllentem

1812 3470 2162 3539 divinitatem,
2191 3490 2308 3545 qua:
2333 3489 2522 3556 caetera
2549 3483 2728 3537 omnia
2754 3483 2905 3554 longe
2926 3498 3044 3554 post
3089 3504 3146 3542 se
3192 3491 3343 3544 relin-

1812 3561 1943 3630 quit.
1992 3581 2011 3614 »
2048 3562 2208 3629 Quid,
2244 3581 2445 3635 quaeso,
2475 3571 2539 3624 ad
2569 3572 2943 3628 declarandum
2986 3591 3166 3631 veram
3224 3580 3339 3634 Filii

1812 3650 2162 3719 divinitatem,
2186 3656 2268 3711 bis
2286 3658 2538 3715 disertius
2569 3660 2669 3715 dici
2706 3665 2910 3730 potuit?
2932 3666 3063 3721 Nan.
3091 3684 3342 3736 expresse

1812 3740 1897 3794 hic
1955 3744 2112 3796 tradit
2149 3743 2429 3813 Origenes,
2461 3747 2651 3801 Filium
2690 3767 2809 3804 cum
2838 3751 2995 3806 Patre
3017 3769 3133 3808 esse
3155 3771 3337 3831 verum

1813 3828 1939 3882 illud
1987 3830 2188 3897 lumen,
2219 3835 2357 3900 quod
2389 3836 2524 3890 Deus
2554 3848 2631 3891 est
2652 3878 2666 3899 .
2696 3840 2781 3892 cui
2810 3840 2996 3893 collata
3035 3856 3208 3908 parvm
3259 3828 3345 3895 in-

1811 3929 1926 3972 star
1962 3918 2203 3974 scintillae
2235 3930 2317 3974 est
2346 3922 2456 3991 ipsa
2481 3926 2608 3979 solis
2637 3927 2744 3979 lux.
2771 3925 2868 3992 Qui
2895 3938 2948 3982 et
2974 3929 3105 3982 Filio
3122 3932 3339 3999 perinde

1812 4021 1874 4059 ac
1909 4005 2052 4059 Patri
2090 4022 2343 4075 expresse
2390 4011 2575 4064 tribuit
2635 4013 2976 4068 inenarrabili
3025 4014 3332 4087 praestantia

1805 4095 2192 4164 praecellentem
2229 4098 2553 4154 divinitatem
2587 4140 2602 4163 ,
2666 4116 2781 4169 quae
2845 4114 3113 4159 creaturas
3151 4121 3336 4162 omnes

1811 4185 2123 4239 immensum
2169 4199 2405 4257 superat.
2434 4188 2652 4244 Domum
2695 4192 2816 4245 hinc
2843 4193 3031 4247 iterum
3074 4194 3338 4249 cuncludit

1809 4274 1971 4327 Deum
2004 4275 2211 4331 Patrem
2247 4279 2467 4346 ejusque
2490 4280 2815 4348 unigenitum
2868 4280 3083 4344 Filium,
3143 4285 3334 4350 spretis

1808 4375 2061 4433 quantum
2094 4368 2159 4420 ad
2185 4368 2542 4421 adorationem
2576 4370 2784 4436 attinet,
2828 4371 2969 4433 sole,
3002 4373 3143 4435 luna,
3176 4362 3361 4426 caue?

181 4444 282 4523 llic
307 4458 487 4515 aperte
517 4449 642 4503 dicit
673 4450 928 4521 Origenes
983 4454 1305 4522 Sapientiam:
1358 4460 1468 4514 sive
1514 4461 1704 4516 Filium

1815 4455 1992 4522 risque
2015 4455 2133 4510 caeli
2160 4456 2469 4535 luminibus,
2498 4458 2639 4512 solos
2664 4459 2874 4528 (itempe
2903 4461 2954 4513 in
2987 4463 3186 4515 unitate
3215 4462 3335 4527 Spi-

174 4520 273 4587 Dei
295 4550 413 4591 esse
439 4537 610 4591 lucem
638 4537 777 4591 illam
810 4556 1008 4604 veram,
1050 4543 1219 4598 lucem
1251 4540 1451 4613 mundi,
1495 4557 1704 4606 aeternae

180 4618 312 4676 lucis
348 4623 712 4693 splendorem;
737 4640 890 4692 quem
919 4626 1245 4695 Christiani,
1283 4633 1533 4701 neglectis
1570 4638 1705 4702 sole,

182 4706 327 4770 luna,
357 4712 668 4780 cmterisque
703 4714 821 4767 coeli
854 4715 1162 4789 Iumipibus,
1195 4719 1311 4774 ideo
1343 4722 1535 4786 colant,
1567 4727 1705 4792 quod

181 4798 351 4852 edocti
384 4802 493 4854 sint
527 4803 576 4855 in
608 4803 752 4855 cuitu
781 4820 876 4856 suo
899 4820 1105 4859 omnem
1128 4819 1428 4863 creaturam
1448 4826 1704 4877 generose

182 4889 576 4944 transcendere.
610 4889 754 4944 Unde
783 4889 1264 4949 manifestissimum
1296 4907 1376 4951 est
1396 4898 1700 4967 neutiquam

181 4989 299 5026 curn
329 4978 452 5031 Ario
481 4981 771 5034 somniasse
798 4981 1106 5051 Origenem,
1138 4983 1326 5038 Filium
1356 4987 1444 5039 Dei
1474 4987 1611 5041 inter
1638 4989 1705 5042 τὰ

181 5064 619 5139 δημιουργήματα
651 5071 762 5125 sive
812 5086 893 5126 res
943 5084 1152 5126 creatas
1200 5077 1517 5128 censendum
1565 5086 1705 5133 esse.

184 5152 314 5206 Bern
346 5156 480 5211 hanc
503 5160 674 5215 adhuc
698 5160 1013 5214 luculentius
1046 5162 1444 5230 explicatpaulo
1472 5176 1590 5232 post
1625 5166 1706 5222 his

184 5243 358 5296 verbis
391 5263 532 5303 num.
559 5250 639 5310 II,
676 5269 726 5319 p.
762 5250 862 5303 585
895 5251 1037 5303 :Ka‘t
1063 5251 1241 5323 ὥσπερ
1267 5255 1334 5317 οἱ,
1362 5252 1447 5305 διὰ
1483 5255 1541 5306 τὸ
1588 5257 1701 5323 φῶς

182 5331 430 5403 αἰσθητὸν
477 5339 567 5388 καὶ
619 5342 857 5411 οὐράνιον
896 5337 1049 5412 εἶναι,
1093 5341 1506 5409 προσκυνοῦντες
1525 5344 1694 5411 ἥλιον,

179 5418 268 5470 καὶ
297 5420 540 5492 σελήνην,
569 5426 657 5477 καὶ
684 5427 868 5497 ἄστρα,
898 5427 992 5478 οὐκ
1017 5428 1080 5479 ἂν
1103 5429 1522 5497 προσκυνήσαιεν
1554 5446 1701 5481 σπιν-

176 5503 315 5576 θῆρα
342 5512 528 5582 πυρὸς,
550 5511 582 5582 ἢ
607 5513 787 5584 λύχνον
815 5518 906 5568 ἐπὶ
932 5519 1048 5586 γῆς,
1064 5518 1285 5589 ὁρῶντες
1312 5518 1412 5588 τὴν
1441 5520 1702 5592 ἀσύγκρι-

247 5701 291 5733 ³¹
318 5704 470 5762 Joan.
507 5722 545 5772 ι,
568 5708 617 5763 9.
678 5712 720 5742 ⁸³
743 5710 888 5766 Joan.
918 5728 1025 5776 vtu,
1060 5713 1139 5768 l2.

1810 4545 1945 4598 ritus
1965 4546 2161 4609 sancti,
2186 4549 2323 4614 quod
2360 4547 2469 4615 ipse
2497 4547 2751 4617 Origenes
2782 4549 2905 4604 alibi
2940 4555 3196 4624 agnoscit)
3250 4558 3332 4608 di-

1810 4633 1933 4687 vino
1959 4634 2097 4688 cultu
2125 4636 2458 4689 honorandos
2486 4653 2622 4691 esse.
2656 4638 2850 4694 Ibidem
2877 4679 2892 4704 ,
2939 4642 3122 4710 paucis
3162 4645 3329 4701 inter-
3420 4645 3422 4647 ’

1803 4723 1979 4790 jeetis,
2002 4724 2074 4776 ait
2099 4738 2240 4776 num.
2264 4724 2350 4788 12,
2388 4740 2438 4793 p.
2461 4724 2584 4787 586,
2616 4728 2773 4780 Deum
2814 4728 3019 4782 Patrem
3051 4747 3152 4784 non
3187 4748 3332 4784 τοπι-

1804 4811 1916 4873 κῶς
1953 4811 2202 4873 localiter,
2239 4822 2418 4881 utpotc
2443 4813 2789 4880 immensum,
2817 4833 2987 4886 neque
3014 4818 3128 4873 loco
3164 4820 3329 4871 Inclu-

1805 4916 1942 4962 sum,
1972 4901 2065 4953 sed
2095 4901 2459 4971 προνοητικῶς
2486 4920 2576 4969 per
2614 4907 2982 4971 providentiam
3004 4909 3324 4961 condescen--

1802 4989 1927 5041 dere
1963 4989 2261 5042 hominibus
2289 5004 2385 5057 pro
2418 5005 2511 5043 sua
2542 4990 2813 5047 bonitate:
2846 4992 3035 5046 Filium
3078 5007 3202 5046 vero
3235 4994 3323 5047 ι)νὶ

1802 5092 1905 5130 non
1953 5076 2120 5130 solum
2153 5085 2278 5131 tunc
2305 5092 2424 5131 cum
2456 5079 2593 5132 inter
2628 5080 2869 5135 homines
2890 5083 3122 5149 degeret,
3147 5082 3239 5133 sed
3270 5093 3324 5132 et

1800 5178 2005 5230 semper
2048 5166 2161 5217 suis
2187 5168 2368 5219 adesse
2409 5167 2715 5236 discipulis;
2775 5180 2828 5222 ct
2877 5182 3199 5236 quanquam,
3259 5186 3325 5224 ex

1802 5252 2003 5303 inﬁnita
2039 5267 2161 5321 erga
2214 5255 2499 5308 humanum
2535 5274 2698 5327 genus
2751 5257 3025 5316 charitate,
3070 5255 3323 5322 dignatus

1807 5350 1890 5393 est
1923 5342 2078 5394 etiam
2114 5344 2346 5406 τοπικῶς
2404 5348 2674 5400 nobiscum
2722 5344 2772 5398 in
2823 5354 3088 5410 assumpta
3137 5356 3325 5400 natura

1808 5434 2030 5487 humana
2067 5438 2301 5503 versari;
2337 5447 2510 5492 tamen
2556 5438 2769 5491 omnino
2823 5433 3094 5504 πανταχοῦ
3140 5438 3325 5504 ubique

1804 5533 2113 5590 praesentem
2170 5543 2305 5583 esse.
2352 5529 2549 5594 Quibus
2580 5525 2781 5594 positis,
2818 5524 3007 5578 deinde
3030 5540 3156 5594 .pro
3184 5529 3325 5582 cultu
