3922 6432
232 412 258 464 1
273 410 378 462 ii)?

1232 410 1317 462 EX
1356 410 1415 463 Ο.
1459 406 1646 463 [IlI-LL!
1683 405 1829 461 DEI.
1870 406 2037 460 FlDEl
2073 402 2381 457 ΝΙΓΑΕΝᾹΞ.
2476 418 2483 426 ·

3230 400 3254 451 1
3264 394 3365 451 298

231 520 376 580 ὅστις
432 522 489 572 ἐν
526 520 663 588 ἀρχῇ
702 518 833 588 πρὸς
869 518 962 569 τὸν
999 518 1126 571 Θεὸν
1166 517 1263 579 ὢν,
1302 518 1385 571 διὰ
1413 519 1532 579 τοὺς
1568 516 1753 582 κολλη-

1863 515 2061 567 Labatur
2111 525 2287 566 autem
2338 513 2407 567 ob
2454 512 2686 566 tmtitiam
2740 511 2910 566 Patris
2955 511 3007 564 in
3044 507 3401 576 perfectione.

229 607 422 668 θέντας
453 611 518 677 τῇ
549 609 705 676 σαρκὶ
729 608 821 660 καὶ
868 608 1180 677 γενομένους
1204 609 1337 673 ὅπερ
1364 606 1512 676 σὰρξ,
1541 606 1749 673 ἐγένετο

228 696 401 763 σὰρξ,
452 698 537 750 ἵνα
582 695 794 766 χωρηθῇ
840 695 941 747 ὑπὸ
989 696 1093 747 τῶν
1142 695 1215 765 μὴ
1250 695 1548 763 δυναμένων
1593 694 1750 746 αὑτὸν

229 781 454 846 βλέπειν
493 781 622 834 καθὸ
655 781 822 847 Λόγος
877 776 971 850 ἦν,
1020 781 1111 833 καὶ
1162 781 1293 848 πρὸς
1352 780 1477 833 Θεὸν
1529 776 1618 849 ἦν,
1661 781 1751 833 καὶ

202 868 363 935 ,Θεὸς
396 866 481 938 ἦν,
520 870 571 923 id
603 878 713 932 est,
744 888 762 919 ι
784 869 910 934 Quis
953 870 1092 923 enim
1138 869 1272 923 alius
1319 871 1487 925 valeat
1518 883 1749 934 servare,

225 963 283 1006 et
319 959 386 1006 ad
426 959 584 1009 Deum
631 956 752 1021 Opt.
799 955 935 1009 Max.
983 956 1265 1009 humanam
1317 958 1546 1007 animam
1584 956 1752 1008 addu-

226 1057 382 1103 cere,
420 1058 574 1108 quam
613 1042 748 1095 Deus
795 1042 1056 1102 Verbum?
1093 1043 1180 1108 qui
1234 1058 1353 1096 cunt
1401 1046 1449 1096 in
1498 1042 1754 1111 principio

230 1132 379 1196 apud
416 1130 577 1183 Deum
607 1141 767 1195 esset,
801 1140 1013 1199 propter
1039 1132 1183 1183 carni
1211 1133 1532 1185 cohaerentes
1557 1139 1611 1184 et
1640 1146 1755 1184 car-

231 1218 391 1270 uales
426 1220 551 1271 eam
578 1216 750 1271 factus
778 1228 881 1282 est,
915 1228 972 1271 ut
1004 1230 1275 1286 caperetur
1303 1220 1368 1271 ab
1399 1218 1483 1280 iis,
1511 1233 1542 1271 a
1567 1218 1757 1287 quibus

227 1306 437 1373 alioqui
480 1306 738 1359 nevideri
770 1305 980 1374 quidem
1010 1316 1230 1373 poterat,
1263 1307 1312 1359 in
1342 1317 1594 1374 quantum
1629 1305 1756 1358 Ver-

229 1396 362 1448 bum
394 1403 539 1458 erat,
578 1403 631 1448 et
675 1396 810 1463 apud
843 1394 1001 1447 Deum
1048 1404 1191 1457 erat,
1231 1406 1285 1447 et
1331 1395 1465 1448 Deus
1508 1403 1622 1449 erat
1645 1394 1751 1447 ⁵⁸.»

231 1483 478 1550 Denique
504 1482 755 1550 Origenes
782 1498 902 1537 mox
939 1484 1128 1536 ibidem
1166 1484 1352 1538 Filium
1379 1485 1506 1537 dicit
1546 1483 1759 1551 perinde

230 1585 295 1627 ac
356 1570 566 1627 Patrem
622 1587 864 1640 magnum
929 1586 1085 1639 atque
1140 1571 1755 1641 iurontpreltensibilem;

228 1673 364 1724 quin
403 1667 459 1711 et
494 1657 701 1712 Patrem
748 1673 866 1711 cum
905 1658 1168 1726 unigenito
1197 1657 1329 1711 Filio
1356 1659 1512 1710 etiam
1558 1657 1758 1726 magni-

200 1796 205 1803 ,
230 1746 479 1811 tudinem
506 1760 652 1800 suam
690 1746 1107 1800 communicasse
1137 1745 1380 1800 atiirmat.
1410 1746 1579 1799 Verba
1622 1745 1758 1799 intra

199 1900 205 1911 η
230 1834 585 1886 commodiori
614 1833 729 1888 loco
755 1833 959 1903 integre
990 1835 1348 1890 recitabimus.
1568 1828 1575 1845 ³

310 1918 343 1989 ς
376 1919 446 1974 Χ.
494 1918 667 1985 Vides,
699 1920 884 1986 lector,
928 1928 983 1973 ut
1021 1920 1361 1989 Origenesin
1403 1920 1552 1975 libris
1581 1929 1758 1977 contra

231 2008 450 2062 Celsum
480 2007 585 2078 (qui
615 2023 682 2062 ex
704 2009 948 2063 omnibus
1002 2011 1115 2079 ejus
1139 2011 1353 2079 scriptis
1375 2013 1607 2064 omnium
1643 2026 1762 2065 coa-

230 2111 428 2159 sensu,
494 2097 720 2151 maxime
761 2097 993 2166 genuini,
1035 2098 1149 2166 puri
1192 2107 1244 2152 et
1277 2101 1563 2168 incorrupti
1607 2099 1759 2167 sunt)

228 2201 425 2238 veram
472 2186 584 2239 Filii
619 2186 941 2241 divinitatem
990 2188 1177 2254 Saepius
1231 2197 1389 2256 atque
1436 2187 1762 2254 apertissime

230 2275 542 2351 conﬁrmet.
591 2274 718 2340 Quis
762 2274 871 2344 jam
921 2276 1300 2343 suspicaretur,
1339 2291 1403 2330 ex
1450 2277 1595 2330 hisce
1636 2279 1763 2344 ipsis

233 2366 397 2419 libris
420 2379 480 2418 ea
514 2364 686 2430 colligi
717 2364 983 2432 potuisse,
1025 2379 1139 2433 quae
1177 2365 1382 2418 Arianae
1427 2365 1764 2433 blasphemiae

234 2456 528 2524 Origenem
568 2452 759 2508 favisse
798 2454 1166 2507 ostenderent?
1200 2453 1447 2508 Petavius
1491 2464 1661 2508 tamen
1690 2456 1764 2509 De

204 2547 437 2607 ,Trirtit.
482 2545 573 2599 lib.
608 2563 653 2608 ι,
703 2559 820 2613 cap.
849 2544 915 2611 4,
962 2560 1105 2597 ιιιιιη.
1132 2545 1187 2608 5,
1224 2545 1275 2598 id
1319 2545 1500 2614 objicit
1553 2545 1765 2616 Origeni

243 2648 505 2701 tanquam
530 2634 882 2688 Ariauismum
911 2634 1138 2701 sapiens,
1167 2635 1305 2702 quod
1335 2635 1386 2689 in
1418 2635 1552 2690 libro
1579 2652 1628 2689 vr
1656 2653 1767 2691 con-

237 2736 325 2776 tra
358 2721 583 2786 Celsum,
617 2738 762 2777 num.
790 2720 876 2786 60,
910 2737 1027 2790 pag.
1051 2722 1172 2783 678.
1199 2724 1467 2793 scripserit
1494 2742 1507 2778 :
1539 2725 1637 2779 Τὸν
1671 2727 1767 2797 μὲν

239 2809 527 2883 προσεχῶς
561 2811 880 2881 δημιουργὸν
914 2806 1049 2862 εἶναι
1085 2809 1174 2865 τὸν
1211 2811 1336 2865 Υιὸν
1375 2812 1465 2865 τοῦ
1507 2812 1637 2866 Θεαῦ
1670 2812 1770 2866 Λό-

237 2918 373 2969 γον,
421 2899 512 2954 καὶ
564 2898 796 2968 ὡσπερεὶ
839 2898 1125 2968 αὐτουργὸν
1159 2898 1250 2952 τοῦ
1302 2900 1501 2970 κόσμου
1521 2917 1535 2930 ·
1573 2902 1662 2954 τὸν
1712 2901 1769 2953 δὲ

204 2972 222 3051 ί
239 2989 465 3059 Πατέρα
493 2986 585 3041 τοῦ
613 2987 778 3058 Λόγου
801 2985 877 3057 τῷ
906 2988 1315 3058 προστεταχέναι
1340 2989 1415 3060 τῷ
1444 2989 1554 3060 Υἱῷ
1582 2989 1767 3044 ἑαυτοῦ

239 3079 427 3147 Λόγῳ,
453 3076 667 3146 ποιῆσαι
697 3076 785 3130 τὸν
830 3077 1048 3147 κόσμον,
1086 3074 1220 3131 εἶναι
1252 3078 1475 3149 πρώτως
1518 3079 1772 3155 δημιουρτ

242 3167 363 3236 τόν.
383 3166 437 3219 id
467 3175 579 3230 est,
607 3184 624 3216 ι
650 3164 951 3219 Proximum
977 3168 1152 3220 mundi
1177 3167 1416 3235 opiﬁcem
1439 3182 1554 3221 esse
1580 3167 1766 3220 Filimn

244 3259 343 3312 Dei
381 3256 624 3320 Verbum,
657 3255 746 3324 qui
775 3254 915 3308 velut
944 3271 1037 3324 per
1063 3270 1121 3310 se
1158 3258 1408 3310 mundum
1456 3258 1567 3323 ipse
1616 3256 1773 3309 t'abri-

242 3345 426 3401 carit:
455 3343 660 3399 Patrem
708 3358 832 3397 vero
869 3344 1046 3408 Verbi,
1086 3359 1151 3399 eo
1182 3346 1314 3414 ipso,
1344 3346 1480 3415 quod
1518 3345 1651 3400 Filio
1680 3360 1778 3398 suo

206 3492 211 3495 _
242 3446 411 3502 atque
448 3431 618 3485 Verbo
648 3431 869 3501 jusserit
909 3435 1156 3491 mundum
1197 3433 1390 3497 facere,
1418 3448 1534 3490 esse
1580 3436 1775 3502 prima-

208 3526 392 3585 _riutn
439 3522 743 3589 Opiﬁcema
799 3523 900 3577 Sed
953 3524 1213 3591 quomodo
1275 3524 1387 3577 [nec
1435 3524 1773 3592 intelligenda

244 3614 380 3675 sint,
421 3610 529 3676 jam
564 3625 718 3678 supra
763 3612 968 3665 ostendi
999 3611 1063 3665 de
1107 3610 1288 3666 [renati
1321 3613 1560 3667 doctrina
1612 3628 1777 3682 agens

248 3698 413 3762 hujus
453 3698 704 3751 sectionis
742 3713 858 3766 cap.
885 3697 940 3760 5,
972 3712 1117 3750 num.
1143 3698 1204 3763 6,
1244 3713 1348 3767 quo
1390 3698 1641 3754 lectorem
1689 3716 1773 3752 re—

210 3846 215 3849 _
250 3786 425 3840 mitto.
457 3783 612 3839 Certe
634 3800 662 3837 a
698 3784 851 3839 Patre
886 3794 1131 3853 tanquam
1155 3800 1359 3840 suran
1395 3787 1583 3856 Opifice
1619 3789 1771 3856 quasi

249 3876 569 3942 imperante,
602 3886 694 3939 per
720 3872 912 3926 Filium
959 3872 1131 3926 Patris
1159 3873 1457 3941 jussionem
1480 3891 1539 3929 ac
1584 3876 1775 3928 volun-

250 3972 419 4017 tatem
444 3970 812 4028 exsequentem
843 3968 1031 4015 creata“
1049 3961 1209 4017 fuisse
1235 3965 1448 4027 omnia;
1472 3965 1603 4018 adeo
1624 3966 1771 4018 Aria-

250 4064 384 4104 nutn
420 4056 652 4113 nonest,
685 4058 740 4102 ut
766 4051 926 4104 etiam
953 4050 1198 4105 catholici
1239 4052 1500 4117 doctores,
1541 4055 1629 4121 qui
1658 4063 1777 4122 post

248 4136 540 4192 concilium
579 4135 845 4192 Nit-atnutn
894 4139 1146 4201 vixerunt.
1183 4140 1378 4209 quique
1410 4141 1619 4195 Ariana:
1663 4142 1774 4195 ttae-

251 4225 395 4279 resis
430 4224 669 4277 acerrimi
710 4225 1104 4295 itnpugnatores
1134 4227 1302 4292 l'uere,
1328 4230 1522 4297 passim
1562 4228 1686 4281 illud
1723 4232 1775 4282 in

247 4311 471 4380 scriptis
499 4313 608 4365 suis
628 4312 887 4369 alIirmare
920 4331 1023 4370 non
1061 4316 1167 4371 sint
1193 4317 1367 4383 veriti,
1399 4328 1454 4370 ut
1489 4318 1678 4369 ibidem
1710 4331 1777 4370 ex

1847 602 2045 666 mundi,
2071 613 2126 655 et
2157 603 2207 654 in
2239 600 2355 654 ﬁliis
2389 600 2654 654 hominum
2686 598 2933 654 lwtantis.
2977 596 3243 664 Scriptum
3279 604 3365 650 est

1846 690 1983 743 enim
2010 688 2113 742 :Et
2138 690 2258 740 vidit
2288 688 2416 741 Deus
2436 689 2557 756 quia
2585 689 2715 739 bona
2740 699 2853 739 sunt
2876 686 2938 738 η.
2979 685 3191 739 Placere
3219 683 3363 737 Patri

1847 793 2002 845 opera
2019 793 2109 831 sua
2127 778 2337 846 gaudet,
2358 791 2453 829 PER
2477 790 2535 830 se
2553 790 2617 829 ex
2633 790 2912 830 macero
2931 789 3049 829 esus
3076 787 3357 829 EPFEC'I'A.)

1850 866 1974 931 Qua:
2002 874 2264 934 postrema
2293 862 2474 916 liilarii
2507 866 2688 928 verba,
2722 864 2821 918 loci
2852 862 3174 931 Origeniani.
3205 876 3360 928 quem

1850 952 2016 1019 carpit
2053 950 2321 1013 Petavius,
2355 951 2661 1003 sententiam
2705 951 2860 1018 plene
2886 950 3207 1017 exprimunt.
3234 948 3364 1002 Illud

1828 1056 2006 1109 ,porro
2044 1040 2332 1093 notandum
2369 1049 2480 1101 est,
2527 1038 2802 1102 Origenem
2854 1041 3050 1092 dictant
3081 1052 3256 1101 suum,
3300 1052 3367 1091 ne

1852 1130 2092 1196 cuiquam
2139 1127 2495 1182 duriusculum
2545 1128 2837 1190 videretur,
2885 1140 3133 1195 expresse
3196 1124 3369 1181 emol-

1852 1215 1993 1269 liisse
2042 1214 2308 1277 adverbio,
2349 1214 2585 1283 ὼσπερει
2630 1214 2781 1267 uelut.
2815 1212 3001 1282 Filius,
3042 1214 3245 1282 inquit,
3286 1222 3370 1270 est

1852 1302 2327 1373 proximusmundi
2363 1303 2558 1371 Opiter,
2587 1301 2673 1371 qui
2707 1300 2841 1355 velut
2890 1315 2985 1369 pes
3025 1315 3084 1356 se
3120 1301 3369 1356 mundum

1853 1393 1964 1464 ipse
1990 1391 2264 1446 fabricarit
2290 1410 2304 1446 :
2334 1406 2435 1458 qua
2481 1391 2727 1445 cautione
2759 1389 2918 1444 dubio
2960 1390 3146 1458 procul
3187 1405 3373 1446 occur-

1855 1495 1973 1537 rere
1998 1480 2165 1536 voluit
2189 1495 2370 1536 eorum
2402 1480 2593 1541 errori,
2621 1480 2707 1546 qui
2745 1479 2917 1532 Patris
2948 1488 3001 1531 et
3032 1478 3148 1532 Filii
3194 1480 3247 1534 in
3278 1494 3372 1534 eo-

1854 1571 1970 1626 dem
2023 1572 2302 1624 creationis
2371 1583 2529 1637 opere
2580 1568 2859 1621 iudivisam
2921 1566 3206 1637 ἐνέργειαν
3268 1584 3374 1624 non

1857 1661 2181 1730 agnoverint.
2212 1658 2312 1713 Sed
2342 1674 2446 1726 quo
2475 1657 2687 1711 tandem
2725 1658 2914 1710 evadet
2956 1659 3067 1712 haec
3097 1657 3376 1717 scholasti-

1858 1762 2039 1802 corum
2097 1749 2455 1815 theologorum
2503 1746 2556 1800 in
2606 1745 2883 1800 censendis
2944 1756 3189 1800 veterum
3219 1747 3379 1802 dictis

1789 1827 1832 1882 Β
1860 1840 2074 1893 audacia
2114 1854 2178 1894 ac
2213 1837 2526 1892 temeritas?
2574 1836 2713 1890 Sane
2744 1837 2787 1890 si
2828 1837 2893 1898 is.
2922 1836 3015 1904 qui
3055 1838 3249 1891 dixerit
3276 1836 3379 1893 Pa-

1857 1938 2010 1993 trem,
2040 1945 2144 1998 qua
2185 1929 2337 1983 Pater
2376 1936 2478 1991 est,
2509 1927 2814 1995 primarium
2843 1940 2961 1980 esse
3003 1927 3180 1980 mundi
3224 1928 3379 1995 opiﬁ-

1856 2035 1990 2082 cem,
2014 2021 2100 2087 qui
2134 2020 2244 2072 lnec
2271 2017 2513 2081 universa
2542 2030 2633 2083 per
2662 2014 2851 2068 Filium
2879 2028 3035 2083 suum
3057 2015 3375 2081 condiderit,

1857 2124 1953 2177 pro
1989 2110 2185 2162 Ariano
2228 2108 2499 2161 habendus
2545 2114 2658 2168 est;
2706 2105 2787 2158 vix
2827 2105 2894 2160 ab
2930 2105 3214 2159 Arianismi
3260 2104 3378 2159 labe

1859 2212 2022 2266 purus
2046 2197 2146 2251 erit
2172 2197 2282 2264 ipse
2308 2194 2519 2257 Paulus,
2546 2196 2599 2248 in
2637 2192 2797 2262 Epist.
2827 2198 2850 2247 1
2880 2195 2946 2246 ad
2976 2193 3231 2256 Cerialia,
3257 2208 3376 2262 cap.

1859 2303 1974 2352 vni,
2005 2288 2219 2352 vers.6,
2259 2287 2325 2340 de
2370 2286 2626 2353 partibus,
2664 2292 2726 2337 ut
2769 2284 2841 2338 ita
2876 2284 3077 2351 loquar,
3109 2282 3284 2336 Patris
3328 2291 3384 2338 et

1860 2376 1979 2432 Filii
2018 2377 2070 2430 in
2102 2391 2276 2429 rerum
2307 2374 2574 2428 creatione
2604 2384 2657 2426 et
2695 2374 3059 2435 renovatione.
3096 2372 3172 2427 sic
3207 2371 3380 2425 disse-

1863 2481 2022 2521 rens:
2058 2484 2077 2519 α
2105 2464 2262 2519 Nobis
2294 2479 2428 2518 unus
2472 2474 2554 2518 est
2587 2463 2721 2518 Deus
2756 2461 2928 2523 Pater,
2963 2478 2991 2514 a
3036 2476 3141 2530 quo
3184 2467 3382 2525 omnia,

1864 2563 1919 2608 et
1944 2569 2043 2609 nos
2069 2555 2121 2608 in
2166 2554 2280 2622 ipso
2317 2571 2332 2607 :
2376 2560 2431 2606 et
2458 2566 2595 2606 unus
2642 2551 2892 2605 Dominus
2924 2548 3077 2605 Jesus
3120 2549 3383 2613 Christus.

1865 2655 1960 2710 per
1988 2656 2139 2709 quem
2167 2641 2363 2705 omnia,
2391 2648 2445 2693 et
2472 2654 2568 2693 nos
2597 2653 2688 2706 per
2717 2639 2906 2705 ipsum.
2937 2655 2955 2688 ι
2996 2637 3126 2690 Nam
3174 2637 3299 2690 illud
3328 2636 3389 2702 ὲξ

1866 2725 1946 2796 οὗ,
1973 2747 2004 2783 a
2029 2746 2149 2797 quo,
2183 2742 2396 2782 causam
2436 2727 2738 2795 primariam
2780 2727 3027 2780 denotare
3055 2725 3389 2777 manifestum

1867 2827 1966 2874 est.
1996 2817 2143 2871 Unde
2173 2826 2226 2870 et
2256 2816 2559 2870 Theodorus
2599 2813 2731 2868 Beas
2761 2813 2826 2867 ad
2862 2813 3033 2867 locum
3077 2813 3190 2868 haec
3220 2813 3389 2865 adno-

1869 2914 1982 2960 tat:
2019 2922 2036 2955 ι
2068 2904 2196 2960 Cum
2231 2905 2387 2958 Pater
2428 2918 2457 2955 a
2500 2902 2635 2956 Filio
2676 2902 3031 2968 distinguitur,
3066 2900 3138 2954 illi
3186 2900 3388 2967 princi-

1868 2996 2008 3066 pium
2056 2994 2317 3048 tribuitur.
2341 3011 2360 3043 ι
2398 2991 2610 3045 Scilicet
2638 2993 2746 3045 lucc
2790 2991 2965 3043 omnia
2995 2991 3212 3042 omnino
3248 2988 3386 3043 refe-

1872 3084 2030 3137 renda
2058 3091 2177 3136 sunt
2198 3080 2263 3134 ad
2296 3079 2433 3133 illam
2462 3077 2579 3131 Filii
2606 3078 3084 3131 subordinationem
3112 3089 3213 3142 qua
3246 3074 3390 3128 Patri

1871 3180 1927 3225 ut
1950 3170 2161 3225 auctori.
2187 3184 2280 3223 suo
2305 3168 2414 3237 (hic
2441 3168 2630 3220 iterum
2657 3166 2786 3234 ipsis
2813 3164 2994 3217 llilarii
3022 3164 3197 3217 verbis
3226 3160 3390 3232 utor),

1868 3258 2133 3324 subjectus
2177 3266 2289 3322 est,
2332 3257 2396 3309 de
2439 3271 2542 3325 qua
2574 3256 2807 3307 sectione
2850 3263 3034 3320 quarta
3068 3251 3237 3306 fusius
3271 3266 3395 3320 age-

1870 3361 2003 3399 mus.
2034 3344 2203 3411 Quid?
2230 3341 2369 3410 quod
2401 3342 2452 3394 in
2492 3341 2605 3408 ipso
2634 3339 2884 3409 Symbolo
2927 3336 3132 3392 Nicano
3173 3338 3394 3391 credere

1866 3432 2129 3503 iubemur,
2168 3433 2338 3501 primo
2373 3448 2391 3479 ι
2424 3430 2476 3481 in
2513 3443 2670 3481 unum
2723 3426 2882 3480 Deum
2924 3424 3130 3478 Patrem
3156 3425 3396 3492 onmipu-

1872 3531 2066 3577 tentem
2113 3521 2346 3575 omnium
2397 3517 2679 3573 visibilium
2708 3525 2762 3570 et
2802 3512 3145 3568 invisibilium
3190 3522 3397 3566 creato-

1873 3626 1981 3666 rem
2026 3627 2041 3664 :
2092 3609 2279 3664 deinde
2337 3609 2388 3661 in
2444 3621 2601 3661 unum
2664 3603 2939 3658 Dominum
2992 3601 3174 3657 Iesum
3225 3600 3397 3656 Chri—

1869 3711 2032 3765 stum,
2056 3712 2182 3761 etc.,
2220 3714 2311 3768 per
2340 3712 2496 3766 quem
2535 3695 2715 3750 omnia
2747 3693 2886 3749 facta
2929 3701 3071 3747 sunt.
3094 3711 3114 3746 ι
3145 3692 3277 3746 Puto
3305 3688 3397 3744 Νι-

1871 3806 2043 3846 caanos
2071 3790 2274 3852 Patres,
2303 3789 2401 3841 nisi
2431 3788 2483 3839 in
2515 3785 2843 3840 (ecumenico
2867 3783 3238 3838 convenissent
3269 3796 3397 3834 con-

1871 3880 2013 3943 cilio,
2040 3880 2123 3933 cui
2156 3878 2304 3930 nefas
2329 3875 2812 3939 sitcontradicere,
2843 3880 3059 3941 propter
3085 3872 3194 3923 haec
3228 3870 3392 3930 dicta.

1871 3982 2045 4021 acrem
2067 3966 2263 4019 Petavii
2289 3964 2501 4018 Jesuita:
2522 3976 2801 4016 censuram
2827 3960 2912 4014 vix
2934 3972 3183 4014 evasuros
3209 3957 3391 4011 fuisse.

1872 4056 1942 4111 Ut
1967 4055 2153 4123 paucis
2184 4069 2291 4107 rem
2321 4062 2483 4107 t0tam
2516 4052 2857 4120 complectar,
2879 4050 2966 4116 qui
3001 4048 3189 4102 dixerit
3231 4049 3389 4101 iteum

1872 4145 2101 4209 Patrem,
2146 4153 2393 4209 tanquam
2436 4124 2633 4195 fontem
2683 4138 2974 4192 divinitatis
3009 4138 3243 4206 adeoque
3287 4153 3398 4191 om-

1874 4236 2016 4289 nium
2057 4234 2418 4301 operationem
2456 4231 2752 4285 divinarum
2804 4229 3099 4296 originem,
3142 4244 3170 4280 a
3219 4229 3392 4298 seipse

1874 4338 1967 4394 per
1996 4323 2182 4376 Filium
2229 4335 2379 4376 suum
2434 4320 2682 4373 mundum
2721 4317 3037 4380 condidisse,
3080 4332 3141 4372 ac
3180 4320 3397 4386 proinde

249 4406 376 4473 ipso
419 4399 634 4456 Petavio
678 4406 1027 4462 ostendimus.
1076 4405 1430 4476 Scriptoribus
1480 4408 1636 4461 isthic
1681 4407 1773 4460 ad-
1806 4428 2054 4490 “rerum
2103 4411 2336 4467 omnium
2385 4409 2687 4477 primarium
2731 4423 2848 4462 esse
2892 4407 3173 4475 opiﬁcem,
3225 4421 3305 4461 nae
3349 4410 3394 4463 is

249 4491 426 4567 dnctis
466 4490 593 4545 libet
632 4494 716 4547 hic
756 4508 915 4546 unum
959 4493 1211 4548 Hilarium
1248 4496 1551 4563 adjungere,
1597 4497 1683 4563 qui
1718 4495 1770 4549 in

252 4586 394 4636 Μηό
435 4594 484 4633 tv
515 4580 584 4657 pe
623 4580 805 4634 Triuit.
837 4597 999 4651 agens
1046 4586 1110 4637 de
1148 4586 1322 4638 verbis
1364 4586 1463 4638 illis
1511 4585 1778 4648 Genesi,

248 4675 345 4735 :26,
370 4668 651 4722 Faciamus
678 4670 930 4724 hominem
962 4672 1030 4724 ad
1059 4672 1329 4741 imaginem
1355 4684 1600 4737 nostram,
1632 4680 1773 4737 etc..‘;

252 4763 334 4814 sic
375 4760 604 4829 loquitur
640 4775 689 4828 p.
714 4760 834 4820 859.
865 4760 1003 4815 840:
1043 4779 1061 4812 ι
1088 4761 1187 4817 Per
1211 4764 1261 4817 id
1287 4764 1427 4831 quod
1453 4764 1647 4816 dictum
1677 4772 1777 4826 est,

258 4847 541 4900 Faciamus
580 4850 863 4913 hominem,
896 4865 959 4902 ex
994 4866 1058 4905 eo
1087 4853 1232 4921 origo
1267 4859 1364 4912 est,
1389 4865 1454 4904 ex
1495 4866 1597 4917 quo
1639 4851 1782 4917 capit

255 4945 312 4990 et
351 4949 559 4990 sermo:
591 4941 639 4991 in
667 4954 730 4994 eo
766 4954 884 4992 vero
916 4941 1053 5006 quod
1088 4942 1222 4994 Deus
1267 4940 1330 4992 ad
1364 4941 1639 5008 imaginem
1690 4941 1782 4994 Dei

220 5025 390 5095 “facit
440 5024 739 5089 hominem,
792 5028 1117 5095 signiﬁcatur
1170 5030 1328 5082 etiam
1366 5028 1432 5091 is,
1479 5043 1572 5094 per
1625 5043 1779 5095 quem

258 5125 651 5168 consummatur
701 5115 955 5183 operatio.
985 5132 1003 5165 ι
1061 5115 1124 5166 Et
1170 5117 1323 5184 paulo
1370 5126 1522 5184 post:
1558 5136 1576 5166 ι
1609 5118 1664 5169 In
1715 5132 1779 5172 eo

260 5201 405 5268 quod
438 5201 640 5266 dicitur,
667 5202 966 5267 Faciamus,
998 5214 1051 5256 et
1073 5203 1238 5267 jnssio
1267 5214 1571 5271 exsequatur
1596 5215 1652 5257 et
1690 5206 1778 5259 fa-

260 5301 469 5343 ctum.»
504 5289 564 5343 Et
593 5307 709 5346 mox
741 5292 927 5345 iterum
957 5294 1021 5345 de
1057 5290 1324 5359 Sapientia
1370 5292 1481 5345 sive
1513 5291 1642 5346 Filio
1691 5294 1780 5348 Dei

264 5377 411 5434 Patri
455 5391 547 5430 suo
586 5382 907 5449 aggaudente'
947 5382 999 5434 in
1044 5381 1326 5434 creationis
1357 5381 1621 5446 operibus.
1671 5385 1785 5438 haec

265 5466 464 5523 habet:
500 5483 518 5515 ι
545 5464 764 5547 Causam
791 5470 979 5523 lmtitizn
1020 5486 1125 5524 sure
1150 5469 1415 5537 Sapientia
1447 5469 1620 5524 docuit
1649 5488 1665 5526 ;
1697 5470 1788 5527 ia:-

341 5657 384 5687 η
421 5656 571 5711 Joan.
600 5673 637 5721 ι,
673 5660 716 5712 ι.
788 5662 829 5691 ιτ
869 5664 995 5729 Cen.
1025 5681 1061 5729 ι,
1092 5665 1169 5729 to,
1200 5664 1277 5729 ιδ,
1310 5663 1383 5728 l8,
1410 5644 1585 5732 21,23:

1875 4502 2082 4555 Arianae
2135 4499 2349 4553 haeresis
2399 4497 2700 4565 neutiquam
2749 4493 3063 4550 incusandus
3115 4506 3195 4549 est
3241 4513 3254 4550 :
3299 4497 3399 4549 nisi

1856 4605 2004 4659 vero
2034 4590 2264 4658 antiquis
2294 4588 2542 4642 Ecclesia:
2577 4587 2824 4640 Patrilius
2852 4587 3132 4653 universis,
3161 4590 3399 4653 adeoque

1880 4680 2010 4748 ipsis
2076 4679 2417 4746 scriptoribus
2467 4676 2829 4738 θεοπνεύστοις
2887 4676 3171 4729 Arianismi
3224 4677 3395 4729 dicam

1882 4767 2169 4835 impingere
2204 4766 2441 4819 velimus.
2470 4758 2572 4819 Sed
2617 4766 2740 4817 illud
2775 4766 2982 4817 demum
3021 4766 3231 4817 Arianae
3263 4771 3401 4815 esset

1882 4855 2239 4923 blasphemiae,
2282 4855 2326 4907 si
2358 4854 2477 4922 quis
2505 4855 2739 4916 doceret,
2767 4854 2974 4907 Patrem
3012 4854 3121 4907 [nec
3155 4852 3398 4904 universa

1880 4944 2212 4996 coastituisse
2238 4957 2330 5010 per
2358 4942 2566 5010 Filium,
2600 4952 2849 5011 tanquam
2878 4957 2971 5011 per
2995 4942 3398 4993 instrumentum

1880 5032 1980 5086 sibi
2008 5043 2343 5101 extraneum,
2364 5042 2453 5087 aut
2486 5043 2733 5103 tanquam
2766 5048 2858 5101 per
2886 5032 3131 5084 virtutem
3165 5026 3398 5092 aliquant

1882 5132 2004 5176 ante
2044 5133 2231 5177 caetera
2277 5124 2455 5175 omnia
2498 5133 2727 5177 creatam
2752 5158 2773 5181 ι
2810 5130 2966 5187 atque
3009 5115 3074 5167 ab
3108 5114 3271 5181 ipsius
3313 5126 3399 5167 es—

1884 5213 2048 5265 sentia
2083 5213 2305 5265 alienam
2332 5232 2348 5267 :-
2378 5228 2493 5282 qitze
2522 5214 2760 5280 impietas
2794 5215 3016 5263 mentem
3049 5201 3301 5270 Origenis
3333 5216 3400 5254 ne

1888 5313 1980 5366 per
2009 5300 2268 5352 somnium
2300 5300 2507 5367 quidem
2541 5293 2975 5368 utiquam'subiit,
3007 5297 3065 5340 ut
3102 5300 3165 5338 ex
3202 5286 3331 5341 locis
3366 5302 3396 5340 a

1889 5387 2036 5440 nobis
2062 5387 2297 5454 superius
2322 5387 2556 5441 adductis
2592 5388 2769 5455 liquet.

1963 5473 2111 5546 ωιι.
2142 5476 2242 5530 Sed
2277 5488 2329 5530 et
2356 5478 2454 5530 alia
2486 5475 2717 5546 quaedam
2758 5471 2809 5521 in
2842 5464 2964 5532 ipsis
2991 5466 3170 5513 contra
3194 5458 3399 5531 Celsum
