3922 6474
223 367 355 442 ιδοι

1228 365 1317 419 EX
1356 363 1420 419 (ἱ.
1461 359 1657 416 BELLI
1706 359 1856 417 DEF.
1896 357 2072 415 FlDEI
2114 353 2427 412 ΝΙΟᾸΞΝᾸΞ.

3269 353 3398 406 1509

225 482 626 553 μεμερισμένας
677 481 993 543 ὑποστάσεις
1052 497 1069 529 ι
1098 479 1153 532 in
1203 491 1310 532 tres
1360 477 1552 533 divisas
1595 476 1762 545 hypo-

1871 490 1954 528 εει
1986 472 2242 542 episcopi,
2270 473 2360 541 qui
2397 487 2461 526 ex
2501 465 2708 540 synodo
2733 463 3062 540 Antiochena
3086 465 3149 518 ad
3179 463 3394 518 Paulum

219 579 460 622 star-tes.»
528 567 775 622 Petavius
842 568 1053 636 quidem
1113 566 1188 619 De
1253 565 1475 626 Trinit.,
1537 563 1626 618 lib.
1671 569 1753 629 Iv‘,

219 671 269 710 ε.
310 658 362 718 l,
401 658 428 727 ς
463 658 516 721 5,
542 672 604 710 eo
638 656 688 710 in
720 657 834 709 loco
864 670 1040 709 vocem
1072 655 1360 708 ὑπόστασιν
1390 669 1481 722 pro
1510 653 1661 724 οὐσίᾳ.
1703 655 1756 707 in

219 745 540 814 generaliori
614 743 990 812 signiﬁcatione
1067 744 1189 814 poni
1260 743 1453 808 voluit;
1526 744 1654 807 hoc,
1703 750 1760 795 ut

220 835 475 898 arbitror,
497 843 806 903 argumento
837 834 901 885 ad
934 833 984 886 id
1015 834 1280 896 inductus,
1309 838 1444 902 quod
1478 832 1756 900 Dionysius

218 921 522 975 dissensum
567 937 716 976 suum
765 922 831 976 ab
879 922 942 975 iis
994 921 1321 990 proﬁteatur,
1369 921 1458 990 qui
1508 921 1756 976 deitatem

218 1010 272 1062 in
317 1021 428 1064 tres
476 1013 785 1082 bypostases
831 1011 1153 1066 dividebant.
1195 1011 1298 1065 Sed
1339 1013 1436 1065 hoc
1486 1011 1617 1064 nihil
1657 1019 1756 1064 est.

219 1099 411 1169 Neque
443 1101 581 1154 enim
613 1101 927 1169 simpliciter
953 1115 1044 1154 eos
1088 1100 1265 1168 culpat
1297 1100 1595 1170 Dionysius,
1631 1115 1760 1154 con-

221 1199 304 1243 tra
341 1205 481 1259 quos
516 1192 768 1258 disputat,
802 1190 943 1259 quod
984 1200 1090 1243 tres
1127 1190 1178 1243 in
1220 1191 1416 1244 deitate
1453 1190 1764 1260 hypostases

219 1282 549 1348 statuerint;
602 1281 694 1335 sed
735 1281 856 1334 ideo
885 1290 1087 1333 tantum
1118 1282 1258 1349 quod
1304 1280 1617 1350 liypOStases
1649 1281 1764 1334 illas

221 1379 338 1420 trcs
401 1384 518 1422 esse
577 1370 972 1439 μεμερισμένας
1037 1386 1055 1418 ι
1095 1369 1326 1422 divisas:
1389 1370 1759 1422 existimarint.

219 1458 382 1522 Quod
437 1474 556 1512 mox
606 1459 797 1510 ibidem
845 1460 1050 1527 plenius
1099 1460 1370 1527 exprimit,
1413 1459 1535 1512 dum
1584 1473 1764 1512 rursus

217 1549 446 1602 eosdem
480 1549 758 1602 haereticos
785 1549 1029 1603 divisisse
1059 1550 1134 1603 ait
1167 1549 1494 1602 divinitatem
1524 1551 1601 1610 εἰς
1622 1552 1764 1619 τρεῖς

219 1641 553 1702 ὑποστάσεις
585 1639 754 1704 ξένας,
805 1639 1041 1709 ἀλλήλων
1073 1638 1380 1693 παντάπασι
1429 1639 1762 1712 κεχωρισμέ-

216 1745 352 1791 ναςο
394 1748 412 1779 ι
443 1729 495 1781 in
543 1739 650 1782 tres
701 1729 1014 1798 bypostases
1053 1727 1383 1797 peregrinas,
1433 1728 1500 1780 ab
1544 1728 1762 1780 invicem

1857 564 2254 617 Samosalennm
2286 564 2543 630 scripsere
2569 554 2848 634 epistolam
2869 556 2995 628 (28),
3020 557 3068 609 in
3089 555 3195 622 ipsa
3214 563 3396 608 contra

1854 653 2098 706 eumdem
2135 651 2353 705 Paulum
2403 663 2455 705 et
2499 647 2818 710 Sabellimn,
2852 659 3046 718 negant
3075 644 3262 700 Filium
3304 643 3392 694 Dei

1854 757 1972 796 esse
2003 739 2176 793 Patris
2203 741 2502 810 ἐπιστήμην
2535 736 2916 802 ἀνυπόστατον,
2951 753 2970 787 ι
2991 732 3265 790 scientiam
3299 744 3395 796 per

1856 847 1912 884 se
1945 830 2158 884 minime
2183 830 2587 882 subsistentem.
2618 848 2635 880 ι
2670 827 2733 880 Ει
2766 826 2956 880 ibidem
2989 825 3157 893 ipsum
3189 819 3392 894 DeiFi-

1857 921 1980 974 lium
2014 921 2193 973 dicunt
2221 920 2311 973 Dei
2340 918 2514 971 Patris
2541 920 2817 989 ἐνέργειαν
2847 915 3022 981 ζῶσαν
3044 914 3136 966 καὶ
3157 909 3395 980 ὑφεστῶ-

1861 1029 2006 1072 σαν,ι
2036 1010 2276 1063 virtutem
2302 1009 2560 1061 viventem
2594 1024 2653 1059 ac
2677 1008 3069 1060 subsistentem.
3092 1021 3111 1055 ι
3138 1001 3266 1069 Quis
3291 1001 3392 1068 igi-

1861 1111 1946 1156 tur
1979 1101 2182 1153 dubitet
2233 1101 2357 1168 quin
2406 1099 2456 1152 lii
2495 1097 2727 1165 episeopi
2767 1097 2953 1150 Filium
3002 1107 3214 1162 quoque
3253 1091 3395 1145 dixe-

1861 1193 1965 1246 rint
1995 1191 2280 1243 ὑπόστασιν
2315 1205 2343 1242 a
2374 1189 2529 1243 Patre
2572 1187 2910 1241 distinctam?
2944 1184 3240 1240 Praesertim
3270 1196 3390 1244 cum

1862 1281 2142 1349 Dionysius
2172 1279 2555 1332 Alexandrinus
2581 1277 2814 1344 ejusdem
2838 1275 3014 1330 saeculi
3039 1274 3134 1344 τὴν
3159 1270 3393 1326 ὑπόστα-

1863 1390 1943 1425 σιν
1993 1382 2044 1424 et
2091 1373 2148 1422 τὸ
2187 1371 2538 1424 ἐνυπόστατον
2581 1379 2828 1436 tanquam
2865 1367 3006 1426 idem
3044 1364 3394 1436 signiﬁcantia

1862 1463 2149 1530 Usurparit,
2186 1471 2242 1514 ut
2269 1475 2334 1515 ex
2359 1461 2475 1513 loco
2507 1474 2663 1526 supra
2689 1458 2851 1513 allato
2876 1456 3067 1526 liquet.
3094 1455 3395 1520 Alexander

1860 1554 2137 1619 episcomis
2164 1550 2571 1612 Alexandrinus,
2597 1549 2646 1602 in
2675 1547 2898 1616 epistola
2949 1547 3013 1600 ad
3038 1545 3394 1612 Alexandrum

1861 1637 2498 1706 Constantinopolitattum
2524 1645 2647 1689 ante
2673 1636 2930 1704 synodum
2959 1634 3228 1690 Nicazuam
3259 1631 3396 1700 scri-

1863 1741 1970 1800 pta,
2007 1730 2191 1783 eodem
2218 1743 2375 1782 sensu
2415 1740 2598 1782 vocem
2628 1725 2897 1790 accepisse
2929 1724 3156 1788 videtur,
3184 1722 3306 1776 dum
3331 1725 3398 1772 ad

217 1817 453 1868 omnino
482 1824 769 1882 separatas.
796 1835 814 1866 ι
852 1815 1086 1870 Pessime
1123 1816 1285 1884 igitur
1331 1816 1490 1870 verba
1534 1815 1765 1885 Dionysii
1799 1807 1837 1860 Β
1869 1821 2022 1874 verba
2056 1818 2277 1872 Joannis
2318 1817 2653 1886 evangelista:
2693 1817 2895 1882 Evang.
2927 1828 3046 1880 cap.
3096 1828 3136 1873 ι,
3178 1827 3324 1866 vers.
3351 1811 3396 1871 Ι,

217 1904 418 1959 Graeca
463 1905 646 1959 Latine
690 1905 919 1958 reddidit
965 1903 1209 1959 Petavius
1240 1923 1263 1958 ι
1287 1906 1564 1961 distinctas
1597 1905 1764 1974 hypo-

217 2006 428 2050 stases.
455 2013 474 2047 ι
511 1995 779 2049 Adversus
807 1997 903 2049 bos
929 1996 1207 2052 lizereticos
1229 1997 1418 2050 deinde
1444 1996 1629 2050 statuit
1648 1995 1766 2047 Dio-

220 2083 441 2153 nysius,
467 2083 696 2154 ἡνῶσθαι
729 2083 803 2152 τῷ
843 2083 958 2155 Θεῷ
980 2084 1084 2137 τῶν
1108 2083 1238 2137 ὅλων
1263 2083 1352 2138 τὸν
1401 2083 1536 2136 θεῖον
1579 2085 1766 2151 Λόγον,

220 2172 620 2242 ἐμφιλοχωρεῖν
661 2172 716 2224 δὲ
758 2172 833 2243 τῷ
864 2172 997 2242 Θεῷ,
1033 2173 1124 2226 καὶ
1151 2173 1506 2228 ἐνδιαιτᾶσθαι
1534 2174 1594 2226 τὸ
1619 2173 1768 2242 ἅγιον

219 2255 481 2330 Πνεῦμα,
522 2261 699 2314 «ιιιιίιί
751 2262 984 2316 omnium
1026 2263 1133 2318 Deo
1167 2263 1258 2316 Dei
1301 2261 1571 2328 Verbum;
1617 2272 1669 2317 et
1716 2263 1768 2316 in

217 2355 423 2407 eodem
457 2352 657 2405 hzerere
692 2354 994 2422 versarique
1023 2352 1276 2420 Spiritqu
1319 2361 1560 2406 sanctum
1585 2371 1598 2405 :
1621 2371 1638 2403 ι
1673 2352 1770 2405 hoc

218 2452 337 2505 est,
397 2443 708 2510 Iiypostases
765 2449 874 2496 tres
940 2443 1144 2495 divinas
1201 2456 1296 2508 per
1349 2441 1768 2511 inexplicabilem

218 2531 521 2600 quamdam
552 2528 912 2600 περιχώρησιν
943 2530 1126 2584 intime
1151 2530 1249 2584 sibi
1285 2531 1508 2585 invicem
1547 2532 1768 2599 conjun-

219 2630 353 2672 ctas
401 2631 538 2679 esse,
577 2627 630 2670 et
677 2631 794 2670 sese
843 2626 1022 2669 mutuo
1074 2616 1226 2684 quasi
1274 2617 1553 2680 immeare,
1599 2617 1668 2668 ita
1717 2624 1772 2666 ut

219 2709 406 2760 altera
432 2707 499 2759 ab
532 2707 696 2759 altera
733 2711 1036 2774 neutiquam
1072 2706 1306 2775 separari
1337 2706 1521 2775 possit.
1553 2704 1665 2770 Qua
1705 2705 1772 2758 de

220 2811 286 2848 re
317 2794 542 2847 interius
572 2794 718 2861 plura
750 2795 1008 2848 dicemus.
1036 2793 1236 2848 Locum
1271 2803 1449 2846 autem
1485 2795 1621 2848 hunc
1653 2794 1772 2848 Dio-

220 2883 380 2952 nysii
415 2881 637 2957 Rosinani
674 2886 877 2952 integre
914 2885 1132 2938 citatum
1177 2883 1360 2938 videas
1389 2882 1542 2950 bnjus
1577 2885 1770 2936 sectio.

221 2975 319 3026 nis
357 2972 421 3026 de
457 2971 568 3024 Filii
599 2971 674 3042 τῷ
703 2972 986 3042 ὁμοουσίῳ,
1021 2987 1138 3040 cap.
1179 2973 1264 3035 ll,
1301 2987 1444 3025 num.
1498 2973 1546 3024 ι.
1592 2970 1772 3039 Itaque

220 3079 362 3115 cum
399 3062 676 3131 Dionysius
707 3061 978 3116 Romanus
1007 3070 1183 3129 negat,
1215 3062 1265 3115 in
1294 3061 1488 3114 deitate
1522 3069 1629 3114 tres
1656 3075 1772 3115 esse

220 3156 556 3225 bypostases
606 3153 801 3207 divisas
853 3168 914 3207 ac
960 3162 1257 3220 separatas;
1308 3153 1445 3206 idem
1492 3151 1771 3204 manifeste
1799 3151 1834 3169 “‘

218 3243 426 3304 Voluit,
458 3243 596 3308 quod
628 3242 760 3295 alter
799 3242 1098 3312 Dionysius,
1132 3257 1251 3294 cum
1282 3240 1526 3305 allirmat,
1562 3239 1770 3293 Patrem

219 3344 281 3388 et
321 3332 514 3385 Filium
545 3347 661 3386 esse
697 3334 828 3387 duas
875 3335 1184 3403 bypostases
1227 3332 1444 3386 minime
1475 3342 1768 3400 separatas,

219 3434 284 3478 et
341 3421 598 3489 Spiritum
636 3431 878 3476 sanctum
921 3435 1132 3490 quoque
1178 3420 1486 3492 bypostasin
1542 3435 1660 3475 esse
1720 3421 1771 3474 in

217 3513 356 3581 ipso
406 3509 539 3562 Filio
580 3511 997 3572 subsistentem,
1044 3510 1282 3578 adeoque
1326 3525 1496 3578 neque
1540 3526 1570 3564 a
1612 3510 1768 3575 Filio,

215 3615 411 3670 neque
440 3616 469 3652 a
501 3599 654 3654 Patre
683 3599 1020 3666 disjunctam.
1057 3602 1318 3655 Nimirum
1352 3612 1570 3672 uterque
1606 3604 1768 3673 hypo-

216 3705 457 3748 staseon
483 3689 875 3743 distinctionem
919 3692 968 3742 in
1001 3690 1278 3745 divinitate
1301 3692 1501 3759 pariter
1531 3695 1770 3762 agnovit;

222 3792 467 3846 uterque
511 3779 821 3832 divisionem
870 3791 924 3833 et
977 3779 1368 3847 separatiouem
1422 3781 1772 3850 bypostaseou

219 3871 443 3942 pariter
479 3869 707 3936 negavit.
745 3867 836 3923 His
879 3884 1004 3922 vero
1033 3869 1380 3924 clarissimam
1423 3871 1593 3925 lucem
1622 3871 1777 3926 affert

232 3961 391 4016 alter
424 3957 656 4028 Dionysii
696 3959 1037 4012 Alexandrini
1075 3958 1242 4025 locus,
1286 3961 1480 4014 citatus
1527 3975 1556 4014 a
1592 3960 1778 4029 Magno

225 4049 440 4105 Basilio
465 4048 517 4100 in
556 4049 688 4101 libro
714 4047 787 4100 De
809 4045 1003 4113 Spiritu
1029 4059 1230 4114 sancto,
1259 4064 1377 4118 cap.
1406 4049 1495 4113 29,
1547 4049 1631 4103 ubi
1661 4050 1778 4103 Dio-

223 4139 458 4211 nysium
506 4137 648 4191 illum
701 4138 897 4191 inducit
936 4139 1013 4192 sie
1059 4138 1111 4192 iu
1175 4139 1346 4192 media
1397 4154 1489 4193 sua
1534 4141 1780 4208 Apologia

219 4237 428 4286 contra
451 4224 774 4278 Sabellinnos
789 4227 1133 4292 disputantem
1149 4225 1257 4295 (‘27)
1279 4243 1294 4278 :
1312 4227 1373 4278 Ei
1391 4227 1464 4296 τῷ
1479 4231 1620 4297 τρεῖς
1645 4222 1779 4281 εἶναι

217 4321 338 4380 τὰς
372 4317 709 4377 ὑποστάσεις,
760 4317 1160 4384 μεμερισμένας
1205 4311 1342 4368 εἶναι
1372 4316 1606 4384 λέγουσι,
1640 4319 1782 4386 τρεῖς

1869 1912 1978 1964 base
2009 1911 2191 1963 scribit
2210 1907 2319 1978 (29)
2343 1928 2354 1962 :
2375 1909 2484 1977 Τήν
2507 1907 2612 1976 γὰρ
2631 1905 2917 1974 ἰδιότροπον
2936 1901 3094 1956 αὑτοῦ
3111 1901 3401 1956 ὑπόστασιν

1867 2001 2142 2069 ἐδήλωσεν,
2169 1997 2355 2061 εἰπὼν,
2372 1999 2464 2050 Ἐν
2483 1994 2636 2064 ἀρχῇ
2662 1992 2738 2063 ἦν
2759 1997 2791 2046 ὁ
2813 1995 3017 2061 Λόγος,
3040 1991 3134 2044 καὶ
3160 1995 3191 2042 ό
3212 1991 3398 2056 Λόγος

1865 2087 1941 2158 ἦν
1958 2089 2102 2157 πρὸς
2123 2089 2225 2141 τὸν
2246 2089 2410 2151 Θεόν,
2436 2106 2453 2138 ι
2475 2088 2524 2140 id
2540 2095 2652 2139 est:
2673 2103 2692 2136 ι
2719 2083 2938 2152 Proprio
2966 2083 3118 2136 modo
3147 2088 3399 2134 constan-

1861 2187 1972 2247 Διιιιιι
2009 2176 2122 2242 ejus
2153 2174 2312 2244 (Filii)
2354 2172 2675 2245 liypostasim
2718 2167 3055 2237 signiﬁcavit,
3089 2165 3292 2228 dicens,
3327 2161 3392 2216 lu

1865 2267 2114 2335 principio
2140 2275 2247 2318 erat
2286 2262 2519 2326 Verbum,
2554 2270 2600 2313 et
2638 2259 2852 2313 Verbum
2884 2267 2990 2310 erat
3021 2259 3160 2322 apud
3180 2253 3395 2309 Deum.)

1871 2357 1956 2422 Et,
1984 2358 2026 2410 si
2060 2355 2248 2424 Magno
2281 2354 2494 2416 Basilio,
2539 2353 2714 2422 potius
2754 2366 2920 2418 quam.
2962 2361 3163 2416 nupero
3191 2343 3402 2399 Jesuitze

1871 2447 2105 2509 Petavio,
2135 2445 2266 2500 ﬁdes
2295 2443 2532 2497 habenda
2560 2443 2651 2507 sit,
2682 2441 2867 2496 eodem
2895 2453 3052 2493 sensu
3083 2431 3402 2490 vocabulum

1871 2536 2259 2597 intellexerunt,
2305 2534 2459 2602 juxta
2496 2532 2766 2599 antiquum
2806 2529 3016 2583 scilicet
3070 2528 3120 2578 in
3168 2521 3403 2577 Ecclesia

1871 2641 2045 2690 usum,
2084 2623 2272 2678 Patres
2303 2623 2525 2685 Nicaeni,
2556 2636 2674 2676 cum
2724 2621 2774 2672 in
2807 2616 3054 2688 Symbolo
3097 2615 3406 2670 anathema-

1873 2717 2103 2768 tizarunt
2140 2727 2262 2776 eos,
2293 2712 2382 2781 qui
2423 2712 2660 2766 dicerent
2701 2709 2892 2764 Filium
2937 2721 3056 2762 esse
3106 2704 3164 2768 ἐξ
3215 2704 3404 2773 ἐτέρας

1871 2803 2209 2865 ὑποστάσεως
2256 2802 2289 2872 ἢ
2323 2801 2525 2864 οὐσίας,
2562 2815 2669 2854 (ει
2711 2798 2812 2850 alia
2844 2795 3123 2866 bypostasi.
3148 2795 3258 2847 sive
3280 2792 3406 2848 sub-

1870 2894 2064 2948 stantia
2099 2913 2118 2946 i
2157 2907 2316 2962 quam
2345 2891 2539 2946 Patris.
2567 2889 2697 2943 Nam
2721 2887 2950 2943 Basilius
2982 2886 3033 2938 in
3075 2881 3292 2952 epistola
3315 2881 3403 2944 78,

1872 2983 2109 3037 referens
2151 2980 2458 3034 Marcellum
2492 2980 2856 3048 Ancyranum,
2892 2986 2944 3028 et
2984 2974 3118 3028 alios
3149 2972 3404 3042 quosdam

1873 3073 2183 3128 Sabellianze
2213 3071 2444 3124 fautores
2470 3069 2710 3131 haeresis,
2736 3083 2798 3121 ex
2831 3067 2935 3120 illis
2967 3063 3164 3118 Niczcni
3193 3061 3406 3116 concilii

1871 3163 2043 3216 verbis
2071 3161 2421 3231 patrocinium
2451 3160 2794 3230 quaesivisse;
2829 3155 3010 3210 οὑσίαν
3037 3163 3089 3209 et
3120 3153 3409 3212 ὑπόστασιν

1871 3263 2026 3321 negat
2051 3253 2114 3304 ἐκ
2143 3251 2500 3322 παραλλήλου,
2524 3259 2578 3306 et
2611 3260 2862 3317 tanquam
2890 3249 3026 3301 idem
3047 3244 3410 3314 signiﬁcantes

1872 3357 2032 3397 voces
2063 3357 2092 3396 a
2127 3340 2370 3395 Patribns
2398 3340 2664 3394 adbibitas
2690 3340 2873 3393 fuisse.
2894 3337 3042 3403 Quod
3074 3337 3174 3390 bac
3207 3337 3411 3389 ratione

1869 3432 2056 3500 probat
2084 3449 2097 3484 :
2127 3431 2186 3484 El
2213 3429 2319 3502 γὰρ
2349 3429 2498 3500 μίαν.
2525 3431 2616 3483 καὶ
2638 3428 2736 3500 τὴν
2771 3427 2935 3498 αὑτὴν
2965 3427 3177 3498 ἐδήλουν
3208 3425 3412 3480 ἔννοιαν

1869 3525 1925 3578 αἱ
1953 3524 2140 3592 φωναὶ,
2165 3521 2247 3584 τίς
2274 3521 2428 3592 χρεία
2449 3516 2515 3591 ἦν
2543 3519 2841 3588 ἐκατέρων;
2858 3516 3016 3571 Ἀλλὰ
3039 3515 3192 3584 δῆλον
3214 3515 3312 3577 ὃτι,
3335 3513 3412 3574 ὡς

1869 3613 1975 3666 τῶν
2015 3613 2110 3682 μὲν
2132 3612 2470 3684 ἀρνουμένων
2495 3610 2554 3663 τὸ
2586 3612 2650 3663 ἐκ
2671 3610 2768 3679 τῆς
2797 3607 2980 3670 οὐσίας
3013 3605 3149 3658 εἶναι
3173 3604 3265 3658 τοῦ
3298 3605 3412 3660 Παν-

1871 3705 2019 3774 τρὸς,
2041 3703 2148 3755 τῶν
2200 3703 2256 3756 δὲ
2285 3702 2545 3770 λεγόντων
2574 3699 2695 3753 οὔτε
2739 3701 2804 3752 ἐκ
2836 3699 2930 3768 τῆς
2973 3697 3176 3758 οὐσίας,
3214 3694 3326 3748 ἀλλ’
3356 3693 3414 3756 ἐξ

1872 3794 2032 3863 ἄλλης
2065 3795 2204 3854 τινὸς
2245 3793 2616 3854 ὑποστάσεωςο
2645 3789 2814 3852 οὕτως
2843 3789 3124 3858 ἀμφότερα
3157 3787 3231 3848 ὡς
3263 3784 3414 3837 ἀλλό-

1873 3898 1998 3951 τρια
2032 3880 2122 3932 τοῦ
2161 3879 2599 3949 ἐκκλησιαστικοῦ
2632 3879 2970 3949 φρονήματος
3017 3875 3408 3946 ἀπηγόρευσαν.

1876 3971 1930 4024 ld
1976 3981 2078 4034 est,
2132 3989 2150 4020 ι
2181 3970 2235 4022 Si
2271 3985 2428 4022 unam
2464 3979 2516 4023 et
2552 3969 2791 4022 eamdem
2821 3979 2930 4020 rem
2977 3965 3412 4033 signiﬁcaverunt

1875 4076 2036 4116 voces
2067 4060 2192 4125 illae,
2220 4061 2346 4128 quid
2379 4059 2642 4113 attinebat
2672 4057 2828 4112 simul
2860 4055 2977 4109 illas
3006 4055 3282 4109 adhiberi?
3305 4053 3412 4109 Sed

1877 4153 2212 4220 perspicuum
2264 4159 2370 4210 est,
2407 4164 2472 4204 eo
2513 4149 2652 4218 quod
2689 4148 2778 4202 alii
2832 4155 3090 4215 negarent
3129 4145 3322 4200 Filium
3382 4157 3415 4196 e

1879 4241 2174 4294 substantia
2205 4254 2324 4294 esse
2356 4240 2562 4304 Patris;
2601 4238 2687 4292 alii
2722 4251 2902 4306 neque-
2926 4251 2989 4292 ex
3021 4237 3415 4304 ejussubstan-

1883 4329 1974 4392 tia,
2025 4339 2079 4381 et
2128 4343 2192 4380 ex
2231 4329 2336 4380 alia
2385 4329 2600 4395 insuper
2654 4325 2934 4396 hypostasi.
2964 4339 3084 4378 esse
3137 4324 3411 4378 dicerent:

217 4413 348 4465 εἰσι
379 4404 478 4460 κᾶν
531 4404 607 4473 μὴ
654 4403 892 4468 θέλωσιν,
921 4404 953 4474 ἦ
982 4405 1079 4473 τὴν
1109 4403 1255 4458 θείαν
1280 4405 1477 4474 Τριάδα
1512 4406 1772 4468 παντελῶς

1883 4426 2158 4485 utramque
2190 4415 2305 4471 illos
2328 4418 2632 4484 opinionem
2662 4425 2914 4482 tanquam
2943 4415 3172 4468 alienam
3201 4427 3230 4466 a
3255 4427 3416 4467 sensu

218 4496 596 4557 ἀνελὲτωσαν,
629 4494 681 4547 id
713 4503 812 4559 est,
869 4511 889 4544 ι
918 4493 972 4546 Si
1013 4509 1076 4547 eo
1117 4496 1259 4562 quod
1298 4503 1408 4549 tres
1437 4505 1560 4549 sunt
1590 4511 1776 4563 perso-

217 4605 343 4652 nas,
374 4586 570 4639 divisas
611 4597 729 4637 esse
771 4582 974 4646 dicunt,
1028 4594 1135 4638 tres
1181 4594 1306 4639 sunt
1345 4587 1552 4638 etiamsi
1589 4587 1778 4647 n'ilint,

217 4689 334 4735 aut
359 4676 591 4730 divinam
624 4673 937 4727 Trinitatem
985 4688 1204 4742 prorsus
1234 4689 1265 4730 e
1307 4677 1480 4730 medio
1521 4675 1724 4728 tollant.
1759 4697 1776 4726 ι

219 4770 450 4838 Quibus
479 4781 544 4822 ex
576 4765 748 4819 verbis
775 4775 956 4832 aperte
981 4763 1266 4833 colligitur,
1314 4766 1448 4832 apud
1478 4764 1783 4818 Catliolicos

224 4858 481 4928 Dionysii
507 4866 660 4910 aztate
687 4865 856 4908 ratum
886 4865 939 4910 et
973 4855 1133 4908 ﬁxum
1163 4855 1288 4908 illud
1319 4853 1505 4916 fuisse,
1535 4864 1643 4908 tres
1667 4870 1781 4908 esse

227 4954 296 5006 in
336 4947 528 5000 divinis
558 4947 899 5015 bypostases;
937 4944 1264 4999 Sabellianos
1293 4959 1420 4997 vero
1458 4959 1520 4996 ex
1573 4945 1658 4996 illa
1689 4945 1784 5018 hy-

227 5036 455 5111 p0tliesi
499 5037 748 5106 consequi
780 5035 1116 5088 existimasse
1165 5043 1271 5087 tres
1313 5048 1431 5086 esse
1473 5033 1784 5102 liypostases

224 5128 481 5185 divisas;
519 5135 696 5194 utpote
743 5126 831 5193 qui
873 5135 980 5178 tres
1011 5125 1286 5178 distinctas
1319 5138 1574 5192 personas
1609 5125 1660 5178 in
1701 5141 1784 5178 es-

225 5214 420 5272 scilliti
460 5214 633 5269 divina
674 5217 873 5283 absque
919 5213 1177 5266 divisione
1212 5212 1562 5267 subsistentes
1613 5225 1786 5268 mente

226 5324 346 5365 sua
374 5307 650 5376 concipere
678 5308 1043 5378 nequiverunt.
1078 5307 1222 5360 llanc
1248 5316 1422 5359 autem
1447 5321 1786 5374 consequen-

232 5405 379 5455 tiam
414 5398 627 5450 omnino
658 5401 897 5467 rejiciuut
930 5400 1082 5451 ambo
1125 5398 1352 5468 Dionysii
1385 5398 1436 5450 in
1467 5400 1602 5452 locis
1631 5416 1787 5468 supra

225 5484 512 5544 adductis.
563 5484 867 5556 Pergamus.
928 5485 1156 5557 Dionysii
1215 5488 1493 5556 utriusque
1541 5489 1790 5557 aequales

322 5594 432 5664 (27)
462 5594 516 5647 S.
554 5594 724 5648 Basilii
750 5605 870 5650 tom.
899 5591 958 5657 ll,
996 5612 1044 5663 p.
1075 5597 1190 5662 558,
1217 5598 1338 5650 edit.
1369 5596 1538 5652 Paris.
1580 5598 1749 5654 1337.

323 5689 432 5758 (28)
468 5687 596 5742 Bibl.
629 5687 739 5742 ΙῬ.
767 5701 885 5742 tozn.
914 5688 993 5742 ΧΙ.

1877 4503 2236 4558 ecclesiastico
2275 4501 2538 4569 reiecisse.
2585 4522 2604 4552 δ
2647 4501 2800 4556 Libet
2833 4516 2956 4554 vero
2995 4501 3082 4558 bic
3111 4501 3286 4556 obiter
3319 4515 3410 4553 ar-

1880 4603 2122 4663 gumenta
2158 4595 2445 4662 przecipua,
2478 4591 2673 4660 quibus
2707 4592 2844 4646 bane
2877 4591 2946 4643 Μ.
2995 4591 3174 4644 Basilii
3203 4600 3416 4644 senten-

1883 4685 2008 4739 tiam
2036 4684 2334 4738 convellere
2363 4683 2610 4736 Petavius
2645 4691 2866 4734 conatus
2891 4690 2974 4735 est
2993 4679 3069 4733 De
3087 4681 3298 4744 Ἑνὶηὶι..
3322 4679 3412 4732 lib.

1885 4789 1958 4837 ιν,
1999 4788 2115 4842 cap.
2149 4773 2205 4838 2,
2255 4789 2400 4826 num.
2438 4771 2494 4837 6,
2540 4771 2726 4840 paucis
2774 4771 2838 4824 ad
2878 4785 3099 4824 examen
3142 4781 3412 4824 revocare.

1891 4882 1908 4912 ι
1937 4863 2138 4930 Primo,
2196 4865 2390 4932 inquit.
2432 4870 2616 4916 contra
2677 4862 2846 4916 solum
2885 4861 2997 4915 Arii
3027 4866 3214 4928 dagma
3258 4857 3416 4926 Sym-

1888 4953 1990 5004 boli
2024 4952 2310 5004 clausulam
2343 4951 2608 5006 addidisse
2663 4949 2850 5006 Patres
2898 4950 3096 5017 liquido
3137 4953 3369 4998 constat.
3395 4964 3414 4994 ι

1889 5043 2128 5095 Poteram
2173 5043 2504 5110 interrogare
2561 5041 2858 5100 Petavium,
2915 5039 3051 5092 unde
3109 5033 3159 5085 id
3219 5033 3424 5100 liquido

1889 5131 2130 5184 constet?
2159 5130 2312 5184 Certe
2343 5132 2706 5200 liquidissima
2740 5137 2970 5185 constat,
3015 5124 3199 5174 Patres
3241 5122 3296 5172 iu
3328 5137 3424 5174 suo

1892 5224 2140 5295 Symbolo
2188 5238 2486 5292 quanquam
2532 5227 2640 5277 Arii
2696 5226 2884 5290 dogma
2929 5212 3188 5281 praecipue
3245 5212 3428 5279 impu-

1891 5328 2053 5382 gnare
2086 5314 2426 5375 intenderim,
2469 5314 2692 5365 aliorum
2731 5321 2899 5362 tamen
2948 5304 3178 5354 haereses
3225 5299 3430 5351 alicubi

1896 5403 2280 5471 perstringere.
2313 5405 2400 5457 Sic
2443 5421 2562 5458 cum
2598 5400 2854 5454 deﬁniunt
2895 5404 2986 5458 per
3034 5385 3230 5438 Filium
3298 5387 3437 5438 facta

1895 5492 2056 5546 fuisse
2103 5497 2302 5558 omnia,
2370 5510 2470 5546 non
2507 5491 2750 5546 Arianos,
2791 5479 2985 5548 quippe
3018 5474 3108 5540 qui
3144 5471 3256 5522 hoc
3303 5489 3442 5525 υυιὶο

1968 5599 2076 5670 (‘39)
2110 5601 2427 5658 Tlieodorct.
2484 5594 2671 5650 lt'ccles.
2701 5590 2821 5642 hist.
2853 5585 2946 5639 lib.
2980 5596 3020 5646 ι,
3045 5590 3160 5643 cap.
3201 5574 3264 5628 4.
