3922 6480
441 428 574 478 πῖθῦ

1831 431 2254 487 EXCERPTUM

3661 431 3785 488 130‘

429 555 583 606 quam
624 542 892 608 negarim;
942 545 1034 596 sed
1081 545 1375 611 Ebionzcos,
1416 541 1794 614 Artenionitas,
1848 521 1978 608 Sa—..

2242 587 2256 602 .
2278 549 2531 614 recitata,
2549 551 2675 603 hac
2697 550 2756 602 in
2782 549 2910 602 ﬁne
2929 546 3133 599 habet
3161 561 3179 596 :
3200 542 3334 615 (50)
3357 542 3786 613 Τοὺςδὲλέγον.

430 622 840 691 mosatenianos,
885 638 938 682 et
974 630 1204 696 ejusdem
1241 644 1462 689 moneta:
1507 638 1636 692 alios
1668 639 1948 695 haareticos

427 713 639 767 feriunt.
689 716 793 770 Sed
835 727 969 783 esto,
1003 719 1290 774 clausulam
1338 723 1488 776 istam
1543 738 1726 780 contra
1779 729 1948 781 solum

403 793 739 858 'Arianorum
764 805 950 874 dogma
981 823 1007 860 a
1036 808 1276 865 Patribus
1305 813 1530 865 additam
1586 815 1745 871 fuisse
1789 816 1949 887 (quod

422 891 759 945 verissimum
809 909 924 948 esse
968 896 1150 966 puto);
1204 901 1327 967 quid
1396 905 1542 956 tum?
1575 906 1816 971 iAriani,
1864 908 1949 959 in-

401 981 537 1045 quit
563 980 829 1044 Petavius,
875 999 979 1036 non
1013 985 1306 1040 docuerunt
1362 987 1553 1045 Filium
1585 995 1650 1046 ab
1689 995 1788 1046 alia
1824 1012 1950 1064 pcr-

425 1083 552 1120 sona
592 1086 746 1137 quam
782 1070 953 1127 Patris
990 1075 1241 1142 originem
1295 1081 1533 1133 traxisse.
1559 1101 1576 1132 ι
1613 1082 1948 1153 Respendeo,

428 1171 594 1224 neque
634 1159 879 1212 docuisse
924 1162 1234 1216 Arianorum
1287 1170 1611 1235 quempiam,
1653 1171 1846 1226 Filium
1886 1189 1952 1230 ex

427 1247 526 1300 alia
556 1249 847 1304 substantia
874 1253 1127 1320 Originem
1159 1258 1402 1324 traxisse,
1425 1260 1466 1312 si
1496 1262 1660 1329 rigide
1685 1275 1738 1317 et
1766 1278 1953 1322 exacte

426 1335 565 1403 loqui
615 1338 857 1392 velimus.
908 1342 1096 1396 Verum
1138 1355 1195 1396 ut
1229 1361 1410 1400 omnes
1456 1350 1637 1404 Ariani
1690 1366 1953 1423 negarunt

425 1424 617 1479 Filium
661 1442 691 1481 e
720 1429 1010 1484 substantia
1044 1431 1212 1486 Patris
1244 1447 1454 1502 natum;
1489 1441 1556 1493 ita
1589 1442 1799 1507 quidam
1839 1447 1952 1500 ullo

426 1519 581 1572 modo
605 1532 668 1572 ex
696 1519 808 1586 ipso
833 1521 1004 1584 Patre,
1034 1524 1144 1577 sive
1173 1539 1235 1577 ex
1266 1527 1534 1596 hypostasi
1559 1529 1732 1585 Patris
1766 1544 1948 1586 natum

426 1607 570 1660 illum
602 1606 764 1662 fuisse
786 1613 1405 1677 pernegarunt.~Scilicet
1445 1620 1557 1671 dua:
1588 1619 1736 1675 fuere
1771 1622 1819 1673 in
1840 1625 1948 1688 pri-

426 1697 524 1748 mis
555 1697 999 1751 Ariomanilarum
1021 1701 1253 1755 classes:
1284 1704 1370 1756 alii
1407 1705 1704 1760 fatebantur
1733 1710 1947 1776 quidem

425 1785 612 1838 Filium
644 1803 707 1840 ex
737 1788 845 1855 ipsa
875 1788 1044 1842 Patris
1076 1792 1344 1860 hypostasi
1373 1795 1620 1861 peculiari
1667 1800 1820 1852 modo
1856 1816 1951 1852 ua-

427 1883 534 1926 tum
569 1875 753 1938 fuisse,
783 1891 883 1929 non
913 1887 970 1930 ut
998 1889 1199 1934 caetera:
1245 1893 1520 1947 creatura},
1560 1901 1624 1938 ex
1675 1888 1838 1942 nihilo
1869 1888 1946 1941 ia-
1982 1867 2025 1922 Β

425 1971 600 2024 etum;
636 1965 726 2017 sed
771 1967 1030 2032 negabant
1070 1977 1242 2021 tamen
1278 1969 1464 2023 Filium
1507 1986 1572 2024 ex
1613 1973 1786 2028 Patris
1821 1979 1950 2030 sub—

424 2052 614 2103 stantia
642 2055 998 2121 progenitum;
1036 2059 1280 2112 virtutem
1317 2065 1678 2116 tantummodo
1713 2066 1948 2133 aliquam

425 2149 696 2205 paternam
740 2143 884 2196 illum
928 2159 1047 2199 esse
1092 2148 1458 2202 existimantes
1488 2191 1502 2215 ,
1557 2166 1663 2204 non
1718 2163 1953 2221 paternae

424 2231 729 2284 substantiae
761 2220 1082 2303 ἀλπόρῤοιανο
1114 2237 1199 2290 alii
1243 2254 1309 2291 ne
1351 2255 1411 2293 ex
1460 2241 1572 2308 ipso
1603 2220 1760 2297 Patre
1795 2259 1953 2312 pecu-

426 2323 539 2375 liari
584 2325 737 2378 modo
765 2328 996 2394 genitum
1044 2328 1207 2383 fuisse
1253 2331 1444 2385 Filium
1490 2335 1809 2401 faterentur;
1861 2342 1952 2394 sed

424 2412 574 2477 plane
602 2430 664 2467 ex
697 2431 800 2469 non
829 2419 1200 2474 exsistentibns
1237 2421 1450 2490 factum,
1479 2435 1535 2478 ut
1562 2438 1765 2483 czeterae
1797 2447 1950 2486 crea-

426 2510 571 2563 tura},
599 2505 820 2558 rotunde
850 2509 1274 2572 pronuntiarunt.
1299 2511 1508 2567 Priores
1536 2515 1608 2567 iUi
1634 2515 1950 2576 Semiariani

424 2591 547 2642 dicti
598 2592 760 2654 fuere,
793 2608 1013 2661 quorum
1056 2601 1374 2654 sententiam
1406 2641 1420 2664 ,
1451 2617 1515 2657 ex
1548 2604 1782 2672 ipsorum
1827 2624 1952 2664 con-

424 2679 654 2733 fossione
677 2684 811 2748 apud
830 2683 1180 2754 Epiphanium
1209 2691 1394 2746 haeres.
1423 2707 1619 2759 Lxxin,
1656 2711 1798 2749 num.
1830 2700 1866 2751 2
1900 2710 1952 2753 et

395 2757 596 2839 "si-qq”
638 2773 714 2826 sic
740 2776 920 2839 paucis
949 2779 1146 2845 optime
1178 2782 1462 2848 explicavit
1493 2757 1615 2838 alibi
1651 2788 1764 2854 ipse
1801 2787 1954 2843 Peta-

424 2862 538 2913 vius
569 2862 650 2916 bis
675 2864 844 2918 verbis
871 2883 887 2919 :
919 2883 937 2916 ¢
957 2867 1052 2932 lbi,
1097 2869 1267 2937 inquit
1312 2871 1382 2924 De
1415 2869 1602 2926 Trinil.
1647 2876 1736 2929 lib.
1767 2894 1805 2942 ι,
1831 2893 1950 2946 cap.

403 2951 680 3016 -10,'num.
735 2955 800 3020 7,
841 2957 1000 3009 multa
1043 2959 1304 3013 catholico
1342 2961 1569 3031 dogmati
1596 2981 1752 3034 quam
1784 2970 1948 3022 simil-

422 3041 544 3094 lima
582 3043 874 3109 proferunt.
901 3044 953 3099 ln
988 3049 1171 3115 primis
1194 3051 1328 3114 quod
1358 3050 1548 3106 Filium
1599 3065 1792 3124 negant
1823 3074 1946 3113 esse

421 3141 740 3198 creaturam,
774 3149 836 3187 eo
861 3136 1000 3202 quod
1029 3152 1183 3192 verus
1211 3140 1279 3192 sit
1303 3141 1468 3194 Filius
1495 3157 1514 3194 :
1542 3158 1602 3196 ac
1631 3159 1754 3199 vera
1786 3162 1939 3214 gene-
1973 3182 2015 3236 ς

422 3221 625 3274 ratione
656 3225 961 3290 productus,
1005 3241 1111 3279 non
1141 3230 1341 3297 tropica
1372 3232 1478 3294 illa,
1509 3248 1610 3299 qua
1639 3246 1834 3291 creatas
1861 3255 1948 3294 res

387 3363 397 3373 ,
420 3327 447 3359 a
477 3311 580 3361 Deo
603 3314 791 3378 genitze
813 3313 1057 3367 dicuntur
1086 3335 1099 3369 :
1133 3319 1220 3369 sed
1251 3333 1374 3372 vere
1397 3335 1512 3373 esse
1530 3321 1764 3375 Patrem.
1781 3323 1950 3390 Quem

419 3406 472 3448 et
512 3413 576 3450 ex
626 3415 741 3452 sese
781 3404 1024 3469 genuisse
1069 3405 1262 3458 Filium
1318 3409 1570 3473 fatentur,
1620 3412 1777 3481 idque
1824 3430 1950 3472 ante

421 3501 634 3540 onmem
669 3490 1062 3556 cogitationem,
1101 3504 1154 3546 et
1195 3510 1380 3549 omnes
1430 3501 1677 3564 rationes,
1716 3518 1768 3556 et
1819 3515 1951 3559 tem-

418 3589 569 3641 pora,
591 3585 642 3628 et
669 3578 878 3630 saecula.
907 3579 1028 3633 Haec
1056 3593 1178 3634 sunt
1205 3586 1380 3652 Specie
1408 3588 1519 3654 ipsa
1551 3589 1874 3657 plausibilia,
1900 3609 1952 3650 et

401 3663 486 3716 ‘ad
534 3667 844 3720 catholicam
893 3671 1269 3736 professionem
1319 3691 1474 3743 quam
1521 3683 1760 3745 proxime
1799 3702 1952 3741 acce-

420 3752 571 3805 dunt.
601 3754 702 3807 Sed
726 3757 872 3811 deest
904 3766 1078 3815 tamen
1116 3763 1214 3816 hoc
1243 3764 1366 3828 illis,
1399 3765 1450 3818 in
1489 3783 1593 3834 quo
1633 3771 1752 3825 fidei
1790 3777 1952 3830 robur

419 3853 678 3910 caputque
704 3847 975 3913 consistit,
1023 3854 1160 3918 quod
1203 3853 1389 3907 Filiqu
1429 3857 1491 3909 ὲκ
1517 3859 1615 3928 τῆς
1643 3861 1829 3926 οὐσίας
1860 3881 1952 3932 ge-

420 3933 586 3986 nitum
626 3949 654 3986 a
696 3935 852 3991 Patre
896 3952 1015 3992 esse
1055 3957 1157 3994 non
1206 3945 1557 4012 confitentur,
1603 3950 1698 4002 sed
1745 3954 1808 4004 ὲκ
1854 3957 1951 4024 τῆς

419 4024 722 4094 ὁμοιότητος
783 4027 874 4080 τοῦ
931 4030 1168 4101 Πατρὸς,
1229 4051 1292 4087 ex
1352 4038 1688 4093 similitudine
1741 4043 1948 4108 Putris;

418 4127 605 4179 nempe
627 4115 868 4186 ἐνεργείᾳ
889 4125 1195 4191 γεννητικῇ,
1244 4126 1442 4177 actione
1476 4135 1526 4178 et
1561 4129 1829 4195 efﬁcientia
1864 4149 1950 4198 ge-

418 4201 589 4253 nitali.
628 4203 897 4273 Siquidem
939 4208 1148 4263 Patrem
1183 4214 1325 4265 aiunt
1359 4216 1534 4268 varias
1580 4218 1815 4272 actiones
1848 4223 1948 4273 ha-

420 4288 565 4352 bere,
597 4307 751 4345 unam
782 4297 1054 4366 κτιστικὴν
1094 4305 1407 4367 creatricem,
1442 4304 1656 4358 alteram
1704 4323 1949 4379 γεννητι-

421 4373 942 4447 κὴνθεηεναινὶεεηι,
980 4401 1097 4452 ῳιω
1141 4391 1379 4456 producit
1424 4392 1646 4459 Filium,
1691 4405 1798 4448 tum
1847 4373 1946 4452 non

422 4466 660 4518 eamdem
687 4473 872 4526 οὐσίαν
898 4478 948 4530 in
981 4490 1202 4548 utroque
1239 4499 1354 4538 esse
1384 4495 1642 4547 statuunt,
1674 4490 1764 4540 sed

421 4551 562 4604 inter
589 4568 646 4606 se
671 4559 886 4615 similes.
909 4584 926 4614 ι
957 4566 1242 4638 Utramque
1272 4573 1449 4640 itaque
1483 4573 1764 4629 factionem
1789 4579 1945 4631 'Aria-

421 4641 1019 4738 norumferiuntPatres
1041 4656 1235 4712 Nicwni
1265 4662 1316 4712 in
1347 4663 1521 4716 verbis
1548 4663 1670 4730 illis,
1699 4665 1755 4731 ἐξ
1776 4667 1940 4738 ἄλλης

404 4729 781 4794 ὑποστάσεως,
811 4736 843 4805 ἢ
880 4741 1088 4804 οὐσίας’
1124 4763 1309 4814 nempe
1339 4760 1444 4801 tum
1471 4751 1603 4815 illos,
1635 4757 1724 4822 qui
1752 4757 1942 4811 Filium
2029 4767 2032 4770 ’

421 4834 482 4872 ex
517 4835 738 4886 persona
775 4823 941 4881 Patris
967 4833 1077 4884 sive
1101 4848 1166 4886 ex
1199 4837 1309 4904 ipso
1341 4838 1497 4893 Patre
1530 4842 1635 4894 ullo
1661 4846 1816 4898 modo
1849 4862 1942 4899 na-

422 4919 531 4963 tum
553 4911 714 4965 fuisse
739 4917 1017 4982 negabant,
1045 4933 1096 4974 et
1131 4941 1194 4977 ex
1233 4928 1392 4980 nihilo
1431 4929 1627 4985 factum
1649 4935 1938 4990 dicebant:

421 5013 530 5054 tum
554 5003 711 5055 etiam
739 5017 850 5064 eos,
901 5007 989 5072 qui
1039 5010 1226 5065 Filium
1272 5032 1334 5069 ex
1367 5019 1477 5085 ipso
1507 5021 1660 5076 Patre
1693 5027 1939 5092 peculiari

419 5091 574 5142 modo
603 5101 777 5144 natum
821 5107 939 5144 cum
966 5094 1283 5166 faterentur;
1333 5115 1502 5160 tamen
1543 5110 1599 5174 ἐξ
1637 5091 1821 5175 οὖσίας
1856 5133 1876 5165 ί
1913 5131 1942 5169 e

419 5179 712 5264 substantia
751 5200 769 5231 )
800 5181 972 5236 Patris
1012 5190 1356 5256 progenitum,
1413 5209 1475 5248 ac
1526 5201 1744 5264 proinde
1795 5201 1940 5258 Patri

398 5263 693 5334 -ομοοὺσιον
722 5263 1092 5342 periiegabaut.
1138 5273 1204 5327 Ut
1250 5293 1356 5330 rem
1399 5263 1544 5336 extra
1575 5305 1782 5344 omnem
1817 5309 1943 5348 con-

423 5361 688 5411 troversiae
730 5363 900 5415 aleam
949 5378 1159 5432 ponam,
1201 5367 1458 5423 confessio
1488 5378 1803 5431 Arianorum
1851 5398 1944 5448 per

420 5442 625 5510 Marini,
668 5450 997 5507 Theodorum
1032 5466 1082 5508 et
1122 5455 1351 5508 Marcum
1393 5459 1668 5521 Constanti
1723 5471 1945 5538 impera-

425 5539 521 5587 tori
551 5542 741 5606 oblata,
767 5547 834 5598 ab
873 5549 1165 5602 Athanasio
1210 5549 1302 5602 lib.
1355 5549 1426 5602 De
1465 5559 1660 5621 synodo
1685 5564 1845 5615 Arim.
1893 5557 1940 5616 et

617 5655 750 5730 γλιιῇ
778 5660 1028 5716 Albanas.
1057 5675 1180 5716 tom.
1209 5662 1244 5722 Ιζ
1281 5679 1333 5730 p.
1360 5664 1477 5718 895.

494 5720 602 5780 (δι)
639 5720 843 5792 Bullus,
874 5730 946 5781 De
972 5731 1095 5784 Filii
1125 5732 1200 5796 τῷ
1236 5720 1536 5801 ὰὶτοναῖὸίῳ,
1567 5755 1681 5804 cap.
1712 5743 1938 5811 2,:num.

2047 659 2144 702 τας
2167 641 2223 707 ἐξ
2249 642 2348 694 οὐκ
2374 641 2550 693 ὄντων
2591 641 2693 692 τὸν
2732 639 2910 700 Υἱὸν,
2948 637 2990 706 ἧ
3030 635 3105 698 ἐξ
3139 633 3372 704 ἐτέρας
3406 634 3788 702 (immissus;

2051 732 2143 783 καὶ
2175 731 2250 799 μὴ
2283 732 2350 782 ὲκ
2377 729 2475 782 τοῦ
2503 730 2676 792 Θεοῦ,
2704 727 2868 800 [καὶ]
2909 723 2996 794 ἦν
3030 725 3195 775 ποτὲ
3229 723 3334 775 ὅτε
3370 725 3488 774 οὐκ
3518 720 3614 792 ἦν,
3644 726 3788 778 ἄλλῳ

2048 821 2228 891 τρίους
2256 817 2397 872 οἶδεν
2423 822 2458 890 ή
2494 820 2777 888 καθολικὴ
2797 814 3193 884 Ἐκκλησία.
3215 813 3282 865 ω
3311 824 3436 876 est,
3465 813 3617 868 iEos
3643 830 3796 884 porro

2051 910 2139 978 qui
2172 910 2356 962 dicunt
2389 909 2594 962 Filium
2634 923 2708 962 ex
2739 923 2861 962 non
2899 904 3408 970 exsistentibus,
3439 905 3571 958 sive
3600 918 3671 958 ex
3699 907 3799 959 alia

2051 998 2348 1066 hypostasi,
2379 1007 2432 1051 et
2479 1013 2592 1051 non
2636 1013 2709 1051 ex
2749 998 2879 1050 Deo
2917 1011 3099 1061 esse,
3142 1003 3211 1048 et
3263 994 3381 1048 fuit
3423 1004 3662 1064 tempus
3699 1013 3799 1065 quo

2052 1089 2286 1140 mundum
2332 1097 2452 1140 erat
2499 1087 2699 1151 Filius,
2734 1087 2995 1139 alienos
3046 1099 3083 1136 a
3128 1099 3205 1138 se
3260 1093 3480 1137 censet
3526 1087 3797 1141 catholica

2050 1171 2310 1223 Ecclesia.
2341 1190 2360 1220 ι
2396 1172 2600 1224 Eadem
2630 1173 2808 1240 plane
2839 1169 3167 1225 exhibent
3202 1168 3540 1225 Confessio
3569 1187 3672 1241 per
3696 1173 3793 1228 Eu-

2055 1259 2296 1322 doxium,
2329 1257 2690 1327 Martyrium,
2739 1271 2804 1314 et
2851 1261 3030 1312 alios
3076 1259 3146 1312 in
3207 1257 3458 1312 Italiam
3513 1263 3711 1328 missa,
3749 1275 3798 1318 et

2050 1345 2338 1401 Confessio
2365 1348 2721 1414 Sirmiensis,
2751 1366 2892 1418 qua:
2926 1351 3106 1420 apud
3147 1349 3580 1404 Athanasium
3609 1352 3793 1408 ibidem

2051 1447 2380 1502 sequuntur.
2433 1440 2599 1494 Vides
2648 1452 2851 1495 autem
2892 1443 3034 1506 hic,
3072 1442 3369 1496 Arianos
3415 1442 3552 1497 illos
3581 1459 3800 1511 negasse

2050 1523 2267 1587 Filium,
2317 1541 2386 1580 ex
2417 1529 2591 1582 nihilo
2643 1541 2959 1594 creatum,
3024 1532 3176 1586 sive
3219 1532 3506 1599 factum;
3547 1543 3604 1588 et
3639 1534 3800 1589 fassos

2051 1611 2216 1664 fuisse
2232 1611 2432 1666 Filium
2452 1615 2513 1679 ἐξ
2539 1616 2938 1680 ὑποστάσεως
2974 1636 3000 1670 ς
3036 1635 3128 1672 ex
3157 1619 3493 1687 bypostasi
3520 1641 3540 1672 ι
3583 1623 3677 1675 Dei
3707 1623 3796 1675 Pa-

2053 1704 2170 1767 tris,
2194 1703 2312 1756 sive
2335 1718 2403 1756 ex
2437 1706 2556 1771 ipso
2606 1707 2722 1760 Deo
2760 1720 2989 1762 natum
3032 1726 3054 1762 :
3092 1726 3248 1764 cum
3300 1723 3514 1766 tamen
3565 1715 3796 1770 certissi-

2052 1807 2194 1842 mum
2227 1793 2298 1846 sit
2341 1797 2566 1848 eosdem
2618 1799 2948 1854 hareticos
3005 1817 3367 1870 nunquam
3420 1804 3641 1869 fassos,
3685 1825 3799 1862 nun—

2053 1895 2212 1942 quam
2235 1881 2480 1938 fassuros
2506 1886 2682 1942 fuisse
2709 1889 2937 1942 Filium
2959 1890 3040 1955 ἐξ
3059 1892 3301 1962 οὐσίας
3328 1911 3350 1944 ς
3379 1911 3415 1948 e
3443 1897 3752 1952 substantia
3772 1918 3790 1951 ι

2052 1966 2228 2022 Patris
2254 1977 2628 2040 progenitum.
2661 1977 2844 2032 ltecte
2873 1981 3114 2049 itaque
3146 1994 3359 2052 atque
3390 1988 3626 2041 erudite
3657 2005 3795 2044 voces

2053 2059 2343 2123 ὑπόστασις
2368 2074 2422 2116 et
2445 2065 2612 2119 οὐσία,
2652 2068 2710 2121 in
2741 2069 3060 2137 Synibolo
3100 2073 3794 2134 Nicano-distinxitBa-

2053 2145 2245 2200 silius:
2278 2157 2486 2204 temere
2538 2167 2677 2206 vero
2730 2173 3032 2225 prorsus,
3108 2163 3632 2220 observationem
3667 2172 3788 2222 illam

2052 2237 2228 2303 magni
2261 2239 2504 2293 doctoris
2536 2247 2761 2311 carpsit
2796 2244 3060 2302 Jesuita
3103 2251 3458 2308 Petavius.
3498 2255 3655 2321 Quod
3683 2274 3802 2314 vero

2051 2324 2114 2374 ad
2147 2323 2328 2380 Basilii
2359 2329 2662 2394 rationem,
2689 2348 2944 2401 nempe,
2989 2337 3247 2395 Patres
3293 2342 3575 2400 Nicmnos
3613 2348 3663 2400 in
3692 2360 3794 2420 tam

2050 2413 2194 2468 brevi
2236 2415 2514 2484 Symbolo,
2549 2425 2693 2476 duas
2734 2425 2887 2480 istas
2946 2444 3167 2485 voces
3200 2434 3408 2488 simul
3455 2438 3789 2494 adhibiturus

2049 2521 2154 2557 non
2202 2506 2386 2574 fuisse,
2427 2512 2474 2566 si
2525 2515 2729 2568 cadent
2779 2529 2959 2574 esset
3027 2525 3402 2582 ambarum
3448 2531 3785 2601 significatio,

2049 2601 2635 2667 respondetPetavius;
2665 2607 2718 2659 id
2745 2608 2941 2664 facile
2977 2615 3358 2673 refellitur.
3399 2640 3421 2672 ι
3479 2624 3564 2685 Si,
3612 2625 3789 2692 inquit,

2048 2681 2232 2737 Basilii
2269 2688 2372 2740 ista
2431 2693 2579 2745 ratio
2634 2696 2894 2763 valeret,
2958 2718 3047 2756 ne
3106 2705 3284 2760 illud
3330 2711 3577 2778 quidem
3626 2728 3788 2782 repre-

2051 2775 2326 2830 hensionis
2377 2795 2577 2848 expers
2621 2783 2801 2852 foret,
2861 2795 3051 2860 quod
3112 2797 3180 2849 iu
3238 2803 3470 2854 eodem
3527 2805 3790 2874 Symbolo,

2049 2879 2167 2916 cum
2195 2865 2382 2921 Patres
2412 2872 2710 2941 dixissent,
2751 2879 3087 2938 damnare
3146 2904 3228 2940 se
3295 2891 3460 2958 illos,
3496 2895 3594 2964 qui
3643 2896 3794 2950 fuisse

2049 2954 2337 3020 aliquando
2365 2970 2648 3025 putarent,
2680 2963 2940 3032 quando
2980 2989 3123 3027 non
3189 2989 3349 3032 erat
3382 2954 3590 3049 Filius,
3620 2988 3788 3040 statim

2048 3042 2099 3094 id
2143 3044 2458 3112 subjiciunt,
2505 3054 2652 3117 quod
2712 3055 2877 3111 idem
2945 3062 3344 3132 signiﬁcat,
3401 3085 3464 3127 et
3512 3042 3792 3146 antequam

2049 3144 2379 3200 nasceretur,
2414 3153 2523 3190 non
2565 3153 2692 3194 erat
2721 3160 2739 3197 :
2772 3161 3044 3205 necnon
3119 3161 3296 3225 quia
3355 3179 3431 3215 ex
3480 3144 3790 3221 nullis—sub-

2049 3225 2314 3279 stantibus
2342 3226 2513 3282 factus
2565 3243 2674 3285 est.
2710 3252 2732 3285 ›
2773 3236 2904 3293 Sed
2969 3259 3153 3314 nego
3221 3255 3421 3307 verba
3478 3257 3568 3311 illa
3618 3272 3796 3316 «ante»

2049 3326 2208 3380 quam
2241 3330 2569 3383 nasceretur,
2597 3337 2712 3376 non
2749 3338 2927 3392 erat,
2958 3350 2984 3382 ι
3054 3336 3254 3392 idem
3302 3358 3541 3410 prorsus
3588 3349 3789 3418 signiﬁ-

2051 3413 2196 3466 care,
2227 3405 2365 3470 quod
2400 3407 2603 3474 priora,
2665 3429 2686 3461 ι
2717 3425 2860 3492 erat
2889 3428 3190 3486 quando
3258 3449 3386 3487 non
3433 3446 3572 3489 erat.
3599 3405 3791 3491 (Nam

2050 3494 2193 3559 prior
2235 3499 2495 3548 sententia
2535 3498 2664 3554 Filii
2705 3508 3151 3571 exsistentize
3212 3522 3466 3578 initium
3514 3527 3798 3583 indeﬁnite

2055 3581 2266 3645 tribuit;
2311 3584 2476 3636 altera
2511 3601 2786 3652 punctum
2831 3597 3098 3669 ipsum,
3134 3620 3214 3662 ut.
3278 3615 3366 3666 ita
3405 3616 3610 3683 dicam,
3656 3619 3788 3673 initii

2052 3668 2191 3723 illius
2211 3673 2474 3740 designat.
2500 3676 2778 3744 Equidem
2809 3700 3064 3749 sensus
3107 3699 3176 3752 in
3222 3705 3446 3760 verbis
3487 3668 3792 3774 posieriori-

2053 3759 2151 3811 bus
2177 3760 2324 3826 latet,
2352 3765 2442 3829 qui
2490 3766 2662 3819 etiam
2693 3769 2942 3832 Petavii
2995 3799 3310 3845 acumen
3366 3759 3552 3866 fugit;
3583 3798 3790 3867 quinam

2052 3863 2180 3902 vero
2211 3851 2296 3904 ille
2323 3852 2413 3916 sit,
2445 3853 2587 3909 infra
2647 3871 3081 3928 commodiori
3142 3881 3308 3938 loco
3353 3851 3488 3943 fusve
3524 3851 3790 3960 explicabi-

2054 3955 2192 3992 mus.
2244 3941 2425 4009 Neque
2472 3960 2667 4001 verum
2711 3963 2803 4006 est
2847 3959 2910 4010 in
2976 3972 3230 4027 verbis
3293 3941 3789 4052 consequebtibus,

2057 4031 2221 4095 «quia
2280 4046 2344 4083 ex
2397 4035 2561 4090 nullis
2610 4041 3054 4108 substantibus
3117 4031 3790 4135 factusesvtT—sui‘ni’s-ti;

2051 4117 2189 4170 idem
2227 4121 2382 4185 plane
2423 4128 2623 4192 repeti.
2652 4129 2797 4186 Nam
2833 4154 2917 4190 ex
2961 4157 3184 4216 grege
3249 4117 3626 4218 Arianorum
3655 4165 3787 4219 fuere

2051 4210 2296 4324 :otinulli
2337 4213 2476 4279 (ipso
2521 4217 2755 4276 Petavio
2780 4225 2934 4282 alibi
2971 4235 3038 4286 id
3078 4210 3786 4324 notanteivq'uosmpo—sica

2049 4295 2439 4367 Psatbyrianos
2464 4309 2782 4374 appellatos
2818 4316 3033 4378 fuisse
3092 4340 3358 4393 scribit
3390 4295 3484 4396 [ini
3528 4295 3790 4402 ἶέιέἷοε

2051 4387 2236 4443 limes.
2267 4393 2676 4466 Thcodoretus,
2723 4407 2821 4474 qui
2860 4422 2929 4464 ut
2969 4415 3272 4482 Patrem
3309 4438 3626 4494 exstitisse
3665 4455 3793 4494 sein-

1811 4489 1943 4544 duas
1976 4491 2019 4542 ι)
2052 4494 2164 4544 per,
2197 4480 2269 4532 ita
2313 4482 2510 4536 Filium
2541 4501 2771 4558 semper
2816 4499 2894 4551 ab
2935 4516 3020 4557 eo
3053 4525 3388 4576 creatum
3430 4524 3614 4581 fuisse
3658 4530 3794 4581 dioe-

2047 4578 2164 4619 rcnt
2195 4587 2208 4621 :
2239 4569 2370 4623 nihil
2414 4575 2564 4628 enim
2626 4586 2776 4650 apud
2821 4586 3019 4646 Deum
3093 4605 3298 4662 aliud
3353 4628 3496 4669 esse
3521 4569 3792 4687 “gignere,

2047 4674 2203 4687 ιιι-..ιη
2237 4677 2419 4687 ιιι-Λα-..
2473 4665 2491 4687 1
2513 4669 2571 4687 _.!
2766 4677 2798 4687 ι.

2045 4674 2205 4724 quam
2234 4677 2442 4716 creare.
2473 4665 2571 4721 lsti
2609 4688 2718 4726 non
2746 4677 3043 4740 dixerunt
3073 4691 3309 4755 fuisse
3359 4665 3790 4776 quansouriliu;

2046 4765 2147 4776 ..,...
2348 4773 2358 4776 _
2394 4756 2536 4776 ,.=___,
2644 4773 2653 4776 _
2693 4773 2700 4776 .
2912 4773 2952 4776 _

2045 4765 2150 4800 non
2196 4763 2311 4804 erat
2347 4773 2359 4807 :
2388 4756 2659 4815 dixerunt
2688 4773 2882 4825 tamen
2909 4773 3164 4839 Filitun
3217 4807 3310 4847 cx
3360 4756 3488 4854 1:09
3521 4806 3789 4859 exsistet]-

2045 4837 2180 4859 ιιι---
2212 4842 2234 4859 ι·
2274 4852 2312 4859 κ.

2043 4837 2185 4892 tibus
2210 4842 2431 4898 factum.

3281 5459 3529 5535 Ὀδῆγ.
3561 5467 3776 5536 cap.2[,

3199 5552 3344 5617 ρεῖς
3365 5549 3531 5610 εἶναι
3546 5558 3777 5610 ὑποστά-

2843 5626 2946 5696 τῆς
2975 5631 3149 5703 ἁγίας
3177 5639 3288 5693 xxi.
3324 5645 3774 5718 ὁμοουσέουνίδί)

2047 5490 2270 5596 scripsit
2288 5497 2556 5566 Nicaanos
2594 5517 2814 5586 Patres
2842 5536 3138 5596 deliniisse
3156 5562 3189 5596 τ

2047 5588 2182 5639 σει-ς,
2208 5583 2331 5650 ἤτοι
2357 5596 2662 5665 πρόσωπα
2695 5583 2802 5673 ἐπί

1961 5751 1998 5805 2
2021 5761 2072 5808 el
2097 5771 2254 5825 sum.
