3922 6454
221 428 364 482 13115

1225 427 1312 479 EX
1351 425 1412 478 (ἓ.
1451 421 1640 476 BULLI
1676 423 1829 478 ΒΕΓ.
1873 425 2042 478 FIDEI
2079 419 2401 478 ΜΟᾹΞΝᾹΞ.

3247 425 3374 479 ῑδιιι
3387 435 3395 468 δ

219 541 479 610 Τριάδος,
514 542 563 596 id
587 551 686 605 est,
723 539 898 610 (Tres
931 554 1047 593 esse
1074 541 1401 608 hyposlascs.
1437 540 1546 590 sive
1577 552 1757 596 uerso-
1786 549 1826 602 Α
1856 538 2027 590 caltuli
2061 552 2210 590 usum
2253 544 2307 588 et
2348 531 2791 600 significationem
2825 539 3171 592 retinuerunt.
3195 537 3378 600 .Ouetn

217 645 320 683 nas
347 631 402 682 in
441 638 621 684 sancta
655 637 707 680 et
735 627 1161 682 ronsubstautiali
1193 627 1470 678 Trinitate.
1495 645 1510 674 ι
1555 624 1750 677 llorum

217 719 602 770 auctoritatem
636 716 950 781 contempsit
1001 715 1267 774 Petavius,
1322 716 1386 766 iis
1437 715 1637 767 scilicet
1665 729 1753 766 ar-

216 807 500 872 gementis
531 805 713 865 fretus,
751 804 938 868 quibus
970 818 1027 856 se
1053 803 1231 855 Basilii
1264 803 1575 855 sententiam
1612 800 1754 856 refu-

220 901 369 945 tasse
405 894 600 948 frustra
628 893 897 960 gloriatur.
934 893 1086 945 Certe
1130 894 1384 944 Eusebius
1415 893 1754 946 Caesariensis

215 981 335 1054 (qui
367 985 574 1050 synodo
605 982 826 1036 Nicmaze
856 982 1112 1043 interfuit.
1149 996 1356 1048 quoque
1388 995 1538 1034 nemo
1568 983 1754 1036 melius

213 1073 506 1140 antiquum
546 1072 689 1125 vocis
734 1071 1072 1132 ὑποστάσεως
1117 1071 1166 1121 iu
1216 1070 1440 1122 Ecclesia
1481 1086 1630 1122 usum
1669 1071 1754 1122 in-

216 1162 452 1230 tellexit)
477 1162 527 1216 in
555 1162 744 1214 litteris
785 1164 894 1213 suis
926 1163 988 1214 ad
1023 1161 1344 1214 Eustathium
1372 1161 1752 1213 Antiochenum

214 1251 512 1319 (referente
537 1252 752 1305 Socrate
781 1250 980 1307 Eccles.
1012 1251 1132 1304 hist.
1162 1252 1250 1306 lib.
1284 1267 1323 1312 ι,
1359 1267 1474 1318 cap.
1507 1251 1596 1318 2'5)
1628 1266 1754 1303 con-

212 1342 390 1394 fessus
423 1351 503 1394 est
533 1341 880 1394 ὲνυπόστατόν
929 1358 984 1392 τε
1023 1341 1114 1393 καὶ
1139 1341 1496 1410 ἐνυπάρχοντα
1524 1341 1609 1392 τὸν
1631 1339 1753 1391 Υἱὺν

209 1427 352 1484 εἶναι
384 1431 484 1484 τοῦ
526 1431 676 1489 Θεοῦ,
706 1431 799 1483 ἕνα
841 1448 898 1483 τε
949 1431 1075 1482 Θεὸν
1117 1433 1173 1482 ὲν
1207 1433 1379 1500 τρισὶν
1407 1431 1753 1482 ὑποστάσεσιν

209 1517 372 1582 εἶναι,
415 1521 469 1573 id
489 1531 588 1583 est,
620 1538 636 1570 ι
661 1519 846 1573 Filium
887 1519 974 1573 Dei
1012 1521 1272 1586 propriam
1324 1519 1644 1587 bypostasim
1701 1529 1752 1570 et

208 1608 618 1662 subsistentiam
656 1607 870 1670 habere,
915 1605 1186 1674 Deumque
1227 1607 1278 1658 itt
1312 1607 1478 1658 tribus
1506 1605 1753 1674 hyposta-

207 1695 363 1749 sibus
393 1713 558 1748 unum
591 1710 729 1749 esse.
753 1713 772 1745 ›
800 1697 971 1759 Atque
1004 1695 1104 1748 hoc
1135 1708 1293 1746 sensu
1327 1694 1439 1746 sine
1465 1692 1753 1746 nfiensione

207 1786 466 1852 usurpari
503 1795 889 1850 perseverasset
911 1785 990 1853 (ut
1018 1785 1270 1851 arbitror)
1299 1797 1397 1836 vox
1440 1784 1747 1845 ὑπόστασις.

1851 642 1999 677 usum
2029 641 2120 679 sua
2163 625 2371 678 tandem
2399 624 2720 679 auctoritate
2742 626 3077 680 confirmavit
3099 626 3378 680 concilium

1848 714 2476 778 Coustantinopoiitauum
2503 715 2728 779 primum
2758 715 2809 767 in
2843 714 3002 781 epist.
3027 715 3212 782 synod.
3241 713 3394 780 apud.

1851 803 2233 857 Theodoretum
2273 803 2462 857 Eccles.
2495 805 2618 858 hist.
2647 805 2739 857 lib.
2775 820 2824 867 v,
2851 805 2982 869 lcap.
3020 805 3072 860 9.
3116 803 3375 856 Caeterum

1848 893 2028 944 Ariani
2056 892 2263 945 tandem
2300 893 2457 944 etiam
2486 907 2664 944 vocem
2701 892 3060 954 ὑποστάσεως,
3106 908 3207 943 una
3252 906 3370 943 cum

1849 981 2029 1043 οὐσίας
2071 981 2338 1041 vocabulo,
2371 995 2401 1033 e
2442 981 2692 1048 symbolis
2736 981 2843 1034 suis
2883 980 3227 1046 objiciendam
3271 980 3380 1032 de-

1849 1087 2081 1126 crevere.
2113 1072 2245 1122 Nam
2275 1071 2324 1123 in
2348 1071 2676 1124 confessione
2697 1069 3366 1138 Constantinopoliscripta

1850 1160 1916 1213 ab
1941 1161 2149 1222 Acacio,
2181 1159 2411 1212 Eudoxio
2434 1158 2674 1224 aliisque,
2701 1158 2786 1223 qui
2809 1156 3162 1210 Seleuciensis
3182 1153 3382 1223 synodi-

1850 1253 2060 1303 dccretn
2119 1249 2378 1311 damnati,
2440 1249 2504 1300 ad
2569 1248 2931 1313 imperatorem
2984 1246 3382 1314 confugerunt,

1849 1355 2010 1406 prope
2040 1341 2189 1390 linem
2218 1339 2291 1390 sic
2308 1338 2560 1390 definiunt
2580 1355 2590 1388 :
2610 1335 2716 1406 (33)
2736 1337 2805 1388 Τὸ
2820 1336 2872 1387 δὲ
2892 1336 3056 1405 ὄνομα
3067 1337 3163 1404 τῆς
3174 1335 3389 1399 οὐσίας,

1849 1433 1980 1499 ὅπερ
2008 1429 2359 1498 ἁπλούστερον
2393 1429 2497 1480 ἀπὸ
2524 1430 2630 1481 τῶν
2663 1428 2909 1498 Πατέρων
2945 1429 3118 1497 ἐτέθη.
3151 1425 3373 1495 ἀγνοού-

1852 1537 2005 1588 μενον
2027 1519 2083 1570 se
2111 1520 2220 1580 τοῖς
2251 1518 2414 1578 λαοῖς,
2448 1514 2734 1570 σκάνδαλον
2767 1517 2944 1586 ἔφερε,
2987 1516 3116 1568 διότι
3149 1516 3276 1584 μηδὲ
3319 1516 3380 1568 αι’

1848 1610 2054 1679 Γραφαὶ
2072 1609 2223 1661 τοῦτο
2235 1607 2585 1677 περιέχουσιν,
2600 1607 2756 1677 ήρεσε
2779 1605 3382 1676 περιαιρεθῆναι.-ρΚαὶ

1847 1700 1953 1770 γ’ὰρ
1983 1700 2100 1752 οὑδὲ
2131 1699 2326 1766 ὀφείλει
2367 1698 2654 1759 ὑπόστασις
2693 1699 2819 1766 περὶ
2865 1697 3074 1766 Πατρὸς
3105 1697 3195 1750 καὶ
3223 1697 3374 1758 Υίοῦ,

1848 1792 1939 1843 καὶ
1965 1789 2115 1856 ἁγίου
2141 1789 2442 1856 Πνεύματος
2473 1785 2844 1856 ὀνομάζεσθαι·
2872 1788 3050 1856 ὅμοιον
3073 1788 3127 1840 δὲ
3155 1787 3382 1855 λέγομεν

208 1875 314 1930 nisi
363 1875 549 1926 Ariani
582 1874 747 1940 ipsam
791 1872 936 1925 abusi
984 1871 1205 1925 fuissent
1251 1871 1312 1923 ad
1361 1872 1744 1938 propagaudam

1850 1879 1918 1945 τῷ
1949 1878 2118 1947 Πατρὶ
2147 1877 2237 1929 τὸν
2270 1877 2414 1928 Υίόν.
2447 1875 2498 1928 Id
2542 1885 2642 1935 est,
2677 1893 2696 1925 ι
2729 1875 2924 1928 Nomen
2953 1890 3109 1942 porro
3136 1876 3384 1928 substan-

206 1963 468 2018 baeresitn
514 1977 684 2026 suam,
721 1977 814 2030 pro
852 1972 1040 2014 natura
1075 1975 1138 2014 ac
1188 1961 1476 2013 substantia
1509 1961 1559 2011 iu
1592 1974 1750 2028 gene-

207 2053 401 2104 raliori
440 2051 822 2113 significatione
855 2052 1194 2118 accipientes.
1246 2065 1307 2104 ac
1355 2051 1601 2102 docentes
1646 2048 1747 2100 Pa-

209 2151 352 2194 trem
391 2149 450 2193 et
481 2140 667 2194 Filium
710 2141 836 2192 duas
867 2155 983 2194 esse
1031 2142 1356 2210 hypostases,
1388 2140 1487 2192 hoc
1521 2149 1620 2203 est,
1653 2155 1747 2190 na-

210 2239 364 2281 turas
404 2244 470 2282 ac
501 2229 819 2282 substantias
853 2230 1108 2293 diversas,
1141 2245 1170 2282 a
1201 2244 1259 2282 se
1298 2229 1522 2282 invicem
1555 2229 1751 2281 discre-

208 2327 431 2385 pantes.
459 2318 724 2373 Adversus
756 2320 853 2374 hos
879 2320 1018 2372 enim
1053 2319 1295 2372 catholici
1326 2319 1567 2372 doctores
1607 2318 1748 2370 amr-

209 2415 440 2460 mantnt
469 2406 519 2458 in
551 2406 775 2458 concilio
809 2405 1132 2469 Sardiccnsi,
1177 2403 1346 2457 Patris
1373 2413 1427 2456 et
1468 2404 1584 2456 Filii
1625 2404 1751 2472 μίαν

209 2510 334 2548 esse
367 2494 680 2547 ὑπόστασιν.
709 2495 869 2562 Digna
895 2505 1038 2556 sunt,
1065 2509 1178 2560 qua:
1206 2511 1232 2545 a
1262 2495 1413 2546 nobis
1438 2494 1520 2547 hic
1552 2495 1752 2546 descri-

209 2585 415 2636 bantur
443 2582 652 2635 Patrum
699 2583 1086 2638 Sardicensium
1119 2583 1272 2635 verba
1307 2584 1405 2636 hac
1443 2583 1508 2636 de
1540 2597 1596 2634 re
1641 2583 1750 2650 (32)

213 2672 266 2722 in
297 2670 522 2737 epistola
557 2686 647 2724 sua
683 2672 931 2740 synodica
962 2673 1094 2738 apud
1125 2671 1510 2724 Tlteodoretum
1555 2671 1748 2725 Eccles.

214 2760 362 2810 Hist.
396 2759 483 2810 lib.
516 2774 569 2816 ll,
605 2775 721 2826 cap.
754 2761 824 2812 8:
855 2760 926 2810 Τὸ
949 2761 1052 2811 τῶν
1085 2759 1364 2829 αίρετικῶν
1391 2759 1632 2828 σύστημα
1665 2777 1752 2826 φι-

211 2850 438 2904 λοιθικεί,
473 2849 752 2918 διαφόρους
788 2845 919 2902 εἶναι
945 2850 1040 2912 τὰς
1085 2850 1400 2911 ὑποστάσεις
1429 2849 1518 2902 τοῦ
1549 2849 1755 2920 Πατρός

212 2937 434 2991 καὶτοῦ
480 2938 604 2990 Υἱοῦ
645 2940 733 2990 καὶ
779 2938 871 2991 τοῦ
922 2939 1074 3005 ἁγίου
1111 2938 1437 3006 Πνεύματος,
1486 2941 1576 2990 καὶ
1619 2934 1752 2991 εἶναι

213 3027 650 3094 κεχωρισμένας’
696 3028 852 3097 ἡμεῖς
896 3027 951 3079 δὲ
991 3027 1186 3098 ταύτην
1230 3028 1630 3097 παρειλήφαμεν
1663 3027 1753 3080 καὶ

211 3114 585 3183 δεδιδάγμεθα,
624 3116 716 3168 καὶ
759 3115 956 3184 ταύτην
997 3116 1184 3185 ἔχομεν
1227 3116 1319 3186 τὴν
1351 3117 1631 3186 καθολικὴν
1663 3117 1754 3170 καὶ

213 3178 570 3272 ἀποστολικὴν
620 3178 924 3272 παράδοσιν·
955 3178 1056 3255 καί-
1091 3178 1290 3257 πίστιν,
1315 3207 1404 3256 καὶ
1453 3178 1752 3274 ὁμολογίαν,
1781 3178 1822 3234 C

215 3293 346 3361 μίαν
381 3287 512 3343 εἶναι
566 3292 872 3352 ὑπόστασιν,
904 3294 968 3362 ἦν
1013 3294 1160 3346 αὐτοὶ
1203 3297 1248 3347 oi
1293 3296 1548 3364 αἱρετικοὶ
1573 3295 1755 3348 οὐσίαν

213 3381 690 3451 προσαγορεύουσι,
703 3381 794 3433 τοῦ
812 3384 1016 3452 [ircpr
1027 3385 1118 3436 καὶ
1138 3385 1227 3436 τοῦ
1240 3384 1368 3436 Υἱοῦ
1384 3385 1474 3436 καὶ
1487 3384 1579 3436 τοῦ
1601 3384 1754 3450 ἁγίου

213 3471 548 3542 Πνεῦματος.
580 3473 630 3524 ld
657 3481 756 3532 est,
779 3491 796 3523 ι
826 3474 1197 3526 llmreticorum
1234 3474 1390 3528 factio
1415 3475 1756 3541 pertinaciter

213 3568 505 3621 asseverat,
536 3559 702 3612 Patris
736 3574 796 3610 ac
827 3559 942 3611 Filii
985 3570 1035 3612 et
1064 3561 1289 3626 Spiritus
1315 3561 1479 3613 sancti
1514 3561 1750 3613 diversas

213 3660 337 3696 esse
362 3645 694 3712 hypostases,
732 3659 759 3696 a
794 3659 851 3698 se
884 3646 1105 3703 invicem
1160 3657 1449 3710 separatas.
1476 3647 1582 3700 Nos
1621 3662 1745 3700 vero

216 3735 360 3786 hanc
398 3747 426 3784 a
458 3733 742 3800 majoribus
773 3735 1070 3800 accepimus
1103 3751 1162 3788 ac
1195 3736 1493 3797 didicimus,
1528 3747 1580 3788 et
1616 3739 1752 3791 hanc

219 3833 462 3876 tenemus
508 3824 818 3877 catholicam
859 3833 1017 3889 atque
1047 3825 1382 3892 apostolicam
1419 3827 1750 3878 traditionem

215 3925 271 3968 et
308 3915 460 3965 fidem
504 3928 564 3965 ac
614 3915 1008 3980 professionem,
1051 3929 1206 3965 unam
1243 3927 1358 3966 esse
1403 3914 1745 3982 hypostasim,

215 4016 377 4066 quam
409 4001 503 4068 ipsi
539 4001 767 4053 lucretici
800 4001 1146 4054 substantiam
1177 4001 1461 4068 appellant,
1495 4001 1662 4054 Patris
1691 4017 1752 4054 ac

216 4091 341 4146 Filii
373 4101 424 4144 et
457 4089 685 4160 Spiritus
711 4092 902 4144 sancti.
928 4110 944 4140 ι
984 4090 1076 4143 llic
1107 4091 1287 4144 Patres
1317 4090 1512 4144 diserte
1539 4105 1750 4144 mouent

210 4195 276 4238 se
293 4179 522 4240 Patrem,
543 4179 732 4232 Filium
756 4191 802 4233 et
827 4179 1078 4244 Spiritum
1101 4190 1337 4234 sanctum
1371 4179 1495 4249 μίαν
1517 4181 1748 4232 ὑπόστα-

219 4287 306 4322 σιν
351 4269 545 4322 dixisse
587 4285 650 4321 eo
686 4279 884 4322 tantum
929 4285 1107 4335 sensu,
1143 4285 1246 4336 quo
1289 4270 1520 4324 bzeretici
1567 4285 1747 4323 vocem

215 4359 510 4412 ὑπόστασιν
540 4373 634 4424 pro
653 4359 805 4428 οὐσίᾳ
835 4369 1147 4426 acceperunt
1173 4377 1185 4411 :
1212 4359 1566 4428 significantes
1592 4361 1747 4412 nimi-

219 4465 339 4501 rum
380 4463 437 4501 se
474 4447 630 4500 alium
663 4449 774 4514 ejus
812 4449 1046 4500 vocabuli
1097 4464 1328 4508 sensum,
1381 4450 1514 4516 apud
1545 4460 1748 4502 veteres

207 4537 472 4600 Ecclesia:
519 4537 760 4589 doctores
807 4537 1092 4591 catholicos
1136 4548 1401 4606 receptum
1462 4540 1675 4607 (quippe
1718 4555 1747 4592 a

218 4628 412 4694 quibus
437 4635 744 4692 usurpatqu
775 4625 932 4678 fuerit
954 4643 1045 4692 pro
1073 4642 1294 4695 persona
1322 4627 1434 4680 sive
1455 4627 1748 4680 subsisten-

222 4717 319 4783 tia)
380 4731 482 4768 non
527 4715 814 4780 ignorasse,
865 4730 1087 4782 eumque
1133 4716 1371 4768 iubentes
1415 4717 1748 4784 amplexuros

204 4803 406 4878 ‘fuisse,
438 4819 500 4857 ac
526 4803 777 4865 fassuros,
810 4803 958 4868 juxta
1007 4793 1158 4856 istam
1195 4806 1337 4858 vocis
1365 4806 1745 4870 acceptioucm,

225 4902 336 4944 tres
361 4908 477 4947 esse
509 4894 558 4945 in
601 4893 872 4945 divinitate
914 4907 1168 4959 personas
1201 4895 1312 4947 sive
1354 4895 1744 4949 subsistentias.

225 4981 361 5034 Hinc
397 4991 567 5036 tamen
605 4993 783 5036 natum
815 4965 974 5034 fuisse
1016 4992 1222 5035 constat
1256 4984 1402 5036 triste
1435 4983 1556 5036 illud
1589 4985 1748 5038 disci-

223 5071 390 5133 dium,
413 5075 549 5138 quod
580 5071 911 5140 postmodum
937 5071 1166 5124 Orientis
1191 5073 1423 5140 adeoque
1446 5071 1746 5128 Occidentis

225 5159 490 5214 Ecclesias
520 5163 767 5222 turbavit,
806 5163 868 5213 de
905 5176 1002 5211 una
1038 5162 1148 5214 sive
1187 5161 1349 5212 tribus
1378 5161 1748 5229 hypustasibus

225 5249 417 5300 divinis
453 5270 464 5302 :
497 5252 614 5302 dum
669 5253 870 5304 scilicet
927 5251 1013 5302 alii
1067 5267 1183 5302 cum
1234 5251 1476 5303 Ριιτίιιιιε
1530 5256 1738 5306 concilii

226 5337 552 5392 Serdicensis
600 5341 739 5408 loqui
783 5351 1054 5401 amarunt;
1099 5319 1186 5392 alii
1244 5356 1366 5392 vero
1405 5351 1748 5394 vetercmvo-

293 5534 402 5602 (52)
431 5534 492 5605 Ιλη
515 5537 726 5600 epistola
753 5555 846 5590 sua
885 5537 1128 5605 synodica
1160 5537 1299 5598 apud
1335 5535 1721 5605 Tlteodoretttm.

223 5601 325 5671 seu
362 5599 606 5668 potiusin
636 5599 934 5671 Appendicé
973 5608 1034 5656 ad
1057 5604 1326 5670 epistolam
1352 5619 1378 5652 a
1412 5599 1726 5667 quihusdam

225 5669 450 5734 adjecta,
472 5669 955 5739 reliquisepiscopis
981 5669 1400 5724 recliuuautibus.
1423 5671 1548 5722 Vide
1571 5675 1732 5723 Atha-

227 5752 338 5792 uas.
366 5744 519 5809 epist.
547 5743 789 5808 synodica
815 5744 877 5796 ad
896 5743 1275 5796 Antioche-uses
1299 5755 1412 5806 pag.
1439 5739 1555 5804 576,
1596 5741 1709 5796 edit

1852 1969 1956 2025 tite.
1983 1967 2120 2033 quod
2149 1965 2436 2032 simplicius
2461 1980 2489 2016 a
2525 1963 2764 2017 Patribus
2789 1963 3008 2022 editum,
3039 1971 3092 2012 et
3133 1963 3380 2030 ignotum

1851 2059 2074 2124 populis,
2107 2054 2410 2108 scandalum
2456 2053 2638 2114 affert;
2685 2051 2936 2119 quoniam
2962 2049 3010 2101 in
3055 2050 3220 2102 sacris
3242 2048 3384 2100 litte-

1854 2149 1923 2200 ris
1969 2162 2072 2199 non
2119 2147 2438 2206 continetur,
2484 2143 2680 2210 placuit
2721 2143 2785 2195 de
2829 2140 3002 2194 medio
3047 2136 3382 2192 tolli.—lmo

1853 2253 1916 2290 ne
1936 2237 2220 2297 ὑπόστασις
2242 2233 2449 2301 quidem
2473 2234 2535 2287 de
2555 2231 2730 2294 Patre,
2749 2231 2882 2284 Filio
2905 2240 2959 2283 et
2979 2229 3176 2296 Spiritu
3200 2235 3385 2281 sancto

1854 2323 2110 2386 nominari
2149 2323 2323 2374 debet.
2357 2319 2591 2372 Similem
2633 2329 2805 2372 autem
2844 2317 3066 2371 dicimus
3115 2315 3255 2368 Patri
3294 2314 3383 2368 Fi-

1854 2413 2000 2466 lium.
2035 2431 2052 2462 ι
2081 2421 2184 2464 etc.
2209 2408 2322 2474 Quo
2345 2409 2556 2461 decreto
2578 2407 2756 2460 Ariani
2781 2406 2852 2459 illi
2883 2407 3085 2473 priores
3116 2419 3240 2458 suas
3261 2418 3385 2457 con-

1854 2501 2129 2562 ίμςδίοιιοε,
2169 2500 2220 2552 ἰιι
2256 2499 2448 2566 quibus
2487 2498 2754 2559 dixerant,
2788 2494 2979 2550 Filium
3019 2494 3222 2547 etiamsi
3265 2507 3370 2546 non

1852 2595 1910 2657 ἐξ
1929 2595 2131 2656 οὐσίας,
2157 2603 2328 2646 tamen
2355 2591 2413 2656 ἐξ
2442 2591 2784 2654 ὑποστάσεως
2812 2591 2904 2645 Dei
2938 2589 3112 2643 Patris
3150 2588 3383 2658 genitum

1854 2701 1988 2747 esse,
2015 2685 2228 2736 omnino
2257 2682 2606 2736 resciderunt.

1919 2770 2277 2824 2°Praamissa
2330 2771 2429 2823 hac
2477 2769 2758 2821 admodum
2809 2767 3029 2835 prolixa,
3078 2781 3248 2834 neque
3293 2776 3379 2818 ta»

1854 2877 1970 2916 men
2013 2861 2126 2914 utili
2165 2861 2355 2923 minus,
2390 2859 2760 2912 dissertatione
2799 2857 3028 2927 generali
3057 2856 3124 2910 de
3148 2857 3377 2924 lautique

1853 2966 1947 3003 usu
1984 2949 2340 3003 ecclesiastico
2388 2963 2572 3003 vocqu
2615 2948 2773 3002 οὑσία
2804 2957 2858 2999 et
2898 2946 3189 3008 ὑπόστασις
3215 2961 3228 2974 ·
3255 2955 3374 2998 tan-

1855 3039 1972 3093 dem
2010 3040 2074 3090 ad
2113 3038 2394 3106 Origenem
2459 3037 2634 3090 redeo.
2680 3035 2896 3090 Certum
2941 3045 3024 3089 est
3072 3035 3381 3089 vocabulum

1854 3131 2142 3192 ὑπόστασις
2175 3129 2312 3198 apud
2340 3130 2509 3196 ipsum
2542 3128 2620 3181 vel
2652 3142 2750 3196 pro
2780 3127 3120 3181 subsistentia
3160 3128 3241 3180 vel
3289 3141 3387 3194 pro

1854 3237 1910 3276 re
1937 3219 2191 3287 singulari
2242 3228 2294 3272 et
2350 3218 2640 3277 individua,
2684 3232 2776 3284 per
2801 3231 2862 3271 se
2894 3217 3229 3281 subsistente,
3268 3231 3385 3282 quae

1853 3313 1907 3366 in
1939 3313 2001 3365 iis
2024 3327 2139 3380 qua:
2167 3308 2437 3364 intellectu
2469 3308 2684 3375 prtedita
2714 3317 2858 3370 sunt,
2882 3306 3020 3360 idem
3050 3315 3133 3358 est
3157 3321 3218 3358 ac
3243 3305 3387 3372 quod

1853 3416 2132 3468 personam
2175 3401 2331 3453 hodie
2393 3399 2634 3463 dicimus,
2706 3397 2898 3466 passim
2951 3397 3215 3464 usurpari.
3276 3392 3384 3446 imo

1853 3503 1955 3540 non
1995 3487 2218 3540 memini
2254 3500 2335 3538 tne
2375 3486 2579 3554 uspiam
2629 3499 2808 3538 vocem
2842 3484 2994 3537 aliter
3023 3484 3088 3536 ab
3126 3484 3261 3549 ipso,
3292 3482 3380 3535 ubi

1852 3577 1919 3628 de
1943 3575 2214 3628 Trinitate
2255 3573 2510 3640 loquitur,
2553 3581 2819 3640 acceptam
2867 3570 3074 3639 legisse.
3124 3571 3270 3624 Unde
3307 3585 3392 3623 tur

1853 3679 2071 3733 magnus
2111 3663 2258 3730 ilugo
2289 3663 2504 3718 Grotius
2553 3662 2609 3715 in
2653 3661 2800 3716 Notis
2851 3663 2918 3714 ad
2969 3659 3127 3714 Joan.
3181 3676 3296 3726 cap.
3337 3677 3383 3724 t,

1853 3769 1989 3809 vers.
2010 3753 2066 3818 2,
2095 3762 2145 3806 et
2179 3751 2345 3818 Epist.
2375 3755 2441 3802 ad
2475 3749 2736 3812 Ilebrwos,
2767 3765 2882 3816 cap.
2911 3764 2952 3812 ι,
2982 3765 3122 3804 vers.
3156 3749 3209 3811 5,
3244 3748 3381 3800 aflir-

1853 3852 1962 3894 tuat
1999 3856 2116 3894 eam
2145 3841 2288 3893 vocis
2311 3840 2657 3901 ὑποστάσεως
2682 3839 3120 3907 signiﬁcationem
3162 3836 3228 3889 ab
3258 3835 3387 3889 Ori-

1849 3943 1980 3994 gone
2010 3928 2235 3995 primum
2267 3924 2423 3993 (quod
2454 3934 2628 3977 tamen
2696 3939 2874 3976 verum
2923 3937 3040 3976 esse
3082 3937 3183 3974 non
3230 3921 3387 3988 puto)

1857 4032 1920 4070 ex
1946 4015 2230 4086 Platonicis
2281 4014 2333 4064 iu
2383 4012 2627 4064 Ecclesia:
2659 4027 2808 4064 usum
2843 4011 3130 4064 traductam
3178 4010 3364 4065 fuisse.

1847 4105 1926 4156 Ad
1977 4103 2146 4156 locum
2188 4101 2254 4154 ab
2303 4101 2490 4154 lluetio
2538 4109 2774 4153 notatum
2817 4098 2956 4166 quod
3006 4098 3214 4159 attinet,
3248 4097 3384 4150 nihil

1849 4191 2178 4247 manifestius
2221 4204 2375 4256 quam
2425 4188 2704 4256 Origenem
2754 4187 2826 4239 ibi
2874 4185 3134 4240 aﬂirtuare
3167 4185 3382 4238 Patrem

1845 4291 1900 4334 et
1935 4280 2123 4335 Filium
2147 4279 2276 4332 duos
2301 4294 2419 4332 esse
2441 4279 2505 4347 τῇ
2533 4275 2823 4328 ὑποστάσει
2855 4276 3038 4329 eodem
3066 4290 3243 4336 sensu,
3268 4289 3382 4342 quo

1847 4371 2100 4435 hzeretici,
2150 4383 2280 4436 quos
2327 4368 2518 4421 ibidem
2581 4367 2922 4436 perstringit,
2974 4366 3024 4418 id
3095 4374 3376 4432 negarunt.

1849 4457 2073 4524 Quinam
2123 4471 2247 4510 vero
2291 4456 2376 4510 isti
2410 4457 2432 4509 τ
2478 4455 2666 4508 Procul
2711 4455 2872 4508 dubio
2913 4453 3150 4506 Noetiani
3180 4462 3232 4506 et
3262 4454 3381 4518 alii,

1849 4547 1937 4614 qui
1965 4547 2125 4599 Deum
2167 4558 2282 4596 esse
2318 4542 2728 4612 μονοπρόσωπον
2777 4541 3098 4605 docuerunt,
3145 4558 3207 4596 ac
3251 4552 3370 4595 tan-

1849 4643 1957 4688 tum
2006 4633 2130 4704 μίαν
2177 4631 2487 4697 ὑπόστασιν,
2537 4633 2637 4686 hoc
2675 4641 2780 4692 est,
2823 4646 3101 4699 personam
3133 4650 3286 4685 uuam
3321 4634 3381 4688 ita

1849 4724 2122 4777 divinitate
2147 4731 2494 4786 agnoverunt.
2550 4722 2697 4786 Quod
2735 4737 2857 4774 vero
2896 4734 3145 4789 praeterea
3177 4724 3358 4786 nhjicit

1849 4813 2066 4865 Huetius
2094 4812 2388 4881 Origenian.
2423 4811 2512 4863 lib.
2542 4827 2599 4872 ll,
2628 4823 2816 4877 quzest.
2844 4811 2893 4871 2,
2922 4827 3067 4863 num.
3099 4811 3150 4876 5,
3176 4827 3225 4876 p.
3251 4810 3371 4872 llG,

1848 4901 2148 4969 Origenem,
2177 4917 2295 4954 cum
2329 4917 2486 4952 unum
2530 4915 2648 4954 esse
2693 4902 2973 4954 concordia
3018 4910 3070 4955 et
3109 4914 3374 4952 consensu

1847 4991 2039 5043 dixerit
2067 4991 2278 5044 Patrem
2337 5000 2391 5043 et
2425 4990 2636 5054 Filium,
2668 4993 2822 5045 aliam
2853 5005 3060 5043 omnem
3099 4986 3259 5038 videri
3289 5002 3370 5036 re-

1847 5081 2056 5147 spuisse
2083 5081 2336 5134 unitatem
2360 5121 2375 5143 ,
2419 5061 2468 5133 id
2491 5096 2618 5133 sane
2663 5082 2790 5135 levis
2819 5090 2900 5134 est
2934 5077 3198 5131 momenti.
3237 5074 3368 5128 Nam

1847 5169 1932 5235 qui
1979 5177 2176 5221 tantum
2209 5171 2459 5222 unitatem
2500 5185 2785 5224 consensus
2811 5171 2944 5222 inter
2968 5166 3173 5218 Patrem
3205 5173 3255 5215 et
3281 5165 3368 5217 Fi-

1847 5257 1994 5320 lium,
2025 5259 2199 5325 aliquo
2241 5259 2290 5310 in
2347 5259 2461 5312 loco
2505 5261 2770 5327 exprimit,
2809 5273 2908 5310 non
2949 5255 3124 5306 statim
3165 5253 3207 5303 is
3239 5269 3368 5304 cett-

1849 5348 2043 5402 scndus
2072 5357 2169 5411 est,
2203 5363 2407 5402 omnem
2449 5351 2602 5401 aliam
2660 5352 2907 5400 unitatem
2963 5358 3176 5409 prorsus
3208 5342 3366 5409 igno-

1831 5541 1996 5594 Paris.
2026 5542 2259 5598 Domus.

1901 5611 2011 5678 (55)
2040 5613 2182 5676 Apud
2215 5613 2459 5666 Albanas.
2488 5609 2560 5661 De
2585 5607 2764 5673 synod.
2802 5602 3017 5654 Arimin.
3071 5611 3117 5653 et
3161 5599 3370 5658 δείσας.

1836 5690 1962 5732 lout.
1993 5680 2031 5747 l,
2069 5699 2114 5748 p.
2150 5683 2270 5734 906.
