3922 6466
405 416 538 466 ιῖοὸ

1795 417 2210 473 EXCERP’I’UM
2283 419 2286 421 “

3643 411 3787 466 130‘

393 544 548 595 quam
588 530 857 596 negarint;
906 533 999 584 sed
1045 533 1339 598 Ebionzcos,
1380 528 1758 601 Artemonitas,
1812 505 1984 594 δτι-,Α
2013 533 2215 587 Selene.
2236 535 2494 599 recitata,
2514 535 2642 587 haec
2663 534 2723 586 in
2749 533 2871 586 line
2888 530 3080 583 habet
3108 545 3125 580 :
3146 525 3281 596 (50)
3306 523 3790 592 Τοὺςδὲλέγον-

395 617 804 680 mosatenianos,
850 626 902 670 et
938 618 1169 684 ejusdem
1206 632 1426 676 moneta
1471 625 1600 678 alios
1632 626 1912 680 haereticos

391 701 604 756 feriunt.
654 704 757 759 Sed
800 715 933 772 esto,
968 708 1254 762 clausulam
1303 711 1452 764 istam
1507 725 1690 767 contra
1744 715 1912 767 solum

367 781 704 847 'Arianorum
729 793 914 863 dogma
945 813 972 849 a
1001 797 1241 853 Patribus
1269 801 1495 852 additam
1551 802 1709 857 fuisse
1753 803 1913 873 (quod

387 880 723 935 verissimum
774 898 889 937 esse
933 885 1114 955 puto);
1168 889 1292 955 quid
1361 892 1506 943 tmn?
1540 893 1780 957 iAriani,
1829 895 1914 945 in-

366 970 502 1035 ‘qui‘t
528 969 792 1034 Petavius,
840 988 944 1025 non
978 974 1271 1028 docuerunt
1327 975 1518 1032 Filium
1550 982 1615 1032 ab
1653 982 1752 1033 alia
1788 998 1914 1050 pcr-

390 1073 517 1110 sona
557 1075 711 1127 quam
747 1060 918 1116 Patris
955 1064 1207 1130 originem
1260 1069 1498 1120 traxisse.
1523 1088 1542 1119 ι
1578 1069 1912 1139 Respondeo,

394 1161 560 1214 neque
599 1149 844 1202 docuisse
888 1151 1200 1204 Arianorum
1253 1157 1576 1222 quempiam,
1618 1158 1811 1213 Filium
1851 1176 1916 1216 ex

392 1236 492 1290 alia
521 1239 813 1294 substantia
839 1242 1093 1309 originem
1125 1246 1368 1311 traxisse,
1391 1247 1432 1300 si
1461 1249 1624 1316 rigide
1649 1261 1702 1304 et
1730 1264 1918 1308 exacte

390 1325 530 1394 loqui
580 1327 823 1382 velimus.
873 1331 1062 1384 Verum
1105 1343 1161 1386 ut
1195 1349 1376 1387 omnes
1421 1337 1602 1392 Ariani
1655 1353 1918 1410 negarunt

390 1414 582 1469 Filium
627 1432 657 1470 e
687 1418 977 1472 substantia
1011 1419 1178 1474 Patris
1210 1435 1420 1490 natum;
1454 1428 1522 1480 ita
1554 1429 1764 1494 quidam
1804 1433 1918 1487 ullo

391 1509 547 1562 modo
571 1522 635 1561 ex
662 1509 774 1575 ipso
800 1511 971 1573 Patre,
1000 1513 1110 1565 sive
1139 1527 1201 1565 ex
1232 1515 1500 1583 hypostasi
1525 1516 1698 1572 Patris
1731 1531 1913 1572 uatum

393 1597 536 1650 illum
569 1596 731 1652 fuisse
753 1601 1371 1665 pernegarunt.‘Scilicet
1411 1608 1523 1658 dua:
1554 1607 1700 1662 fuere
1737 1609 1784 1659 in
1805 1611 1913 1674 pri-

393 1687 491 1738 mis
523 1687 966 1740 Ariomanitarum
987 1689 1219 1742 classes:
1251 1691 1337 1743 alii
1373 1691 1670 1747 fatebantur
1698 1697 1913 1763 quidem

393 1775 580 1828 Filium
611 1792 674 1830 ex
704 1777 812 1844 ipsa
842 1777 1011 1830 Patris
1042 1780 1311 1847 bypostasi
1339 1781 1586 1849 peculiari
1633 1787 1785 1838 modo
1821 1802 1917 1838 na-

395 1873 502 1916 tum
535 1865 720 1927 fuisse,
750 1879 850 1918 non
879 1876 936 1919 ut
965 1877 1166 1921 caetera:
1212 1881 1486 1934 creaturae,
1527 1887 1591 1925 ex
1641 1875 1803 1928 nihilo
1835 1875 1912 1927 la-
1947 1853 1991 1908 Β

393 1960 566 2014 ctum;
603 1954 692 2006 sed
737 1955 996 2021 negabant
1036 1966 1208 2009 tamen
1244 1957 1431 2010 Filium
1474 1974 1538 2012 ex
1581 1959 1752 2014 Patris
1788 1965 1916 2016 sub—

392 2041 581 2092 stantia
609 2044 964 2110 progenitum;
1003 2047 1247 2100 virtutem
1284 2051 1645 2102 tantummodo
1680 2052 1914 2118 aliquam

391 2138 662 2194 paternam
707 2132 852 2184 illum
895 2148 1014 2187 esse
1059 2136 1425 2189 existimantes
1455 2178 1470 2201 ,
1525 2152 1630 2190 non
1686 2149 1920 2207 paterna:

391 2220 696 2274 substantia:
728 2207 1050 2291 ἆπόρῤοιανο
1081 2225 1167 2277 alii
1211 2241 1277 2279 ne
1319 2243 1379 2280 ex
1428 2229 1540 2294 ipso
1571 2227 1727 2283 Patre
1761 2246 1918 2298 pecu-

392 2311 507 2364 liari
551 2313 704 2367 modo
734 2317 964 2382 genitum
1012 2316 1175 2370 fuisse
1220 2318 1412 2372 Filium
1459 2321 1776 2388 faterentur;
1827 2327 1918 2378 sed

392 2401 542 2466 plane
570 2418 632 2456 ex
665 2420 768 2458 non
798 2408 1168 2462 exsistentibus
1206 2409 1418 2476 factmn,
1447 2421 1503 2464 ut
1530 2424 1732 2468 czeteraa
1765 2433 1917 2471 crea-

394 2499 540 2553 turae,
567 2493 789 2547 rotunde
819 2497 1242 2560 pronuntiarunt.
1267 2499 1476 2554 Priorcs
1503 2501 1576 2554 illi
1602 2502 1917 2562 Semiariani

393 2580 516 2631 dicti
567 2581 730 2643 fuere,
761 2596 981 2650 quorum
1024 2588 1343 2641 sententiam
1374 2628 1388 2651 ,
1419 2603 1484 2643 ex
1516 2591 1749 2658 ipsorum
1794 2610 1919 2649 con-

393 2667 623 2722 fessione
647 2672 780 2737 apud
799 2672 1148 2742 Epiphanium
1178 2678 1363 2733 haeres.
1391 2693 1587 2745 Lxxnt,
1623 2697 1765 2735 num.
1797 2685 1834 2737 2
1868 2695 1920 2739 et

365 2745 565 2827 si-qq.,
607 2762 683 2815 sic
709 2763 890 2828 paucis
917 2767 1114 2833 optime
1146 2769 1431 2836 explicavit
1462 2771 1584 2824 alibi
1619 2774 1732 2840 ipse
1768 2773 1923 2828 Peta-

393 2850 507 2901 vius
539 2851 620 2904 his
644 2852 813 2906 verbis
841 2871 856 2907 :
888 2855 1021 2919 tibi,
1066 2857 1236 2924 inquit
1281 2859 1351 2910 De
1384 2856 1571 2912 Trinit.
1615 2862 1704 2915 lib.
1735 2880 1772 2928 ι,
1799 2880 1917 2932 cap.

373 2940 479 3004 '10,
509 2956 650 2995 num.
704 2943 769 3008 7,
810 2945 969 2997 multa
1013 2947 1273 3000 catholico
1310 2949 1538 3018 dogmati
1565 2967 1720 3020 quam
1752 2956 1916 3008 simil-

392 3030 513 3082 lima
551 3031 844 3097 proferunt.
871 3032 922 3086 ln
957 3036 1139 3102 primis
1163 3038 1297 3101 quod
1327 3037 1517 3092 Filium
1569 3051 1761 3110 negant
1792 3060 1914 3098 esse

391 3129 710 3186 creaturam,
744 3137 806 3175 eo
831 3123 970 3190 quod
998 3139 1153 3179 verus
1180 3127 1248 3179 sit
1272 3127 1436 3181 Filius
1465 3143 1483 3180 :
1511 3144 1571 3183 ac
1600 3145 1723 3185 vera
1755 3148 1908 3200 gene—
1942 3168 1984 3222 ο

392 3209 595 3262 ratione
625 3213 930 3278 productus,
976 3229 1080 3266 non
1111 3217 1310 3284 tropica
1341 3218 1447 3280 illa,
1479 3235 1580 3285 qua
1608 3232 1803 3277 creatae
1831 3241 1917 3280 res

357 3352 367 3362 _
391 3316 418 3348 a
447 3299 550 3350 Deo
573 3302 761 3368 geniuu
783 3301 1027 3354 dicuntur
1056 3322 1069 3356 :
1103 3306 1190 3356 sed
1221 3319 1344 3358 vere
1367 3321 1482 3359 esse
1500 3307 1733 3361 Patrem.
1751 3310 1920 3376 Quem

390 3395 442 3437 et
482 3403 547 3439 ex
597 3403 712 3441 sese
751 3391 994 3457 genuisse
1040 3392 1232 3445 Filium
1289 3395 1540 3459 fatentur,
1590 3397 1747 3468 idque
1793 3415 1920 3458 ante

393 3490 605 3529 omnem
639 3479 1033 3546 cogitationem,
1071 3491 1125 3533 et
1166 3497 1350 3536 omnes
1400 3487 1648 3551 rationes,
1686 3503 1738 3542 et
1789 3501 1920 3545 tem-

391 3579 540 3631 pora,
562 3575 614 3618 et
640 3567 849 3618 saecula.
878 3567 999 3621 Haec
1027 3580 1150 3622 sunt
1176 3573 1351 3639 specie
1379 3575 1490 3641 ipsa
1523 3575 1845 3643 plausibilia,
1870 3594 1922 3636 et

371 3653 458 3705 ‘ad
506 3656 816 3709 catholicam
863 3659 1241 3724 professionem
1290 3678 1445 3730 quam
1493 3668 1732 3732 proxime
1770 3687 1923 3726 acce-

392 3742 543 3794 dunt.
572 3744 674 3797 Sed
697 3746 843 3800 deest
877 3755 1050 3804 tamen
1088 3751 1186 3804 hoc
1214 3751 1338 3814 illis,
1371 3753 1422 3805 in
1461 3769 1564 3821 quo
1605 3757 1723 3811 ﬁdei
1761 3763 1923 3816 robur

391 3843 650 3900 caputque
675 3836 947 3902 consistit,
994 3842 1132 3906 quod
1174 3841 1361 3894 Filium
1401 3845 1463 3896 ἐκ
1489 3845 1586 3915 τῆς
1615 3848 1801 3912 οὐσίας
1832 3867 1923 3917 ge-

392 3923 558 3975 nitum
598 3937 626 3975 a
668 3923 824 3980 Patre
867 3941 987 3980 esse
1027 3945 1130 3982 non
1178 3933 1529 3998 conﬁtentur,
1575 3936 1669 3989 sed
1717 3939 1780 3990 ἐκ
1825 3942 1922 4009 τῆς

391 4014 694 4083 ὁμοιότητος
755 4015 846 4068 τοῦ
903 4019 1140 4089 Πατρὸς,
1201 4038 1264 4074 ex
1323 4025 1660 4080 similitudine
1713 4029 1920 4093 Putris;

391 4116 577 4168 nempe
600 4104 840 4175 ἐνεργείᾳ
861 4113 1168 4179 γεννητικῇ,
1216 4113 1414 4164 actione
1448 4123 1498 4165 et
1534 4115 1800 4182 eﬂi’cienlia
1835 4135 1922 4184 ge-

391 4191 562 4243 uitali.
601 4193 869 4262 Siquidem
911 4196 1120 4250 Patrem
1155 4201 1298 4253 aiunt
1331 4203 1506 4255 varias
1552 4205 1787 4258 actiones
1820 4209 1919 4259 ha-

393 4279 538 4341 bere,
570 4297 724 4333 unam
755 4285 1027 4354 κτιστικὴν
1067 4291 1380 4354 creatricem,
1415 4291 1628 4344 alteram
1677 4310 1920 4364 γεννητι-

394 4363 915 4435 x'hvgeneratricem,
953 4389 1070 4440 quze
1114 4378 1352 4444 producit
1397 4379 1618 4445 Filium,
1664 4391 1771 4434 tum
1819 4363 1919 4437 non

2011 645 2105 687 τας
2127 627 2182 691 ἐξ
2208 627 2305 679 οὐκ
2333 626 2514 678 ὄντων
2557 625 2660 677 τὸν
2699 623 2869 684 Υἱὸν,
2906 621 2945 690 ῆ
2984 619 3054 682 ἐξ
3086 617 3323 687 ἑτέρας
3360 616 3790 680 ὑποστάσεως,

2014 717 2105 769 καὶ
2136 717 2210 784 μὴ
2243 717 2308 767 ὲκ
2336 714 2437 766 τοῦ
2465 714 2644 776 Θεοῦ,
2671 711 2830 784 [καὶ]
2869 707 2950 778 ἦν
2983 708 3138 759 ποτὲ
3173 708 3284 759 ὅτε
3321 706 3451 757 οὐκ
3483 701 3590 773 ἦν,
3624 705 3790 758 ἀλλο-

2012 806 2189 876 τρίους
2217 801 2356 857 οἶδεν
2383 807 2419 874 ἡ
2455 803 2744 872 καθολικὴ
2763 798 3136 868 Ἐκκλησία.
3158 796 3225 849 Id
3255 806 3394 858 est,
3426 794 3595 848 iEos
3624 810 3798 864 porro

2015 895 2103 963 qui
2135 895 2317 947 dicunt
2350 894 2560 946 Filium
2599 908 2674 946 ex
2705 907 2824 945 non
2859 887 3364 952 exsistentibus,
3398 886 3543 940 sive
3575 899 3655 938 ex
3687 886 3802 938 alia

2015 983 2309 1052 bypostasi,
2341 991 2395 1036 et
2443 997 2558 1036 non
2603 997 2676 1035 ex
2717 981 2842 1034 Deo
2876 994 3048 1045 esse,
3087 987 3153 1032 et
3204 977 3333 1030 fuit
3380 986 3647 1045 tempus
3687 992 3802 1044 quo

2016 1074 2248 1125 nondum
2294 1083 2415 1125 erat
2464 1071 2666 1135 Filius,
2701 1071 2949 1123 alienos
2998 1083 3032 1120 a
3074 1082 3147 1121 se
3202 1075 3443 1120 censet
3494 1066 3798 1120 catholica

2016 1156 2274 1209 Ecclesia.
2303 1175 2323 1205 ›
2359 1156 2568 1209 Eadem
2597 1157 2770 1224 plane
2801 1152 3111 1208 exhibent
3145 1151 3510 1208 Confessio
3542 1166 3655 1222 per
3685 1152 3796 1208 Eu-

2019 1244 2260 1307 doxium,
2291 1242 2656 1312 Martyrium,
2705 1254 2767 1298 et
2813 1244 2982 1296 alios
3025 1243 3092 1295 in
3151 1241 3420 1294 Italiam
3481 1243 3702 1308 missa,
3744 1253 3800 1298 et

2016 1331 2304 1386 Confessio
2329 1333 2686 1398 Sirmiensis,
2717 1350 2852 1402 quae
2883 1335 3054 1404 apud
3095 1333 3556 1386 Athanasium
3588 1333 3796 1388 ibidem

2017 1433 2344 1488 sequuntur.
2399 1425 2566 1479 Vides
2614 1437 2813 1478 autem
2853 1427 2985 1489 hic,
3022 1425 3325 1479 Arianos
3375 1424 3525 1478 illos
3557 1440 3804 1492 negas:

2015 1509 2233 1572 Filium.
2284 1526 2352 1565 ex
2384 1514 2559 1567 nihilo
2609 1525 2913 1579 creatum,
2976 1515 3122 1568 sive
3167 1514 3474 1580 factum;
3519 1524 3582 1568 et
3621 1514 3806 1568 fassus

2017 1597 2182 1650 fuisse
2199 1596 2399 1651 Filium
2419 1600 2480 1664 eg
2506 1600 2892 1663 ὑποστάσεως
2927 1620 2953 1652 σ
2987 1618 3075 1655 ex
3103 1603 3460 1670 hypostasi
3490 1621 3512 1653 ι
3560 1604 3566 1656 J

2250 1599 2480 1664 iliuméﬁ
2506 1600 2892 1663 ὑτωστάσεως
2927 1620 2953 1652 σ
2987 1618 3075 1655 ex
3103 1603 3460 1670 hypostasi
3490 1621 3512 1653 ι
3560 1603 3664 1656 Dei
3699 1603 3799 1656 Pa-

2019 1690 2136 1752 tris,
2161 1687 2280 1741 sive
2303 1703 2370 1741 ex
2404 1691 2524 1756 ipso
2573 1692 2687 1745 Deo
2725 1704 2941 1746 natum
2983 1709 3003 1745 :
3040 1709 3198 1747 cum
3253 1705 3485 1748 tamen
3540 1696 3801 1750 certissi-

2018 1793 2162 1828 mum
2194 1778 2266 1830 sit
2309 1782 2534 1832 eosdem
2585 1783 2902 1837 haereticos
2957 1800 3323 1853 nunquam
3383 1786 3626 1851 lassos,
3673 1806 3806 1843 nuu-

2020 1880 2179 1929 quam
2203 1865 2448 1922 fassuros
2475 1870 2648 1926 fuisse
2674 1872 2892 1926 Filium
2914 1873 2990 1938 ἐξ
3009 1875 3254 1950 οὐσίας
3283 1893 3307 1926 ι
3337 1893 3377 1930 e
3408 1878 3565 1931 subs

2243 1882 2448 1922 tssuros
2475 1870 2648 1926 fuisse
2674 1872 2892 1926 Filium
2914 1873 2990 1938 ἐξ
3009 1875 3254 1950 οὐσίας
3283 1893 3307 1926 ι
3337 1893 3377 1930 e
3408 1878 3751 1932 substantia
3773 1900 3792 1932 ι

2018 1951 2197 2007 Patris
2222 1961 2595 2026 progenitum.
2627 1961 2806 2015 [lecte
2834 1964 3063 2032 itaque
3095 1977 3316 2034 atque
3351 1970 3608 2022 erudite
3643 1987 3800 2025 voces

2019 2044 2313 2108 ὑπόστασις
2337 2059 2391 2100 et
2414 2048 2579 2103 οὐσία.
2618 2052 2675 2104 in
2707 2053 3008 2121 Sytnholo
3051 2055 3356 2112 Nicmno
3379 2061 3568 2113 tlistin

2248 2063 2313 2108 τις
2337 2059 2391 2100 et
2414 2048 2579 2103 οὐσία.
2618 2052 2675 2104 in
2707 2053 3008 2121 Sytnholo
3051 2055 3356 2112 Nicmno
3379 2061 3676 2114 distinxit
3699 2061 3797 2116 Ba-

2019 2132 2215 2186 silius:
2248 2143 2456 2189 temere
2505 2151 2643 2191 vero
2696 2157 2985 2208 prorsus,
3059 2146 3615 2202 observationem
3654 2153 3793 2204 illam

2018 2222 2198 2289 magni
2231 2224 2474 2278 doctoris
2505 2230 2727 2295 carpsit
2760 2227 3010 2285 Jesuita
3054 2233 3428 2291 Petavius.
3469 2237 3641 2302 Quod
3673 2255 3808 2295 vero

2018 2310 2082 2360 ad
2115 2309 2299 2365 Basilii
2329 2314 2628 2378 rationem,
2655 2332 2902 2385 netnpe,
2945 2319 3203 2378 Patres
3247 2323 3553 2382 Nicaznos
3595 2330 3650 2382 in
3683 2342 3800 2403 tant

2017 2399 2162 2453 brevi
2205 2401 2483 2470 Symbolo,
2518 2409 2660 2460 duas
2701 2409 2851 2463 istas
2905 2426 3121 2467 voces
3154 2416 3372 2470 simul
3423 2419 3793 2476 adhibiturus

2017 2505 2122 2542 non
2169 2491 2355 2558 fuisse,
2397 2498 2443 2550 si
2495 2499 2696 2553 eadem
2747 2512 2916 2557 esset
2983 2506 3366 2564 ambarum
3415 2513 3789 2583 signiﬁcatio,

2017 2585 2603 2651 respondetPetavius;
2634 2591 2687 2644 id
2714 2592 2900 2647 facile
2934 2597 3319 2655 refellitur.
3363 2621 3388 2653 ι
3449 2605 3542 2667 Si,
3595 2606 3793 2674 inquit,

2016 2667 2200 2722 Basilii
2238 2674 2342 2726 ista
2401 2677 2549 2730 ratio
2602 2681 2859 2746 valeret,
2919 2701 3001 2738 ne
3061 2688 3241 2741 illud
3289 2692 3559 2759 quidem
3612 2709 3792 2764 repre-

2019 2760 2294 2815 hensionis
2345 2780 2547 2833 expers
2589 2767 2768 2835 foret,
2827 2777 3005 2842 quod
3067 2779 3135 2831 in
3193 2784 3441 2836 eodem
3504 2760 3795 2856 Syntliolo,

2017 2865 2135 2901 curn
2163 2851 2352 2906 Patres
2381 2857 2678 2924 dixissent,
2720 2862 3043 2920 damnare
3101 2885 3184 2922 se
3253 2872 3432 2939 illos,
3470 2851 3578 2945 qui
3631 2879 3800 2932 fuisse

2017 2939 2306 3005 aliquando
2333 2954 2618 3010 putarent,
2651 2953 2901 3016 quando
2940 2971 3079 3009 non
3145 2971 3310 3013 erat
3345 2939 3574 3030 Filitis,
3607 2969 3796 3022 statim

2017 3027 2068 3079 id
2111 3029 2427 3096 subjiciunt,
2475 3038 2623 3101 quod
2682 3039 2843 3094 idem
2907 3044 3305 3114 significat,
3368 3065 3436 3109 et
3490 3027 3799 3128 antequam

2018 3129 2348 3185 nasceretur,
2383 3138 2494 3174 non
2536 3136 2709 3182 erat:
2742 3144 3001 3187 necnon
3077 3142 3254 3207 quia
3318 3160 3402 3197 ex
3455 3147 3638 3202 nullis
3666 3152 3795 3203 sub-

2019 3210 2283 3264 stantibus
2311 3211 2483 3267 factus
2536 3227 2646 3270 est.
2681 3237 2702 3269 ι
2744 3220 2870 3276 Sed
2929 3242 3111 3296 nego
3177 3237 3392 3288 verba
3453 3239 3553 3293 illa
3608 3255 3803 3298 rante-

2018 3312 2177 3366 quam
2209 3315 2540 3368 nasceretur,
2569 3322 2684 3360 non
2720 3322 2891 3375 erat,
2919 3333 2944 3364 ι
3011 3318 3211 3373 idem
3261 3339 3526 3391 prorsus
3576 3331 3795 3400 signiﬁ-

2020 3399 2165 3450 care,
2196 3390 2334 3455 quod
2370 3392 2575 3458 priora,
2638 3413 2659 3444 ε
2687 3409 2829 3476 erat
2856 3409 3147 3469 quando
3217 3390 3356 3469 non
3409 3428 3560 3471 erat.
3590 3390 3796 3475 {Nam

2019 3479 2162 3544 prior
2203 3484 2466 3534 sententia
2506 3483 2636 3538 Filii
2678 3491 3104 3552 exsistentize
3168 3503 3446 3560 initium
3499 3511 3804 3566 indeﬁnite

2024 3566 2234 3629 tribuit;
2279 3569 2447 3621 altera
2481 3585 2758 3636 punctum
2800 3581 3054 3650 ipsum,
3093 3601 3169 3643 ut
3236 3596 3332 3648 ita
3376 3599 3602 3666 dicam,
3653 3602 3794 3657 iuitii

2022 3653 2161 3707 illius
2180 3657 2444 3724 designat.
2470 3661 2750 3728 Equidem
2779 3684 3023 3730 sensus
3067 3681 3136 3733 in
3179 3687 3420 3742 verbis
3466 3653 3800 3757 posieriori-

2022 3745 2120 3796 bus
2147 3745 2293 3810 latet,
2321 3749 2427 3848 qui.
2461 3751 2635 3803 etiam
2667 3754 2906 3815 Petavii
2957 3781 3270 3826 acumen
3333 3745 3537 3849 fugit;
3571 3745 3798 3851 quinam

2023 3848 2150 3886 vero
2181 3836 2266 3888 ille
2293 3837 2383 3900 sit,
2415 3837 2559 3894 infra
2620 3855 3040 3911 commodiori
3104 3863 3269 3920 loco
3317 3836 3468 3926 fuse
3506 3836 3797 3943 explicabi-

2025 3940 2163 3976 mus.
2213 3926 2396 3994 Neque
2443 3945 2640 3986 verum
2685 3948 2777 3991 est
2817 3942 2878 3994 iu
2940 3953 3193 4009 Verbis
3252 3926 3796 4035 consequeittibus,

2027 4015 2190 4080 «quia
2251 4031 2315 4068 ex
2367 4020 2534 4074 nullis
2583 4025 3017 4090 substantibus
3078 4042 3320 4105 factus

2023 4102 2160 4154 idem
2198 4105 2352 4170 plane
2394 4113 2594 4176 repeti.
2625 4113 2770 4170 Nam
2804 4138 2885 4173 ex
2927 4140 3146 4198 grege
3209 4102 3620 4201 Arianorum
3650 4148 3796 4204 fuere

2023 4195 2262 4308 :outtulli
2307 4197 2448 4263 (ipso
2494 4201 2728 4260 Petavio
2753 4209 2902 4265 alibi
2939 4218 3006 4269 id
3041 4195 3583 4304 notante)Quos
3615 4253 3795 4308 postea

2067 4284 2408 4308 ..n|l..._:..._....
2438 4303 2496 4308 ,μ
2585 4293 2617 4308 ι.
2670 4306 2678 4308 μ
2793 4300 2814 4308 -
2865 4303 2877 4308 -

2021 4280 2411 4352 Psathyriauos
2437 4293 2755 4359 appellatos
2791 4300 3000 4360 fuisse
3056 4280 3340 4374 scrib—ii:
3359 4280 3583 4382 in";

2023 4373 2208 4428 lueret.
2239 4377 2650 4450 Theodoretus,
2696 4391 2793 4458 qui
2832 4405 2898 4448 ut
2936 4398 3234 4464 Patrem
3273 4421 3619 4477 exstitisse
3645 4373 3804 4478 sem-

2716 4456 2730 4458 _
3079 4456 3085 4457 ί
3122 4456 3234 4464 ----
3274 4456 3619 4477 νι-ινιιιιοος
3663 4456 3804 4478 κυι-

395 4456 634 4508 eamdem
661 4462 846 4516 οὐσίαν
871 4466 922 4518 in
953 4477 1176 4535 utroque
1212 4486 1327 4524 esse
1356 4481 1615 4534 statuunt,
1647 4476 1737 4526 sed
1784 4475 1916 4530 duas
1948 4476 1992 4528 D
2025 4479 2136 4529 νων,
2169 4465 2242 4517 ila
2285 4466 2484 4521 Filium
2515 4487 2745 4543 θεωρεῖ
2789 4483 2866 4534 ab
2905 4499 2989 4540 80
3021 4507 3359 4558 creatum
3404 4506 3606 4564 fuisse
3656 4515 3804 4567 dire-

393 4541 536 4594 inter
563 4558 620 4596 se
645 4549 860 4604 similes.
883 4572 900 4603 ι
931 4554 1215 4625 Utramque
1245 4559 1422 4627 itaque
1455 4560 1736 4615 factionem
1760 4565 1918 4617 ‘Aria-

395 4644 584 4683 norum
605 4631 993 4696 feriuutPatres
1015 4643 1208 4698 Niczeni
1239 4648 1290 4699 in
1321 4649 1494 4703 Verbis
1521 4649 1644 4716 illis,
1673 4651 1728 4717 ἐξ
1749 4652 1912 4724 ἄλλης

396 4719 755 4784 ὑποστάσεως,
785 4725 817 4794 ἢ
854 4729 1061 4792 οὐσίας’
1097 4749 1282 4800 nempe
1313 4745 1418 4787 tum
1444 4738 1576 4802 illos,
1609 4742 1698 4808 qui
1726 4719 1915 4796 Filiuin

395 4825 456 4862 ex
491 4825 712 4876 persona
749 4813 916 4869 Patris
941 4821 1051 4872 sive
1075 4836 1140 4873 ex
1173 4824 1284 4891 ipso
1314 4825 1471 4879 Patre
1504 4828 1609 4880 ullo
1635 4831 1789 4883 modo
1823 4847 1916 4884 na-

397 4909 505 4953 tum
528 4901 688 4954 fuisse
713 4906 991 4972 negabant,
1019 4921 1070 4962 et
1105 4928 1169 4964 ex
1206 4915 1366 4967 nihilo
1404 4915 1601 4971 factum
1623 4919 1911 4975 dicebant:

396 5003 504 5044 tum
528 4993 685 5045 etiam
713 5007 825 5054 eos,
875 4995 964 5062 qui
1013 4998 1200 5052 Filium
1246 5019 1308 5056 cx
1341 5006 1451 5072 ipso
1481 5007 1634 5062 Patre
1666 5013 1913 5077 peculiari

394 5081 548 5132 modo
577 5091 751 5133 natum
796 5097 913 5134 cum
942 5083 1257 5154 faterentur;
1307 5103 1477 5147 tamen
1517 5095 1574 5161 ἐξ
1611 5098 1795 5160 οὐσίας
1830 5118 1849 5151 ι
1887 5117 1916 5154 e

393 5169 688 5256 substantia
726 5190 744 5221 ›
775 5170 946 5224 Patris
987 5178 1330 5244 progenitum,
1387 5196 1450 5235 ac
1500 5187 1719 5251 proinde
1769 5187 1915 5243 Patri

372 5252 668 5326 οὸμοούσιον
698 5252 1068 5332 pertiegabant.
1112 5262 1179 5316 Ut
1225 5281 1331 5318 rem
1373 5283 1519 5324 extra
1549 5291 1757 5330 onmem
1791 5294 1918 5333 con-

397 5351 663 5401 troversize
705 5353 875 5404 aleam
925 5367 1134 5420 ponam.
1177 5355 1433 5410 confessio
1464 5365 1778 5417 Arianorum
1826 5384 1920 5434 per

395 5435 600 5501 Marini,
644 5441 972 5496 Theodorum
1007 5455 1058 5496 et
1098 5443 1326 5497 Marcum
1369 5447 1643 5507 Constanti
1697 5457 1920 5524 impera-

401 5531 497 5579 tori
527 5533 716 5598 uhlata,
742 5537 809 5588 ab
850 5537 1141 5591 Athanasio
1186 5538 1279 5591 lib.
1331 5538 1402 5591 De
1441 5545 1636 5608 synodo
1661 5551 1820 5601 Arim.
1868 5542 1917 5602 et

593 5647 725 5719 Vide
753 5651 1004 5705 Athanas.
1033 5664 1156 5705 tom.
1184 5649 1220 5710 ι;
1259 5668 1309 5719 p.
1336 5653 1452 5706 895.

471 5710 578 5770 (51)
615 5711 820 5782 Bullus,
850 5720 922 5771 De
948 5720 1071 5773 Filii
1100 5721 1176 5785 τῷ
1211 5710 1512 5788 σὺναῖδίῳ,
1543 5741 1657 5791 cap.
1687 5729 1916 5796 2,:num.

1939 5737 1973 5770 θ

1943 5773 1976 5790 υ

2021 4563 2137 4604 l-cttl
2167 4573 2180 4606 :
2212 4554 2343 4608 nihil
2387 4560 2538 4613 enim
2599 4570 2750 4634 apud
2794 4569 2989 4630 Deum
3059 4586 3261 4644 aliud
3321 4610 3477 4652 esse
3504 4554 3801 4671 ἷξεεζέτξ,

2209 4661 2393 4671 ,.-Λ.,-,
2447 4650 2546 4671 ...ε
2740 4661 2773 4671 ..

2019 4659 2177 4710 quam
2206 4661 2416 4700 creare.
2447 4650 2546 4705 Isti
2582 4672 2693 4711 non
2721 4661 3015 4722 dixerunt
3040 4673 3275 4736 fuisse
3328 4650 3800 4758 quansoub'ilinsi

2017 4749 2122 4875 utin
2169 4748 2286 4876 (ξι-δι
2320 4757 2333 4791 :
2362 4741 2634 4800 dixerunt
2664 4757 2856 4809 tamen
2884 4756 3129 4821 Filium
3182 4788 3283 4828 ex
3330 4741 3800 4844 donacix'si-sten-

2017 4830 2052 4874 ll
2096 4840 2158 4876 us
2201 4828 2407 4876 'actum-

2017 4828 2158 4877 libus
2184 4828 2407 4884 factum.

3180 5269 3199 5304 :
3241 5263 3436 5326 quod
3495 5278 3565 5321 et
3615 5281 3795 5339 postea

3240 5353 3615 5415 roﬁtentur
3666 5366 3794 5416 ihid.

3501 5491 3518 5503 .
3553 5453 3758 5505 €30.21

3670 5489 3791 5516 ο...

2026 5576 2058 5609 σ

1999 5749 2054 5794 ει
2079 5760 2241 5818 St‘qq,
