3922 6458
220 417 350 475 151ὶὸ
1199 411 1288 464 EX
1326 408 1387 463 (ἓ.
1425 404 1615 460 BULLI
1651 406 1730 461 DE

1847 406 2019 463 FIDEI
2057 394 2377 458 NICENIE.
3247 412 3393 466 125m;

219 529 456 601 Τριάὃος,
490 528 539 582 id
563 536 661 592 est,
699 525 873 597 ..τι-οε
905 538 1022 579 esse
1048 525 1377 594 bypostases.
1411 523 1522 575 sive
1552 536 1733 585 υθιηεοέ
1761 532 1802 585 Α
1831 521 2003 574 cabuli
2038 529 2194 575 tuum
2234 520 2288 575 et
2325 513 2805 583 signiﬁcationem
2834 524 3168 585 retinuerunt.
3188 522 3371 586 .‘Qaetn

216 634 310 674 nas
334 619 384 670 in
418 625 598 683 sancta
631 622 683 666 et
711 611 1137 668 ronsubstantiali
1168 612 1446 664 Trinitate.
1469 628 1486 659 ι
1530 608 1727 662 Horum

217 705 579 758 auctoritatem
612 701 927 768 contempsit
976 699 1242 762 Petavius,
1297 700 1363 752 iis
1413 699 1614 753 scilicet
1641 714 1729 751 ar-

215 793 477 863 gementis
507 792 691 852 fretus,
727 790 916 855 quibus
947 803 1004 842 se
1028 788 1208 841 Basilii
1240 787 1551 841 sententiam
1588 784 1730 841 refu-

217 890 354 957 tasse
386 881 578 935 frustra
605 879 875 947 gloriatur.
910 878 1063 932 Certe
1106 878 1361 930 Eusebius
1392 877 1731 932 Cassarieusis

212 970 323 1047 (qui
351 971 551 1038 synodo
582 968 804 1023 Nicanze
833 967 1089 1029 interfuit,
1125 981 1333 1034 quoque
1364 980 1516 1020 nemo
1544 967 1731 1029 melius

211 1060 485 1128 antiquum
522 1057 667 1112 vocis
711 1057 1050 1118 ὑποστάσεως
1094 1055 1144 1107 in
1192 1055 1418 1108 Ecclesia
1458 1070 1607 1108 usum
1646 1055 1731 1108 in—

212 1149 430 1218 tellexit)
454 1148 505 1203 in
532 1148 722 1202 litteris
763 1150 872 1200 suis
903 1148 967 1200 ad
1000 1146 1323 1200 Eustathium
1348 1145 1733 1199 Antiochenum

211 1239 490 1308 (referente
515 1238 732 1292 Socrate
758 1236 959 1293 Ecclu.
990 1236 1112 1290 hist.
1138 1236 1229 1291 lib.
1261 1252 1301 1298 ι,
1336 1251 1452 1303 cap.
1485 1236 1574 1303 23)
1605 1250 1733 1288 con-

207 1330 374 1383 fessos
403 1337 482 1382 est
511 1326 858 1380 ὲνυπόστατόν
907 1343 962 1377 τε
1001 1326 1093 1379 καὶ
1116 1326 1474 1394 ἐνυπάρχοντα
1502 1324 1587 1376 τὸν
1607 1323 1731 1375 Υἰὺν

205 1415 338 1472 εἶναι
367 1417 461 1471 τοῦ
504 1416 654 1476 Θεοῦ,
683 1416 777 1470 ἕνα
818 1433 877 1469 τε
927 1415 1054 1469 Θεὸν
1094 1417 1152 1468 ὲν
1184 1417 1357 1485 τρισὶν
1384 1415 1731 1467 ὑποστάσεσιν

206 1504 357 1569 εἶναι,
394 1508 447 1561 id
467 1517 567 1570 est,
597 1524 615 1557 t
638 1506 825 1560 Filium
863 1504 953 1559 Dei
989 1505 1250 1571 propriam
1302 1503 1622 1572 bypostasim
1678 1512 1731 1555 et

203 1594 597 1649 subsistentiam
633 1593 849 1656 habere,
893 1591 1165 1660 Deumque
1205 1591 1256 1644 iu
1290 1591 1457 1643 tribus
1485 1590 1732 1658 hyposta-

203 1681 348 1737 sibus
375 1698 536 1735 unum
569 1695 708 1736 esse.
732 1699 751 1732 ι
778 1682 951 1744 Atque
982 1680 1084 1733 hoc
1113 1693 1272 1732 sensu
1304 1678 1418 1731 sine
1443 1676 1731 1731 offensione

202 1772 445 1839 usurpari
481 1780 869 1837 perseverasset
890 1770 968 1839 (ut
996 1769 1249 1837 arbitror)
1277 1782 1377 1822 vox
1418 1768 1726 1830 ὑπόστασις.

1826 625 1975 674 usum
2005 623 2099 662 sua
2143 602 2349 659 tandem
2376 606 2723 663 auctoritate
2744 610 3071 666 conﬁrmavit
3092 611 3366 666 concilium

1824 694 2454 761 Coustantinopolitauum
2479 698 2735 763 primum
2755 696 2806 751 in
2837 698 2993 767 epist.
3016 697 3200 766 synod.
3227 697 3379 765 apud

1827 786 2212 845 Theodoretum
2250 783 2440 841 Eccles.
2472 788 2598 841 hist.
2631 782 2729 838 lib.
2766 802 2814 852 v,
2840 788 2981 853 ποορ,
3007 788 3057 845 9.
3100 785 3358 857 Ceterum

1824 876 2006 928 Ariani
2033 875 2242 928 tandem
2278 875 2435 927 etiam
2462 888 2649 928 vocem
2687 872 3043 937 ὑποστάσεως,
3088 890 3190 926 una
3232 888 3351 927 cum

1825 965 2006 1033 οὐσίας
2048 962 2317 1025 vocabulo,
2349 977 2380 1016 e
2419 962 2674 1031 symbolis
2717 964 2825 1018 suis
2864 962 3209 1029 abjiciendam
3250 961 3361 1014 de-

1826 1071 2059 1110 crevere.
2090 1055 2224 1107 Nam
2252 1054 2302 1107 in
2326 1054 2656 1107 confessione
2677 1051 3129 1120 Constantinopoli
3145 1050 3345 1118 scripta

1827 1143 1893 1198 ab
1917 1144 2127 1205 Acacio,
2158 1142 2390 1196 Eudoxio
2412 1140 2654 1206 aliisque,
2679 1140 2765 1205 qui
2788 1137 3141 1193 Seleuciensis
3160 1134 3361 1205 synodi

1827 1236 2038 1289 decreto
2096 1232 2356 1294 damnati,
2418 1231 2483 1285 ad
2547 1231 2909 1296 imperatorem
2961 1228 3363 1296 confugeruntr

1827 1338 1988 1391 prope
2017 1324 2168 1374 linem
2195 1322 2270 1374 sic
2285 1321 2539 1374 deﬁniunt
2557 1338 2569 1372 :
2587 1318 2694 1389 (53)
2713 1318 2784 1371 Τὸ
2797 1318 2851 1370 δὲ
2869 1318 3141 1387 δνοματῆς
3151 1316 3368 1381 οὐσίας..

1826 1417 1958 1484 ὅπερ
1985 1412 2338 1481 ἁπλούστερον
2371 1412 2476 1464 ἀπὸ
2502 1412 2609 1463 τῶν
2639 1410 2887 1480 Πατέρων
2922 1410 3096 1479 ἐτέθη.
3128 1407 3352 1477 ἀγνοού-

1830 1520 1983 1572 μενον
2005 1502 2062 1554 δὲ
2088 1504 2199 1564 τοῖς
2228 1501 2394 1562 λαοῖς,
2427 1496 2712 1554 σκάνδαλον
2745 1499 2923 1568 ἔφερε,
2965 1498 3094 1550 διότι
3126 1497 3255 1566 μηδὲ
3296 1497 3359 1549 αι’

1825 1593 2032 1663 Γραφαὶ
2050 1592 2202 1645 τοῦτο
2212 1590 2564 1660 περιέχουσιν,
2578 1590 2736 1660 ήρεσε
2757 1586 3361 1659 περιαιρεθῆναι.-η1(αὶ

1825 1683 1932 1753 γὰρ
1960 1683 2079 1735 οὐδὲ
2108 1682 2305 1750 ὀφείλει
2345 1680 2633 1741 ὑπόστασις
2672 1680 2798 1749 περὶ
2843 1679 3053 1748 Πατρὸς
3083 1678 3175 1732 καὶ
3200 1677 3355 1741 Υἱοῦ,

1825 1776 1918 1827 καὶ
1942 1772 2094 1839 ἁγίου
2118 1771 2422 1840 Πνεύματος
2451 1767 2823 1839 ὀνομάζεσθαι·
2851 1769 3029 1838 ὅμοιον
3051 1769 3106 1822 δὲ
3133 1768 3363 1836 λέγομεν

203 1862 302 1919 nisi
347 1861 528 1913 Ariani
560 1860 726 1927 ipsam
769 1857 915 1910 abusi
962 1857 1185 1911 fuissent
1229 1855 1291 1908 ad
1340 1856 1723 1924 propagandam

1831 1862 1897 1930 τῷ
1926 1861 2097 1931 Πατρὶ
2125 1860 2215 1913 τὸν
2247 1860 2394 1911 Υἱόν.
2427 1858 2478 1912 Id
2520 1867 2621 1918 est.
2656 1875 2675 1908 σ
2706 1856 2903 1913 Nomen
2932 1872 3089 1924 porro
3115 1857 3364 1910 substan-

200 1950 447 2007 baeresim
493 1964 664 2012 suam,
699 1963 794 2015 pro
831 1958 1020 2000 natura
1054 1960 1118 1999 ac
1166 1945 1456 1999 substantia
1488 1945 1539 1996 in
1571 1958 1729 2015 gene-

201 2039 384 2111 raliori
418 2037 802 2101 signiﬁcatione
833 2037 1174 2104 accipientes.
1225 2049 1287 2090 ac
1333 2035 1580 2088 docentes
1623 2032 1726 2086 Pa-

203 2138 337 2181 trem
374 2136 430 2179 et
459 2126 647 2181 Filium
689 2127 815 2178 duas
846 2141 963 2180 esse
1008 2127 1336 2196 bypostases,
1367 2125 1467 2178 hoc
1501 2133 1599 2188 est,
1631 2139 1726 2175 ua-

203 2226 350 2269 turas
386 2230 450 2269 ac
479 2215 799 2269 substantias
832 2215 1088 2279 diversas,
1119 2229 1149 2267 a
1180 2229 1239 2267 se
1277 2214 1502 2267 invicem
1534 2213 1731 2266 discre-

200 2315 412 2373 pantes.
438 2305 704 2360 Adversus
734 2305 833 2360 hos
858 2305 999 2359 enim
1032 2304 1275 2358 catholici
1305 2304 1547 2357 doctores
1586 2302 1728 2355 adir-

200 2402 419 2446 marnnt
448 2392 499 2445 in
531 2392 756 2445 concilio
788 2391 1112 2456 Sardiceusi,
1155 2388 1326 2443 Patris
1353 2398 1407 2442 et
1446 2389 1564 2441 Filii
1604 2388 1730 2456 μίαν

200 2496 319 2535 esse
350 2480 661 2534 ὑπόστασιν.
689 2481 849 2548 Digna
875 2490 1019 2543 sunt,
1044 2494 1158 2547 qua:
1186 2495 1213 2530 a
1241 2480 1393 2532 nobis
1417 2479 1500 2532 hic
1532 2478 1733 2531 descri-

199 2571 396 2623 bantur
422 2568 634 2622 Patrum
678 2568 1066 2624 Sardicensium
1098 2569 1252 2621 verba
1287 2569 1386 2622 hac
1423 2568 1489 2622 de
1520 2581 1576 2619 re
1620 2566 1731 2635 (52)

202 2658 254 2709 iu
283 2656 503 2725 epistola
537 2672 628 2711 sua
664 2658 913 2726 synodica
943 2657 1075 2724 apud
1105 2656 1491 2710 Tlteodoretum
1534 2656 1728 2709 Eccies.

202 2746 345 2797 llisl.
376 2746 465 2797 lib.
496 2760 550 2803 tt.
585 2761 702 2813 cap.
734 2746 804 2798 8:
835 2745 907 2797 Τὸ
929 2745 1033 2797 τῶν
1065 2743 1346 2815 αἱρετικῶν
1371 2743 1613 2813 σύστημα
1644 2760 1732 2811 φι-

200 2836 420 2892 λονικεῖ.
453 2836 734 2904 διαφόρους
768 2831 901 2888 εἶναι
925 2835 1021 2897 τὰς
1065 2834 1381 2897 ὑποστάσεις
1410 2833 1498 2887 τοῦ
1528 2833 1736 2904 Πατρὸς

199 2926 293 2978 καὶ
321 2923 415 2978 τοῦ
460 2924 585 2976 Υἱοῦ
626 2926 715 2977 καὶ
760 2924 852 2977 τοῦ
903 2924 1055 2991 ἁγίου
1093 2923 1419 2992 Πνεύματος,
1466 2924 1558 2976 καὶ¹
1600 2918 1734 2975 εἶναι

200 3013 632 3082 κεχωρισμέναςο
676 3014 834 3083 ἡμεῖς
877 3012 934 3066 δὲ
972 3013 1168 3083 ταύτην
1211 3012 1611 3082 παρειλήφαμεν
1643 3010 1734 3064 καὶ

198 3100 567 3170 δεδιδάγμεθα,
605 3102 699 3154 καὶ
740 3101 939 3171 ταύτην
978 3101 1166 3171 ἔχομεν
1208 3100 1301 3172 τὴν
1331 3100 1613 3171 καθολικὴν
1644 3100 1736 3154 καὶ

199 3188 552 3259 ὰποστολικὴν
600 3189 888 3258 παράδοσιν
936 3191 1026 3242 καὶ
1075 3190 1255 3242 πίστιν
1296 3191 1386 3242 καὶ
1434 3189 1734 3258 ὁμολογίαν,

201 3279 329 3348 μίαν
362 3273 495 3330 εἶναι
547 3278 855 3339 ὑπόστασιν,
885 3280 950 3348 ἣν
994 3279 1142 3333 αὐτοὶ
1184 3282 1230 3332 oi
1274 3280 1530 3349 αἰρετικοὶ
1553 3278 1737 3332 οὐσίαν

198 3367 672 3438 προσαγορεύουσι,
685 3367 776 3420 τοῦ
792 3369 999 3438 Πατρός
1009 3370 1100 3422 καὶ
1120 3369 1208 3422 τοῦ
1221 3369 1350 3421 Υἱοῦ
1365 3367 1561 3421 καὶτοῦ
1582 3367 1737 3434 ἁγίου

198 3458 531 3528 Πνεύματος.
561 3458 613 3511 id
639 3466 739 3519 est,
761 3476 779 3509 (
807 3459 1179 3512 llazreticorum
1215 3458 1372 3513 factio
1397 3458 1737 3526 pertinaciter

197 3554 488 3608 asseverat,
518 3545 686 3598 Patris
718 3559 779 3596 ac
808 3544 925 3597 Filii
968 3554 1018 3597 et
1046 3545 1272 3612 Spiritus
1297 3546 1461 3598 sancti
1495 3545 1732 3598 diversas

196 3646 321 3684 esse
343 3632 677 3700 hypostases,
713 3645 742 3683 a
776 3645 835 3684 se
866 3631 1088 3689 invicem
1143 3641 1431 3696 separatas.
1457 3631 1564 3684 Nos
1602 3645 1727 3684 vero

199 3722 344 3773 hanc
380 3733 409 3771 a
440 3718 725 3786 majoribus
755 3720 1053 3787 accepimus
1084 3736 1145 3773 ac
1176 3721 1476 3782 didicimus,
1510 3730 1563 3773 et
1598 3723 1734 3776 hanc

201 3820 445 3864 tenemus
490 3810 801 3863 catholicam
842 3818 1000 3875 atque
1030 3810 1365 3877 apostolicam
1401 3811 1732 3863 traditionem

198 3911 255 3955 et
290 3901 444 3952 iidem
486 3914 547 3952 ac
596 3900 992 3966 professionem,
1034 3914 1189 3951 unam
1225 3912 1341 3951 esse
1383 3898 1728 3967 hypostasim,

198 4002 360 4054 quam
391 3988 486 4054 ipsi
521 3987 750 4040 haeretici
782 3986 1129 4040 substantiam
1159 3985 1444 4053 appellant,
1476 3986 1645 4039 Patris
1673 4001 1735 4038 ac

196 4078 324 4133 Filii
356 4087 407 4130 et
439 4076 668 4146 Spiritus
694 4077 886 4130 sancti.
910 4096 927 4126 ι
966 4075 1060 4128 llic
1088 4075 1272 4130 Patres
1299 4074 1496 4129 diserte
1522 4089 1734 4129 mouent

194 4182 259 4225 se
275 4165 505 4226 Patrem,
527 4164 715 4218 Filium
739 4175 786 4219 et
810 4164 1061 4230 Spiritum
1083 4175 1320 4219 sanctum
1353 4164 1479 4234 μίαν
1500 4165 1732 4217 ὑπόστα-

201 4273 289 4309 σιν
333 4255 529 4308 dixisse
571 4269 634 4308 eo
669 4265 869 4308 tantum
913 4270 1090 4321 sensu,
1125 4270 1229 4322 quo
1272 4254 1504 4309 haeretici
1551 4269 1731 4308 vocem

196 4345 494 4400 ὑπόστασιν
523 4358 619 4410 pro
636 4344 789 4414 οὐσίᾳ
818 4354 1131 4411 acceperunt
1155 4362 1169 4396 :
1195 4344 1549 4413 significantes
1575 4345 1731 4396 nimi-

199 4451 322 4489 rum
363 4449 421 4488 se
457 4433 614 4486 alium
646 4434 758 4501 ejus
794 4434 1029 4487 vocabuli
1080 4448 1312 4494 sensum,
1364 4434 1499 4501 apud
1529 4444 1732 4488 veteres

187 4523 456 4589 Ecclesia:
503 4523 743 4575 doctores
791 4523 1076 4577 catholicos
1120 4532 1385 4591 receptum
1445 4524 1659 4592 (quippe
1702 4538 1731 4576 a

198 4614 396 4683 quibus
421 4620 729 4678 usurpatum
759 4610 917 4664 fuerit
938 4627 1029 4678 pro
1057 4626 1279 4680 persona
1306 4611 1419 4665 sive
1438 4611 1733 4665 subsisten-

203 4704 304 4770 tia)
363 4717 467 4755 non
511 4701 798 4767 ignorasse,
849 4715 1072 4768 etnnque
1117 4701 1355 4753 iubentes
1399 4700 1733 4768 amplexuros

186 4791 390 4867 .fuisse,
422 4805 485 4844 ac
510 4789 763 4852 l‘assuros,
794 4788 943 4854 juxta
991 4776 1143 4842 istam
1178 4790 1322 4843 vocis
1349 4789 1730 4855 acceptionem,

206 4890 320 4932 tres
345 4895 462 4934 esse
492 4880 543 4932 in
585 4879 857 4931 divinitate
899 4891 1154 4944 personas
1186 4879 1297 4932 sive
1338 4879 1728 4934 subsistentias.

204 4970 346 5023 llaiuc
381 4978 552 5023 tamen
588 4979 768 5022 natum
799 4950 959 5019 fuisse
1000 4977 1207 5020 constat
1240 4968 1387 5021 triste
1419 4968 1541 5022 illud
1574 4970 1733 5023 disci-

203 5059 375 5121 dium,
398 5060 534 5125 quod
564 5057 896 5127 postmodum
922 5056 1152 5109 Orientis
1175 5057 1408 5124 adeoque
1431 5055 1731 5112 Occidentis

204 5146 476 5200 Ecclesias
505 5149 753 5209 turbavit,
791 5148 854 5199 de
889 5161 988 5197 una
1022 5146 1133 5199 sive
1172 5146 1334 5197 tribus
1363 5145 1733 5215 hypostasibus

205 5236 402 5288 divinis
438 5256 450 5290 :
482 5238 599 5290 dum
654 5239 856 5291 scilicet
912 5236 999 5288 alii
1052 5251 1169 5288 cum
1219 5236 1461 5288 Patrilms
1515 5240 1723 5291 concilii

182 5324 537 5394 ’Sardicensis
584 5326 725 5395 loqui
768 5336 1040 5387 amarunt;
1083 5302 1171 5378 alii
1229 5340 1350 5378 vero
1390 5336 1733 5380 veleremvo-

278 5521 387 5590 (3‘2)
415 5521 478 5592 In
500 5523 713 5592 epistola
738 5541 832 5576 suo
871 5522 1120 5592 synodico;
1146 5522 1285 5592 apud
1319 5519 1707 5592 Tlteodoreltgnt.

205 5584 311 5658 seu
347 5584 592 5656 potiusin
621 5584 921 5658 Appendice
958 5593 1021 5641 ad
1043 5588 1311 5658 epistolam
1335 5604 1362 5638 a
1396 5584 1711 5658 quibusdam

207 5656 436 5723 adjecta.
458 5656 942 5725 reliqttisepiscopis
966 5656 1384 5711 reclamantibus.
1407 5656 1538 5725 Vide
1560 5660 1718 5709 Atha-

208 5739 325 5780 nas.
352 5731 505 5797 epist.
532 5729 775 5796 synodica
801 5724 1261 5783 adAntiocbenses
1283 5739 1396 5791 pag.
1424 5724 1547 5790 576,
1586 5725 1695 5780 edit

1830 1952 1935 2009 tiae.
1961 1950 2098 2017 quod
2127 1948 2416 2016 simplicius
2440 1962 2468 1999 a
2503 1946 2745 2000 Patribus
2768 1944 2986 2004 editum.
3017 1952 3072 1995 et
3112 1944 3360 2011 ignotum

1830 2041 2054 2109 populis,
2085 2037 2389 2093 scandalum
2434 2036 2618 2097 allert;
2663 2032 2916 2101 quoniam
2940 2031 3003 2087 in.
3032 2031 3200 2085 sacris
3221 2029 3365 2082 litte-

1832 2132 1904 2184 ris
1948 2145 2052 2183 non
2098 2129 2418 2190 continetur,
2462 2125 2660 2193 placuit
2700 2125 2765 2177 de
2808 2122 2981 2177 medio
3026 2117 3362 2174 tolli.--lmo

1832 2236 1895 2275 ne
1915 2219 2200 2281 ὑπόστασις
2221 2216 2429 2285 quidem
2452 2216 2515 2269 de
2533 2214 2710 2275 Patre.
2726 2212 2861 2266 Filio
2884 2221 2939 2265 et
2957 2210 3155 2278 Spiritu
3179 2216 3365 2263 sancto

1833 2306 2089 2370 nominari
2128 2306 2303 2358 debet.
2335 2302 2571 2356 Similem
2611 2310 2785 2354 autem
2823 2298 3046 2354 dicimus
3094 2296 3235 2350 Patri
3272 2295 3363 2349 Fi-

1832 2397 1980 2449 lium.
2014 2414 2032 2447 ι
2060 2404 2164 2448 etc.
2188 2391 2302 2458 Quo
2324 2392 2536 2445 decreto
2557 2389 2735 2443 Ariani
2760 2387 2832 2442 illi
2862 2388 3064 2455 priores
3095 2401 3220 2440 suas
3240 2399 3365 2439 con-

1833 2484 2110 2546 fessioues,
2149 2483 2200 2536 in
2235 2482 2429 2549 quibus
2467 2481 2734 2542 dixerant,
2766 2476 2959 2532 Filium
2998 2475 3202 2530 etiamsi
3245 2488 3350 2527 non

1832 2578 1891 2642 ἐξ
1908 2578 2111 2640 οὐσίας,
2136 2586 2308 2630 tamen
2334 2573 2393 2638 ἐξ
2422 2573 2763 2636 ὑποστάσεως
2792 2572 2885 2627 Dei
2918 2570 3093 2627 Patris
3129 2569 3363 2640 genitum

1834 2684 1969 2731 esse,
1995 2668 2209 2721 omnino
2237 2665 2587 2719 resciderunt.

1899 2754 1955 2807 2°
1983 2754 2257 2808 Praemissa
2309 2753 2411 2806 hac
2456 2750 2739 2805 admodum
2788 2749 3010 2817 prolixa,
3057 2762 3229 2815 neque
3273 2757 3360 2800 tat-

1834 2861 1951 2901 men
1993 2844 2107 2898 utili
2144 2844 2335 2907 minus,
2370 2841 2741 2896 dissertatione
2779 2838 3010 2909 generali
3037 2837 3105 2892 de
3128 2838 3359 2905 [antiquo

1832 2950 1931 2988 usu
1965 2932 2321 2987 ecclesiastico
2367 2946 2553 2986 vocum
2596 2930 2754 2984 οὐσία
2783 2938 2839 2982 et
2878 2928 3170 2989 ὑπόστασις
3195 2942 3210 2955 ·
3235 2936 3357 2980 tan-

1835 3023 1953 3077 dem
1990 3023 2055 3075 ad
2082 3021 2376 3090 ‘Origenem
2439 3019 2615 3073 redeo.
2660 3017 2877 3072 Certum
2921 3026 3005 3071 est
3052 3015 3363 3071 vocabulum

1835 3114 2124 3177 ὑπόστασις
2155 3112 2293 3182 apud
2320 3112 2490 3179 ipsum
2522 3110 2602 3164 vel
2632 3124 2732 3178 pro
2760 3108 3102 3164 subsistentia
3141 3108 3223 3162 vel
3269 3122 3369 3174 ps0

1835 3220 1891 3260 re
1918 3202 2173 3271 singulari
2222 3210 2275 3255 et
2330 3200 2621 3260 individua.
2665 3214 2758 3267 per
2781 3214 2843 3254 se
2874 3198 3211 3263 subsistente,
3248 3210 3368 3264 qua

1835 3296 1889 3350 in
1919 3296 1983 3349 iis
2005 3310 2121 3363 qua:
2148 3291 2420 3348 intellectu
2449 3290 2665 3358 praedita
2695 3299 2840 3353 sunt,
2863 3288 3002 3342 idem
3031 3296 3116 3341 est
3137 3302 3201 3340 ac
3225 3286 3370 3354 quod

1835 3399 2113 3452 personam
2156 3383 2313 3437 hodie
2373 3382 2616 3446 dicimus,
2687 3379 2879 3449 passim
2932 3378 3197 3446 usurpari.
3256 3373 3371 3428 imo

1834 3487 1937 3525 non
1976 3469 2199 3524 memini
2235 3482 2317 3522 tne
2356 3469 2561 3536 uspiam
2609 3480 2790 3520 vocem
2823 3465 2975 3519 aliter
3004 3466 3071 3519 ab
3106 3465 3244 3531 ipso,
3274 3463 3363 3516 ubi

1833 3559 1901 3612 de
1924 3558 2197 3612 Trinitate
2236 3555 2492 3623 loquitur,
2534 3563 2801 3622 acceptam
2848 3551 3056 3621 legisse.
3104 3552 3255 3607 Unde
3289 3553 3375 3606 vir

1834 3662 2054 3717 magnus
2092 3646 2240 3714 Hugo
2271 3645 2486 3701 Grotius
2535 3644 2591 3699 in
2635 3642 2783 3703 Notis
2833 3644 2901 3696 ad
2951 3640 3110 3695 Joan.
3162 3656 3279 3707 cap.
3319 3658 3367 3706 ι,

1834 3753 1972 3793 vers.
1992 3736 2049 3803 2,
2077 3745 2127 3790 et
2160 3733 2327 3801 Epist.
2357 3737 2423 3786 ad
2457 3731 2719 3795 Hebraeos,
2749 3746 2865 3799 cap.
2893 3745 2935 3795 t,
2964 3746 3105 3786 vers.
3139 3730 3192 3793 5,
3225 3728 3364 3782 afﬁr-

1835 3836 1944 3879 mat
1981 3839 2098 3879 eam
2127 3823 2270 3877 vocis
2293 3822 2639 3884 ὑποστάσεως
2662 3820 3103 3889 signiﬁcationem
3145 3817 3211 3871 ab
3239 3816 3371 3870 Ori-

1831 3927 1963 3979 gene
1992 3911 2217 3979 primum
2248 3906 2406 3976 (quod
2436 3916 2610 3960 tamen
2678 3920 2857 3959 verum
2904 3919 3024 3958 esse
3064 3918 3167 3957 non
3212 3901 3371 3970 puto)

1839 4016 1903 4053 ιιι
1927 3997 2213 4071 Platonicis
2264 3997 2316 4048 in
2363 3995 2610 4048 Ecclesia:
2641 4009 2791 4046 usum
2825 3992 3113 4047 traductam
3160 3991 3353 4047 fuisse.

1829 4089 1911 4141 Ad
1958 4087 2129 4140 locum
2170 4085 2236 4138 ab
2284 4084 2474 4137 liuetio
2520 4091 2757 4136 notatum
2799 4079 2939 4148 quod
2988 4078 3197 4141 attinet,
3230 4078 3370 4132 nihil‘

1831 4174 2161 4232 manifestius
2202 4187 2358 4240 quam
2407 4171 2688 4239 Origenem
2736 4168 2809 4222 ibi
2857 4166 3117 4221 affirmare
3149 4166 3367 4221 Patrem

1828 4274 1884 4318 et
1919 4263 2106 4319 Filium
2130 4262 2260 4316 duos
2283 4276 2403 4316 esse
2424 4261 2489 4331 τῇ
2516 4256 2806 4312 ὑποστάσει
2838 4257 3021 4312 eodem
3049 4272 3227 4318 sensu,
3251 4270 3366 4323 quo

1829 4354 2084 4420 heretici,
2132 4366 2264 4420 quos
2310 4350 2501 4404 ibidem
2563 4349 2905 4419 perstringit,
2957 4347 3007 4400 id
3077 4354 3363 4415 negarunt.

1832 4440 2057 4507 Quinam
2106 4453 2230 4494 vero
2274 4439 2416 4493 isti?
2460 4437 2650 4491 Procul
2694 4437 2855 4495 dubio
2897 4434 3133 4489 Noetiani
3163 4443 3216 4489 et
3245 4435 3365 4500 alii,

1833 4530 1921 4599 qui
1948 4529 2109 4583 Deum
2150 4541 2266 4580 esse
2301 4525 2712 4596 μονοπρόσωπον
2760 4523 3082 4588 docuerunt,
3129 4539 3191 4577 ac
3234 4533 3356 4577 tan-

1832 4626 1941 4672 tum
1989 4616 2113 4688 μίαν
2160 4614 2472 4680 ὑπόστασιν,
2520 4616 2621 4668 hoc
2659 4623 2763 4675 est.
2805 4628 3086 4681 personam
3117 4630 3270 4667 uuam
3304 4615 3367 4671 it»

1832 4707 2107 4760 divinitate
2130 4714 2479 4770 agnoverunt.
2533 4703 2681 4769 Quod
2719 4718 2841 4757 vero
2879 4715 3129 4771 prarterca
3160 4705 3343 4769 objicit

1832 4796 2050 4849 ﬂuetius
2077 4795 2372 4864 Origenian.
2407 4793 2496 4846 lib.
2526 4809 2583 4855 lt,
2612 4806 2800 4860 quaest.
2828 4792 2878 4854 2,
2905 4808 3051 4846 num.
3082 4793 3135 4858 5,
3160 4808 3209 4858 p.
3234 4790 3357 4855 HG,

1832 4884 2133 4953 Origenem,
2161 4900 2280 4938 cum
2313 4899 2471 4935 unum
2514 4897 2633 4936 esse
2677 4883 2958 4937 concerdia
3002 4891 3055 4937 et
3093 4895 3359 4934 consensu

1831 4974 2024 5027 dixerit
2052 4974 2262 5027 Patrem
2321 4983 2375 5026 et
2409 4972 2621 5037 Filium,
2652 4974 2807 5028 aliam
2837 4986 3046 5026 onmem
3083 4968 3245 5020 videri
3273 4982 3355 5018 re-

1831 5064 2041 5131 spuisse
2067 5064 2320 5117 uuitatem
2344 5104 2360 5127 ,
2403 5043 2453 5117 ῑῖι
2475 5078 2603 5116 sane
2646 5064 2776 5117 levis
2803 5072 2885 5117 est
2918 5057 3183 5112 momenti.
3221 5056 3352 5110 Nam

1831 5152 1918 5219 qui
1964 5160 2162 5205 tantum
2193 5153 2444 5206 unitatem
2484 5167 2770 5206 consensus
2796 5153 2929 5204 inter
2952 5148 3159 5200 Patrem
3189 5154 3241 5198 et
3264 5146 3352 5199 Fi-

1831 5241 1979 5303 lium,
2010 5242 2184 5309 aliquo
2225 5242 2276 5294 in
2330 5242 2446 5296 loco
2489 5243 2755 5310 exprimit,
2793 5255 2893 5292 non
2934 5237 3110 5288 statim
3150 5235 3193 5286 is
3224 5250 3351 5287 cen-

1834 5332 2028 5386 sendus
2057 5341 2155 5396 est,
2187 5347 2392 5386 omnem
2434 5333 2587 5384 aliam
2644 5334 2893 5383 unitatcnt
2947 5340 3161 5392 prorsus
3192 5324 3357 5392 igno-

1816 5524 1982 5578 Paris.
2011 5526 2244 5581 Bucws.

1887 5594 1997 5664 (35}
2024 5590 2168 5660 Ᾱριμι
2199 5596 2444 5649 Αιιιαηεις.
2472 5592 2545 5645 De
2569 5589 2749 5656 synod.
2786 5585 3003 5638 Arimin.
3056 5593 3103 5637 et
3147 5581 3359 5642 Selene.

1821 5673 1947 5717 lout.
1977 5663 2017 5731 l,
2053 5682 2099 5733 p.
2135 5666 2255 5718 906.
