3922 6466
437 401 575 454 1507

1824 413 2043 468 EXCER
2052 415 2132 469 PT
2141 417 2234 471 Ubi

3674 407 3804 463 i508

435 529 603 570 rasse.
631 517 1098 586 DeindeOrigenis
1149 526 1417 578 sexcentis
1469 527 1589 581 aliis
1627 528 1679 581 in
1719 529 1850 583 locis
1877 530 1978 582 Pa-
2006 537 2052 590 Α
2079 532 2230 586 Noeti
2261 534 2479 596 schola,
2507 534 2610 600 qui
2650 530 2927 590 dicebat,
2954 523 3247 596 Spiritum
3274 523 3562 576 sanctum
3590 537 3621 574 a
3655 523 3805 578 Palr'e

436 615 571 656 trem
595 615 647 658 et
668 605 857 661 Filium
887 611 1220 677 ὀμοουσίους,
1249 614 1293 666 si
1329 630 1439 668 rem
1464 632 1581 683 quae
1613 634 1739 672 voce
1770 621 1972 688 signifi-

435 702 607 752 catur.
645 706 876 762 spectes,
913 702 1155 767 agnovit;
1186 705 1380 771 saepius
1425 707 1585 758 etiam
1631 708 1680 760 in
1708 709 1975 772 terminis,

436 792 495 834 ut
537 782 844 851 loquuntur,
900 788 960 840 τὸ
1002 791 1282 860 ὀμοούσιον
1315 795 1589 848 coniessus
1631 806 1730 862 est,
1777 798 1978 851 citaute

439 874 715 942 Pamphilo
745 889 1015 949 martyre,
1064 891 1118 936 et
1164 893 1450 939 attestante
1490 887 1699 942 Rullno.
1734 888 1876 942 Idem
1912 889 1977 943 de

436 962 753 1029 Novatiano,
795 969 906 1022 sive
966 983 1187 1027 auctore
1229 975 1348 1028 libri
1402 977 1474 1029 De
1531 980 1782 1032 Trinitate
1837 980 1978 1034 inter

434 1067 596 1120 opera
626 1055 962 1125 Tertulliani,
993 1077 1148 1129 quem
1171 1065 1238 1116 ob
1270 1065 1496 1118 similem
1534 1067 1854 1122 locutionem
1882 1085 1978 1123 no-

437 1151 515 1195 tat
538 1142 763 1198 Huetius
794 1148 986 1202 ibidem
1016 1167 1122 1219 quo
1148 1168 1328 1222 supra,
1369 1170 1464 1208 suo
1512 1157 1627 1210 loco
1681 1157 1977 1213 luculenter

433 1235 730 1290 ostendam.
759 1235 927 1291 Porro
950 1238 1212 1309 Origenes
1240 1253 1382 1298 tomo
1424 1247 1597 1313 primo
1636 1249 1690 1299 in
1717 1247 1974 1304 Joannem

432 1319 500 1375 de
528 1323 930 1392 Valentinianis,
968 1329 1311 1400 ejusdemque
1339 1335 1522 1388 farina:
1557 1338 1678 1391 aliis
1707 1339 1976 1394 haereticis

435 1412 662 1477 locutus,
713 1417 780 1468 ait
817 1433 960 1471 unm.
1013 1421 1101 1482 ’25,
1147 1437 1262 1490 pag.
1308 1424 1397 1488 25,
1426 1425 1494 1477 26
1526 1445 1537 1477 :
1565 1427 1811 1496 Χρῶνται
1852 1429 1966 1498 τῷο

445 1501 828 1568 Ἐξηρεύξιιτο
856 1510 896 1574 ἡ
925 1510 1131 1574 καρδία
1150 1527 1266 1577 μου
1279 1515 1462 1582 λόγον
1482 1516 1718 1583 omasi»,
1743 1519 1974 1587 οἰόμενοι

434 1593 708 1661 προφορὰν
761 1597 1046 1666 πατρικὴν,
1084 1600 1242 1650 οἱονεὶ
1294 1603 1349 1652 ὲν
1389 1603 1672 1667 συλλαϐαῖς
1717 1607 1973 1676 κειμένην

433 1675 565 1732 εἶναι
611 1682 700 1734 τὸν
736 1685 859 1736 Υἰόν
879 1687 969 1738 τοῦ
1003 1686 1156 1750 Θεοῦ,
1197 1691 1289 1740 καὶ
1319 1693 1453 1745 κατὰ
1474 1694 1629 1746 τοῦτο
1660 1697 1971 1760 ὑπόστασιν,

431 1772 600 1841 αὐτῷ,
621 1777 666 1827 εἰ
695 1777 940 1846 ἀκριϐῶς
969 1782 1144 1833 αὐτῶν
1189 1783 1600 1852 πυνθανοὶμεθα,
1630 1787 1688 1838 οὐ
1718 1785 1969 1852 διδόασιν,

434 1862 541 1914 οὐδ’
581 1864 761 1917 οὐσίαν
797 1869 956 1920 αὐτοῦ
991 1872 1388 1940 σαφηνίζουσιν.
1435 1873 1488 1925 ld
1525 1885 1633 1941 est,
1686 1893 1704 1926 ι
1745 1876 1976 1930 Utuntur
2005 1850 2048 1904 Β

433 1951 577 2004 dicto
610 1953 715 2020 illo,
744 1956 1006 2010 Eructavil
1053 1975 1142 2014 cor
1200 1980 1366 2016 meum
1412 1967 1624 2017 verbum‘
1671 1968 1857 2020 bonum
1885 1970 1971 2023 61:

436 2043 805 2098 existimantes
872 2047 1062 2102 Filium
1131 2051 1221 2105 Dei
1280 2063 1550 2121 paternam
1620 2057 1969 2124 prolationem

433 2143 571 2195 esse,
602 2142 851 2201 tanquam
883 2137 932 2189 in
975 2139 1198 2206 syllabis
1222 2145 1490 2208 positam:
1544 2147 1680 2199 unde
1719 2147 1974 2216 hyposta-

432 2225 514 2277 sin
559 2226 652 2286 illi.
695 2228 737 2280 si
779 2241 1030 2284 accurate
1077 2233 1218 2298 ipsos
1265 2234 1668 2303 interrogemus,
1717 2253 1818 2290 non
1864 2241 1974 2290 tri-

436 2311 621 2374 buunt,
652 2329 824 2383 neque
847 2317 1200 2372 sttbstantiam
1230 2321 1346 2388 ejus
1370 2323 1672 2389 explanant.
1711 2345 1729 2375 ι
1767 2325 1861 2378 llic
1895 2314 1968 2379 fa—

434 2406 574 2452 tetur
601 2402 819 2457 lluetius
849 2405 1038 2459 ibidem
1070 2423 1173 2474 quo
1202 2425 1382 2475 supra,
1421 2411 1719 2479 Origeniun.
1761 2431 1811 2482 p.
1845 2417 1966 2484 M6,

436 2487 728 2542 ὑπόστασιν
760 2493 828 2544 ab
855 2493 1008 2563 οὐσίᾳ
1032 2497 1284 2564 distingui
1317 2499 1526 2564 quidem
1556 2517 1569 2564 ;
1607 2503 1695 2554 sed
1727 2503 1822 2568 ait,
1863 2520 1968 2558 non

434 2580 570 2631 sumi
617 2594 712 2647 pro
756 2599 995 2646 persona,
1040 2588 1132 2639 sed
1179 2589 1534 2646 subsistentia.
1582 2589 1774 2644 Verum
1832 2595 1970 2661 apud

435 2679 678 2735 veteres,
719 2673 806 2726 ubi
833 2673 899 2728 de
927 2674 1188 2728 Trinitate
1225 2677 1534 2746 loquuntur,
1585 2682 1732 2749 quid,
1765 2698 1966 2750 (ιιιίεειι,

436 2756 608 2813 ditl‘ert
665 2775 888 2828 persona
934 2778 963 2815 a
1004 2766 1406 2820 subsistentia?
1458 2768 1712 2821 Nimirum
1765 2771 1858 2834 illi,
1912 2782 1970 2825 ut

433 2857 582 2902 recte
618 2849 918 2905 observavit
950 2853 1196 2908 Petavius
1235 2855 1308 2908 De
1338 2858 1546 2924 Triuil.,
1575 2861 1664 2913 lib.
1698 2876 1768 2922 tv,
1807 2878 1852 2914 c.
1905 2864 1968 2925 3,

432 2950 574 2988 nutu.
607 2939 660 3000 6,
696 2956 715 2987 ι
741 2941 1134 2994 subsistentiam
1178 2961 1199 2993 ι
1246 2957 1340 3011 pro
1367 2957 1646 3009 concreto,
1676 2950 1814 3016 quod
1856 2951 1960 3004 tlici

432 3027 585 3086 solet,
622 3028 832 3080 nomine
857 3040 1215 3096 sumpserunt,
1256 3043 1310 3086 et
1341 3048 1458 3087 cum
1501 3052 1722 3101 persona
1771 3040 1962 3093 confu-

431 3115 638 3168 derunt.
677 3117 870 3170 Deinde
895 3121 947 3173 in
974 3120 1089 3174 loco
1109 3119 1372 3191 Origenis,
1417 3141 1571 3192 quem
1619 3130 1959 3195 reprehendit

431 3203 673 3272 ﬂuetius,
718 3209 1010 3278 accipiatur
1055 3214 1217 3284 igitur
1259 3215 1548 3279 ὑπόστασις
1592 3233 1685 3284 pro
1721 3237 1740 3269 ι
1792 3223 1967 3276 subsi-

429 3297 645 3362 stentia,
672 3317 692 3349 ι
731 3309 787 3353 ιιι
816 3302 1059 3357 dicantur
1091 3305 1249 3358 Pater
1279 3314 1334 3359 et
1380 3306 1542 3360 Filius
1575 3309 1678 3361 duo
1717 3313 1784 3379 τῇ
1831 3312 1964 3364 ὑπο-

432 3395 617 3449 στάσει
660 3414 678 3447 ι
711 3399 1087 3455 subsistentia:
1126 3420 1145 3452 ι
1181 3418 1246 3454 an
1275 3403 1554 3470 quisquam
1583 3402 1888 3458 Catholicus
1912 3408 1961 3460 id

432 3485 648 3553 culpet?
676 3486 786 3540 lmo
814 3503 992 3544 nonne
1023 3491 1314 3547 haereticus
1340 3502 1442 3554 est,
1491 3493 1579 3560 qui
1633 3497 1836 3562 neget?
1876 3496 1975 3550 Ve-

432 3588 549 3627 rum
596 3577 772 3630 acrius
802 3578 1028 3647 insurgit
1062 3580 1284 3635 Huctius
1341 3582 1642 3650 Oriyeuian.
1691 3597 1880 3651 quaest.
1913 3601 1970 3651 ll,

435 3679 582 3717 ιιιιιιι.
633 3665 687 3731 5,
737 3681 856 3735 pag.
905 3668 1027 3722 lli.
1091 3688 1107 3720 ι
1161 3670 1318 3735 Quid,
1364 3672 1556 3738 inquit,
1607 3673 1972 3729 defensionem

434 3755 672 3822 pr'ebere
711 3772 968 3812 conamur
1000 3759 1235 3830 Origeni,
1265 3777 1384 3814 cum
1419 3777 1568 3814 suam
1605 3762 1716 3830 ipse
1741 3778 1958 3818 causam

431 3847 618 3914 prodat
670 3859 796 3904 tom.
848 3865 885 3903 It
931 3852 982 3903 in
1032 3850 1214 3914 Joau.,
1268 3866 1410 3904 num.
1455 3851 1508 3916 5,
1557 3867 1679 3922 pag.
1723 3852 1811 3917 6|,
1875 3856 1965 3908 ubi

430 3924 709 4004 quemdam
775 3941 1086 4009 impugnans
1129 3941 1545 4012 δογματίζοντα,
1592 3943 1722 4012 μηδὲ
1779 3945 1965 3998 οὐσίαν

431 4025 550 4079 τινὰ
593 4027 722 4080 ἰδίαν
768 4029 1058 4099 ὑφεστάναι
1100 4032 1191 4084 τοῦ
1231 4032 1383 4101 ἁγίου
1430 4033 1737 4104 Πνεύματος
1781 4036 1971 4105 ἑτέραν

434 4117 581 4186 παρὰ
606 4117 693 4169 τὸν
721 4117 934 4189 Πατέρα
981 4122 1072 4173 καὶ
1113 4123 1202 4175 τὸν
1243 4122 1366 4173 Υἱόν
1391 4140 1404 4152 ·
1431 4133 1548 4189 post
1579 4123 1750 4190 aliqua
1787 4125 1971 4179 addit:

445 4203 630 4274 Ἡμεῖς
653 4209 827 4278 μέντοι
867 4227 928 4277 γε
960 4214 1104 4281 τρεῖς
1147 4212 1466 4274 ὑποστάσεις
1505 4212 1806 4282 πειθόμενοι
1843 4231 1972 4282 τυγ-

439 4296 643 4366 χάνειν,
690 4299 780 4352 τὸν
824 4301 1042 4372 Πατέρα
1094 4302 1185 4353 καὶ
1236 4302 1362 4353 Υἰὸν
1407 4303 1498 4354 καὶ
1542 4302 1690 4369 ἅγιον
1729 4303 1972 4374 Πνεῦμα,

437 4389 491 4439 'x.
519 4405 571 4439 τ.
599 4388 674 4454 λ.,
710 4392 756 4443 id
784 4405 884 4456 cst,
909 4412 925 4442 ι
970 4391 1074 4446 Nos
1107 4403 1279 4466 autem
1302 4393 1389 4459 qui
1425 4404 1532 4446 tres
1575 4407 1827 4460 personas
1853 4411 1974 4449 esse

433 4473 667 4542 Patrem,
695 4480 884 4534 Filium
912 4493 964 4535 et
995 4483 1253 4551 Spiritum

438 4581 576 4628 mus,
621 4581 760 4623 ietc.
795 4571 990 4637 Quibus
1019 4574 1374 4642 significatab
1419 4589 1482 4627 eo
1527 4574 1617 4642 qui
1661 4575 1868 4627 unicam
1909 4577 1961 4628 in

434 4655 696 4711 Ti-initate
718 4659 898 4712 οὐσῖαν
956 4663 1124 4728 ponit,
1163 4678 1220 4716 se
1250 4665 1554 4729 dissentire,
1590 4673 1643 4729 et
1687 4672 1795 4718 tres
1838 4667 1970 4718 ὐπο-

433 4750 650 4811 στάσεις
710 4751 1007 4816 admittcre,
1072 4755 1170 4808 hoc
1230 4765 1330 4819 est,
1399 4766 1504 4809 tres
1561 4723 1766 4818 οὐσίας.
1832 4757 1964 4812 Nam

434 4842 478 4898 si
526 4842 807 4913 ἰδιότητας,
873 4845 969 4897 hoc
1021 4856 1123 4912 est,
1180 4863 1435 4914 personas
1491 4851 1816 4918 signiﬁcaret
1869 4867 1970 4904 vox

435 4937 777 5001 ὑποστάσεις,
809 4937 1109 5004 neutiquam
1141 4943 1466 5007 exprimeret
1494 4944 1788 4997 dissensum
1819 4960 1973 4997 suum

439 5029 506 5082 ab
529 5044 614 5092 eo,
638 5027 726 5096 qui
759 5026 915 5081 unius
941 5026 1123 5089 οὐσίας
1163 5028 1478 5086 Trinitatem
1524 5048 1640 5087 esse
1687 5034 1919 5090 volebat.
1949 5053 1964 5085 ι

439 5121 621 5188 Atqui,
652 5119 868 5189 inquam
897 5132 1016 5186 ego,
1057 5133 1119 5171 ex
1144 5119 1243 5172 hoc
1275 5121 1390 5174 loco
1422 5124 1552 5176 nihil
1597 5124 1738 5176 aliud
1794 5125 1970 5192 colligi

441 5217 634 5272 potest,
690 5223 847 5277 quam
898 5207 1279 5270 adversarium,
1344 5226 1500 5277 quem
1562 5211 1634 5265 ibi
1699 5214 1972 5281 impugnat

437 5297 712 5367 Origenes,
743 5299 925 5362 οὐσίας
957 5297 1167 5352 nomine
1203 5297 1524 5366 hypostasim
1547 5304 1657 5355 sive
1687 5319 1972 5370 personam

440 5386 789 5453 intellexisse,
815 5390 954 5457 quod
983 5400 1037 5442 et
1062 5388 1129 5441 ab
1160 5387 1278 5439 aliis
1307 5388 1506 5453 multis,
1533 5394 1693 5444 etiam
1735 5394 1973 5447 Catholi-

443 5478 540 5541 cis,
561 5477 780 5546 factum,
807 5496 964 5552 supra
995 5479 1342 5536 ostendimus.
1371 5479 1588 5535 Scilicet
1610 5485 1971 5550 adversarius,

437 5576 623 5636 contra
651 5585 808 5636 quem
842 5573 1076 5642 disputat
1119 5571 1190 5627 ibi
1239 5569 1519 5645 Origenes.
1555 5571 1652 5627 Ῐιιίῑ
1695 5590 1877 5630 revera
1910 5593 1972 5631 ex

518 5739 556 5767 ⁶¹
582 5739 717 5795 Psal.
755 5754 891 5811 κων,
920 5747 967 5800 l.

2077 635 2130 677 et
2175 624 2313 678 Filio
2351 625 2694 677 nullatenus
2746 619 3024 681 «ἥσει-τε,
3078 618 3186 670 sed
3241 615 3310 667 τὸ
3356 614 3511 667 αὐτὸ
3545 609 3692 668 εἶναι
3735 617 3807 688 τῷ

2077 716 2273 786 Πατρί,
2311 730 2609 783 «prorsus
2639 714 2801 766 idem
2842 724 2984 764 esse
3009 707 3174 775 quod
3227 705 3440 770 Pater,
3477 725 3498 756 ι
3540 705 3809 761 referente

2078 805 2274 858 ibidem
2314 806 2437 874 ipso
2476 803 2757 872 Origene.
2795 801 3121 852 Adversus
3156 797 3325 848 hunc
3353 794 3635 848 ostendit
3661 811 3727 849 eo
3761 796 3808 849 in

2078 890 2195 944 loco
2237 890 2537 956 Origenes,
2583 889 2743 958 quod
2782 888 2924 940 sine
2977 883 3421 938 controversia
3472 881 3688 936 Matth.
3722 900 3811 950 xu,

2081 979 2489 1044 32,distinctio
2543 980 2896 1032 declaretur
2957 975 3238 1042 Spiritus
3294 974 3505 1027 sancti
3563 988 3594 1025 a
3640 972 3808 1041 Filio;

2081 1071 2316 1139 indeque
2348 1069 2647 1124 concludit
2687 1068 2998 1135 Spiritum
3059 1074 3355 1118 sanctum
3416 1074 3484 1117 ut
3523 1073 3585 1117 et
3623 1064 3815 1120 Filium

2076 1162 2262 1225 etiam,
2297 1177 2325 1214 a
2360 1161 2530 1215 Patre
2558 1175 2812 1228 persona
2856 1159 3143 1210 differre.
3199 1155 3361 1208 Tum
3404 1156 3727 1225 subiungit,
3765 1166 3813 1213 et

2078 1265 2159 1310 se.
2185 1261 2240 1304 et
2265 1251 2409 1305 alios
2439 1252 2782 1306 Catholicos
2835 1248 3136 1308 credere,
3187 1245 3474 1308 Patrem,
3525 1244 3731 1298 Filium
3762 1258 3814 1301 ει

2084 1340 2350 1408 Spiritum
2397 1353 2664 1395 sanctum
2722 1356 2862 1395 esse
2933 1340 3119 1409 τρεῖς
3179 1337 3595 1400 ὑποστάσεις,
3651 1355 3672 1388 ι
3712 1347 3811 1395 tres

2076 1432 2484 1486 sulisistcntias.
2521 1452 2539 1483 ι
2586 1432 2881 1485 Nimirum
2917 1429 3291 1490 ὑπόστασις
3325 1429 3493 1497 apud
3526 1428 3816 1498 Origenem

2077 1523 2187 1574 fere
2214 1534 2533 1575 constanter
2560 1523 2856 1590 significat
2898 1523 3041 1575 sive
3077 1520 3565 1572 subsistentiam
3600 1519 3654 1572 in
3697 1520 3813 1574 abs-

2077 1625 2272 1679 tracto,
2325 1618 2441 1670 sive
2493 1632 2610 1668 rem
2671 1615 3062 1684 singularem
3106 1623 3175 1665 et
3218 1612 3605 1664 individuam
3637 1627 3734 1678 per
3763 1628 3818 1668 se

2076 1705 2484 1764 subsistentem.
2536 1722 2664 1773 qua:
2716 1706 2777 1757 in
2827 1706 2930 1768 iis,
2998 1718 3156 1770 quae
3211 1703 3350 1756 vita
3419 1713 3484 1756 et
3545 1703 3818 1757 intellectu

2077 1795 2311 1860 gaudent
2366 1796 2688 1864 (utsmpius
2718 1793 2892 1864 dixi),
2945 1793 3129 1846 idem
3178 1805 3285 1846 est
3339 1794 3507 1862 quod
3558 1810 3805 1861 persona.

2079 1883 2182 1936 Sed
2244 1900 2509 1953 quorsum
2565 1887 2724 1940 hisce
2791 1887 3110 1940 lectorem
3186 1887 3566 1955 ambagibus
3615 1887 3814 1940 detine-

2077 1974 2235 2026 nius?
2269 1974 2459 2028 Exstat
2502 1976 2661 2029 locus
2690 1977 2744 2029 in
2785 1977 3040 2031 Graecis
3100 1976 3423 2044 Origenis
3465 1977 3812 2031 Commenta-

2075 2063 2169 2115 riis
2209 2064 2275 2114 ab
2303 2064 2420 2131 ipso
2467 2065 2674 2118 lluetio
2706 2067 2916 2130 editis,
2984 2067 3106 2136 qui
3170 2077 3471 2120 nostram
3510 2067 3814 2134 Origeniani

2073 2168 2264 2207 sensus
2346 2155 2884 2224 interpretationem
2996 2158 3440 2228 apertissime
3515 2160 3812 2214 confirmet.

2074 2240 2204 2294 Nam
2238 2252 2381 2295 tonio
2407 2259 2436 2295 χ
2486 2245 2540 2295 in
2567 2243 2875 2307 Joannem,
2911 2260 3106 2298 num.
3152 2245 3276 2306 21.
3318 2261 3463 2314 pag.
3496 2246 3624 2309 i99,
3659 2259 3816 2315 quos-

2073 2333 2192 2385 dam
2219 2341 2366 2385 notat
2399 2333 2672 2402 Origenes
2709 2336 2962 2402 (nempe
3043 2350 3136 2387 ex
3205 2334 3561 2402 Noetianis)
3587 2378 3602 2398 ,
3627 2337 3715 2404 qui
3749 2353 3812 2391 ex

2074 2421 2206 2475 locis
2240 2422 2542 2490 Scriptura:
2577 2424 2940 2490 quibusdam
2983 2426 3169 2479 male
3239 2427 3577 2480 intellectis
3614 2428 3811 2480 ostendi

2071 2513 2478 2574 existimarunt,
2517 2514 2594 2582 μὴ
2630 2514 2951 2585 διαφέρειν
2987 2516 3093 2585 τῷ
3132 2516 3419 2588 ἀριθμῷ
3445 2518 3546 2570 τὸν
3583 2517 3705 2570 res»
3730 2515 3809 2570 τοῦ

2071 2603 2302 2672 Πατρὸς,
2355 2603 2472 2655 ἀλλ’
2516 2602 2598 2666 ἓν,
2627 2605 2691 2656 οὐ
2733 2605 2918 2674 μόνον
2973 2607 3216 2680 οὐσίᾳ,
3267 2607 3433 2660 ἀλλὰ
3476 2609 3580 2660 καὶ
3615 2610 3814 2660 ὑποκει-

2075 2691 2219 2760 μένῳ
2255 2694 2629 2762 τυγχάνοντας
2674 2694 3118 2763 ἀμφοτέρους,
3164 2697 3354 2750 κατὰ
3382 2715 3554 2761 τινας
3588 2699 3812 2758 ἐπινοίας

2071 2780 2380 2852 διαφόρους,
2417 2784 2478 2836 οὐ
2526 2784 2648 2835 κατ’
2684 2784 3040 2840 ὑπόστασιν
3097 2788 3427 2856 λέγεσθαι
3483 2789 3811 2860 Πατέρατὲν

2086 2870 2232 2923 Υἱόνο
2271 2873 2321 2924 id
2345 2880 2462 2936 εει,
2496 2892 2514 2923 ι
2542 2871 2800 2927 Numero
2835 2890 2961 2928 non
3011 2877 3313 2933 (ἥσει-τε
3352 2879 3571 2934 Filium
3603 2880 3808 2943 aPatrc,

2073 2964 2164 3016 sed
2197 2973 2487 3031 utrumque
2517 2979 2688 3015 unum
2743 2979 2865 3016 non
2933 2969 3153 3022 modo
3209 2972 3595 3038 substantia,
3636 2974 3724 3026 sed
3765 2980 3812 3022 et

2075 3051 2314 3118 SllbjeClO
2343 3051 2707 3115 exsistentes,
2758 3056 3143 3110 secundum
3215 3061 3533 3128 quasdam
3581 3063 3814 3118 notiones

2074 3144 2339 3202 diversas,
2365 3157 2472 3195 non
2516 3145 2842 3198 secundum
2881 3147 3347 3217 bypostasin,
3385 3154 3623 3208 Patrem
3657 3166 3709 3207 et
3739 3154 3810 3206 Fi-

2075 3233 2202 3285 lium
2228 3233 2355 3284 dici.
2399 3251 2417 3282 ι
2478 3232 2694 3298 Quibus
2742 3235 2871 3302 ipse
2918 3245 3324 3309 respondet
3362 3264 3379 3299 :
3414 3246 3665 3300 Λεκτέον
3695 3245 3814 3314 πρὸς

2073 3324 2267 3385 αὐτοὺς
2294 3323 2511 3393 πρῶτον
2543 3325 2647 3393 μὲν
2694 3325 2913 3397 ἕτερον
2953 3328 3148 3386 εἶναι
3197 3337 3321 3391 τὸν
3354 3338 3493 3390 Υἱὸν
3535 3341 3694 3409 παρὰ
3739 3338 3818 3390 τὸν

2074 3417 2312 3485 Πατέρα,
2345 3417 2439 3468 καὶ
2462 3417 2543 3469 ὅτι
2575 3419 2804 3491 ἀνάγκη
2843 3423 2955 3476 τὸν
3006 3427 3190 3481 Υἱόν
3235 3433 3482 3505 Πατρδς
3508 3430 3650 3488 εἶναι
3679 3434 3818 3500 Υἱδν,

2075 3510 2283 3563 καὶτὸν
2311 3509 2533 3578 Πατέρα
2573 3511 2713 3564 Υἰοῧ
2754 3513 3054 3587 Πατέρα,
3099 3522 3169 3574 id
3210 3537 3346 3590 est,
3417 3546 3438 3577 ι
3492 3526 3574 3580 Ad
3616 3527 3718 3580 bos
3746 3527 3819 3580 di-

2075 3601 2298 3653 cendum
2339 3601 2536 3666 primo,
2563 3601 2742 3654 alium
2777 3619 2921 3659 esse
2965 3607 3245 3666 Filium
3292 3632 3328 3668 a
3365 3617 3563 3682 Patre,
3599 3629 3656 3671 et
3684 3620 3815 3687 quod

2075 3689 2383 3742 necessario
2428 3687 2603 3743 Filius
2638 3690 2717 3743 sit
2762 3691 2976 3750 Patris
3046 3699 3320 3767 Filius,
3370 3720 3436 3761 et
3499 3710 3669 3765 Pater
3716 3710 3813 3762 Filii

2075 3779 2343 3833 sitPatcr.
2380 3797 2398 3829 ι
2455 3778 2553 3832 llic
2604 3782 2775 3834 οὐσία
2825 3795 2887 3837 ει
2941 3788 3348 3862 ὑπόστασις
3408 3800 3574 3855 clare
3631 3802 3806 3855 distin-

2077 3880 2334 3940 guuntur,
2390 3869 2552 3938 plane
2601 3876 3160 3940 quemadmodum
3210 3904 3252 3940 ιι
3295 3893 3481 3946 nobis
3544 3893 3707 3946 hodie
3737 3893 3813 3954 fit;

2077 3969 2131 4012 et
2185 3957 2436 4029 Origenis
2485 3962 2853 4033 aliorumque
2903 3967 3443 4035 Catholicorum
3494 3985 3759 4038 sententia
3791 3998 3814 4034 ι

2075 4046 2338 4100 Noctiana
2367 4059 2632 4102 accurate
2675 4051 3222 4118 discriminatur.
3267 4066 3590 4126 Docebant
3625 4073 3812 4127 Catho-

2193 4137 2404 4191 Patrem
2430 4149 2484 4191 et
2513 4139 2713 4193 Filium
2750 4159 2941 4198 unum
2993 4154 3299 4219 quidem.
3342 4177 3489 4218 e553
3516 4163 3806 4218 substantia

2083 4226 2208 4294 (hoc
2263 4236 2368 4292 εει.
2425 4229 2824 4301 ὁιιιοθυσίως),
2887 4240 3008 4291 sed
3078 4245 3445 4317 hypostasi
3483 4265 3546 4309 et
3601 4255 3820 4322 subjecto

2077 4316 2244 4368 duos:
2277 4325 2470 4368 contra
2507 4318 2757 4373 haeretici
2793 4316 3349 4407 contendebant,
3384 4342 3627 4398 Patrem
3658 4316 3712 4398 et
3742 4342 3817 4397 Fi-

2079 4404 2207 4456 liunt
2245 4420 2350 4458 non
2401 4409 2567 4461 modo
2633 4410 3012 4480 substantia,
3081 4428 3219 4480 sed
3293 4404 3495 4488 etiam
3562 4433 3823 4507 ιιῐροευεί

1305 4494 1545 4537 sanetum
1593 4487 1830 4550 persuasi
1881 4501 1974 4539 su-
2003 4478 2048 4533 1)
2080 4510 2242 4547 unum
2284 4509 2433 4558 esse,
2473 4514 2538 4551 ac
2570 4507 2786 4555 tantum
2812 4518 2854 4558 si

2284 4509 2433 4558 esse,
2473 4514 2538 4551 ac
2570 4507 2786 4555 tantum
2812 4513 3206 4571 secundum
3250 4521 3548 4580 diversas
3592 4478 3824 4581 iidtiones

2067 4587 2189 4668 tsive
2216 4599 2518 4661 conceptus
2551 4603 2778 4649 nostros
2816 4597 3185 4675 distingui,
3229 4624 3440 4685 atque
3483 4621 3604 4675 alio
3629 4624 3823 4689 ξηερε.

2077 4685 2164 4730 ctu
2195 4693 2339 4732 nunc
2376 4679 2629 4748 Patrem,
2665 4701 2818 4742 nunc
2858 4690 2986 4745 alio
3031 4696 3302 4760 Filium
3331 4679 3512 4764 —dici,
3560 4679 3665 4767 uiis
3694 4679 3822 4768 certe

2079 4767 2214 4820 nihil
2244 4769 2621 4828 manifestius.
2654 4775 2816 4842 Quod
2848 4796 3006 4838 vero
3042 4789 3138 4846 de
3191 4799 3476 4870 antiquo
3519 4767 3822 4860 vocis

2083 4857 2329 4922 στάσεως
2360 4863 2412 4914 in
2438 4864 2649 4921 divinis
2669 4884 2771 4922 usu
2802 4874 3308 4956 ecclesiastico,
3355 4857 3561 4949 i’usius
3611 4897 3820 4951 fortasse

2077 4961 2242 5014 quam
2299 4958 2591 5020 proposita
2631 4960 2884 5030 ohjcctio
2939 4979 3360 5050 postularet,
3426 4988 3819 5050 disseruerim;

2077 5039 2156 5102 id,
2192 5041 2268 5094 uti
2297 5058 2490 5111 spero,
2541 5052 2690 5105 haud
2736 5056 3065 5116 molestum
3124 5074 3266 5127 erit
3305 5039 3538 5134 lectori
3592 5085 3816 5143 cordata,

2076 5130 2168 5197 qui
2202 5147 2395 5188 secum
2427 5140 2620 5194 animo
2652 5152 3049 5216 reputaverit,
3082 5172 3300 5226 quam
3354 5169 3464 5225 hic
3523 5190 3643 5228 non
3687 5173 3820 5228 modo

2081 5236 2111 5272 a
2146 5223 2310 5294 vulgo
2346 5229 2770 5305 theologorum,
2831 5243 2934 5296 sed
2982 5250 3183 5304 etiam
3229 5270 3271 5308 a
3313 5262 3483 5316 viris
3519 5265 3816 5320 eruditissi-

2082 5326 2188 5363 mis
2219 5323 2338 5370 tota
2367 5323 2462 5376 via
2504 5338 2751 5388 erretur.

2163 5401 2207 5516 ἓ.
2230 5405 2369 5516 ξηιλ
2397 5411 2672 5486 Sequitur
2704 5424 2815 5478 alia
2853 5425 3042 5484 llnetii
3073 5435 3386 5504 objectio
3430 5446 3735 5516 desumpta
3765 5459 3817 5496 ex

2325 5502 2598 5575 Origenis
2658 5515 2758 5569 lib.
2806 5533 2905 5573 vm
2948 5497 3182 5580 contra-
3251 5531 3467 5605 Cels.,
3529 5497 3689 5596 lllllllr.
3745 5539 3818 5598 Η»

2086 5598 2140 5649 ι).
2171 5585 2308 5659 759.,
2351 5613 2560 5673 nempe
2601 5606 2756 5664 hisce
2789 5612 3016 5666 εἘστω
3043 5613 3129 5680 δὲ,
