3922 6432
213 389 340 443 1509

1177 388 1282 442 "EX
1320 389 1383 442 (ἶ.
1425 385 1805 442 Βυιιιιριιειτ.
1846 387 2017 440 FIDE!
2056 387 2368 445 ΝΙΟᾹΞΝᾹΞ.

3213 391 3346 443 1510

211 504 586 567 πιστευόντων,
608 503 700 556 καὶ
725 503 1018 572 δεχομένων
1045 503 1347 571 διαφωνίαν,
1377 501 1464 556 διὰ
1491 502 1588 572 τὴν
1605 517 1726 570 προ-

1845 503 1915 570 μιί
1949 505 2198 558 mundum
2227 505 2480 569 condidit,
2510 503 2745 567 Filium;
2775 503 3012 568 srd'ejus
3043 503 3343 567 Dominum,

209 593 424 644 πέτειαν
455 591 791 645 ὑποτίθεσθαι
812 592 899 643 τὸν
933 592 1152 660 Σωτῆρα
1185 587 1320 644 εἶναι
1357 592 1444 643 τὸν
1474 592 1564 644 ἐπὶ
1595 592 1726 642 πᾶσι

207 681 335 735 Θεόν
360 699 373 712 ·
403 682 511 735 ἀλλ’
533 681 643 732 οῦτι
670 699 730 748 γε
747 682 901 750 ἡμεῖς
923 680 1174 742 τοιοῦτον,
1190 683 1238 732 οἱ
1267 681 1563 750 πειθόμενοι
1587 678 1729 748 αὐτῷ

208 766 435 836 λέγοντι,
462 770 514 820 '0
536 768 759 836 Πατὴρ,
776 771 808 821 ὁ
831 768 1066 834 πέμψας
1089 784 1179 834 με,
1189 766 1396 835 μείζων
1406 769 1521 836 μοῦ
1539 769 1726 830 ἐστιν,

210 858 260 911 id
292 867 407 912 est:
435 876 452 907 ι
480 859 607 911 Esto
633 869 807 909 autem
835 871 940 910 non
968 857 1150 910 deesse
1178 859 1450 925 quosdam,
1474 865 1531 909 ut
1554 857 1602 908 in
1626 865 1730 909 tam

208 959 494 997 numerosa
528 943 854 1004 credentium
881 941 1237 1004 multitudine,
1259 942 1346 1010 qui
1375 942 1732 1009 discrepantes

209 1032 275 1083 ab
317 1031 442 1084 aliis
487 1040 685 1084 temere
729 1030 1013 1093 aﬂirment,
1052 1031 1191 1097 quod
1246 1030 1494 1086 Servator
1537 1030 1604 1082 sit
1642 1029 1732 1084 ille

209 1120 576 1174 universorum
607 1121 780 1173 Deus:
825 1128 1091 1175 nos.certe
1119 1119 1217 1170 hoc
1249 1135 1349 1171 non
1380 1117 1620 1180 facimus,
1643 1117 1730 1184 qui

209 1211 482 1264 credimus
503 1210 602 1279 ipsi
628 1210 846 1272 dicenti,
876 1208 1033 1260 Pater
1055 1210 1141 1276 qui
1167 1210 1302 1261 nihil
1331 1225 1428 1271 me,
1461 1207 1628 1275 major
1654 1222 1733 1259 me

185 1291 279 1352 est
315 1300 388 1349 ⁸³.
423 1319 442 1351 ι
482 1300 558 1352 Ad
586 1313 701 1368 qua:
725 1299 836 1351 hate
862 1298 1077 1350 adnotat
1098 1297 1169 1350 cl.
1190 1297 1405 1349 Huetius
1431 1295 1730 1364 Origem’an.

207 1389 300 1442 lib.
335 1404 395 1454 tt,
436 1398 622 1456 quiest.
661 1388 719 1450 2,
763 1402 907 1439 num.
939 1387 988 1449 7,
1039 1401 1157 1454 pag.
1185 1386 1275 1438 121
1310 1403 1366 1438 ιι
1399 1385 1735 1437 Allirmabant

205 1477 428 1545 quidam
474 1476 740 1529 Christum
786 1488 903 1527 esse
951 1475 1316 1526 universorum
1364 1473 1546 1532 Detnn,
1583 1471 1735 1536 idque

204 1580 333 1616 vere
380 1573 434 1618 et
471 1563 781 1616 orthodoxe.
825 1560 1062 1614 Pertinet
1104 1561 1230 1614 illud
1269 1573 1394 1612 sane
1419 1559 1480 1610 ad
1505 1558 1733 1611 divinam

205 1651 414 1704 Christi
450 1659 717 1712 naturam,
763 1662 862 1699 non
902 1649 964 1698 ad
1009 1647 1310 1699 humanam.
1364 1644 1528 1712 Negat
1577 1659 1736 1697 ec0n-

208 1738 386 1791 trario
469 1737 720 1804 Origenes
789 1734 1122 1787 Servatorem
1187 1747 1302 1786 esse
1374 1733 1733 1785 universorum

1824 607 1994 658 eoque
2058 594 2406 660 superiorem,

1827 681 2014 734 Deum.
2053 681 2192 732 Sane
2219 683 2295 734 de-
2320 682 2403 735 bis
2431 681 2516 749 agi
2542 681 2598 733 in
2627 681 3133 734 antecedentibus“
3159 689 3347 732 conse-

1825 769 2108 836 quentibus
2143 769 2476 822 manil‘estnm
2503 779 2606 822 est.
2637 769 2902 831 Secun-to.
2929 769 3068 833 ‘luod
3089 768 3346 833 Origenes

1827 856 1879 910 in
1906 856 2022 910 loco
2053 857 2212 909 citato
2241 857 2386 919 dicit,
2410 856 2598 910 Filium
2628 858 2788 910 etiam
2811 872 2914 923 qua
2938 856 3077 909 Deus
3101 865 3184 908 est
3223 855 3348 923 (hoc

1829 956 1929 1009 est,
1958 946 2095 1000 Deus
2122 962 2192 1000 ex
2215 944 2344 1014 Deo)
2373 946 2527 1000 Patre
2560 947 2816 1000 minorem
2864 961 2982 1000 esse
3041 946 3202 1014 (quod
3264 957 3347 996 re-

1829 1033 2105 1102 prehendit
2141 1031 2430 1099 lluetius);
2475 1031 2627 1098 plane
2663 1032 2970 1085 catholicum
2995 1046 3139 1091 esse,
3189 1038 3347 1096 atque

1829 1120 1990 1172 etiam
2039 1134 2068 1170 a
2127 1119 2389 1183 Patribus,
2434 1119 2522 1186 qui
2571 1129 2690 1186 post
2743 1119 3012 1173 Nicanum
3062 1117 3344 1171 concilium

1827 1207 2076 1259 Arianam
2100 1206 2339 1259 haeresim
2357 1206 2612 1260 acerrime
2635 1206 3024 1274 impugnarunt.
3051 1206 3346 1268 defensum,

1831 1295 1964 1349 intra
1994 1296 2058 1347 ad
2089 1296 2372 1348 sectionem
2401 1295 2456 1357 ὁ,
2487 1310 2604 1362 cap.
2632 1296 2686 1356 2,
2724 1311 2870 1348 num.
2896 1295 2949 1358 6,
2990 1296 3346 1349 ostendemus.

1832 1384 1932 1438 Ubi
1956 1387 2114 1438 etiam
2147 1385 2565 1439 luculentissime
2593 1384 2956 1453 probabimus,
2988 1385 3262 1451 Origenem
3293 1383 3348 1435 in

1834 1475 1978 1528 libris
2017 1485 2198 1527 contra
2218 1475 2440 1540 Celsum,
2461 1491 2578 1527 cum
2613 1477 2775 1528 Deum
2808 1473 3017 1526 Patrem
3039 1474 3154 1525 κατ’
3175 1474 3354 1525 αἰτίαν

1835 1564 1964 1616 Filio
1996 1563 2244 1631 majorem
2267 1563 2538 1625 statuerit,
2571 1561 2706 1615 κατὰ
2733 1561 2890 1628 φύσιν
2928 1571 3099 1614 tamen
3142 1560 3351 1613 Patrem

1833 1666 1886 1709 et
1911 1653 2094 1706 Filium
2127 1667 2276 1720 pares
2298 1652 2510 1704 omnino
2531 1666 2647 1705 esse
2691 1661 2744 1704 et
2781 1650 3011 1716 aequales
3051 1649 3349 1718 agnovisse.

1903 1744 2086 1815 §Xl||.
2115 1743 2291 1796 Tertio
2325 1742 2663 1809 reprehendit
2705 1740 2923 1794 lluetius
2965 1741 3122 1792 verba
3166 1737 3352 1806 Orige-

2483 606 2653 659 eoque
2713 592 2927 644 nomine
2981 593 3344 644 uniVersornm

208 1827 406 1887 Deum,
443 1825 579 1890 quod
615 1823 733 1875 inde
759 1822 966 1889 probat,
996 1822 1116 1888 quia
1137 1821 1294 1875 Patre
1326 1823 1496 1873 minor
1523 1821 1614 1885 sit,
1651 1821 1738 1888 qui

1845 1834 1918 1884 nis
1951 1833 2000 1884 in
2045 1831 2176 1883 libro
2202 1845 2232 1879 ν
2257 1840 2432 1882 contra
2461 1828 2686 1890 Celsum,
2717 1828 2802 1880 ubi
2839 1829 2914 1880 sic
2941 1828 3126 1881 scribit
3156 1843 3206 1880 ιι.
3249 1827 3310 1879 ιι
3335 1844 3355 1878 :

203 1925 290 1969 est
327 1915 700 1967 universorum
736 1912 891 1964 Deus.
924 1913 1116 1962 Divina:
1157 1925 1281 1979 ergo
1309 1909 1504 1964 Christi
1546 1919 1741 1962 natura:

199 2005 447 2059 detrahit
470 2017 766 2070 supremam
788 2001 926 2054 illam
942 1999 1332 2068 Θεότηταειιιιτα
1351 2013 1434 2051 res
1453 1999 1740 2059 universas,

198 2105 255 2148 et
298 2094 450 2146 Patri
507 2092 746 2156 addicit;
794 2091 1114 2158 prcindeque
1175 2086 1384 2156 μεγέθει
1423 2088 1548 2152 τινί,
1591 2099 1643 2140 et
1687 2099 1742 2141 ut

202 2183 382 2237 Deum
417 2183 542 2244 Deo,
578 2181 888 2234 inferiorem
917 2178 1058 2230 Patri
1095 2178 1284 2230 Filium
1315 2178 1516 2240 statuit,
1552 2192 1656 2230 nou
1687 2187 1742 2228 ut

205 2272 484 2325 hominem
520 2269 649 2322 Deo.
673 2288 690 2318 ι
721 2270 821 2323 Sed
863 2269 914 2320 l°
946 2267 1252 2336 gravissime
1280 2276 1422 2320 errat
1446 2266 1524 2318 vir
1553 2267 1744 2319 doctis-

203 2365 383 2417 simus
410 2362 570 2431 (quod
601 2376 729 2430 pace
753 2362 867 2426 ejus
893 2359 1160 2426 dixerim),
1201 2358 1252 2410 in
1289 2373 1352 2410 eo
1403 2358 1541 2425 quod
1575 2365 1740 2423 putet,

209 2467 356 2520 quos
397 2452 485 2503 hic
535 2449 845 2517 perstringit
884 2445 1156 2514 Origenes,
1209 2459 1331 2497 vere
1368 2453 1420 2497 et
1457 2444 1744 2496 orthodoxe

207 2541 533 2602 atlirmasse,
585 2537 770 2589 Filium
812 2549 930 2588 esse
972 2535 1336 2585 universorum
1388 2534 1570 2586 Deum.
1614 2531 1742 2584 Nam

206 2631 423 2682 diserte
453 2627 685 2692 loquitur
713 2623 968 2690 Origenes
1003 2622 1066 2674 de
1094 2622 1278 2688 paucis
1311 2621 1625 2689 quibusdam
1662 2622 1743 2673 in-

210 2729 298 2771 ter
330 2715 682 2778 Christianos,
709 2712 796 2779 qui
832 2713 882 2763 in
911 2726 977 2764 eo
1004 2711 1141 2778 quod
1167 2710 1514 2774 atiirmahant,
1558 2708 1744 2776 a1reli-

209 2821 321 2874 qua
355 2801 683 2856 credentium
711 2816 728 2848 ι
760 2812 1036 2850 numerosa
1069 2797 1426 2859 multitudine,
1456 2816 1477 2848 ι
1511 2797 1608 2850 hoc
1645 2805 1745 2859 est,

211 2909 244 2946 a
305 2889 572 2945 catholica
628 2885 823 2940 Christi
877 2883 1112 2937 Ecclesia
1164 2883 1555 2950 discrepabaut.
1613 2881 1746 2948 Quin

211 2982 413 3040 etiam.
441 2977 485 3031 si
513 2974 878 3030 antecedentia
905 2982 959 3026 et
988 2975 1370 3043 consequentia
1409 2974 1545 3040 apud
1573 2973 1750 3042 Orige-

211 3085 349 3124 nem
376 3066 586 3136 legeris,
617 3065 910 3134 comperies
955 3079 1070 3131 qua:
1099 3062 1166 3114 ibi
1209 3062 1392 3115 Celsus
1435 3062 1746 3115 Christianis

214 3158 432 3227 objicit,
483 3171 600 3210 esse
648 3155 862 3208 omnino
901 3170 966 3207 ex
1015 3154 1384 3206 hmreticorum
1429 3150 1617 3204 fabulis
1658 3129 1813 3206 de-c

211 3257 459 3312 sumpta.
501 3243 725 3308 Quinam
775 3257 899 3296 vero
949 3241 1059 3303 isti,
1088 3239 1186 3306 ξαιιί
1247 3238 1587 3300 heterodoxe,
1629 3247 1683 3289 et
1718 3253 1748 3290 a

212 3336 498 3395 cortiniuni
543 3334 964 3388 Christianorum
1009 3346 1270 3386 consensu
1306 3330 1577 3392 abeuntes,
1607 3328 1747 3381 aﬂir-

210 3438 440 3482 marunt
468 3427 800 3479 Servatorem
833 3439 947 3478 esse
970 3424 1139 3490 ipsum
1160 3422 1522 3475 universorum
1549 3419 1750 3485 Deum]

209 3521 362 3575 Puto
390 3516 667 3570 haereticos
700 3513 985 3580 designari,
1016 3512 1102 3580 qui
1142 3510 1383 3580 Origeuis
1429 3508 1757 3577 temporibus

210 3609 608 3666 Noetianorum
639 3603 987 3672 appellatione
1031 3603 1410 3663 noscebantur,
1449 3599 1538 3666 qui
1590 3599 1749 3652 doce-

207 3705 356 3756 bant
387 3695 576 3748 Filium
607 3709 722 3748 esse
749 3694 916 3761 ipsum
952 3693 1113 3744 Deum
1140 3691 1372 3753 Patrem,
1419 3689 1506 3758 qui
1548 3689 1752 3757 διακρι-

205 3784 392 3847 τικῶς
439 3783 642 3836 solebat
696 3783 760 3832 ab
809 3780 925 3847 eius
963 3779 1058 3832 αξνί
1110 3777 1393 3830 Catholicis
1430 3781 1456 3828 ὁ
1493 3776 1582 3828 ἐπὶ
1625 3777 1752 3827 πᾶσι

205 3876 382 3937 Θεός,
421 3891 437 3922 ι
476 3872 840 3923 universorqu
878 3869 1013 3920 Deus
1045 3885 1062 3917 ι
1098 3867 1370 3935 appellari.
1404 3866 1559 3918 Certe
1593 3865 1753 3918 Justi-

209 3980 332 4022 υιιει
365 3960 538 4014 verbis
567 3974 666 4011 non
701 3956 1034 4010 absimilibus
1059 3957 1108 4008 id
1145 3972 1306 4023 genus
1356 3957 1750 4020 luereticorum,

206 4057 334 4110 alio
365 4049 576 4104 rioinine
611 4049 780 4115 ipsius
821 4055 975 4099 attate
1017 4045 1366 4112 cognitorum,
1422 4045 1632 4111 impiam
1661 4058 1751 4098 ve-

1849 1923 1904 1972 Ὁ
1919 1919 2100 1988 Σωτὴρ
2119 1918 2272 1987 ἡμῶν
2287 1917 2378 1970 καὶ
2403 1916 2619 1984 Κύριος,
2645 1917 2874 1978 ἀκούσας
2900 1917 3044 1978 ποτὲ,
3067 1915 3356 1967 Διδάσκαλε

1837 2009 2023 2077 ἀγαθὲ,
2057 2007 2384 2074 ἀναπέμπων
2411 2006 2501 2057 τὸν
2532 2006 2753 2073 λέγοντα
2782 2004 2936 2056 τοῦτο
2973 2005 3062 2056 ἐπὶ
3099 2004 3190 2055 τὸν
3235 2005 3357 2054 cauo

1837 2097 1929 2150 τοῦ
1946 2096 2174 2165 Πατέρα,
2191 2097 2337 2164 φησι,
2360 2095 2420 2148 Τί
2429 2111 2504 2162 με
2519 2095 2708 2161 λέγεις
2733 2095 2979 2162 (immite;
2995 2090 3188 2156 οὐδεὶς
3215 2091 3356 2158 ἀνα-

1839 2189 1939 2252 θὸς
1966 2191 2016 2240 εὶ
2037 2190 2120 2254 μὴ
2152 2183 2256 2251 εἷς.
2289 2189 2319 2238 ό
2344 2171 2532 2248 Θεὸςό
2560 2183 2772 2250 Πατήρ.
2791 2184 2956 2252 Εἴπερ
2987 2182 3040 2233 δὲ
3054 2181 3191 2233 τοῦτ’
3211 2179 3365 2232 εὐλό-

1843 2296 1970 2346 γως,
2012 2278 2085 2340 ὡς
2104 2277 2263 2329 εἰκὼν
2289 2278 2384 2346 τῆς
2408 2277 2731 2345 ἀγαθότητος
2765 2275 2858 2327 τοῦ
2887 2273 3017 2326 Θεοῦ
3058 2273 3356 2342 τυγχάνων,

1840 2369 2053 2438 εἴρηκεν
2085 2368 2113 2416 ὁ
2146 2365 2269 2428 Υἱὸς
2299 2366 2393 2433 τῆς
2432 2365 2646 2432 ἀγάπης
2673 2363 2763 2416 τοῦ
2797 2364 3002 2432 Πατρός
3021 2379 3034 2392 ·
3098 2363 3210 2425 πῶς
3241 2361 3360 2431 οὐχὶ

1841 2455 2190 2525 εὐλογώτερον
2216 2455 2279 2507 ἂν
2306 2457 2413 2516 τοῖς
2433 2453 2816 2524 προσκυνοῦσιν
2849 2447 2998 2505 εἶπεν
3024 2451 3190 2521 ἥλιος,
3212 2451 3276 2503 Ti
3293 2465 3360 2520 με

1846 2547 2190 2616 προσκυνεῖς;
2217 2544 2429 2608 Κύριον
2445 2542 2552 2610 γὰρ
2574 2542 2678 2594 τὸν
2699 2542 2842 2594 Θεόν
2864 2555 2983 2594 σου
3014 2538 3360 2606 προσκυνή-

1841 2611 1986 2699 σεις·
2008 2651 2057 2686 κ.
2073 2651 2125 2686 τ.
2142 2632 2263 2685 λ.ιά
2284 2631 2670 2693 est,cServator
2687 2639 2862 2682 uoster
2885 2638 2940 2682 et
2968 2629 3238 2692 Dominus,
3263 2611 3373 2694 ειν-ι’

1842 2724 2061 2792 pellatus
2083 2722 2363 2790 aliquando
2382 2729 2670 2788 praeceptor
2686 2721 2874 2783 bonus,
2893 2721 2957 2772 ad
2979 2718 3185 2772 Patrem
3210 2730 3362 2771 suum

1843 2811 2115 2863 remittens
2139 2823 2256 2860 eum
2283 2807 2368 2874 qui
2397 2819 2454 2859 se
2483 2805 2558 2858 sic
2582 2805 2947 2872 appellaverat,
2974 2805 3156 2870 inquit.
3227 2801 3362 2866 Quid

1843 2916 1920 2952 me
1945 2899 2070 2950 dicis
2108 2897 2340 2950 bonum?
2374 2910 2514 2946 nemo
2550 2892 2708 2946 borius
2738 2893 2835 2945 nisi
2870 2909 2997 2946 unus
3029 2894 3096 2954 ⁸³,
3180 2904 3367 2956 nempe

1847 2987 1981 3039 Deus
2008 2985 2182 3038 Pater.
2224 2983 2373 3049 Quod
2399 2982 2446 3036 si
2474 2981 2524 3034 id
2561 2981 2773 3043 merito,
2799 2989 2858 3033 ut
2892 2981 3062 3048 imago
3115 2978 3366 3032 bonitatis

1850 3075 1960 3135 Dei.
1986 3075 2117 3128 dixit
2143 3073 2364 3126 dilectus
2392 3070 2568 3123 Patris
2605 3069 2786 3131 Filius,
2832 3083 3007 3121 annon
3040 3067 3238 3133 justius
3287 3066 3369 3120 sui

1846 3165 2042 3216 diceret
2068 3163 2179 3216 suis
2208 3161 2602 3222 adoratoribus,
2636 3158 2760 3226 quid
2801 3172 2884 3212 tne
2927 3155 3152 3210 adores?
3190 3154 3368 3206 Domi-

1846 3274 1967 3310 num
2005 3255 2165 3308 Deum
2192 3265 2337 3306 tuum
2373 3250 2614 3304 adorabis
2632 3249 2702 3310 “,.
2731 3267 2748 3298 ι
2779 3257 2880 3300 etc.
2904 3247 2980 3300 Ad
3003 3261 3119 3313 qua:
3143 3245 3252 3298 hac
3274 3243 3369 3296 ad-

1849 3353 1995 3396 notat
2023 3343 2105 3394 vir
2133 3341 2468 3395 doctissimus
2506 3337 2808 3405 Origeniau.
2854 3337 2948 3388 lib.
2986 3349 3046 3398 ιι,
3085 3343 3276 3401 quzest.
3311 3330 3374 3397 2,

1849 3446 1993 3482 nam.
2028 3429 2112 3493 15,
2143 3442 2260 3496 pag.
2298 3426 2395 3478 4‘26
2425 3437 2443 3480 ι
2468 3443 2485 3476 ι
2526 3424 2817 3476 Bonitatem
2871 3422 3047 3483 illaut,
3100 3435 3217 3490 quae
3256 3420 3364 3474 Deo

1849 3519 1987 3571 Patri
2010 3493 2276 3579 convenit,
2310 3515 2522 3568 Christo
2553 3513 2808 3576 detrahit,
2856 3527 2955 3580 non
2992 3519 3193 3564 tantum
3225 3493 3383 3588 (ψει-ξ

1853 3615 2000 3659 tenus
2024 3604 2178 3656 homo
2202 3612 2302 3665 est,
2333 3600 2424 3656 sed
2455 3601 2613 3654 etiam
2639 3610 2897 3666 quatenus
2942 3599 3117 3668 imago
3143 3607 3224 3653 est
3270 3599 3370 3652 bo-

1850 3694 2027 3746 nitatis
2076 3691 2190 3755 Dei,
2231 3691 2331 3744 hoc
2386 3699 2487 3753 est,
2535 3696 2794 3756 quatenus
2827 3696 2910 3743 est
2948 3687 3104 3740 Deus.
3136 3705 3156 3738 ι
3206 3686 3374 3753 Quasi

1850 3783 2050 3836 scilicet
2094 3781 2337 3834 Christus
2380 3779 2546 3832 etiam
2594 3787 2851 3845 quatenus
2894 3777 3052 3829 homo
3100 3786 3208 3840 est,
3270 3791 3374 3829 non

1849 3870 2104 3938 singulari
2156 3867 2360 3920 ratione
2402 3875 2544 3919 esset
2594 3866 2841 3919 bonitatis
2871 3863 2959 3916 Dei
3010 3865 3203 3931 imago.
3247 3864 3379 3928 Quis

1852 3975 1977 4012 vero
1999 3960 2198 4019 credat,
2227 3956 2510 4023 Origenem
2543 3953 2737 4022 stupidi
2788 3953 2920 4006 adeo
2962 3952 3154 4018 ingenii
3187 3952 3370 4016 fuisse,

1854 4059 1911 4103 ut
1961 4063 2066 4102 non
2119 4045 2458 4109 intellexerit,
2492 4053 2689 4098 textum
2746 4042 2892 4096 illum
2935 4042 3276 4110 evangelista:
3308 4045 3377 4094 ad

205 4145 434 4204 saniam
464 4141 514 4194 in
557 4139 804 4207 Apologia
838 4151 954 4204 quae
1004 4136 1194 4188 dicitur
1235 4134 1459 4186 Secunda
1513 4133 1595 4186 his
1644 4148 1756 4186 Ver-
1852 4139 2046 4196 Christi
2095 4135 2432 4204 οἰκονομίαν,
2484 4133 2536 4186 in
2589 4129 2854 4200 assutnpta
2903 4141 3100 4184 natura
3148 4132 3381 4184 humana

204 4239 309 4293 bis
345 4238 492 4284 notat
518 4243 633 4299 pag.
663 4227 834 4280 96ευὶ
860 4225 964 4292 γὰρ
992 4224 1080 4275 τὸν
1103 4223 1224 4295 Υἱον
1240 4222 1449 4292 Πατέρα
1469 4223 1746 4289 φάσκοντες

1852 4238 2172 4298 susceptam,
2193 4225 2408 4278 omnino
2438 4221 2740 4292 pertinere?
2773 4222 2878 4274 lino
2905 4220 3163 4289 Origenes
3183 4221 3376 4274 ibidem

204 4324 386 4381 εἶναι.
430 4318 748 4386 ἐλέγχονται,
801 4317 932 4384 μήτε
985 4314 1073 4366 τὸν
1130 4313 1340 4382 Πατέρα
1394 4313 1746 4381 ἐπιστάμενοι,

1854 4317 2050 4368 diserte
2074 4318 2268 4372 monet,
2299 4324 2357 4362 se
2384 4309 2647 4362 Christum
2674 4309 2742 4360 ita
2769 4308 3071 4375 loquentem
3102 4308 3380 4372 inducere,

209 4411 358 4487 μήθ’
375 4411 454 4461 ὃτι
476 4406 614 4460 ἐστὶν
643 4406 764 4468 Υἱὸς
791 4403 864 4472 τῷ
897 4399 1064 4473 Πατρὶ
1087 4402 1192 4455 τῶν
1223 4403 1353 4454 ὅλων
1379 4403 1746 4469 γινώσκοντες·

1858 4413 2104 4471 tauquam
2141 4399 2482 4472 παράδειγμα
2515 4399 2821 4464 exemplum,
2869 4399 3010 4466 quod
3048 4397 3249 4450 scilicet
3289 4398 3384 4450 ho-

207 4507 279 4566 ὃς
343 4498 434 4552 καὶ
463 4496 628 4561 Λόγος
672 4493 1005 4563 πρωτότοκος
1053 4490 1126 4543 ὢν
1173 4491 1262 4543 τοῦ
1297 4490 1449 4554 Θεοῦ,
1499 4492 1590 4542 καὶ
1630 4491 1757 4554 Θεὸς

207 4590 482 4661 ὑπάρχει,
512 4585 560 4637 id
591 4593 670 4636 est
697 4602 709 4636 :
744 4600 762 4632 ι
797 4582 891 4647 Qui
919 4583 1056 4634 enim
1081 4580 1264 4633 Filium
1295 4581 1504 4633 Patrem
1537 4595 1653 4633 esse
1677 4580 1757 4632 di-

208 4689 380 4742 cunt,
417 4675 814 4744 comperiuntur
841 4685 1012 4740 neque
1042 4669 1248 4723 Patrem
1283 4670 1442 4733 scire,
1477 4683 1644 4734 neque
1671 4667 1758 4720 Fi-

210 4769 364 4822 lium
417 4761 562 4814 Patri
620 4758 990 4811 universorum
1051 4771 1170 4809 esse
1219 4769 1418 4808 nosse:
1471 4756 1582 4822 qui,
1619 4755 1757 4824 quod

211 4852 467 4907 Verbum
505 4849 596 4902 Dei
648 4846 1055 4915 primogenitum
1111 4846 1203 4910 sit,
1250 4845 1386 4898 Deus
1440 4845 1598 4898 etiam
1649 4846 1760 4913 ipse

217 4949 340 4997 est.
368 4957 388 4989 ι
425 4939 519 4993 Ubi
553 4953 660 4990 tum
688 4936 876 4989 Filium
904 4950 939 4986 a
964 4935 1118 4988 Patre
1169 4936 1532 4988 universarum
1572 4934 1760 4988 distin-

218 5030 373 5102 guit,
405 5038 456 5081 et
487 5017 603 5082 esse
641 5028 810 5095 ipsum
843 5026 1002 5077 Deum
1033 5024 1246 5078 Patrem
1270 5035 1454 5078 contra
1485 5025 1759 5076 haereticos

223 5126 439 5182 negat:
469 5123 576 5167 tum
601 5119 755 5169 etiam
781 5113 992 5180 Filium,
1015 5115 1232 5180 perinde
1261 5130 1322 5167 ac
1344 5115 1574 5176 Patrem,
1600 5115 1760 5168 Deum

219 5218 428 5260 revera
485 5217 617 5265 esse,
656 5213 838 5272 utpote
881 5218 944 5255 ex
995 5203 1104 5269 ipso
1149 5205 1255 5256 Deo
1305 5203 1457 5256 Patre
1507 5205 1762 5270 genitum,

223 5293 506 5363 agnoscit.
547 5294 806 5348 Fortassis
838 5307 961 5347 vero
991 5293 1350 5355 Marcionitas,
1376 5301 1430 5345 et
1458 5292 1559 5343 alia
1595 5292 1644 5343 id
1674 5306 1763 5359 ge-

220 5398 348 5441 nus
375 5383 644 5435 hominum
675 5395 933 5447 monstra,
983 5385 1034 5436 in
1068 5383 1201 5450 ,loco
1240 5384 1398 5437 citato
1439 5381 1558 5432 ferit
1586 5379 1766 5447 Orige-

219 5489 362 5540 nes,
393 5473 483 5541 qui
506 5474 758 5527 docebant
781 5459 1118 5530 Servatoreni
1161 5489 1266 5526 non
1309 5485 1425 5525 esse
1463 5468 1761 5546 Dcijllius,

1861 4493 2106 4556 minibus,
2146 4491 2258 4557 ipse
2283 4487 2522 4541 Christus
2552 4487 2688 4538 inter
2724 4487 2964 4539 homines
2989 4497 3244 4548 versatus,
3273 4502 3372 4540 ex-

1861 4584 2042 4636 hibere
2067 4579 2246 4633 voluit.
2283 4578 2428 4642 Quod
2469 4577 2510 4629 si
2560 4576 2819 4634 daremus,
2875 4573 3156 4643 Origenem
3203 4577 3271 4630 ibi
3303 4576 3384 4628 lo-

1831 4655 1946 4739 qui
1981 4672 2044 4722 de
2087 4669 2302 4722 Christo
2351 4676 2608 4734 quatenus
2638 4662 2777 4717 Deus
2804 4674 2904 4726 est,
2950 4664 3190 4730 equidem
3229 4675 3376 4717 recte

1859 4759 2050 4812 dicitur
2069 4758 2231 4810 Filius
2251 4759 2418 4823 imago
2441 4753 2686 4805 bonitatis
2715 4761 2961 4818 pulcrum,
2980 4753 3249 4819 atheqnata
3275 4749 3379 4801 sci-

1858 4849 1979 4900 licet
2005 4858 2058 4899 et
2087 4845 2354 4912 perfecta;
2398 4853 2450 4894 et
2485 4850 2660 4892 tamen
2699 4849 2959 4907 quati-nus
3008 4839 3173 4892 Patris
3207 4838 3383 4900 imago

1862 4947 1969 4997 est,
2001 4951 2101 4987 non
2134 4935 2245 5001 ipse
2278 4931 2455 4994 Pater,
2489 4931 2588 4983 hoc
2620 4939 2723 4992 est,
2757 4938 3019 4996 quatenus
3049 4941 3116 4979 ex
3159 4935 3384 4991 paterno

1865 5028 2006 5077 fonte
2028 5023 2313 5076 bonitatem
2348 5036 2518 5083 suam,
2556 5029 2612 5071 ut
2639 5027 2690 5072 et
2724 5031 2911 5072 caetera
2948 5016 3133 5069 divina:
3175 5021 3382 5062 natura:

1865 5113 2140 5172 attributa,
2168 5111 2403 5175 adeoque
2428 5111 2592 5174 ipsam
2621 5109 2848 5160 divinam
2883 5114 3120 5158 naturaut
3159 5099 3374 5150 deriva-

1865 5213 1966 5255 tam
2001 5201 2171 5261 habet,
2201 5210 2355 5266 atque
2383 5199 2433 5250 in
2465 5200 2695 5250 secundo
2719 5197 2870 5262 signo
2896 5187 3112 5256 originis
3148 5187 3249 5252 (ut
3305 5188 3381 5240 loo-

1864 5299 2094 5356 quuntur
2121 5286 2450 5352 scholastici)
2493 5288 2736 5338 deitatem
2791 5278 3017 5347 possidcl
3046 5289 3060 5334 ;
3094 5274 3234 5324 hand
3271 5275 3376 5326 ιιιὶ-

1866 5395 1962 5430 nus
1995 5389 2133 5432 recte
2162 5396 2222 5432 ca
2255 5379 2454 5430 ratione
2490 5377 2629 5429 Patri
2679 5373 2869 5438 primas
2910 5364 3137 5415 tribucre
3181 5364 3389 5427 potuit.

1866 5469 2011 5533 Quod
2041 5484 2250 5522 veroex
2293 5467 2406 5520 istis
2457 5465 2632 5518 verbis
2669 5457 2860 5524 colligit
2904 5451 3141 5512 lluclius,
3186 5463 3400 5519 nempe

319 5657 367 5692 ⁸³
397 5656 547 5711 loan.
600 5671 708 5723 xiv,
744 5656 830 5711 28.
903 5657 1144 5729 "pilare.
1171 5655 1325 5719 x,l8;
1359 5652 1487 5709 Luc.
1518 5667 1665 5712 mu.
1708 5651 1746 5704 11

1869 5651 2094 5726 “,Dcut.
2114 5665 2191 5708 vr.
2223 5649 2286 5706 l5
2315 5664 2329 5705 ;
2372 5642 2558 5699 Matth.
2592 5653 2660 5691 iv.
2717 5634 2798 5686 ω.
