3922 6462
437 415 572 467 1515

438 531 622 596 Λόγον,
657 531 748 581 καὶ
775 529 981 595 σοφίαν,
1004 529 1096 581 καὶ
1143 528 1410 600 ἀλήοειαν,
1447 531 1537 583 καὶ
1587 532 1925 604 δικαιοσύνην
1947 576 1961 594 ,
1996 543 2034 595 Α

435 619 526 669 καὶ
555 619 725 669 πάντα
767 617 905 686 ἅπερ
961 614 1097 670 εἶναι
1145 620 1531 689 μεμαθήκαμεν
1581 622 1672 673 τὸν
1708 623 1829 676 Υἱῦν
1872 624 1961 674 τοῦ

434 706 586 765 Θεοῦ,
612 706 749 757 οὕτω
778 706 840 775 δὴ
856 708 956 758 καὶ
980 708 1071 758 τὸν
1106 709 1424 779 γεννηθέντα
1450 711 1553 763 ἀπὸ
1591 713 1827 763 τοιούτου
1858 715 1968 765 Πα-

434 796 557 863 τρός
583 811 597 825 ο
628 796 677 846 id
714 806 815 856 est,
847 816 864 846 ι
898 798 1078 863 Itaque
1108 798 1158 850 in
1177 799 1280 852 Deo
1308 800 1437 852 ﬁdes
1480 811 1656 854 nostra
1699 803 1965 866 consistit,

435 897 529 949 per
557 882 956 936 conﬁrmantem
991 899 1107 937 eam
1141 885 1191 936 in
1220 886 1371 939 nobis
1406 887 1567 955 ipsius
1609 889 1819 941 Filium.
1864 889 1969 942 Nec

423 973 875 1041 estquodGelsus
930 974 1079 1027 nobis
1126 975 1435 1028 seditionem
1488 976 1699 1038 obiiciat
1749 989 1967 1047 propter

434 1062 621 1115 Filium
645 1076 662 1114 :
689 1077 1004 1115 veneramur
1036 1064 1175 1116 enim
1213 1064 1443 1128 Patrem,
1467 1078 1530 1118 eo
1560 1067 1699 1132 quod
1728 1068 1962 1120 admira-

422 1166 554 1204 -mur
594 1152 709 1220 ejus
730 1151 944 1213 Filium,
985 1150 1213 1205 Verbum
1236 1161 1290 1205 et
1320 1154 1650 1220 sapientiam,
1690 1164 1741 1207 et
1772 1156 1965 1209 verita-

430 1245 558 1303 tem,
590 1249 643 1293 et
664 1240 944 1305 justitiam,
972 1250 1027 1293 et
1063 1242 1315 1309 quidquid
1344 1242 1570 1296 dicimus
1598 1257 1717 1298 esse
1742 1245 1833 1297 Dei
1869 1244 1959 1298 Fi-

432 1326 580 1389 lium,
611 1342 642 1379 e
674 1328 761 1380 tali
812 1328 969 1381 Patre
1021 1330 1371 1395 progenitum.
1411 1348 1431 1381 »
1470 1329 1615 1384 Hanc
1664 1332 1959 1385 doctrinam

433 1428 621 1466 sanam
660 1425 710 1466 et
750 1416 1060 1467 catholicam
1100 1429 1252 1477 esse,
1291 1426 1485 1469 norunt
1523 1432 1726 1481 omnes,
1780 1420 1867 1487 qui
1910 1421 1959 1471 in

430 1516 666 1556 veterum
691 1505 966 1557 doctorum
992 1506 1209 1573 scriptis
1240 1505 1327 1575 vel
1382 1507 1722 1560 mediocriter
1766 1510 1959 1563 versati

430 1593 595 1647 fuere.
619 1592 795 1656 Quid?
821 1595 957 1661 quod
986 1594 1095 1645 lucc
1134 1593 1304 1645 Patris
1336 1593 1492 1663 ὲξοχή
1522 1596 1573 1647 in
1605 1596 1850 1650 omnibus
1869 1612 1960 1650 ca-

424 1683 635 1735 tholicae
658 1683 900 1735 Ecclesia:
922 1682 1176 1750 Liturgiis
1195 1683 1454 1750 hodieque
1480 1686 1802 1753 agnoscitur.
1824 1685 1958 1740 Nam

420 1782 483 1824 et
510 1773 562 1823 in
591 1771 909 1839 δοξολογίαις
943 1773 1102 1824 Deum
1152 1772 1359 1825 Patrem
1389 1773 1445 1823 ὲν
1468 1773 1666 1846 πρώτῃ
1698 1775 1850 1838 τάξει
1880 1775 1958 1844 (ιιι

426 1856 939 1927 Justiuuslomiitur)
964 1858 1355 1925 gloriﬁcamus:
1391 1870 1444 1915 et
1466 1876 1652 1929 preces
1675 1863 1955 1932 plerasque
1989 1849 2028 1902 Β

427 1948 494 1999 ad
517 1948 682 2013 ipsum
707 1946 1151 2013 dirigimas.'Qua
1177 1948 1241 2001 de
1286 1962 1342 2002 re
1390 1960 1574 2003 notatu
1631 1965 1762 2005 sane
1795 1953 1951 2021 digna

420 2045 549 2087 sunt
572 2035 789 2096 Petavii,
825 2036 1017 2090 Crellio
1047 2037 1114 2091 de
1137 2035 1337 2106 Spiritu
1388 2049 1573 2093 sancto
1627 2044 1956 2109 responden-

426 2125 516 2185 tis,
556 2124 717 2176 verba
741 2123 816 2176 De
838 2123 982 2176 Trin.
1018 2124 1109 2179 lib.
1129 2140 1212 2191 tn,
1239 2141 1356 2195 cap.
1383 2128 1435 2193 7,
1460 2143 1609 2180 num.
1634 2128 1720 2183 {5.
1750 2148 1769 2181 ι
1801 2130 1953 2195 Nam,

421 2212 624 2279 inquit,
655 2212 794 2278 quod
823 2214 887 2265 ad
912 2213 1167 2280 Spiritum
1193 2225 1434 2270 sanctum
1474 2230 1660 2285 preces
1693 2221 1743 2273 in
1772 2220 1955 2275 Eccle-

424 2301 504 2353 sia
526 2301 735 2368 publice
764 2304 873 2356 fere
920 2319 1022 2356 non
1075 2305 1395 2373 diriguntur,
1428 2308 1625 2361 frustra
1657 2325 1721 2364 ex
1773 2325 1838 2365 eo
1866 2327 1956 2365 ca-

430 2390 683 2442 lunmiam
721 2392 883 2444 struit
905 2391 1149 2447 Crellius.
1174 2394 1452 2462 Siquidem
1485 2398 1649 2451 veteri
1681 2413 1748 2453 ex
1807 2416 1904 2455 usu
1936 2441 1951 2463 ,

426 2480 689 2547 pleraeque
721 2481 785 2533 ad
809 2480 1014 2534 Patrem
1044 2481 1386 2536 referuntur:
1416 2486 1661 2552 atqueita
1680 2487 1952 2541 decretum

423 2570 649 2636 legimus
683 2571 735 2623 in
763 2571 1166 2640 Carthaginensi
1196 2572 1350 2627 tertia
1380 2575 1599 2644 synodo,
1631 2591 1837 2633 canone
1860 2581 1952 2641 23,

422 2671 482 2715 ut
498 2675 615 2713 cum
633 2660 697 2713 ad
736 2660 903 2715 altare
926 2662 1212 2729 assistitur,
1229 2677 1439 2732 semper
1452 2666 1517 2718 ad
1539 2665 1748 2720 Patrem
1767 2668 1956 2737 diriga-

422 2759 511 2803 tur
542 2751 732 2804 oratio.
762 2748 1022 2805 Nimirum
1047 2753 1169 2821 quia
1200 2762 1329 2807 tunc
1356 2754 1554 2809 Christi
1593 2771 1809 2823 mrpus,
1844 2760 1954 2812 sive

422 2840 583 2895 homo
606 2842 853 2901 Christus
882 2840 1125 2907 oﬁ‘ertur,
1150 2857 1212 2896 ac
1238 2845 1438 2897 veteris
1467 2854 1522 2899 et
1550 2849 1755 2900 cruenti
1787 2853 1956 2903 sacri-

422 2930 529 2984 ﬁcii
563 2932 813 2985 memoria
844 2932 1165 2994 celebratur,
1210 2948 1414 3001 aequum
1469 2944 1552 2990 est
1582 2939 1651 2989 ad
1700 2938 1907 2993 Patrem
1934 2980 1949 3003 ,

419 3019 565 3072 velut
589 3028 857 3073 auctorem
884 3034 945 3075 ac
981 3022 1302 3090 principium
1332 3022 1527 3077 referri
1584 3026 1764 3079 omnia
1810 3046 1823 3088 ;
1877 3032 1953 3082 nti

421 3124 686 3164 summum
719 3110 989 3164 imitemur
1017 3113 1373 3178 sacerdotem,
1398 3122 1453 3168 et
1470 3116 1772 3182 pontiﬁcem
1800 3118 1955 3173 Clni-
1980 3149 2021 3205 ο

420 3210 560 3254 stum
595 3200 906 3264 Dominum;
938 3202 1025 3268 qui
1063 3210 1171 3253 tum
1206 3202 1383 3255 omnia
1417 3203 1553 3256 dicta
1580 3204 1829 3273 factaque
1857 3225 1949 3260 sua

418 3289 595 3343 Patris
614 3289 678 3342 ad
705 3290 956 3342 honorem
997 3289 1200 3344 referre
1230 3290 1473 3344 solebat:
1507 3301 1615 3344 tum
1649 3294 1701 3347 in
1735 3296 1823 3348 illo
1854 3312 1949 3363 po-

419 3389 618 3433 stremo
662 3378 924 3433 sacriﬁcio
970 3379 1189 3432 tradidit
1240 3381 1582 3448 semetipsum
1634 3397 1730 3450 pro
1798 3386 1952 3439 nobis

417 3467 758 3532 oblationem,
781 3479 834 3521 et
856 3469 1076 3521 hostiam
1106 3468 1218 3523 Deo
1248 3470 1300 3522 in
1325 3470 1541 3523 odorem
1579 3473 1859 3528 suavitatis
1882 3476 1944 3530 “.

418 3555 529 3610 Nec
564 3565 644 3609 est
689 3557 807 3610 inde
834 3571 1164 3625 consequens
1193 3569 1284 3611 aut
1308 3559 1587 3613 Christum
1640 3561 1807 3616 Deum
1843 3580 1948 3618 non

417 3658 557 3707 esse,
592 3653 683 3696 aut
714 3660 808 3698 nec
837 3645 1091 3712 Spiritum
1130 3655 1374 3699 sanctum
1409 3662 1422 3700 :
1482 3650 1573 3702 sed
1602 3650 1702 3703 hoc
1728 3653 1899 3706 solum
1932 3696 1947 3717 ,

414 3750 534 3790 esse
558 3749 817 3788 summum
848 3735 1122 3804 utriusque
1142 3736 1485 3804 principium,
1518 3753 1544 3788 a
1576 3751 1683 3805 quo
1716 3741 1788 3793 uti
1821 3757 1946 3805 pro-

416 3825 729 3895 prietatibus
766 3826 997 3879 distincti
1025 3834 1166 3890 sunt,
1212 3824 1289 3879 sic
1321 3834 1509 3878 natura
1546 3836 1601 3879 et
1649 3830 1947 3885 substantia

416 3931 521 3969 non
552 3916 877 3983 discrepant.
913 3933 931 3965 ι

485 4003 675 4075 ςχνι.
713 4003 977 4058 llactenus
1008 4017 1067 4058 ea
1091 4003 1441 4071 defendimus,
1472 4021 1587 4073 quae
1617 4007 1714 4060 viri
1746 4009 1945 4064 doctis-

412 4096 535 4148 simi
566 4095 810 4148 Petavius
833 4105 885 4148 et
936 4093 1157 4148 Huetius
1186 4096 1239 4148 in
1275 4095 1427 4150 libris
1476 4096 1723 4165 Origenis
1763 4112 1946 4153 contra

416 4184 624 4238 Celsum
648 4185 1116 4252 reprehenderunt.
1152 4185 1413 4239 Caeterum
1452 4197 1642 4255 praeter
1666 4188 1789 4249 ista,
1816 4189 1942 4243 Hic-

419 4288 669 4343 ronymus
696 4275 820 4327 olim
852 4272 994 4343 (odio
1018 4276 1225 4329 scilicet
1248 4291 1344 4330 suo
1388 4277 1438 4329 in
1469 4276 1748 4346 Origenem
1779 4320 1794 4343 ,
1850 4295 1940 4334 seu

417 4362 591 4426 potius
642 4363 695 4414 in
732 4360 976 4431 Origenis
1036 4363 1376 4431 interpretem
1423 4364 1668 4418 Ruﬁnum
1718 4367 1940 4422 nimium

418 4449 715 4517 indulgens,
741 4451 965 4519 indeque
1012 4454 1189 4506 omnia
1228 4452 1341 4519 ejus
1388 4455 1549 4507 verba
1600 4455 1846 4524 dictaque
1889 4459 1939 4512 in
1973 4465 2059 4525 Di

418 4537 703 4605 pessimum
731 4553 940 4593 sensum
966 4542 1180 4594 trahere
1200 4541 1431 4609 amans).
1455 4552 1507 4595 et
1534 4542 1636 4594 alia
1669 4544 1940 4613 complura

416 4624 484 4677 de
515 4622 646 4675 Filio
666 4625 784 4689 Dei,
808 4627 859 4679 in
887 4627 1007 4681 aliis
1024 4629 1266 4697 Origenls
1282 4631 1495 4699 scriptis
1522 4631 1751 4685 absurde
1782 4643 1941 4702 atque

419 4711 577 4779 impie
606 4712 743 4765 dicta
770 4717 971 4769 notavit
994 4734 1007 4780 ;
1042 4732 1157 4785 qua:
1189 4719 1363 4771 omnia
1389 4734 1454 4772 ex
1482 4734 1585 4773 uno
1608 4736 1765 4788 opere
1815 4739 1938 4776 con-

415 4812 495 4855 tra
526 4799 731 4855 Celsum
756 4799 915 4854 facile
937 4804 1266 4859 refelluntur.
1296 4805 1569 4875 Praecipua
1593 4810 1934 4879 attingemus.

413 4892 469 4946 ln
493 4890 712 4959 epistola
738 4888 906 4952 59,ad
935 4890 1102 4957 Avit.,
1134 4910 1342 4949 errores
1375 4911 1657 4952 recensens
1679 4899 1936 4955 librorum

412 4981 549 5051 Περὶ
581 4978 791 5051 ἀρχῶν,
827 4980 1105 5045 scripsisse
1126 4982 1413 5052 Origenem
1455 4986 1531 5038 ait
1557 4986 1932 5057 Hieronymus,

417 5075 469 5125 in
508 5072 677 5140 primo
702 5070 815 5139 ejus
843 5068 1020 5136 operis
1042 5071 1324 5137 volumine,
1355 5091 1374 5123 ι
1404 5074 1567 5127 Deum
1601 5078 1808 5130 Patrem
1843 5094 1939 5145 per

414 5172 658 5215 naturam
700 5157 1040 5220 invisibilem,
1071 5172 1100 5208 a
1135 5157 1266 5211 Filio
1289 5177 1390 5216 non
1424 5164 1613 5220 videri.
1642 5184 1662 5212 ι
1698 5166 1761 5218 Et
1784 5168 1833 5218 in
1858 5183 1941 5220 se-

412 5251 626 5304 cundo:
667 5268 687 5302 ι
730 5248 917 5302 Restat
947 5255 1006 5300 ut
1037 5245 1316 5301 invisibilis
1339 5251 1407 5303 sit
1434 5252 1575 5307 Deus
1602 5295 1617 5320 ,
1662 5255 1705 5308 si
1762 5266 1936 5311 autem

394 5337 692 5397 invisibilis
719 5354 812 5406 per
840 5347 1084 5391 naturam
1114 5342 1216 5399 est,
1247 5350 1417 5401 neque
1454 5339 1717 5395 Salvatori
1753 5345 1940 5397 visibi-

415 5425 501 5478 lis.
536 5446 557 5480 ι
590 5427 727 5481 Idem
762 5430 813 5482 in
847 5428 1071 5497 cpistola
1104 5426 1191 5489 6|,
1240 5426 1304 5477 ad
1347 5426 1672 5494 Pammach.,
1714 5448 1830 5500 cap.
1880 5436 1934 5498 5,

394 5514 405 5531 δ
483 5537 528 5568 ⁸⁸
549 5540 737 5606 Ephes.
766 5556 816 5605 v,
847 5542 901 5595 2.
977 5543 1019 5575 ⁸⁷
1047 5539 1230 5595 Matth.
1252 5553 1326 5604 x1,
1353 5537 1442 5590 27.

483 5625 591 5700 (ἓξ)
619 5628 743 5700 Elide
775 5633 932 5700 hujus
959 5635 1143 5700 capitis
1179 5647 1322 5683 num.
1356 5632 1410 5684 9.

396 5761 398 5763 γ
430 5728 437 5739 .
484 5693 590 5759 ᾤἹ)
622 5695 747 5749 Vide
774 5693 1068 5770 Pt‘blegom.
1103 5702 1275 5754 Ruﬁni
1303 5703 1353 5752 in
1385 5700 1472 5753 lib.
1508 5704 1639 5769 Περὶ
1673 5705 1896 5774 ἀρχῶν.

1806 413 2215 469 EXCERPTUM

3745 384 3847 436 3M3

2063 546 2126 586 ex
2158 532 2312 584 libris
2340 530 2487 597 Περὶ
2527 521 2762 593 ἀρχῶν
2788 515 2977 572 aﬂ‘ert
3010 525 3086 566 ac
3122 503 3580 597 damnat
3607 505 3612 542 ι

2310 566 2312 577 .
2340 530 2487 597 Περὶ
2527 521 2762 593 ἀρχῶν
2788 515 2977 572 aﬂ'ert
3010 525 3086 566 ac
3122 510 3412 565 damnat
3607 500 3859 570 Origenis

2062 624 2268 677 verba:
2309 640 2328 669 ε
2375 594 2541 674 Sicut
2568 617 2739 669 enim
2780 614 3213 675 incongruum
3263 604 3379 652 est
3418 594 3668 657 dicere,
3722 597 3857 663 quod

2062 692 2233 779 possit
2254 710 2435 762 Filius
2466 706 2674 759 videre
2713 701 3011 761 Patrem;
3084 695 3173 747 ita
3245 685 3728 779 inconveniens
3785 695 3863 737 est

2064 775 2297 867 opinari,
2330 799 2479 867 quod
2509 795 2774 864 Spiritus
2794 796 3062 845 sanctus
3080 782 3306 853 possit
3328 776 3564 832 videre
3600 775 3855 831 Filium.»

2066 888 2134 943 Et
2160 890 2482 957 primarium
2525 887 2685 939 hunc
2721 896 2802 934 ac
2845 876 3272 948 praecipuum
3345 871 3534 924 inter
3602 871 3615 917 l

2312 890 2482 941 trium
2525 887 2685 939 hunc
2721 896 2802 934 ac
2845 876 3272 948 praecipuum
3345 871 3534 924 inter
3602 867 3861 935 Origenis

2064 968 2491 1032 erroresstatuit
2518 970 2903 1043 Epiphanius
2927 968 3175 1022 haeres.
3218 977 3417 1025 thv,
3454 975 3609 1029 cap.
3651 958 3789 1022 Let
3813 958 3860 1013 in

2063 1067 2353 1128 Ancoralo,
2387 1079 2519 1132 cap.
2552 1063 2649 1116 65.
2704 1060 2831 1114 Sed
2868 1056 3231 1110 audiamus
3274 1052 3501 1119 ipsum
3552 1048 3861 1117 Origenem

2063 1154 2115 1206 in
2138 1167 2303 1220 opere
2327 1150 2777 1206 illoindubitato
2810 1156 3043 1201 contra
3084 1142 3363 1197 Celsum
3405 1140 3525 1194 lib.
3561 1153 3667 1205 γι,
3716 1155 3855 1194 num.

2064 1243 2150 1306 l7,
2177 1260 2299 1312 pag.
2322 1243 2450 1306 645,
2482 1256 2648 1295 suam
2684 1242 2761 1294 de
2801 1237 3089 1293 scientia
3140 1249 3283 1303 qua
3329 1232 3543 1285 Pater
3575 1241 3641 1284 et
3692 1230 3858 1284 Filius

2060 1346 2120 1385 se
2140 1344 2325 1385 mutuo
2356 1342 2734 1400 cognoscunt,
2764 1328 3179 1385 sententiam
3226 1324 3420 1378 clare
3467 1322 3853 1391 explicantem

2060 1421 2145 1474 his
2185 1420 2365 1475 verbis
2399 1440 2414 1473 :
2470 1420 2641 1472 Ἀλλὰ
2675 1421 2779 1472 καὶ
2808 1421 2839 1472 ό
2889 1417 3142 1486 Σωτὴρ
3180 1415 3391 1485 ἡμῶν
3436 1415 3556 1465 καὶ
3605 1416 3609 1465 ἶ

2301 1421 2365 1475 )is
2399 1440 2414 1473 :
2470 1420 2641 1472 Ἀλλὰ
2675 1421 2779 1472 καὶ
2808 1421 2839 1472 ό
2889 1417 3142 1486 Σωτὴρ
3180 1415 3391 1485 ἡμῶν
3436 1415 3556 1465 καὶ
3605 1413 3850 1483 Κύριος,

2058 1510 2244 1579 Λόγος,
2261 1510 2355 1562 τοῦ
2387 1511 2549 1571 Θεοῦ,
2603 1511 2670 1563 τὸ
2711 1509 2993 1580 μέγεθος
3041 1505 3406 1577 παριστὰς
3443 1508 3564 1576 τῆς
3601 1504 3855 1572 γνώσεως

2057 1599 2150 1651 τοῦ
2179 1600 2411 1671 Πατρὸς,
2434 1603 2518 1653 ὅτι
2544 1601 2674 1654 κατ’
2702 1602 2890 1665 ἀξίαν
2926 1597 3498 1671 προηγουμένως
3524 1597 3693 1665 αὐτῷ
3716 1599 3853 1666 μόνῳ

2058 1690 2389 1760 λαμϐάνεται
2423 1694 2521 1744 καὶ
2555 1691 2963 1759 γινώσκεται,
3002 1688 3366 1758 δευτέρως
3396 1688 3469 1740 δὲ
3499 1690 3632 1751 τοῖς
3656 1687 3852 1760 ἐλλαμ-

2058 1780 2311 1848 πομένοις
2336 1779 2396 1831 τὸ
2420 1781 2764 1849 ἡγεμονικὸν
2786 1779 2899 1831 ὑπ’
2926 1776 3152 1830 αὑτοῦ
3174 1776 3301 1827 τοῦ
3327 1776 3545 1842 Λόγου
3575 1778 3681 1829 καὶ
3703 1778 3850 1840 Θεοῦ,

2056 1868 2237 1939 φησιν,
2258 1870 2467 1935 Οὐδεὶς
2478 1873 2638 1938 ἔγνω
2656 1870 2774 1922 τὸν
2802 1870 2978 1922 Υὶὸν
3005 1870 3153 1935 aly
3190 1866 3240 1933 ὴ
3289 1866 3571 1935 Πατὴρ,
3591 1867 3744 1919 οὐδὲ
3759 1869 3851 1922 τίν’

2057 1959 2281 2025 Πατέρα
2302 1962 2354 2011 εὶ
2375 1959 2464 2026 μὴ
2500 1962 2533 2012 ό
2576 1960 2739 2025 Υἱὸς,
2770 1960 2886 2012 καὶ
2923 1952 2987 2024 ᾦ
3018 1959 3127 2012 ἂν
3151 1961 3199 2011 ὀ
3231 1959 3399 2021 Υἱὸς
3431 1960 3844 2029 ἀποκαλύψῃ.

2056 2048 2191 2100 Οὔτε
2225 2047 2334 2118 γὰρ
2365 2049 2458 2100 τὸν
2493 2048 2781 2119 ἀγένητον
2828 2050 2949 2103 καὶ
3012 2050 3264 2120 πάσης
3299 2051 3585 2120 γενετῆς
3641 2051 3847 2120 φύσεως

2055 2138 2396 2206 πρωτότοκον
2420 2140 2548 2190 κατ’
2577 2139 2746 2203 ἀξίαν
2770 2140 3023 2193 εἰδέναι
3070 2157 3193 2203 τις
3238 2141 3550 2203 δύναται,
3578 2143 3663 2206 ὡς
3690 2147 3846 2211 ὀγεν-

2054 2228 2220 2295 νήσας
2247 2227 2407 2303 αὐτὸν
2435 2228 2660 2299 Πατὴρ,
2690 2228 2831 2281 οὔτε
2892 2230 3015 2283 τὸν
3060 2231 3367 2302 Πατέρα
3407 2232 3502 2295 ὡς
3535 2235 3569 2285 ὁ
3607 2232 3851 2303 ἔμψυχος

2054 2300 2249 2384 Λόγος,
2275 2318 2367 2370 καὶ
2389 2319 2555 2386 σοφία
2581 2320 2759 2372 αὐτοῦ
2805 2322 2923 2372 καὶ
2971 2300 3296 2390 ἀλήθεια
3323 2341 3342 2355 ο
3390 2326 3457 2377 id
3496 2336 3583 2379 est

2297 2318 2367 2370 tat
2389 2319 2555 2386 σοφία
2581 2320 2759 2372 αὐτοῦ
2805 2322 2923 2372 καὶ
2971 2300 3296 2390 ἀλήθεια
3323 2341 3342 2355 ⁸
3390 2326 3457 2377 id
3496 2300 3671 2379 ωιτν(
3696 2300 3846 2392 ‘Quin

2055 2412 2108 2457 et
2140 2404 2392 2458 Servator
2422 2415 2614 2460 noster
2633 2423 2707 2481 ac
2723 2408 3076 2475 Dominus,
3116 2410 3251 2466 Dei
3285 2411 3600 2476 Verbum,
3638 2416 3846 2484 magni-

2055 2494 2291 2550 tudinem
2325 2498 2671 2565 cognitionis
2704 2498 3044 2564 indicans,
3076 2517 3230 2571 qua
3270 2502 3475 2559 Pater
3496 2506 3634 2575 ejus
3670 2509 3839 2561 nosci-

2060 2595 2168 2652 tur,
2203 2589 2455 2655 quodque
2477 2603 2585 2656 pro
2616 2589 2925 2658 dignitate
2965 2594 3061 2646 ab
3120 2594 3294 2663 ipso
3350 2596 3499 2650 solo
3537 2608 3838 2663 noscatur,

2053 2676 2292 2730 secundo
2345 2692 2477 2730 vero
2512 2678 2635 2731 loco
2678 2680 2754 2733 ab
2795 2680 3234 2739 illuminatis
3269 2687 3602 2741 mentibus
3640 2705 3740 2759 per
3778 2691 3835 2743 il-

2055 2766 2143 2819 lud
2176 2769 2350 2835 ipsum
2384 2767 2626 2821 Verbum
2686 2786 2760 2824 ac
2803 2771 3053 2840 Deum,
3106 2773 3373 2843 Nemo,
3422 2779 3649 2847 inquit,
3706 2782 3837 2833 norit

2054 2853 2252 2908 Filium
2285 2858 2386 2910 nisi
2415 2858 2607 2921 Pater,
2648 2876 2833 2928 neque
2876 2862 3173 2919 Patrem
3217 2870 3361 2922 nisi
3400 2868 3710 2937 Filius,et
3761 2876 3834 2926 cui

2055 2943 2228 2998 Filius
2259 2946 2569 2999 revelaverit
2601 2949 2673 3000 ".
2721 2948 2879 3003 Nam
2956 2968 3215 3023 neque
3261 2959 3579 3014 infectum
3608 3001 3626 3025 ,
3680 2973 3835 3030 atque

2055 3044 2177 3087 ante
2208 3048 2421 3088 omnem
2451 3036 2662 3090 factam
2694 3049 2994 3094 naturam
3038 3048 3375 3114 genitum
3403 3053 3726 3123 quisquam
3748 3070 3831 3122 prc

2055 3124 2316 3193 dignitate
2342 3135 2521 3194 potest
2555 3143 2750 3194 nosse,
2801 3133 2981 3186 sicut
3006 3136 3245 3192 Pater
3285 3142 3431 3209 ipso
3471 3146 3574 3213 qui
3619 3146 3833 3214 genuit:

2058 3229 2230 3283 neque
2255 3214 2472 3268 Patrem
2504 3219 2847 3287 quisquam,
2886 3224 3078 3278 sicut
3115 3231 3504 3287 animatum
3559 3234 3689 3304 ejus
3723 3234 3837 3290 Vero

2057 3305 2203 3367 bum,
2243 3306 2448 3361 veritas
2494 3318 2551 3360 ct
2582 3310 2922 3375 sapientia.
2972 3333 2997 3367 ι
3060 3317 3279 3378 Nihil
3330 3328 3528 3396 magis
3558 3328 3838 3383 catholica

2058 3393 2261 3446 dictum
2301 3410 2539 3464 unquam
2593 3396 2726 3454 fuit.
2766 3400 2938 3466 Quin
2995 3417 3076 3459 et
3106 3393 3479 3483 Origenetn
3514 3432 3696 3488 supra
3724 3419 3839 3489 ('56)

2056 3483 2325 3537 dicentem
2367 3486 2705 3552 audivimus,
2755 3490 2968 3548 Deum
3016 3496 3333 3560 Patrem
3369 3522 3501 3562 esse
3541 3483 3628 3579 τῷ
3670 3483 3836 3579 Λάγῳ

2056 3572 2231 3627 Verbo
2253 3575 2368 3629 sive
2416 3577 2558 3631 Filio
2586 3592 2695 3631 suo
2718 3582 3019 3650 ἐφικτόν,
3065 3606 3093 3640 ι
3129 3572 3605 3666 εοηιριιθιιειιεί

2280 3575 2368 3666 ive
2389 3665 2394 3666 γ
2416 3577 2558 3631 Filio
2586 3592 2695 3631 suo
2718 3582 3019 3650 ἐφικτόν,
3065 3606 3093 3640 ι
3129 3572 3829 3666 comprehensi‘bilem'n

2055 3663 2133 3715 Ad
2162 3663 2276 3717 loca
2307 3663 2558 3734 Origenis
2578 3670 2731 3736 quod
2763 3676 3039 3742 attinet,
3078 3694 3175 3736 ex
3224 3663 3419 3742 libris
3448 3692 3604 3758 Περὶ

2307 3663 2558 3734 Origenis
2578 3670 2731 3736 quod
2763 3676 3039 3742 attinet,
3078 3694 3175 3736 ex
3224 3663 3419 3742 libris
3448 3692 3606 3758 Περὶ
3630 3692 3831 3761 ἀρχῶν

2055 3750 2355 3821 desumpta,
2395 3764 2649 3821 poteram
2688 3767 3109 3831 respondere
3180 3791 3279 3831 ex
3325 3750 3623 3838 omnibus
3644 3750 3830 3853 drige-

2054 3841 2140 3893 nis
2167 3843 2385 3909 scriptis
2413 3844 2514 3897 ista
2550 3848 2700 3913 Hspl
2730 3849 2976 3919 ἀρχῶν
3019 3865 3360 3923 maxime
3395 3886 3603 3933 esse.c

2283 3844 2385 3909 ptis
2413 3844 2514 3943 ista
2550 3848 2976 3943 Πε-ρέλάρχῶν
3019 3865 3360 3923 maxime
3395 3841 3824 3943 essecorrnpta

2053 3940 2216 4035 atque
2244 3932 2567 4021 interpolata
2602 3937 2750 4006 (37),
2779 3941 2979 4011 idque
3018 3965 3061 4003 ει
3102 3952 3378 4014 Ruﬁno
3420 3932 3635 4020 multis
3677 3932 3829 4035 argu-

2052 4026 2249 4079 mentis
2310 4037 2595 4082 ostensum
2651 4048 2808 4088 esse.
2852 4038 2990 4094 Sed
3075 4052 3213 4106 t-ali
3278 4056 3396 4112 hic
3457 4026 3826 4128 responsione

2051 4128 2187 4223 0p'us
2201 4116 2638 4223 :nonbabemus,
2671 4137 2808 4178 cum
2838 4128 2979 4197 ipsa
3014 4135 3375 4211 Origenis
3439 4116 3655 4217 verba,
3679 4165 3826 4223 prout

2052 4203 2305 4313 adit-map
2334 4207 2545 4313 integre
2563 4213 2991 4277 producuntur
3012 4203 3209 4301 (38)",
3236 4240 3354 4304 qui
3381 4250 3447 4295 et
3480 4203 3730 4313 scopum

3110 4324 3413 4390 xplicat,
3463 4347 3591 4383 suze
3630 4349 3827 4404 purga-

2044 4909 2404 4970 clesiasticam
2443 4920 2607 4976 ﬁdem
2638 4927 2972 4990 defendens

2118 5661 2233 5735 ('58)
2267 5668 2402 5727 Vide
2426 5674 2620 5736 Ruﬁni
2654 5680 2863 5743 Invect.
2927 5692 2986 5748 in
3028 5696 3437 5782 llieronym.
