3922 6478
189 396 295 447 ΗΠ
1116 387 1205 442 EX
1241 386 1304 441 ϐ.
1341 383 1537 439 BULLI
1577 381 1724 436 DEF.

185 515 290 560 runt
339 503 579 572 quomodo
630 509 817 554 natura
867 500 957 553 Dei
989 500 1346 569 supereminet
1385 514 1663 567 corporum
1692 499 1739 552 A

189 603 410 648 naturam.
426 593 554 648 Vide
578 607 702 658 ergo
720 592 762 646 si
787 606 886 645 non
913 590 1069 644 etiam
1089 590 1366 657 Apostolus
1396 591 1492 643 hoc
1523 590 1661 642 idem

183 683 264 744 ait,
285 697 384 736 cum
410 685 468 737 de
487 682 696 738 Christo
734 681 968 749 loquitur
999 681 1179 734 dicens
1208 699 1220 734 :
1261 680 1360 744 Qui
1397 690 1468 732 est
1496 681 1662 747 imago

182 771 414 825 invisibilis
439 771 546 828 Dei.
571 771 938 838 primogenita:
994 769 1173 828 omnis
1190 778 1440 822 creatura:
1462 769 1525 819 ⁸⁸.
1552 769 1662 820 Νοη

182 863 307 916 enim
333 863 398 931 (ut
418 862 625 930 quidam
655 858 861 928 putant)
906 859 1061 912 alicui
1089 859 1337 924 visibilis,
1360 869 1412 912 et
1444 858 1562 912 aliis
1588 859 1666 911 iu-

181 953 409 1006 visibilis:
442 952 560 1019 quia
589 964 689 1004 non
713 950 839 1004 dicit
871 951 1172 1017 Apostolus,
1198 951 1364 1019 imago
1394 950 1662 1003 invisibilis

177 1041 265 1094 Dei
293 1042 572 1103 hominibus,
607 1049 698 1092 aut
718 1039 986 1092 invisibilis
1006 1041 1378 1107 peccatoribus,
1401 1039 1490 1093 sed
1515 1039 1665 1092 valde

179 1140 448 1185 constanter
497 1131 798 1198 pronuntiat
829 1130 892 1182 de
951 1130 1059 1197 ipsa
1095 1141 1282 1182 natura
1314 1129 1401 1182 Dei
1442 1129 1621 1182 dicens
1648 1168 1664 1192 ,

175 1219 331 1287 imago
353 1220 601 1272 invisibilis
626 1219 734 1270 Dei.
787 1217 889 1272 Sed
930 1226 982 1271 et
1007 1215 1239 1272 Joannes
1272 1217 1324 1270 iu
1385 1217 1666 1286 Evangelia

175 1308 356 1373 dicens,
379 1307 528 1360 Deum
563 1323 707 1360 nemo
739 1307 864 1360 uidit
888 1322 1109 1374 unquam
1137 1306 1181 1337 ⁶⁹
1209 1347 1225 1372 ,
1256 1305 1535 1358 manifeste
1574 1305 1667 1358 tle-

172 1397 325 1452 clarat
352 1399 604 1457 omnibus,
629 1398 714 1464 qui
742 1396 1036 1465 intelligere
1071 1404 1308 1465 possunt,
1352 1397 1476 1464 quia
1529 1394 1667 1448 nulla

173 1498 342 1539 natura
365 1497 457 1548 est,
489 1487 572 1539 cui
603 1486 820 1540 visibilis
849 1487 917 1538 sit
945 1488 1079 1539 Deus
1111 1505 1123 1537 :
1159 1501 1260 1538 non
1289 1485 1438 1552 quasi
1469 1487 1556 1551 qui
1591 1487 1670 1536 vi-

169 1575 329 1628 sibilis
354 1575 411 1627 sit
432 1575 640 1641 quidem
675 1589 765 1641 per
807 1583 1074 1636 naturam,
1103 1586 1156 1626 et
1182 1574 1325 1626 velut
1384 1572 1668 1642 fragilioris

166 1675 404 1717 creatura:
432 1663 619 1716 evadat
649 1673 916 1730 aspectum
944 1681 957 1728 ;
990 1663 1081 1716 sed
1123 1662 1371 1728 quoniam
1411 1661 1668 1714 naturali-

165 1759 244 1805 ter
266 1752 418 1804 videri
438 1751 762 1817 impossibile
781 1761 881 1804 est.
904 1751 1006 1804 Sed
1042 1751 1085 1804 si
1108 1752 1348 1819 requiras
1370 1766 1398 1801 a
1433 1766 1516 1803 me
1546 1749 1667 1818 quid

161 1839 318 1892 etiam
340 1839 525 1906 deipso
552 1838 834 1906 Unigenito
863 1840 1108 1902 sentiam,
1157 1840 1200 1892 si
1231 1853 1296 1891 ne
1327 1837 1425 1904 ipsi
1458 1837 1668 1904 quidem
1704 1825 1746 1877 Β

159 1928 408 1982 visibilem
436 1929 606 1981 dicam
636 1929 726 1980 Dei
764 1926 1024 1988 natu'ram,
1051 1927 1138 1994 qui
1187 1926 1498 1979 naturaliter
1533 1925 1666 1977 iuvi-

158 2018 328 2072 sibilis
362 2028 470 2083 est;
529 2033 628 2071 non
679 2017 770 2070 tibi
816 2018 994 2070 statim
1046 2017 1127 2069 vel
1180 2017 1396 2084 impium
1435 2016 1672 2068 videatur

156 2123 277 2161 esse
333 2107 406 2160 vel
459 2106 784 2160 absurdum:
861 2108 1117 2160 rationem
1189 2107 1380 2174 quippe
1432 2104 1672 2158 dabimus

154 2204 548 2261 consequenter.
583 2194 734 2247 Aliud
781 2196 993 2264 quidem
1029 2204 1112 2248 est
1133 2195 1328 2254 videre.
1379 2194 1519 2246 aliud
1581 2208 1676 2245 no-

155 2301 328 2342 scere.
350 2284 514 2338 Videri
537 2292 590 2338 et
622 2285 803 2339 videre
828 2300 1139 2353 corporeum
1171 2293 1290 2337 est:
1330 2284 1476 2336 nosci
1505 2292 1557 2336 et
1583 2297 1677 2336 no-

154 2390 312 2430 scere
363 2373 722 2427 intellectualis
782 2382 984 2427 natura:
1057 2382 1156 2427 est.
1220 2372 1485 2440 Quidquid
1543 2387 1670 2441 ergo

152 2464 421 2532 proprium
453 2477 733 2530 corporum
759 2471 859 2522 est,
893 2462 992 2514 hoc
1024 2475 1119 2514 nec
1150 2461 1212 2513 de
1246 2458 1424 2523 Patre,
1468 2475 1563 2513 nec
1613 2462 1677 2513 de

150 2553 296 2608 Filio
317 2553 636 2605 sentiendum
661 2559 759 2603 est.
786 2551 932 2614 Quod
954 2566 1077 2604 vero
1100 2552 1164 2604 ad
1190 2560 1428 2603 naturam
1453 2552 1678 2618 pertinet

149 2641 395 2703 Deitatis,
424 2640 521 2692 hoc
551 2640 686 2692 inter
717 2639 924 2691 Patrem
947 2652 1008 2691 ac
1036 2637 1226 2691 Filium
1258 2648 1484 2691 constat.
1513 2637 1670 2690 Deni-

147 2745 261 2797 que
297 2729 402 2795 ipse
442 2728 494 2780 in
531 2727 812 2795 Evangelio
855 2740 959 2779 non
1004 2726 1156 2791 dixit,
1179 2729 1301 2795 quia
1344 2742 1500 2780 nemo
1553 2729 1679 2780 vidit

147 2817 371 2872 Patrem
409 2815 507 2868 nisi
544 2813 727 2870 Filius.
758 2829 925 2883 neque
965 2814 1151 2867 Filium
1200 2817 1299 2870 nisi
1355 2816 1510 2870 Pater
1545 2836 1557 2870 :
1590 2819 1680 2871 sed

143 2909 231 2961 ait
274 2924 290 2958 :
327 2902 483 2956 Nemo
525 2906 661 2955 novit
707 2901 897 2953 Filium
922 2904 1020 2954 nisi
1067 2901 1240 2967 Pater,
1279 2921 1432 2972 neque
1475 2903 1681 2958 Putrem

143 2998 273 3066 (,uis
308 2996 432 3045 novit
461 2994 555 3045 nisi
591 2991 757 3046 Filius
775 2995 841 3046 7°.
867 2993 942 3046 Ex
969 3009 1071 3062 quo
1106 2995 1378 3048 manifeste
1405 2996 1680 3060 iudicatur,

141 3083 300 3154 quod
329 3081 573 3150 quidquid
601 3082 740 3135 inter
767 3097 1050 3150 corporeus
1078 3092 1293 3137 naturas
1327 3086 1505 3138 videre
1533 3096 1584 3137 et
1609 3087 1684 3136 vi-

141 3145 269 3226 deri
317 3168 532 3234 dicitur,
563 3169 663 3223 hoc
715 3170 852 3222 inter
888 3169 1096 3223 Patrem
1136 3181 1188 3224 et
1235 3172 1421 3224 Filium
1469 3145 1752 3226 noscereC

137 3262 353 3316 dicitur
382 3268 433 3310 et
467 3259 633 3322 nosci,
667 3275 759 3326 per
799 3261 1038 3312 virtutem
1071 3261 1321 3324 scientiae,
1354 3278 1454 3315 nou
1493 3279 1586 3330 per
1613 3265 1686 3316 vi-

131 3347 427 3407 sibilitatis
477 3347 834 3417 fragilitatem.
871 3348 1003 3414 Quia
1053 3366 1177 3419 ergo
1205 3352 1268 3402 de
1312 3367 1562 3419 corporea
1593 3369 1686 3404 na-

125 3449 274 3494 tura
321 3445 371 3490 et
413 3438 696 3500 invisibili,
734 3454 832 3491 nec
885 3440 1063 3492 videre
1109 3441 1319 3508 proprie
1358 3443 1548 3494 dicitur
1593 3459 1688 3496 nec

127 3528 366 3584 videri:
395 3527 588 3581 idcirco
617 3542 785 3594 neque
817 3526 973 3580 Pater
1007 3545 1032 3580 a
1075 3529 1226 3591 Filio,
1269 3546 1437 3598 neque
1470 3529 1631 3583 Filius
1658 3547 1688 3583 a

128 3616 320 3674 Patre
352 3615 515 3667 videri
543 3615 591 3666 iu
627 3614 914 3680 Evangelio
935 3614 1148 3680 dicitur,
1180 3618 1270 3669 sed
1308 3619 1474 3670 nosci.
1513 3636 1531 3667 ι
1562 3618 1690 3683 Quis

127 3721 277 3762 cum
323 3702 517 3754 Rufino
547 3717 648 3754 non
683 3703 860 3755 statim
883 3715 1152 3770 agnoscat,
1187 3707 1236 3757 in
1265 3706 1346 3758 his
1376 3709 1548 3760 verbis
1575 3709 1691 3762 Ori-

125 3805 346 3865 genem
389 3789 454 3842 de
490 3778 882 3856 comparatione
919 3790 1088 3843 Patris
1107 3802 1159 3844 et
1186 3792 1302 3844 Filii
1337 3795 1462 3846 nihil
1496 3796 1688 3858 dicere.

123 3883 244 3939 sed
281 3878 352 3931 de
381 3878 495 3945 ipsa
531 3879 748 3930 Deitatis
781 3887 962 3931 natura
1006 3894 1260 3946 quaerere,
1293 3899 1310 3931 ‹
1350 3883 1392 3934 si
1439 3884 1484 3935 ei
1516 3895 1690 3952 aptum

123 3971 259 4025 ullo
295 3979 495 4034 genere
513 3967 830 4020 visibilitatis
853 3969 1162 4021 vocabulum
1200 3969 1465 4023 videretur
1489 3972 1511 4023 ?
1535 3992 1550 4022 ι
1581 3973 1690 4025 Νοη

117 4062 301 4119 enim
322 4065 508 4140 pegat,
531 4056 634 4109 imo
657 4057 789 4108 satis
814 4067 991 4124 aperte
1019 4060 1170 4112 docet
1191 4059 1463 4124 Origenes,
1486 4061 1692 4114 Patrem

117 4162 310 4221 aeque
341 4161 374 4200 a
409 4145 543 4200 Filio
582 4146 810 4213 percipi,
837 4161 899 4199 ac
945 4145 1132 4199 Filium
1163 4161 1191 4199 a
1222 4146 1397 4214 Patre,
1435 4150 1532 4202 hoc
1579 4161 1656 4203 est
1679 4190 1694 4214 ,

115 4237 557 4314 perfectissime
594 4253 607 4289 :
654 4236 703 4288 id
730 4247 931 4290 tantum
969 4237 1100 4291 dicit
1147 4238 1368 4291 altermn
1417 4241 1484 4293 ab
1530 4241 1696 4294 altero

96 4325 361 4402 percipi
397 4342 417 4374 ι
456 4333 558 4376 non
600 4339 694 4392 per
728 4326 1045 4380 visibilitatis
1077 4325 1432 4396 fragilitatem,
1469 4331 1558 4381 sed
1606 4345 1698 4397 per

1762 380 1936 437 FlDEl
1972 381 2284 436 ΝιΟᾸΞΝᾹί.
3152 380 3286 434 ηιξ

1762 494 1838 548 sia
1868 494 2038 563 magni
2065 493 2313 554 nominis,
2347 501 2398 544 et
2434 489 2743 559 Hieronymi
2776 489 2938 559 ipsius
2963 491 3086 548 olim
3121 494 3286 560 magi-

1760 582 1878 646 stri)
1911 594 2177 647 respuere,
2211 589 2302 632 aut
2325 597 2351 630 a
2385 580 2575 632 ttutino
2612 578 2752 632 baud
2789 579 2925 634 bona
2953 579 3052 634 fide
3083 581 3292 634 recitari

1762 683 1825 722 ac
1861 667 2136 721 transferri
2177 665 2199 719 τ
2237 667 2430 731 Credo,
2478 668 2602 736 quia
2634 680 2736 719 non
2787 675 3012 734 poterat.
3036 665 3293 719 Nimirum

1761 757 2082 826 Hieronymo
2112 755 2344 811 solemne
2367 765 2482 810 erat
2514 756 2631 827 (pro
2650 772 2733 821 ea,
2764 771 2868 826 qua
2892 755 3141 823 pollebat,
3173 757 3294 809 rhe-

1765 841 2015 895 toricandi
2048 840 2314 909 facultate)
2342 852 2670 910 argumenta,
2709 843 2900 910 quibus
2937 842 3294 909 premebatur,

1763 932 1844 985 vel
1868 931 2074 984 silentio
2111 930 2263 1000 plane
2313 933 2604 999 praeterire,
2645 931 2727 986 vel
2771 932 2911 1000 jocis
2945 947 3008 985 ac
3061 933 3296 987 dicteriis

1763 1022 1992 1076 eludere.
2012 1019 2166 1074 Certe
2197 1020 2392 1083 Rufini,
2414 1031 2572 1088 atque
2605 1033 2726 1076 ante
2753 1023 2920 1089 ipsum
2958 1021 3185 1091 Didymi,
3210 1035 3298 1092 re-

1765 1112 2099 1180 sponsionem
2153 1110 2480 1163 verissimam
2519 1124 2634 1164 esse
2681 1111 2809 1164 satis
2859 1111 3093 1164 iudicant
3142 1111 3297 1166 verba

1767 1201 2009 1269 Origeuis
2034 1244 2047 1266 ,
2095 1215 2250 1268 prout
2287 1201 2351 1254 ab
2405 1199 2516 1269 ipso
2555 1199 2870 1270 Hieronymo
2916 1201 3208 1268 allegantur
3244 1202 3299 1256 in

1764 1292 1916 1360 epist.
1952 1289 2048 1352 59‘,
2075 1291 2138 1341 ad
2171 1291 2312 1342 Avit.
2339 1290 2424 1342 Ait
2452 1290 2643 1357 quippe
2680 1289 2954 1356 Origenem
2998 1292 3296 1358 scripsisse,

1771 1398 1789 1431 ι
1821 1381 1979 1433 Deum
2012 1379 2223 1432 Patrem
2258 1395 2348 1447 per
2365 1388 2606 1432 naturam
2631 1379 2968 1440 invisibilem,
2988 1395 3016 1432 a
3041 1381 3174 1435 Filio
3194 1395 3297 1434 non

1765 1469 1965 1535 videri;
2013 1489 2031 1520 ι
2071 1479 2123 1522 et
2155 1484 2336 1522 rursus
2368 1484 2382 1520 :
2412 1486 2429 1518 i
2461 1467 2516 1521 Si
2553 1470 2688 1521 Deus
2711 1469 2991 1522 invisibilis
3025 1484 3117 1535 per
3141 1479 3298 1522 natu-

1769 1576 1879 1612 ram
1913 1571 2012 1622 est,
2042 1576 2209 1627 neque
2239 1560 2494 1614 Salvatori
2543 1559 2763 1612 visibilis
2809 1561 2928 1614 erit.
2969 1577 2988 1611 ι
3026 1559 3184 1621 Hinc,
3225 1561 3307 1612 iu-

1768 1665 1952 1717 quam,
1986 1663 2088 1702 non
2119 1650 2342 1702 obscure
2371 1647 2944 1715 colligitur,0rigeuem
2967 1647 3081 1702 ideo
3113 1647 3310 1700 dixisse

1772 1738 1976 1792 Patrem
2008 1754 2036 1789 a
2064 1737 2197 1791 Filio
2241 1737 2404 1790 videri
2459 1751 2560 1790 non
2595 1750 2768 1802 posse,
2801 1751 2901 1788 non
2953 1738 3091 1802 quod
3123 1736 3309 1798 Filius,
3367 1730 3369 1732 ’

1775 1839 2023 1894 tanquam
2048 1826 2330 1894 fragilioris
2353 1835 2617 1893 aspectus,
2642 1840 2743 1878 non
2784 1825 2957 1878 valeat
2988 1825 3196 1879 Patrem
3229 1827 3312 1879 vi—

1776 1920 1918 1982 dere,
1953 1917 2041 1986 qui
2073 1916 2267 1983 alioqui
2316 1930 2411 1983 per
2461 1924 2699 1967 naturam
2745 1927 2894 1966 suam
2921 1929 2949 1965 a
2983 1909 3314 1980 competente

1777 2007 2022 2060 facultate
2045 2005 2210 2058 videri
2243 2005 2413 2072 possit
2437 2020 2451 2068 ;
2483 2004 2573 2057 sed
2593 2003 2730 2071 quod
2754 2003 2887 2057 Deus
2921 2019 3014 2071 per
3036 2019 3093 2056 se
3121 2011 3173 2055 et
3202 2005 3310 2072 ipsa

1778 2104 1964 2148 natura
2011 2109 2105 2148 sua
2137 2093 2416 2147 invisibilis
2446 2093 2534 2158 sit,
2573 2093 2672 2146 hoc
2699 2101 2778 2144 est
2817 2093 3179 2159 incorporeus,
3218 2109 3313 2147 ue—

1779 2200 1880 2251 que
1907 2186 2005 2238 sub
2048 2194 2318 2251 aspectum
2360 2183 2514 2236 cadat
2551 2199 2566 2235 :
2601 2195 2770 2249 eoque
2812 2196 2970 2234 sensu
2999 2180 3208 2235 Patrem
3261 2193 3318 2234 et

1779 2276 1968 2329 Filium
2008 2275 2108 2328 sibi
2139 2276 2361 2327 invicem
2386 2273 2582 2341 pariter
2608 2272 2896 2326 invisibiles
2925 2273 3316 2340 pronuntiasse.

1788 2363 1856 2420 Ut
1888 2367 2024 2430 quod
2071 2379 2156 2417 res
2202 2375 2300 2424 est,
2333 2364 2496 2416 libere
2519 2364 2686 2416 dicam
2713 2381 2728 2427 ;
2760 2363 3107 2432 Hieronymus
3139 2365 3188 2415 in
3220 2365 3319 2416 bac

1793 2457 2034 2524 Origenis
2079 2455 2435 2518 accusatione,
2471 2455 2702 2506 animum
2733 2469 2762 2506 a
2808 2456 3036 2507 candore
3061 2453 3315 2517 alienum,

1745 2594 1750 2598 .
1788 2558 1943 2615 atque
1964 2544 2518 2612 affectibusabrcptum
2541 2542 2610 2595 ita
2633 2541 2908 2596 manifeste
2925 2541 3173 2615 prodidit,
3189 2553 3244 2592 ut
3267 2542 3317 2594 iu

1788 2637 1992 2691 ueneris
2015 2635 2476 2690 criminationibus
2501 2633 2655 2685 ﬁdem
2684 2633 2783 2685 sibi
2803 2648 3014 2686 onmem
3039 2613 3320 2700 derogasse

1783 2729 2042 2781 videatur.
2100 2725 2247 2790 Quod
2272 2740 2324 2777 et
2369 2723 2523 2777 facile
2553 2732 2820 2789 agnoscet,
2855 2723 3092 2791 quisquis
3130 2723 3227 2775 hac
3251 2724 3317 2774 de

1787 2833 1863 2882 re,
1896 2815 2180 2869 Inveuioas
2203 2829 2323 2882 qua}
2349 2815 2613 2878 dicuntur,
2641 2813 2838 2878 Rufini,
2869 2828 2986 2866 cum
3018 2813 3318 2882 llieronymi

1786 2907 2037 2960 adversus
2061 2906 2304 2956 llutinum
2327 2903 2573 2970 Apologia
2597 2901 2842 2956 conferre
2871 2918 2972 2955 non
2996 2901 3319 2970 gravabitur.

1858 2995 1885 3065 §
1930 2995 2085 3047 XVil.
2121 2995 2314 3046 Deinde
2343 2995 2395 3046 in
2423 2994 2605 3045 eadem
2651 2992 2873 3061 epistola
2905 2993 2972 3044 ad
3004 2993 3217 3044 Avitum
3268 3001 3322 3042 et

1789 3085 1911 3137 illud
1954 3083 2164 3152 Origeui
2214 3084 2398 3135 tribuit
2440 3080 2791 3150 Hieronymus
2837 3082 3054 3150 impium
3090 3097 3333 3150 prouunr

1789 3176 1968 3228 tiatum
2004 3191 2016 3228 :
2056 3192 2070 3223 ι
2115 3175 2305 3226 Filium
2331 3183 2696 3229 comparatum
2729 3173 2891 3236 Patri,
2917 3189 3018 3226 non
3049 3187 3165 3226 esse
3188 3173 3327 3225 veri-

1787 3274 1945 3316 tatem
1972 3280 1986 3327 ;
2015 3264 2106 3316 sed
2134 3275 2498 3330 comparatum
2529 3264 2594 3316 ad
2648 3277 2742 3316 nos
2787 3277 2905 3316 esse
2960 3263 3324 3329 imaginariam

1787 3356 2083 3406 veritatem.
2121 3371 2140 3404 ι
2177 3353 2280 3405 Alii
2315 3368 2380 3405 ex
2410 3353 2682 3406 veteribus
2713 3353 3031 3406 atrociorem
3067 3352 3321 3420 blasphe-

1787 3444 1944 3495 miam
1977 3443 2072 3510 ipsi
2109 3443 2627 3510 impingunt,nempe
2646 3461 2665 3492 ι
2690 3441 2881 3495 Filium
2904 3441 3047 3494 Patri
3073 3443 3321 3496 collatum

1786 3546 1903 3586 esse
1935 3533 2288 3584 mendacium.
2337 3550 2354 3580 ι
2389 3530 2518 3596 Quis
2543 3545 2670 3584 vero
2703 3547 2866 3584 sanus
2895 3531 3188 3594 existimet,
3209 3529 3328 3584 Ori-

1787 3637 1973 3690 geuem
1997 3624 2065 3674 ita
2090 3623 2340 3674 delirasse
2361 3619 2555 3676 ?Certe
2576 3621 2684 3688 jam
2717 3623 2961 3689 superius
2997 3622 3328 3675 ostendimus

1788 3713 2213 3780 Origenem,tum
2238 3714 2287 3763 in
2307 3711 2454 3764 libris
2471 3722 2648 3763 contra
2681 3710 2906 3772 Celsum,
2934 3721 3041 3764 tmn
3071 3711 3194 3762 alibi
3233 3715 3328 3761 do-

1789 3803 1960 3853 coisse
2007 3799 2182 3852 verbis
2225 3799 2476 3856 disertis,
2521 3797 2716 3850 Filium
2770 3799 2858 3850 Dei
2907 3813 3028 3850 esse
3072 3797 3330 3865 αὑτοαλή-

1791 3889 1937 3940 θειαν
1965 3905 1982 3937 ‹
2036 3889 2354 3953 ipsissimam
2395 3889 2692 3939 veritatem.
2727 3904 2745 3934 ι
2787 3885 2890 3938 Sed
2941 3886 3216 3952 responsio
3263 3888 3326 3936 ad

1793 3980 1932 4031 hanc
1961 3976 2310 4042 objectiooem
2330 3975 2538 4028 elucere
2562 3975 2768 4027 videtur
2789 3989 2855 4027 ex
2875 3976 2984 4040 ipsa
3007 3975 3325 4040 objectione,

1794 4077 1945 4135 prout
1971 4065 2152 4118 Grmce
2184 4063 2493 4132 proponitur
2537 4075 2799 4129 anonymo
2842 4061 3121 4114 defensare
3145 4060 3329 4131 Orige-

1795 4157 1878 4210 nis
1904 4157 2042 4222 apud
2068 4153 2322 4216 ,Pbotium
2358 4152 2474 4206 cod.
2502 4156 2660 4205 cxvii.
2691 4151 2738 4204 Is
2762 4150 2952 4204 ibidem
2994 4152 3132 4204 inter
3154 4153 3327 4220 capita

1795 4247 1846 4300 iu
1887 4247 2114 4314 Origene
2155 4243 2467 4312 reprehendi
2517 4244 2693 4301 solita,
2727 4247 3055 4310 postremum‘
3083 4240 3208 4294 illud
3238 4257 3332 4308 po-

1797 4339 1877 4396 nit
1899 4355 1910 4388 :
1950 4337 2114 4404 Ὅτιὴ
2145 4334 2301 4386 εἰκὼν
2329 4334 2419 4385 τοῦ
2438 4333 2592 4390 Θεοῦ.
2617 4334 2690 4394 ὡς
2723 4319 2856 4402 πρὸς
2882 4334 3080 4384 ἐκεῖνον
3105 4324 3166 4384 οὗ
3185 4331 3330 4383 ἐστιν

101 4412 401 4474 scientiae
434 4409 704 4465 virtutem.
733 4431 752 4462 ι
777 4413 912 4478 Quid
946 4429 1068 4466 vero
1093 4416 1156 4468 ad
1181 4417 1291 4469 haec
1314 4417 1686 4487 Hieronymus?

1795 4419 2146 4480 εἰκὼν,καθ’ὂ
2169 4421 2460 4479 εἰκὼν,οὐκ
2489 4420 2630 4472 ἐστιν
2660 4420 2905 4489 ἀλήθεια,
2950 4421 2997 4472 id
3023 4429 3103 4472 est
3138 4436 3155 4469 ι
3191 4419 3328 4472 Ima-

101 4507 285 4565 Audi
324 4516 385 4560 et
428 4504 625 4572 judica.
671 4502 759 4557 Sic
789 4506 943 4572 igitur
991 4505 1078 4559 ille
1107 4506 1322 4574 Apolog.
1369 4507 1484 4559 adu.
1519 4508 1691 4574 Ruﬁn.

98 4601 232 4657 lib.
290 4613 360 4658 ιι,
416 4610 470 4664 p.
511 4593 634 4656 401,
669 4608 813 4647 novae
842 4595 966 4648 edit.
1003 4611 1018 4646 :
1055 4614 1073 4645 ‹
1109 4597 1162 4649 ln
1198 4599 1367 4665 primo
1400 4599 1532 4652 libro
1561 4598 1698 4665 Περὶ

97 4687 378 4760 ἀρχῶν,
461 4684 646 4752 inquit,
719 4685 805 4738 tibi
853 4685 1110 4754 Origenes
1186 4689 1359 4756 lingua
1443 4691 1696 4758 sacrilega

99 4777 576 4846 blaspliemavit,
606 4776 744 4844 quod
790 4775 953 4830 Filius
994 4777 1205 4832 Patrem
1259 4796 1358 4832 non
1405 4781 1612 4847 videat,
1646 4789 1698 4832 tu

94 4875 311 4931 etiam
341 4883 548 4925 causas
577 4867 772 4929 reddis,
809 4869 956 4933 quasi
980 4885 1044 4922 ex
1071 4886 1289 4937 persona
1320 4870 1431 4937 ejus
1455 4871 1543 4938 qui
1569 4871 1701 4923 seri-

94 4963 243 5037 psit
283 4979 300 5014 :
343 4967 406 5012 et
460 4957 664 5026 Didymi
716 4957 1078 5024 interpretaris
1112 4960 1331 5028 σχόλιον,
1363 4960 1414 5013 in
1463 4975 1568 5028 quo
1618 4961 1702 5014 ille

90 5064 306 5110 casso
348 5047 546 5100 labore
588 5055 808 5100 conatur
839 5045 1065 5098 alienum
1110 5063 1341 5102 errorem
1377 5049 1701 5115 defendere;

88 5160 190 5214 qu
203 5141 282 5194 od
315 5136 591 5204 Origenes
613 5136 822 5203 quidem
850 5135 982 5188 bene
1011 5136 1222 5199 dixerit,
1248 5139 1338 5191 sed
1374 5153 1470 5192 nos
1499 5139 1702 5207 simpli-

87 5250 221 5287 cos
277 5225 548 5280 homines
581 5234 634 5277 et
666 5226 872 5279 cicures
915 5224 1154 5288 Enniani,
1184 5242 1281 5279 nec
1319 5227 1455 5279 illius
1495 5229 1704 5294 sapien-

87 5327 297 5379 tiam,
365 5328 476 5366 nec
522 5322 682 5380 tuam,
733 5315 818 5382 qui
862 5316 1235 5381 interpretatus
1281 5330 1371 5377 es,
1414 5316 1704 5384 intelligere

87 5418 478 5481 possumus.
516 5420 534 5451 ι
579 5403 750 5466 Quare
787 5414 960 5458 autem
1018 5420 1120 5456 non
1171 5405 1495 5458 demonstrat
1535 5407 1698 5459 verba

87 5495 414 5564 Di'igenis
460 5491 664 5560 σκόλιον
695 5494 830 5547 istud
875 5493 1074 5562 Didymi
1109 5494 1226 5562 (viri
1263 5509 1389 5547 sane
1428 5494 1476 5546 iu
1513 5494 1699 5566 Eccle-

1262 5673 1305 5701 ’θ
1332 5672 1490 5726 Matth
1549 5686 1615 5726 vt.
1663 5674 1749 5728 ‘27.

181 5679 245 5707 "
276 5675 516 5730 Ctiloss.
541 5688 577 5729 I,
618 5673 697 5726 i5.
773 5675 814 5706 ⁵³
843 5672 995 5726 Joan.
1032 5689 1066 5731 l,
1101 5672 1182 5725 13.

1795 4514 1966 4580 ginem
2004 4512 2090 4565 Dei
2126 4523 2364 4578 reSpectu
2395 4511 2527 4577 ejus,
2557 4511 2708 4576 cujus
2733 4525 2813 4564 est
2843 4513 3041 4577 imago;
3069 4524 3330 4577 quatenus

1796 4608 1877 4652 est
1905 4601 2098 4667 imago,
2134 4614 2236 4652 non
2285 4613 2404 4651 esse
2435 4601 2730 4652 veritatem.
2767 4615 2784 4644 ι
2817 4598 2940 4662 Qua:
2967 4597 3256 4664 propositio
3283 4598 3326 4648 si

1798 4692 2143 4757 expendatur,
2177 4705 2305 4742 sana
2353 4691 2614 4742 videbitur
2646 4699 2698 4741 et
2743 4688 3027 4741 catholica.
3063 4686 3194 4740 Nam
3242 4686 3330 4740 Fi-

1799 4779 1960 4842 lium,
2005 4787 2268 4845 quatenus
2309 4788 2390 4831 est
2430 4780 2602 4845 imago
2641 4777 2846 4840 Patris,
2888 4792 2989 4830 non
3041 4792 3158 4829 esse
3191 4767 3326 4827 veril-
3373 4801 3376 4805 η

1805 4875 1986 4928 tatem,
2037 4868 2139 4919 boc
2171 4877 2275 4928 est,
2304 4881 2406 4920 non
2440 4866 2608 4934 ipsum
2649 4881 2767 4920 esse
2798 4866 3038 4927 Patrem,
3072 4866 3219 4930 cujus
3249 4873 3329 4916 est

1805 4957 2000 5025 imago,
2029 4956 2385 5010 certissimum
2417 4967 2517 5010 est.
2535 4956 2748 5012 Scilicet
2778 4958 2876 5010 hoc
2899 4957 2965 5008 ab
2997 4954 3218 5018 Origene
3247 4952 3328 5000 (li-

1804 5057 1945 5099 ctum
1973 5048 2180 5099 videtur
2230 5056 2415 5100 contra
2463 5046 2772 5112 Noetianos,
2805 5046 2895 5115 qui
2928 5043 3164 5098 eamdem
3208 5054 3328 5092 esse

1803 5134 1976 5189 Patris
2004 5145 2058 5188 et
2084 5135 2202 5189 Filii
2235 5150 2516 5204 personam
2563 5138 2890 5191 asserebant.
2927 5133 3187 5184 Caeterum
3243 5127 3326 5179 Fi-

1804 5225 1932 5278 lium
1959 5227 2047 5279 Dei
2073 5241 2191 5280 esse
2211 5225 2385 5280 Patris
2404 5228 2483 5279 sui
2516 5226 2903 5294 veram,_vivam
2923 5234 2984 5271 ae
3009 5216 3317 5286 perfectissi-

1807 5332 1946 5370 mam
1977 5316 2276 5380 imaginem,
2313 5319 2408 5386 ipsi
2435 5318 2574 5370 Patri
2589 5331 2695 5385 per
2725 5309 3096 5370 omnia,etiam
3125 5307 3325 5372 magni-

1808 5408 1984 5461 tudine
2015 5410 2436 5477 rcspondentem,
2473 5411 2670 5463 diserte
2693 5405 2847 5456 docet
2869 5398 3123 5466 Origenes
3143 5395 3234 5447 lib.
3253 5411 3328 5464 vi,

1805 5510 1983 5551 contra
2010 5499 2140 5553 (.‘els.
2163 5515 2316 5568 quem
2342 5502 2510 5556 lorum
2545 5498 2676 5550 infra
2710 5493 2967 5556 integrum
2994 5487 3314 5538 adducemus
