  <div class='ocr_page' id='page_1' title='image "/cluster/home/n/w/nwhite01/storage/ocr_20150623/17 (Origenes, pt. 7)/nyp.33433081862348/685.png"; bbox 0 0 3922 6466; ppageno 0'>
   <div class='ocr_carea' id='block_1_1' title="bbox 427 424 564 477">
    <p class='ocr_par' dir='ltr' id='par_1_1' title="bbox 427 424 564 477">
     <span class='ocr_line' id='line_1_1' title="bbox 427 424 564 477; baseline 0.015 -2"><span class='ocrx_word' id='word_1_1' title='bbox 427 424 564 477; x_wconf 65' lang='grc'><strong>1519</strong></span> 
     </span>
    </p>
   </div>
   <div class='ocr_carea' id='block_1_2' title="bbox 498 519 1994 608">
    <p class='ocr_par' dir='ltr' id='par_1_2' title="bbox 498 519 1994 608">
     <span class='ocr_line' id='line_1_2' title="bbox 498 519 1994 608; baseline -0.013 -17"><span class='ocrx_word' id='word_1_2' title='bbox 498 535 726 608; x_wconf 77' lang='lat' dir='ltr'><strong>§XVlll.</strong></span> <span class='ocrx_word' id='word_1_3' title='bbox 774 531 1006 597; x_wconf 77' lang='lat' dir='ltr'><strong>Denique</strong></span> <span class='ocrx_word' id='word_1_4' title='bbox 1043 539 1095 581; x_wconf 90' lang='lat' dir='ltr'><strong>et</strong></span> <span class='ocrx_word' id='word_1_5' title='bbox 1136 529 1268 579; x_wconf 80' lang='lat' dir='ltr'><strong>hanc</strong></span> <span class='ocrx_word' id='word_1_6' title='bbox 1307 524 1517 592; x_wconf 81' lang='lat' dir='ltr'><strong>Origeni</strong></span> <span class='ocrx_word' id='word_1_7' title='bbox 1567 523 1948 591; x_wconf 89' lang='lat' dir='ltr'><strong>blasphemiam</strong></span> <span class='ocrx_word' id='word_1_8' title='bbox 1989 519 1994 525; x_wconf 70' lang='grc'><strong><em>“</em></strong></span> 
     </span>
    </p>
   </div>
   <div class='ocr_carea' id='block_1_3' title="bbox 428 611 1972 690">
    <p class='ocr_par' dir='ltr' id='par_1_3' title="bbox 428 611 1972 690">
     <span class='ocr_line' id='line_1_3' title="bbox 428 611 1972 690; baseline -0.015 -5"><span class='ocrx_word' id='word_1_9' title='bbox 428 631 644 685; x_wconf 86' lang='lat' dir='ltr'><strong>ascribit</strong></span> <span class='ocrx_word' id='word_1_10' title='bbox 682 627 733 679; x_wconf 92' lang='lat' dir='ltr'><strong>in</strong></span> <span class='ocrx_word' id='word_1_11' title='bbox 778 621 996 690; x_wconf 87' lang='lat' dir='ltr'><strong>epistola</strong></span> <span class='ocrx_word' id='word_1_12' title='bbox 1034 621 1097 671; x_wconf 89' lang='lat' dir='ltr'><strong>:id</strong></span> <span class='ocrx_word' id='word_1_13' title='bbox 1133 619 1347 670; x_wconf 85' lang='lat' dir='ltr'><strong>Avitum</strong></span> <span class='ocrx_word' id='word_1_14' title='bbox 1385 614 1538 668; x_wconf 86' lang='lat' dir='ltr'><strong>Pater</strong></span> <span class='ocrx_word' id='word_1_15' title='bbox 1560 611 1927 666; x_wconf 85' lang='lat' dir='ltr'><strong>Striduiiensis</strong></span> <span class='ocrx_word' id='word_1_16' title='bbox 1959 626 1972 661; x_wconf 92' lang='lat'><strong>:</strong></span> 
     </span>
    </p>
   </div>
   <div class='ocr_carea' id='block_1_4' title="bbox 432 700 1976 773">
    <p class='ocr_par' dir='ltr' id='par_1_4' title="bbox 432 700 1976 773">
     <span class='ocr_line' id='line_1_4' title="bbox 432 700 1976 773; baseline -0.015 1"><span class='ocrx_word' id='word_1_17' title='bbox 432 741 453 772; x_wconf 87' lang='grc'><em>‹</em></span> <span class='ocrx_word' id='word_1_18' title='bbox 496 723 655 773; x_wconf 92' lang='lat' dir='ltr'><strong>Deum</strong></span> <span class='ocrx_word' id='word_1_19' title='bbox 711 714 925 769; x_wconf 76' lang='lat' dir='ltr'><strong>Patrem</strong></span> <span class='ocrx_word' id='word_1_20' title='bbox 983 725 1101 762; x_wconf 85' lang='lat' dir='ltr'><strong>esse</strong></span> <span class='ocrx_word' id='word_1_21' title='bbox 1153 708 1327 759; x_wconf 87' lang='lat' dir='ltr'><strong>lumen</strong></span> <span class='ocrx_word' id='word_1_22' title='bbox 1380 700 1976 770; x_wconf 83' lang='lat' dir='ltr'><strong>incomprehensibile;</strong></span> 
     </span>
    </p>
   </div>
   <div class='ocr_carea' id='block_1_5' title="bbox 431 795 1980 862">
    <p class='ocr_par' dir='ltr' id='par_1_5' title="bbox 431 795 1980 862">
     <span class='ocr_line' id='line_1_5' title="bbox 431 795 1980 862; baseline -0.013 0"><span class='ocrx_word' id='word_1_23' title='bbox 431 809 706 862; x_wconf 78' lang='lat' dir='ltr'><strong>Christum</strong></span> <span class='ocrx_word' id='word_1_24' title='bbox 752 801 1036 854; x_wconf 81' lang='lat' dir='ltr'><strong>collatione</strong></span> <span class='ocrx_word' id='word_1_25' title='bbox 1092 796 1266 850; x_wconf 81' lang='lat' dir='ltr'><strong>Patris</strong></span> <span class='ocrx_word' id='word_1_26' title='bbox 1314 795 1646 862; x_wconf 87' lang='lat' dir='ltr'><strong>splendorem</strong></span> <span class='ocrx_word' id='word_1_27' title='bbox 1701 807 1822 846; x_wconf 90' lang='lat' dir='ltr'><strong>esse</strong></span> <span class='ocrx_word' id='word_1_28' title='bbox 1854 806 1980 859; x_wconf 88' lang='lat' dir='ltr'><strong>per-</strong></span> 
     </span>
    </p>
   </div>
   <div class='ocr_carea' id='block_1_6' title="bbox 401 882 1982 966">
    <p class='ocr_par' dir='ltr' id='par_1_6' title="bbox 401 882 1982 966">
     <span class='ocr_line' id='line_1_6' title="bbox 401 882 1982 966; baseline -0.009 -15"><span class='ocrx_word' id='word_1_29' title='bbox 401 904 672 966; x_wconf 86' lang='lat' dir='ltr'><strong>parvum.</strong></span> <span class='ocrx_word' id='word_1_30' title='bbox 712 911 731 944; x_wconf 71' lang='lat' dir='ltr'><strong>i</strong></span> <span class='ocrx_word' id='word_1_31' title='bbox 757 891 914 959; x_wconf 80' lang='lat' dir='ltr'><strong>Atqui</strong></span> <span class='ocrx_word' id='word_1_32' title='bbox 945 889 1156 942; x_wconf 89' lang='lat' dir='ltr'><strong>Patrem</strong></span> <span class='ocrx_word' id='word_1_33' title='bbox 1194 897 1245 940; x_wconf 86' lang='lat' dir='ltr'><strong>et</strong></span> <span class='ocrx_word' id='word_1_34' title='bbox 1274 886 1460 953; x_wconf 85' lang='lat' dir='ltr'><strong>Filium</strong></span> <span class='ocrx_word' id='word_1_35' title='bbox 1497 885 1702 951; x_wconf 84' lang='lat' dir='ltr'><strong>pariter</strong></span> <span class='ocrx_word' id='word_1_36' title='bbox 1749 896 1870 938; x_wconf 82' lang='lat' dir='ltr'><strong>esse</strong></span> <span class='ocrx_word' id='word_1_37' title='bbox 1899 882 1982 936; x_wconf 81' lang='lat' dir='ltr'><strong>itt-</strong></span> 
     </span>
    </p>
   </div>
   <div class='ocr_carea' id='block_1_7' title="bbox 429 974 1983 1056">
    <p class='ocr_par' dir='ltr' id='par_1_7' title="bbox 429 974 1983 1056">
     <span class='ocr_line' id='line_1_7' title="bbox 429 974 1983 1056; baseline -0.014 -15"><span class='ocrx_word' id='word_1_38' title='bbox 429 983 936 1056; x_wconf 86' lang='lat' dir='ltr'><strong>i-omprebensibiles</strong></span> <span class='ocrx_word' id='word_1_39' title='bbox 969 980 1022 1032; x_wconf 94' lang='lat' dir='ltr'><strong>in</strong></span> <span class='ocrx_word' id='word_1_40' title='bbox 1060 974 1210 1031; x_wconf 83' lang='lat' dir='ltr'><strong>libris</strong></span> <span class='ocrx_word' id='word_1_41' title='bbox 1251 986 1432 1027; x_wconf 81' lang='lat' dir='ltr'><strong>contra</strong></span> <span class='ocrx_word' id='word_1_42' title='bbox 1470 975 1676 1028; x_wconf 81' lang='lat' dir='ltr'><strong>Celsum</strong></span> <span class='ocrx_word' id='word_1_43' title='bbox 1733 988 1838 1026; x_wconf 90' lang='lat' dir='ltr'><strong>non</strong></span> <span class='ocrx_word' id='word_1_44' title='bbox 1863 986 1983 1042; x_wconf 85' lang='lat' dir='ltr'><strong>uno</strong></span> 
     </span>
    </p>
   </div>
   <div class='ocr_carea' id='block_1_8' title="bbox 430 1060 1980 1131">
    <p class='ocr_par' dir='ltr' id='par_1_8' title="bbox 430 1060 1980 1131">
     <span class='ocr_line' id='line_1_8' title="bbox 430 1060 1980 1131; baseline -0.011 -3"><span class='ocrx_word' id='word_1_45' title='bbox 430 1078 483 1128; x_wconf 90' lang='lat' dir='ltr'><strong>in</strong></span> <span class='ocrx_word' id='word_1_46' title='bbox 532 1075 645 1128; x_wconf 88' lang='lat' dir='ltr'><strong>loco</strong></span> <span class='ocrx_word' id='word_1_47' title='bbox 687 1074 882 1125; x_wconf 88' lang='lat' dir='ltr'><strong>diserte</strong></span> <span class='ocrx_word' id='word_1_48' title='bbox 919 1069 1166 1122; x_wconf 89' lang='lat' dir='ltr'><strong>docuisse</strong></span> <span class='ocrx_word' id='word_1_49' title='bbox 1205 1065 1489 1131; x_wconf 74' lang='lat' dir='ltr'><strong>Origeuem</strong></span> <span class='ocrx_word' id='word_1_50' title='bbox 1523 1077 1683 1130; x_wconf 81' lang='lat' dir='ltr'><strong>supra</strong></span> <span class='ocrx_word' id='word_1_51' title='bbox 1727 1060 1980 1113; x_wconf 77' lang='lat' dir='ltr'><strong>vidimus.</strong></span> 
     </span>
    </p>
   </div>
   <div class='ocr_carea' id='block_1_9' title="bbox 425 1151 1982 1218">
    <p class='ocr_par' dir='ltr' id='par_1_9' title="bbox 425 1151 1982 1218">
     <span class='ocr_line' id='line_1_9' title="bbox 425 1151 1982 1218; baseline -0.01 -1"><span class='ocrx_word' id='word_1_52' title='bbox 425 1163 656 1217; x_wconf 76' lang='lat' dir='ltr'><strong>Videtur</strong></span> <span class='ocrx_word' id='word_1_53' title='bbox 679 1171 853 1213; x_wconf 90' lang='lat' dir='ltr'><strong>autem</strong></span> <span class='ocrx_word' id='word_1_54' title='bbox 881 1161 992 1211; x_wconf 66' lang='lat' dir='ltr'><strong>hinc</strong></span> <span class='ocrx_word' id='word_1_55' title='bbox 1014 1156 1314 1210; x_wconf 79' lang='lat' dir='ltr'><strong>criminatio</strong></span> <span class='ocrx_word' id='word_1_56' title='bbox 1334 1171 1395 1207; x_wconf 80' lang='lat' dir='ltr'><strong>ex</strong></span> <span class='ocrx_word' id='word_1_57' title='bbox 1429 1155 1493 1216; x_wconf 85' lang='lat' dir='ltr'><strong>iis</strong></span> <span class='ocrx_word' id='word_1_58' title='bbox 1523 1153 1653 1204; x_wconf 89' lang='lat' dir='ltr'><strong>locis</strong></span> <span class='ocrx_word' id='word_1_59' title='bbox 1683 1152 1872 1218; x_wconf 78' lang='lat' dir='ltr'><strong>petita,</strong></span> <span class='ocrx_word' id='word_1_60' title='bbox 1897 1151 1982 1201; x_wconf 84' lang='lat' dir='ltr'><strong>tibi</strong></span> 
     </span>
    </p>
   </div>
   <div class='ocr_carea' id='block_1_10' title="bbox 431 1240 1986 1319">
    <p class='ocr_par' dir='ltr' id='par_1_10' title="bbox 431 1240 1986 1319">
     <span class='ocr_line' id='line_1_10' title="bbox 431 1240 1986 1319; baseline -0.011 -12"><span class='ocrx_word' id='word_1_61' title='bbox 431 1255 560 1307; x_wconf 86' lang='lat' dir='ltr'><strong>dicit</strong></span> <span class='ocrx_word' id='word_1_62' title='bbox 585 1252 860 1319; x_wconf 79' lang='lat' dir='ltr'><strong>Origenes,</strong></span> <span class='ocrx_word' id='word_1_63' title='bbox 895 1268 912 1298; x_wconf 80' lang='lat' dir='ltr'><strong>i</strong></span> <span class='ocrx_word' id='word_1_64' title='bbox 953 1249 1005 1300; x_wconf 93' lang='lat' dir='ltr'><strong>In</strong></span> <span class='ocrx_word' id='word_1_65' title='bbox 1033 1247 1192 1298; x_wconf 84' lang='lat' dir='ltr'><strong>Patre</strong></span> <span class='ocrx_word' id='word_1_66' title='bbox 1221 1247 1389 1297; x_wconf 90' lang='lat' dir='ltr'><strong>nullas</strong></span> <span class='ocrx_word' id='word_1_67' title='bbox 1414 1259 1531 1297; x_wconf 89' lang='lat' dir='ltr'><strong>esse</strong></span> <span class='ocrx_word' id='word_1_68' title='bbox 1566 1244 1855 1306; x_wconf 82' lang='lat' dir='ltr'><strong>tenebras;</strong></span> <span class='ocrx_word' id='word_1_69' title='bbox 1899 1240 1986 1316; x_wconf 77' lang='lat' dir='ltr'><strong>Fi-</strong></span> 
     </span>
    </p>
   </div>
   <div class='ocr_carea' id='block_1_11' title="bbox 408 1335 1988 1410">
    <p class='ocr_par' dir='ltr' id='par_1_11' title="bbox 408 1335 1988 1410">
     <span class='ocr_line' id='line_1_11' title="bbox 408 1335 1988 1410; baseline -0.008 -14"><span class='ocrx_word' id='word_1_70' title='bbox 408 1345 558 1396; x_wconf 82' lang='lat' dir='ltr'><strong>‘-‘lium</strong></span> <span class='ocrx_word' id='word_1_71' title='bbox 587 1358 716 1396; x_wconf 90' lang='lat' dir='ltr'><strong>vero</strong></span> <span class='ocrx_word' id='word_1_72' title='bbox 752 1342 802 1392; x_wconf 92' lang='lat' dir='ltr'><strong>iu</strong></span> <span class='ocrx_word' id='word_1_73' title='bbox 840 1340 1072 1392; x_wconf 83' lang='lat' dir='ltr'><strong>tenebris</strong></span> <span class='ocrx_word' id='word_1_74' title='bbox 1099 1338 1295 1390; x_wconf 90' lang='lat' dir='ltr'><strong>lucere.</strong></span> <span class='ocrx_word' id='word_1_75' title='bbox 1329 1355 1346 1386; x_wconf 72' lang='grc' dir='ltr'><strong><em>ι</em></strong></span> <span class='ocrx_word' id='word_1_76' title='bbox 1379 1335 1482 1388; x_wconf 91' lang='lat' dir='ltr'><strong>Sed</strong></span> <span class='ocrx_word' id='word_1_77' title='bbox 1508 1344 1739 1387; x_wconf 90' lang='lat' dir='ltr'><strong>mentem</strong></span> <span class='ocrx_word' id='word_1_78' title='bbox 1783 1348 1843 1385; x_wconf 91' lang='lat' dir='ltr'><strong>ac</strong></span> <span class='ocrx_word' id='word_1_79' title='bbox 1867 1347 1988 1410; x_wconf 65' lang='lat' dir='ltr'><strong>seno</strong></span> 
     </span>
    </p>
   </div>
   <div class='ocr_carea' id='block_1_12' title="bbox 408 1423 1988 1497">
    <p class='ocr_par' dir='ltr' id='par_1_12' title="bbox 408 1423 1988 1497">
     <span class='ocr_line' id='line_1_12' title="bbox 408 1423 1988 1497; baseline -0.007 -12"><span class='ocrx_word' id='word_1_80' title='bbox 408 1433 650 1487; x_wconf 76' lang='lat' dir='ltr'><strong>tentiam</strong></span> <span class='ocrx_word' id='word_1_81' title='bbox 681 1446 828 1484; x_wconf 89' lang='lat' dir='ltr'><strong>suam</strong></span> <span class='ocrx_word' id='word_1_82' title='bbox 867 1430 930 1482; x_wconf 87' lang='lat' dir='ltr'><strong>iis</strong></span> <span class='ocrx_word' id='word_1_83' title='bbox 956 1431 1007 1482; x_wconf 92' lang='lat' dir='ltr'><strong>in</strong></span> <span class='ocrx_word' id='word_1_84' title='bbox 1039 1428 1172 1481; x_wconf 89' lang='lat' dir='ltr'><strong>locis</strong></span> <span class='ocrx_word' id='word_1_85' title='bbox 1215 1427 1357 1497; x_wconf 88' lang='lat' dir='ltr'><strong>clare</strong></span> <span class='ocrx_word' id='word_1_86' title='bbox 1401 1424 1689 1493; x_wconf 85' lang='lat' dir='ltr'><strong>explicavit</strong></span> <span class='ocrx_word' id='word_1_87' title='bbox 1721 1425 1834 1491; x_wconf 86' lang='lat' dir='ltr'><strong>ipse</strong></span> <span class='ocrx_word' id='word_1_88' title='bbox 1864 1423 1988 1476; x_wconf 82' lang='lat' dir='ltr'><strong>Ori-</strong></span> 
     </span>
    </p>
   </div>
   <div class='ocr_carea' id='block_1_13' title="bbox 411 1499 1985 1590">
    <p class='ocr_par' dir='ltr' id='par_1_13' title="bbox 411 1499 1985 1590">
     <span class='ocr_line' id='line_1_13' title="bbox 411 1499 1985 1590; baseline -0.006 -14"><span class='ocrx_word' id='word_1_89' title='bbox 411 1518 594 1590; x_wconf 44' lang='lat' dir='ltr'><strong>&#39;genes</strong></span> <span class='ocrx_word' id='word_1_90' title='bbox 619 1533 747 1574; x_wconf 93' lang='lat' dir='ltr'><strong>tom.</strong></span> <span class='ocrx_word' id='word_1_91' title='bbox 779 1537 815 1573; x_wconf 91' lang='lat' dir='ltr'><strong>ii</strong></span> <span class='ocrx_word' id='word_1_92' title='bbox 846 1519 898 1570; x_wconf 85' lang='lat' dir='ltr'><strong>in</strong></span> <span class='ocrx_word' id='word_1_93' title='bbox 918 1517 1102 1582; x_wconf 71' lang='lat' dir='ltr'><strong>10am,</strong></span> <span class='ocrx_word' id='word_1_94' title='bbox 1125 1533 1269 1569; x_wconf 92' lang='lat' dir='ltr'><strong>num.</strong></span> <span class='ocrx_word' id='word_1_95' title='bbox 1295 1517 1384 1577; x_wconf 60' lang='lat' dir='ltr'><strong>El,</strong></span> <span class='ocrx_word' id='word_1_96' title='bbox 1404 1531 1524 1584; x_wconf 82' lang='lat' dir='ltr'><strong>pag.</strong></span> <span class='ocrx_word' id='word_1_97' title='bbox 1553 1515 1642 1576; x_wconf 85' lang='lat'><strong>79,</strong></span> <span class='ocrx_word' id='word_1_98' title='bbox 1672 1499 1753 1567; x_wconf 83' lang='lat' dir='ltr'><strong>bis</strong></span> <span class='ocrx_word' id='word_1_99' title='bbox 1779 1515 1985 1580; x_wconf 86' lang='lat' dir='ltr'><strong>verbis:</strong></span> 
     </span>
    </p>
   </div>
   <div class='ocr_carea' id='block_1_14' title="bbox 403 1595 1991 1682">
    <p class='ocr_par' dir='ltr' id='par_1_14' title="bbox 403 1595 1991 1682">
     <span class='ocr_line' id='line_1_14' title="bbox 403 1595 1991 1682; baseline -0.008 -16"><span class='ocrx_word' id='word_1_100' title='bbox 403 1609 406 1612; x_wconf 64' lang='grc'><strong>’</strong></span> <span class='ocrx_word' id='word_1_101' title='bbox 431 1612 631 1682; x_wconf 76' lang='grc' dir='ltr'><strong>Μηδεὶς</strong></span> <span class='ocrx_word' id='word_1_102' title='bbox 650 1612 704 1662; x_wconf 83' lang='grc' dir='ltr'>δὲ</span> <span class='ocrx_word' id='word_1_103' title='bbox 730 1595 873 1680; x_wconf 59' lang='grc' dir='ltr'><strong>ἡμᾶς</strong></span> <span class='ocrx_word' id='word_1_104' title='bbox 901 1606 1318 1676; x_wconf 64' lang='grc' dir='ltr'>ὑπολαμϐανέτω</span> <span class='ocrx_word' id='word_1_105' title='bbox 1342 1605 1508 1656; x_wconf 79' lang='grc' dir='ltr'>ταῦτα</span> <span class='ocrx_word' id='word_1_106' title='bbox 1541 1603 1713 1671; x_wconf 76' lang='grc' dir='ltr'>λέγειν</span> <span class='ocrx_word' id='word_1_107' title='bbox 1731 1601 1991 1654; x_wconf 75' lang='grc' dir='ltr'>ἀσεϐοῦν-</span> 
     </span>
    </p>
   </div>
   <div class='ocr_carea' id='block_1_15' title="bbox 425 1689 1991 1767">
    <p class='ocr_par' dir='ltr' id='par_1_15' title="bbox 425 1689 1991 1767">
     <span class='ocr_line' id='line_1_15' title="bbox 425 1689 1991 1767; baseline -0.008 -13"><span class='ocrx_word' id='word_1_108' title='bbox 425 1719 528 1763; x_wconf 70' lang='grc' dir='ltr'><strong>της</strong></span> <span class='ocrx_word' id='word_1_109' title='bbox 553 1701 629 1762; x_wconf 86' lang='grc' dir='ltr'><strong>εἰς</strong></span> <span class='ocrx_word' id='word_1_110' title='bbox 652 1700 740 1750; x_wconf 82' lang='grc' dir='ltr'><strong>τὸν</strong></span> <span class='ocrx_word' id='word_1_111' title='bbox 773 1698 998 1767; x_wconf 76' lang='grc' dir='ltr'>Χριστὸν</span> <span class='ocrx_word' id='word_1_112' title='bbox 1027 1695 1116 1748; x_wconf 81' lang='grc' dir='ltr'><strong>τοῦ</strong></span> <span class='ocrx_word' id='word_1_113' title='bbox 1160 1694 1313 1747; x_wconf 70' lang='grc' dir='ltr'>Θεοῦο</span> <span class='ocrx_word' id='word_1_114' title='bbox 1347 1689 1389 1760; x_wconf 80' lang='grc' dir='ltr'>ᾦ</span> <span class='ocrx_word' id='word_1_115' title='bbox 1428 1694 1534 1763; x_wconf 80' lang='grc' dir='ltr'><strong>γὰρ</strong></span> <span class='ocrx_word' id='word_1_116' title='bbox 1576 1693 1717 1762; x_wconf 83' lang='grc' dir='ltr'>λόγῳ</span> <span class='ocrx_word' id='word_1_117' title='bbox 1749 1695 1777 1745; x_wconf 86' lang='grc' dir='ltr'>ὁ</span> <span class='ocrx_word' id='word_1_118' title='bbox 1805 1691 1991 1761; x_wconf 78' lang='grc' dir='ltr'><strong>Πατὴρ</strong></span> 
     </span>
    </p>
   </div>
   <div class='ocr_carea' id='block_1_16' title="bbox 411 1786 1991 1874">
    <p class='ocr_par' dir='ltr' id='par_1_16' title="bbox 411 1786 1991 1874">
     <span class='ocr_line' id='line_1_16' title="bbox 411 1786 1991 1874; baseline -0.005 -29"><span class='ocrx_word' id='word_1_119' title='bbox 411 1794 592 1863; x_wconf 66' lang='grc' dir='ltr'><strong>’,μόνος</strong></span> <span class='ocrx_word' id='word_1_120' title='bbox 624 1793 732 1862; x_wconf 78' lang='grc' dir='ltr'>ἔχει</span> <span class='ocrx_word' id='word_1_121' title='bbox 767 1789 1076 1854; x_wconf 57' lang='grc' dir='ltr'>ἀθανασίαν,</span> <span class='ocrx_word' id='word_1_122' title='bbox 1112 1788 1204 1841; x_wconf 79' lang='grc' dir='ltr'><strong>τοῦ</strong></span> <span class='ocrx_word' id='word_1_123' title='bbox 1245 1788 1449 1874; x_wconf 60' lang='grc' dir='ltr'>ξίυρίου</span> <span class='ocrx_word' id='word_1_124' title='bbox 1487 1788 1640 1857; x_wconf 81' lang='grc' dir='ltr'>ἡμῶν</span> <span class='ocrx_word' id='word_1_125' title='bbox 1675 1786 1763 1838; x_wconf 73' lang='grc' dir='ltr'><strong>διὰ</strong></span> <span class='ocrx_word' id='word_1_126' title='bbox 1811 1786 1991 1852; x_wconf 79' lang='grc' dir='ltr'>φιλαν-</span> 
     </span>
    </p>
   </div>
   <div class='ocr_carea' id='block_1_17' title="bbox 435 1875 1989 1954">
    <p class='ocr_par' dir='ltr' id='par_1_17' title="bbox 435 1875 1989 1954">
     <span class='ocr_line' id='line_1_17' title="bbox 435 1875 1989 1954; baseline -0.008 -18"><span class='ocrx_word' id='word_1_127' title='bbox 435 1884 674 1954; x_wconf 77' lang='grc' dir='ltr'>θρωπίαν</span> <span class='ocrx_word' id='word_1_128' title='bbox 702 1880 921 1933; x_wconf 82' lang='grc' dir='ltr'>θάνατον</span> <span class='ocrx_word' id='word_1_129' title='bbox 943 1879 1031 1932; x_wconf 74' lang='grc' dir='ltr'><strong>τὸν</strong></span> <span class='ocrx_word' id='word_1_130' title='bbox 1071 1879 1207 1949; x_wconf 82' lang='grc' dir='ltr'><strong>ὑπὲρ</strong></span> <span class='ocrx_word' id='word_1_131' title='bbox 1228 1879 1381 1948; x_wconf 78' lang='grc' dir='ltr'><strong>ἡμῶν</strong></span> <span class='ocrx_word' id='word_1_132' title='bbox 1414 1875 1759 1944; x_wconf 81' lang='grc' dir='ltr'>ἁνειληφότος</span> <span class='ocrx_word' id='word_1_133' title='bbox 1779 1891 1790 1903; x_wconf 88' lang='grc'><strong>·</strong></span> <span class='ocrx_word' id='word_1_134' title='bbox 1815 1875 1989 1943; x_wconf 83' lang='grc' dir='ltr'><strong>τούτῳ</strong></span> 
     </span>
    </p>
   </div>
   <div class='ocr_carea' id='block_1_18' title="bbox 406 1965 2064 2043">
    <p class='ocr_par' dir='ltr' id='par_1_18' title="bbox 406 1965 2064 2043">
     <span class='ocr_line' id='line_1_18' title="bbox 406 1965 2064 2043; baseline -0.007 -17"><span class='ocrx_word' id='word_1_135' title='bbox 406 1975 461 2026; x_wconf 80' lang='grc' dir='ltr'><strong>’-ὀ</strong></span> <span class='ocrx_word' id='word_1_136' title='bbox 491 1973 672 2043; x_wconf 83' lang='grc' dir='ltr'>Πατὴρ</span> <span class='ocrx_word' id='word_1_137' title='bbox 725 1971 833 2041; x_wconf 78' lang='grc' dir='ltr'><strong>ἔχει</strong></span> <span class='ocrx_word' id='word_1_138' title='bbox 883 1970 1036 2039; x_wconf 82' lang='grc' dir='ltr'>μόνος</span> <span class='ocrx_word' id='word_1_139' title='bbox 1068 1969 1161 2020; x_wconf 82' lang='grc' dir='ltr'><strong>τό⁶</strong></span> <span class='ocrx_word' id='word_1_140' title='bbox 1191 1967 1383 2019; x_wconf 81' lang='grc' dir='ltr'>Σκοτία</span> <span class='ocrx_word' id='word_1_141' title='bbox 1427 1968 1482 2017; x_wconf 84' lang='grc' dir='ltr'>ὲν</span> <span class='ocrx_word' id='word_1_142' title='bbox 1509 1965 1654 2034; x_wconf 76' lang='grc' dir='ltr'>αὐτῴ</span> <span class='ocrx_word' id='word_1_143' title='bbox 1693 1965 1791 2017; x_wconf 81' lang='grc' dir='ltr'><strong>οὐκ</strong></span> <span class='ocrx_word' id='word_1_144' title='bbox 1846 1965 1989 2016; x_wconf 77' lang='grc' dir='ltr'>ἐστιν</span> <span class='ocrx_word' id='word_1_145' title='bbox 2061 2020 2064 2022; x_wconf 98' lang='lat'>_</span> 
     </span>
    </p>
   </div>
   <div class='ocr_carea' id='block_1_19' title="bbox 425 2054 1994 2132">
    <p class='ocr_par' dir='ltr' id='par_1_19' title="bbox 425 2054 1994 2132">
     <span class='ocr_line' id='line_1_19' title="bbox 425 2054 1994 2132; baseline -0.007 -16"><span class='ocrx_word' id='word_1_146' title='bbox 425 2063 674 2132; x_wconf 73' lang='grc' dir='ltr'>-οὑδεμίαο</span> <span class='ocrx_word' id='word_1_147' title='bbox 697 2061 788 2113; x_wconf 74' lang='grc' dir='ltr'><strong>τοῦ</strong></span> <span class='ocrx_word' id='word_1_148' title='bbox 806 2059 1040 2131; x_wconf 69' lang='grc' dir='ltr'><strong>Χριστοῦ</strong></span> <span class='ocrx_word' id='word_1_149' title='bbox 1062 2059 1146 2111; x_wconf 80' lang='grc' dir='ltr'><strong>διὰ</strong></span> <span class='ocrx_word' id='word_1_150' title='bbox 1163 2057 1259 2128; x_wconf 77' lang='grc' dir='ltr'><strong>τὴν</strong></span> <span class='ocrx_word' id='word_1_151' title='bbox 1281 2055 1412 2128; x_wconf 74' lang='grc' dir='ltr'><strong>πρὸς</strong></span> <span class='ocrx_word' id='word_1_152' title='bbox 1440 2054 1754 2124; x_wconf 80' lang='grc' dir='ltr'>ἀνθρώπους</span> <span class='ocrx_word' id='word_1_153' title='bbox 1776 2055 1994 2124; x_wconf 80' lang='grc' dir='ltr'>εὐεργε-</span> 
     </span>
    </p>
   </div>
   <div class='ocr_carea' id='block_1_20' title="bbox 433 2145 1984 2222">
    <p class='ocr_par' dir='ltr' id='par_1_20' title="bbox 433 2145 1984 2222">
     <span class='ocr_line' id='line_1_20' title="bbox 433 2145 1984 2222; baseline -0.008 -14"><span class='ocrx_word' id='word_1_154' title='bbox 433 2156 556 2208; x_wconf 80' lang='grc' dir='ltr'>σίαν</span> <span class='ocrx_word' id='word_1_155' title='bbox 590 2152 673 2222; x_wconf 72' lang='grc' dir='ltr'><strong>ἐφ’</strong></span> <span class='ocrx_word' id='word_1_156' title='bbox 702 2153 860 2205; x_wconf 79' lang='grc' dir='ltr'>αὑτὸν</span> <span class='ocrx_word' id='word_1_157' title='bbox 883 2151 977 2213; x_wconf 81' lang='grc' dir='ltr'><strong>τὰς</strong></span> <span class='ocrx_word' id='word_1_158' title='bbox 1007 2149 1160 2219; x_wconf 76' lang='grc' dir='ltr'>ἡμῶν</span> <span class='ocrx_word' id='word_1_159' title='bbox 1195 2147 1408 2208; x_wconf 80' lang='grc' dir='ltr'>σκοτίας</span> <span class='ocrx_word' id='word_1_160' title='bbox 1440 2145 1860 2214; x_wconf 71' lang='grc' dir='ltr'>ἀναδεδεγμένον</span> <span class='ocrx_word' id='word_1_161' title='bbox 1887 2162 1902 2218; x_wconf 70' lang='grc' dir='ltr'><em>ς</em></span> <span class='ocrx_word' id='word_1_162' title='bbox 1933 2145 1984 2198; x_wconf 86' lang='lat' dir='ltr'><strong>id</strong></span> 
     </span>
    </p>
   </div>
   <div class='ocr_carea' id='block_1_21' title="bbox 433 2237 1990 2308">
    <p class='ocr_par' dir='ltr' id='par_1_21' title="bbox 433 2237 1990 2308">
     <span class='ocr_line' id='line_1_21' title="bbox 433 2237 1990 2308; baseline -0.007 -9"><span class='ocrx_word' id='word_1_163' title='bbox 433 2255 559 2300; x_wconf 84' lang='lat' dir='ltr'><strong>est:</strong></span> <span class='ocrx_word' id='word_1_164' title='bbox 596 2262 615 2295; x_wconf 72' lang='grc' dir='ltr'><strong><em>ι</em></strong></span> <span class='ocrx_word' id='word_1_165' title='bbox 663 2241 770 2298; x_wconf 71' lang='lat' dir='ltr'><strong>Nec</strong></span> <span class='ocrx_word' id='word_1_166' title='bbox 797 2257 923 2295; x_wconf 88' lang='lat' dir='ltr'><strong>vero</strong></span> <span class='ocrx_word' id='word_1_167' title='bbox 964 2239 1266 2308; x_wconf 76' lang='lat' dir='ltr'><strong>suspicetur</strong></span> <span class='ocrx_word' id='word_1_168' title='bbox 1295 2253 1393 2290; x_wconf 87' lang='lat' dir='ltr'><strong>nos</strong></span> <span class='ocrx_word' id='word_1_169' title='bbox 1429 2237 1708 2304; x_wconf 86' lang='lat' dir='ltr'><strong>quisquam</strong></span> <span class='ocrx_word' id='word_1_170' title='bbox 1747 2237 1860 2290; x_wconf 61' lang='lat' dir='ltr'><strong>haec</strong></span> <span class='ocrx_word' id='word_1_171' title='bbox 1906 2237 1990 2288; x_wconf 91' lang='lat' dir='ltr'><strong>di-</strong></span> 
     </span>
    </p>
   </div>
   <div class='ocr_carea' id='block_1_22' title="bbox 437 2325 1987 2401">
    <p class='ocr_par' dir='ltr' id='par_1_22' title="bbox 437 2325 1987 2401">
     <span class='ocr_line' id='line_1_22' title="bbox 437 2325 1987 2401; baseline -0.008 -12"><span class='ocrx_word' id='word_1_172' title='bbox 437 2351 562 2389; x_wconf 84' lang='lat' dir='ltr'><strong>cere</strong></span> <span class='ocrx_word' id='word_1_173' title='bbox 608 2335 787 2387; x_wconf 92' lang='lat' dir='ltr'><strong>minus</strong></span> <span class='ocrx_word' id='word_1_174' title='bbox 830 2332 914 2401; x_wconf 91' lang='lat' dir='ltr'><strong>pie</strong></span> <span class='ocrx_word' id='word_1_175' title='bbox 935 2331 1212 2386; x_wconf 87' lang='lat' dir='ltr'><strong>Christum</strong></span> <span class='ocrx_word' id='word_1_176' title='bbox 1267 2330 1358 2382; x_wconf 89' lang='lat' dir='ltr'><strong>Dei</strong></span> <span class='ocrx_word' id='word_1_177' title='bbox 1405 2327 1662 2381; x_wconf 88' lang='lat' dir='ltr'><strong>colentes.</strong></span> <span class='ocrx_word' id='word_1_178' title='bbox 1702 2325 1834 2380; x_wconf 85' lang='lat' dir='ltr'><strong>Nam</strong></span> <span class='ocrx_word' id='word_1_179' title='bbox 1887 2342 1987 2395; x_wconf 70' lang='lat' dir='ltr'><strong>qua</strong></span> 
     </span>
    </p>
   </div>
   <div class='ocr_carea' id='block_1_23' title="bbox 438 2418 1990 2486">
    <p class='ocr_par' dir='ltr' id='par_1_23' title="bbox 438 2418 1990 2486">
     <span class='ocr_line' id='line_1_23' title="bbox 438 2418 1990 2486; baseline -0.005 -8"><span class='ocrx_word' id='word_1_180' title='bbox 438 2427 643 2478; x_wconf 83' lang='lat' dir='ltr'><strong>ratione</strong></span> <span class='ocrx_word' id='word_1_181' title='bbox 677 2424 824 2478; x_wconf 88' lang='lat' dir='ltr'><strong>soliis</strong></span> <span class='ocrx_word' id='word_1_182' title='bbox 857 2420 1014 2474; x_wconf 90' lang='lat' dir='ltr'><strong>Pater</strong></span> <span class='ocrx_word' id='word_1_183' title='bbox 1043 2421 1204 2474; x_wconf 87' lang='lat' dir='ltr'><strong>habet</strong></span> <span class='ocrx_word' id='word_1_184' title='bbox 1234 2418 1855 2486; x_wconf 83' lang='lat' dir='ltr'><strong>immortalitatem.quia</strong></span> <span class='ocrx_word' id='word_1_185' title='bbox 1890 2419 1990 2471; x_wconf 84' lang='lat' dir='ltr'><strong>Do-</strong></span> 
     </span>
    </p>
   </div>
   <div class='ocr_carea' id='block_1_24' title="bbox 437 2508 1987 2571">
    <p class='ocr_par' dir='ltr' id='par_1_24' title="bbox 437 2508 1987 2571">
     <span class='ocr_line' id='line_1_24' title="bbox 437 2508 1987 2571; baseline -0.007 0"><span class='ocrx_word' id='word_1_186' title='bbox 437 2517 612 2571; x_wconf 87' lang='lat' dir='ltr'><strong>minus</strong></span> <span class='ocrx_word' id='word_1_187' title='bbox 637 2523 814 2568; x_wconf 87' lang='lat' dir='ltr'><strong>noster</strong></span> <span class='ocrx_word' id='word_1_188' title='bbox 845 2523 1088 2569; x_wconf 90' lang='lat' dir='ltr'><strong>nostrum</strong></span> <span class='ocrx_word' id='word_1_189' title='bbox 1133 2509 1347 2564; x_wconf 89' lang='lat' dir='ltr'><strong>nomine</strong></span> <span class='ocrx_word' id='word_1_190' title='bbox 1394 2519 1618 2561; x_wconf 88' lang='lat' dir='ltr'><strong>mortem</strong></span> <span class='ocrx_word' id='word_1_191' title='bbox 1647 2508 1714 2560; x_wconf 91' lang='lat' dir='ltr'><strong>ob</strong></span> <span class='ocrx_word' id='word_1_192' title='bbox 1745 2523 1987 2560; x_wconf 72' lang='lat' dir='ltr'><strong>amor-cui</strong></span> 
     </span>
    </p>
   </div>
   <div class='ocr_carea' id='block_1_25' title="bbox 436 2596 1993 2677">
    <p class='ocr_par' dir='ltr' id='par_1_25' title="bbox 436 2596 1993 2677">
     <span class='ocr_line' id='line_1_25' title="bbox 436 2596 1993 2677; baseline -0.007 -16"><span class='ocrx_word' id='word_1_193' title='bbox 436 2622 562 2677; x_wconf 82' lang='lat' dir='ltr'><strong>erga</strong></span> <span class='ocrx_word' id='word_1_194' title='bbox 603 2619 768 2674; x_wconf 77' lang='lat' dir='ltr'><strong>genus</strong></span> <span class='ocrx_word' id='word_1_195' title='bbox 808 2605 1098 2657; x_wconf 75' lang='lat' dir='ltr'><strong>humanum</strong></span> <span class='ocrx_word' id='word_1_196' title='bbox 1148 2597 1469 2669; x_wconf 90' lang='lat' dir='ltr'><strong>pertulerit,</strong></span> <span class='ocrx_word' id='word_1_197' title='bbox 1507 2599 1606 2650; x_wconf 88' lang='lat' dir='ltr'><strong>liae</strong></span> <span class='ocrx_word' id='word_1_198' title='bbox 1639 2596 1799 2650; x_wconf 88' lang='lat' dir='ltr'><strong>Pater</strong></span> <span class='ocrx_word' id='word_1_199' title='bbox 1845 2597 1993 2650; x_wconf 88' lang='lat' dir='ltr'><strong>solus</strong></span> 
     </span>
    </p>
   </div>
   <div class='ocr_carea' id='block_1_26' title="bbox 438 2688 1991 2764">
    <p class='ocr_par' dir='ltr' id='par_1_26' title="bbox 438 2688 1991 2764">
     <span class='ocr_line' id='line_1_26' title="bbox 438 2688 1991 2764; baseline -0.008 -14"><span class='ocrx_word' id='word_1_200' title='bbox 438 2698 621 2760; x_wconf 87' lang='lat' dir='ltr'><strong>habet,</strong></span> <span class='ocrx_word' id='word_1_201' title='bbox 641 2704 698 2748; x_wconf 95' lang='lat' dir='ltr'><strong>ut</strong></span> <span class='ocrx_word' id='word_1_202' title='bbox 723 2695 774 2748; x_wconf 92' lang='lat' dir='ltr'><strong>in</strong></span> <span class='ocrx_word' id='word_1_203' title='bbox 804 2695 917 2764; x_wconf 88' lang='lat' dir='ltr'><strong>ipso</strong></span> <span class='ocrx_word' id='word_1_204' title='bbox 955 2693 1115 2747; x_wconf 76' lang='lat' dir='ltr'><strong>nulla:</strong></span> <span class='ocrx_word' id='word_1_205' title='bbox 1144 2693 1252 2745; x_wconf 90' lang='lat' dir='ltr'><strong>sint</strong></span> <span class='ocrx_word' id='word_1_206' title='bbox 1276 2689 1536 2754; x_wconf 60' lang='lat' dir='ltr'><strong>tenebrat;</strong></span> <span class='ocrx_word' id='word_1_207' title='bbox 1570 2703 1689 2742; x_wconf 85' lang='lat' dir='ltr'><strong>cum</strong></span> <span class='ocrx_word' id='word_1_208' title='bbox 1725 2688 1991 2750; x_wconf 84' lang='lat' dir='ltr'><strong>Christus,</strong></span> 
     </span>
    </p>
   </div>
   <div class='ocr_carea' id='block_1_27' title="bbox 439 2779 1991 2846">
    <p class='ocr_par' dir='ltr' id='par_1_27' title="bbox 439 2779 1991 2846">
     <span class='ocr_line' id='line_1_27' title="bbox 439 2779 1991 2846; baseline -0.005 -8"><span class='ocrx_word' id='word_1_209' title='bbox 439 2797 498 2840; x_wconf 91' lang='lat' dir='ltr'><strong>ut</strong></span> <span class='ocrx_word' id='word_1_210' title='bbox 543 2785 786 2840; x_wconf 90' lang='lat' dir='ltr'><strong>homines</strong></span> <span class='ocrx_word' id='word_1_211' title='bbox 830 2783 1090 2837; x_wconf 74' lang='lat' dir='ltr'><strong>beneﬁcio</strong></span> <span class='ocrx_word' id='word_1_212' title='bbox 1129 2781 1383 2846; x_wconf 79' lang='lat' dir='ltr'><strong>alliceret,</strong></span> <span class='ocrx_word' id='word_1_213' title='bbox 1420 2779 1666 2834; x_wconf 84' lang='lat' dir='ltr'><strong>tenebras</strong></span> <span class='ocrx_word' id='word_1_214' title='bbox 1700 2789 1913 2834; x_wconf 89' lang='lat' dir='ltr'><strong>nostras</strong></span> <span class='ocrx_word' id='word_1_215' title='bbox 1939 2779 1991 2831; x_wconf 90' lang='lat' dir='ltr'><strong>in</strong></span> 
     </span>
    </p>
   </div>
   <div class='ocr_carea' id='block_1_28' title="bbox 435 2861 1486 2944">
    <p class='ocr_par' dir='ltr' id='par_1_28' title="bbox 435 2861 1486 2944">
     <span class='ocr_line' id='line_1_28' title="bbox 435 2861 1486 2944; baseline -0.005 -16"><span class='ocrx_word' id='word_1_216' title='bbox 435 2878 671 2944; x_wconf 84' lang='lat' dir='ltr'><strong>seipsum</strong></span> <span class='ocrx_word' id='word_1_217' title='bbox 694 2875 975 2944; x_wconf 87' lang='lat' dir='ltr'><strong>receperit.</strong></span> <span class='ocrx_word' id='word_1_218' title='bbox 1006 2893 1024 2926; x_wconf 74' lang='grc' dir='ltr'><strong>ο</strong></span> <span class='ocrx_word' id='word_1_219' title='bbox 1475 2861 1486 2874; x_wconf 89' lang='grc'><em>’</em></span> 
     </span>
    </p>
   </div>
   <div class='ocr_carea' id='block_1_29' title="bbox 420 2959 1996 3037">
    <p class='ocr_par' dir='ltr' id='par_1_29' title="bbox 420 2959 1996 3037">
     <span class='ocr_line' id='line_1_29' title="bbox 420 2959 1996 3037; baseline -0.005 -17"><span class='ocrx_word' id='word_1_220' title='bbox 420 2965 425 2971; x_wconf 85' lang='grc'><strong>’</strong></span> <span class='ocrx_word' id='word_1_221' title='bbox 514 2967 542 3037; x_wconf 84' lang='lat'>§</span> <span class='ocrx_word' id='word_1_222' title='bbox 578 2965 817 3019; x_wconf 74' lang='lat' dir='ltr'><strong>XlXJta</strong></span> <span class='ocrx_word' id='word_1_223' title='bbox 863 2966 1075 3017; x_wconf 85' lang='lat' dir='ltr'><strong>tandem</strong></span> <span class='ocrx_word' id='word_1_224' title='bbox 1119 2963 1413 3017; x_wconf 86' lang='lat' dir='ltr'><strong>doctrinam</strong></span> <span class='ocrx_word' id='word_1_225' title='bbox 1465 2961 1721 3014; x_wconf 90' lang='lat' dir='ltr'><strong>librorum</strong></span> <span class='ocrx_word' id='word_1_226' title='bbox 1751 2959 1996 3028; x_wconf 79' lang='lat' dir='ltr'><strong>Origenis</strong></span> 
     </span>
    </p>
   </div>
   <div class='ocr_carea' id='block_1_30' title="bbox 435 3052 1996 3119">
    <p class='ocr_par' dir='ltr' id='par_1_30' title="bbox 435 3052 1996 3119">
     <span class='ocr_line' id='line_1_30' title="bbox 435 3052 1996 3119; baseline -0.005 -9"><span class='ocrx_word' id='word_1_227' title='bbox 435 3071 620 3112; x_wconf 64' lang='lat' dir='ltr'><strong>contra</strong></span> <span class='ocrx_word' id='word_1_228' title='bbox 669 3057 869 3111; x_wconf 83' lang='lat' dir='ltr'><strong>Celsum</strong></span> <span class='ocrx_word' id='word_1_229' title='bbox 895 3095 910 3119; x_wconf 82' lang='lat'><strong>.</strong></span> <span class='ocrx_word' id='word_1_230' title='bbox 945 3057 998 3110; x_wconf 90' lang='lat' dir='ltr'><strong>in</strong></span> <span class='ocrx_word' id='word_1_231' title='bbox 1030 3056 1256 3109; x_wconf 81' lang='lat' dir='ltr'><strong>artiCulo</strong></span> <span class='ocrx_word' id='word_1_232' title='bbox 1299 3055 1365 3108; x_wconf 87' lang='lat' dir='ltr'><strong>de</strong></span> <span class='ocrx_word' id='word_1_233' title='bbox 1407 3052 1540 3106; x_wconf 86' lang='lat' dir='ltr'><strong>Filio</strong></span> <span class='ocrx_word' id='word_1_234' title='bbox 1583 3052 1695 3118; x_wconf 80' lang='lat' dir='ltr'><strong>Dei,</strong></span> <span class='ocrx_word' id='word_1_235' title='bbox 1741 3052 1996 3104; x_wconf 82' lang='lat' dir='ltr'><strong>orthodo-</strong></span> 
     </span>
    </p>
   </div>
   <div class='ocr_carea' id='block_1_31' title="bbox 440 3141 1994 3214">
    <p class='ocr_par' dir='ltr' id='par_1_31' title="bbox 440 3141 1994 3214">
     <span class='ocr_line' id='line_1_31' title="bbox 440 3141 1994 3214; baseline -0.008 -10"><span class='ocrx_word' id='word_1_236' title='bbox 440 3165 564 3204; x_wconf 75' lang='lat' dir='ltr'><strong>xam</strong></span> <span class='ocrx_word' id='word_1_237' title='bbox 605 3158 658 3202; x_wconf 91' lang='lat' dir='ltr'><strong>et</strong></span> <span class='ocrx_word' id='word_1_238' title='bbox 687 3147 1020 3202; x_wconf 61' lang='lat' dir='ltr'><strong>catholicam</strong></span> <span class='ocrx_word' id='word_1_239' title='bbox 1064 3147 1211 3202; x_wconf 84' lang='lat' dir='ltr'><strong>clare</strong></span> <span class='ocrx_word' id='word_1_240' title='bbox 1256 3145 1640 3198; x_wconf 74' lang='lat' dir='ltr'><strong>ostendimus:</strong></span> <span class='ocrx_word' id='word_1_241' title='bbox 1685 3141 1994 3214; x_wconf 81' lang='lat' dir='ltr'><strong>impiisque</strong></span> 
     </span>
    </p>
   </div>
   <div class='ocr_carea' id='block_1_32' title="bbox 418 3225 1996 3308">
    <p class='ocr_par' dir='ltr' id='par_1_32' title="bbox 418 3225 1996 3308">
     <span class='ocr_line' id='line_1_32' title="bbox 418 3225 1996 3308; baseline -0.006 -16"><span class='ocrx_word' id='word_1_242' title='bbox 418 3225 576 3294; x_wconf 37' lang='lat' dir='ltr'><strong>&#39;adeo</strong></span> <span class='ocrx_word' id='word_1_243' title='bbox 616 3241 791 3306; x_wconf 86' lang='lat' dir='ltr'><strong>dictis,</strong></span> <span class='ocrx_word' id='word_1_244' title='bbox 829 3255 946 3308; x_wconf 63' lang='lat' dir='ltr'><strong>quae</strong></span> <span class='ocrx_word' id='word_1_245' title='bbox 978 3238 1328 3305; x_wconf 86' lang='lat' dir='ltr'><strong>llieronymus</strong></span> <span class='ocrx_word' id='word_1_246' title='bbox 1352 3244 1404 3288; x_wconf 93' lang='lat' dir='ltr'><strong>et</strong></span> <span class='ocrx_word' id='word_1_247' title='bbox 1436 3232 1522 3285; x_wconf 90' lang='lat' dir='ltr'><strong>alii</strong></span> <span class='ocrx_word' id='word_1_248' title='bbox 1553 3231 1764 3300; x_wconf 79' lang='lat' dir='ltr'><strong>egregio</strong></span> <span class='ocrx_word' id='word_1_249' title='bbox 1793 3231 1996 3284; x_wconf 91' lang='lat' dir='ltr'><strong>doctori</strong></span> 
     </span>
    </p>
   </div>
   <div class='ocr_carea' id='block_1_33' title="bbox 443 3320 1997 3390">
    <p class='ocr_par' dir='ltr' id='par_1_33' title="bbox 443 3320 1997 3390">
     <span class='ocr_line' id='line_1_33' title="bbox 443 3320 1997 3390; baseline -0.005 -13"><span class='ocrx_word' id='word_1_250' title='bbox 443 3326 819 3386; x_wconf 86' lang='lat' dir='ltr'><strong>attribuerunt,</strong></span> <span class='ocrx_word' id='word_1_251' title='bbox 851 3325 1178 3378; x_wconf 87' lang='lat' dir='ltr'><strong>assertiones</strong></span> <span class='ocrx_word' id='word_1_252' title='bbox 1200 3323 1355 3390; x_wconf 86' lang='lat' dir='ltr'><strong>plane</strong></span> <span class='ocrx_word' id='word_1_253' title='bbox 1382 3321 1783 3380; x_wconf 80' lang='lat' dir='ltr'><strong>contrarias,ex</strong></span> <span class='ocrx_word' id='word_1_254' title='bbox 1811 3320 1997 3372; x_wconf 84' lang='lat' dir='ltr'><strong>eodem</strong></span> 
     </span>
    </p>
   </div>
   <div class='ocr_carea' id='block_1_34' title="bbox 428 3404 1998 3482">
    <p class='ocr_par' dir='ltr' id='par_1_34' title="bbox 428 3404 1998 3482">
     <span class='ocr_line' id='line_1_34' title="bbox 428 3404 1998 3482; baseline -0.005 -16"><span class='ocrx_word' id='word_1_255' title='bbox 428 3404 604 3482; x_wconf 80' lang='lat' dir='ltr'><strong>Opere</strong></span> <span class='ocrx_word' id='word_1_256' title='bbox 647 3412 940 3466; x_wconf 90' lang='lat' dir='ltr'><strong>indubitato</strong></span> <span class='ocrx_word' id='word_1_257' title='bbox 982 3413 1266 3480; x_wconf 82' lang='lat' dir='ltr'><strong>productas</strong></span> <span class='ocrx_word' id='word_1_258' title='bbox 1288 3449 1301 3474; x_wconf 92' lang='lat'><strong>,</strong></span> <span class='ocrx_word' id='word_1_259' title='bbox 1329 3411 1687 3478; x_wconf 88' lang='lat' dir='ltr'><strong>opposuimus.</strong></span> <span class='ocrx_word' id='word_1_260' title='bbox 1719 3406 1817 3471; x_wconf 90' lang='lat' dir='ltr'><strong>Qui</strong></span> <span class='ocrx_word' id='word_1_261' title='bbox 1871 3421 1998 3460; x_wconf 90' lang='lat' dir='ltr'><strong>vero</strong></span> 
     </span>
    </p>
   </div>
   <div class='ocr_carea' id='block_1_35' title="bbox 447 3497 2000 3572">
    <p class='ocr_par' dir='ltr' id='par_1_35' title="bbox 447 3497 2000 3572">
     <span class='ocr_line' id='line_1_35' title="bbox 447 3497 2000 3572; baseline -0.005 -14"><span class='ocrx_word' id='word_1_262' title='bbox 447 3506 749 3559; x_wconf 87' lang='lat' dir='ltr'><strong>testimonia</strong></span> <span class='ocrx_word' id='word_1_263' title='bbox 783 3506 871 3559; x_wconf 81' lang='lat' dir='ltr'><strong>illa</strong></span> <span class='ocrx_word' id='word_1_264' title='bbox 914 3506 1170 3560; x_wconf 78' lang='lat' dir='ltr'><strong>catlioliia</strong></span> <span class='ocrx_word' id='word_1_265' title='bbox 1193 3547 1207 3568; x_wconf 86' lang='lat'><strong>,</strong></span> <span class='ocrx_word' id='word_1_266' title='bbox 1244 3519 1361 3572; x_wconf 79' lang='lat' dir='ltr'><strong>quae</strong></span> <span class='ocrx_word' id='word_1_267' title='bbox 1415 3505 1464 3555; x_wconf 91' lang='lat' dir='ltr'><strong>in</strong></span> <span class='ocrx_word' id='word_1_268' title='bbox 1501 3501 1706 3554; x_wconf 68' lang='lat' dir='ltr'><strong>czeteris</strong></span> <span class='ocrx_word' id='word_1_269' title='bbox 1754 3497 2000 3563; x_wconf 66' lang='lat' dir='ltr'><strong>Origenis</strong></span> 
     </span>
    </p>
   </div>
   <div class='ocr_carea' id='block_1_36' title="bbox 445 3589 1999 3663">
    <p class='ocr_par' dir='ltr' id='par_1_36' title="bbox 445 3589 1999 3663">
     <span class='ocr_line' id='line_1_36' title="bbox 445 3589 1999 3663; baseline -0.006 -14"><span class='ocrx_word' id='word_1_270' title='bbox 445 3596 662 3663; x_wconf 85' lang='lat' dir='ltr'><strong>scriptis</strong></span> <span class='ocrx_word' id='word_1_271' title='bbox 689 3597 1045 3663; x_wconf 80' lang='lat' dir='ltr'><strong>reperiuntur,</strong></span> <span class='ocrx_word' id='word_1_272' title='bbox 1089 3597 1232 3662; x_wconf 82' lang='lat' dir='ltr'><strong>cupit</strong></span> <span class='ocrx_word' id='word_1_273' title='bbox 1259 3606 1599 3661; x_wconf 83' lang='lat' dir='ltr'><strong>cognoscere,</strong></span> <span class='ocrx_word' id='word_1_274' title='bbox 1635 3592 1881 3643; x_wconf 86' lang='lat' dir='ltr'><strong>consulat</strong></span> <span class='ocrx_word' id='word_1_275' title='bbox 1914 3589 1999 3641; x_wconf 86' lang='lat' dir='ltr'><strong>ille</strong></span> 
     </span>
    </p>
   </div>
   <div class='ocr_carea' id='block_1_37' title="bbox 446 3677 1996 3755">
    <p class='ocr_par' dir='ltr' id='par_1_37' title="bbox 446 3677 1996 3755">
     <span class='ocr_line' id='line_1_37' title="bbox 446 3677 1996 3755; baseline -0.006 -18"><span class='ocrx_word' id='word_1_276' title='bbox 446 3682 708 3752; x_wconf 87' lang='lat' dir='ltr'><strong>Pamphili</strong></span> <span class='ocrx_word' id='word_1_277' title='bbox 762 3687 1012 3755; x_wconf 88' lang='lat' dir='ltr'><strong>martyris</strong></span> <span class='ocrx_word' id='word_1_278' title='bbox 1049 3685 1353 3751; x_wconf 82' lang='lat' dir='ltr'><strong>Apologiam</strong></span> <span class='ocrx_word' id='word_1_279' title='bbox 1399 3698 1491 3749; x_wconf 87' lang='lat' dir='ltr'><strong>pro</strong></span> <span class='ocrx_word' id='word_1_280' title='bbox 1541 3677 1760 3747; x_wconf 78' lang='lat' dir='ltr'><strong>Origene</strong></span> <span class='ocrx_word' id='word_1_281' title='bbox 1790 3694 1908 3744; x_wconf 67' lang='lat' dir='ltr'><strong>esip.</strong></span> <span class='ocrx_word' id='word_1_282' title='bbox 1942 3677 1996 3737; x_wconf 78' lang='lat'><strong>3.</strong></span> 
     </span>
    </p>
   </div>
   <div class='ocr_carea' id='block_1_38' title="bbox 453 3767 2001 3845">
    <p class='ocr_par' dir='ltr' id='par_1_38' title="bbox 453 3767 2001 3845">
     <span class='ocr_line' id='line_1_38' title="bbox 453 3767 2001 3845; baseline -0.008 -17"><span class='ocrx_word' id='word_1_283' title='bbox 453 3791 582 3845; x_wconf 79' lang='lat' dir='ltr'><strong>pag,</strong></span> <span class='ocrx_word' id='word_1_284' title='bbox 616 3776 708 3838; x_wconf 72' lang='lat'><strong>27,</strong></span> <span class='ocrx_word' id='word_1_285' title='bbox 741 3790 897 3845; x_wconf 90' lang='lat' dir='ltr'><strong>quam</strong></span> <span class='ocrx_word' id='word_1_286' title='bbox 931 3791 1054 3828; x_wconf 88' lang='lat' dir='ltr'><strong>vere</strong></span> <span class='ocrx_word' id='word_1_287' title='bbox 1081 3771 1339 3840; x_wconf 80' lang='lat' dir='ltr'><strong>Pamphili</strong></span> <span class='ocrx_word' id='word_1_288' title='bbox 1369 3784 1485 3823; x_wconf 91' lang='lat' dir='ltr'><strong>esse</strong></span> <span class='ocrx_word' id='word_1_289' title='bbox 1528 3777 1712 3820; x_wconf 89' lang='lat' dir='ltr'><strong>contra</strong></span> <span class='ocrx_word' id='word_1_290' title='bbox 1737 3767 2001 3834; x_wconf 85' lang='lat' dir='ltr'><strong>Hierony-</strong></span> 
     </span>
    </p>
   </div>
   <div class='ocr_carea' id='block_1_39' title="bbox 459 3857 1998 3934">
    <p class='ocr_par' dir='ltr' id='par_1_39' title="bbox 459 3857 1998 3934">
     <span class='ocr_line' id='line_1_39' title="bbox 459 3857 1998 3934; baseline -0.008 -14"><span class='ocrx_word' id='word_1_291' title='bbox 459 3883 605 3920; x_wconf 86' lang='lat' dir='ltr'><strong>mum</strong></span> <span class='ocrx_word' id='word_1_292' title='bbox 644 3882 768 3920; x_wconf 82' lang='lat' dir='ltr'><strong>mox</strong></span> <span class='ocrx_word' id='word_1_293' title='bbox 795 3867 994 3933; x_wconf 87' lang='lat' dir='ltr'><strong>liquido</strong></span> <span class='ocrx_word' id='word_1_294' title='bbox 1023 3863 1381 3934; x_wconf 86' lang='lat' dir='ltr'><strong>probabimus.</strong></span> <span class='ocrx_word' id='word_1_295' title='bbox 1419 3859 1583 3912; x_wconf 84' lang='lat' dir='ltr'><strong>Nobis</strong></span> <span class='ocrx_word' id='word_1_296' title='bbox 1619 3858 1730 3910; x_wconf 91' lang='lat' dir='ltr'><strong>loca</strong></span> <span class='ocrx_word' id='word_1_297' title='bbox 1758 3857 1998 3924; x_wconf 81' lang='lat' dir='ltr'><strong>qiuedain</strong></span> 
     </span>
    </p>
   </div>
   <div class='ocr_carea' id='block_1_40' title="bbox 447 3944 1997 4022">
    <p class='ocr_par' dir='ltr' id='par_1_40' title="bbox 447 3944 1997 4022">
     <span class='ocr_line' id='line_1_40' title="bbox 447 3944 1997 4022; baseline -0.009 -12"><span class='ocrx_word' id='word_1_298' title='bbox 447 3957 730 4012; x_wconf 86' lang='lat' dir='ltr'><strong>selectiora</strong></span> <span class='ocrx_word' id='word_1_299' title='bbox 765 3973 830 4010; x_wconf 82' lang='lat' dir='ltr'><strong>ex</strong></span> <span class='ocrx_word' id='word_1_300' title='bbox 867 3957 951 4008; x_wconf 88' lang='lat' dir='ltr'><strong>illa</strong></span> <span class='ocrx_word' id='word_1_301' title='bbox 976 3955 1224 4022; x_wconf 81' lang='lat' dir='ltr'><strong>Apologia</strong></span> <span class='ocrx_word' id='word_1_302' title='bbox 1256 3953 1340 4004; x_wconf 88' lang='lat' dir='ltr'><strong>liic</strong></span> <span class='ocrx_word' id='word_1_303' title='bbox 1369 3949 1625 4003; x_wconf 86' lang='lat' dir='ltr'><strong>recitasse</strong></span> <span class='ocrx_word' id='word_1_304' title='bbox 1652 3944 1896 3998; x_wconf 76' lang='lat' dir='ltr'><strong>sumi-int.</strong></span> <span class='ocrx_word' id='word_1_305' title='bbox 1927 3945 1997 3996; x_wconf 72' lang='lat' dir='ltr'><strong>lix</strong></span> 
     </span>
    </p>
   </div>
   <div class='ocr_carea' id='block_1_41' title="bbox 446 4035 2002 4115">
    <p class='ocr_par' dir='ltr' id='par_1_41' title="bbox 446 4035 2002 4115">
     <span class='ocr_line' id='line_1_41' title="bbox 446 4035 2002 4115; baseline -0.008 -15"><span class='ocrx_word' id='word_1_306' title='bbox 446 4048 623 4115; x_wconf 84' lang='lat' dir='ltr'><strong>primo</strong></span> <span class='ocrx_word' id='word_1_307' title='bbox 671 4046 804 4100; x_wconf 90' lang='lat' dir='ltr'><strong>libro</strong></span> <span class='ocrx_word' id='word_1_308' title='bbox 853 4046 989 4113; x_wconf 77' lang='grc' dir='ltr'><strong>Περὶ</strong></span> <span class='ocrx_word' id='word_1_309' title='bbox 1039 4043 1237 4112; x_wconf 76' lang='grc' dir='ltr'><strong>ἀρχῶν</strong></span> <span class='ocrx_word' id='word_1_310' title='bbox 1263 4081 1278 4105; x_wconf 84' lang='grc'><em>,</em></span> <span class='ocrx_word' id='word_1_311' title='bbox 1313 4055 1458 4094; x_wconf 92' lang='lat' dir='ltr'><strong>num.</strong></span> <span class='ocrx_word' id='word_1_312' title='bbox 1501 4039 1566 4100; x_wconf 80' lang='lat'><strong>5,</strong></span> <span class='ocrx_word' id='word_1_313' title='bbox 1600 4038 1711 4089; x_wconf 66' lang='lat' dir='ltr'><strong>haec</strong></span> <span class='ocrx_word' id='word_1_314' title='bbox 1756 4035 2002 4104; x_wconf 81' lang='lat' dir='ltr'><strong>Origenis</strong></span> 
     </span>
    </p>
   </div>
   <div class='ocr_carea' id='block_1_42' title="bbox 448 4127 1999 4200">
    <p class='ocr_par' dir='ltr' id='par_1_42' title="bbox 448 4127 1999 4200">
     <span class='ocr_line' id='line_1_42' title="bbox 448 4127 1999 4200; baseline -0.006 -17"><span class='ocrx_word' id='word_1_315' title='bbox 448 4135 612 4187; x_wconf 75' lang='lat' dir='ltr'><strong>verba</strong></span> <span class='ocrx_word' id='word_1_316' title='bbox 663 4133 795 4188; x_wconf 86' lang='lat' dir='ltr'><strong>citat</strong></span> <span class='ocrx_word' id='word_1_317' title='bbox 833 4132 1184 4200; x_wconf 82' lang='lat' dir='ltr'><strong>Pamphilus:</strong></span> <span class='ocrx_word' id='word_1_318' title='bbox 1221 4149 1240 4179; x_wconf 77' lang='lat' dir='ltr'><strong>i</strong></span> <span class='ocrx_word' id='word_1_319' title='bbox 1281 4127 1429 4181; x_wconf 81' lang='lat' dir='ltr'><strong>Nulla</strong></span> <span class='ocrx_word' id='word_1_320' title='bbox 1466 4139 1592 4191; x_wconf 80' lang='lat' dir='ltr'><strong>ergo</strong></span> <span class='ocrx_word' id='word_1_321' title='bbox 1632 4135 1827 4175; x_wconf 80' lang='lat' dir='ltr'><strong>natura</strong></span> <span class='ocrx_word' id='word_1_322' title='bbox 1879 4131 1999 4185; x_wconf 90' lang='lat' dir='ltr'><strong>est,</strong></span> 
     </span>
    </p>
   </div>
   <div class='ocr_carea' id='block_1_43' title="bbox 452 4213 2002 4290">
    <p class='ocr_par' dir='ltr' id='par_1_43' title="bbox 452 4213 2002 4290">
     <span class='ocr_line' id='line_1_43' title="bbox 452 4213 2002 4290; baseline -0.007 -17"><span class='ocrx_word' id='word_1_323' title='bbox 452 4237 571 4290; x_wconf 69' lang='lat' dir='ltr'><strong>quae</strong></span> <span class='ocrx_word' id='word_1_324' title='bbox 601 4237 708 4275; x_wconf 87' lang='lat' dir='ltr'><strong>non</strong></span> <span class='ocrx_word' id='word_1_325' title='bbox 754 4222 984 4289; x_wconf 87' lang='lat' dir='ltr'><strong>recipiat</strong></span> <span class='ocrx_word' id='word_1_326' title='bbox 1025 4219 1242 4280; x_wconf 88' lang='lat' dir='ltr'><strong>malum,</strong></span> <span class='ocrx_word' id='word_1_327' title='bbox 1271 4227 1492 4283; x_wconf 76' lang='lat' dir='ltr'><strong>excepta</strong></span> <span class='ocrx_word' id='word_1_328' title='bbox 1526 4213 1614 4266; x_wconf 85' lang='lat' dir='ltr'><strong>Dei</strong></span> <span class='ocrx_word' id='word_1_329' title='bbox 1649 4222 1858 4274; x_wconf 88' lang='lat' dir='ltr'><strong>natura,</strong></span> <span class='ocrx_word' id='word_1_330' title='bbox 1883 4225 2002 4280; x_wconf 72' lang='lat' dir='ltr'><strong>qua:</strong></span> 
     </span>
    </p>
   </div>
   <div class='ocr_carea' id='block_1_44' title="bbox 456 4303 2000 4372">
    <p class='ocr_par' dir='ltr' id='par_1_44' title="bbox 456 4303 2000 4372">
     <span class='ocr_line' id='line_1_44' title="bbox 456 4303 2000 4372; baseline -0.005 -10"><span class='ocrx_word' id='word_1_331' title='bbox 456 4312 575 4366; x_wconf 80' lang='lat' dir='ltr'><strong>fons</strong></span> <span class='ocrx_word' id='word_1_332' title='bbox 602 4314 856 4365; x_wconf 91' lang='lat' dir='ltr'><strong>bonorum</strong></span> <span class='ocrx_word' id='word_1_333' title='bbox 883 4312 1116 4365; x_wconf 89' lang='lat' dir='ltr'><strong>omnium</strong></span> <span class='ocrx_word' id='word_1_334' title='bbox 1139 4321 1240 4371; x_wconf 89' lang='lat' dir='ltr'><strong>est,</strong></span> <span class='ocrx_word' id='word_1_335' title='bbox 1263 4318 1318 4360; x_wconf 90' lang='lat' dir='ltr'><strong>et</strong></span> <span class='ocrx_word' id='word_1_336' title='bbox 1350 4304 1544 4360; x_wconf 89' lang='lat' dir='ltr'><strong>Christi</strong></span> <span class='ocrx_word' id='word_1_337' title='bbox 1580 4304 1838 4372; x_wconf 84' lang='lat' dir='ltr'><strong>sapientia</strong></span> <span class='ocrx_word' id='word_1_338' title='bbox 1859 4303 2000 4356; x_wconf 91' lang='lat' dir='ltr'><strong>enim</strong></span> 
     </span>
    </p>
   </div>
   <div class='ocr_carea' id='block_1_45' title="bbox 457 4396 2000 4470">
    <p class='ocr_par' dir='ltr' id='par_1_45' title="bbox 457 4396 2000 4470">
     <span class='ocr_line' id='line_1_45' title="bbox 457 4396 2000 4470; baseline -0.003 -21"><span class='ocrx_word' id='word_1_339' title='bbox 457 4408 561 4460; x_wconf 89' lang='lat' dir='ltr'><strong>est,</strong></span> <span class='ocrx_word' id='word_1_340' title='bbox 592 4409 643 4453; x_wconf 88' lang='lat' dir='ltr'><strong>et</strong></span> <span class='ocrx_word' id='word_1_341' title='bbox 669 4403 928 4470; x_wconf 84' lang='lat' dir='ltr'><strong>sapientia</strong></span> <span class='ocrx_word' id='word_1_342' title='bbox 958 4400 1139 4468; x_wconf 89' lang='lat' dir='ltr'><strong>utique</strong></span> <span class='ocrx_word' id='word_1_343' title='bbox 1163 4396 1442 4450; x_wconf 84' lang='lat' dir='ltr'><strong>stultitiam</strong></span> <span class='ocrx_word' id='word_1_344' title='bbox 1481 4396 1718 4461; x_wconf 80' lang='lat' dir='ltr'><strong>recipere</strong></span> <span class='ocrx_word' id='word_1_345' title='bbox 1762 4407 1866 4446; x_wconf 93' lang='lat' dir='ltr'><strong>non</strong></span> <span class='ocrx_word' id='word_1_346' title='bbox 1907 4407 2000 4461; x_wconf 90' lang='lat' dir='ltr'><strong>po-</strong></span> 
     </span>
    </p>
   </div>
   <div class='ocr_carea' id='block_1_46' title="bbox 1807 366 3356 468">
    <p class='ocr_par' dir='ltr' id='par_1_46' title="bbox 1807 400 2225 456">
     <span class='ocr_line' id='line_1_46' title="bbox 1807 400 2225 456; baseline -0.007 -2"><span class='ocrx_word' id='word_1_347' title='bbox 1807 400 2225 456; x_wconf 72' lang='lat' dir='ltr'><strong>EXCEBPTUM</strong></span> 
     </span>
    </p>
   </div>
   <div class='ocr_carea' id='block_1_47' title="bbox 2354 366 3903 468">
    <p class='ocr_par' dir='ltr' id='par_1_47' title="bbox 3763 366 3903 468">
     <span class='ocr_line' id='line_1_47' title="bbox 3763 366 3887 418; baseline -0.008 0"><span class='ocrx_word' id='word_1_348' title='bbox 3763 366 3887 418; x_wconf 58' lang='lat' dir='ltr'><strong>tri-2a</strong></span> 
     </span>
     <span class='ocr_line' id='line_1_48' title="bbox 3897 449 3903 468; baseline 0 0"><span class='ocrx_word' id='word_1_349' title='bbox 3897 449 3903 468; x_wconf 91' lang='lat' dir='ltr'><strong>l</strong></span> 
     </span>
    </p>
   </div>
   <div class='ocr_carea' id='block_1_48' title="bbox 2000 484 3892 580">
    <p class='ocr_par' dir='ltr' id='par_1_48' title="bbox 2000 484 3892 580">
     <span class='ocr_line' id='line_1_49' title="bbox 2000 484 3892 580; baseline -0.015 -17"><span class='ocrx_word' id='word_1_350' title='bbox 2000 531 2046 580; x_wconf 69' lang='grc' dir='ltr'><strong>Α</strong></span> <span class='ocrx_word' id='word_1_351' title='bbox 2073 520 2238 574; x_wconf 72' lang='lat' dir='ltr'><strong>solam</strong></span> <span class='ocrx_word' id='word_1_352' title='bbox 2277 517 2374 572; x_wconf 75' lang='lat' dir='ltr'><strong>Dei</strong></span> <span class='ocrx_word' id='word_1_353' title='bbox 2413 484 2712 570; x_wconf 6' lang='lat' dir='ltr'><strong>nialiuram</strong></span> <span class='ocrx_word' id='word_1_354' title='bbox 2752 508 3168 567; x_wconf 77' lang='lat' dir='ltr'><strong>competere;</strong></span> <span class='ocrx_word' id='word_1_355' title='bbox 3206 501 3273 546; x_wconf 83' lang='lat' dir='ltr'><strong>ct</strong></span> <span class='ocrx_word' id='word_1_356' title='bbox 3318 488 3526 564; x_wconf 71' lang='lat' dir='ltr'><strong>simul</strong></span> <span class='ocrx_word' id='word_1_357' title='bbox 3570 501 3690 540; x_wconf 89' lang='lat' dir='ltr'><strong>non</strong></span> <span class='ocrx_word' id='word_1_358' title='bbox 3727 487 3892 538; x_wconf 72' lang='lat' dir='ltr'><strong>militis</strong></span> 
     </span>
    </p>
   </div>
   <div class='ocr_carea' id='block_1_49' title="bbox 2077 575 3895 678">
    <p class='ocr_par' dir='ltr' id='par_1_49' title="bbox 2077 575 3895 678">
     <span class='ocr_line' id='line_1_50' title="bbox 2077 575 3895 678; baseline -0.02 -15"><span class='ocrx_word' id='word_1_359' title='bbox 2077 623 2332 678; x_wconf 79' lang='lat' dir='ltr'><strong>expresse</strong></span> <span class='ocrx_word' id='word_1_360' title='bbox 2385 605 2558 668; x_wconf 85' lang='lat' dir='ltr'><strong>dicit,</strong></span> <span class='ocrx_word' id='word_1_361' title='bbox 2595 612 2809 668; x_wconf 85' lang='lat' dir='ltr'><strong>neque</strong></span> <span class='ocrx_word' id='word_1_362' title='bbox 2856 590 3127 649; x_wconf 84' lang='lat' dir='ltr'><strong>Filium,</strong></span> <span class='ocrx_word' id='word_1_363' title='bbox 3180 575 3410 650; x_wconf 82' lang='lat' dir='ltr'><strong>neque</strong></span> <span class='ocrx_word' id='word_1_364' title='bbox 3452 575 3753 646; x_wconf 81' lang='lat' dir='ltr'><strong>Spiritum</strong></span> <span class='ocrx_word' id='word_1_365' title='bbox 3783 591 3895 628; x_wconf 76' lang='lat' dir='ltr'><strong>sau-</strong></span> 
     </span>
    </p>
   </div>
   <div class='ocr_carea' id='block_1_50' title="bbox 2079 672 3894 766">
    <p class='ocr_par' dir='ltr' id='par_1_50' title="bbox 2079 672 3894 766">
     <span class='ocr_line' id='line_1_51' title="bbox 2079 672 3894 766; baseline -0.017 -15"><span class='ocrx_word' id='word_1_366' title='bbox 2079 713 2222 751; x_wconf 88' lang='lat' dir='ltr'><strong>ciiim</strong></span> <span class='ocrx_word' id='word_1_367' title='bbox 2253 713 2416 766; x_wconf 90' lang='lat' dir='ltr'><strong>posse</strong></span> <span class='ocrx_word' id='word_1_368' title='bbox 2454 676 2690 748; x_wconf 85' lang='lat' dir='ltr'><strong>malum</strong></span> <span class='ocrx_word' id='word_1_369' title='bbox 2749 685 3052 757; x_wconf 83' lang='lat' dir='ltr'><strong>recipere</strong></span> <span class='ocrx_word' id='word_1_370' title='bbox 3089 697 3105 733; x_wconf 92' lang='lat'>:</span> <span class='ocrx_word' id='word_1_371' title='bbox 3145 675 3442 731; x_wconf 86' lang='lat' dir='ltr'><strong>omnino</strong></span> <span class='ocrx_word' id='word_1_372' title='bbox 3475 672 3678 743; x_wconf 78' lang='lat' dir='ltr'><strong>igitur</strong></span> <span class='ocrx_word' id='word_1_373' title='bbox 3713 673 3894 753; x_wconf 77' lang='lat' dir='ltr'><strong>sensit</strong></span> 
     </span>
    </p>
   </div>
   <div class='ocr_carea' id='block_1_51' title="bbox 2081 749 3894 858">
    <p class='ocr_par' dir='ltr' id='par_1_51' title="bbox 2081 749 3894 858">
     <span class='ocr_line' id='line_1_52' title="bbox 2081 749 3894 858; baseline -0.017 -15"><span class='ocrx_word' id='word_1_374' title='bbox 2081 749 2341 858; x_wconf 74' lang='lat' dir='ltr'><strong>Origenes</strong></span> <span class='ocrx_word' id='word_1_375' title='bbox 2383 796 2440 838; x_wconf 87' lang='lat' dir='ltr'><strong>et</strong></span> <span class='ocrx_word' id='word_1_376' title='bbox 2491 765 2716 837; x_wconf 85' lang='lat' dir='ltr'><strong>Filium</strong></span> <span class='ocrx_word' id='word_1_377' title='bbox 2777 787 2844 829; x_wconf 88' lang='lat' dir='ltr'><strong>et</strong></span> <span class='ocrx_word' id='word_1_378' title='bbox 2881 749 3203 841; x_wconf 73' lang='lat' dir='ltr'><strong>Spiritum</strong></span> <span class='ocrx_word' id='word_1_379' title='bbox 3254 772 3573 832; x_wconf 73' lang='lat' dir='ltr'><strong>sanctum</strong></span> <span class='ocrx_word' id='word_1_380' title='bbox 3620 761 3687 816; x_wconf 85' lang='lat' dir='ltr'><strong>in</strong></span> <span class='ocrx_word' id='word_1_381' title='bbox 3713 749 3894 816; x_wconf 74' lang='lat' dir='ltr'><strong>natura</strong></span> 
     </span>
    </p>
   </div>
   <div class='ocr_carea' id='block_1_52' title="bbox 2084 852 3896 936">
    <p class='ocr_par' dir='ltr' id='par_1_52' title="bbox 2084 852 3896 936">
     <span class='ocr_line' id='line_1_53' title="bbox 2084 852 3896 936; baseline -0.019 -4"><span class='ocrx_word' id='word_1_382' title='bbox 2084 852 2259 932; x_wconf 65' lang='lat' dir='ltr'><strong>divina</strong></span> <span class='ocrx_word' id='word_1_383' title='bbox 2316 875 2668 930; x_wconf 85' lang='lat' dir='ltr'><strong>subsistere.</strong></span> <span class='ocrx_word' id='word_1_384' title='bbox 2712 867 2905 936; x_wconf 79' lang='lat' dir='ltr'><strong>Quod</strong></span> <span class='ocrx_word' id='word_1_385' title='bbox 2944 878 3063 916; x_wconf 86' lang='lat' dir='ltr'><strong>eos</strong></span> <span class='ocrx_word' id='word_1_386' title='bbox 3094 869 3344 913; x_wconf 77' lang='lat' dir='ltr'><strong>notare</strong></span> <span class='ocrx_word' id='word_1_387' title='bbox 3392 852 3592 906; x_wconf 75' lang='lat' dir='ltr'><strong>velim</strong></span> <span class='ocrx_word' id='word_1_388' title='bbox 3615 892 3634 914; x_wconf 91' lang='lat'><strong>,</strong></span> <span class='ocrx_word' id='word_1_389' title='bbox 3668 852 3765 918; x_wconf 85' lang='lat' dir='ltr'><strong>qui</strong></span> <span class='ocrx_word' id='word_1_390' title='bbox 3794 853 3896 900; x_wconf 78' lang='lat' dir='ltr'><strong>Ori-</strong></span> 
     </span>
    </p>
   </div>
   <div class='ocr_carea' id='block_1_53' title="bbox 2084 943 3898 1038">
    <p class='ocr_par' dir='ltr' id='par_1_53' title="bbox 2084 943 3898 1038">
     <span class='ocr_line' id='line_1_54' title="bbox 2084 943 3898 1038; baseline -0.015 -17"><span class='ocrx_word' id='word_1_391' title='bbox 2084 985 2272 1038; x_wconf 81' lang='lat' dir='ltr'><strong>genein</strong></span> <span class='ocrx_word' id='word_1_392' title='bbox 2303 967 2657 1019; x_wconf 79' lang='lat' dir='ltr'><strong>existimant</strong></span> <span class='ocrx_word' id='word_1_393' title='bbox 2722 960 2968 1015; x_wconf 83' lang='lat' dir='ltr'><strong>saltem</strong></span> <span class='ocrx_word' id='word_1_394' title='bbox 3042 951 3389 1018; x_wconf 85' lang='lat' dir='ltr'><strong>Spiritum</strong></span> <span class='ocrx_word' id='word_1_395' title='bbox 3446 953 3741 1000; x_wconf 82' lang='lat' dir='ltr'><strong>sanctum</strong></span> <span class='ocrx_word' id='word_1_396' title='bbox 3779 943 3898 996; x_wconf 75' lang='lat' dir='ltr'><strong>inter</strong></span> 
     </span>
    </p>
   </div>
   <div class='ocr_carea' id='block_1_54' title="bbox 2047 1037 3898 1112">
    <p class='ocr_par' dir='ltr' id='par_1_54' title="bbox 2047 1037 3898 1112">
     <span class='ocr_line' id='line_1_55' title="bbox 2047 1037 3898 1112; baseline -0.016 1"><span class='ocrx_word' id='word_1_397' title='bbox 2047 1051 2049 1054; x_wconf 55' lang='grc'><em>’</em></span> <span class='ocrx_word' id='word_1_398' title='bbox 2085 1069 2363 1112; x_wconf 88' lang='lat' dir='ltr'><strong>creaturas</strong></span> <span class='ocrx_word' id='word_1_399' title='bbox 2397 1068 2775 1110; x_wconf 87' lang='lat' dir='ltr'><strong>numerasse.</strong></span> <span class='ocrx_word' id='word_1_400' title='bbox 2814 1048 2950 1103; x_wconf 84' lang='lat' dir='ltr'><strong>Sed</strong></span> <span class='ocrx_word' id='word_1_401' title='bbox 2989 1055 3055 1097; x_wconf 75' lang='lat' dir='ltr'><strong>et</strong></span> <span class='ocrx_word' id='word_1_402' title='bbox 3087 1056 3254 1097; x_wconf 80' lang='lat' dir='ltr'><strong>mox</strong></span> <span class='ocrx_word' id='word_1_403' title='bbox 3294 1040 3548 1092; x_wconf 86' lang='lat' dir='ltr'><strong>ibidem</strong></span> <span class='ocrx_word' id='word_1_404' title='bbox 3593 1037 3774 1089; x_wconf 87' lang='lat' dir='ltr'><strong>totius</strong></span> <span class='ocrx_word' id='word_1_405' title='bbox 3796 1050 3898 1086; x_wconf 79' lang='lat' dir='ltr'><strong>san-</strong></span> 
     </span>
    </p>
   </div>
   <div class='ocr_carea' id='block_1_55' title="bbox 2047 1125 3898 1209">
    <p class='ocr_par' dir='ltr' id='par_1_55' title="bbox 2047 1125 3898 1209">
     <span class='ocr_line' id='line_1_56' title="bbox 2047 1125 3898 1209; baseline -0.015 -6"><span class='ocrx_word' id='word_1_406' title='bbox 2047 1152 2056 1166; x_wconf 76' lang='lat'>&quot;</span> <span class='ocrx_word' id='word_1_407' title='bbox 2086 1149 2342 1202; x_wconf 75' lang='lat' dir='ltr'><strong>ctissimze</strong></span> <span class='ocrx_word' id='word_1_408' title='bbox 2361 1145 2612 1209; x_wconf 81' lang='grc' dir='ltr'>Τριάδος</span> <span class='ocrx_word' id='word_1_409' title='bbox 2638 1135 3370 1196; x_wconf 75' lang='lat' dir='ltr'><strong>ineiiiivertibilitatem</strong></span> <span class='ocrx_word' id='word_1_410' title='bbox 3408 1138 3610 1196; x_wconf 80' lang='lat' dir='ltr'><strong>atque</strong></span> <span class='ocrx_word' id='word_1_411' title='bbox 3640 1125 3898 1179; x_wconf 64' lang='lat' dir='ltr'><strong>aeternita-</strong></span> 
     </span>
    </p>
   </div>
   <div class='ocr_carea' id='block_1_56' title="bbox 2088 1216 3898 1302">
    <p class='ocr_par' dir='ltr' id='par_1_56' title="bbox 2088 1216 3898 1302">
     <span class='ocr_line' id='line_1_57' title="bbox 2088 1216 3898 1302; baseline -0.014 -12"><span class='ocrx_word' id='word_1_412' title='bbox 2088 1247 2195 1291; x_wconf 82' lang='lat' dir='ltr'><strong>tem</strong></span> <span class='ocrx_word' id='word_1_413' title='bbox 2215 1238 2364 1289; x_wconf 86' lang='lat' dir='ltr'><strong>clare</strong></span> <span class='ocrx_word' id='word_1_414' title='bbox 2399 1237 2667 1302; x_wconf 81' lang='lat' dir='ltr'><strong>agnoscit</strong></span> <span class='ocrx_word' id='word_1_415' title='bbox 2694 1233 2795 1284; x_wconf 90' lang='lat' dir='ltr'><strong>liis</strong></span> <span class='ocrx_word' id='word_1_416' title='bbox 2839 1227 3070 1283; x_wconf 75' lang='lat' dir='ltr'><strong>verbis</strong></span> <span class='ocrx_word' id='word_1_417' title='bbox 3102 1222 3262 1294; x_wconf 81' lang='lat'><strong>(59)</strong></span> <span class='ocrx_word' id='word_1_418' title='bbox 3305 1238 3323 1273; x_wconf 90' lang='lat'><strong>:</strong></span> <span class='ocrx_word' id='word_1_419' title='bbox 3353 1238 3378 1270; x_wconf 74' lang='grc' dir='ltr'>ι</span> <span class='ocrx_word' id='word_1_420' title='bbox 3410 1219 3480 1273; x_wconf 89' lang='lat' dir='ltr'><strong>Si</strong></span> <span class='ocrx_word' id='word_1_421' title='bbox 3505 1218 3804 1270; x_wconf 77' lang='lat' dir='ltr'><strong>revelante</strong></span> <span class='ocrx_word' id='word_1_422' title='bbox 3828 1216 3898 1268; x_wconf 77' lang='lat' dir='ltr'><strong>Fi-</strong></span> 
     </span>
    </p>
   </div>
   <div class='ocr_carea' id='block_1_57' title="bbox 2049 1307 3899 1395">
    <p class='ocr_par' dir='ltr' id='par_1_57' title="bbox 2049 1307 3899 1395">
     <span class='ocr_line' id='line_1_58' title="bbox 2049 1307 3899 1395; baseline -0.013 -14"><span class='ocrx_word' id='word_1_423' title='bbox 2049 1318 2056 1322; x_wconf 61' lang='grc'><strong>’</strong></span> <span class='ocrx_word' id='word_1_424' title='bbox 2088 1327 2161 1381; x_wconf 82' lang='grc' dir='ltr'><strong>1ἱο</strong></span> <span class='ocrx_word' id='word_1_425' title='bbox 2189 1327 2474 1395; x_wconf 84' lang='lat' dir='ltr'><strong>cognoscit</strong></span> <span class='ocrx_word' id='word_1_426' title='bbox 2505 1320 2741 1376; x_wconf 85' lang='lat' dir='ltr'><strong>Patrem</strong></span> <span class='ocrx_word' id='word_1_427' title='bbox 2773 1317 3081 1388; x_wconf 84' lang='lat' dir='ltr'><strong>Spiritus</strong></span> <span class='ocrx_word' id='word_1_428' title='bbox 3123 1319 3460 1372; x_wconf 82' lang='lat' dir='ltr'><strong>sanctus,</strong></span> <span class='ocrx_word' id='word_1_429' title='bbox 3483 1321 3642 1377; x_wconf 87' lang='lat' dir='ltr'><strong>ergo</strong></span> <span class='ocrx_word' id='word_1_430' title='bbox 3673 1320 3742 1359; x_wconf 75' lang='lat' dir='ltr'><strong>ex</strong></span> <span class='ocrx_word' id='word_1_431' title='bbox 3770 1307 3899 1374; x_wconf 79' lang='lat' dir='ltr'><strong>igno-</strong></span> 
     </span>
    </p>
   </div>
   <div class='ocr_carea' id='block_1_58' title="bbox 2091 1398 3898 1474">
    <p class='ocr_par' dir='ltr' id='par_1_58' title="bbox 2091 1398 3898 1474">
     <span class='ocr_line' id='line_1_59' title="bbox 2091 1398 3898 1474; baseline -0.014 -2"><span class='ocrx_word' id='word_1_432' title='bbox 2091 1419 2273 1474; x_wconf 89' lang='lat' dir='ltr'><strong>rantia</strong></span> <span class='ocrx_word' id='word_1_433' title='bbox 2308 1419 2373 1469; x_wconf 90' lang='lat' dir='ltr'><strong>ad</strong></span> <span class='ocrx_word' id='word_1_434' title='bbox 2417 1414 2722 1468; x_wconf 87' lang='lat' dir='ltr'><strong>scientiam</strong></span> <span class='ocrx_word' id='word_1_435' title='bbox 2765 1411 2954 1462; x_wconf 86' lang='lat' dir='ltr'><strong>venit.</strong></span> <span class='ocrx_word' id='word_1_436' title='bbox 3003 1425 3020 1459; x_wconf 90' lang='lat'>:</span> <span class='ocrx_word' id='word_1_437' title='bbox 3055 1403 3259 1472; x_wconf 87' lang='lat' dir='ltr'><strong>quod</strong></span> <span class='ocrx_word' id='word_1_438' title='bbox 3306 1401 3546 1467; x_wconf 83' lang='lat' dir='ltr'><strong>utique</strong></span> <span class='ocrx_word' id='word_1_439' title='bbox 3592 1408 3656 1451; x_wconf 89' lang='lat' dir='ltr'><strong>et</strong></span> <span class='ocrx_word' id='word_1_440' title='bbox 3699 1398 3898 1464; x_wconf 86' lang='lat' dir='ltr'><strong>impium</strong></span> 
     </span>
    </p>
   </div>
   <div class='ocr_carea' id='block_1_59' title="bbox 2090 1489 3896 1578">
    <p class='ocr_par' dir='ltr' id='par_1_59' title="bbox 2090 1489 3896 1578">
     <span class='ocr_line' id='line_1_60' title="bbox 2090 1489 3896 1578; baseline -0.014 -17"><span class='ocrx_word' id='word_1_441' title='bbox 2090 1509 2297 1578; x_wconf 82' lang='lat' dir='ltr'><strong>pariter</strong></span> <span class='ocrx_word' id='word_1_442' title='bbox 2333 1515 2389 1559; x_wconf 89' lang='lat' dir='ltr'><strong>et</strong></span> <span class='ocrx_word' id='word_1_443' title='bbox 2436 1506 2675 1558; x_wconf 88' lang='lat' dir='ltr'><strong>stultum</strong></span> <span class='ocrx_word' id='word_1_444' title='bbox 2711 1513 2840 1562; x_wconf 90' lang='lat' dir='ltr'><strong>est,</strong></span> <span class='ocrx_word' id='word_1_445' title='bbox 2892 1497 3261 1570; x_wconf 83' lang='lat' dir='ltr'><strong>Spiritum</strong></span> <span class='ocrx_word' id='word_1_446' title='bbox 3308 1503 3617 1545; x_wconf 86' lang='lat' dir='ltr'><strong>sanctum</strong></span> <span class='ocrx_word' id='word_1_447' title='bbox 3650 1489 3896 1544; x_wconf 66' lang='lat' dir='ltr'><strong>conﬁteri,</strong></span> 
     </span>
    </p>
   </div>
   <div class='ocr_carea' id='block_1_60' title="bbox 2092 1578 3898 1667">
    <p class='ocr_par' dir='ltr' id='par_1_60' title="bbox 2092 1578 3898 1667">
     <span class='ocr_line' id='line_1_61' title="bbox 2092 1578 3898 1667; baseline -0.013 -17"><span class='ocrx_word' id='word_1_448' title='bbox 2092 1609 2146 1652; x_wconf 92' lang='lat' dir='ltr'><strong>et</strong></span> <span class='ocrx_word' id='word_1_449' title='bbox 2202 1596 2573 1667; x_wconf 79' lang='lat' dir='ltr'><strong>ignorantiam</strong></span> <span class='ocrx_word' id='word_1_450' title='bbox 2611 1594 2663 1645; x_wconf 92' lang='lat' dir='ltr'><strong>ei</strong></span> <span class='ocrx_word' id='word_1_451' title='bbox 2710 1578 3107 1644; x_wconf 58' lang='lat' dir='ltr'><strong>ascribere:</strong></span> <span class='ocrx_word' id='word_1_452' title='bbox 3155 1583 3319 1637; x_wconf 72' lang='lat' dir='ltr'><strong>Non</strong></span> <span class='ocrx_word' id='word_1_453' title='bbox 3375 1583 3560 1635; x_wconf 86' lang='lat' dir='ltr'><strong>enim</strong></span> <span class='ocrx_word' id='word_1_454' title='bbox 3606 1596 3739 1634; x_wconf 86' lang='lat' dir='ltr'><strong>cum</strong></span> <span class='ocrx_word' id='word_1_455' title='bbox 3782 1580 3898 1630; x_wconf 73' lang='lat' dir='ltr'><strong>aliud</strong></span> 
     </span>
    </p>
   </div>
   <div class='ocr_carea' id='block_1_61' title="bbox 2093 1670 3898 1754">
    <p class='ocr_par' dir='ltr' id='par_1_61' title="bbox 2093 1670 3898 1754">
     <span class='ocr_line' id='line_1_62' title="bbox 2093 1670 3898 1754; baseline -0.008 -18"><span class='ocrx_word' id='word_1_456' title='bbox 2093 1684 2297 1751; x_wconf 76' lang='lat' dir='ltr'><strong>aliquid</strong></span> <span class='ocrx_word' id='word_1_457' title='bbox 2328 1693 2479 1736; x_wconf 89' lang='lat' dir='ltr'><strong>esset</strong></span> <span class='ocrx_word' id='word_1_458' title='bbox 2518 1692 2848 1754; x_wconf 79' lang='lat' dir='ltr'><strong>antequam</strong></span> <span class='ocrx_word' id='word_1_459' title='bbox 2894 1673 3238 1743; x_wconf 84' lang='lat' dir='ltr'><strong>Spiritus</strong></span> <span class='ocrx_word' id='word_1_460' title='bbox 3273 1681 3580 1734; x_wconf 82' lang='lat' dir='ltr'><strong>sanctus,</strong></span> <span class='ocrx_word' id='word_1_461' title='bbox 3611 1684 3716 1738; x_wconf 83' lang='lat' dir='ltr'><strong>per</strong></span> <span class='ocrx_word' id='word_1_462' title='bbox 3745 1670 3898 1738; x_wconf 80' lang='lat' dir='ltr'><strong>prole-</strong></span> 
     </span>
    </p>
   </div>
   <div class='ocr_carea' id='block_1_62' title="bbox 2095 1763 3898 1833">
    <p class='ocr_par' dir='ltr' id='par_1_62' title="bbox 2095 1763 3898 1833">
     <span class='ocr_line' id='line_1_63' title="bbox 2095 1763 3898 1833; baseline -0.007 -7"><span class='ocrx_word' id='word_1_463' title='bbox 2095 1785 2242 1828; x_wconf 91' lang='lat' dir='ltr'><strong>etuiii</strong></span> <span class='ocrx_word' id='word_1_464' title='bbox 2295 1775 2448 1825; x_wconf 91' lang='lat' dir='ltr'><strong>venit</strong></span> <span class='ocrx_word' id='word_1_465' title='bbox 2492 1773 2546 1825; x_wconf 94' lang='lat' dir='ltr'><strong>in</strong></span> <span class='ocrx_word' id='word_1_466' title='bbox 2610 1773 2749 1833; x_wconf 90' lang='lat' dir='ltr'><strong>lioe,</strong></span> <span class='ocrx_word' id='word_1_467' title='bbox 2791 1779 2860 1821; x_wconf 90' lang='lat' dir='ltr'><strong>ut</strong></span> <span class='ocrx_word' id='word_1_468' title='bbox 2928 1779 3135 1820; x_wconf 81' lang='lat' dir='ltr'><strong>esset</strong></span> <span class='ocrx_word' id='word_1_469' title='bbox 3211 1763 3524 1830; x_wconf 84' lang='lat' dir='ltr'><strong>Spiritus</strong></span> <span class='ocrx_word' id='word_1_470' title='bbox 3564 1773 3898 1823; x_wconf 58' lang='lat' dir='ltr'><strong>Sanctusuit</strong></span> 
     </span>
    </p>
   </div>
   <div class='ocr_carea' id='block_1_63' title="bbox 2095 1855 3894 1934">
    <p class='ocr_par' dir='ltr' id='par_1_63' title="bbox 2095 1855 3894 1934">
     <span class='ocr_line' id='line_1_64' title="bbox 2095 1855 3894 1934; baseline -0.006 -18"><span class='ocrx_word' id='word_1_471' title='bbox 2095 1870 2216 1934; x_wconf 83' lang='lat' dir='ltr'><strong>quis</strong></span> <span class='ocrx_word' id='word_1_472' title='bbox 2239 1865 2440 1918; x_wconf 84' lang='lat' dir='ltr'><strong>audeat</strong></span> <span class='ocrx_word' id='word_1_473' title='bbox 2468 1855 2664 1916; x_wconf 87' lang='lat' dir='ltr'><strong>dicere</strong></span> <span class='ocrx_word' id='word_1_474' title='bbox 2709 1863 2860 1930; x_wconf 83' lang='lat' dir='ltr'><strong>quia</strong></span> <span class='ocrx_word' id='word_1_475' title='bbox 2929 1871 3117 1913; x_wconf 90' lang='lat' dir='ltr'><strong>tunc</strong></span> <span class='ocrx_word' id='word_1_476' title='bbox 3164 1858 3464 1926; x_wconf 80' lang='lat' dir='ltr'><strong>quidem</strong></span> <span class='ocrx_word' id='word_1_477' title='bbox 3495 1872 3638 1907; x_wconf 89' lang='lat' dir='ltr'><strong>cum</strong></span> <span class='ocrx_word' id='word_1_478' title='bbox 3687 1856 3894 1908; x_wconf 72' lang='lat' dir='ltr'><strong>ItOlItltlﬂl</strong></span> 
     </span>
    </p>
   </div>
   <div class='ocr_carea' id='block_1_64' title="bbox 2095 1947 3894 2022">
    <p class='ocr_par' dir='ltr' id='par_1_64' title="bbox 2095 1947 3894 2022">
     <span class='ocr_line' id='line_1_65' title="bbox 2095 1947 3894 2022; baseline -0.007 -13"><span class='ocrx_word' id='word_1_479' title='bbox 2095 1967 2235 2009; x_wconf 85' lang='lat' dir='ltr'><strong>esset</strong></span> <span class='ocrx_word' id='word_1_480' title='bbox 2291 1953 2534 2022; x_wconf 85' lang='lat' dir='ltr'><strong>Spiritus</strong></span> <span class='ocrx_word' id='word_1_481' title='bbox 2593 1963 2873 2013; x_wconf 84' lang='lat' dir='ltr'><strong>sanctus,</strong></span> <span class='ocrx_word' id='word_1_482' title='bbox 2907 1949 3327 2021; x_wconf 82' lang='lat' dir='ltr'><strong>ignorabat</strong></span> <span class='ocrx_word' id='word_1_483' title='bbox 3398 1947 3661 2000; x_wconf 82' lang='lat' dir='ltr'><strong>Patrem</strong></span> <span class='ocrx_word' id='word_1_484' title='bbox 3694 1964 3709 1998; x_wconf 91' lang='lat'><strong>:</strong></span> <span class='ocrx_word' id='word_1_485' title='bbox 3742 1959 3894 2015; x_wconf 69' lang='lat' dir='ltr'><strong>postea</strong></span> 
     </span>
    </p>
   </div>
   <div class='ocr_carea' id='block_1_65' title="bbox 2094 2039 3898 2113">
    <p class='ocr_par' dir='ltr' id='par_1_65' title="bbox 2094 2039 3898 2113">
     <span class='ocr_line' id='line_1_66' title="bbox 2094 2039 3898 2113; baseline -0.007 -14"><span class='ocrx_word' id='word_1_486' title='bbox 2094 2063 2222 2099; x_wconf 85' lang='lat' dir='ltr'><strong>vero</strong></span> <span class='ocrx_word' id='word_1_487' title='bbox 2247 2061 2406 2113; x_wconf 90' lang='lat' dir='ltr'><strong>quam</strong></span> <span class='ocrx_word' id='word_1_488' title='bbox 2447 2043 2663 2111; x_wconf 68' lang='lat' dir='ltr'><strong>recepit</strong></span> <span class='ocrx_word' id='word_1_489' title='bbox 2689 2045 2867 2096; x_wconf 88' lang='lat' dir='ltr'><strong>scien</strong></span> <span class='ocrx_word' id='word_1_490' title='bbox 2883 2044 3108 2106; x_wconf 77' lang='lat' dir='ltr'><strong>tiam,</strong></span> <span class='ocrx_word' id='word_1_491' title='bbox 3127 2041 3365 2093; x_wconf 83' lang='lat' dir='ltr'><strong>etiam</strong></span> <span class='ocrx_word' id='word_1_492' title='bbox 3409 2039 3687 2108; x_wconf 79' lang='lat' dir='ltr'><strong>Spiritus</strong></span> <span class='ocrx_word' id='word_1_493' title='bbox 3709 2053 3898 2091; x_wconf 68' lang='lat' dir='ltr'><strong>sanctus</strong></span> 
     </span>
    </p>
   </div>
   <div class='ocr_carea' id='block_1_66' title="bbox 2096 2127 3900 2197">
    <p class='ocr_par' dir='ltr' id='par_1_66' title="bbox 2096 2127 3900 2197">
     <span class='ocr_line' id='line_1_67' title="bbox 2096 2127 3900 2197; baseline -0.008 -10"><span class='ocrx_word' id='word_1_494' title='bbox 2096 2133 2317 2187; x_wconf 82' lang='lat' dir='ltr'><strong>ell&#39;ectus</strong></span> <span class='ocrx_word' id='word_1_495' title='bbox 2343 2141 2450 2184; x_wconf 91' lang='lat' dir='ltr'><strong>est.</strong></span> <span class='ocrx_word' id='word_1_496' title='bbox 2491 2130 2655 2196; x_wconf 87' lang='lat' dir='ltr'><strong>Quod</strong></span> <span class='ocrx_word' id='word_1_497' title='bbox 2687 2129 2738 2183; x_wconf 89' lang='lat' dir='ltr'><strong>si</strong></span> <span class='ocrx_word' id='word_1_498' title='bbox 2789 2137 3017 2191; x_wconf 84' lang='lat' dir='ltr'><strong>esset,</strong></span> <span class='ocrx_word' id='word_1_499' title='bbox 3063 2143 3451 2197; x_wconf 78' lang='lat' dir='ltr'><strong>nunquam</strong></span> <span class='ocrx_word' id='word_1_500' title='bbox 3492 2127 3703 2194; x_wconf 82' lang='lat' dir='ltr'><strong>utique</strong></span> <span class='ocrx_word' id='word_1_501' title='bbox 3729 2127 3775 2176; x_wconf 91' lang='lat' dir='ltr'><strong>in</strong></span> <span class='ocrx_word' id='word_1_502' title='bbox 3802 2141 3900 2174; x_wconf 85' lang='lat' dir='ltr'><strong>uiu-</strong></span> 
     </span>
    </p>
   </div>
   <div class='ocr_carea' id='block_1_67' title="bbox 2099 2215 3903 2283">
    <p class='ocr_par' dir='ltr' id='par_1_67' title="bbox 2099 2215 3903 2283">
     <span class='ocr_line' id='line_1_68' title="bbox 2099 2215 3903 2283; baseline -0.006 -9"><span class='ocrx_word' id='word_1_503' title='bbox 2099 2232 2207 2274; x_wconf 87' lang='lat' dir='ltr'><strong>tate</strong></span> <span class='ocrx_word' id='word_1_504' title='bbox 2240 2219 2555 2283; x_wconf 89' lang='lat' dir='ltr'><strong>Trinitatis,</strong></span> <span class='ocrx_word' id='word_1_505' title='bbox 2595 2220 2648 2270; x_wconf 90' lang='lat' dir='ltr'><strong>id</strong></span> <span class='ocrx_word' id='word_1_506' title='bbox 2687 2228 2783 2271; x_wconf 89' lang='lat' dir='ltr'><strong>est</strong></span> <span class='ocrx_word' id='word_1_507' title='bbox 2834 2216 2965 2270; x_wconf 87' lang='lat' dir='ltr'><strong>Dei</strong></span> <span class='ocrx_word' id='word_1_508' title='bbox 3025 2216 3296 2270; x_wconf 80' lang='lat' dir='ltr'><strong>Patris</strong></span> <span class='ocrx_word' id='word_1_509' title='bbox 3349 2215 3903 2278; x_wconf 78' lang='lat' dir='ltr'><strong>iiieonvertibilis,et</strong></span> 
     </span>
    </p>
   </div>
   <div class='ocr_carea' id='block_1_68' title="bbox 2095 2304 3901 2376">
    <p class='ocr_par' dir='ltr' id='par_1_68' title="bbox 2095 2304 3901 2376">
     <span class='ocr_line' id='line_1_69' title="bbox 2095 2304 3901 2376; baseline -0.005 -13"><span class='ocrx_word' id='word_1_510' title='bbox 2095 2311 2215 2364; x_wconf 87' lang='lat' dir='ltr'><strong>Filii</strong></span> <span class='ocrx_word' id='word_1_511' title='bbox 2239 2311 2354 2376; x_wconf 82' lang='lat' dir='ltr'><strong>ejus</strong></span> <span class='ocrx_word' id='word_1_512' title='bbox 2383 2310 2550 2362; x_wconf 88' lang='lat' dir='ltr'><strong>etiam</strong></span> <span class='ocrx_word' id='word_1_513' title='bbox 2581 2308 2704 2376; x_wconf 88' lang='lat' dir='ltr'><strong>ipse</strong></span> <span class='ocrx_word' id='word_1_514' title='bbox 2735 2307 3049 2374; x_wconf 86' lang='lat' dir='ltr'><strong>Spiritus</strong></span> <span class='ocrx_word' id='word_1_515' title='bbox 3094 2317 3420 2362; x_wconf 85' lang='lat' dir='ltr'><strong>sanctus</strong></span> <span class='ocrx_word' id='word_1_516' title='bbox 3459 2307 3791 2366; x_wconf 87' lang='lat' dir='ltr'><strong>haberetur,</strong></span> <span class='ocrx_word' id='word_1_517' title='bbox 3814 2304 3901 2356; x_wconf 65' lang='grc' dir='ltr'><strong>υἱεῖ</strong></span> 
     </span>
    </p>
   </div>
   <div class='ocr_carea' id='block_1_69' title="bbox 2098 2395 3902 2470">
    <p class='ocr_par' dir='ltr' id='par_1_69' title="bbox 2098 2395 3902 2470">
     <span class='ocr_line' id='line_1_70' title="bbox 2098 2395 3902 2470; baseline -0.004 -17"><span class='ocrx_word' id='word_1_518' title='bbox 2098 2403 2223 2470; x_wconf 86' lang='lat' dir='ltr'><strong>quia</strong></span> <span class='ocrx_word' id='word_1_519' title='bbox 2253 2412 2306 2453; x_wconf 90' lang='lat' dir='ltr'><strong>et</strong></span> <span class='ocrx_word' id='word_1_520' title='bbox 2340 2401 2454 2467; x_wconf 91' lang='lat' dir='ltr'><strong>ipse</strong></span> <span class='ocrx_word' id='word_1_521' title='bbox 2489 2415 2720 2468; x_wconf 88' lang='lat' dir='ltr'><strong>semper</strong></span> <span class='ocrx_word' id='word_1_522' title='bbox 2750 2408 2900 2450; x_wconf 87' lang='lat' dir='ltr'><strong>erat</strong></span> <span class='ocrx_word' id='word_1_523' title='bbox 2956 2398 3319 2466; x_wconf 86' lang='lat' dir='ltr'><strong>Spiritus</strong></span> <span class='ocrx_word' id='word_1_524' title='bbox 3355 2409 3638 2452; x_wconf 81' lang='lat' dir='ltr'><strong>sanctus.</strong></span> <span class='ocrx_word' id='word_1_525' title='bbox 3669 2415 3688 2448; x_wconf 72' lang='grc' dir='ltr'>δ</span> <span class='ocrx_word' id='word_1_526' title='bbox 3719 2395 3796 2447; x_wconf 86' lang='lat' dir='ltr'><strong>De</strong></span> <span class='ocrx_word' id='word_1_527' title='bbox 3828 2395 3902 2446; x_wconf 64' lang='lat' dir='ltr'><strong>Fio</strong></span> 
     </span>
    </p>
   </div>
   <div class='ocr_carea' id='block_1_70' title="bbox 2099 2484 3902 2558">
    <p class='ocr_par' dir='ltr' id='par_1_70' title="bbox 2099 2484 3902 2558">
     <span class='ocr_line' id='line_1_71' title="bbox 2099 2484 3902 2558; baseline -0.006 -14"><span class='ocrx_word' id='word_1_528' title='bbox 2099 2492 2168 2545; x_wconf 91' lang='lat' dir='ltr'><strong>lio</strong></span> <span class='ocrx_word' id='word_1_529' title='bbox 2194 2507 2318 2544; x_wconf 91' lang='lat' dir='ltr'><strong>vero</strong></span> <span class='ocrx_word' id='word_1_530' title='bbox 2346 2491 2438 2544; x_wconf 87' lang='lat' dir='ltr'><strong>Dei</strong></span> <span class='ocrx_word' id='word_1_531' title='bbox 2469 2491 2553 2543; x_wconf 88' lang='lat' dir='ltr'><strong>sic</strong></span> <span class='ocrx_word' id='word_1_532' title='bbox 2581 2491 2793 2543; x_wconf 89' lang='lat' dir='ltr'><strong>scribit</strong></span> <span class='ocrx_word' id='word_1_533' title='bbox 2825 2489 3214 2556; x_wconf 83' lang='lat' dir='ltr'><strong>Origenes</strong></span> <span class='ocrx_word' id='word_1_534' title='bbox 3267 2491 3337 2542; x_wconf 93' lang='lat' dir='ltr'><strong>in</strong></span> <span class='ocrx_word' id='word_1_535' title='bbox 3386 2490 3594 2558; x_wconf 87' lang='lat' dir='ltr'><strong>primo</strong></span> <span class='ocrx_word' id='word_1_536' title='bbox 3631 2487 3770 2540; x_wconf 80' lang='lat' dir='ltr'><strong>libro</strong></span> <span class='ocrx_word' id='word_1_537' title='bbox 3794 2484 3902 2553; x_wconf 71' lang='grc' dir='ltr'><strong>Ερὶ-</strong></span> 
     </span>
    </p>
   </div>
   <div class='ocr_carea' id='block_1_71' title="bbox 2097 2581 3902 2653">
    <p class='ocr_par' dir='ltr' id='par_1_71' title="bbox 2097 2581 3902 2653">
     <span class='ocr_line' id='line_1_72' title="bbox 2097 2581 3902 2653; baseline -0.003 -18"><span class='ocrx_word' id='word_1_538' title='bbox 2097 2583 2247 2635; x_wconf 73' lang='lat' dir='ltr'><strong>stula:</strong></span> <span class='ocrx_word' id='word_1_539' title='bbox 2292 2586 2360 2634; x_wconf 84' lang='lat' dir='ltr'><strong>ad</strong></span> <span class='ocrx_word' id='word_1_540' title='bbox 2415 2581 2722 2646; x_wconf 77' lang='lat' dir='ltr'><strong>Romanos,</strong></span> <span class='ocrx_word' id='word_1_541' title='bbox 2783 2597 2985 2638; x_wconf 84' lang='lat' dir='ltr'><strong>num.</strong></span> <span class='ocrx_word' id='word_1_542' title='bbox 3068 2581 3149 2647; x_wconf 78' lang='lat'><strong>5,</strong></span> <span class='ocrx_word' id='word_1_543' title='bbox 3235 2599 3310 2653; x_wconf 86' lang='lat' dir='ltr'><strong>p.</strong></span> <span class='ocrx_word' id='word_1_544' title='bbox 3351 2583 3513 2646; x_wconf 70' lang='lat'><strong>466,</strong></span> <span class='ocrx_word' id='word_1_545' title='bbox 3561 2583 3902 2642; x_wconf 81' lang='lat' dir='ltr'><strong>not.,citaotc</strong></span> 
     </span>
    </p>
   </div>
   <div class='ocr_carea' id='block_1_72' title="bbox 2097 2671 3646 2744">
    <p class='ocr_par' dir='ltr' id='par_1_72' title="bbox 2097 2671 3646 2744">
     <span class='ocr_line' id='line_1_73' title="bbox 2097 2671 3646 2744; baseline -0.001 -19"><span class='ocrx_word' id='word_1_546' title='bbox 2097 2671 2377 2738; x_wconf 88' lang='lat' dir='ltr'><strong>Pamphilo</strong></span> <span class='ocrx_word' id='word_1_547' title='bbox 2440 2671 2673 2739; x_wconf 83' lang='lat' dir='ltr'><strong>Apolog.</strong></span> <span class='ocrx_word' id='word_1_548' title='bbox 2731 2687 2884 2739; x_wconf 87' lang='lat' dir='ltr'><strong>cap.</strong></span> <span class='ocrx_word' id='word_1_549' title='bbox 2933 2672 3007 2738; x_wconf 82' lang='lat'><strong>5,</strong></span> <span class='ocrx_word' id='word_1_550' title='bbox 3075 2689 3268 2744; x_wconf 82' lang='lat' dir='ltr'><strong>pag.</strong></span> <span class='ocrx_word' id='word_1_551' title='bbox 3319 2675 3459 2728; x_wconf 69' lang='grc' dir='ltr'><strong>ὅδε</strong></span> <span class='ocrx_word' id='word_1_552' title='bbox 3502 2692 3525 2724; x_wconf 70' lang='grc' dir='ltr'><strong>α</strong></span> <span class='ocrx_word' id='word_1_553' title='bbox 3565 2673 3646 2740; x_wconf 90' lang='lat' dir='ltr'><strong>Qu</strong></span> 
     </span>
    </p>
   </div>
   <div class='ocr_carea' id='block_1_73' title="bbox 2346 2671 3895 2744">
    <p class='ocr_par' dir='ltr' id='par_1_73' title="bbox 2347 2671 3895 2744">
     <span class='ocr_line' id='line_1_74' title="bbox 2347 2671 3895 2744; baseline 0.001 -20"><span class='ocrx_word' id='word_1_554' title='bbox 2347 2686 2377 2724; x_wconf 94' lang='grc' dir='ltr'><strong>ο</strong></span> <span class='ocrx_word' id='word_1_555' title='bbox 2440 2671 2673 2739; x_wconf 84' lang='lat' dir='ltr'><strong>Apolog.</strong></span> <span class='ocrx_word' id='word_1_556' title='bbox 2731 2687 2884 2739; x_wconf 88' lang='lat' dir='ltr'><strong>cap.</strong></span> <span class='ocrx_word' id='word_1_557' title='bbox 2933 2672 3007 2738; x_wconf 81' lang='lat'><strong>5,</strong></span> <span class='ocrx_word' id='word_1_558' title='bbox 3075 2689 3268 2744; x_wconf 81' lang='lat' dir='ltr'><strong>pag.</strong></span> <span class='ocrx_word' id='word_1_559' title='bbox 3319 2675 3459 2728; x_wconf 69' lang='grc' dir='ltr'><strong>ὅδε</strong></span> <span class='ocrx_word' id='word_1_560' title='bbox 3502 2692 3525 2724; x_wconf 72' lang='grc' dir='ltr'><strong>α</strong></span> <span class='ocrx_word' id='word_1_561' title='bbox 3565 2673 3786 2740; x_wconf 62' lang='grc' dir='ltr'><strong>ρυεεηι</strong></span> <span class='ocrx_word' id='word_1_562' title='bbox 3815 2671 3895 2725; x_wconf 80' lang='lat' dir='ltr'><strong>lor-</strong></span> 
     </span>
    </p>
   </div>
   <div class='ocr_carea' id='block_1_74' title="bbox 2101 2761 3893 2835">
    <p class='ocr_par' dir='ltr' id='par_1_74' title="bbox 2101 2761 3893 2835">
     <span class='ocr_line' id='line_1_75' title="bbox 2101 2761 3893 2835; baseline -0.001 -20"><span class='ocrx_word' id='word_1_563' title='bbox 2101 2773 2241 2816; x_wconf 87' lang='lat' dir='ltr'><strong>tasse</strong></span> <span class='ocrx_word' id='word_1_564' title='bbox 2275 2761 2492 2829; x_wconf 86' lang='lat' dir='ltr'><strong>aliquis,</strong></span> <span class='ocrx_word' id='word_1_565' title='bbox 2521 2762 2567 2814; x_wconf 89' lang='lat' dir='ltr'><strong>si</strong></span> <span class='ocrx_word' id='word_1_566' title='bbox 2602 2761 2796 2814; x_wconf 88' lang='lat' dir='ltr'><strong>Filius</strong></span> <span class='ocrx_word' id='word_1_567' title='bbox 2839 2763 2971 2816; x_wconf 83' lang='lat' dir='ltr'><strong>cita</strong></span> <span class='ocrx_word' id='word_1_568' title='bbox 2987 2764 3193 2817; x_wconf 71' lang='lat' dir='ltr'><strong>rita‘s</strong></span> <span class='ocrx_word' id='word_1_569' title='bbox 3264 2775 3378 2819; x_wconf 72' lang='grc' dir='ltr'><strong>εει</strong></span> <span class='ocrx_word' id='word_1_570' title='bbox 3410 2783 3430 2828; x_wconf 85' lang='lat'><strong>;</strong></span> <span class='ocrx_word' id='word_1_571' title='bbox 3471 2767 3766 2835; x_wconf 63' lang='lat' dir='ltr'><strong>prmeipue</strong></span> <span class='ocrx_word' id='word_1_572' title='bbox 3800 2778 3893 2832; x_wconf 81' lang='lat' dir='ltr'><strong>pro-</strong></span> 
     </span>
    </p>
   </div>
   <div class='ocr_carea' id='block_1_75' title="bbox 2099 2851 3895 2922">
    <p class='ocr_par' dir='ltr' id='par_1_75' title="bbox 2099 2851 3895 2922">
     <span class='ocr_line' id='line_1_76' title="bbox 2099 2851 3895 2922; baseline -0.001 -16"><span class='ocrx_word' id='word_1_573' title='bbox 2099 2865 2219 2922; x_wconf 89' lang='lat' dir='ltr'><strong>pter</strong></span> <span class='ocrx_word' id='word_1_574' title='bbox 2247 2853 2350 2907; x_wconf 89' lang='lat' dir='ltr'><strong>hoc</strong></span> <span class='ocrx_word' id='word_1_575' title='bbox 2374 2855 2517 2920; x_wconf 84' lang='lat' dir='ltr'><strong>quod</strong></span> <span class='ocrx_word' id='word_1_576' title='bbox 2545 2851 2817 2905; x_wconf 77' lang='lat' dir='ltr'><strong>Joannes</strong></span> <span class='ocrx_word' id='word_1_577' title='bbox 2844 2856 2931 2906; x_wconf 82' lang='lat' dir='ltr'><strong>ad</strong></span> <span class='ocrx_word' id='word_1_578' title='bbox 2969 2853 3229 2911; x_wconf 81' lang='lat' dir='ltr'><strong>Deum</strong></span> <span class='ocrx_word' id='word_1_579' title='bbox 3268 2857 3536 2912; x_wconf 83' lang='lat' dir='ltr'><strong>Patrem</strong></span> <span class='ocrx_word' id='word_1_580' title='bbox 3574 2857 3761 2911; x_wconf 85' lang='lat' dir='ltr'><strong>retulit</strong></span> <span class='ocrx_word' id='word_1_581' title='bbox 3789 2857 3895 2909; x_wconf 75' lang='lat' dir='ltr'><strong>hanc</strong></span> 
     </span>
    </p>
   </div>
   <div class='ocr_carea' id='block_1_76' title="bbox 2100 2939 3894 3004">
    <p class='ocr_par' dir='ltr' id='par_1_76' title="bbox 2100 2939 3894 3004">
     <span class='ocr_line' id='line_1_77' title="bbox 2100 2939 3894 3004; baseline 0.001 -14"><span class='ocrx_word' id='word_1_582' title='bbox 2100 2955 2284 2994; x_wconf 84' lang='lat' dir='ltr'><strong>vocem</strong></span> <span class='ocrx_word' id='word_1_583' title='bbox 2315 2941 2526 3003; x_wconf 84' lang='lat' dir='ltr'><strong>dicens,</strong></span> <span class='ocrx_word' id='word_1_584' title='bbox 2561 2939 2710 3004; x_wconf 87' lang='lat' dir='ltr'><strong>Quia</strong></span> <span class='ocrx_word' id='word_1_585' title='bbox 2750 2940 2936 2994; x_wconf 81' lang='lat' dir='ltr'><strong>Deus</strong></span> <span class='ocrx_word' id='word_1_586' title='bbox 2975 2945 3322 2999; x_wconf 71' lang='lat' dir='ltr'><strong>Charitas</strong></span> <span class='ocrx_word' id='word_1_587' title='bbox 3357 2947 3684 3001; x_wconf 77' lang='lat' dir='ltr'><strong>est&quot;.Sed</strong></span> <span class='ocrx_word' id='word_1_588' title='bbox 3717 2961 3894 2998; x_wconf 73' lang='lat' dir='ltr'><strong>rursum</strong></span> 
     </span>
    </p>
   </div>
   <div class='ocr_carea' id='block_1_77' title="bbox 2101 3031 3895 3106">
    <p class='ocr_par' dir='ltr' id='par_1_77' title="bbox 2101 3031 3895 3106">
     <span class='ocr_line' id='line_1_78' title="bbox 2101 3031 3895 3106; baseline 0.006 -22"><span class='ocrx_word' id='word_1_589' title='bbox 2101 3046 2165 3084; x_wconf 71' lang='lat' dir='ltr'><strong>ex</strong></span> <span class='ocrx_word' id='word_1_590' title='bbox 2209 3031 2459 3099; x_wconf 84' lang='lat' dir='ltr'><strong>ipsaejus</strong></span> <span class='ocrx_word' id='word_1_591' title='bbox 2509 3031 2780 3100; x_wconf 74' lang='lat' dir='ltr'><strong>Epistula</strong></span> <span class='ocrx_word' id='word_1_592' title='bbox 2826 3036 3320 3101; x_wconf 79' lang='lat' dir='ltr'><strong>prol&#39;eretnus</strong></span> <span class='ocrx_word' id='word_1_593' title='bbox 3361 3050 3429 3092; x_wconf 89' lang='lat' dir='ltr'><strong>et</strong></span> <span class='ocrx_word' id='word_1_594' title='bbox 3477 3038 3627 3092; x_wconf 88' lang='lat' dir='ltr'><strong>illud</strong></span> <span class='ocrx_word' id='word_1_595' title='bbox 3657 3038 3796 3106; x_wconf 84' lang='lat' dir='ltr'><strong>quod</strong></span> <span class='ocrx_word' id='word_1_596' title='bbox 3825 3036 3895 3094; x_wconf 77' lang='lat' dir='ltr'><strong>ait.</strong></span> 
     </span>
    </p>
   </div>
   <div class='ocr_carea' id='block_1_78' title="bbox 2102 3122 3896 3199">
    <p class='ocr_par' dir='ltr' id='par_1_78' title="bbox 2102 3122 3896 3199">
     <span class='ocr_line' id='line_1_79' title="bbox 2102 3122 3896 3199; baseline -0.001 -24"><span class='ocrx_word' id='word_1_597' title='bbox 2102 3122 2430 3186; x_wconf 80' lang='lat' dir='ltr'><strong>Charissimi,</strong></span> <span class='ocrx_word' id='word_1_598' title='bbox 2466 3123 2783 3190; x_wconf 78' lang='lat' dir='ltr'><strong>diligamus</strong></span> <span class='ocrx_word' id='word_1_599' title='bbox 2842 3125 3194 3193; x_wconf 76' lang='lat' dir='ltr'><strong>iiwicein,</strong></span> <span class='ocrx_word' id='word_1_600' title='bbox 3237 3132 3549 3199; x_wconf 75' lang='lat' dir='ltr'><strong>quoniam</strong></span> <span class='ocrx_word' id='word_1_601' title='bbox 3588 3132 3823 3182; x_wconf 57' lang='lat' dir='ltr'><strong>Charitas</strong></span> <span class='ocrx_word' id='word_1_602' title='bbox 3854 3143 3896 3178; x_wconf 66' lang='grc' dir='ltr'><em>ει</em></span> 
     </span>
    </p>
   </div>
   <div class='ocr_carea' id='block_1_79' title="bbox 2103 3212 3652 3287">
    <p class='ocr_par' dir='ltr' id='par_1_79' title="bbox 2103 3212 3633 3283">
     <span class='ocr_line' id='line_1_80' title="bbox 2103 3212 3633 3283; baseline 0.005 -16"><span class='ocrx_word' id='word_1_603' title='bbox 2103 3213 2208 3267; x_wconf 82' lang='lat' dir='ltr'><strong>Deo</strong></span> <span class='ocrx_word' id='word_1_604' title='bbox 2235 3215 2302 3266; x_wconf 85' lang='grc'><strong>⁷¹.</strong></span> <span class='ocrx_word' id='word_1_605' title='bbox 2337 3212 2436 3278; x_wconf 87' lang='lat' dir='ltr'><strong>Qui</strong></span> <span class='ocrx_word' id='word_1_606' title='bbox 2465 3228 2599 3282; x_wconf 83' lang='lat' dir='ltr'><strong>ergo</strong></span> <span class='ocrx_word' id='word_1_607' title='bbox 2631 3213 2822 3276; x_wconf 84' lang='lat' dir='ltr'><strong>dixit,</strong></span> <span class='ocrx_word' id='word_1_608' title='bbox 2866 3217 3047 3283; x_wconf 84' lang='lat' dir='ltr'><strong>quia</strong></span> <span class='ocrx_word' id='word_1_609' title='bbox 3101 3219 3306 3274; x_wconf 76' lang='lat' dir='ltr'><strong>Deus</strong></span> <span class='ocrx_word' id='word_1_610' title='bbox 3363 3223 3633 3275; x_wconf 72' lang='lat' dir='ltr'><strong>Charitas</strong></span> 
     </span>
    </p>
   </div>
   <div class='ocr_carea' id='block_1_80' title="bbox 2347 3212 3896 3287">
    <p class='ocr_par' dir='ltr' id='par_1_80' title="bbox 2347 3212 3896 3287">
     <span class='ocr_line' id='line_1_81' title="bbox 2347 3212 3896 3287; baseline -0.003 -9"><span class='ocrx_word' id='word_1_611' title='bbox 2347 3212 2436 3278; x_wconf 72' lang='lat' dir='ltr'><strong>QUi</strong></span> <span class='ocrx_word' id='word_1_612' title='bbox 2465 3228 2599 3282; x_wconf 76' lang='lat' dir='ltr'><strong>ergo</strong></span> <span class='ocrx_word' id='word_1_613' title='bbox 2631 3213 2822 3276; x_wconf 70' lang='lat' dir='ltr'><strong>diXil.</strong></span> <span class='ocrx_word' id='word_1_614' title='bbox 2866 3217 3047 3283; x_wconf 82' lang='lat' dir='ltr'><strong>quia</strong></span> <span class='ocrx_word' id='word_1_615' title='bbox 3101 3219 3306 3274; x_wconf 76' lang='lat' dir='ltr'><strong>Deus</strong></span> <span class='ocrx_word' id='word_1_616' title='bbox 3363 3223 3633 3275; x_wconf 73' lang='lat' dir='ltr'><strong>Charitas</strong></span> <span class='ocrx_word' id='word_1_617' title='bbox 3672 3231 3787 3282; x_wconf 74' lang='lat' dir='ltr'><strong>est,</strong></span> <span class='ocrx_word' id='word_1_618' title='bbox 3815 3223 3896 3287; x_wconf 81' lang='lat' dir='ltr'><strong>ipse</strong></span> 
     </span>
    </p>
   </div>
   <div class='ocr_carea' id='block_1_81' title="bbox 2100 3305 3897 3382">
    <p class='ocr_par' dir='ltr' id='par_1_81' title="bbox 2100 3305 3897 3382">
     <span class='ocr_line' id='line_1_82' title="bbox 2100 3305 3897 3382; baseline -0.007 -22"><span class='ocrx_word' id='word_1_619' title='bbox 2100 3306 2292 3360; x_wconf 88' lang='lat' dir='ltr'><strong>iterum</strong></span> <span class='ocrx_word' id='word_1_620' title='bbox 2323 3305 2474 3357; x_wconf 90' lang='lat' dir='ltr'><strong>docet</strong></span> <span class='ocrx_word' id='word_1_621' title='bbox 2510 3305 2888 3357; x_wconf 87' lang='lat' dir='ltr'><strong>cbaritatem</strong></span> <span class='ocrx_word' id='word_1_622' title='bbox 2935 3323 3110 3363; x_wconf 88' lang='lat' dir='ltr'><strong>esse</strong></span> <span class='ocrx_word' id='word_1_623' title='bbox 3175 3327 3280 3367; x_wconf 81' lang='lat' dir='ltr'><strong>ex</strong></span> <span class='ocrx_word' id='word_1_624' title='bbox 3315 3313 3449 3368; x_wconf 87' lang='lat' dir='ltr'><strong>Deo</strong></span> <span class='ocrx_word' id='word_1_625' title='bbox 3485 3332 3502 3366; x_wconf 88' lang='lat'><strong>:</strong></span> <span class='ocrx_word' id='word_1_626' title='bbox 3543 3329 3722 3382; x_wconf 80' lang='lat' dir='ltr'><strong>quam</strong></span> <span class='ocrx_word' id='word_1_627' title='bbox 3753 3311 3897 3366; x_wconf 66' lang='grc' dir='ltr'><strong>ειητί.</strong></span> 
     </span>
    </p>
   </div>
   <div class='ocr_carea' id='block_1_82' title="bbox 2101 3394 3900 3476">
    <p class='ocr_par' dir='ltr' id='par_1_82' title="bbox 2101 3394 3900 3476">
     <span class='ocr_line' id='line_1_83' title="bbox 2101 3394 3900 3476; baseline 0.002 -29"><span class='ocrx_word' id='word_1_628' title='bbox 2101 3405 2265 3447; x_wconf 87' lang='lat' dir='ltr'><strong>tatem</strong></span> <span class='ocrx_word' id='word_1_629' title='bbox 2292 3394 2587 3447; x_wconf 81' lang='lat' dir='ltr'><strong>eredouon</strong></span> <span class='ocrx_word' id='word_1_630' title='bbox 2626 3409 2767 3448; x_wconf 86' lang='lat' dir='ltr'><strong>esse</strong></span> <span class='ocrx_word' id='word_1_631' title='bbox 2797 3397 3018 3451; x_wconf 85' lang='lat' dir='ltr'><strong>alium</strong></span> <span class='ocrx_word' id='word_1_632' title='bbox 3070 3403 3233 3457; x_wconf 82' lang='lat' dir='ltr'><strong>nisi</strong></span> <span class='ocrx_word' id='word_1_633' title='bbox 3300 3407 3678 3476; x_wconf 79' lang='lat' dir='ltr'><strong>unigenitum</strong></span> <span class='ocrx_word' id='word_1_634' title='bbox 3728 3403 3900 3459; x_wconf 73' lang='lat' dir='ltr'><strong>Filium</strong></span> 
     </span>
    </p>
   </div>
   <div class='ocr_carea' id='block_1_83' title="bbox 2099 3482 3904 3558">
    <p class='ocr_par' dir='ltr' id='par_1_83' title="bbox 2099 3482 3904 3558">
     <span class='ocr_line' id='line_1_84' title="bbox 2099 3482 3904 3558; baseline 0.004 -24"><span class='ocrx_word' id='word_1_635' title='bbox 2099 3483 2215 3551; x_wconf 88' lang='lat' dir='ltr'><strong>ejus</strong></span> <span class='ocrx_word' id='word_1_636' title='bbox 2253 3482 2390 3535; x_wconf 88' lang='lat' dir='ltr'><strong>sicut</strong></span> <span class='ocrx_word' id='word_1_637' title='bbox 2420 3482 2588 3558; x_wconf 79' lang='lat' dir='ltr'><strong>Deum</strong></span> <span class='ocrx_word' id='word_1_638' title='bbox 2621 3495 2697 3533; x_wconf 79' lang='lat' dir='ltr'><strong>ex</strong></span> <span class='ocrx_word' id='word_1_639' title='bbox 2741 3483 2909 3547; x_wconf 79' lang='lat' dir='ltr'><strong>Deo.</strong></span> <span class='ocrx_word' id='word_1_640' title='bbox 2955 3487 3064 3541; x_wconf 84' lang='lat' dir='ltr'><strong>ita</strong></span> <span class='ocrx_word' id='word_1_641' title='bbox 3099 3492 3519 3548; x_wconf 84' lang='lat' dir='ltr'><strong>charitatem</strong></span> <span class='ocrx_word' id='word_1_642' title='bbox 3546 3508 3614 3550; x_wconf 75' lang='lat' dir='ltr'><strong>ex</strong></span> <span class='ocrx_word' id='word_1_643' title='bbox 3646 3493 3904 3547; x_wconf 72' lang='lat' dir='ltr'><strong>charitai:</strong></span> 
     </span>
    </p>
   </div>
   <div class='ocr_carea' id='block_1_84' title="bbox 2103 3568 3908 3654">
    <p class='ocr_par' dir='ltr' id='par_1_84' title="bbox 2103 3568 3908 3654">
     <span class='ocr_line' id='line_1_85' title="bbox 2103 3568 3908 3654; baseline 0.007 -30"><span class='ocrx_word' id='word_1_644' title='bbox 2103 3573 2460 3641; x_wconf 81' lang='lat' dir='ltr'><strong>progenitain.</strong></span> <span class='ocrx_word' id='word_1_645' title='bbox 2523 3589 2543 3620; x_wconf 66' lang='lat'><strong><em>9</em></strong></span> <span class='ocrx_word' id='word_1_646' title='bbox 2593 3568 2831 3625; x_wconf 82' lang='lat' dir='ltr'><strong>Deinde</strong></span> <span class='ocrx_word' id='word_1_647' title='bbox 2899 3589 2990 3629; x_wconf 77' lang='lat' dir='ltr'><strong>ex</strong></span> <span class='ocrx_word' id='word_1_648' title='bbox 3057 3579 3202 3635; x_wconf 89' lang='lat' dir='ltr'><strong>lib-</strong></span> <span class='ocrx_word' id='word_1_649' title='bbox 3276 3600 3319 3636; x_wconf 82' lang='lat' dir='ltr'><strong>v</strong></span> <span class='ocrx_word' id='word_1_650' title='bbox 3370 3586 3434 3637; x_wconf 84' lang='lat' dir='ltr'><strong>in</strong></span> <span class='ocrx_word' id='word_1_651' title='bbox 3495 3583 3716 3654; x_wconf 77' lang='lat' dir='ltr'><strong>Ecang.</strong></span> <span class='ocrx_word' id='word_1_652' title='bbox 3759 3581 3908 3637; x_wconf 64' lang='lat' dir='ltr'><strong>Joan-</strong></span> 
     </span>
    </p>
   </div>
   <div class='ocr_carea' id='block_1_85' title="bbox 2102 3659 3651 3744">
    <p class='ocr_par' dir='ltr' id='par_1_85' title="bbox 2102 3659 3651 3742">
     <span class='ocr_line' id='line_1_86' title="bbox 2102 3659 3651 3742; baseline 0.01 -28"><span class='ocrx_word' id='word_1_653' title='bbox 2102 3665 2180 3714; x_wconf 73' lang='lat' dir='ltr'><strong>nis</strong></span> <span class='ocrx_word' id='word_1_654' title='bbox 2205 3676 2223 3711; x_wconf 91' lang='lat'><strong><em>:</em></strong></span> <span class='ocrx_word' id='word_1_655' title='bbox 2265 3679 2283 3711; x_wconf 85' lang='grc'><em>‹</em></span> <span class='ocrx_word' id='word_1_656' title='bbox 2332 3659 2665 3728; x_wconf 85' lang='lat' dir='ltr'><strong>Unigeuitus</strong></span> <span class='ocrx_word' id='word_1_657' title='bbox 2701 3662 2914 3718; x_wconf 82' lang='lat' dir='ltr'><strong>Filius</strong></span> <span class='ocrx_word' id='word_1_658' title='bbox 2946 3667 3318 3728; x_wconf 82' lang='lat' dir='ltr'><strong>Salvator</strong></span> <span class='ocrx_word' id='word_1_659' title='bbox 3361 3685 3576 3730; x_wconf 89' lang='lat' dir='ltr'><strong>noster</strong></span> <span class='ocrx_word' id='word_1_660' title='bbox 3599 3716 3617 3742; x_wconf 86' lang='lat'><strong>,</strong></span> <span class='ocrx_word' id='word_1_661' title='bbox 3649 3699 3651 3718; x_wconf 80' lang='grc' dir='ltr'>ι</span> 
     </span>
    </p>
   </div>
   <div class='ocr_carea' id='block_1_86' title="bbox 2354 3659 3903 3744">
    <p class='ocr_par' dir='ltr' id='par_1_86' title="bbox 2354 3659 3903 3744">
     <span class='ocr_line' id='line_1_87' title="bbox 2354 3659 3903 3744; baseline 0.009 -30"><span class='ocrx_word' id='word_1_662' title='bbox 2354 3659 2665 3728; x_wconf 85' lang='lat' dir='ltr'><strong>Jnigeuitus</strong></span> <span class='ocrx_word' id='word_1_663' title='bbox 2701 3662 2914 3718; x_wconf 82' lang='lat' dir='ltr'><strong>Filius</strong></span> <span class='ocrx_word' id='word_1_664' title='bbox 2946 3667 3318 3728; x_wconf 82' lang='lat' dir='ltr'><strong>Salvator</strong></span> <span class='ocrx_word' id='word_1_665' title='bbox 3361 3685 3576 3730; x_wconf 90' lang='lat' dir='ltr'><strong>noster</strong></span> <span class='ocrx_word' id='word_1_666' title='bbox 3599 3716 3617 3742; x_wconf 89' lang='lat'><strong>,</strong></span> <span class='ocrx_word' id='word_1_667' title='bbox 3649 3677 3748 3744; x_wconf 88' lang='lat' dir='ltr'><strong>qui</strong></span> <span class='ocrx_word' id='word_1_668' title='bbox 3790 3677 3903 3728; x_wconf 77' lang='lat' dir='ltr'><strong>solus</strong></span> 
     </span>
    </p>
   </div>
   <div class='ocr_carea' id='block_1_87' title="bbox 2099 3751 3901 3835">
    <p class='ocr_par' dir='ltr' id='par_1_87' title="bbox 2099 3751 3901 3835">
     <span class='ocr_line' id='line_1_88' title="bbox 2099 3751 3901 3835; baseline 0.008 -29"><span class='ocrx_word' id='word_1_669' title='bbox 2099 3768 2167 3806; x_wconf 78' lang='lat' dir='ltr'><strong>ex</strong></span> <span class='ocrx_word' id='word_1_670' title='bbox 2205 3751 2359 3804; x_wconf 80' lang='lat' dir='ltr'><strong>l&#39;atre</strong></span> <span class='ocrx_word' id='word_1_671' title='bbox 2405 3762 2568 3804; x_wconf 82' lang='lat' dir='ltr'><strong>natus</strong></span> <span class='ocrx_word' id='word_1_672' title='bbox 2602 3763 2722 3818; x_wconf 84' lang='lat' dir='ltr'><strong>est,</strong></span> <span class='ocrx_word' id='word_1_673' title='bbox 2789 3757 2981 3812; x_wconf 84' lang='lat' dir='ltr'><strong>solus</strong></span> <span class='ocrx_word' id='word_1_674' title='bbox 3033 3773 3319 3820; x_wconf 81' lang='lat' dir='ltr'><strong>natura</strong></span> <span class='ocrx_word' id='word_1_675' title='bbox 3375 3779 3444 3823; x_wconf 90' lang='lat' dir='ltr'><strong>et</strong></span> <span class='ocrx_word' id='word_1_676' title='bbox 3497 3783 3616 3821; x_wconf 91' lang='lat' dir='ltr'><strong>non</strong></span> <span class='ocrx_word' id='word_1_677' title='bbox 3650 3767 3901 3835; x_wconf 70' lang='lat' dir='ltr'><strong>adoptione</strong></span> 
     </span>
    </p>
   </div>
   <div class='ocr_carea' id='block_1_88' title="bbox 2101 3841 3900 3927">
    <p class='ocr_par' dir='ltr' id='par_1_88' title="bbox 2101 3841 3900 3927">
     <span class='ocr_line' id='line_1_89' title="bbox 2101 3841 3900 3927; baseline 0.007 -30"><span class='ocrx_word' id='word_1_678' title='bbox 2101 3842 2266 3897; x_wconf 86' lang='lat' dir='ltr'><strong>Filius</strong></span> <span class='ocrx_word' id='word_1_679' title='bbox 2294 3850 2398 3898; x_wconf 90' lang='lat' dir='ltr'><strong>est.</strong></span> <span class='ocrx_word' id='word_1_680' title='bbox 2424 3859 2442 3892; x_wconf 75' lang='grc' dir='ltr'>ι</span> <span class='ocrx_word' id='word_1_681' title='bbox 2465 3841 2588 3895; x_wconf 74' lang='lat' dir='ltr'><strong>Mox</strong></span> <span class='ocrx_word' id='word_1_682' title='bbox 2621 3857 2695 3896; x_wconf 79' lang='lat' dir='ltr'><strong>ex</strong></span> <span class='ocrx_word' id='word_1_683' title='bbox 2728 3843 3313 3913; x_wconf 77' lang='lat' dir='ltr'><strong>Commentariis</strong></span> <span class='ocrx_word' id='word_1_684' title='bbox 3338 3861 3406 3913; x_wconf 81' lang='lat' dir='ltr'><strong>in</strong></span> <span class='ocrx_word' id='word_1_685' title='bbox 3450 3861 3702 3927; x_wconf 81' lang='lat' dir='ltr'><strong>Epistol.</strong></span> <span class='ocrx_word' id='word_1_686' title='bbox 3729 3866 3794 3912; x_wconf 87' lang='lat' dir='ltr'><strong>ad</strong></span> <span class='ocrx_word' id='word_1_687' title='bbox 3821 3856 3900 3910; x_wconf 50' lang='lat' dir='ltr'><strong>Hi.</strong></span> 
     </span>
    </p>
   </div>
   <div class='ocr_carea' id='block_1_89' title="bbox 2097 3933 3902 4020">
    <p class='ocr_par' dir='ltr' id='par_1_89' title="bbox 2097 3933 3902 4020">
     <span class='ocr_line' id='line_1_90' title="bbox 2097 3933 3902 4020; baseline -0.001 -32"><span class='ocrx_word' id='word_1_688' title='bbox 2097 3937 2267 3989; x_wconf 72' lang='lat' dir='ltr'><strong>brwos</strong></span> <span class='ocrx_word' id='word_1_689' title='bbox 2303 3936 2415 3988; x_wconf 70' lang='lat' dir='ltr'><strong>liaic</strong></span> <span class='ocrx_word' id='word_1_690' title='bbox 2447 3933 2710 4003; x_wconf 79' lang='lat' dir='ltr'><strong>Origeiiis</strong></span> <span class='ocrx_word' id='word_1_691' title='bbox 2748 3939 2956 3992; x_wconf 83' lang='lat' dir='ltr'><strong>verba</strong></span> <span class='ocrx_word' id='word_1_692' title='bbox 3008 3944 3210 4000; x_wconf 76' lang='lat' dir='ltr'><strong>citat</strong></span> <span class='ocrx_word' id='word_1_693' title='bbox 3275 3949 3658 4020; x_wconf 83' lang='lat' dir='ltr'><strong>Pamphilus</strong></span> <span class='ocrx_word' id='word_1_694' title='bbox 3685 3970 3701 4005; x_wconf 86' lang='lat'><strong>:</strong></span> <span class='ocrx_word' id='word_1_695' title='bbox 3726 3948 3902 4019; x_wconf 74' lang='grc' dir='ltr'><strong>(Οροτ.</strong></span> 
     </span>
    </p>
   </div>
   <div class='ocr_carea' id='block_1_90' title="bbox 2105 4027 3907 4113">
    <p class='ocr_par' dir='ltr' id='par_1_90' title="bbox 2105 4027 3907 4113">
     <span class='ocr_line' id='line_1_91' title="bbox 2105 4027 3907 4113; baseline 0.008 -33"><span class='ocrx_word' id='word_1_696' title='bbox 2105 4037 2181 4082; x_wconf 90' lang='lat' dir='ltr'><strong>tet</strong></span> <span class='ocrx_word' id='word_1_697' title='bbox 2209 4037 2388 4080; x_wconf 85' lang='lat' dir='ltr'><strong>autem</strong></span> <span class='ocrx_word' id='word_1_698' title='bbox 2417 4027 2564 4080; x_wconf 89' lang='lat' dir='ltr'><strong>scire</strong></span> <span class='ocrx_word' id='word_1_699' title='bbox 2593 4042 2724 4091; x_wconf 88' lang='lat' dir='ltr'><strong>nos,</strong></span> <span class='ocrx_word' id='word_1_700' title='bbox 2760 4029 2921 4097; x_wconf 81' lang='lat' dir='ltr'><strong>quia</strong></span> <span class='ocrx_word' id='word_1_701' title='bbox 2965 4047 3107 4102; x_wconf 88' lang='lat' dir='ltr'><strong>per</strong></span> <span class='ocrx_word' id='word_1_702' title='bbox 3157 4039 3548 4098; x_wconf 76' lang='lat' dir='ltr'><strong>inetfabilia</strong></span> <span class='ocrx_word' id='word_1_703' title='bbox 3597 4045 3840 4113; x_wconf 66' lang='lat' dir='ltr'><strong>quaedam</strong></span> <span class='ocrx_word' id='word_1_704' title='bbox 3868 4055 3907 4095; x_wconf 78' lang='lat' dir='ltr'><strong>et</strong></span> 
     </span>
    </p>
   </div>
   <div class='ocr_carea' id='block_1_91' title="bbox 2104 4115 3653 4188">
    <p class='ocr_par' dir='ltr' id='par_1_91' title="bbox 2104 4115 3653 4188">
     <span class='ocr_line' id='line_1_92' title="bbox 2104 4115 3653 4188; baseline 0.001 -18"><span class='ocrx_word' id='word_1_705' title='bbox 2104 4123 2309 4170; x_wconf 88' lang='lat' dir='ltr'><strong>secreta</strong></span> <span class='ocrx_word' id='word_1_706' title='bbox 2342 4124 2398 4168; x_wconf 91' lang='lat' dir='ltr'><strong>et</strong></span> <span class='ocrx_word' id='word_1_707' title='bbox 2454 4115 2750 4168; x_wconf 85' lang='lat' dir='ltr'><strong>recondita</strong></span> <span class='ocrx_word' id='word_1_708' title='bbox 2809 4124 3219 4184; x_wconf 78' lang='lat' dir='ltr'><strong>quemdam</strong></span> <span class='ocrx_word' id='word_1_709' title='bbox 3264 4134 3546 4188; x_wconf 67' lang='lat' dir='ltr'><strong>modum</strong></span> <span class='ocrx_word' id='word_1_710' title='bbox 3594 4136 3653 4188; x_wconf 68' lang='lat' dir='ltr'><strong>si:</strong></span> 
     </span>
    </p>
   </div>
   <div class='ocr_carea' id='block_1_92' title="bbox 2357 4115 3906 4188">
    <p class='ocr_par' dir='ltr' id='par_1_92' title="bbox 2357 4115 3906 4188">
     <span class='ocr_line' id='line_1_93' title="bbox 2357 4115 3906 4188; baseline 0.008 -20"><span class='ocrx_word' id='word_1_711' title='bbox 2357 4124 2398 4168; x_wconf 68' lang='lat' dir='ltr'><strong>et</strong></span> <span class='ocrx_word' id='word_1_712' title='bbox 2454 4115 2750 4168; x_wconf 85' lang='lat' dir='ltr'><strong>recondita</strong></span> <span class='ocrx_word' id='word_1_713' title='bbox 2809 4124 3219 4184; x_wconf 79' lang='lat' dir='ltr'><strong>quemdam</strong></span> <span class='ocrx_word' id='word_1_714' title='bbox 3264 4134 3546 4188; x_wconf 70' lang='lat' dir='ltr'><strong>modum</strong></span> <span class='ocrx_word' id='word_1_715' title='bbox 3594 4133 3906 4188; x_wconf 69' lang='grc' dir='ltr'><strong>δίυὶῐςιςὶιιιςξ</strong></span> 
     </span>
    </p>
   </div>
   <div class='ocr_carea' id='block_1_93' title="bbox 2106 4205 3910 4280">
    <p class='ocr_par' dir='ltr' id='par_1_93' title="bbox 2106 4205 3910 4280">
     <span class='ocr_line' id='line_1_94' title="bbox 2106 4205 3910 4280; baseline -0.001 -18"><span class='ocrx_word' id='word_1_716' title='bbox 2106 4205 2387 4275; x_wconf 90' lang='lat' dir='ltr'><strong>Scriptura</strong></span> <span class='ocrx_word' id='word_1_717' title='bbox 2417 4214 2640 4268; x_wconf 88' lang='lat' dir='ltr'><strong>sancta,</strong></span> <span class='ocrx_word' id='word_1_718' title='bbox 2682 4217 2960 4262; x_wconf 86' lang='lat' dir='ltr'><strong>conatur</strong></span> <span class='ocrx_word' id='word_1_719' title='bbox 2999 4214 3446 4280; x_wconf 85' lang='lat' dir='ltr'><strong>hominibus</strong></span> <span class='ocrx_word' id='word_1_720' title='bbox 3484 4227 3752 4280; x_wconf 79' lang='lat' dir='ltr'><strong>indicare</strong></span> <span class='ocrx_word' id='word_1_721' title='bbox 3776 4225 3910 4280; x_wconf 70' lang='lat' dir='ltr'><strong>etin-</strong></span> 
     </span>
    </p>
   </div>
   <div class='ocr_carea' id='block_1_94' title="bbox 2108 4297 3907 4385">
    <p class='ocr_par' dir='ltr' id='par_1_94' title="bbox 2108 4297 3907 4385">
     <span class='ocr_line' id='line_1_95' title="bbox 2108 4297 3907 4385; baseline -0.001 -35"><span class='ocrx_word' id='word_1_722' title='bbox 2108 4297 2382 4350; x_wconf 88' lang='lat' dir='ltr'><strong>tellectum</strong></span> <span class='ocrx_word' id='word_1_723' title='bbox 2409 4309 2719 4362; x_wconf 72' lang='lat' dir='ltr'><strong>suggerere</strong></span> <span class='ocrx_word' id='word_1_724' title='bbox 2754 4302 3118 4360; x_wconf 85' lang='lat' dir='ltr'><strong>subtilem.</strong></span> <span class='ocrx_word' id='word_1_725' title='bbox 3193 4313 3506 4385; x_wconf 64' lang='lat' dir='ltr'><strong>vaporis</strong></span> <span class='ocrx_word' id='word_1_726' title='bbox 3539 4319 3702 4371; x_wconf 67' lang='lat' dir='ltr'><strong>enim</strong></span> <span class='ocrx_word' id='word_1_727' title='bbox 3740 4330 3907 4370; x_wconf 52' lang='lat' dir='ltr'><strong>nomen</strong></span> 
     </span>
    </p>
   </div>
   <div class='ocr_carea' id='block_1_95' title="bbox 2107 4385 3908 4477">
    <p class='ocr_par' dir='ltr' id='par_1_95' title="bbox 2107 4385 3908 4477">
     <span class='ocr_line' id='line_1_96' title="bbox 2107 4385 3908 4477; baseline 0.007 -38"><span class='ocrx_word' id='word_1_728' title='bbox 2107 4387 2390 4448; x_wconf 87' lang='lat' dir='ltr'><strong>inducens,</strong></span> <span class='ocrx_word' id='word_1_729' title='bbox 2420 4385 2527 4439; x_wconf 90' lang='lat' dir='ltr'><strong>hoc</strong></span> <span class='ocrx_word' id='word_1_730' title='bbox 2555 4385 2684 4438; x_wconf 88' lang='lat' dir='ltr'><strong>ideo</strong></span> <span class='ocrx_word' id='word_1_731' title='bbox 2710 4387 2781 4439; x_wconf 90' lang='lat' dir='ltr'><strong>de</strong></span> <span class='ocrx_word' id='word_1_732' title='bbox 2821 4392 3035 4447; x_wconf 86' lang='lat' dir='ltr'><strong>rebus</strong></span> <span class='ocrx_word' id='word_1_733' title='bbox 3077 4408 3589 4473; x_wconf 77' lang='lat' dir='ltr'><strong>corporalibus</strong></span> <span class='ocrx_word' id='word_1_734' title='bbox 3615 4409 3908 4477; x_wconf 67' lang='lat' dir='ltr'><strong>assumpsit,</strong></span> 
     </span>
    </p>
   </div>
   <div class='ocr_carea' id='block_1_96' title="bbox 460 4477 3908 4570">
    <p class='ocr_par' dir='ltr' id='par_1_96' title="bbox 460 4477 3908 4570">
     <span class='ocr_line' id='line_1_97' title="bbox 460 4477 3908 4570; baseline 0.004 -30"><span class='ocrx_word' id='word_1_735' title='bbox 460 4495 584 4541; x_wconf 91' lang='lat' dir='ltr'><strong>test.</strong></span> <span class='ocrx_word' id='word_1_736' title='bbox 615 4488 681 4541; x_wconf 87' lang='lat' dir='ltr'><strong>Et</strong></span> <span class='ocrx_word' id='word_1_737' title='bbox 715 4491 914 4557; x_wconf 76' lang='lat' dir='ltr'><strong>iustitia</strong></span> <span class='ocrx_word' id='word_1_738' title='bbox 948 4498 1068 4554; x_wconf 86' lang='lat' dir='ltr'><strong>est;</strong></span> <span class='ocrx_word' id='word_1_739' title='bbox 1100 4487 1310 4555; x_wconf 79' lang='lat' dir='ltr'><strong>iustitia</strong></span> <span class='ocrx_word' id='word_1_740' title='bbox 1353 4498 1528 4541; x_wconf 87' lang='lat' dir='ltr'><strong>autem</strong></span> <span class='ocrx_word' id='word_1_741' title='bbox 1577 4497 1845 4550; x_wconf 87' lang='lat' dir='ltr'><strong>utinquam</strong></span> <span class='ocrx_word' id='word_1_742' title='bbox 1877 4498 2003 4550; x_wconf 88' lang='lat' dir='ltr'><strong>pro-</strong></span> <span class='ocrx_word' id='word_1_743' title='bbox 2034 4483 2079 4540; x_wconf 88' lang='lat' dir='ltr'><strong>D</strong></span> <span class='ocrx_word' id='word_1_744' title='bbox 2193 4477 2275 4570; x_wconf 74' lang='lat' dir='ltr'><strong>vel</strong></span> <span class='ocrx_word' id='word_1_745' title='bbox 2305 4491 2373 4529; x_wconf 80' lang='lat' dir='ltr'><strong>ex</strong></span> <span class='ocrx_word' id='word_1_746' title='bbox 2400 4487 2562 4542; x_wconf 90' lang='lat' dir='ltr'><strong>parte</strong></span> <span class='ocrx_word' id='word_1_747' title='bbox 2593 4477 2786 4547; x_wconf 84' lang='lat' dir='ltr'><strong>aliqua</strong></span> <span class='ocrx_word' id='word_1_748' title='bbox 2814 4484 3183 4549; x_wconf 81' lang='lat' dir='ltr'><strong>possimus</strong></span> <span class='ocrx_word' id='word_1_749' title='bbox 3236 4496 3644 4570; x_wconf 80' lang='lat' dir='ltr'><strong>intelligere,</strong></span> <span class='ocrx_word' id='word_1_750' title='bbox 3666 4497 3908 4568; x_wconf 53' lang='lat' dir='ltr'><strong>quomoda</strong></span> 
     </span>
    </p>
   </div>
   <div class='ocr_carea' id='block_1_97' title="bbox 461 4573 2000 4648">
    <p class='ocr_par' dir='ltr' id='par_1_97' title="bbox 461 4573 2000 4648">
     <span class='ocr_line' id='line_1_98' title="bbox 461 4573 2000 4648; baseline -0.006 -17"><span class='ocrx_word' id='word_1_751' title='bbox 461 4577 598 4631; x_wconf 68' lang='lat' dir='ltr'><strong>lecto</strong></span> <span class='ocrx_word' id='word_1_752' title='bbox 650 4579 959 4645; x_wconf 73' lang='lat' dir='ltr'><strong>iniustitiam</strong></span> <span class='ocrx_word' id='word_1_753' title='bbox 1017 4580 1216 4648; x_wconf 88' lang='lat' dir='ltr'><strong>capiet.</strong></span> <span class='ocrx_word' id='word_1_754' title='bbox 1255 4579 1319 4631; x_wconf 84' lang='lat' dir='ltr'><strong>Et</strong></span> <span class='ocrx_word' id='word_1_755' title='bbox 1352 4577 1571 4630; x_wconf 88' lang='lat' dir='ltr'><strong>verbum</strong></span> <span class='ocrx_word' id='word_1_756' title='bbox 1604 4585 1685 4628; x_wconf 86' lang='lat' dir='ltr'><strong>est</strong></span> <span class='ocrx_word' id='word_1_757' title='bbox 1725 4573 1806 4626; x_wconf 86' lang='lat' dir='ltr'><strong>vel</strong></span> <span class='ocrx_word' id='word_1_758' title='bbox 1845 4573 2000 4632; x_wconf 87' lang='lat' dir='ltr'><strong>ratio,</strong></span> 
     </span>
    </p>
   </div>
   <div class='ocr_carea' id='block_1_98' title="bbox 457 4661 2003 4738">
    <p class='ocr_par' dir='ltr' id='par_1_98' title="bbox 457 4661 2003 4738">
     <span class='ocr_line' id='line_1_99' title="bbox 457 4661 2003 4738; baseline -0.005 -19"><span class='ocrx_word' id='word_1_759' title='bbox 457 4681 579 4738; x_wconf 55' lang='lat' dir='ltr'><strong>quae.</strong></span> <span class='ocrx_word' id='word_1_760' title='bbox 608 4668 788 4733; x_wconf 90' lang='lat' dir='ltr'><strong>utique</strong></span> <span class='ocrx_word' id='word_1_761' title='bbox 818 4669 1196 4723; x_wconf 84' lang='lat' dir='ltr'><strong>irrationabilis</strong></span> <span class='ocrx_word' id='word_1_762' title='bbox 1220 4667 1354 4722; x_wconf 63' lang='lat' dir='ltr'><strong>elici</strong></span> <span class='ocrx_word' id='word_1_763' title='bbox 1385 4681 1490 4718; x_wconf 92' lang='lat' dir='ltr'><strong>non</strong></span> <span class='ocrx_word' id='word_1_764' title='bbox 1513 4664 1675 4717; x_wconf 87' lang='lat' dir='ltr'><strong>valet.</strong></span> <span class='ocrx_word' id='word_1_765' title='bbox 1698 4661 1801 4715; x_wconf 85' lang='lat' dir='ltr'><strong>Sed</strong></span> <span class='ocrx_word' id='word_1_766' title='bbox 1829 4670 1883 4713; x_wconf 87' lang='lat' dir='ltr'><strong>et</strong></span> <span class='ocrx_word' id='word_1_767' title='bbox 1914 4661 2003 4712; x_wconf 76' lang='lat' dir='ltr'><strong>lux</strong></span> 
     </span>
    </p>
   </div>
   <div class='ocr_carea' id='block_1_99' title="bbox 458 4755 2005 4827">
    <p class='ocr_par' dir='ltr' id='par_1_99' title="bbox 458 4755 2005 4827">
     <span class='ocr_line' id='line_1_100' title="bbox 458 4755 2005 4827; baseline -0.01 -10"><span class='ocrx_word' id='word_1_768' title='bbox 458 4770 564 4822; x_wconf 86' lang='lat' dir='ltr'><strong>est,</strong></span> <span class='ocrx_word' id='word_1_769' title='bbox 595 4769 650 4812; x_wconf 87' lang='lat' dir='ltr'><strong>et</strong></span> <span class='ocrx_word' id='word_1_770' title='bbox 687 4762 855 4811; x_wconf 81' lang='lat' dir='ltr'><strong>lucem</strong></span> <span class='ocrx_word' id='word_1_771' title='bbox 892 4772 1096 4816; x_wconf 86' lang='lat' dir='ltr'><strong>certum</strong></span> <span class='ocrx_word' id='word_1_772' title='bbox 1139 4770 1219 4815; x_wconf 89' lang='lat' dir='ltr'><strong>est</strong></span> <span class='ocrx_word' id='word_1_773' title='bbox 1267 4758 1407 4827; x_wconf 84' lang='lat' dir='ltr'><strong>quod</strong></span> <span class='ocrx_word' id='word_1_774' title='bbox 1447 4755 1678 4809; x_wconf 68' lang='lat' dir='ltr'><strong>tenebrae</strong></span> <span class='ocrx_word' id='word_1_775' title='bbox 1720 4767 1822 4804; x_wconf 90' lang='lat' dir='ltr'><strong>non</strong></span> <span class='ocrx_word' id='word_1_776' title='bbox 1856 4764 2005 4803; x_wconf 87' lang='lat' dir='ltr'><strong>com-</strong></span> 
     </span>
    </p>
   </div>
   <div class='ocr_carea' id='block_1_100' title="bbox 461 4839 2002 4919">
    <p class='ocr_par' dir='ltr' id='par_1_100' title="bbox 461 4839 2002 4919">
     <span class='ocr_line' id='line_1_101' title="bbox 461 4839 2002 4919; baseline -0.006 -17"><span class='ocrx_word' id='word_1_777' title='bbox 461 4847 810 4919; x_wconf 85' lang='lat' dir='ltr'><strong>prehendam.</strong></span> <span class='ocrx_word' id='word_1_778' title='bbox 869 4845 1122 4902; x_wconf 82' lang='lat' dir='ltr'><strong>Similiter</strong></span> <span class='ocrx_word' id='word_1_779' title='bbox 1177 4859 1353 4902; x_wconf 90' lang='lat' dir='ltr'><strong>autem</strong></span> <span class='ocrx_word' id='word_1_780' title='bbox 1407 4855 1460 4899; x_wconf 91' lang='lat' dir='ltr'><strong>et</strong></span> <span class='ocrx_word' id='word_1_781' title='bbox 1519 4853 1710 4896; x_wconf 90' lang='lat' dir='ltr'><strong>natura</strong></span> <span class='ocrx_word' id='word_1_782' title='bbox 1767 4839 2002 4908; x_wconf 86' lang='lat' dir='ltr'><strong>Spiritus</strong></span> 
     </span>
    </p>
   </div>
   <div class='ocr_carea' id='block_1_101' title="bbox 463 4931 1998 5004">
    <p class='ocr_par' dir='ltr' id='par_1_101' title="bbox 463 4931 1998 5004">
     <span class='ocr_line' id='line_1_102' title="bbox 463 4931 1998 5004; baseline -0.01 -11"><span class='ocrx_word' id='word_1_783' title='bbox 463 4937 656 5000; x_wconf 90' lang='lat' dir='ltr'><strong>sancti,</strong></span> <span class='ocrx_word' id='word_1_784' title='bbox 696 4949 814 5003; x_wconf 65' lang='lat' dir='ltr'><strong>quae</strong></span> <span class='ocrx_word' id='word_1_785' title='bbox 860 4946 1042 4988; x_wconf 86' lang='lat' dir='ltr'><strong>sancta</strong></span> <span class='ocrx_word' id='word_1_786' title='bbox 1083 4948 1199 5000; x_wconf 88' lang='lat' dir='ltr'><strong>est,</strong></span> <span class='ocrx_word' id='word_1_787' title='bbox 1249 4953 1352 4990; x_wconf 88' lang='lat' dir='ltr'><strong>non</strong></span> <span class='ocrx_word' id='word_1_788' title='bbox 1397 4934 1583 5004; x_wconf 89' lang='lat' dir='ltr'><strong>recipit</strong></span> <span class='ocrx_word' id='word_1_789' title='bbox 1627 4931 1998 5000; x_wconf 88' lang='lat' dir='ltr'><strong>pollutionem.</strong></span> 
     </span>
    </p>
   </div>
   <div class='ocr_carea' id='block_1_102' title="bbox 464 5014 2005 5082">
    <p class='ocr_par' dir='ltr' id='par_1_102' title="bbox 464 5014 2005 5082">
     <span class='ocr_line' id='line_1_103' title="bbox 464 5014 2005 5082; baseline -0.008 -1"><span class='ocrx_word' id='word_1_790' title='bbox 464 5027 786 5082; x_wconf 85' lang='lat' dir='ltr'><strong>Naturaliter</strong></span> <span class='ocrx_word' id='word_1_791' title='bbox 816 5024 955 5077; x_wconf 88' lang='lat' dir='ltr'><strong>enim</strong></span> <span class='ocrx_word' id='word_1_792' title='bbox 989 5023 1070 5075; x_wconf 87' lang='lat' dir='ltr'><strong>vel</strong></span> <span class='ocrx_word' id='word_1_793' title='bbox 1118 5024 1539 5078; x_wconf 85' lang='lat' dir='ltr'><strong>substantialiter</strong></span> <span class='ocrx_word' id='word_1_794' title='bbox 1575 5031 1761 5074; x_wconf 85' lang='lat' dir='ltr'><strong>sancta</strong></span> <span class='ocrx_word' id='word_1_795' title='bbox 1806 5025 1907 5068; x_wconf 89' lang='lat' dir='ltr'><strong>est.</strong></span> <span class='ocrx_word' id='word_1_796' title='bbox 1947 5014 2005 5068; x_wconf 89' lang='lat' dir='ltr'><strong>Si</strong></span> 
     </span>
    </p>
   </div>
   <div class='ocr_carea' id='block_1_103' title="bbox 459 5113 2008 5194">
    <p class='ocr_par' dir='ltr' id='par_1_103' title="bbox 459 5113 2008 5194">
     <span class='ocr_line' id='line_1_104' title="bbox 459 5113 2008 5194; baseline -0.012 -20"><span class='ocrx_word' id='word_1_797' title='bbox 459 5136 566 5194; x_wconf 85' lang='lat' dir='ltr'><strong>qua</strong></span> <span class='ocrx_word' id='word_1_798' title='bbox 631 5127 806 5172; x_wconf 91' lang='lat' dir='ltr'><strong>autem</strong></span> <span class='ocrx_word' id='word_1_799' title='bbox 861 5113 961 5165; x_wconf 89' lang='lat' dir='ltr'><strong>alia</strong></span> <span class='ocrx_word' id='word_1_800' title='bbox 1005 5120 1188 5165; x_wconf 91' lang='lat' dir='ltr'><strong>natura</strong></span> <span class='ocrx_word' id='word_1_801' title='bbox 1255 5125 1438 5167; x_wconf 84' lang='lat' dir='ltr'><strong>sancta</strong></span> <span class='ocrx_word' id='word_1_802' title='bbox 1500 5123 1614 5173; x_wconf 85' lang='lat' dir='ltr'><strong>est.</strong></span> <span class='ocrx_word' id='word_1_803' title='bbox 1670 5126 1734 5165; x_wconf 81' lang='lat' dir='ltr'><strong>ex</strong></span> <span class='ocrx_word' id='word_1_804' title='bbox 1799 5121 2008 5158; x_wconf 85' lang='lat' dir='ltr'><strong>assum-</strong></span> 
     </span>
    </p>
   </div>
   <div class='ocr_carea' id='block_1_104' title="bbox 465 5199 2008 5277">
    <p class='ocr_par' dir='ltr' id='par_1_104' title="bbox 465 5199 2008 5277">
     <span class='ocr_line' id='line_1_105' title="bbox 465 5199 2008 5277; baseline -0.01 -15"><span class='ocrx_word' id='word_1_805' title='bbox 465 5209 647 5277; x_wconf 87' lang='lat' dir='ltr'><strong>ptione</strong></span> <span class='ocrx_word' id='word_1_806' title='bbox 696 5209 836 5268; x_wconf 87' lang='lat' dir='ltr'><strong>hoc,</strong></span> <span class='ocrx_word' id='word_1_807' title='bbox 894 5201 976 5255; x_wconf 85' lang='lat' dir='ltr'><strong>vel</strong></span> <span class='ocrx_word' id='word_1_808' title='bbox 1030 5201 1371 5268; x_wconf 86' lang='lat' dir='ltr'><strong>inspiratione</strong></span> <span class='ocrx_word' id='word_1_809' title='bbox 1413 5202 1639 5270; x_wconf 88' lang='lat' dir='ltr'><strong>Spiritus</strong></span> <span class='ocrx_word' id='word_1_810' title='bbox 1686 5199 1853 5253; x_wconf 86' lang='lat' dir='ltr'><strong>sancti</strong></span> <span class='ocrx_word' id='word_1_811' title='bbox 1909 5200 2008 5250; x_wconf 88' lang='lat' dir='ltr'><strong>ha-</strong></span> 
     </span>
    </p>
   </div>
   <div class='ocr_carea' id='block_1_105' title="bbox 467 5289 2007 5353">
    <p class='ocr_par' dir='ltr' id='par_1_105' title="bbox 467 5289 2007 5353">
     <span class='ocr_line' id='line_1_106' title="bbox 467 5289 2007 5353; baseline -0.01 -1"><span class='ocrx_word' id='word_1_812' title='bbox 467 5299 558 5351; x_wconf 85' lang='lat' dir='ltr'><strong>bet</strong></span> <span class='ocrx_word' id='word_1_813' title='bbox 603 5306 661 5350; x_wconf 94' lang='lat' dir='ltr'><strong>ut</strong></span> <span class='ocrx_word' id='word_1_814' title='bbox 702 5292 1086 5353; x_wconf 84' lang='lat' dir='ltr'><strong>sanctiﬁcetur,</strong></span> <span class='ocrx_word' id='word_1_815' title='bbox 1121 5302 1224 5340; x_wconf 89' lang='lat' dir='ltr'><strong>non</strong></span> <span class='ocrx_word' id='word_1_816' title='bbox 1266 5303 1332 5341; x_wconf 81' lang='lat' dir='ltr'><strong>ex</strong></span> <span class='ocrx_word' id='word_1_817' title='bbox 1385 5304 1477 5342; x_wconf 86' lang='lat' dir='ltr'><strong>sua</strong></span> <span class='ocrx_word' id='word_1_818' title='bbox 1515 5300 1701 5342; x_wconf 90' lang='lat' dir='ltr'><strong>natura</strong></span> <span class='ocrx_word' id='word_1_819' title='bbox 1735 5289 1834 5341; x_wconf 87' lang='lat' dir='ltr'><strong>hoc</strong></span> <span class='ocrx_word' id='word_1_820' title='bbox 1885 5301 2007 5353; x_wconf 78' lang='lat' dir='ltr'><strong>pos-</strong></span> 
     </span>
    </p>
   </div>
   <div class='ocr_carea' id='block_1_106' title="bbox 468 5379 2010 5450">
    <p class='ocr_par' dir='ltr' id='par_1_106' title="bbox 468 5379 2010 5450">
     <span class='ocr_line' id='line_1_107' title="bbox 468 5379 2010 5450; baseline -0.011 -7"><span class='ocrx_word' id='word_1_821' title='bbox 468 5389 671 5450; x_wconf 85' lang='lat' dir='ltr'><strong>sidens,</strong></span> <span class='ocrx_word' id='word_1_822' title='bbox 717 5387 808 5440; x_wconf 86' lang='lat' dir='ltr'><strong>sed</strong></span> <span class='ocrx_word' id='word_1_823' title='bbox 835 5385 1079 5438; x_wconf 71' lang='lat' dir='ltr'><strong>accidens</strong></span> <span class='ocrx_word' id='word_1_824' title='bbox 1117 5395 1130 5430; x_wconf 91' lang='lat'><strong>:</strong></span> <span class='ocrx_word' id='word_1_825' title='bbox 1163 5379 1374 5446; x_wconf 76' lang='lat' dir='ltr'><strong>propter</strong></span> <span class='ocrx_word' id='word_1_826' title='bbox 1398 5381 1533 5446; x_wconf 91' lang='lat' dir='ltr'><strong>quod</strong></span> <span class='ocrx_word' id='word_1_827' title='bbox 1563 5391 1615 5432; x_wconf 91' lang='lat' dir='ltr'><strong>et</strong></span> <span class='ocrx_word' id='word_1_828' title='bbox 1649 5379 1891 5432; x_wconf 87' lang='lat' dir='ltr'><strong>decidere</strong></span> <span class='ocrx_word' id='word_1_829' title='bbox 1915 5394 2010 5443; x_wconf 89' lang='lat' dir='ltr'><strong>po-</strong></span> 
     </span>
    </p>
   </div>
   <div class='ocr_carea' id='block_1_107' title="bbox 466 5466 2007 5545">
    <p class='ocr_par' dir='ltr' id='par_1_107' title="bbox 466 5466 2007 5545">
     <span class='ocr_line' id='line_1_108' title="bbox 466 5466 2007 5545; baseline -0.008 -17"><span class='ocrx_word' id='word_1_830' title='bbox 466 5485 572 5529; x_wconf 81' lang='lat' dir='ltr'><strong>test</strong></span> <span class='ocrx_word' id='word_1_831' title='bbox 599 5477 738 5545; x_wconf 89' lang='lat' dir='ltr'><strong>quod</strong></span> <span class='ocrx_word' id='word_1_832' title='bbox 755 5474 964 5528; x_wconf 87' lang='lat' dir='ltr'><strong>accidit.</strong></span> <span class='ocrx_word' id='word_1_833' title='bbox 1008 5491 1026 5523; x_wconf 75' lang='grc'><strong>»</strong></span> <span class='ocrx_word' id='word_1_834' title='bbox 1065 5467 1160 5522; x_wconf 89' lang='lat' dir='ltr'><strong>llic</strong></span> <span class='ocrx_word' id='word_1_835' title='bbox 1192 5466 1448 5532; x_wconf 84' lang='lat' dir='ltr'><strong>Origenes</strong></span> <span class='ocrx_word' id='word_1_836' title='bbox 1478 5469 1672 5520; x_wconf 87' lang='lat' dir='ltr'><strong>diserte</strong></span> <span class='ocrx_word' id='word_1_837' title='bbox 1695 5470 1846 5520; x_wconf 88' lang='lat' dir='ltr'><strong>ducet</strong></span> <span class='ocrx_word' id='word_1_838' title='bbox 1871 5466 2007 5516; x_wconf 76' lang='grc' dir='ltr'>ἁνα-</span> 
     </span>
    </p>
   </div>
   <div class='ocr_carea' id='block_1_108' title="bbox 468 5557 2012 5635">
    <p class='ocr_par' dir='ltr' id='par_1_108' title="bbox 468 5557 2012 5635">
     <span class='ocr_line' id='line_1_109' title="bbox 468 5557 2012 5635; baseline -0.006 -17"><span class='ocrx_word' id='word_1_839' title='bbox 468 5565 736 5635; x_wconf 81' lang='grc' dir='ltr'>μάρτησιν</span> <span class='ocrx_word' id='word_1_840' title='bbox 785 5566 896 5618; x_wconf 90' lang='lat' dir='ltr'><strong>sive</strong></span> <span class='ocrx_word' id='word_1_841' title='bbox 940 5562 1000 5615; x_wconf 79' lang='grc' dir='ltr'><strong>τὸ</strong></span> <span class='ocrx_word' id='word_1_842' title='bbox 1052 5559 1248 5618; x_wconf 79' lang='lat' dir='ltr'><strong>malum</strong></span> <span class='ocrx_word' id='word_1_843' title='bbox 1305 5569 1408 5606; x_wconf 88' lang='lat' dir='ltr'><strong>non</strong></span> <span class='ocrx_word' id='word_1_844' title='bbox 1457 5571 1614 5620; x_wconf 83' lang='lat' dir='ltr'><strong>posse</strong></span> <span class='ocrx_word' id='word_1_845' title='bbox 1654 5558 1926 5623; x_wconf 87' lang='lat' dir='ltr'><strong>recipere,</strong></span> <span class='ocrx_word' id='word_1_846' title='bbox 1959 5557 2012 5609; x_wconf 88' lang='lat' dir='ltr'><strong>in</strong></span> 
     </span>
    </p>
   </div>
   <div class='ocr_carea' id='block_1_109' title="bbox 537 5648 1562 5719">
    <p class='ocr_par' dir='ltr' id='par_1_109' title="bbox 537 5648 1562 5719">
     <span class='ocr_line' id='line_1_110' title="bbox 537 5648 1562 5719; baseline -0.006 -11"><span class='ocrx_word' id='word_1_847' title='bbox 537 5656 582 5685; x_wconf 75' lang='grc' dir='ltr'><strong><em>τι</em></strong></span> <span class='ocrx_word' id='word_1_848' title='bbox 613 5656 632 5707; x_wconf 89' lang='lat' dir='ltr'><strong>l</strong></span> <span class='ocrx_word' id='word_1_849' title='bbox 664 5654 813 5710; x_wconf 81' lang='lat' dir='ltr'><strong>Joan.</strong></span> <span class='ocrx_word' id='word_1_850' title='bbox 853 5671 940 5719; x_wconf 83' lang='lat' dir='ltr'><strong>IV,</strong></span> <span class='ocrx_word' id='word_1_851' title='bbox 985 5654 1048 5718; x_wconf 89' lang='lat'><strong>8,</strong></span> <span class='ocrx_word' id='word_1_852' title='bbox 1085 5652 1168 5706; x_wconf 74' lang='lat' dir='ltr'><strong>te.</strong></span> <span class='ocrx_word' id='word_1_853' title='bbox 1241 5649 1285 5680; x_wconf 74' lang='grc' dir='ltr'><strong>τι</strong></span> <span class='ocrx_word' id='word_1_854' title='bbox 1313 5648 1436 5701; x_wconf 83' lang='lat' dir='ltr'><strong>ibid.</strong></span> <span class='ocrx_word' id='word_1_855' title='bbox 1474 5649 1562 5702; x_wconf 75' lang='lat' dir='ltr'><strong>In.</strong></span> 
     </span>
    </p>
   </div>
   <div class='ocr_carea' id='block_1_110' title="bbox 539 5742 1805 5815">
    <p class='ocr_par' dir='ltr' id='par_1_110' title="bbox 539 5742 1805 5815">
     <span class='ocr_line' id='line_1_111' title="bbox 539 5742 1805 5815; baseline -0.004 -14"><span class='ocrx_word' id='word_1_856' title='bbox 539 5745 646 5814; x_wconf 76' lang='lat'><strong>(39)</strong></span> <span class='ocrx_word' id='word_1_857' title='bbox 681 5749 753 5801; x_wconf 77' lang='lat' dir='ltr'><strong>Ex</strong></span> <span class='ocrx_word' id='word_1_858' title='bbox 777 5742 945 5802; x_wconf 86' lang='lat' dir='ltr'><strong>libr0i</strong></span> <span class='ocrx_word' id='word_1_859' title='bbox 975 5747 1109 5815; x_wconf 69' lang='grc' dir='ltr'><strong>Περὶ</strong></span> <span class='ocrx_word' id='word_1_860' title='bbox 1131 5743 1343 5813; x_wconf 75' lang='grc' dir='ltr'><strong>ἀρχῶν,</strong></span> <span class='ocrx_word' id='word_1_861' title='bbox 1371 5757 1484 5811; x_wconf 81' lang='lat' dir='ltr'><strong>cap.</strong></span> <span class='ocrx_word' id='word_1_862' title='bbox 1511 5744 1560 5804; x_wconf 76' lang='lat'><strong>3.</strong></span> <span class='ocrx_word' id='word_1_863' title='bbox 1590 5761 1730 5795; x_wconf 78' lang='lat' dir='ltr'><strong>lltlltl.</strong></span> <span class='ocrx_word' id='word_1_864' title='bbox 1759 5745 1805 5796; x_wconf 68' lang='grc'><strong>4.</strong></span> 
     </span>
    </p>
   </div>
   <div class='ocr_carea' id='block_1_111' title="bbox 2108 4566 3909 4668">
    <p class='ocr_par' dir='ltr' id='par_1_111' title="bbox 2108 4566 3909 4668">
     <span class='ocr_line' id='line_1_112' title="bbox 2108 4566 3909 4668; baseline 0.009 -42"><span class='ocrx_word' id='word_1_865' title='bbox 2108 4567 2356 4667; x_wconf 52' lang='lat' dir='ltr'><strong>Christus</strong></span> <span class='ocrx_word' id='word_1_866' title='bbox 2389 4566 2483 4666; x_wconf 66' lang='lat' dir='ltr'><strong>qui</strong></span> <span class='ocrx_word' id='word_1_867' title='bbox 2514 4579 2604 4623; x_wconf 88' lang='lat' dir='ltr'><strong>est</strong></span> <span class='ocrx_word' id='word_1_868' title='bbox 2644 4569 2978 4668; x_wconf 76' lang='lat' dir='ltr'><strong>sapientia,</strong></span> <span class='ocrx_word' id='word_1_869' title='bbox 3021 4589 3452 4642; x_wconf 78' lang='lat' dir='ltr'><strong>sceniiiliim</strong></span> <span class='ocrx_word' id='word_1_870' title='bbox 3475 4566 3909 4645; x_wconf 23' lang='lat' dir='ltr'><strong>ﬁsimilitudinem</strong></span> 
     </span>
    </p>
   </div>
   <div class='ocr_carea' id='block_1_112' title="bbox 2119 5238 3668 5360">
    <p class='ocr_par' dir='ltr' id='par_1_112' title="bbox 2119 5238 3668 5360">
     <span class='ocr_line' id='line_1_113' title="bbox 2119 5238 3668 5290; baseline 0.032 -50"><span class='ocrx_word' id='word_1_871' title='bbox 2119 5238 2169 5244; x_wconf 57' lang='grc' dir='ltr'><strong>ν-</strong></span> <span class='ocrx_word' id='word_1_872' title='bbox 2201 5238 2449 5252; x_wconf 61' lang='grc' dir='ltr'><strong>-.ηννμη</strong></span> <span class='ocrx_word' id='word_1_873' title='bbox 2487 5238 2626 5265; x_wconf 48' lang='lat' dir='ltr'><strong>“uti...</strong></span> <span class='ocrx_word' id='word_1_874' title='bbox 2667 5238 2940 5278; x_wconf 68' lang='grc' dir='ltr'>υιιικςιιυυ</span> <span class='ocrx_word' id='word_1_875' title='bbox 2975 5238 3485 5286; x_wconf 71' lang='grc' dir='ltr'><strong>διωιιιιιιίιὶηθε</strong></span> <span class='ocrx_word' id='word_1_876' title='bbox 3527 5252 3668 5290; x_wconf 79' lang='lat' dir='ltr'><strong>man</strong></span> 
     </span>
     <span class='ocr_line' id='line_1_114' title="bbox 2119 5287 3668 5360; baseline 0.022 -28"><span class='ocrx_word' id='word_1_877' title='bbox 2119 5297 2208 5336; x_wconf 86' lang='lat' dir='ltr'><strong>me</strong></span> <span class='ocrx_word' id='word_1_878' title='bbox 2241 5287 2552 5343; x_wconf 87' lang='lat' dir='ltr'><strong>ostendunt</strong></span> <span class='ocrx_word' id='word_1_879' title='bbox 2595 5301 3097 5360; x_wconf 84' lang='lat' dir='ltr'><strong>communionem</strong></span> <span class='ocrx_word' id='word_1_880' title='bbox 3151 5315 3586 5360; x_wconf 62' lang='lat' dir='ltr'><strong>snlninnitm</strong></span> <span class='ocrx_word' id='word_1_881' title='bbox 3646 5341 3668 5360; x_wconf 67' lang='grc' dir='ltr'><strong><em>ι</em></strong></span> 
     </span>
    </p>
   </div>
   <div class='ocr_carea' id='block_1_113' title="bbox 2355 5238 3904 5360">
    <p class='ocr_par' dir='ltr' id='par_1_113' title="bbox 2355 5238 3904 5360">
     <span class='ocr_line' id='line_1_115' title="bbox 2365 5238 3904 5290; baseline 0.023 -43"><span class='ocrx_word' id='word_1_882' title='bbox 2365 5238 2449 5252; x_wconf 89' lang='grc'>....</span> <span class='ocrx_word' id='word_1_883' title='bbox 2487 5238 2626 5265; x_wconf 57' lang='grc' dir='ltr'><strong>κων</strong></span> <span class='ocrx_word' id='word_1_884' title='bbox 2667 5238 2940 5278; x_wconf 62' lang='lat' dir='ltr'><strong>unusque</strong></span> <span class='ocrx_word' id='word_1_885' title='bbox 2975 5238 3485 5286; x_wconf 77' lang='lat' dir='ltr'><strong>similitudines</strong></span> <span class='ocrx_word' id='word_1_886' title='bbox 3527 5238 3904 5290; x_wconf 66' lang='lat' dir='ltr'><strong>manifestissi-</strong></span> 
     </span>
     <span class='ocr_line' id='line_1_116' title="bbox 2355 5287 3904 5360; baseline 0.017 -23"><span class='ocrx_word' id='word_1_887' title='bbox 2355 5287 2552 5343; x_wconf 79' lang='lat' dir='ltr'><strong>:nilttnt</strong></span> <span class='ocrx_word' id='word_1_888' title='bbox 2595 5301 3097 5360; x_wconf 88' lang='lat' dir='ltr'><strong>communionem</strong></span> <span class='ocrx_word' id='word_1_889' title='bbox 3151 5315 3586 5360; x_wconf 68' lang='grc' dir='ltr'><strong>ςιιιιςιιιηιισι.</strong></span> <span class='ocrx_word' id='word_1_890' title='bbox 3646 5341 3771 5360; x_wconf 58' lang='grc' dir='ltr'><strong>ωε.</strong></span> <span class='ocrx_word' id='word_1_891' title='bbox 3801 5323 3904 5360; x_wconf 68' lang='lat' dir='ltr'><strong>Pili-1</strong></span> 
     </span>
    </p>
   </div>
   <div class='ocr_carea' id='block_1_114' title="bbox 2463 5315 3908 5382">
    <p class='ocr_par' dir='ltr' id='par_1_114' title="bbox 2463 5315 3908 5382">
     <span class='ocr_line' id='line_1_117' title="bbox 2463 5315 3908 5382; baseline 0.033 -43"><span class='ocrx_word' id='word_1_892' title='bbox 2463 5315 2552 5382; x_wconf 73' lang='lat' dir='ltr'><strong>iui</strong></span> <span class='ocrx_word' id='word_1_893' title='bbox 2595 5315 3097 5363; x_wconf 84' lang='lat' dir='ltr'><strong>communionem</strong></span> <span class='ocrx_word' id='word_1_894' title='bbox 3151 5315 3586 5380; x_wconf 63' lang='lat' dir='ltr'><strong>substantiae</strong></span> <span class='ocrx_word' id='word_1_895' title='bbox 3645 5341 3773 5382; x_wconf 77' lang='lat' dir='ltr'><strong>esse</strong></span> <span class='ocrx_word' id='word_1_896' title='bbox 3801 5323 3908 5377; x_wconf 48' lang='lat' dir='ltr'><strong>Filii</strong></span> 
     </span>
    </p>
   </div>
   <div class='ocr_carea' id='block_1_115' title="bbox 2121 5375 3904 5473">
    <p class='ocr_par' dir='ltr' id='par_1_115' title="bbox 2121 5375 3904 5473">
     <span class='ocr_line' id='line_1_118' title="bbox 2121 5375 3904 5473; baseline 0.024 -49"><span class='ocrx_word' id='word_1_897' title='bbox 2121 5386 2250 5426; x_wconf 88' lang='lat' dir='ltr'><strong>cum</strong></span> <span class='ocrx_word' id='word_1_898' title='bbox 2290 5375 2482 5473; x_wconf 77' lang='lat' dir='ltr'><strong>Patre.</strong></span> <span class='ocrx_word' id='word_1_899' title='bbox 2515 5383 2843 5458; x_wconf 70' lang='lat' dir='ltr'><strong>Aporrlicea</strong></span> <span class='ocrx_word' id='word_1_900' title='bbox 2879 5398 3041 5451; x_wconf 90' lang='lat' dir='ltr'><strong>enim</strong></span> <span class='ocrx_word' id='word_1_901' title='bbox 3096 5375 3584 5470; x_wconf 62' lang='lat' dir='ltr'><strong>liomoousio;</strong></span> <span class='ocrx_word' id='word_1_902' title='bbox 3602 5375 3837 5473; x_wconf 67' lang='lat' dir='ltr'><strong>videnti.</strong></span> <span class='ocrx_word' id='word_1_903' title='bbox 3869 5411 3904 5460; x_wconf 68' lang='lat' dir='ltr'><strong>id</strong></span> 
     </span>
    </p>
   </div>
  </div>
