3922 6484
430 407 562 472 liii?»

432 624 598 690 ipsum
630 619 882 673 Romanis
910 617 1137 673 invisum
1167 619 1499 674 reddiderint
1530 617 1833 686 Hieronymi
1873 631 1963 667 va-

433 709 524 760 fraa
549 707 732 776 artes),
751 708 850 761 sub
875 706 1082 760 initium
1101 706 1428 776 praefationis
1452 720 1558 760 sua:
1585 707 1635 758 in
1659 704 1965 772 Apologiam

430 793 685 866 Pamphili
717 797 781 870 ad
812 797 1127 870 Macarium,
1166 806 1348 852 sancte
1373 797 1648 864 proﬁtetur
1708 810 1766 848 se
1809 795 1860 847 in
1903 808 1966 847 eo

431 901 590 952 opere
629 904 646 934 ‹
689 900 790 938 ηοη
823 901 971 939 suam
1012 905 1029 935 ι
1068 885 1131 938 de
1166 884 1393 951 Origene
1425 901 1443 934 ‹
1483 882 1801 937 sententiam
1828 922 1845 946 ,
1873 882 1964 934 sed

431 976 602 1048 sancti
649 976 897 1052 martyris
932 974 1186 1042 Pamphili
1231 996 1248 1028 ι
1293 974 1580 1029 sciscitanti
1613 971 1844 1026 Macario
1869 987 1965 1026 ex-

432 1060 670 1133 posuisse
698 1084 713 1118 :
740 1064 1132 1136 ,Origencmque
1175 1079 1281 1116 non
1310 1063 1550 1130 proprio,
1591 1060 1683 1114 sed
1716 1077 1734 1108 ί
1793 1058 1968 1112 alieno

434 1149 676 1207 sermone
701 1149 735 1204 ἰ
782 1155 1099 1206 dcl'endiSse.
1133 1148 1250 1204 Mox
1298 1153 1488 1204 ibidem
1523 1150 1623 1203 hoc
1667 1150 1716 1201 in
1754 1148 1968 1216 negotio

433 1229 496 1294 ad
549 1244 878 1296 tremendum
911 1240 998 1294 Dei
1042 1241 1296 1307 judicium
1339 1248 1587 1306 provocat
1630 1236 1966 1289 adversarios

434 1331 517 1414 his
549 1320 723 1414 verbis
753 1329 817 1410 ξς
853 1319 1225 1408 sedquoniam
1257 1332 1322 1384 ad
1349 1329 1607 1398 judicium
1639 1327 1728 1380 Dei
1757 1325 1967 1380 venturi

434 1405 616 1484 sumus
645 1405 1096 1500 ,‘Inon'refugiant
1149 1422 1287 1476 scire
1326 1423 1463 1490 quod
1516 1434 1693 1473 verum
1739 1427 1862 1481 est,
1902 1431 1968 1470 ne

435 1501 577 1571 forte
601 1495 904 1586 ignorantes
930 1497 1235 1581 delinquant
1269 1530 1281 1564 :
1308 1513 1397 1564 sed
1421 1510 1820 1564 considerantes
1843 1508 1968 1577 quia

434 1608 582 1660 falsis
613 1604 1069 1658 criminationibus
1087 1611 1360 1672 percutere
1386 1599 1606 1653 fratrum
1638 1595 1970 1652 inﬁrmorum

434 1695 807 1758 conscientias,
829 1693 883 1744 in
911 1687 1176 1745 Christum
1207 1705 1427 1758 peccare
1457 1698 1557 1751 est,
1597 1687 1715 1742 ideo
1744 1703 1847 1741 non
1883 1702 1970 1740 ac-

436 1784 767 1837 commodent
793 1781 1249 1836 criminatiouibus
1273 1793 1450 1832 aurem
1482 1794 1654 1840 suam,
1671 1793 1766 1831 nec
1783 1776 1848 1829 ab
1866 1775 1972 1829 alio

1792 398 2226 478 EXCERPTDM._
2362 465 2364 468 ,

431 548 504 585 rae
545 529 751 600 pietatis
783 529 1076 598 studiosum
1118 528 1283 583 multa
1313 525 1641 592 ostendunt,
1693 533 1960 591 utcunque
1993 526 2034 582 Α
2062 519 2184 572 dum
2231 513 2639 583 Apologeticum
2691 506 2894 568 sancti

2072 623 2168 676 pro
2196 606 2436 674 Origene
2463 601 2662 658 Graeco
2700 607 3003 658 sermone
3034 590 3260 647 edidit
3290 628 3312 653 ,
3355 583 3844 668 proutfpotuimus

2071 700 2151 753 vel
2195 714 2284 752 res
2313 681 2588 766 poposcit,
2644 692 2866 747 Latino
2900 681 3232 742 sermone
3291 678 3712 748 digessimus,
3731 676 3845 730 illud

2069 801 2152 844 est
2176 788 2318 857 quod
2344 799 2416 851 te,
2436 784 2863 840 desideriorum
2887 777 2991 834 vir
3016 771 3313 835 Macati,
3338 767 3852 842 admonitumesse

2072 879 2213 944 volo,
2241 889 2300 932 ut
2335 878 2483 933 scias
2516 876 2663 930 hanc
2719 870 2979 940 quidem
3023 865 3206 922 ﬁdei
3230 859 3768 939 regulam,quam
3796 858 3854 910 de

2072 969 2223 1024 libris
2251 967 2370 1034 ejus
2415 982 2581 1034 supra
2628 964 3070 1034 exposuimus,
3124 969 3315 1018 esse,
3362 966 3512 1021 qua:
3566 959 3631 1006 et
3657 949 3853 1020 ample-

2072 1060 2260 1113 ctenda
2294 1062 2366 1113 sit
2412 1067 2469 1112 et
2517 1055 2842 1110 retinenda.
2899 1052 2973 1105 In
3015 1047 3353 1102 omnibus
3407 1042 3585 1104 enim
3636 1040 3727 1110 his
3775 1056 3853 1094 ca-

2075 1147 2335 1203 tholicum
2370 1148 2553 1200 inesse
2586 1158 2834 1202 sensum
2887 1141 3257 1198 evidenter
3296 1135 3697 1206 probatur.)
3726 1131 3856 1188 Fieri

2074 1254 2206 1292 sane
2233 1253 2341 1292 non
2365 1240 2568 1307 potuit,
2614 1247 2677 1293 ut
2705 1232 3015 1302 Rufinus,
3061 1230 3176 1302 vir
3212 1231 3285 1288 in
3326 1227 3613 1290 articulo
3649 1226 3717 1284 de
3741 1242 3858 1278 sau-

2073 1338 2158 1382 cta
2185 1323 2457 1383 Trinitate
2487 1329 2703 1398 absque
2733 1328 2922 1383 dubio
2958 1321 3506 1385 Catholicusﬁu
3537 1328 3660 1373 tam
3691 1326 3858 1386 aperta

2077 1417 2417 1486 blasphemia
2477 1415 2832 1476 catholicum
2885 1416 3142 1486 inesse
3210 1425 3534 1470 sensum.
3583 1409 3857 1479 evidenter

2077 1508 2293 1575 probari
2351 1507 2605 1561 consulto
2639 1507 2897 1572 diceret,
2946 1506 3170 1574 idque
3200 1505 3274 1558 in
3321 1501 3439 1557 illo
3477 1502 3614 1570 ipso
3643 1500 3716 1579 ad
3745 1497 3847 1552 Ma.

2076 1598 2281 1651 corium
2333 1597 2475 1650 libro
2508 1596 2652 1667 (42),
2687 1611 2806 1665 quo
2847 1597 3154 1654 credere
3195 1608 3280 1650 se
3317 1591 3863 1662 religioseproﬁtev

2081 1698 2190 1754 tur,
2228 1705 2247 1737 ‹
2286 1688 2432 1756 quod
2489 1698 2686 1742 sancta
2720 1687 3020 1748 Trinitas
3060 1671 3436 1742 eoat-terna
3477 1685 3590 1750 sit,
3622 1693 3686 1743 et
3721 1682 3863 1735 unius

2080 1786 2287 1832 natura:
2315 1818 2331 1842 ,
2373 1776 2654 1846 uniusque
2704 1776 2970 1830 virtutis
3013 1785 3094 1831 et
3165 1774 3581 1830 substantia:
3605 1813 3628 1842 ,
3667 1791 3689 1827 ι
3724 1782 3864 1841 atque

437 1875 642 1928 discant
674 1873 894 1925 alterius
921 1871 1096 1933 fidem,
1127 1869 1355 1922 maxime
1376 1884 1495 1922 cum
1526 1882 1703 1921 coram
1733 1866 1964 1934 experiri
2003 1855 2046 1912 Β
2078 1869 2234 1922 aliter
2287 1868 2506 1924 docenti
2527 1925 2529 1930 ,
2550 1867 2908 1926 anathema.
2941 1866 3368 1922 denuntiat.
3428 1864 3720 1933 Nunquid
3751 1878 3861 1918 vero

436 1964 504 2017 sit
537 1963 683 2031 copia
711 2002 726 2027 ,
776 1970 828 2013 et
860 1961 969 2015 oris
1013 1961 1092 2014 sui
1127 1957 1392 2013 confessio
1419 1999 1432 2021 ,
1470 1959 1593 2025 quid
1629 1957 1711 2011 vel
1745 1957 1973 2026 qualiter

441 2052 798 2120 unusquisque
831 2049 1023 2112 credit,
1056 2051 1363 2102 ostendat...
1401 2047 1634 2111 Qualiter
1679 2061 1808 2116 ergo
1847 2063 1970 2100 scu-

439 2144 532 2196 tiat
563 2141 817 2210 Origent-s
847 2143 898 2194 in
926 2141 1143 2210 singulis
1167 2181 1182 2205 ,
1232 2150 1383 2194 tenor
1431 2137 1588 2192 libelli
1642 2140 1800 2207 hujus
1848 2140 1974 2192 edo-

437 2243 572 2286 ceat.
616 2251 648 2297 ¹ι
698 2233 752 2285 ln
789 2233 1052 2287 vertendis
1091 2231 1301 2298 quidem
1344 2229 1610 2298 plerisque
1639 2230 1884 2297 Origeuis
1911 2231 1974 2282 Ii-

440 2323 549 2376 hris
587 2321 748 2374 multa
775 2321 837 2374 de
869 2337 962 2375 suo
991 2321 1255 2374 addidisse
1284 2318 1528 2373 Ruﬁnum
1561 2320 1670 2390 (41)
1701 2305 1910 2378 constat
1952 2338 1965 2373 :

439 2413 529 2467 sed
554 2413 970 2482 quotiescunque
1016 2428 1074 2464 ea
1107 2413 1352 2466 libertate
1389 2427 1515 2467 usus
1544 2412 1704 2464 fuerit
1731 2449 1747 2476 ,
1772 2457 1776 2464 ε
1799 2412 1863 2465 de
1911 2425 1974 2464 eo

440 2502 689 2556 lectorem
723 2517 915 2565 suum,
965 2511 1119 2570 prout
1171 2502 1441 2556 hominem
1494 2503 1716 2571 probum
1763 2510 1817 2555 et
1865 2501 1973 2554 veri

443 2589 959 2646 amantemdecebat
987 2631 1003 2656 ,
1057 2591 1166 2660 ipse
1211 2607 1466 2662 expresse
1517 2592 1740 2648 monuit.
1791 2591 1976 2657 Quid?

441 2685 580 2752 quod
631 2685 742 2752 ipse
779 2681 1131 2758 Hieronymus
1158 2722 1173 2746 ,
1222 2679 1309 2752 qui
1342 2683 1573 2752 alioquin
1604 2693 1712 2737 tam
1754 2667 1976 2737 manife-

443 2774 575 2830 stam
609 2773 843 2842 fraudem
868 2775 1057 2828 Ruﬁno
1090 2777 1394 2843 neutiquam
1419 2777 1812 2846 condonaturus
1843 2773 1976 2828 fuis-

445 2876 549 2930 set,
586 2881 650 2920 ne
679 2879 839 2918 mmm
871 2863 1082 2932 quidem
1117 2863 1361 2934 Origenis
1387 2863 1558 2918 locum
1587 2902 1603 2926 ,
1628 2861 1680 2916 in
1712 2857 1973 2930 Pamphili

444 2957 555 3010 sive
591 2954 800 3008 Eusebii
849 2955 1097 3023 Apologia
1145 2954 1363 3008 citatum
1391 2997 1404 3016 ,
1442 2952 1666 3016 notavit,
1701 2953 1793 3020 qui
1819 2952 1978 3005 aliter

445 3059 472 3097 a
517 3044 708 3097 Ruﬁno
759 3043 964 3098 Latine‘
1001 3043 1233 3098 redditus
1285 3042 1484 3106 fuerit,
1541 3057 1699 3110 quam
1750 3041 1864 3094 sive
1924 3041 1974 3093 in

449 3134 701 3204 Apologia
733 3134 816 3186 illa
843 3174 856 3198 ,
889 3141 1001 3188 slve
1043 3133 1180 3201 apud
1223 3133 1394 3200 ipsum
1439 3129 1720 3200 Origenem
1771 3131 1975 3200 legere-

448 3233 552 3279 tur.

517 3317 545 3388 §
579 3317 717 3370 XXI.
751 3317 879 3381 Quis
906 3329 1029 3368 vero
1061 3329 1162 3367 non
1195 3313 1411 3366 miretur
1433 3309 1838 3380 Hieronymum,
1871 3311 1985 3364 haec

449 3408 637 3460 Ruﬁno
667 3407 732 3459 de
764 3407 872 3472 ipsa
907 3405 1022 3472 ejus
1052 3403 1293 3455 versione
1327 3400 1660 3466 obiicientem
1689 3399 1710 3451 ?
1736 3417 1754 3449 ι
1795 3399 1983 3462 Multa,

451 3501 621 3567 inquit
659 3499 710 3550 in
752 3496 966 3562 Apolog.
1011 3493 1208 3547 advers.
1234 3491 1409 3558 Ruﬁn.
1434 3489 1525 3542 lib.
1561 3503 1623 3548 tt,
1666 3503 1782 3556 cap.
1829 3489 1883 3553 4,
1933 3489 1986 3542 in

450 3592 536 3642 iHa
573 3587 818 3642 scandala
868 3585 1204 3653 reperiuntur
1251 3591 1304 3635 et
1345 3579 1691 3648 apertissima;
1742 3578 1989 3646 blasphe-

451 3674 589 3727 miae.
629 3669 760 3725 Dicit
792 3671 1071 3734 Eusebius,
1111 3670 1236 3729 imo,
1283 3675 1341 3718 ut
1371 3675 1424 3718 tu
1454 3665 1556 3727 vis,
1592 3663 1905 3732 Pamphilus
1932 3667 1986 3719 in

453 3763 554 3818 isto
588 3763 852 3816 volumine
879 3804 893 3826 ,
934 3756 1052 3814 Filii
1080 3767 1132 3813 et
1164 3757 1339 3811 Patris
1377 3756 1681 3808 ministrum
1728 3756 1987 3814 Spiritum

453 3862 693 3906 sanctum
725 3865 826 3903 non
861 3850 925 3902 de
952 3849 1134 3902 eadem
1172 3846 1349 3899 Patris
1391 3841 1618 3911 Filiique
1649 3845 1986 3913 substantia;

454 3943 658 3997 animas
690 3941 960 3994 hominum
1008 3936 1186 4006 lapsas
1211 3951 1328 3988 esse
1351 3936 1415 3988 de
1457 3937 1616 3996 ctelo,
1669 3951 1687 3984 ›
1725 3945 1828 3988 etc.
1856 3935 1988 3988 Nam

455 4033 552 4088 etsi
585 4030 888 4099 Pamphilus
915 4027 1126 4096 quidem
1152 4024 1204 4079 in
1232 4024 1481 4093 Apologia
1517 4038 1546 4076 a
1585 4022 1774 4077 Ruﬁno
1816 4039 1986 4091 versa,

455 4121 733 4176 inducatur
771 4113 1052 4186 Origenem
1082 4114 1402 4176 defendens,
1440 4113 1490 4166 in
1520 4127 1583 4166 eo
1614 4114 1753 4180 quod
1789 4116 1991 4166 anima-

455 4227 571 4264 rum
603 4208 1073 4278 przeexsisteutiam
1101 4205 1418 4265 crediderit;
1459 4203 1783 4270 luasphemia
1813 4213 1988 4257 tamen

458 4295 541 4348 illa
568 4299 632 4351 de
675 4296 875 4364 Spiritu
909 4303 1094 4348 sancto
1120 4305 1380 4360 nusquam
1413 4291 1464 4344 in
1510 4305 1574 4344 eo
1599 4304 1758 4357 opere
1792 4291 1992 4358 reperi—

459 4397 562 4438 tur.
619 4386 794 4448 Dices,
828 4383 1076 4436 Ruﬁnum
1118 4383 1184 4436 ab
1217 4378 1538 4449 Hieronymo
1570 4379 1916 4440 admonitum,
1951 4396 1982 4434 e

459 4474 568 4526 suis
609 4475 775 4541 ipsam
819 4473 1092 4526 codicibus
1120 4471 1472 4538 expunxisse.
1520 4467 1623 4522 Sed
1653 4469 1790 4520 unde
1821 4468 1986 4537 igitur
2018 4493 2067 4552 υ
2095 4468 2215 4521 dem
2265 4467 2472 4522 homini
2529 4486 2640 4524 una
2667 4487 2806 4530 cum
2843 4485 3102 4544 anima
3135 4467 3300 4563 e-jus
3359 4467 3823 4562 ίηίεῖυξιξιξινξξξ

459 4562 652 4624 even".
679 4570 735 4612 ut
756 4561 965 4613 .nuuum
982 4560 1096 4629 eius
1124 4558 1300 4627 operis
1333 4555 1602 4668 exemplar
1623 4555 1776 4668 hodie
1798 4567 1988 4668 exstet,
2023 4548 2051 4552 ⁷
2090 4558 2514 4615 Commentariis
2545 4562 2601 4616 in
2635 4580 2768 4635 cap.
2819 4585 2891 4623 nr
2946 4548 3333 4647 lam-“:11;

460 4652 472 4664 ι
584 4665 638 4668 WA
666 4650 828 4668 l.|-_s|
862 4666 871 4668 _
901 4667 906 4668 ,
940 4652 976 4668 ο-
1019 4651 1111 4668 2-.-
1144 4649 1437 4668 ___--_:_.-__
1560 4662 1636 4668 .-.μ
1693 4661 1820 4668 --.μη
1884 4658 1961 4668 ,ιΔ
2092 4648 2151 4668 ι.-
2195 4647 2275 4668 ιιι-
2355 4648 2501 4668 λικιο.
2686 4665 2695 4668 -
2742 4657 2754 4668 α
3004 4667 3020 4668 κ
3615 4641 3661 4668 ³9

460 4652 512 4705 in
541 4665 646 4718 quo
666 4650 986 4718 blasphemia
1019 4651 1116 4703 ista
1143 4646 1480 4716 reperiatur?
1511 4646 1640 4699 Nam
1671 4646 1824 4715 longe
1863 4646 1992 4700 late-

459 4757 562 4810 que
589 4740 825 4807 dispersa
861 4740 1066 4793 fuerant
1096 4738 1393 4792 Rufinianze
1426 4737 1791 4790 translationis
1810 4750 1993 4789 exem-

460 4831 652 4900 plaria,
674 4837 954 4896 antequam
996 4829 1122 4882 illud
1151 4829 1404 4899 objecerit
1438 4822 1808 4896 Hieronymus.
1845 4825 1995 4878 Nun-

459 4920 584 4990 quid
612 4915 894 4970 verisimile
926 4925 1027 4980 est,
1054 4912 1322 4980 Ruﬁnum,
1348 4917 1616 4974 hominem
1645 4915 1851 4968 scilicet
1880 4910 1992 4965 Ro-

459 5023 560 5062 ma:
605 5001 894 5072 despicatui
934 5001 1168 5055 habitum
1197 5019 1290 5072 per
1320 4995 1629 5072 Hieronymi
1661 5012 1804 5054 artes
1829 5039 1844 5064 ,
1871 5016 1991 5068 ,ρο-

461 5099 627 5152 tuisse
652 5106 835 5150 omnes
877 5089 994 5144 illos
1027 5091 1233 5144 codices
1265 5093 1468 5160 priores
1493 5096 1608 5145 sive
1636 5084 1990 5157 supprimere,

461 5185 573 5241 sive
592 5181 918 5240 emendare?
947 5179 1143 5232 Deinde
1163 5176 1385 5233 Rufinus
1418 5179 1473 5234 in
1504 5177 1720 5250 Epilogo
1751 5181 1817 5233 ad
1837 5173 1994 5234 Pam-

461 5271 591 5341 phili
616 5271 921 5339 Apologiam
941 5305 956 5330 ,
983 5263 1154 5333 qualis
1194 5265 1422 5331 primum
1453 5269 1520 5322 ab
1560 5266 1672 5336 ipso
1697 5268 1841 5322 edita
1895 5269 1996 5322 fuit

462 5359 626 5430 (quod
659 5374 724 5414 ex
752 5359 1072 5424 Hieronymo
1097 5352 1256 5424 etiam
1283 5353 1580 5425 discimus),
1604 5354 1889 5412 Macarium
1915 5357 1994 5412 sic

464 5449 786 5516 alloquitur:
821 5467 841 5501 ς
878 5447 937 5502 ln
972 5447 1056 5502 bis
1081 5457 1199 5510 qua:
1235 5441 1286 5495 in
1315 5442 1572 5511 superiori
1611 5448 1764 5514 libro,
1800 5462 1994 5503 secun-

532 5539 576 5570 ”
608 5538 800 5595 Genes.
831 5557 896 5606 tt,
922 5541 975 5595 7.
1048 5539 1093 5571 ⁷⁸
1118 5537 1310 5608 Ephes.
1337 5551 1406 5599 tv,
1441 5537 1526 5590 50.

536 5629 798 5698 (“unde
819 5631 992 5686 Ruﬁni
1017 5631 1168 5686 Praef.
1193 5629 1246 5684 in
1268 5628 1384 5684 libr.
1401 5627 1773 5698 Hepldpxdw,
1793 5645 1846 5687 et
1875 5635 2006 5689 Per-

466 5699 692 5750 oratiou.
742 5700 806 5752 ad
847 5699 1144 5758 Comment.
1181 5699 1394 5767 Origeu.
1432 5698 1485 5750 in
1527 5697 1690 5766 Epist.
1734 5705 1801 5754 ad
1831 5703 2010 5772 Rom,

2080 1959 2152 2011 ita
2183 1958 2433 2024 stupidus
2459 1956 2566 2010 fuit
2606 1957 2892 2020 Ruﬁnus.
2933 1965 3020 2016 ut
3071 1957 3392 2025 spissam
3428 1957 3593 2024 adeo
3637 1956 3864 2021 blasphe-

2083 2049 2242 2101 miam
2275 2048 2328 2100 in
2376 2062 2472 2100 sua
2522 2047 3147 2116 translationeipse
3177 2087 3198 2111 ,
3249 2047 3522 2114 absque
3572 2047 3865 2104 monitore.

2081 2152 2185 2188 non
2233 2135 2767 2210 animadverteret?
2805 2135 3106 2200 Minime
3150 2139 3507 2206 gentium.
3548 2137 3700 2206 Quid
3727 2139 3866 2207 igitur

2079 2225 2361 2284 dicendum
2395 2224 2420 2277 ?
2454 2226 2560 2280 Det
2619 2225 2763 2278 mihi
2812 2226 2925 2280 hic
2978 2227 3220 2285 lector
3249 2243 3508 2297 aequus
3540 2226 3867 2297 conjeeundi

2081 2318 2288 2372 veniam
2318 2314 2647 2384 Pamphilus
2683 2331 2881 2386 prOpe
2918 2317 3148 2372 [luem
3213 2320 3574 2390 Apologiw
3609 2335 3639 2376 ι
3691 2319 3870 2372 Ruﬁno

2096 2421 2249 2460 versae
2273 2445 2289 2470 ,
2343 2403 2601 2476 Origenis
2627 2420 2914 2460 errorem
2988 2408 3082 2461 de
3148 2409 3555 2463 animarum
3579 2410 3870 2482 Δοι-τςροῖδπάρέ

2083 2494 2191 2560 ξειν
2221 2495 2554 2559 defendens,
2591 2495 2682 2549 vel
2725 2505 2909 2549 certe
2947 2481 3334 2572 excusans
3369 2537 3389 2562 ς
3445 2473 3772 2569 coniraqne
3794 2477 3872 2558 eos

2084 2586 2388 2653 disputans,
2420 2585 2514 2653 qui
2545 2585 2898 2650 animarum
2937 2577 3872 2666 traductionemdefenderent,

2096 2674 2187 2727 luo
2212 2675 2407 2741 horum
2442 2687 2646 2740 genera
2707 2673 3049 2742 describit.
3103 2669 3135 2730 ε’
3177 2658 3869 2754 διιθιῖιίῐηᾏολιίυῂίίίιιιῐ

2081 2775 2204 2815 cum
2257 2761 2472 2826 animas
2519 2757 2843 2816 hominum
2885 2778 2979 2819 ex
3038 2747 3364 2832 traduce:
3413 2747 3912 2843 essedo’éé‘mn,

2083 2853 2310 2920 primam
2341 2859 2520 2906 tamen
2569 2847 2846 2925 animam
2888 2866 2983 2910 ex
3015 2849 3168 2938 ΔΠιὲί
3205 2851 3390 2938 esse
3417 2847 3775 2938 isilbs‘taptia
3802 2862 3873 2916 de—

2085 2942 2403 3007 fenderent;
2449 2956 2642 2996 eorum
2678 2944 3015 3014 alterum,
3055 2936 3186 3021 qui
3213 2939 3331 3009 ἐι
3365 2936 3575 3011 nihilo
3615 2936 3812 3012 factam
3852 2970 3875 3007 ι

2083 3030 2193 3084 Deo
2214 3046 2336 3085 esse
2359 3031 2598 3084 animam
2637 3029 2809 3084 illam
2850 3037 3179 3102 primam
3231 3035 3646 3110 assererem.
3689 3048 3879 3100 Δάνα..

2084 3135 2176 3175 sus
2205 3123 2414 3191 priores
2439 3123 2512 3174 ita
2549 3121 2797 3176 disserit
2837 3125 3320 3200 Pamphilus,
3359 3153 3509 3207 cap.
3554 3135 3618 3204 9,
3647 3155 3773 3208 pag.
3807 3137 3879 3196 £3.

2091 3229 2110 3262 ι
2141 3210 2256 3266 ³³η)
2285 3225 2412 3264 νθῐυ
2446 3211 2545 3275 illi.
2572 3212 2670 3279 qui
2702 3227 2784 3266 ex
2827 3219 3154 3278 traduce
3195 3229 3469 3282 animas
3524 3229 3732 3284 venire
3758 3227 3884 3283 afﬁr-

2096 3309 2256 3364 mant,
2283 3309 2336 3353 et
2357 3300 2517 3353 simul
2543 3315 2674 3353 cum
2709 3309 3080 3372 corporali
3119 3328 3250 3370 eas
3292 3321 3539 3373 semine
3577 3322 3884 3378 seminari;

2085 3390 2346 3457 siquidem
2375 3391 2457 3458 (ut
2489 3389 2726 3458 quidam
2762 3392 3105 3460 ipsorum
3156 3406 3494 3464 afﬁrmare
3538 3410 3764 3480 solent)
3798 3427 3889 3464 non

2091 3480 2230 3534 alivd
2260 3482 2445 3534 dicunt
2473 3481 2731 3536 allimam
2775 3501 2939 3544 esse
2993 3508 3231 3563 quam
3271 3483 3750 3556 insufﬂationem
3777 3503 3893 3571 Spi-

2096 3573 2224 3624 ritus
2255 3571 2374 3634 θεῖ’
2407 3571 2555 3639 mam
2584 3572 2831 3630 “me”
2865 3593 3103 3649 Quam
3149 3589 3223 3643 in
3255 3592 3446 3647 initio
3471 3593 3718 3648 factura
3745 3609 3898 3646 muti.

2089 3662 2138 3716 di
2167 3661 2303 3714 Deus
2330 3659 2644 3755 insuﬁlasse
2679 3665 2940 3725 dicitur
3010 3656 3087 3730 iri
3139 3680 3373 3738 Adam
3401 3681 3489 3750 11’
3538 3687 3613 3740 de
3654 3686 3782 3755 ipsa
3817 3687 3890 3738 De,

2089 3765 2210 3846 esse
2249 3767 2375 3846 eam
2425 3752 2755 3846 substantia
2794 3765 3251 3828 profitentes
3288 3812 3312 3841 ,
3364 3752 3696 3846 quomodo
3728 3793 3826 3830 non
3849 3788 3889 3828 et

2092 3842 2178 3894 isti
2213 3843 2540 3894 videbuntur
2567 3845 3079 3911 quodammodo
3110 3861 3280 3933 hanc
3330 3842 3580 3933 praeter
3608 3869 3885 3936 Scriptura!

2093 3935 2354 4030 regulam:
2387 3941 2440 4030 et
2469 3934 2752 3988 rationem
2795 3931 3114 4007 pietatis»
3155 3931 3488 4013 asserere
3510 4000 3530 4023 ,
3581 3931 3755 4030 quod-
3781 3961 3887 4013 sub-

2090 4022 2314 4115 stantia“
2320 4019 2414 4073 Dei
2454 4022 2598 4115 est?
2639 4042 2659 4074 ι
2694 4023 2815 4115 vix
2868 4032 3198 4106 dubito,
3249 4049 3423 4115 quin
3471 4019 3550 4105 ei:
3603 4019 3704 4105 ius
3739 4052 3893 4103 verbis

2092 4107 2250 4209 istam
2278 4104 2565 4171 Pamphilo
2616 4111 3038 4176 calumniari:
3101 4104 3462 4190 strinxerit
3515 4138 3895 4209 Hieronymus.

2093 4290 2420 4382 {piraculpm
2459 4293 2610 4382 vitae.
2640 4301 2833 4364 'quod
2876 4304 3080 4367 Deus
3139 4321 3384 4382 primo
3449 4290 3688 4382 homini
3719 4290 3898 4382 ’ίηςυίξ

2092 4376 2516 4474 Hasse-dicitur,
2553 4379 2737 4440 fuisse
2790 4387 3031 4457 ipsum

3868 4525 3900 4557 lii

2092 4648 2160 4748 ha
2195 4647 2304 4749 illa,
2344 4648 2537 4752 Nolite
2570 4657 2937 4718 contristare
2980 4667 3345 4737 Spiritum
3384 4647 3685 4744 :arrie'tir-m
3708 4647 3788 4745 ‘1’;
3820 4647 3906 4758 qia

2095 4738 2288 4839 εδεῖζξαιί
2519 4741 2578 4794 εει
2628 4745 2722 4797 die
3320 4738 3906 4839 n‘.i;;.'.;".;..;.3.;.1

2098 4825 2366 4926 «.Signali
2399 4830 2551 4883 enim
2580 4847 2786 4891 sumus
2827 4822 3117 4913 Spiritu
3157 4822 3286 4919 Dei
3335 4822 3593 4930 sane;

2095 4917 2235 5015 ritus
2274 4925 2466 5015 noster
2517 4930 2574 4974 et
2610 4925 2814 4982 anima
2888 4917 3621 5015 imprima,;t;;";i:t:

2092 5012 2146 5056 et
2173 5003 2317 5106 illam
2347 5009 2689 5076 recipiam-us
2728 5003 3108 5092 imaginem
3160 5003 3236 5097 ea;
3250 5003 3803 5114 ίᾞῧέἷίῖιῖῷ
3840 5003 3908 5108 ᾝ

2093 5105 2632 5208 ιΣ-ἓῗηιιεῗ
2688 5117 2929 5208 conditi
3010 5143 3303 5194 sumus.
3376 5144 3531 5205 Hoc
3587 5155 3911 5208 signaculum

2094 5182 2268 5282 sapcti
2300 5186 2572 5256 Spiritus,
2604 5193 2774 5262 juxta
2807 5170 3895 5286 eloquia-ii].'lgerzlzﬁirigixgi:

3657 4888 3794 4931 utet
3821 4876 3904 4942 spi-

3473 4969 3798 5050 signaculo
3840 4968 3909 5021 Dei
