3922 6478
172 491 290 564 ms

1151 483 1241 556 sit
1279 503 1342 558 (ι.
1385 483 1581 557 sum
1617 481 1766 556 bar.
1800 485 1972 556 Ftbizt
2013 491 2323 558 storms.

3168 481 3299 554 iiiis

172 621 288 674 ritus
331 617 496 672 sancti
534 611 718 686 :"qnod
767 615 885 672 ideo
943 613 1159 670 Omnino
1208 615 1395 669 fecisse
1438 615 1663 677 videtur,
1699 615 1745 672 Α
1780 615 2012 682 spondit,
2051 625 2345 668 matronam
2384 603 2666 683 quamdain
2705 611 2804 666 sibi
2833 609 3075 675 dedisse,
3106 609 3171 664 de
3195 617 3296 680 qua

169 712 277 781 Quia
306 710 617 779 spiraculum
643 712 762 764 vitae
786 751 800 776 ,
829 711 966 779 quod
999 710 1136 764 Deus
1162 725 1280 764 cum
1317 711 1542 780 primum
1577 711 1672 763 bo-

169 804 366 858 minemt
388 800 678 862 formaret,
716 801 814 869 ipsi
846 799 1142 876 insufflasse
1166 801 1382 866 dicitur,
1416 800 1670 868 Spiritum

166 889 314 944 fuisse
337 898 575 944 sanctum
606 889 854 948 credidit.
892 877 1004 943 Hoc
1047 888 1248 944 clarius
1292 889 1424 943 dixit
1457 888 1670 942 Tertul-

169 979 325 1032 lianns
360 977 453 1032 lib.
486 977 564 1032 De
597 977 866 1046 baptisma,
899 994 1018 1048 cap.
1060 979 1115 1043 5,
1166 979 1253 1033 ubi
1296 984 1361 1032 de
1394 993 1674 1047 regenera-

166 1071 300 1124 tione
320 1069 564 1132 hominis,
594 1083 709 1137 quae
729 1085 822 1138 per
853 1069 1172 1138 baptismum
1207 1069 1282 1132 fit,
1309 1068 1388 1122 sic
1409 1067 1668 1134 loquitur:

169 1175 189 1210 α
230 1159 302 1213 Ita
329 1158 626 1213 restituitur
658 1159 818 1214 homo
849 1159 957 1213 Deo
998 1159 1062 1213 ad
1113 1155 1508 1214 similitudinem
1537 1157 1670 1222 ejus,

159 1247 241 1315 qui
276 1256 414 1300 retro
465 1247 530 1300 ad
581 1247 865 1315 imaginem
915 1247 1007 1302 Dei
1055 1247 1298 1302 conditus
1339 1247 1531 1311 fuerat,
1566 1255 1671 1300 etc.

161 1337 356 1406 Recipit
390 1337 532 1392 enim
573 1338 716 1391 illum
765 1337 856 1392 Dei
893 1337 1148 1406 Spiritum
1172 1377 1188 1403 ,
1219 1343 1374 1408 quem
1426 1347 1552 1390 tunc
1611 1337 1676 1390 de

157 1425 324 1482 afﬂatu
346 1427 460 1495 ejus
496 1431 793 1496 acceperat,
833 1429 924 1481 sed
959 1436 1078 1496 post
1123 1430 1373 1482 amiserat
1423 1441 1517 1494 per
1544 1426 1676 1480 deli-

155 1525 310 1570 ctum.
353 1533 372 1566 ι
401 1515 534 1569 Hinc
571 1516 730 1584 igitur
758 1515 950 1570 factum
993 1517 1220 1579 videtur,
1255 1517 1309 1568 ut
1341 1527 1406 1568 ex
1449 1527 1512 1567 eo
1538 1515 1676 1582 quod

152 1600 551 1657 insuliistionem
585 1604 814 1669 Spiritus
863 1604 953 1657 Dei
990 1603 1318 1671 Pamphilus,
1347 1603 1460 1655 sive
1492 1605 1678 1655 auctor

153 1693 406 1760 Apologia:
436 1692 758 1761 (intelligens
805 1693 1052 1746 nimirum
1097 1706 1192 1761 per
1239 1689 1675 1752 insnillatidnem,

144 1781 291 1849 juxta
342 1796 462 1837 eum
519 1783 838 1836 adversariis
882 1795 1014 1851 quos
1074 1781 1307 1846 refellit,
1363 1780 1496 1833 nihil
1535 1779 1677 1832 aliud

149 1883 306 1937 quam
341 1871 506 1940 ipsam
536 1869 764 1924 heminis
791 1867 1069 1938 anlmam),
1096 1877 1312 1938 negaret
1343 1869 1405 1922 de
1430 1867 1677 1923 substan-

1776 718 1873 772 ego
1901 743 1915 768 ,
1954 707 2284 771 quaecunque
2317 702 2402 755 illa
2433 711 2555 767 est,
2590 700 2720 755 nihil
2748 701 2893 765 dico;
2944 699 3036 754 sed
3067 688 3147 754 sui
3182 712 3300 752 eam

1770 803 1823 847 et
1850 793 1941 846 Dei
1973 791 2312 846 conscientiae
2346 791 2680 860 derelinquo.
2715 810 2733 841 ι
2766 791 2938 858 Atque
2959 789 3020 843 de
3041 781 3301 857 Pamphili

1772 883 2019 949 Apologia
2042 897 2133 949 pro
2167 880 2405 952 Origene,
2447 881 2559 936 ιιωο
2585 880 2637 935 ἰη
2668 881 3064 949 praesentiarum
3106 879 3302 932 dixisse

1771 971 2010 1027 Sufﬁciat.

1842 1061 1869 1132 ᾗ
1902 1059 2056 1114 XXII.
2081 1058 2314 1127 Utcaput
2342 1060 2440 1114 hoc
2465 1060 2672 1113 tandem
2703 1057 2962 1123 claudam,
2992 1059 3114 1111 dum
3145 1056 3301 1109 allata

1773 1151 2013 1221 superius
2042 1149 2285 1218 Origenis
2332 1150 2449 1203 loca
2478 1151 2730 1202 attentius
2762 1149 3051 1217 perpendo,
3082 1143 3153 1200 ila
3185 1161 3300 1200 me-

1773 1259 1892 1299 cum
1927 1251 2141 1297 statuo:
2202 1241 2417 1296 Patrem
2458 1241 2600 1294 illurn
2629 1279 2644 1303 ,
2688 1249 2764 1293 tot
2794 1240 3151 1307 theologorum
3200 1239 3304 1308 qua

1780 1335 2020 1402 veterum
2045 1347 2147 1401 qua
2189 1333 2541 1386 recentiorum
2573 1330 2813 1384 censuris
2841 1340 3111 1395 vexatum,
3145 1331 3197 1384 in
3223 1345 3303 1384 ar-

1776 1422 1938 1475 ticulo
1981 1422 2046 1475 de
2078 1415 2196 1474 Filii
2226 1422 2505 1476 divinitate
2525 1461 2540 1484 ,
2575 1421 2808 1488 adeoque
2834 1421 2898 1473 de
2924 1427 3102 1474 sancta
3133 1419 3305 1472 Trini-

1779 1518 1883 1563 tate
1905 1515 2089 1563 revera
2130 1509 2450 1563 catholicum
2481 1508 2644 1562 fuisse
2679 1525 2692 1560 :
2722 1512 3023 1576 quanquam
3056 1509 3107 1560 in
3150 1507 3305 1560 mOtld

1776 1598 2058 1654 articulum
2109 1599 2406 1667 etplicandi
2433 1637 2448 1661 ,
2492 1599 2648 1652 aliter
2693 1600 3068 1666 nonnunquam
3103 1597 3307 1650 locutus

1775 1691 1974 1753 fuerit,
2004 1705 2161 1758 quam
2199 1690 2355 1745 hodie
2381 1689 2637 1743 Catholitii
2661 1689 2864 1753 solent;
2896 1688 3032 1754 quod
3062 1687 3159 1754 ipsi
3188 1691 3307 1740 cuni

1778 1781 1992 1848 reliquis
2023 1773 2132 1832 fere
2157 1777 2400 1832 omnibus
2431 1776 2678 1831 Patribus
2700 1818 2715 1842 ,
2754 1778 2841 1845 qni
2889 1777 3172 1830 concilium
3223 1775 3311 1827 Nia

1778 1883 1979 1923 caenum
2034 1876 2474 1932 antecesserunt,
2512 1880 2788 1919 commune
2841 1865 2955 1918 fuit.
3005 1863 3112 1917 lmo
3158 1862 3314 1918 liccat

151 1961 219 2014 tia
253 1974 371 2014 esse
403 1959 539 2023 Dei,
589 1961 757 2028 ipsum
801 1961 1158 2013 calumniatus
1209 1959 1368 2012 fuerit
1423 1957 1667 2029 llierony-
1705 1941 1752 2000 θ’
1781 1961 1908 2014 mihi
1949 1960 2001 2013 in
2049 1958 2264 2026 scriptis
2291 1956 2537 2026 Origenis
2574 1971 2676 2008 non
2706 1955 3048 2023 indiligenter
3077 1966 3308 2016 versato;

144 2065 286 2114 mus,
316 2051 469 2118 quasi
507 2051 819 2116 docuisset,
852 2049 1107 2119 Spiritum
1143 2050 1231 2103 Dei
1260 2088 1276 2113 ,
1308 2049 1515 2103 tertiam
1547 2049 1680 2104 divi-

145 2140 330 2195 nitatis
361 2149 664 2209 personam,
691 2142 755 2194 de
785 2140 1082 2194 substantia
1117 2138 1206 2192 Dei
1243 2153 1347 2193 non
1369 2147 1508 2202 eSse,
1555 2152 1681 2206 pro-

141 2229 373 2300 indeque
401 2229 493 2284 Dei
523 2230 842 2294 ntinistrnm,
870 2230 984 2284 sive
1011 2241 1304 2285 creaturam
1339 2235 1474 2284 esse.
1504 2231 1559 2283 Si
1593 2228 1677 2283 cui

145 2331 324 2375 autem
376 2322 492 2375 haec
541 2320 842 2389 conjectura
875 2331 1054 2374 nostra
1107 2322 1281 2376 minus
1325 2322 1551 2392 placeat,
1604 2319 1677 2372 illi

141 2410 454 2464 necessario
507 2409 783 2464 dicendum
842 2409 1073 2472 videtur,
1140 2410 1318 2463 Rufini
1382 2410 1678 2463 'versionem

141 2489 414 2569 Apologia:
445 2499 704 2570 Pamphili
751 2503 818 2556 ab
850 2501 1079 2556 inimicis
1122 2500 1236 2568 ejus
1280 2509 1334 2555 et
1373 2499 1681 2570 Hieronymi

137 2589 420 2658 partiarlis
468 2601 768 2658 corruptam
825 2591 1022 2653 fuisse;
1069 2597 1229 2658 atque.
1275 2601 1340 2643 ex
1394 2591 1682 2657 depravato

137 2679 324 2746 aliquo
354 2677 546 2733 codice
595 2678 752 2734 istam
791 2679 1210 2735 criminationem
1245 2678 1531 2748 arripuisse
1561 2676 1682 2732 Hie-

136 2781 456 2838 ronymum.
479 2766 644 2822 'Sane
671 2769 736 2823 de
762 2769 850 2822 tali
892 2768 1086 2836 injuria
1117 2768 1536 2838 interpretationi
1575 2783 1682 2822 suae

93 2858 410 2912 ‘librorum
445 2855 690 2926 Origenis
734 2855 1096 2927 Rspicipo
1152 2857 1291 2912 facta
1341 2857 1684 2926 cunqueritnr

1781 2056 1898 2120 post
1952 2058 2200 2120 accurate
2250 2057 2532 2114 expensam
2584 2046 2741 2100 etiam
2796 2046 2959 2113 ipsius
2988 2059 3018 2097 a
3047 2044 3312 2098 veteribus

1779 2118 2098 2208 descriptam
2126 2137 2404 2192 historiam
2424 2175 2438 2199 ,
2461 2134 2718 2206 judici'u'tn
2750 2151 2922 2189 meum
2957 2135 3023 2189 de
3052 2135 3310 2204 theologia

1779 2230 1896 2299 ejus
1942 2229 2230 2282 universim
2265 2227 2430 2281 libere
2454 2267 2468 2291 ,
2499 2227 2700 2294 absque
2757 2225 3064 2295 cujusquam
3117 2225 3310 2279 invidia’

1779 2318 2035 2387 proferre.
2071 2317 2198 2371 Erat
2225 2317 2307 2370 vir
2344 2317 2450 2380 ille,
2481 2327 2540 2369 ut
2571 2321 2760 2370 o'mnes
2805 2317 3164 2379 consentiunt,
3195 2317 3311 2369 cxi-

1782 2410 1884 2462 mie
1909 2407 2122 2476 quidem
2176 2408 2324 2475 pius;
2358 2407 2450 2461 sed
2494 2405 2688 2461 curiosi
2733 2406 2954 2459 nimium
2980 2420 3042 2459 ac
3075 2410 3210 2474 pene
3235 2404 3314 2458 la—‘

1779 2497 2046 2552 sciVientis
2090 2497 2302 2567 ingenii.
2337 2491 2514 2550 Pietas
2573 2506 2627 2550 et
2658 2496 2844 2566 religio
2871 2493 3111 2552 cohibuit
3145 2497 3315 2550 homié

1781 2604 1921 2652 nem,
1952 2596 2058 2658 quo
2105 2589 2282 2643 minus
2314 2588 2368 2642 in
2402 2586 2585 2658 regula
2614 2587 2737 2642 fidei
2770 2585 2942 2656 (cuius
2971 2588 3096 2656 pars
3131 2602 3315 2656 magna

1780 2688 1861 2734 est
1889 2681 2077 2749 dogma
2103 2680 2168 2733 de
2196 2678 2535 2733 sanctissima
2581 2676 2887 2747 Trinitate),
2927 2675 3210 2745 qu‘idijnam
3237 2675 3320 2732 in-

1783 2775 2024 2824 novaret.
2059 2768 2114 2821 in
2154 2767 2275 2822 aliis
2322 2781 2486 2830 vero,
2517 2777 2636 2836 quae
2679 2766 2821 2820 salva
2873 2757 2994 2820 fidei
3047 2757 3220 2835 regula
3266 2767 3317 2819 iii

1783 2860 2200 2916 cotttro've‘rsiam
2230 2857 2412 2913 voeari
2433 2865 2700 2926 poterant,
2728 2857 2948 2912 nimium
2985 2856 3205 2927 ingenio
3219 2859 3320 2913 situ'

132 2949 258 3018 ipse
288 2944 538 3012 Ruﬁnus,
583 2947 747 3009 Deum
779 2949 1208 3019 καρδιογνώστην
1260 2948 1466 3017 injuria:
1514 2947 1686 3001 vinii-

131 3043 256 3092 cem
280 3036 576 3106 appellans.
605 3036 696 3092 Sic
721 3038 974 3094 enimille
1008 3039 1062 3092 in
1102 3037 1688 3092 Inrectittart'tm’adver-

127 3143 229 3183 sus
252 3125 635 3197 Hieronymum
667 3126 763 3182 lib.
787 3142 804 3181 ι
830 3127 942 3197 (ιδ)
969 3143 984 3180 :
1015 3143 1036 3177 ι
1065 3123 1204 3195 ipsa,
1231 3125 1370 3180 sicut
1404 3127 1686 3177 transtule-

133 3233 256 3272 ram
287 3256 305 3281 ,
339 3229 458 3269 mea
509 3216 667 3271 verba
727 3217 1042 3286 posuissent.
1098 3215 1206 3270 Sed
1261 3227 1399 3267 nunc
1450 3212 1684 3265 ausculta

1785 2951 2081 3020 indulgens,
2120 2963 2222 3003 non
2247 2956 2412 3017 p‘auca
2444 2947 2660 3017 protulit
2693 2961 2722 3000 a
2747 2946 3096 3002 ctim'muniori
3130 2945 3317 3004 docto-

1787 3057 1903 3095 rum
1939 3041 2038 3095 sibi
2083 3039 2356 3110 ὁμηλικῶν
2389 3038 2657 3093 sententia
2704 3037 2914 3108 longius
2940 3037 3317 3104 discrepantia”.

1788 3129 1902 3184 llnc
1928 3130 2101 3184 refero
2129 3127 2393 3197 paradoxa
2424 3125 2511 3179 illa
2557 3125 2622 3179 de
2650 3125 2838 3178 anima:
2875 3123 3317 3194 preexsistentia,

1787 3220 1852 3274 de
1877 3219 2225 3272 iuminaribus
2255 3217 2373 3272 caeli
2421 3215 2670 3268 animatis
2692 3253 2708 3278 ,
2739 3215 2803 3268 de
2835 3213 3052 3267 infinitis
3091 3215 3320 3277 mundis,

1786 3317 1840 3362 et
1871 3307 2086 3361 similia.
2122 3307 2226 3362 Sed
2271 3318 2324 3361 et
2375 3309 2426 3360 in
2478 3306 2562 3360 bis
2595 3304 2934 3359 conservavit
2986 3303 3320 3366 modestiam,

1784 3415 1899 3468 quae
1926 3400 2069 3466 pium
2093 3398 2307 3461 decuit;
2357 3412 2475 3450 cum
2504 3398 2564 3449 ea
2594 3395 2928 3465 proposuerit
2964 3410 3068 3448 non
3103 3395 3320 3464 dogma-

1788 3490 1888 3543 tice
1917 3499 1971 3542 et
2003 3495 2394 3550 asseveranter,
2430 3486 2522 3540 sed
2543 3494 2788 3554 tanquam
2811 3485 3085 3539 veritatem
3104 3485 3158 3541 in
3180 3489 3326 3556 qua:-

1786 3579 2048 3634 stionibns
2075 3579 2306 3632 nondum
2333 3577 2585 3632 Ecclesiae
2625 3576 2827 3645 judicio
2852 3588 3104 3646 espresse
3132 3575 3326 3647 jdellni-

1789 3670 1854 3722 tis
1879 3667 2163 3737 diligenter
2195 3669 2490 3736 inquirens.
2521 3665 2633 3733 Qua
2661 3667 2728 3720 de
2771 3681 2828 3720 re
2859 3667 3077 3721 consule
3107 3668 3324 3721 omnino

1786 3757 2043 3826 Pamphili
2075 3755 2375 3827 Apologiam
2401 3797 2416 3823 ,
2447 3758 2500 3812 in
2533 3757 2882 3826 prafatione,
2933 3771 3037 3810 non
3076 3755 3226 3825 longe
3257 3759 3324 3808 ab

1789 3848 1938 3901 initio
1973 3845 2103 3916 (44).

1859 3935 1886 4005 ς
1916 3925 2103 3988 XXIII.
2139 3934 2249 3990 Hoc
2268 3944 2501 3990 nostrum
2534 3937 2601 3990 de
2633 3932 2858 4004 Origene
2886 3934 3163 4003 judicitIm,
3187 3929 3348 4002 prtc?

1793 4037 1873 4080 ter
1903 4026 2208 4080 testimonia
2255 4025 2363 4093 jam
2398 4041 2426 4079 a
2473 4027 2625 4080 nobis
2654 4027 2706 4079 in
2735 4026 2836 4080 hoc
2879 4025 3053 4094 capite
3076 4024 3321 4084 adducta,

1792 4114 1956 4168 multa
1990 4113 2091 4168 alia
2120 4109 2455 4168 conﬁrmarat.
2500 4107 2678 4167 Primo
2713 4113 3019 4169 defensures
3058 4113 3322 4182 Origenis,

1792 4205 1881 4275 qui
1913 4206 1964 4259 in
1991 4206 2214 4260 articulo
2242 4205 2305 4260 de
2333 4205 2515 4259 saneta
2565 4201 2828 4258 Trinitate
2872 4202 3116 4258 catholici
3152 4189 3323 4264 fuere,

1793 4304 1912 4350 cum
1935 4295 2042 4350 alia
2076 4295 2174 4366 ipsi
2200 4293 2399 4350 tributa
2425 4295 2745 4351 heterodoxa
2768 4293 2980 4364 placita,
3003 4309 3118 4363 qua:
3138 4308 3326 4363 nempe

1712 3269 1756 3329 C

125 3308 266 3378 quid
316 3305 528 3360 faciunt
561 3324 576 3361 :
605 3315 658 3361 et
702 3306 887 3377 flagitii
916 3321 1100 3360 eorum
1155 3303 1402 3372 require,
1428 3301 1472 3356 si
1522 3301 1684 3355 ullum

125 3394 428 3468 praecessit
454 3395 772 3463 exemplum.
802 3395 858 3449 ln
886 3410 950 3450 eo
972 3396 1106 3460 loco,
1135 3395 1222 3450 ubi
1245 3391 1503 3459 scriptum
1527 3402 1642 3445 erat
1667 3409 1683 3446 :

126 3491 297 3556 Quod
322 3489 375 3542 si
412 3488 642 3555 requiras
663 3503 694 3537 a
731 3501 831 3549 me,
859 3485 984 3553 quid
1003 3487 1157 3538 etiam
1179 3489 1242 3542 de
1275 3489 1387 3556 ipso
1415 3487 1686 3557 Unigenito

122 3581 409 3639 sentiam;
433 3576 478 3628 si
519 3590 580 3627 ne
605 3575 711 3640 ipse
736 3575 941 3641 quidem
964 3574 1211 3628 visibilem
1256 3577 1426 3629 dicam
1460 3575 1554 3629 Dei
1597 3593 1688 3630 na-

121 3683 346 3729 turam,
375 3665 466 3733 qui
496 3664 806 3716 naturaliter
837 3663 1103 3718 invisibilis
1123 3673 1235 3729 est;
1263 3680 1364 3719 non
1400 3665 1492 3718 tibi
1513 3669 1686 3718 statim

117 3759 205 3814 uel
241 3753 476 3821 impium
521 3752 751 3804 videatur
785 3767 925 3816 esse,
971 3753 1048 3805 vel
1084 3755 1366 3806 absurdum
1392 3769 1411 3807 :
1437 3755 1685 3808 rationem

116 3847 331 3917 quippe
404 3841 638 3893 dabimus
689 3843 1050 3910 consequenter
1087 3857 1105 3893 :
1149 3857 1242 3911 pro
1296 3857 1360 3896 eo
1403 3845 1544 3911 quod
1592 3858 1689 3897 nos

115 3935 490 4006 scripsimus,
529 3931 778 3985 rationem
805 3934 987 4001 quippe
1023 3933 1259 3987 dabimus
1297 3944 1690 4004 consequenter;

115 4028 230 4084 illi
258 4024 610 4092 scripserunt
638 4039 650 4074 :
676 4030 776 4075 uoti
800 4023 890 4075 tibi
919 4025 1094 4077 statim
1125 4025 1342 4091 impium
1391 4025 1466 4078 uel
1511 4023 1694 4077 absur-

108 4121 260 4174 dum
295 4113 547 4182 uideatur
573 4127 711 4176 esse,
754 4115 878 4181 quia
916 4113 1046 4167 sicut
1075 4113 1239 4167 Filius
1267 4111 1476 4168 Patrem
1500 4130 1599 4166 non
1620 4115 1695 4166 vi-

111 4209 237 4272 det,
264 4207 353 4259 ita
389 4217 483 4255 nec
526 4200 754 4270 Spiritus
781 4211 988 4256 sanctus
1029 4205 1160 4256 videt
1187 4201 1408 4258 Filium.
1434 4202 1543 4257 Hoc
1569 4203 1612 4257 si
1641 4204 1692 4257 itt

109 4298 252 4352 foro
284 4292 516 4363 positus
538 4328 553 4352 ,
590 4290 673 4343 vel
727 4291 956 4360 negotiis
980 4292 1320 4347 sacularibus
1345 4293 1697 4347 commisisset

108 4385 254 4463 ille,_
276 4381 386 4452 qui
414 4379 482 4433 de
522 4382 841 4434 monasterio
873 4380 1117 4444 Romam.
1148 4383 1300 4450 quasi
1334 4381 1691 4436 calumniandi
1794 4389 1948 4444 modo
1969 4387 2519 4448 commemdra‘vimu's.
2591 4401 2694 4440 non
2738 4384 3106 4449 diffiterentur,
3147 4400 3209 4440 ea
3242 4368 3326 4438 vel

101 4468 539 4545 peritissimus,
567 4468 760 4521 missus
783 4476 866 4522 est
899 4485 912 4520 :
955 4480 1153 4524 norunt
1177 4483 1386 4535 omnes.
1424 4472 1552 4540 quid
1574 4487 1693 4528 con-
1795 4480 2132 4541 excusantes,
2162 4477 2242 4530 vel
2275 4476 2433 4529 etiam
2473 4474 2815 4529 defendentes
2844 4481 2857 4532 :‘
2891 4491 3008 4528 cum
3035 4465 3324 4529 Catholicis

103 4567 477 4633 sequeretur
522 4572 587 4612 ex
637 4558 841 4626 legibus
888 4557 1117 4628 publicis
1153 4560 1410 4630 ejusmodi
1451 4563 1690 4617 criminis
1723 4581 1773 4638 υ
1799 4573 1972 4618 tamen
2013 4547 2260 4618 omnibus
2289 4564 2353 4616 de
2393 4562 2660 4616 Trinitate'
2701 4563 2934 4619 sensisse
2974 4563 3120 4618 illum
3152 4563 3326 4633 ipsum

99 4674 276 4715 reus.-
315 4653 486 4710 Nunc
511 4661 636 4704 vero
671 4651 795 4717 quia
841 4650 1151 4706 surcularem
1175 4651 1337 4706 vitam
1371 4653 1602 4721 reliquit,
1634 4663 1688 4708 et
1797 4651 2077 4722 Origenem
2132 4656 2326 4707 acriter
2359 4654 2766 4708 contenderunt.
2802 4652 2910 4708 llac
2946 4655 3153 4709 ratione
3196 4653 3321 4709 Ori-

102 4763 138 4802 a
177 4739 663 4810 tergiversatione
706 4735 794 4789 illa
840 4746 1055 4791 actuum
1093 4739 1423 4804 publicorum
1468 4741 1532 4793 ad
1585 4755 1696 4795 mo-
1799 4752 1982 4813 genem
2008 4742 2303 4798 defendisse
2329 4743 2658 4811 Pamphilum
2698 4753 3008 4814 martyrem,
3047 4757 3098 4801 et
3124 4760 3332 4814 anony-

96 4831 458 4894 nasterium
488 4841 775 4883 conversus
795 4835 877 4880 est
903 4865 918 4891 ,
950 4835 1004 4882 et
1039 4828 1262 4883 adhaesit
1304 4829 1558 4900 magistro
1599 4844 1694 4884 nos
1800 4850 1939 4888 mum
1961 4834 2304 4903 apologistam
2338 4833 2477 4902 apud
2504 4826 2750 4887 Photium
2781 4834 2934 4902 paulo
2980 4846 3101 4890 ante
3147 4844 3325 4888 osten-

93 4926 214 4984 bili
252 4939 274 4976 :
316 4923 403 4974 ab
432 4920 546 4988 ipso
579 4921 798 4972 docetur
825 4917 1017 4972 iterum
1068 4930 1164 4980 pro
1196 4921 1453 4974 mOdeslia
1496 4919 1698 4986 furere,
1800 4925 1992 4980 dimus.
2039 4921 2399 4992 Eamdemtjue
2427 4923 2564 4976 viam
2611 4923 2827 4979 inivisse
2853 4925 2904 4978 in
2954 4937 3049 4978 sua
3081 4923 3323 4990 Origenis

90 5011 437 5076 insanire;
467 5023 562 5077 pro
605 5008 786 5077 quiete
835 5007 1122 5064 seditiones
1165 5013 1418 5076 moVere:
1445 5020 1542 5079 pro
1571 5025 1700 5079 pace
1801 5013 2106 5070 defensiOne
2139 5014 2414 5084 Did'ymum
2452 5013 2863 5068 Alexandrinum
2908 5014 3079 5066 virum
3132 5012 3330 5078 pietate

90 5111 374 5164 movere
421 5095 652 5164 bellum;
705 5109 800 5166 pro
850 5097 1132 5150 concordia
1185 5109 1399 5153 movere
1441 5100 1653 5153 dissidia

1801 5117 1852 5161 et
1871 5107 2166 5160 eruditione
2195 5105 2477 5173 insignem,
2505 5111 2558 5158 et
2582 5101 2809 5158 Nicaeum
2842 5103 2958 5157 tidei
3005 5099 3324 5154 constantis-

89 5189 399 5269 perfidus
425 5198 542 5239 esse
565 5202 657 5256 pro
693 5189 816 5248 fide.
842 5201 937 5256 pro
966 5188 1192 5242 veritate
1220 5188 1489 5243 falsarius.
1526 5207 1543 5240 ι
1578 5188 1698 5243 Mox
1799 5196 1989 5252 simum
2024 5204 2469 5265 pr0pugnatorem
2493 5233 2508 5257 ,
2558 5196 2742 5247 auctor
2794 5202 2873 5246 est
2907 5192 3014 5258 ipse
3066 5186 3324 5255 Hierony-

91 5283 346 5341 ibidetn
395 5275 466 5355 de
495 5275 712 5332 falsario
749 5277 840 5331 illo
867 5286 1046 5330 narrat
1085 5278 1226 5332 iSta:
1264 5291 1283 5330 t
1321 5279 1452 5334 Cum
1484 5279 1694 5344 falsam,
1802 5303 1919 5341 mus
1953 5286 2087 5356 (45),
2137 5285 2227 5352 qui
2272 5283 2488 5360 Apolog.
2518 5273 2732 5338 ‘advers.
2777 5271 2973 5347 Ruﬁn.,
3006 5275 3096 5329 lib.
3147 5291 3206 5341 tt,
3251 5276 3330 5334 sic

87 5371 342 5445 inquit,
384 5364 687 5434 huiusmodi
713 5367 1026 5423 sententiam
1062 5368 1200 5434 apud
1232 5367 1580 5422 Mediolanum
1604 5383 1692 5422 re-
1802 5380 1972 5446 ipsum
2000 5367 2247 5429 Rufinum
2270 5373 2595 5443 alloquitur:
2633 5391 2652 5426 ι
2697 5364 2852 5438 Quid,
2883 5365 3073 5434 inquit,
3105 5380 3328 5436 respon-

85 5443 373 5523 citaret,
409 5463 514 5510 eta
544 5470 650 5520 me,
695 5473 810 5526 quae
835 5459 1100 5529 exigebat,
1119 5458 1274 5527 {falsa
1306 5473 1421 5513 esse
1451 5462 1688 5514 diceren-
1802 5443 1951 5522 dehis
1973 5481 2068 5536 pro
2099 5458 2322 5535 Didyme
2348 5505 2363 5530 ,
2382 5464 2471 5534 qui
2496 5473 2638 5520 certe
2665 5466 2716 5517 in
2745 5459 3001 5514 Trinitate
3023 5443 3354 5512 Catholicus'

89 5564 238 5620 tur;
277 5551 666 5612 ἱιιωποαειυε
687 5562 716 5600 2
749 5564 853 5617 quo
899 5549 1193 5620 accepisset
1226 5550 1543 5619 exemplaria
1571 5590 1586 5616 ,
1611 5566 1692 5606 re-
1805 5555 1931 5611 est‘t
1973 5553 2124 5621 cujus
2149 5555 2308 5608 etiam
2341 5569 2440 5610 nos
2469 5555 2534 5609 de
2567 5552 2767 5620 Spiritu
2808 5558 2992 5604 sancto
3037 5547 3230 5602 librum
3277 5547 3329 5600 in

176 5661 712 5757 tf§)_.ltt_tet;93pera
738 5663 951 5757 Hieron.
979 5666 1120 5751 edit.
1143 5651 1428 5724 Martiantei
1458 5679 1585 5726 tom.
1605 5673 1693 5742 lV,
1811 5675 2034 5757 εειρέρι
2060 5674 2288 5757 ῃυιηλίι
2331 5673 2498 5757 ante,
2526 5685 2576 5738 p.
2601 5667 2724 5757 εξξῖ

114 5727 629 5818 pacta-seats.
664 5797 704 5818 ..
774 5727 944 5818 .
1048 5803 1063 5816 .
1115 5747 1120 5751 Α
1608 5727 1681 5818 ]

1822 5727 2606 5818 ‘7(45)'lnter‘QperaA[iieroit.,
2643 5746 2771 5791 tom.
2793 5731 2860 5789 ιγ
2903 5730 3034 5789 edit.
3083 5727 3356 5804 Martium,

211 5801 366 5875 (ιι)
413 5797 544 5856 Vide
580 5808 634 5854 et
661 5797 828 5859 lluetii
851 5803 1150 5872 Origenian.
1177 5804 1266 5863 lib.-
1295 5821 1354 5874 ιι,
1388 5817 1574 5877 quast.
1600 5810 1681 5879 l4,

1811 5797 1946 5882 part.
1971 5797 2032 5880 In,
2069 5827 2124 5882 ι).
2155 5797 2277 5877 άθέ,
2305 5808 2424 5862 ιιοθε
2589 5797 2602 5804 ⁷
3043 5848 3046 5851 .
