3922 6438
222 376 355 431 1529

1190 370 1274 423 EX
1312 371 1373 424 G.
1416 368 1611 423 BULLI
1652 368 1797 429 UEF.
1838 369 2007 424 FIDE!
2052 370 2342 424 ΝΙΟΑΞΝΛΞ

3203 372 3331 426 1550

206 491 353 546 Patre
375 497 471 540 est.
508 504 527 537 ι
556 517 618 527 -
650 506 669 540 ι
703 486 1005 539 lncarnatus
1031 495 1110 539 est
1149 500 1267 538 cum
1292 486 1425 537 Deus
1446 495 1622 543 esset.
1656 494 1705 536 et
1738 490 1778 540 A
1812 484 1981 537 Iaestra
2023 490 2273 540 adversus
2321 488 2595 542 hmreticos
2630 487 2951 553 adduxerat,
2994 490 3170 542 statim
3214 490 3329 542 ista,

208 580 359 633 homo
390 575 557 631 factus
601 576 793 628 mansit
842 575 979 641 quod
1017 566 1155 627 Deus
1196 583 1335 625 erat.
1368 591 1387 623 ι
1420 556 1547 623 -’‹
1583 571 1715 625 Tum

207 667 386 721 deinde
429 664 629 718 honore
660 679 722 716 ac
750 662 1007 731 dignitate
1041 662 1181 714 Patri
1228 672 1283 715 et
1306 661 1436 716 Filio
1459 663 1713 715 sociatum

206 771 318 811 esse
343 752 599 823 Spiritum
646 762 910 807 sanctum.
948 769 967 802 ι
1010 752 1151 805 Inter
1195 751 1439 820 dogmata
1479 766 1580 805 non
1624 767 1717 804 ne-

204 844 447 905 cessaria,
495 842 606 897 sive
633 841 953 911 problemata
979 879 995 906 ,
1039 856 1154 909 quae
1206 843 1441 896 modeste
1476 850 1529 895 et
1573 842 1713 895 salva

203 946 328 1000 pace
351 929 705 985 ecclesiastica
737 930 786 983 in
823 940 1097 997 utramque
1129 940 1331 999 partem
1359 932 1608 1000 disputari
1632 947 1715 1001 po-

203 1028 391 1081 terant,
423 1027 663 1074 numerat
693 1019 883 1073 ibidem
908 1023 1224 1089 qmestiones
1248 1062 1263 1085 ,
1299 1023 1361 1074 de
1398 1030 1632 1089 tempore
1661 1033 1715 1075 et

201 1110 353 1165 modo
376 1108 659 1163 creationis
684 1108 1010 1177 angelorum,
1042 1109 1105 1160 de
1135 1107 1264 1173 sole,
1293 1108 1414 1162 luna
1448 1118 1501 1162 et
1529 1110 1712 1174 stellis,

202 1186 375 1253 utrum
412 1197 695 1251 animantia
718 1238 734 1269 ,
767 1212 832 1251 an
865 1198 1102 1251 exanima
1134 1199 1262 1261 sint,
1295 1208 1397 1252 etc.
1443 1198 1497 1251 in
1547 1200 1715 1254 istius-

201 1288 336 1342 modi
383 1287 587 1342 scilicet
638 1286 1012 1355 quaestionibus
1079 1287 1455 1353 discutiendis,
1501 1289 1711 1341 nimiam

199 1375 425 1431 fortasse
448 1376 743 1431 libertatem
776 1376 874 1428 sibi
900 1375 1114 1429 indulsit
1136 1376 1387 1446 Origenes
1419 1391 1433 1427 :
1460 1378 1523 1429 ad
1551 1377 1709 1431 altera

198 1481 320 1519 vero
367 1466 451 1519 illa
485 1466 727 1535 dogmata
767 1465 906 1532 quod
957 1465 1177 1527 attinet,
1219 1481 1247 1517 a
1295 1466 1413 1519 fidei
1454 1465 1627 1533 regula
1658 1466 1709 1518 in

198 1554 425 1609 Ecclesia
456 1554 557 1609 lixa
587 1563 639 1608 et
662 1553 890 1607 stabilita
920 1555 1000 1608 vel
1030 1553 1191 1607 latum
1218 1569 1444 1623 unguem
1470 1558 1710 1611 recedere

198 1641 292 1709 ipsi
325 1642 507 1712 religio
533 1641 647 1695 fuit.
680 1640 909 1707 Quarto,
942 1642 1114 1711 tnagni
1142 1658 1259 1696 esse
1285 1643 1533 1709 ponderis
1583 1645 1707 1697 mihi

197 1733 400 1786 videtur
430 1742 817 1802 argumentum,
870 1741 1131 1803 utcunque
1179 1733 1345 1801 ipsum
1388 1745 1707 1803 contempse-

194 1818 259 1874 rit
314 1819 648 1873 doctissimus
684 1818 901 1873 Huetius
932 1819 999 1882 ”,
1038 1817 1336 1874 Bellarmini
1381 1821 1537 1890 (quod
1585 1823 1703 1877 alibi

189 1910 361 1963 obiter
384 1909 672 1979 attigimus)
707 1909 792 1976 qui
836 1908 1145 1964 catholicum
1187 1909 1348 1963 fuisse
1395 1911 1445 1963 in
1483 1910 1584 1966 hoc
1620 1926 1706 1964 ar-

191 1998 349 2052 ticqu
378 1998 656 2069 Origenem
686 1998 803 2051 inde
839 1999 1059 2066 probat;
1113 1999 1249 2066 quod
1289 2012 1415 2051 sana
1441 2009 1497 2052 et
1534 1999 1706 2052 ortho-

188 2086 320 2139 doxa
351 2086 507 2141 fuerit
537 2087 874 2155 prreceptoris
912 2086 1078 2155 ipsius
1113 2086 1418 2149 Clementis,
1448 2096 1501 2142 et
1547 2088 1705 2142 disci-

187 2175 423 2242 polorum
450 2176 679 2246 Dionysii
708 2175 1046 2229 Alexandrini
1087 2188 1140 2230 et
1174 2176 1411 2246 Gregorii
1437 2177 1697 2232 Thauma-

186 2266 341 2333 targi,
394 2266 458 2319 de
504 2266 754 2336 mysterio
792 2264 891 2319 SS.
924 2264 1202 2320 Trinitatis
1244 2267 1439 2335 Opinio.
1481 2268 1559 2321 Ad
1589 2267 1705 2321 Cle-

185 2366 410 2413 mentem
437 2356 575 2412 enim
605 2357 743 2423 quod
772 2355 979 2418 attinet,
1015 2369 1169 2422 supra
1190 2393 1205 2418 ,
1235 2355 1320 2408 ubi
1349 2357 1415 2409 de
1459 2355 1573 2423 ejus
1602 2356 1705 2412 ﬁde

184 2463 414 2516 agerem,
443 2444 838 2501 evidentissime.
883 2444 1123 2515 probavi,
1154 2459 1182 2495 a
1211 2446 1417 2498 nemine
1452 2460 1608 2513 quam
1640 2449 1705 2502 ab

186 2538 299 2606 ipso
329 2537 643 2593 catholicam
670 2537 963 2590 doctrinam
999 2536 1061 2589 de
1088 2533 1349 2606 ὀμοουσξῳ
1376 2535 1566 2591 Triade
1597 2535 1703 2589 cla-

185 2627 294 2680 rius
325 2627 553 2696 agnitam
586 2634 674 2679 aut
718 2625 1049 2694 prmdicatam
1101 2625 1283 2679 fuisse.
1312 2626 1449 2680 Idem
1493 2629 1557 2682 de
1584 2618 1703 2684 Aie;

182 2714 442 2767 xaudrino
480 2714 727 2784 Dionysio
772 2722 825 2765 et
860 2712 1114 2780 Gregorio
1157 2712 1544 2784 Thaumaturgo
1592 2720 1701 2786 (ut-

182 2816 388 2871 cunque
409 2800 609 2856 duobus
640 2801 882 2853 maximis
928 2800 1229 2853 nominibus
1260 2800 1467 2854 Arianae
1514 2804 1701 2872 impie-

182 2890 305 2942 tatis
333 2898 506 2941 notam
534 2888 808 2950 inusserit,
836 2887 888 2940 in
912 2888 992 2940 sui
1027 2888 1254 2941 nominis
1278 2886 1549 2942 infamiam
1570 2929 1584 2951 ,
1613 2888 1701 2944 Je-

180 2976 318 3029 suita
346 2975 609 3042 Petavius)
633 2976 768 3029 infra
796 2990 942 3044 atque
970 2975 1112 3030 clare
1153 2977 1512 3032 ostendemus.
1566 2979 1698 3045 Quid

180 3063 397 3116 autem?
425 3064 500 3116 An
523 3062 807 3115 verisimile
837 3061 942 3125 sit,
966 3064 1051 3130 qui
1077 3071 1181 3114 tam
1219 3063 1530 3117 catholicum
1552 3080 1614 3120 eo
1646 3068 1697 3119 in
1727 3095 1768 3151 ο

178 3152 401 3205 articulo
442 3153 776 3219 magistrum,
839 3151 929 3221 qui
993 3160 1098 3205 tam
1148 3152 1468 3207 orthodoxos
1525 3154 1704 3210 habuit

176 3239 480 3309 discipulos,
516 3241 604 3309 qui
638 3240 797 3294 etiam
827 3240 1131 3309 magistrum
1169 3255 1343 3305 suum,
1369 3253 1424 3294 ut
1454 3253 1704 3310 prastan-

180 3328 438 3383 tissimum
462 3326 707 3384 Ecclesiae
734 3330 1001 3384 doctorem
1046 3343 1253 3397 semper
1284 3332 1525 3383 admirati
1558 3343 1699 3396 sunt,

176 3417 228 3469 in
255 3418 366 3487 ipso
392 3418 614 3473 articulo
666 3420 966 3473 luereticum
1008 3419 1200 3475 fuisse?
1250 3421 1464 3486 Quinto,
1515 3424 1700 3477 deinde

183 3507 330 3561 mille
360 3509 527 3562 instar
555 3509 763 3562 testium
794 3510 857 3562 de
895 3508 1139 3577 Origenis
1184 3509 1236 3564 in
1277 3512 1373 3562 liae
1416 3513 1701 3580 quaestione

173 3596 449 3668 ὀρθοδοξίᾳ
498 3609 615 3650 esse
665 3598 817 3650 debet
860 3612 1080 3666 magnus
1122 3599 1472 3663 Athanasius;
1522 3602 1607 3668 qui
1648 3602 1697 3654 in

174 3686 309 3739 libro
329 3685 403 3739 De
436 3687 616 3754 synodi
644 3683 867 3738 Nicena:
895 3688 1107 3739 decretis
1127 3688 1194 3753 '°,
1219 3689 1444 3741 sensisse
1463 3705 1578 3741 cum
1599 3689 1697 3742 Pa-

175 3774 346 3828 tribus
368 3774 593 3828 Nictenis
630 3773 907 3841 Origenem
957 3775 1022 3827 de
1072 3790 1193 3828 vera
1243 3787 1297 3828 et
1340 3789 1535 3831 aeterna
1580 3779 1695 3832 F.|ii

170 3863 469 3926 divinitate,
501 3864 692 3918 diserte
719 3872 960 3924 testatur,
997 3864 1128 3934 Περὶ
1159 3864 1214 3917 δὲ
1242 3864 1347 3919 τῶν
1377 3867 1588 3936 (inquit)
1612 3870 1689 3920 ἀϊ-

166 3953 294 4015 δὶως
320 3956 545 4007 συνεῖναι
574 3954 662 4006 τὸν
685 3954 851 4020 Λόγον
868 3952 943 4023 τῷ
963 3954 1130 4022 [lupi
1167 3954 1258 4005 καὶ
1288 3955 1359 4024 μὴ
1386 3954 1572 4023 ἐτέρας
1605 3957 1693 4007 οὑ-

169 4043 289 4106 σίας
332 4044 366 4114 ἢ
393 4044 749 4107 ὑποστάσεως,
773 4043 905 4096 ἀλλὰ
918 4045 1013 4111 τῆς
1040 4044 1132 4095 τοῦ
1159 4044 1365 4113 Πατρὸς
1388 4043 1511 4096 [διον
1539 4045 1693 4097 αὐτὸν

166 4128 325 4198 εἶναι,
350 4134 424 4196 ὡς
453 4136 726 4203 εἰρήκασιν
767 4135 816 4186 οἱ
856 4135 913 4185 ἐν
953 4136 1019 4204 τῇ
1054 4132 1248 4201 συνόδῳ
1271 4170 1287 4196 ,
1314 4131 1509 4196 ἐξέστω
1536 4134 1692 4187 πάλιν

165 4223 312 4293 ἡμᾶς
341 4223 682 4278 ἀκοῦσαικαὶ
724 4223 870 4293 παρὰ
899 4222 990 4275 τοῦ
1039 4223 1317 4292 φιλοπόνου
1371 4224 1685 4293 Ὠριγένους,

162 4312 219 4366 id
241 4324 344 4379 est,
371 4334 391 4367 ι
431 4313 657 4368 Verbum
689 4325 864 4368 autem
896 4313 964 4367 ab
1000 4324 1199 4367 :eteruo
1223 4328 1341 4368 esse
1362 4329 1478 4368 cuni
1514 4313 1686 4376 Patre,

1813 586 1930 641 quae
1959 574 2165 640 propria
2210 574 2377 641 ipsius
2418 584 2570 639 sunt,
2606 576 2914 640 subintulit,
2938 577 3136 631 dicens.
3174 595 3194 629 ι
3234 576 3333 632 Βο-

1814 661 1937 714 inde
1983 661 2113 713 citat
2163 662 2414 717 illustrem
2460 664 2697 735 Origenis
2751 667 3062 721 sententiam
3111 668 3175 721 de
3214 667 3331 721 Filii

1811 749 2104 802 mternitate
2149 761 2205 803 et
2229 753 2801 820 consubstantialitate;
2833 756 2916 809 cui
2944 766 2998 809 et
3020 757 3236 809 alteram
3262 772 3328 810 ex

1812 837 1914 893 alio
1960 838 2205 906 Origeuis
2257 840 2391 895 libro
2443 843 2740 911 subjungit;
2784 858 2900 914 qua:
2942 846 3058 897 ioca
3110 847 3324 897 sectioui

1818 929 2215 984 nostm'tertia
2236 941 2585 985 reservamus.
2624 933 2763 987 Sane
2802 947 2974 987 autem
3004 950 3101 1001 ego
3158 935 3329 987 nullus

1812 1017 2023 1082 dubito,
2057 1020 2183 1087 quin
2248 1020 2536 1073 disserendi
2582 1021 2667 1073 illa
2721 1024 2876 1085 ratio,
2926 1038 3083 1091 quam
3135 1023 3327 1090 ubique

1810 1107 1920 1163 fere
1968 1110 2019 1162 in
2061 1109 2271 1176 scriptis
2329 1111 2441 1164 suis
2495 1119 2704 1163 secutus
2746 1122 2827 1165 est
2884 1112 3171 1180 Origenes,
3219 1126 3324 1178 qua

1812 1213 1999 1268 nempe
2037 1199 2398 1253 haereticorum
2432 1200 2620 1267 placita
2641 1239 2656 1261 ,
2686 1200 2915 1267 ipsorum
2954 1202 3323 1255 haereticorum

1809 1287 1957 1356 quasi
2009 1301 2283 1355 personam
2344 1288 2585 1350 induens,
2646 1289 2870 1355 primum
2926 1299 3325 1355 repraesentare,

1808 1377 1993 1431 deinde
2026 1376 2337 1431 catholicam
2369 1377 2632 1444 explicare
2654 1379 2967 1431 sententiam
2984 1378 3176 1431 solitus
3206 1376 3321 1438 fuit,

1808 1482 1987 1522 ansam
2028 1468 2267 1535 inprimis
2292 1468 2489 1521 dederit
2510 1468 2763 1534 imperitis
2790 1476 2843 1519 et
2865 1467 3133 1520 malevolis
3153 1467 3329 1533 ipsum.

1817 1556 2095 1624 Origenem
2130 1556 2346 1610 haeresis
2378 1555 2690 1618 accusandi,
2721 1556 2868 1623 quasi
2888 1578 2899 1595 ιι
2917 1554 3119 1607 scilicet
3148 1555 3325 1607 haereo

1810 1646 1909 1698 tica
1942 1645 2025 1697 illa
2068 1660 2130 1698 ex
2178 1644 2353 1697 animo
2402 1644 2736 1697 defendisset.
2790 1645 2887 1696 "Ait
2934 1656 3058 1695 vero
3107 1640 3326 1695 ﬂuetius

1809 1732 2103 1801 Origem'an.
2133 1732 2222 1786 lib.
2251 1750 2314 1795 il,
2344 1742 2529 1802 quasi.
2553 1733 2606 1791 2.
2642 1747 2786 1786 num.
2818 1734 2869 1797 5,
2898 1746 3014 1799 pag.
3059 1734 3179 1795 “9,
3202 1731 3322 1785 Ori-

1807 1822 1955 1885 genis
1978 1820 2290 1873 sententiam
2308 1836 2488 1885 parum
2504 1820 2788 1873 Athanasio
2804 1830 3111 1886 perspectam
3146 1823 3341 1887 fuisse.‘

1809 1909 1907 1963 Sed
1945 1910 1994 1961 in
2025 1925 2089 1962 eo
2118 1910 2354 1976 ignoscat
2396 1909 2546 1962 nobis
2580 1909 2659 1961 vir
2700 1910 2955 1968 eruditus,
2987 1910 3123 1976 quod
3171 1910 3326 1965 nihil-

1806 1999 2013 2051 ominus
2042 2012 2352 2067 persuasum
2385 1997 2672 2051 habeamus
2693 2036 2708 2062 ,
2746 1997 3031 2053 Athanasio
3059 2000 3327 2066 -episc0po

1806 2085 2190 2150 Alexandrino,
2271 2084 2509 2155 Origenis
2582 2084 2919 2138 Alexandrini
3007 2086 3326 2153 temporibus

1790 2180 1912 2225 'tam
1944 2173 2140 2235 vicino.
2186 2176 2604 2244 scriptorumque
2640 2172 2753 2240 ejus
2801 2173 3129 2242 aliorumque
3180 2182 3323 2225 vete-

1807 2278 1922 2316 rnm
1943 2263 2338 2333 diligentissimo
2364 2265 2559 2329 pariter
2580 2273 2632 2317 et
2649 2264 3098 2332 perspicacissimo
3118 2263 3321 2325 lectori,

1807 2353 1957 2422 longe
1992 2353 2182 2407 melius
2210 2362 2534 2420 perspectam
2583 2354 2746 2407 fuisse
2772 2354 3067 2407 Adamantii
3113 2362 3324 2407 senten-

1807 2443 1953 2504 tiam,
1976 2457 2133 2510 quam
2170 2443 2411 2509 cuiquam
2438 2457 2501 2495 ex
2543 2442 2691 2496 nobis
2726 2442 2859 2496 seris
2892 2441 3167 2506 nepotibus
3205 2456 3323 2510 per-

1803 2540 1979 2597 specta
2012 2544 2132 2583 esse
2179 2530 2364 2597 possit.
2419 2528 2595 2596 Pergit
2629 2537 2804 2582 autem
2858 2528 3075 2583 Huetius
3111 2545 3124 2581 :
3157 2547 3174 2579 ι
3206 2527 3321 2581 Νοη

1804 2634 1957 2687 nego,
1984 2619 2174 2687 inquit,
2219 2619 2329 2672 hzec
2371 2619 2565 2671 dixisse
2588 2617 2903 2687 Origenem;
2954 2627 3009 2670 at
3053 2633 3117 2671 eo
3164 2632 3321 2670 sensu

1804 2709 2019 2770 dixisse,
2044 2722 2147 2777 quo
2175 2706 2383 2760 Nictena
2418 2708 2551 2759 dixit
2600 2707 2862 2776 synodus,
2900 2707 2950 2761 id
2990 2722 3116 2761 vero
3168 2707 3319 2760 fateri

1805 2811 1905 2850 non
1939 2812 2166 2865 possum.
2201 2815 2219 2847 ι
2266 2798 2467 2850 Rursus
2498 2796 2637 2859 dico,
2687 2797 2880 2849 nemini
2926 2797 3112 2860 melius
3150 2797 3322 2865 cogni-

1805 2894 1911 2939 tum
1952 2900 2070 2940 esse
2112 2886 2340 2952 potuisse
2379 2884 2563 2953 synodi
2614 2884 2834 2937 Nico-me
2875 2898 3125 2946 sensum,
3161 2900 3319 2953 quam

1801 2973 2111 3035 Athanasio,
2132 2974 2220 3039 qui
2254 2974 2454 3039 synodo
2479 2970 2553 3023 illi
2583 2972 2691 3038 ipse
2718 2971 2972 3025 interfuit.
3012 2970 3155 3025 Idem
3196 2986 3322 3025 vero

1801 3063 2121 3116 Athanasius
2140 3071 2381 3125 testatur,
2402 3057 2675 3131 Origenem
2697 3074 2801 3115 tam
2821 3063 2888 3115 de
2909 3061 3024 3117 Filii
3044 3062 3121 3131 τῷ
3143 3064 3321 3131 ὀμοου-

1804 3154 1921 3223 σίῳ.
1944 3166 2099 3222 quam
2137 3152 2204 3206 de
2233 3151 2396 3219 ipsius
2422 3152 2497 3222 τῷ
2524 3152 2769 3221 συναῖδῑῳ
2807 3167 2926 3205 cum
2959 3152 3201 3206 Patribus
3225 3150 3318 3205 Ni-

1800 3244 1963 3296 ctenis
1987 3241 2204 3294 omnino
2240 3239 2488 3293 sensisse.
2526 3242 2603 3294 Ac
2625 3240 2690 3294 de
2723 3240 2838 3293 Filii
2863 3241 3071 3309 quidem
3108 3242 3320 3295 aeterni-

1799 3338 1929 3396 tate,
1955 3345 2133 3385 verum
2160 3329 2286 3383 illud
2329 3343 2447 3383 esse
2492 3343 2595 3382 non
2638 3328 2942 3382 diiIitebitur
2972 3328 3224 3393 Huetius;
3252 3330 3317 3384 de

1798 3419 2346 3475 consubstantialitate
2365 3433 2511 3483 vero,
2547 3420 2597 3472 id
2628 3419 2779 3473 fateri
2802 3433 2859 3473 se
2886 3434 2989 3473 non
3021 3434 3175 3487 posse
3206 3433 3317 3491 plp-

1797 3509 1995 3561 iitetur.
2020 3507 2176 3575 Atqui
2210 3521 2367 3575 supra
2406 3505 2524 3560 fuse
2560 3516 2614 3560 et
2636 3508 2929 3561 luculenter
2966 3508 3313 3571 ostendimus,

1796 3596 1986 3651 Filium
2011 3611 2113 3650 non
2135 3596 2239 3649 alio
2260 3610 2414 3651 sensu
2438 3598 2579 3651 Patri
2600 3597 2875 3668 ὀμοούσιον
2899 3598 3094 3653 dixisse
3114 3601 3316 3668 episco-

1795 3700 1890 3753 pos
1918 3684 2176 3749 Nicaenos,
2217 3698 2373 3753 quam
2399 3700 2504 3754 quo
2529 3685 2691 3740 Filius
2728 3689 2979 3741 statuitur
3014 3703 3170 3742 verus
3197 3703 3315 3741 esse

1795 3774 1931 3828 Deus
1963 3775 2177 3842 perinde
2203 3787 2265 3827 ac
2290 3773 2466 3835 Pater,
2494 3789 2596 3828 non
2630 3785 2820 3829 creatae
2837 3776 3056 3843 alicujus
3084 3786 3173 3828 aut
3199 3792 3313 3828 mn-

1794 3862 1970 3915 tabilis
1990 3862 2251 3915 essentize.
2276 3862 2448 3929 Atque
2469 3863 2567 3916 hoc
2589 3878 2749 3916 sensu
2762 3863 2948 3916 Filium
2967 3864 3108 3918 Patri
3132 3864 3312 3932 ὁμοσύ-

1792 3965 1902 4001 σιον
1939 3950 2215 4017 agnovisse
2240 3948 2541 4017 Origenem,
2567 3964 2663 4003 nos
2689 3950 2740 4002 in
2773 3950 2871 4005 hoc
2901 3952 3073 4019 capite
3102 3953 3310 4007 abunde

1789 4036 2146 4105 probavimus.
2176 4037 2253 4090 Ad
2280 4038 2599 4091 numericam
2619 4077 2635 4100 ,
2657 4053 2772 4107 qua:
2796 4040 3016 4103 dicitur,
3053 4041 3305 4095 unitatem

1787 4128 2093 4182 substantiae
2123 4127 2294 4182 Patris
2320 4137 2373 4180 et
2410 4126 2524 4181 Filii
2575 4130 2714 4196 quod
2761 4130 2950 4184 attinet
2988 4132 3166 4199 (quam
3214 4147 3307 4186 ne-

1785 4231 1935 4284 gasse
1976 4217 2253 4286 Origenem
2290 4217 2481 4271 ibidem
2516 4216 2589 4270 ait
2632 4216 2896 4288 liuetius),
2937 4234 3146 4287 possum
3193 4222 3307 4274 evi-

1785 4310 1970 4362 denter
1994 4308 2269 4363 ostendere
2288 4345 2303 4370 ,
2334 4305 2609 4375 Origenem
2638 4307 2892 4361 unitatem
2920 4308 3059 4360 illam
3085 4319 3305 4365 eatenus

161 4415 262 4458 nec
289 4405 509 4461 alterius
557 4404 866 4457 substantiae
907 4403 988 4456 vel
1033 4403 1365 4474 hypostasis,
1393 4406 1483 4457 sed
1525 4404 1687 4471 ipsius

1796 4396 2087 4463 ignovisse,
2138 4406 2400 4464 quatenus
2450 4396 2614 4464 ipsam
2679 4393 2892 4447 Patrum
2946 4396 3300 4464 antiquiorum

159 4504 397 4560 paterna:
422 4494 726 4549 substantiae
771 4493 1038 4561 proprium
1086 4493 1227 4544 illum
1261 4505 1407 4555 esse,
1436 4493 1684 4559 quemad-

159 4586 376 4639 modum
402 4585 649 4639 dixerunt
672 4581 761 4649 qui
790 4580 1140 4635 interfuerunt
1169 4580 1396 4649 synodo,
1435 4578 1555 4633 licet
1582 4595 1680 4633 no-

156 4670 241 4726 bis
288 4691 479 4730 rursus
530 4673 713 4727 audire
748 4673 903 4723 etiam
946 4685 1011 4724 ex
1068 4671 1327 4725 laborioso
1373 4669 1615 4739 Origene.
1654 4688 1673 4721 ι

154 4756 351 4815 Ibidem
380 4776 591 4825 autem,
641 4760 944 4828 priusquam
993 4761 1103 4827 ipsa
1152 4760 1396 4829 Origenis
1444 4759 1675 4812 testimo-

155 4846 242 4898 nia
272 4853 501 4916 adducit,
541 4851 735 4904 fatetur
760 4848 1102 4911 Athanasius,
1137 4850 1406 4917 pnemissa
1433 4850 1668 4915 quaedam

153 4937 223 4989 ab
246 4938 471 5009 Origene
497 4944 658 4996 fuisse
682 4942 733 4993 in
758 4940 873 4993 loco
902 4955 930 4992 a
958 4955 1016 4993 se
1040 4942 1266 5008 primum
1290 4942 1517 5002 citando,
1556 4955 1672 5007 qua:

151 5039 299 5082 sanae
326 5033 575 5088 doctrinae
604 5045 896 5103 repugnare
942 5030 1243 5084 viderentur
1272 5044 1284 5077 :
1328 5030 1419 5083 sed
1446 5030 1547 5088 ait,
1585 5028 1667 5080 illa

154 5114 496 5183 disputantis,
524 5137 627 5174 non
670 5118 1021 5174 asseverantis
1063 5132 1208 5171 more
1250 5119 1315 5169 ab
1354 5132 1418 5169 eo
1468 5118 1667 5184 prolata

154 5200 323 5256 fuisse
353 5223 369 5258 :
406 5220 520 5273 qua:
542 5222 664 5261 vero
702 5208 811 5276 ipse
836 5203 1017 5268 aﬂert,
1061 5203 1214 5269 plane
1248 5204 1525 5270 genuinam
1551 5200 1670 5257 Ori-

151 5289 303 5352 genis
360 5297 668 5348 sententiam
717 5296 1006 5349 continere.
1047 5291 1177 5346 Μετ’
1221 5286 1311 5343 οὖν
1360 5289 1571 5358 (inquit)
1601 5294 1669 5346 τὰ

146 5376 222 5440 ὡς
251 5382 308 5434 ὲν
336 5385 604 5453 γυμνασίᾳ
632 5386 888 5454 λεγόμενα
916 5383 1045 5452 πρὸς
1074 5384 1194 5442 τοὺς
1227 5381 1525 5449 αἱρετικοὺς
1542 5420 1557 5444 ,
1582 5384 1669 5434 εὐ-

144 5465 241 5531 θὺς
282 5475 445 5538 αὐτὸς
492 5476 729 5543 ἐπιφέρει
765 5477 831 5527 τὰ
878 5473 1000 5537 tota,
1053 5471 1218 5536 λέγων
1247 5469 1443 5531 οὕτως,
1473 5470 1524 5522 id
1562 5482 1663 5533 est,

149 5573 167 5605 ι
206 5559 332 5617 Post
358 5565 443 5618 ilia
468 5579 627 5631 ergo,
655 5580 768 5632 quae
797 5562 1029 5617 certandi
1058 5559 1217 5627 gratia
1266 5559 1417 5625 quasi
1465 5560 1517 5610 in
1566 5574 1658 5625 pa-

1784 4484 2083 4551 quisquam,
2111 4484 2345 4551 adeoque
2380 4484 2491 4552 ipse
2530 4483 2850 4538 Athanasius
2902 4487 3112 4552 agnovit
3148 4503 3162 4537 :
3204 4488 3304 4543 hoc

1783 4581 1884 4637 est,
1916 4572 2203 4626 credidisse
2226 4571 2526 4639 Origenem,
2567 4569 2775 4623 Patrem
2794 4608 2808 4633 ,
2834 4570 3021 4624 Filium
3048 4582 3101 4625 et
3135 4572 3305 4641 Spiri-

1781 4672 1889 4715 tum
1915 4672 2193 4726 sanctum,
2237 4676 2355 4715 cum
2400 4676 2581 4717 revera
2621 4670 2728 4714 tres
2765 4664 2872 4716 sint
2901 4678 3173 4732 personae,
3203 4681 3298 4718 ue-

1778 4766 2038 4819 quaquam
2070 4762 2242 4806 tamen
2270 4760 2327 4804 ut
2356 4760 2461 4804 tres
2492 4750 2728 4805 homines
2773 4766 3012 4806 seorsum
3054 4769 3108 4807 et
3144 4767 3296 4819 sepa-

1779 4842 1930 4895 ratim
1955 4842 2246 4906 exsistere;
2277 4842 2369 4895 sed
2406 4840 2589 4895 intime
2630 4840 2728 4894 sibi
2768 4842 2991 4896 invicem
3034 4846 3298 4896 conterere

1773 4941 1827 4985 et
1858 4931 2165 4997 coniunctos
2184 4946 2342 4997 esse;
2371 4931 2610 4999 adeoque
2634 4931 2853 4984 alterum
2891 4932 2942 4985 in
2963 4932 3129 4984 altero
3152 4932 3294 4982 easi-

1771 5030 2155 5090 stere,atque,
2194 5032 2252 5073 ut
2291 5021 2363 5074 ita
2403 5020 2620 5089 loquar,
2682 5024 2929 5076 immeare
2966 5019 3189 5072 invicem
3239 5031 3293 5072 et

1770 5122 2045 5176 penetrare
2077 5125 2169 5177 per
2205 5108 2519 5164 ineffabilem
2578 5111 2853 5179 quamdam
2906 5105 3290 5175 περιχώρησιν,

1760 5212 1918 5266 quam
1941 5198 2465 5256 circuminsessionenr
2486 5198 2783 5253 scholastici
2812 5206 2999 5250 vocant
3030 5210 3043 5246 :
3072 5208 3138 5246 ex
3181 5209 3288 5261 qua

1762 5288 2121 5358 περιχωρήσει
2148 5288 2401 5343 unitatem
2432 5289 2581 5344 ‘illam
2620 5287 2943 5342 numericam
2988 5286 3290 5339 necessario

1761 5378 1894 5433 eflici
1924 5380 2192 5433 contendit
2220 5378 2465 5433 Petavius
2489 5379 2563 5432 De
2590 5377 2797 5434 Trinit.,
2820 5373 2915 5427 lib.
2946 5389 3019 5435 tv,
3049 5387 3165 5438 cap.
3195 5373 3285 5427 16.

1761 5468 1863 5522 Sed
1897 5468 2079 5520 hac.de
2121 5482 2177 5521 re
2211 5468 2333 5521 alibi
2375 5466 2696 5522 commodior
2734 5463 2831 5513 erit
2870 5461 3169 5515 disserendi
3207 5460 3294 5513 lo-

1758 5576 1869 5614 cus.
1897 5560 2025 5612 Vide
2053 5569 2183 5615 sect.
2212 5559 2265 5623 4,
2290 5575 2405 5628 cap.
2434 5559 2483 5622 ι,
2513 5570 2654 5612 num.
2680 5553 2713 5605 9
2743 5558 2794 5604 et
2830 5564 2983 5617 seqq.

140 5702 143 5709 .
206 5650 523 5717 ".Bellartu.
557 5657 643 5709 lib.
674 5654 747 5710 De
776 5655 995 5718 Christo,
1031 5667 1145 5718 cap.
1172 5651 1253 5704 l0.
1329 5651 1372 5680 ⁸⁰
1399 5650 1661 5705 Albanas.
1695 5660 1817 5710 tum.
1854 5650 1893 5716 ι,
1923 5666 1972 5720 p.
1994 5651 2116 5706 277.
