  <div class='ocr_page' id='page_1' title='image "/cluster/home/n/w/nwhite01/storage/ocr_20150623/17/hvd.32044051719607/015.png"; bbox 0 0 4016 6584; ppageno 0'>
   <div class='ocr_carea' id='block_1_1' title="bbox 544 430 604 486">
    <p class='ocr_par' dir='ltr' id='par_1_1' title="bbox 544 430 604 486">
     <span class='ocr_line' id='line_1_1' title="bbox 544 430 604 486; baseline 0.05 -3"><span class='ocrx_word' id='word_1_1' title='bbox 544 430 604 486; x_wconf 79' lang='lat' dir='ltr'><strong>ﬂ</strong></span> 
     </span>
    </p>
   </div>
   <div class='ocr_carea' id='block_1_2' title="bbox 1407 415 2904 480">
    <p class='ocr_par' dir='ltr' id='par_1_2' title="bbox 1407 415 2904 480">
     <span class='ocr_line' id='line_1_2' title="bbox 1407 415 2904 480; baseline -0.001 0"><span class='ocrx_word' id='word_1_2' title='bbox 1407 415 1968 480; x_wconf 59' lang='lat' dir='ltr'><strong><em>SUPPLEMENTUM</em></strong></span> <span class='ocrx_word' id='word_1_3' title='bbox 2002 424 2091 479; x_wconf 79' lang='lat' dir='ltr'><strong>AD</strong></span> <span class='ocrx_word' id='word_1_4' title='bbox 2129 422 2452 479; x_wconf 69' lang='lat' dir='ltr'><strong><em>ORIGENIB</em></strong></span> <span class='ocrx_word' id='word_1_5' title='bbox 2490 423 2904 480; x_wconf 77' lang='lat' dir='ltr'><strong><em>EXEGETICA.</em></strong></span> 
     </span>
    </p>
   </div>
   <div class='ocr_carea' id='block_1_3' title="bbox 3697 429 3788 485">
    <p class='ocr_par' dir='ltr' id='par_1_3' title="bbox 3697 429 3788 485">
     <span class='ocr_line' id='line_1_3' title="bbox 3697 429 3788 485; baseline 0.077 -6"><span class='ocrx_word' id='word_1_6' title='bbox 3697 429 3788 485; x_wconf 58' lang='grc' dir='ltr'><strong><em>ΑΞ</em></strong></span> 
     </span>
    </p>
   </div>
   <div class='ocr_carea' id='block_1_4' title="bbox 538 523 3791 616">
    <p class='ocr_par' dir='ltr' id='par_1_4' title="bbox 538 523 3791 616">
     <span class='ocr_line' id='line_1_4' title="bbox 538 523 3791 616; baseline -0 -13"><span class='ocrx_word' id='word_1_7' title='bbox 538 550 920 605; x_wconf 88' lang='lat' dir='ltr'><strong><em>commendata.</em></strong></span> <span class='ocrx_word' id='word_1_8' title='bbox 954 547 1168 602; x_wconf 80' lang='lat' dir='ltr'><strong><em>Accedit</em></strong></span> <span class='ocrx_word' id='word_1_9' title='bbox 1196 545 1331 600; x_wconf 90' lang='lat' dir='ltr'><strong><em>illud</em></strong></span> <span class='ocrx_word' id='word_1_10' title='bbox 1355 544 1496 616; x_wconf 88' lang='lat' dir='ltr'><strong><em>quod</em></strong></span> <span class='ocrx_word' id='word_1_11' title='bbox 1519 553 1566 598; x_wconf 89' lang='lat' dir='ltr'><strong><em>et</em></strong></span> <span class='ocrx_word' id='word_1_12' title='bbox 1598 544 1654 597; x_wconf 89' lang='lat' dir='ltr'><strong><em>in</em></strong></span> <span class='ocrx_word' id='word_1_13' title='bbox 1682 541 1987 596; x_wconf 86' lang='lat' dir='ltr'><strong><em>Nannianis</em></strong></span> <span class='ocrx_word' id='word_1_14' title='bbox 2020 542 2307 608; x_wconf 78' lang='lat' dir='ltr'><strong><em>codicibus,</em></strong></span> <span class='ocrx_word' id='word_1_15' title='bbox 2326 559 2549 614; x_wconf 85' lang='lat' dir='ltr'><strong><em>quorum</em></strong></span> <span class='ocrx_word' id='word_1_16' title='bbox 2581 523 2852 613; x_wconf 75' lang='lat' dir='ltr'><strong><em>catalogus</em></strong></span> <span class='ocrx_word' id='word_1_17' title='bbox 2878 545 3018 598; x_wconf 83' lang='lat' dir='ltr'><strong><em>brevi</em></strong></span> <span class='ocrx_word' id='word_1_18' title='bbox 3038 543 3288 614; x_wconf 89' lang='lat' dir='ltr'><strong><em>prodibit,</em></strong></span> <span class='ocrx_word' id='word_1_19' title='bbox 3303 543 3484 597; x_wconf 90' lang='lat' dir='ltr'><strong><em>eadem</em></strong></span> <span class='ocrx_word' id='word_1_20' title='bbox 3509 545 3791 616; x_wconf 81' lang='lat' dir='ltr'><strong><em>aliquando</em></strong></span> 
     </span>
    </p>
   </div>
   <div class='ocr_carea' id='block_1_5' title="bbox 538 640 3370 714">
    <p class='ocr_par' dir='ltr' id='par_1_5' title="bbox 538 640 3370 714">
     <span class='ocr_line' id='line_1_5' title="bbox 538 640 3370 714; baseline -0.001 -16"><span class='ocrx_word' id='word_1_21' title='bbox 538 654 820 701; x_wconf 79' lang='lat' dir='ltr'><strong><em>recurrunt</em></strong></span> <span class='ocrx_word' id='word_1_22' title='bbox 851 642 1067 698; x_wconf 76' lang='lat' dir='ltr'><strong><em>totidem</em></strong></span> <span class='ocrx_word' id='word_1_23' title='bbox 1091 641 1283 704; x_wconf 88' lang='lat' dir='ltr'><strong><em>verbis,</em></strong></span> <span class='ocrx_word' id='word_1_24' title='bbox 1313 649 1362 694; x_wconf 91' lang='lat' dir='ltr'><strong><em>et</em></strong></span> <span class='ocrx_word' id='word_1_25' title='bbox 1397 640 1670 695; x_wconf 87' lang='lat' dir='ltr'><strong><em>universus</em></strong></span> <span class='ocrx_word' id='word_1_26' title='bbox 1700 645 2092 698; x_wconf 75' lang='lat' dir='ltr'><strong><em>commentandi</em></strong></span> <span class='ocrx_word' id='word_1_27' title='bbox 2118 644 2304 698; x_wconf 91' lang='lat' dir='ltr'><strong><em>modus</em></strong></span> <span class='ocrx_word' id='word_1_28' title='bbox 2339 643 2619 714; x_wconf 81' lang='lat' dir='ltr'><strong><em>Origenem</em></strong></span> <span class='ocrx_word' id='word_1_29' title='bbox 2652 644 2843 713; x_wconf 86' lang='lat' dir='ltr'><strong><em>ubique</em></strong></span> <span class='ocrx_word' id='word_1_30' title='bbox 2866 643 3065 697; x_wconf 88' lang='lat' dir='ltr'><strong><em>redolet</em></strong></span> <span class='ocrx_word' id='word_1_31' title='bbox 3091 661 3154 696; x_wconf 85' lang='lat' dir='ltr'><strong><em>ac</em></strong></span> <span class='ocrx_word' id='word_1_32' title='bbox 3172 643 3370 712; x_wconf 89' lang='lat' dir='ltr'><strong><em>prodit.</em></strong></span> 
     </span>
    </p>
   </div>
   <div class='ocr_carea' id='block_1_6' title="bbox 606 731 3796 807">
    <p class='ocr_par' dir='ltr' id='par_1_6' title="bbox 606 731 3796 807">
     <span class='ocr_line' id='line_1_6' title="bbox 606 731 3796 807; baseline -0.001 -15"><span class='ocrx_word' id='word_1_33' title='bbox 606 736 756 792; x_wconf 83' lang='lat' dir='ltr'><strong><em>Illud</em></strong></span> <span class='ocrx_word' id='word_1_34' title='bbox 784 752 988 807; x_wconf 86' lang='lat' dir='ltr'><strong><em>quoque</em></strong></span> <span class='ocrx_word' id='word_1_35' title='bbox 1009 734 1076 789; x_wconf 86' lang='lat' dir='ltr'><strong><em>ad</em></strong></span> <span class='ocrx_word' id='word_1_36' title='bbox 1103 731 1613 787; x_wconf 79' lang='lat' dir='ltr'><strong><em>commendationem</em></strong></span> <span class='ocrx_word' id='word_1_37' title='bbox 1647 732 2062 803; x_wconf 83' lang='lat' dir='ltr'><strong><em>fragmentorum</em></strong></span> <span class='ocrx_word' id='word_1_38' title='bbox 2085 737 2274 789; x_wconf 86' lang='lat' dir='ltr'><strong><em>horum</em></strong></span> <span class='ocrx_word' id='word_1_39' title='bbox 2306 735 2517 789; x_wconf 90' lang='lat' dir='ltr'><strong><em>silentio</em></strong></span> <span class='ocrx_word' id='word_1_40' title='bbox 2546 752 2650 788; x_wconf 89' lang='lat' dir='ltr'><strong><em>non</em></strong></span> <span class='ocrx_word' id='word_1_41' title='bbox 2691 747 2766 790; x_wconf 88' lang='lat' dir='ltr'><strong><em>est</em></strong></span> <span class='ocrx_word' id='word_1_42' title='bbox 2799 737 3248 804; x_wconf 81' lang='lat' dir='ltr'><strong><em>prcctereundum,</em></strong></span> <span class='ocrx_word' id='word_1_43' title='bbox 3277 735 3416 806; x_wconf 89' lang='lat' dir='ltr'><strong><em>quod</em></strong></span> <span class='ocrx_word' id='word_1_44' title='bbox 3449 746 3638 805; x_wconf 71' lang='lat' dir='ltr'><strong><em>praeter</em></strong></span> <span class='ocrx_word' id='word_1_45' title='bbox 3675 753 3796 789; x_wconf 89' lang='lat' dir='ltr'><strong><em>eru-</em></strong></span> 
     </span>
    </p>
   </div>
   <div class='ocr_carea' id='block_1_7' title="bbox 467 815 3796 898">
    <p class='ocr_par' dir='ltr' id='par_1_7' title="bbox 467 815 3796 898">
     <span class='ocr_line' id='line_1_7' title="bbox 467 815 3796 898; baseline -0 -14"><span class='ocrx_word' id='word_1_46' title='bbox 467 815 470 824; x_wconf 12' lang='lat' dir='ltr'><strong><em>‘i</em></strong></span> <span class='ocrx_word' id='word_1_47' title='bbox 537 831 650 884; x_wconf 90' lang='lat' dir='ltr'><strong><em>dita</em></strong></span> <span class='ocrx_word' id='word_1_48' title='bbox 673 828 862 892; x_wconf 85' lang='lat' dir='ltr'><strong><em>multa,</em></strong></span> <span class='ocrx_word' id='word_1_49' title='bbox 890 843 981 881; x_wconf 89' lang='lat' dir='ltr'><strong><em>nec</em></strong></span> <span class='ocrx_word' id='word_1_50' title='bbox 1014 826 1142 880; x_wconf 82' lang='lat' dir='ltr'><strong><em>alibi</em></strong></span> <span class='ocrx_word' id='word_1_51' title='bbox 1172 825 1401 896; x_wconf 75' lang='lat' dir='ltr'><strong><em>fortasse</em></strong></span> <span class='ocrx_word' id='word_1_52' title='bbox 1422 825 1760 890; x_wconf 85' lang='lat' dir='ltr'><strong><em>invenienda,</em></strong></span> <span class='ocrx_word' id='word_1_53' title='bbox 1787 827 2032 896; x_wconf 87' lang='lat' dir='ltr'><strong><em>dogmata</em></strong></span> <span class='ocrx_word' id='word_1_54' title='bbox 2057 828 2216 880; x_wconf 90' lang='lat' dir='ltr'><strong><em>etiam</em></strong></span> <span class='ocrx_word' id='word_1_55' title='bbox 2247 826 2553 880; x_wconf 86' lang='lat' dir='ltr'><strong><em>Christiana</em></strong></span> <span class='ocrx_word' id='word_1_56' title='bbox 2580 827 2832 882; x_wconf 87' lang='lat' dir='ltr'><strong><em>adversus</em></strong></span> <span class='ocrx_word' id='word_1_57' title='bbox 2869 844 3202 898; x_wconf 83' lang='lat' dir='ltr'><strong><em>aggressores</em></strong></span> <span class='ocrx_word' id='word_1_58' title='bbox 3238 843 3418 881; x_wconf 89' lang='lat' dir='ltr'><strong><em>eorum</em></strong></span> <span class='ocrx_word' id='word_1_59' title='bbox 3461 827 3685 896; x_wconf 81' lang='lat' dir='ltr'><strong><em>feliciter</em></strong></span> <span class='ocrx_word' id='word_1_60' title='bbox 3711 847 3796 884; x_wconf 84' lang='lat' dir='ltr'><strong><em>as-</em></strong></span> 
     </span>
    </p>
   </div>
   <div class='ocr_carea' id='block_1_8' title="bbox 536 915 3793 990">
    <p class='ocr_par' dir='ltr' id='par_1_8' title="bbox 536 915 3793 990">
     <span class='ocr_line' id='line_1_8' title="bbox 536 915 3793 990; baseline -0.002 -13"><span class='ocrx_word' id='word_1_61' title='bbox 536 934 802 978; x_wconf 74' lang='lat' dir='ltr'><strong><em>seruntur.</em></strong></span> <span class='ocrx_word' id='word_1_62' title='bbox 832 920 1006 974; x_wconf 88' lang='lat' dir='ltr'><strong><em>Primi</em></strong></span> <span class='ocrx_word' id='word_1_63' title='bbox 1030 919 1235 990; x_wconf 81' lang='lat' dir='ltr'><strong><em>generis</em></strong></span> <span class='ocrx_word' id='word_1_64' title='bbox 1262 918 1424 988; x_wconf 78' lang='lat' dir='ltr'><strong><em>fuerit</em></strong></span> <span class='ocrx_word' id='word_1_65' title='bbox 1449 919 1584 972; x_wconf 91' lang='lat' dir='ltr'><strong><em>illud</em></strong></span> <span class='ocrx_word' id='word_1_66' title='bbox 1609 920 1748 980; x_wconf 92' lang='lat' dir='ltr'><strong><em>quod</em></strong></span> <span class='ocrx_word' id='word_1_67' title='bbox 1775 919 1904 988; x_wconf 80' lang='lat' dir='ltr'><strong><em>legis</em></strong></span> <span class='ocrx_word' id='word_1_68' title='bbox 1933 921 2001 973; x_wconf 92' lang='lat' dir='ltr'><strong><em>ad</em></strong></span> <span class='ocrx_word' id='word_1_69' title='bbox 2043 915 2238 972; x_wconf 69' lang='lat' dir='ltr'><strong><em>Matth.</em></strong></span> <span class='ocrx_word' id='word_1_70' title='bbox 2270 935 2387 986; x_wconf 86' lang='lat' dir='ltr'><strong><em>cap.</em></strong></span> <span class='ocrx_word' id='word_1_71' title='bbox 2425 934 2603 982; x_wconf 73' lang='lat' dir='ltr'><strong><em>nm,</em></strong></span> <span class='ocrx_word' id='word_1_72' title='bbox 2631 936 2679 974; x_wconf 90' lang='lat' dir='ltr'><strong><em>v.</em></strong></span> <span class='ocrx_word' id='word_1_73' title='bbox 2717 920 2815 978; x_wconf 70' lang='lat' dir='ltr'><strong><em>l7.</em></strong></span> <span class='ocrx_word' id='word_1_74' title='bbox 2851 919 3110 972; x_wconf 73' lang='lat' dir='ltr'><strong><em>Barabba:</em></strong></span> <span class='ocrx_word' id='word_1_75' title='bbox 3153 936 3339 974; x_wconf 86' lang='lat' dir='ltr'><strong><em>nomen</em></strong></span> <span class='ocrx_word' id='word_1_76' title='bbox 3384 920 3549 987; x_wconf 78' lang='lat' dir='ltr'><strong><em>fuisse</em></strong></span> <span class='ocrx_word' id='word_1_77' title='bbox 3589 917 3793 986; x_wconf 67' lang='lat' dir='ltr'><strong><em>Iesum,</em></strong></span> 
     </span>
    </p>
   </div>
   <div class='ocr_carea' id='block_1_9' title="bbox 537 998 3796 1088">
    <p class='ocr_par' dir='ltr' id='par_1_9' title="bbox 537 998 3796 1088">
     <span class='ocr_line' id='line_1_9' title="bbox 537 998 3796 1088; baseline 0 -16"><span class='ocrx_word' id='word_1_78' title='bbox 537 1021 716 1088; x_wconf 83' lang='lat' dir='ltr'><strong><em>itaque</em></strong></span> <span class='ocrx_word' id='word_1_79' title='bbox 747 1017 934 1087; x_wconf 89' lang='lat' dir='ltr'><strong><em>legisse</em></strong></span> <span class='ocrx_word' id='word_1_80' title='bbox 960 1015 1315 1070; x_wconf 85' lang='lat' dir='ltr'><strong><em>vetustissima</em></strong></span> <span class='ocrx_word' id='word_1_81' title='bbox 1346 1013 1675 1081; x_wconf 75' lang='lat' dir='ltr'><strong><em>exemplaria</em></strong></span> <span class='ocrx_word' id='word_1_82' title='bbox 1699 1027 1719 1066; x_wconf 89' lang='lat'><strong><em>:</em></strong></span> <span class='ocrx_word' id='word_1_83' title='bbox 1752 1013 1923 1080; x_wconf 86' lang='lat' dir='ltr'><strong><em>Quem</em></strong></span> <span class='ocrx_word' id='word_1_84' title='bbox 1954 1015 2121 1068; x_wconf 91' lang='lat' dir='ltr'><strong><em>vultis</em></strong></span> <span class='ocrx_word' id='word_1_85' title='bbox 2159 1015 2226 1069; x_wconf 92' lang='lat' dir='ltr'><strong><em>de</em></strong></span> <span class='ocrx_word' id='word_1_86' title='bbox 2266 1014 2351 1068; x_wconf 90' lang='lat' dir='ltr'><strong><em>his</em></strong></span> <span class='ocrx_word' id='word_1_87' title='bbox 2381 998 2591 1068; x_wconf 87' lang='lat' dir='ltr'><strong><em>duobus</em></strong></span> <span class='ocrx_word' id='word_1_88' title='bbox 2617 1014 2886 1068; x_wconf 74' lang='lat' dir='ltr'><strong><em>dimittam</em></strong></span> <span class='ocrx_word' id='word_1_89' title='bbox 2925 1013 3320 1069; x_wconf 71' lang='lat' dir='ltr'><strong><em>vobisUesum</em></strong></span> <span class='ocrx_word' id='word_1_90' title='bbox 3355 1014 3681 1080; x_wconf 82' lang='lat' dir='ltr'><strong><em>Barahham,</em></strong></span> <span class='ocrx_word' id='word_1_91' title='bbox 3714 1019 3796 1072; x_wconf 81' lang='lat' dir='ltr'><strong><em>vel</em></strong></span> 
     </span>
    </p>
   </div>
   <div class='ocr_carea' id='block_1_10' title="bbox 538 1107 3796 1182">
    <p class='ocr_par' dir='ltr' id='par_1_10' title="bbox 538 1107 3796 1182">
     <span class='ocr_line' id='line_1_10' title="bbox 538 1107 3796 1182; baseline -0.001 -14"><span class='ocrx_word' id='word_1_92' title='bbox 538 1112 723 1168; x_wconf 79' lang='lat' dir='ltr'><strong><em>Jesum</em></strong></span> <span class='ocrx_word' id='word_1_93' title='bbox 753 1112 846 1182; x_wconf 86' lang='lat' dir='ltr'><strong><em>qui</em></strong></span> <span class='ocrx_word' id='word_1_94' title='bbox 882 1111 1081 1166; x_wconf 85' lang='lat' dir='ltr'><strong><em>dicitur</em></strong></span> <span class='ocrx_word' id='word_1_95' title='bbox 1107 1110 1396 1165; x_wconf 87' lang='lat' dir='ltr'><strong><em>Christus?</em></strong></span> <span class='ocrx_word' id='word_1_96' title='bbox 1419 1108 1551 1173; x_wconf 76' lang='lat' dir='ltr'><strong><em>Qua:</em></strong></span> <span class='ocrx_word' id='word_1_97' title='bbox 1577 1125 1702 1162; x_wconf 90' lang='lat' dir='ltr'><strong><em>sane</em></strong></span> <span class='ocrx_word' id='word_1_98' title='bbox 1732 1107 1889 1161; x_wconf 83' lang='lat' dir='ltr'><strong><em>lectio</em></strong></span> <span class='ocrx_word' id='word_1_99' title='bbox 1915 1109 2120 1162; x_wconf 83' lang='lat' dir='ltr'><strong><em>videtur</em></strong></span> <span class='ocrx_word' id='word_1_100' title='bbox 2141 1107 2294 1161; x_wconf 85' lang='lat' dir='ltr'><strong><em>modo</em></strong></span> <span class='ocrx_word' id='word_1_101' title='bbox 2323 1108 2571 1178; x_wconf 86' lang='lat' dir='ltr'><strong><em>loquendi</em></strong></span> <span class='ocrx_word' id='word_1_102' title='bbox 2605 1109 2935 1177; x_wconf 75' lang='lat' dir='ltr'><strong><em>evangelista:</em></strong></span> <span class='ocrx_word' id='word_1_103' title='bbox 2957 1108 3042 1162; x_wconf 85' lang='lat' dir='ltr'><strong><em>hic</em></strong></span> <span class='ocrx_word' id='word_1_104' title='bbox 3076 1118 3333 1176; x_wconf 84' lang='lat' dir='ltr'><strong><em>usurpato</em></strong></span> <span class='ocrx_word' id='word_1_105' title='bbox 3363 1110 3648 1164; x_wconf 85' lang='lat' dir='ltr'><strong><em>admodum</em></strong></span> <span class='ocrx_word' id='word_1_106' title='bbox 3676 1128 3796 1164; x_wconf 85' lang='lat' dir='ltr'><strong><em>con-</em></strong></span> 
     </span>
    </p>
   </div>
   <div class='ocr_carea' id='block_1_11' title="bbox 533 1201 3796 1278">
    <p class='ocr_par' dir='ltr' id='par_1_11' title="bbox 533 1201 3796 1278">
     <span class='ocr_line' id='line_1_11' title="bbox 533 1201 3796 1278; baseline -0.001 -20"><span class='ocrx_word' id='word_1_107' title='bbox 533 1206 926 1278; x_wconf 75' lang='lat' dir='ltr'><strong><em>gruenlissima.</em></strong></span> <span class='ocrx_word' id='word_1_108' title='bbox 956 1204 1091 1259; x_wconf 88' lang='lat' dir='ltr'><strong><em>Item</em></strong></span> <span class='ocrx_word' id='word_1_109' title='bbox 1117 1205 1251 1258; x_wconf 89' lang='lat' dir='ltr'><strong><em>illud</em></strong></span> <span class='ocrx_word' id='word_1_110' title='bbox 1283 1202 1432 1256; x_wconf 85' lang='lat' dir='ltr'><strong><em>Psal.</em></strong></span> <span class='ocrx_word' id='word_1_111' title='bbox 1460 1217 1648 1265; x_wconf 74' lang='lat' dir='ltr'><strong><em>xxxvr,</em></strong></span> <span class='ocrx_word' id='word_1_112' title='bbox 1674 1219 1722 1254; x_wconf 89' lang='lat' dir='ltr'><strong><em>v.</em></strong></span> <span class='ocrx_word' id='word_1_113' title='bbox 1763 1201 1858 1264; x_wconf 74' lang='grc'><strong><em>24,</em></strong></span> <span class='ocrx_word' id='word_1_114' title='bbox 1885 1202 1972 1254; x_wconf 89' lang='lat' dir='ltr'><strong><em>ubi</em></strong></span> <span class='ocrx_word' id='word_1_115' title='bbox 2005 1201 2223 1265; x_wconf 88' lang='lat' dir='ltr'><strong><em>dicitur,</em></strong></span> <span class='ocrx_word' id='word_1_116' title='bbox 2252 1202 2308 1254; x_wconf 92' lang='lat' dir='ltr'><strong><em>in</em></strong></span> <span class='ocrx_word' id='word_1_117' title='bbox 2336 1201 2594 1268; x_wconf 84' lang='lat' dir='ltr'><strong><em>agonibus</em></strong></span> <span class='ocrx_word' id='word_1_118' title='bbox 2630 1201 2917 1270; x_wconf 89' lang='lat' dir='ltr'><strong><em>aliquando</em></strong></span> <span class='ocrx_word' id='word_1_119' title='bbox 2945 1203 3034 1270; x_wconf 87' lang='lat' dir='ltr'><strong><em>qui</em></strong></span> <span class='ocrx_word' id='word_1_120' title='bbox 3072 1203 3213 1254; x_wconf 88' lang='lat' dir='ltr'><strong><em>cadit</em></strong></span> <span class='ocrx_word' id='word_1_121' title='bbox 3261 1201 3478 1256; x_wconf 84' lang='lat' dir='ltr'><strong><em>vincere</em></strong></span> <span class='ocrx_word' id='word_1_122' title='bbox 3525 1203 3646 1255; x_wconf 84' lang='lat' dir='ltr'><strong><em>tria.</em></strong></span> <span class='ocrx_word' id='word_1_123' title='bbox 3682 1201 3796 1266; x_wconf 84' lang='lat' dir='ltr'><strong><em>Quo</em></strong></span> 
     </span>
    </p>
   </div>
   <div class='ocr_carea' id='block_1_12' title="bbox 533 1295 3796 1367">
    <p class='ocr_par' dir='ltr' id='par_1_12' title="bbox 533 1295 3796 1367">
     <span class='ocr_line' id='line_1_12' title="bbox 533 1295 3796 1367; baseline 0 -15"><span class='ocrx_word' id='word_1_124' title='bbox 533 1301 754 1365; x_wconf 78' lang='lat' dir='ltr'><strong><em>miriﬁce</em></strong></span> <span class='ocrx_word' id='word_1_125' title='bbox 770 1317 950 1354; x_wconf 89' lang='lat' dir='ltr'><strong><em>eorum</em></strong></span> <span class='ocrx_word' id='word_1_126' title='bbox 977 1300 1232 1354; x_wconf 79' lang='lat' dir='ltr'><strong><em>sententia</em></strong></span> <span class='ocrx_word' id='word_1_127' title='bbox 1251 1298 1627 1365; x_wconf 55' lang='lat' dir='ltr'><strong><em>‘con/irmatur,</em></strong></span> <span class='ocrx_word' id='word_1_128' title='bbox 1648 1297 1739 1367; x_wconf 91' lang='lat' dir='ltr'><strong><em>qui</em></strong></span> <span class='ocrx_word' id='word_1_129' title='bbox 1764 1298 1950 1349; x_wconf 86' lang='lat' dir='ltr'><strong><em>docent</em></strong></span> <span class='ocrx_word' id='word_1_130' title='bbox 1975 1299 2044 1349; x_wconf 90' lang='lat' dir='ltr'><strong><em>ad</em></strong></span> <span class='ocrx_word' id='word_1_131' title='bbox 2068 1296 2397 1364; x_wconf 77' lang='lat' dir='ltr'><strong><em>referendam</em></strong></span> <span class='ocrx_word' id='word_1_132' title='bbox 2420 1295 2653 1365; x_wconf 86' lang='lat' dir='ltr'><strong><em>palmam</em></strong></span> <span class='ocrx_word' id='word_1_133' title='bbox 2676 1296 2909 1349; x_wconf 78' lang='lat' dir='ltr'><strong><em>victoria:</em></strong></span> <span class='ocrx_word' id='word_1_134' title='bbox 2927 1297 2980 1350; x_wconf 90' lang='lat' dir='ltr'><strong><em>in</em></strong></span> <span class='ocrx_word' id='word_1_135' title='bbox 3003 1297 3258 1365; x_wconf 84' lang='lat' dir='ltr'><strong><em>agonibus</em></strong></span> <span class='ocrx_word' id='word_1_136' title='bbox 3285 1297 3542 1351; x_wconf 83' lang='lat' dir='ltr'><strong><em>athleticis</em></strong></span> <span class='ocrx_word' id='word_1_137' title='bbox 3567 1309 3643 1350; x_wconf 89' lang='lat' dir='ltr'><strong><em>ter</em></strong></span> <span class='ocrx_word' id='word_1_138' title='bbox 3670 1315 3796 1364; x_wconf 84' lang='lat' dir='ltr'><strong><em>opus</em></strong></span> 
     </span>
    </p>
   </div>
   <div class='ocr_carea' id='block_1_13' title="bbox 532 1384 3798 1458">
    <p class='ocr_par' dir='ltr' id='par_1_13' title="bbox 532 1384 3798 1458">
     <span class='ocr_line' id='line_1_13' title="bbox 532 1384 3798 1458; baseline 0 -16"><span class='ocrx_word' id='word_1_139' title='bbox 532 1389 698 1458; x_wconf 80' lang='lat' dir='ltr'><strong><em>fuisse</em></strong></span> <span class='ocrx_word' id='word_1_140' title='bbox 729 1389 1013 1457; x_wconf 84' lang='lat' dir='ltr'><strong><em>proﬂigare</em></strong></span> <span class='ocrx_word' id='word_1_141' title='bbox 1056 1389 1440 1451; x_wconf 82' lang='lat' dir='ltr'><strong><em>adversarium,</em></strong></span> <span class='ocrx_word' id='word_1_142' title='bbox 1471 1386 1536 1437; x_wconf 90' lang='lat' dir='ltr'><strong><em>de</em></strong></span> <span class='ocrx_word' id='word_1_143' title='bbox 1565 1401 1668 1454; x_wconf 91' lang='lat' dir='ltr'><strong><em>quo</em></strong></span> <span class='ocrx_word' id='word_1_144' title='bbox 1703 1384 1943 1438; x_wconf 89' lang='lat' dir='ltr'><strong><em>nonnulli</em></strong></span> <span class='ocrx_word' id='word_1_145' title='bbox 1965 1385 2228 1439; x_wconf 88' lang='lat' dir='ltr'><strong><em>immerito</em></strong></span> <span class='ocrx_word' id='word_1_146' title='bbox 2247 1385 2491 1439; x_wconf 86' lang='lat' dir='ltr'><strong><em>dubitant</em></strong></span> <span class='ocrx_word' id='word_1_147' title='bbox 2522 1387 2664 1453; x_wconf 90' lang='lat' dir='ltr'><strong><em>apud</em></strong></span> <span class='ocrx_word' id='word_1_148' title='bbox 2698 1385 2950 1441; x_wconf 89' lang='lat' dir='ltr'><strong><em>Poterum</em></strong></span> <span class='ocrx_word' id='word_1_149' title='bbox 2981 1387 3095 1441; x_wconf 91' lang='lat' dir='ltr'><strong><em>loco</em></strong></span> <span class='ocrx_word' id='word_1_150' title='bbox 3126 1404 3158 1441; x_wconf 91' lang='lat' dir='ltr'><strong><em>a</em></strong></span> <span class='ocrx_word' id='word_1_151' title='bbox 3189 1389 3338 1443; x_wconf 86' lang='lat' dir='ltr'><strong><em>nobis</em></strong></span> <span class='ocrx_word' id='word_1_152' title='bbox 3367 1391 3437 1442; x_wconf 86' lang='lat' dir='ltr'><strong><em>ad</em></strong></span> <span class='ocrx_word' id='word_1_153' title='bbox 3459 1390 3609 1443; x_wconf 87' lang='lat' dir='ltr'><strong><em>illum</em></strong></span> <span class='ocrx_word' id='word_1_154' title='bbox 3637 1391 3798 1443; x_wconf 84' lang='lat' dir='ltr'><strong><em>versi-</em></strong></span> 
     </span>
    </p>
   </div>
   <div class='ocr_carea' id='block_1_14' title="bbox 534 1476 3796 1548">
    <p class='ocr_par' dir='ltr' id='par_1_14' title="bbox 534 1476 3796 1548">
     <span class='ocr_line' id='line_1_14' title="bbox 534 1476 3796 1548; baseline 0 -13"><span class='ocrx_word' id='word_1_155' title='bbox 534 1482 712 1536; x_wconf 86' lang='lat' dir='ltr'><strong><em>culum</em></strong></span> <span class='ocrx_word' id='word_1_156' title='bbox 746 1483 994 1534; x_wconf 75' lang='lat' dir='ltr'><strong><em>excitato.</em></strong></span> <span class='ocrx_word' id='word_1_157' title='bbox 1022 1479 1162 1543; x_wconf 85' lang='lat' dir='ltr'><strong><em>Quid</em></strong></span> <span class='ocrx_word' id='word_1_158' title='bbox 1188 1479 1311 1531; x_wconf 90' lang='lat' dir='ltr'><strong><em>item</em></strong></span> <span class='ocrx_word' id='word_1_159' title='bbox 1342 1479 1408 1530; x_wconf 89' lang='lat' dir='ltr'><strong><em>sit</em></strong></span> <span class='ocrx_word' id='word_1_160' title='bbox 1448 1476 1826 1548; x_wconf 78' lang='grc' dir='ltr'>στηλογραφία</span> <span class='ocrx_word' id='word_1_161' title='bbox 1880 1479 1934 1531; x_wconf 91' lang='lat' dir='ltr'><strong><em>in</em></strong></span> <span class='ocrx_word' id='word_1_162' title='bbox 1980 1477 2134 1531; x_wconf 88' lang='lat' dir='ltr'><strong><em>titulo</em></strong></span> <span class='ocrx_word' id='word_1_163' title='bbox 2157 1477 2292 1545; x_wconf 90' lang='lat' dir='ltr'><strong><em>psal.</em></strong></span> <span class='ocrx_word' id='word_1_164' title='bbox 2318 1493 2409 1540; x_wconf 76' lang='lat' dir='ltr'><strong><em>xv,</em></strong></span> <span class='ocrx_word' id='word_1_165' title='bbox 2438 1487 2487 1531; x_wconf 83' lang='lat' dir='ltr'><strong><em>et</em></strong></span> <span class='ocrx_word' id='word_1_166' title='bbox 2513 1479 2601 1546; x_wconf 90' lang='lat' dir='ltr'><strong><em>qui</em></strong></span> <span class='ocrx_word' id='word_1_167' title='bbox 2622 1480 2737 1548; x_wconf 76' lang='lat' dir='ltr'><strong><em>ejus</em></strong></span> <span class='ocrx_word' id='word_1_168' title='bbox 2768 1496 2896 1533; x_wconf 88' lang='lat' dir='ltr'><strong><em>usus</em></strong></span> <span class='ocrx_word' id='word_1_169' title='bbox 2926 1482 3066 1548; x_wconf 87' lang='lat' dir='ltr'><strong><em>apud</em></strong></span> <span class='ocrx_word' id='word_1_170' title='bbox 3090 1490 3306 1546; x_wconf 87' lang='lat' dir='ltr'><strong><em>veteres,</em></strong></span> <span class='ocrx_word' id='word_1_171' title='bbox 3329 1499 3394 1536; x_wconf 81' lang='lat' dir='ltr'><strong><em>ea:</em></strong></span> <span class='ocrx_word' id='word_1_172' title='bbox 3420 1483 3562 1536; x_wconf 82' lang='lat' dir='ltr'><strong><em>hisce</em></strong></span> <span class='ocrx_word' id='word_1_173' title='bbox 3587 1483 3796 1536; x_wconf 85' lang='lat' dir='ltr'><strong><em>scholiis</em></strong></span> 
     </span>
    </p>
   </div>
   <div class='ocr_carea' id='block_1_15' title="bbox 518 1571 3798 1646">
    <p class='ocr_par' dir='ltr' id='par_1_15' title="bbox 518 1571 3798 1646">
     <span class='ocr_line' id='line_1_15' title="bbox 518 1571 3798 1646; baseline 0.001 -18"><span class='ocrx_word' id='word_1_174' title='bbox 518 1585 771 1645; x_wconf 70' lang='lat' dir='ltr'><strong><em>apparet.</em></strong></span> <span class='ocrx_word' id='word_1_175' title='bbox 801 1573 1095 1627; x_wconf 84' lang='lat' dir='ltr'><strong><em>Sinceritas</em></strong></span> <span class='ocrx_word' id='word_1_176' title='bbox 1121 1588 1324 1641; x_wconf 86' lang='lat' dir='ltr'><strong><em>quoque</em></strong></span> <span class='ocrx_word' id='word_1_177' title='bbox 1372 1589 1433 1626; x_wconf 92' lang='lat' dir='ltr'><strong><em>ac</em></strong></span> <span class='ocrx_word' id='word_1_178' title='bbox 1472 1573 1768 1643; x_wconf 78' lang='grc' dir='ltr'>γνησιότης</span> <span class='ocrx_word' id='word_1_179' title='bbox 1801 1573 2051 1628; x_wconf 82' lang='lat' dir='ltr'><strong><em>versiculi</em></strong></span> <span class='ocrx_word' id='word_1_180' title='bbox 2079 1573 2143 1627; x_wconf 89' lang='lat' dir='ltr'><strong><em>de</em></strong></span> <span class='ocrx_word' id='word_1_181' title='bbox 2176 1575 2366 1628; x_wconf 87' lang='lat' dir='ltr'><strong><em>sudore</em></strong></span> <span class='ocrx_word' id='word_1_182' title='bbox 2386 1571 2585 1628; x_wconf 81' lang='lat' dir='ltr'><strong><em>Christi</em></strong></span> <span class='ocrx_word' id='word_1_183' title='bbox 2623 1576 2891 1629; x_wconf 88' lang='lat' dir='ltr'><strong><em>stabilitur</em></strong></span> <span class='ocrx_word' id='word_1_184' title='bbox 2917 1592 2935 1629; x_wconf 89' lang='lat'><strong><em>:</em></strong></span> <span class='ocrx_word' id='word_1_185' title='bbox 2965 1593 3082 1646; x_wconf 74' lang='lat' dir='ltr'><strong><em>qua:</em></strong></span> <span class='ocrx_word' id='word_1_186' title='bbox 3107 1578 3346 1631; x_wconf 90' lang='lat' dir='ltr'><strong><em>similiter</em></strong></span> <span class='ocrx_word' id='word_1_187' title='bbox 3375 1577 3718 1645; x_wconf 85' lang='lat' dir='ltr'><strong><em>conﬁrmatur</em></strong></span> <span class='ocrx_word' id='word_1_188' title='bbox 3735 1594 3798 1632; x_wconf 74' lang='lat' dir='ltr'><strong><em>ea:</em></strong></span> 
     </span>
    </p>
   </div>
   <div class='ocr_carea' id='block_1_16' title="bbox 533 1665 3794 1741">
    <p class='ocr_par' dir='ltr' id='par_1_16' title="bbox 533 1665 3794 1741">
     <span class='ocr_line' id='line_1_16' title="bbox 533 1665 3794 1741; baseline 0 -18"><span class='ocrx_word' id='word_1_189' title='bbox 533 1686 681 1739; x_wconf 78' lang='lat' dir='ltr'><strong><em>teque</em></strong></span> <span class='ocrx_word' id='word_1_190' title='bbox 727 1679 926 1724; x_wconf 68' lang='lat' dir='ltr'><strong><em>vetusto</em></strong></span> <span class='ocrx_word' id='word_1_191' title='bbox 966 1669 1268 1738; x_wconf 85' lang='lat' dir='ltr'><strong><em>interprete,</em></strong></span> <span class='ocrx_word' id='word_1_192' title='bbox 1293 1678 1348 1721; x_wconf 90' lang='lat' dir='ltr'><strong><em>ut</em></strong></span> <span class='ocrx_word' id='word_1_193' title='bbox 1390 1670 1442 1721; x_wconf 91' lang='lat' dir='ltr'><strong><em>in</em></strong></span> <span class='ocrx_word' id='word_1_194' title='bbox 1470 1669 1724 1738; x_wconf 87' lang='lat' dir='ltr'><strong><em>Dionysio</em></strong></span> <span class='ocrx_word' id='word_1_195' title='bbox 1755 1668 2122 1723; x_wconf 74' lang='lat' dir='ltr'><strong><em>Alexandrino</em></strong></span> <span class='ocrx_word' id='word_1_196' title='bbox 2156 1669 2413 1723; x_wconf 76' lang='lat' dir='ltr'><strong><em>diximus.</em></strong></span> <span class='ocrx_word' id='word_1_197' title='bbox 2449 1665 2786 1724; x_wconf 85' lang='lat' dir='ltr'><strong><em>Variantium</em></strong></span> <span class='ocrx_word' id='word_1_198' title='bbox 2831 1687 3037 1741; x_wconf 88' lang='lat' dir='ltr'><strong><em>quoque</em></strong></span> <span class='ocrx_word' id='word_1_199' title='bbox 3086 1671 3366 1726; x_wconf 87' lang='lat' dir='ltr'><strong><em>lectionum</em></strong></span> <span class='ocrx_word' id='word_1_200' title='bbox 3397 1673 3532 1727; x_wconf 90' lang='lat' dir='ltr'><strong><em>bona</em></strong></span> <span class='ocrx_word' id='word_1_201' title='bbox 3559 1687 3724 1741; x_wconf 87' lang='lat' dir='ltr'><strong><em>seges,</em></strong></span> <span class='ocrx_word' id='word_1_202' title='bbox 3747 1681 3794 1724; x_wconf 87' lang='lat' dir='ltr'><strong><em>et</em></strong></span> 
     </span>
    </p>
   </div>
   <div class='ocr_carea' id='block_1_17' title="bbox 533 1761 3111 1837">
    <p class='ocr_par' dir='ltr' id='par_1_17' title="bbox 533 1761 3111 1837">
     <span class='ocr_line' id='line_1_17' title="bbox 533 1761 3111 1837; baseline 0.002 -20"><span class='ocrx_word' id='word_1_203' title='bbox 533 1761 870 1818; x_wconf 84' lang='lat' dir='ltr'><strong><em>Samaritani</em></strong></span> <span class='ocrx_word' id='word_1_204' title='bbox 897 1764 1094 1818; x_wconf 84' lang='lat' dir='ltr'><strong><em>codicis</em></strong></span> <span class='ocrx_word' id='word_1_205' title='bbox 1129 1766 1422 1817; x_wconf 86' lang='lat' dir='ltr'><strong><em>auctoritas</em></strong></span> <span class='ocrx_word' id='word_1_206' title='bbox 1446 1764 1730 1818; x_wconf 90' lang='lat' dir='ltr'><strong><em>identidem</em></strong></span> <span class='ocrx_word' id='word_1_207' title='bbox 1768 1765 1915 1818; x_wconf 87' lang='lat' dir='ltr'><strong><em>nobis</em></strong></span> <span class='ocrx_word' id='word_1_208' title='bbox 1951 1766 2286 1833; x_wconf 86' lang='lat' dir='ltr'><strong><em>proponitur,</em></strong></span> <span class='ocrx_word' id='word_1_209' title='bbox 2318 1775 2377 1819; x_wconf 88' lang='lat' dir='ltr'><strong><em>ut</em></strong></span> <span class='ocrx_word' id='word_1_210' title='bbox 2413 1774 2607 1820; x_wconf 75' lang='lat' dir='ltr'><strong><em>ctztera</em></strong></span> <span class='ocrx_word' id='word_1_211' title='bbox 2634 1767 2794 1820; x_wconf 88' lang='lat' dir='ltr'><strong><em>missa</em></strong></span> <span class='ocrx_word' id='word_1_212' title='bbox 2819 1767 3111 1837; x_wconf 83' lang='lat' dir='ltr'><strong><em>faciamus.</em></strong></span> 
     </span>
    </p>
   </div>
   <div class='ocr_carea' id='block_1_18' title="bbox 614 1859 3793 1932">
    <p class='ocr_par' dir='ltr' id='par_1_18' title="bbox 614 1859 3793 1932">
     <span class='ocr_line' id='line_1_18' title="bbox 614 1859 3793 1932; baseline 0.002 -20"><span class='ocrx_word' id='word_1_213' title='bbox 614 1859 879 1929; x_wconf 88' lang='lat' dir='ltr'><strong><em>Dogmata</em></strong></span> <span class='ocrx_word' id='word_1_214' title='bbox 902 1861 1027 1929; x_wconf 79' lang='lat' dir='ltr'><strong><em>fidei</em></strong></span> <span class='ocrx_word' id='word_1_215' title='bbox 1051 1859 1399 1926; x_wconf 69' lang='lat' dir='ltr'><strong><em>Christianae,</em></strong></span> <span class='ocrx_word' id='word_1_216' title='bbox 1429 1861 1732 1915; x_wconf 87' lang='lat' dir='ltr'><strong><em>traditionis</em></strong></span> <span class='ocrx_word' id='word_1_217' title='bbox 1756 1862 1879 1914; x_wconf 88' lang='lat' dir='ltr'><strong><em>item</em></strong></span> <span class='ocrx_word' id='word_1_218' title='bbox 1921 1860 2314 1928; x_wconf 64' lang='lat' dir='ltr'><strong><em>ecclesiasticas,</em></strong></span> <span class='ocrx_word' id='word_1_219' title='bbox 2354 1872 2402 1915; x_wconf 90' lang='lat' dir='ltr'><strong><em>et</em></strong></span> <span class='ocrx_word' id='word_1_220' title='bbox 2439 1876 2546 1916; x_wconf 90' lang='lat' dir='ltr'><strong><em>non</em></strong></span> <span class='ocrx_word' id='word_1_221' title='bbox 2578 1863 2794 1932; x_wconf 74' lang='lat' dir='ltr'><strong><em>scripta:</em></strong></span> <span class='ocrx_word' id='word_1_222' title='bbox 2824 1864 3147 1918; x_wconf 80' lang='lat' dir='ltr'><strong><em>exstantium</em></strong></span> <span class='ocrx_word' id='word_1_223' title='bbox 3179 1880 3242 1917; x_wconf 89' lang='lat' dir='ltr'><strong><em>ac</em></strong></span> <span class='ocrx_word' id='word_1_224' title='bbox 3284 1866 3556 1918; x_wconf 88' lang='lat' dir='ltr'><strong><em>veritatem</em></strong></span> <span class='ocrx_word' id='word_1_225' title='bbox 3582 1881 3676 1932; x_wconf 72' lang='lat' dir='ltr'><strong><em>per</em></strong></span> <span class='ocrx_word' id='word_1_226' title='bbox 3694 1864 3793 1917; x_wconf 88' lang='lat' dir='ltr'><strong><em>hu-</em></strong></span> 
     </span>
    </p>
   </div>
   <div class='ocr_carea' id='block_1_19' title="bbox 527 1952 3798 2029">
    <p class='ocr_par' dir='ltr' id='par_1_19' title="bbox 527 1952 3798 2029">
     <span class='ocr_line' id='line_1_19' title="bbox 527 1952 3798 2029; baseline 0.002 -24"><span class='ocrx_word' id='word_1_227' title='bbox 527 1952 769 2020; x_wconf 82' lang='lat' dir='ltr'><strong><em>jusntodi</em></strong></span> <span class='ocrx_word' id='word_1_228' title='bbox 795 1952 1088 2024; x_wconf 82' lang='lat' dir='ltr'><strong><em>fragmenta</em></strong></span> <span class='ocrx_word' id='word_1_229' title='bbox 1124 1953 1390 2008; x_wconf 88' lang='lat' dir='ltr'><strong><em>cumulate</em></strong></span> <span class='ocrx_word' id='word_1_230' title='bbox 1421 1955 1731 2023; x_wconf 80' lang='lat' dir='ltr'><strong><em>conﬁrmari</em></strong></span> <span class='ocrx_word' id='word_1_231' title='bbox 1768 1973 1830 2009; x_wconf 89' lang='lat' dir='ltr'><strong><em>ac</em></strong></span> <span class='ocrx_word' id='word_1_232' title='bbox 1860 1955 2092 2010; x_wconf 85' lang='lat' dir='ltr'><strong><em>stabiliri</em></strong></span> <span class='ocrx_word' id='word_1_233' title='bbox 2115 1956 2298 2026; x_wconf 89' lang='lat' dir='ltr'><strong><em>liquet.</em></strong></span> <span class='ocrx_word' id='word_1_234' title='bbox 2321 1959 2488 2011; x_wconf 87' lang='lat' dir='ltr'><strong><em>Deum</em></strong></span> <span class='ocrx_word' id='word_1_235' title='bbox 2517 1973 2632 2011; x_wconf 87' lang='lat' dir='ltr'><strong><em>esse</em></strong></span> <span class='ocrx_word' id='word_1_236' title='bbox 2654 1959 3022 2028; x_wconf 88' lang='lat' dir='ltr'><strong><em>incorporeum</em></strong></span> <span class='ocrx_word' id='word_1_237' title='bbox 3043 1970 3090 2012; x_wconf 90' lang='lat' dir='ltr'><strong><em>et</em></strong></span> <span class='ocrx_word' id='word_1_238' title='bbox 3116 1976 3233 2029; x_wconf 73' lang='lat' dir='ltr'><strong><em>qua:</em></strong></span> <span class='ocrx_word' id='word_1_239' title='bbox 3255 1959 3597 2027; x_wconf 87' lang='lat' dir='ltr'><strong><em>corporaliter</em></strong></span> <span class='ocrx_word' id='word_1_240' title='bbox 3621 1962 3685 2014; x_wconf 89' lang='lat' dir='ltr'><strong><em>de</em></strong></span> <span class='ocrx_word' id='word_1_241' title='bbox 3705 1959 3798 2013; x_wconf 85' lang='lat' dir='ltr'><strong><em>illa</em></strong></span> 
     </span>
    </p>
   </div>
   <div class='ocr_carea' id='block_1_20' title="bbox 515 2049 3801 2123">
    <p class='ocr_par' dir='ltr' id='par_1_20' title="bbox 515 2049 3801 2123">
     <span class='ocr_line' id='line_1_20' title="bbox 515 2049 3801 2123; baseline 0.002 -23"><span class='ocrx_word' id='word_1_242' title='bbox 515 2049 804 2113; x_wconf 47' lang='lat' dir='ltr'><strong><em>vdicuntur,</em></strong></span> <span class='ocrx_word' id='word_1_243' title='bbox 853 2059 907 2102; x_wconf 91' lang='lat' dir='ltr'><strong><em>ut</em></strong></span> <span class='ocrx_word' id='word_1_244' title='bbox 957 2049 1126 2103; x_wconf 88' lang='lat' dir='ltr'><strong><em>Deum</em></strong></span> <span class='ocrx_word' id='word_1_245' title='bbox 1157 2050 1374 2104; x_wconf 86' lang='lat' dir='ltr'><strong><em>addecet</em></strong></span> <span class='ocrx_word' id='word_1_246' title='bbox 1403 2067 1514 2104; x_wconf 84' lang='lat' dir='ltr'><strong><em>esse</em></strong></span> <span class='ocrx_word' id='word_1_247' title='bbox 1546 2051 1908 2121; x_wconf 86' lang='lat' dir='ltr'><strong><em>intelligenda,</em></strong></span> <span class='ocrx_word' id='word_1_248' title='bbox 1959 2051 2192 2122; x_wconf 84' lang='lat' dir='ltr'><strong><em>nihilque</em></strong></span> <span class='ocrx_word' id='word_1_249' title='bbox 2230 2052 2353 2106; x_wconf 89' lang='lat' dir='ltr'><strong><em>inde</em></strong></span> <span class='ocrx_word' id='word_1_250' title='bbox 2372 2051 2554 2121; x_wconf 89' lang='lat' dir='ltr'><strong><em>juvari</em></strong></span> <span class='ocrx_word' id='word_1_251' title='bbox 2598 2052 3260 2123; x_wconf 80' lang='lat' dir='ltr'><strong><em>AnthrOpomorphitarum</em></strong></span> <span class='ocrx_word' id='word_1_252' title='bbox 3297 2054 3516 2118; x_wconf 85' lang='lat' dir='ltr'><strong><em>deliria,</em></strong></span> <span class='ocrx_word' id='word_1_253' title='bbox 3545 2063 3689 2121; x_wconf 86' lang='lat' dir='ltr'><strong><em>patet</em></strong></span> <span class='ocrx_word' id='word_1_254' title='bbox 3734 2069 3801 2107; x_wconf 79' lang='lat' dir='ltr'><strong><em>ea:</em></strong></span> 
     </span>
    </p>
   </div>
   <div class='ocr_carea' id='block_1_21' title="bbox 533 2143 3798 2222">
    <p class='ocr_par' dir='ltr' id='par_1_21' title="bbox 533 2143 3798 2222">
     <span class='ocr_line' id='line_1_21' title="bbox 533 2143 3798 2222; baseline 0.002 -27"><span class='ocrx_word' id='word_1_255' title='bbox 533 2143 754 2198; x_wconf 89' lang='lat' dir='ltr'><strong><em>scholiis</em></strong></span> <span class='ocrx_word' id='word_1_256' title='bbox 781 2146 837 2198; x_wconf 86' lang='lat' dir='ltr'><strong><em>in</em></strong></span> <span class='ocrx_word' id='word_1_257' title='bbox 857 2146 997 2215; x_wconf 87' lang='lat' dir='ltr'><strong><em>psal.</em></strong></span> <span class='ocrx_word' id='word_1_258' title='bbox 1023 2161 1144 2215; x_wconf 79' lang='lat' dir='ltr'><strong><em>xm,</em></strong></span> <span class='ocrx_word' id='word_1_259' title='bbox 1173 2166 1220 2205; x_wconf 87' lang='lat' dir='ltr'><strong><em>v.</em></strong></span> <span class='ocrx_word' id='word_1_260' title='bbox 1253 2148 1310 2202; x_wconf 78' lang='grc'><strong><em>2.</em></strong></span> <span class='ocrx_word' id='word_1_261' title='bbox 1335 2147 1434 2202; x_wconf 86' lang='lat' dir='ltr'><strong><em>Dei</em></strong></span> <span class='ocrx_word' id='word_1_262' title='bbox 1459 2149 1846 2218; x_wconf 83' lang='lat' dir='ltr'><strong><em>providentiam</em></strong></span> <span class='ocrx_word' id='word_1_263' title='bbox 1868 2152 1937 2202; x_wconf 90' lang='lat' dir='ltr'><strong><em>ad</em></strong></span> <span class='ocrx_word' id='word_1_264' title='bbox 1969 2151 2187 2204; x_wconf 87' lang='lat' dir='ltr'><strong><em>minima</em></strong></span> <span class='ocrx_word' id='word_1_265' title='bbox 2213 2167 2428 2222; x_wconf 81' lang='lat' dir='ltr'><strong><em>quceque</em></strong></span> <span class='ocrx_word' id='word_1_266' title='bbox 2453 2167 2509 2205; x_wconf 85' lang='lat' dir='ltr'><strong><em>se</em></strong></span> <span class='ocrx_word' id='word_1_267' title='bbox 2538 2151 2839 2218; x_wconf 77' lang='lat' dir='ltr'><strong><em>extendere,</em></strong></span> <span class='ocrx_word' id='word_1_268' title='bbox 2876 2163 3081 2206; x_wconf 86' lang='lat' dir='ltr'><strong><em>constat</em></strong></span> <span class='ocrx_word' id='word_1_269' title='bbox 3114 2169 3177 2206; x_wconf 75' lang='lat' dir='ltr'><strong><em>ex</em></strong></span> <span class='ocrx_word' id='word_1_270' title='bbox 3197 2153 3585 2206; x_wconf 85' lang='lat' dir='ltr'><strong><em>commentariis</em></strong></span> <span class='ocrx_word' id='word_1_271' title='bbox 3614 2153 3669 2206; x_wconf 85' lang='lat' dir='ltr'><strong><em>in</em></strong></span> <span class='ocrx_word' id='word_1_272' title='bbox 3694 2151 3798 2205; x_wconf 80' lang='lat' dir='ltr'><strong><em>Job</em></strong></span> 
     </span>
    </p>
   </div>
   <div class='ocr_carea' id='block_1_22' title="bbox 533 2239 3230 2316">
    <p class='ocr_par' dir='ltr' id='par_1_22' title="bbox 533 2239 3230 2316">
     <span class='ocr_line' id='line_1_22' title="bbox 533 2239 3230 2316; baseline 0.003 -23"><span class='ocrx_word' id='word_1_273' title='bbox 533 2253 628 2304; x_wconf 70' lang='grc' dir='ltr'><strong><em>ιι,</em></strong></span> <span class='ocrx_word' id='word_1_274' title='bbox 656 2239 711 2293; x_wconf 77' lang='grc' dir='ltr'><strong><em>ὅ.</em></strong></span> <span class='ocrx_word' id='word_1_275' title='bbox 745 2241 858 2296; x_wconf 88' lang='lat' dir='ltr'><strong><em>Vim</em></strong></span> <span class='ocrx_word' id='word_1_276' title='bbox 895 2259 958 2296; x_wconf 87' lang='lat' dir='ltr'><strong><em>ac</em></strong></span> <span class='ocrx_word' id='word_1_277' title='bbox 983 2247 1348 2299; x_wconf 88' lang='lat' dir='ltr'><strong><em>necessitatem</em></strong></span> <span class='ocrx_word' id='word_1_278' title='bbox 1372 2246 1580 2315; x_wconf 68' lang='lat' dir='ltr'><strong><em>gratiae,</em></strong></span> <span class='ocrx_word' id='word_1_279' title='bbox 1605 2243 1902 2299; x_wconf 88' lang='lat' dir='ltr'><strong><em>libertatem</em></strong></span> <span class='ocrx_word' id='word_1_280' title='bbox 1927 2246 2051 2299; x_wconf 90' lang='lat' dir='ltr'><strong><em>item</em></strong></span> <span class='ocrx_word' id='word_1_281' title='bbox 2074 2245 2311 2315; x_wconf 88' lang='lat' dir='ltr'><strong><em>arbitrii,</em></strong></span> <span class='ocrx_word' id='word_1_282' title='bbox 2339 2247 2538 2316; x_wconf 85' lang='lat' dir='ltr'><strong><em>passim</em></strong></span> <span class='ocrx_word' id='word_1_283' title='bbox 2578 2248 2947 2302; x_wconf 85' lang='lat' dir='ltr'><strong><em>commendata</em></strong></span> <span class='ocrx_word' id='word_1_284' title='bbox 2972 2249 3230 2302; x_wconf 86' lang='lat' dir='ltr'><strong><em>invenies.</em></strong></span> 
     </span>
    </p>
   </div>
   <div class='ocr_carea' id='block_1_23' title="bbox 521 2390 3765 2436">
    <p class='ocr_par' dir='ltr' id='par_1_23' title="bbox 521 2390 3765 2436">
     <span class='ocr_line' id='line_1_23' title="bbox 521 2390 3765 2436; baseline 0.004 -5"><span class='ocrx_word' id='word_1_285' title='bbox 521 2390 3765 2436; x_wconf 52' lang='lat'><strong><em>‘====_—==-———————-————-—-—__—___—_______——-</em></strong></span> 
     </span>
    </p>
   </div>
   <div class='ocr_carea' id='block_1_24' title="bbox 1270 2541 3066 2680">
    <p class='ocr_par' dir='ltr' id='par_1_24' title="bbox 1270 2541 3066 2680">
     <span class='ocr_line' id='line_1_24' title="bbox 1270 2541 3066 2680; baseline -0.001 -4"><span class='ocrx_word' id='word_1_286' title='bbox 1270 2547 2212 2680; x_wconf 88' lang='grc' dir='ltr'><strong><em>ΩΡΙΓΕΝΟΥΣ</em></strong></span> <span class='ocrx_word' id='word_1_287' title='bbox 2317 2541 3066 2680; x_wconf 84' lang='grc' dir='ltr'><strong><em>ΕΚΑΟΓΑΙ</em></strong></span> 
     </span>
    </p>
   </div>
   <div class='ocr_carea' id='block_1_25' title="bbox 1637 2779 2730 2876">
    <p class='ocr_par' dir='ltr' id='par_1_25' title="bbox 1637 2779 2730 2876">
     <span class='ocr_line' id='line_1_25' title="bbox 1637 2779 2730 2876; baseline -0.006 0"><span class='ocrx_word' id='word_1_288' title='bbox 1637 2790 1809 2876; x_wconf 86' lang='grc' dir='ltr'><strong><em>ΕΙΣ</em></strong></span> <span class='ocrx_word' id='word_1_289' title='bbox 1846 2791 2077 2875; x_wconf 88' lang='grc' dir='ltr'>ΤΗΝ</span> <span class='ocrx_word' id='word_1_290' title='bbox 2113 2788 2584 2874; x_wconf 87' lang='grc' dir='ltr'><strong><em>ΓΕΝΕΣΙΝ</em></strong></span> <span class='ocrx_word' id='word_1_291' title='bbox 2621 2779 2730 2869; x_wconf 84' lang='grc'><strong><em>(¹).</em></strong></span> 
     </span>
    </p>
   </div>
   <div class='ocr_carea' id='block_1_26' title="bbox 919 3074 3382 3180">
    <p class='ocr_par' dir='ltr' id='par_1_26' title="bbox 919 3074 3382 3180">
     <span class='ocr_line' id='line_1_26' title="bbox 919 3074 3382 3180; baseline -0.005 -3"><span class='ocrx_word' id='word_1_292' title='bbox 919 3085 1526 3179; x_wconf 82' lang='lat' dir='ltr'><strong><em>ORIGENIS</em></strong></span> <span class='ocrx_word' id='word_1_293' title='bbox 1593 3083 2537 3180; x_wconf 83' lang='lat' dir='ltr'><strong><em>ADNOTATIONES</em></strong></span> <span class='ocrx_word' id='word_1_294' title='bbox 2612 3083 2738 3172; x_wconf 89' lang='lat' dir='ltr'><strong><em>IN</em></strong></span> <span class='ocrx_word' id='word_1_295' title='bbox 2817 3074 3382 3171; x_wconf 88' lang='lat' dir='ltr'><strong><em>GENESIM.</em></strong></span> 
     </span>
    </p>
   </div>
   <div class='ocr_carea' id='block_1_27' title="bbox 1741 3272 2556 3341">
    <p class='ocr_par' dir='ltr' id='par_1_27' title="bbox 1741 3272 2556 3341">
     <span class='ocr_line' id='line_1_27' title="bbox 1741 3272 2556 3341; baseline -0.007 -13"><span class='ocrx_word' id='word_1_296' title='bbox 1741 3279 1831 3341; x_wconf 78' lang='lat' dir='ltr'><strong><em>(Ex</em></strong></span> <span class='ocrx_word' id='word_1_297' title='bbox 1861 3278 2172 3328; x_wconf 81' lang='lat' dir='ltr'><strong><em>Bibliotheca</em></strong></span> <span class='ocrx_word' id='word_1_298' title='bbox 2196 3272 2556 3336; x_wconf 88' lang='lat' dir='ltr'><strong><em>Gallandiana.)</em></strong></span> 
     </span>
    </p>
   </div>
   <div class='ocr_carea' id='block_1_28' title="bbox 1152 3501 1476 3557">
    <p class='ocr_par' dir='ltr' id='par_1_28' title="bbox 1152 3501 1476 3557">
     <span class='ocr_line' id='line_1_28' title="bbox 1152 3501 1476 3557; baseline -0.003 0"><span class='ocrx_word' id='word_1_299' title='bbox 1152 3501 1328 3557; x_wconf 80' lang='lat' dir='ltr'><strong><em>CAP.</em></strong></span> <span class='ocrx_word' id='word_1_300' title='bbox 1366 3501 1476 3557; x_wconf 83' lang='lat' dir='ltr'><strong><em>VII.</em></strong></span> 
     </span>
    </p>
   </div>
   <div class='ocr_carea' id='block_1_29' title="bbox 2146 3508 2193 3562">
    <p class='ocr_par' dir='ltr' id='par_1_29' title="bbox 2146 3508 2193 3562">
     <span class='ocr_line' id='line_1_29' title="bbox 2146 3508 2193 3562; baseline 0 0"><span class='ocrx_word' id='word_1_301' title='bbox 2146 3508 2193 3562; x_wconf 85' lang='lat' dir='ltr'><strong>A</strong></span> 
     </span>
    </p>
   </div>
   <div class='ocr_carea' id='block_1_30' title="bbox 2827 3490 3195 3562">
    <p class='ocr_par' dir='ltr' id='par_1_30' title="bbox 2827 3490 3195 3562">
     <span class='ocr_line' id='line_1_30' title="bbox 2827 3490 3195 3562; baseline -0.005 -19"><span class='ocrx_word' id='word_1_302' title='bbox 2827 3491 2900 3562; x_wconf 71' lang='grc' dir='ltr'><strong><em>(δ)</em></strong></span> <span class='ocrx_word' id='word_1_303' title='bbox 2931 3491 3086 3543; x_wconf 68' lang='lat' dir='ltr'><strong><em>uno.</em></strong></span> <span class='ocrx_word' id='word_1_304' title='bbox 3123 3490 3195 3542; x_wconf 67' lang='lat' dir='ltr'><strong><em>z&#39;.</em></strong></span> 
     </span>
    </p>
   </div>
   <div class='ocr_carea' id='block_1_31' title="bbox 523 3579 2113 3665">
    <p class='ocr_par' dir='ltr' id='par_1_31' title="bbox 523 3591 2110 3665">
     <span class='ocr_line' id='line_1_31' title="bbox 523 3591 2110 3665; baseline 0.003 -20"><span class='ocrx_word' id='word_1_305' title='bbox 523 3592 603 3646; x_wconf 79' lang='lat' dir='ltr'><strong><em>’V.</em></strong></span> <span class='ocrx_word' id='word_1_306' title='bbox 637 3593 692 3665; x_wconf 61' lang='grc'><strong><em>4.</em></strong></span> <span class='ocrx_word' id='word_1_307' title='bbox 728 3591 842 3663; x_wconf 86' lang='lat' dir='ltr'><strong><em>Ego</em></strong></span> <span class='ocrx_word' id='word_1_308' title='bbox 865 3594 1074 3646; x_wconf 88' lang='lat' dir='ltr'><strong><em>adduco</em></strong></span> <span class='ocrx_word' id='word_1_309' title='bbox 1099 3592 1329 3665; x_wconf 82' lang='lat' dir='ltr'><strong><em>pluviam</em></strong></span> <span class='ocrx_word' id='word_1_310' title='bbox 1346 3609 1504 3661; x_wconf 87' lang='lat' dir='ltr'><strong><em>super</em></strong></span> <span class='ocrx_word' id='word_1_311' title='bbox 1532 3602 1729 3665; x_wconf 77' lang='lat' dir='ltr'><strong><em>terram</em></strong></span> <span class='ocrx_word' id='word_1_312' title='bbox 1743 3596 2110 3665; x_wconf 86' lang='lat' dir='ltr'><strong><em>quadraginta</em></strong></span> 
     </span>
    </p>
   </div>
   <div class='ocr_carea' id='block_1_32' title="bbox 2232 3579 3805 3665">
    <p class='ocr_par' dir='ltr' id='par_1_32' title="bbox 2232 3579 3805 3665">
     <span class='ocr_line' id='line_1_32' title="bbox 2232 3579 3805 3665; baseline -0.011 -21"><span class='ocrx_word' id='word_1_313' title='bbox 2232 3593 2364 3665; x_wconf 64' lang='lat' dir='ltr'><strong><em>Dux.</em></strong></span> <span class='ocrx_word' id='word_1_314' title='bbox 2395 3587 2458 3641; x_wconf 87' lang='grc' dir='ltr'><strong>δ’.</strong></span> <span class='ocrx_word' id='word_1_315' title='bbox 2506 3583 2652 3665; x_wconf 77' lang='grc' dir='ltr'><strong><em>Ἐγῲ</em></strong></span> <span class='ocrx_word' id='word_1_316' title='bbox 2686 3585 2884 3665; x_wconf 55' lang='lat' dir='ltr'><strong><em>excire)</em></strong></span> <span class='ocrx_word' id='word_1_317' title='bbox 2920 3583 3099 3665; x_wconf 61' lang='grc' dir='ltr'>ὑετὸν</span> <span class='ocrx_word' id='word_1_318' title='bbox 3125 3580 3262 3652; x_wconf 79' lang='grc' dir='ltr'><em>(ἐπὶ)</em></span> <span class='ocrx_word' id='word_1_319' title='bbox 3290 3579 3403 3665; x_wconf 53' lang='lat' dir='ltr'><strong><em>eine</em></strong></span> <span class='ocrx_word' id='word_1_320' title='bbox 3427 3580 3545 3650; x_wconf 68' lang='grc' dir='ltr'>γῆν</span> <span class='ocrx_word' id='word_1_321' title='bbox 3572 3596 3805 3665; x_wconf 54' lang='grc' dir='ltr'>τεο-σα-</span> 
     </span>
    </p>
   </div>
   <div class='ocr_carea' id='block_1_33' title="bbox 607 3663 2111 3732">
    <p class='ocr_par' dir='ltr' id='par_1_33' title="bbox 607 3663 2111 3732">
     <span class='ocr_line' id='line_1_33' title="bbox 607 3663 2111 3732; baseline 0.002 -16"><span class='ocrx_word' id='word_1_322' title='bbox 607 3663 755 3728; x_wconf 86' lang='lat' dir='ltr'><strong><em>dies,</em></strong></span> <span class='ocrx_word' id='word_1_323' title='bbox 805 3672 853 3717; x_wconf 90' lang='lat' dir='ltr'><strong><em>et</em></strong></span> <span class='ocrx_word' id='word_1_324' title='bbox 898 3664 1253 3732; x_wconf 84' lang='lat' dir='ltr'><strong><em>quadraginta</em></strong></span> <span class='ocrx_word' id='word_1_325' title='bbox 1306 3674 1499 3718; x_wconf 81' lang='lat' dir='ltr'><strong><em>noctes.</em></strong></span> <span class='ocrx_word' id='word_1_326' title='bbox 1555 3663 1628 3717; x_wconf 81' lang='lat' dir='ltr'><strong><em>Et</em></strong></span> <span class='ocrx_word' id='word_1_327' title='bbox 1667 3663 1844 3719; x_wconf 83' lang='lat' dir='ltr'><strong><em>delebo</em></strong></span> <span class='ocrx_word' id='word_1_328' title='bbox 1908 3663 2111 3720; x_wconf 86' lang='lat' dir='ltr'><strong><em>omnem</em></strong></span> 
     </span>
    </p>
   </div>
   <div class='ocr_carea' id='block_1_34' title="bbox 606 3732 2109 3804">
    <p class='ocr_par' dir='ltr' id='par_1_34' title="bbox 606 3732 2109 3804">
     <span class='ocr_line' id='line_1_34' title="bbox 606 3732 2109 3804; baseline 0.001 -18"><span class='ocrx_word' id='word_1_329' title='bbox 606 3735 1047 3787; x_wconf 77' lang='lat' dir='ltr'><strong><em>exsurrectionem</em></strong></span> <span class='ocrx_word' id='word_1_330' title='bbox 1091 3732 1189 3804; x_wconf 73' lang='lat'><strong><em>(2),</em></strong></span> <span class='ocrx_word' id='word_1_331' title='bbox 1222 3749 1381 3803; x_wconf 83' lang='lat' dir='ltr'><strong><em>quam</em></strong></span> <span class='ocrx_word' id='word_1_332' title='bbox 1413 3733 1536 3802; x_wconf 78' lang='lat' dir='ltr'><strong><em>feci,</em></strong></span> <span class='ocrx_word' id='word_1_333' title='bbox 1579 3752 1611 3788; x_wconf 95' lang='lat' dir='ltr'><strong><em>a</em></strong></span> <span class='ocrx_word' id='word_1_334' title='bbox 1652 3735 1789 3804; x_wconf 79' lang='lat' dir='ltr'><strong><em>facie</em></strong></span> <span class='ocrx_word' id='word_1_335' title='bbox 1831 3746 2020 3802; x_wconf 68' lang='lat' dir='ltr'><strong><em>terrae,</em></strong></span> <span class='ocrx_word' id='word_1_336' title='bbox 2045 3737 2109 3789; x_wconf 89' lang='lat' dir='ltr'><strong><em>ab</em></strong></span> 
     </span>
    </p>
   </div>
   <div class='ocr_carea' id='block_1_35' title="bbox 609 3805 1405 3873">
    <p class='ocr_par' dir='ltr' id='par_1_35' title="bbox 609 3805 1405 3873">
     <span class='ocr_line' id='line_1_35' title="bbox 609 3805 1405 3873; baseline 0.001 -18"><span class='ocrx_word' id='word_1_337' title='bbox 609 3805 817 3858; x_wconf 77' lang='lat' dir='ltr'><strong><em>nomine</em></strong></span> <span class='ocrx_word' id='word_1_338' title='bbox 837 3806 1071 3873; x_wconf 85' lang='lat' dir='ltr'><strong><em>adusque</em></strong></span> <span class='ocrx_word' id='word_1_339' title='bbox 1085 3805 1405 3873; x_wconf 85' lang='lat' dir='ltr'><strong><em>jumentum.</em></strong></span> 
     </span>
    </p>
   </div>
   <div class='ocr_carea' id='block_1_36' title="bbox 609 3953 2108 4028">
    <p class='ocr_par' dir='ltr' id='par_1_36' title="bbox 609 3953 2108 4028">
     <span class='ocr_line' id='line_1_36' title="bbox 609 3953 2108 4028; baseline 0.001 -18"><span class='ocrx_word' id='word_1_340' title='bbox 609 3953 850 4010; x_wconf 85' lang='lat' dir='ltr'><strong><em>Curnam</em></strong></span> <span class='ocrx_word' id='word_1_341' title='bbox 891 3954 1098 4010; x_wconf 91' lang='lat' dir='ltr'><strong><em>diluvio</em></strong></span> <span class='ocrx_word' id='word_1_342' title='bbox 1143 3953 1423 4008; x_wconf 81' lang='lat' dir='ltr'><strong><em>hominum</em></strong></span> <span class='ocrx_word' id='word_1_343' title='bbox 1496 3953 1874 4012; x_wconf 87' lang='lat' dir='ltr'><strong><em>multitudines</em></strong></span> <span class='ocrx_word' id='word_1_344' title='bbox 1904 3957 2108 4028; x_wconf 63' lang='grc' dir='ltr'><strong><em>έρετόί-</em></strong></span> 
     </span>
    </p>
   </div>
   <div class='ocr_carea' id='block_1_37' title="bbox 537 4046 2113 4116">
    <p class='ocr_par' dir='ltr' id='par_1_37' title="bbox 537 4046 2113 4116">
     <span class='ocr_line' id='line_1_37' title="bbox 537 4046 2113 4116; baseline -0.001 -14"><span class='ocrx_word' id='word_1_345' title='bbox 537 4047 861 4102; x_wconf 71' lang='lat' dir='ltr'><strong><em>ditiDelere</em></strong></span> <span class='ocrx_word' id='word_1_346' title='bbox 891 4046 1044 4101; x_wconf 87' lang='lat' dir='ltr'><strong><em>Caini</em></strong></span> <span class='ocrx_word' id='word_1_347' title='bbox 1090 4062 1258 4116; x_wconf 82' lang='lat' dir='ltr'><strong><em>genus</em></strong></span> <span class='ocrx_word' id='word_1_348' title='bbox 1294 4047 1464 4101; x_wconf 87' lang='lat' dir='ltr'><strong><em>voluit</em></strong></span> <span class='ocrx_word' id='word_1_349' title='bbox 1503 4064 1518 4101; x_wconf 89' lang='lat'><strong>:</strong></span> <span class='ocrx_word' id='word_1_350' title='bbox 1552 4049 1836 4104; x_wconf 88' lang='lat' dir='ltr'><strong><em>commista</em></strong></span> <span class='ocrx_word' id='word_1_351' title='bbox 1877 4063 2000 4103; x_wconf 87' lang='lat' dir='ltr'><strong><em>cum</em></strong></span> <span class='ocrx_word' id='word_1_352' title='bbox 2049 4062 2113 4102; x_wconf 89' lang='lat' dir='ltr'><strong><em>eo</em></strong></span> 
     </span>
    </p>
   </div>
   <div class='ocr_carea' id='block_1_38' title="bbox 538 4138 2114 4212">
    <p class='ocr_par' dir='ltr' id='par_1_38' title="bbox 538 4138 2114 4212">
     <span class='ocr_line' id='line_1_38' title="bbox 538 4138 2114 4212; baseline 0.001 -19"><span class='ocrx_word' id='word_1_353' title='bbox 538 4138 718 4194; x_wconf 78' lang='lat' dir='ltr'><strong><em>fuerat</em></strong></span> <span class='ocrx_word' id='word_1_354' title='bbox 773 4139 982 4208; x_wconf 88' lang='lat' dir='ltr'><strong><em>piorum</em></strong></span> <span class='ocrx_word' id='word_1_355' title='bbox 1057 4154 1272 4210; x_wconf 88' lang='lat' dir='ltr'><strong><em>quoque</em></strong></span> <span class='ocrx_word' id='word_1_356' title='bbox 1325 4141 1554 4196; x_wconf 83' lang='lat' dir='ltr'><strong><em>tribus:</em></strong></span> <span class='ocrx_word' id='word_1_357' title='bbox 1603 4151 1892 4212; x_wconf 84' lang='lat' dir='ltr'><strong><em>propterea</em></strong></span> <span class='ocrx_word' id='word_1_358' title='bbox 1940 4154 2114 4210; x_wconf 69' lang='lat' dir='ltr'><strong><em>poena:</em></strong></span> 
     </span>
    </p>
   </div>
   <div class='ocr_carea' id='block_1_39' title="bbox 521 4230 2114 4302">
    <p class='ocr_par' dir='ltr' id='par_1_39' title="bbox 521 4230 2114 4302">
     <span class='ocr_line' id='line_1_39' title="bbox 521 4230 2114 4302; baseline 0.002 -17"><span class='ocrx_word' id='word_1_359' title='bbox 521 4231 706 4286; x_wconf 64' lang='lat' dir='ltr'><strong><em>etiam</em></strong></span> <span class='ocrx_word' id='word_1_360' title='bbox 731 4230 1072 4300; x_wconf 85' lang='lat' dir='ltr'><strong><em>participium</em></strong></span> <span class='ocrx_word' id='word_1_361' title='bbox 1097 4231 1306 4286; x_wconf 87' lang='lat' dir='ltr'><strong><em>habuit.</em></strong></span> <span class='ocrx_word' id='word_1_362' title='bbox 1332 4231 1550 4295; x_wconf 84' lang='lat' dir='ltr'><strong><em>Initium</em></strong></span> <span class='ocrx_word' id='word_1_363' title='bbox 1571 4247 1701 4288; x_wconf 87' lang='lat' dir='ltr'><strong><em>vero</em></strong></span> <span class='ocrx_word' id='word_1_364' title='bbox 1728 4233 1944 4302; x_wconf 88' lang='lat' dir='ltr'><strong><em>aliquod</em></strong></span> <span class='ocrx_word' id='word_1_365' title='bbox 1965 4248 2114 4288; x_wconf 69' lang='lat' dir='ltr'><strong><em>nova:</em></strong></span> 
     </span>
    </p>
   </div>
   <div class='ocr_carea' id='block_1_40' title="bbox 537 4323 2112 4395">
    <p class='ocr_par' dir='ltr' id='par_1_40' title="bbox 537 4323 2112 4395">
     <span class='ocr_line' id='line_1_40' title="bbox 537 4323 2112 4395; baseline 0 -16"><span class='ocrx_word' id='word_1_366' title='bbox 537 4324 666 4379; x_wconf 68' lang='lat' dir='ltr'><strong><em>vitae</em></strong></span> <span class='ocrx_word' id='word_1_367' title='bbox 703 4323 914 4378; x_wconf 71' lang='lat' dir='ltr'><strong><em>edicere</em></strong></span> <span class='ocrx_word' id='word_1_368' title='bbox 943 4339 1066 4378; x_wconf 89' lang='lat' dir='ltr'><strong><em>cum</em></strong></span> <span class='ocrx_word' id='word_1_369' title='bbox 1100 4324 1282 4390; x_wconf 83' lang='lat' dir='ltr'><strong><em>vellet,</em></strong></span> <span class='ocrx_word' id='word_1_370' title='bbox 1327 4323 1441 4380; x_wconf 84' lang='lat' dir='ltr'><strong><em>Noe</em></strong></span> <span class='ocrx_word' id='word_1_371' title='bbox 1482 4326 1705 4395; x_wconf 80' lang='lat' dir='ltr'><strong><em>ejusque</em></strong></span> <span class='ocrx_word' id='word_1_372' title='bbox 1752 4324 1954 4380; x_wconf 86' lang='lat' dir='ltr'><strong><em>liberos</em></strong></span> <span class='ocrx_word' id='word_1_373' title='bbox 1990 4341 2112 4380; x_wconf 90' lang='lat' dir='ltr'><strong><em>cum</em></strong></span> 
     </span>
    </p>
   </div>
   <div class='ocr_carea' id='block_1_41' title="bbox 479 4415 2113 4487">
    <p class='ocr_par' dir='ltr' id='par_1_41' title="bbox 479 4415 2113 4487">
     <span class='ocr_line' id='line_1_41' title="bbox 479 4415 2113 4487; baseline 0.002 -18"><span class='ocrx_word' id='word_1_374' title='bbox 479 4455 482 4458; x_wconf 68' lang='lat'><strong><em>.</em></strong></span> <span class='ocrx_word' id='word_1_375' title='bbox 537 4416 802 4470; x_wconf 79' lang='lat' dir='ltr'><strong><em>uxoribus</em></strong></span> <span class='ocrx_word' id='word_1_376' title='bbox 839 4417 1102 4481; x_wconf 77' lang='lat' dir='ltr'><strong><em>servavit,</em></strong></span> <span class='ocrx_word' id='word_1_377' title='bbox 1140 4417 1346 4487; x_wconf 79' lang='lat' dir='ltr'><strong><em>quippe</em></strong></span> <span class='ocrx_word' id='word_1_378' title='bbox 1374 4417 1466 4487; x_wconf 90' lang='lat' dir='ltr'><strong><em>qui</em></strong></span> <span class='ocrx_word' id='word_1_379' title='bbox 1510 4418 1629 4486; x_wconf 91' lang='lat' dir='ltr'><strong><em>pius</em></strong></span> <span class='ocrx_word' id='word_1_380' title='bbox 1667 4424 1788 4471; x_wconf 92' lang='lat' dir='ltr'><strong><em>erat</em></strong></span> <span class='ocrx_word' id='word_1_381' title='bbox 1820 4423 1874 4470; x_wconf 85' lang='lat' dir='ltr'><strong><em>et</em></strong></span> <span class='ocrx_word' id='word_1_382' title='bbox 1903 4415 2113 4485; x_wconf 86' lang='lat' dir='ltr'><strong><em>justus,</em></strong></span> 
     </span>
    </p>
   </div>
   <div class='ocr_carea' id='block_1_42' title="bbox 533 4508 2116 4578">
    <p class='ocr_par' dir='ltr' id='par_1_42' title="bbox 533 4508 2116 4578">
     <span class='ocr_line' id='line_1_42' title="bbox 533 4508 2116 4578; baseline 0.001 -16"><span class='ocrx_word' id='word_1_383' title='bbox 533 4508 916 4578; x_wconf 81' lang='lat' dir='ltr'><strong><em>originemque</em></strong></span> <span class='ocrx_word' id='word_1_384' title='bbox 938 4523 1094 4561; x_wconf 87' lang='lat' dir='ltr'><strong><em>suam</em></strong></span> <span class='ocrx_word' id='word_1_385' title='bbox 1122 4508 1372 4578; x_wconf 39' lang='lat' dir='ltr'><strong><em>duceht,</em></strong></span> <span class='ocrx_word' id='word_1_386' title='bbox 1395 4525 1425 4564; x_wconf 85' lang='lat' dir='ltr'><strong><em>a</em></strong></span> <span class='ocrx_word' id='word_1_387' title='bbox 1453 4509 1976 4577; x_wconf 83' lang='lat' dir='ltr'><strong><em>consanguineorum</em></strong></span> <span class='ocrx_word' id='word_1_388' title='bbox 2005 4512 2116 4578; x_wconf 88' lang='lat' dir='ltr'><strong><em>pie-</em></strong></span> 
     </span>
    </p>
   </div>
   <div class='ocr_carea' id='block_1_43' title="bbox 519 4600 2114 4672">
    <p class='ocr_par' dir='ltr' id='par_1_43' title="bbox 519 4600 2114 4672">
     <span class='ocr_line' id='line_1_43' title="bbox 519 4600 2114 4672; baseline 0 -18"><span class='ocrx_word' id='word_1_389' title='bbox 519 4609 688 4666; x_wconf 85' lang='lat' dir='ltr'><strong><em>-tate,</em></strong></span> <span class='ocrx_word' id='word_1_390' title='bbox 751 4600 878 4656; x_wconf 86' lang='lat' dir='ltr'><strong><em>odio</em></strong></span> <span class='ocrx_word' id='word_1_391' title='bbox 921 4615 1133 4670; x_wconf 84' lang='lat' dir='ltr'><strong><em>quoque</em></strong></span> <span class='ocrx_word' id='word_1_392' title='bbox 1185 4602 1614 4672; x_wconf 65' lang='lat' dir='ltr'><strong><em>prosequebatur</em></strong></span> <span class='ocrx_word' id='word_1_393' title='bbox 1667 4613 1787 4652; x_wconf 79' lang='lat' dir='ltr'><strong><em>eum</em></strong></span> <span class='ocrx_word' id='word_1_394' title='bbox 1853 4615 2114 4669; x_wconf 80' lang='lat' dir='ltr'><strong><em>generum</em></strong></span> 
     </span>
    </p>
   </div>
   <div class='ocr_carea' id='block_1_44' title="bbox 536 4673 2118 4760">
    <p class='ocr_par' dir='ltr' id='par_1_44' title="bbox 536 4673 2118 4760">
     <span class='ocr_line' id='line_1_44' title="bbox 536 4673 2118 4760; baseline 0 -16"><span class='ocrx_word' id='word_1_395' title='bbox 536 4689 846 4755; x_wconf 87' lang='lat' dir='ltr'><strong><em>misturam,</em></strong></span> <span class='ocrx_word' id='word_1_396' title='bbox 873 4705 993 4760; x_wconf 74' lang='lat' dir='ltr'><strong><em>qua:</em></strong></span> <span class='ocrx_word' id='word_1_397' title='bbox 1019 4700 1209 4744; x_wconf 90' lang='lat' dir='ltr'><strong><em>contra</em></strong></span> <span class='ocrx_word' id='word_1_398' title='bbox 1234 4673 1544 4758; x_wconf 75' lang='lat' dir='ltr'><strong><em>legeserat.</em></strong></span> <span class='ocrx_word' id='word_1_399' title='bbox 1571 4688 1723 4742; x_wconf 88' lang='lat' dir='ltr'><strong><em>llaud</em></strong></span> <span class='ocrx_word' id='word_1_400' title='bbox 1750 4703 1901 4754; x_wconf 90' lang='lat' dir='ltr'><strong><em>vero,</em></strong></span> <span class='ocrx_word' id='word_1_401' title='bbox 1927 4700 1983 4742; x_wconf 90' lang='lat' dir='ltr'><strong><em>ut</em></strong></span> <span class='ocrx_word' id='word_1_402' title='bbox 2005 4691 2118 4758; x_wconf 89' lang='lat' dir='ltr'><strong><em>qui-</em></strong></span> 
     </span>
    </p>
   </div>
   <div class='ocr_carea' id='block_1_45' title="bbox 539 4780 2116 4851">
    <p class='ocr_par' dir='ltr' id='par_1_45' title="bbox 539 4780 2116 4851">
     <span class='ocr_line' id='line_1_45' title="bbox 539 4780 2116 4851; baseline 0 -14"><span class='ocrx_word' id='word_1_403' title='bbox 539 4782 662 4837; x_wconf 83' lang='lat' dir='ltr'><strong><em>dam</em></strong></span> <span class='ocrx_word' id='word_1_404' title='bbox 696 4783 903 4846; x_wconf 88' lang='lat' dir='ltr'><strong><em>dicunt,</em></strong></span> <span class='ocrx_word' id='word_1_405' title='bbox 934 4783 1013 4836; x_wconf 87' lang='lat' dir='ltr'><strong><em>ira</em></strong></span> <span class='ocrx_word' id='word_1_406' title='bbox 1031 4783 1285 4851; x_wconf 88' lang='lat' dir='ltr'><strong><em>quapiam</em></strong></span> <span class='ocrx_word' id='word_1_407' title='bbox 1310 4782 1393 4835; x_wconf 86' lang='lat' dir='ltr'><strong><em>vel</em></strong></span> <span class='ocrx_word' id='word_1_408' title='bbox 1419 4780 1738 4850; x_wconf 66' lang='lat' dir='ltr'><strong><em>pmnitentia</em></strong></span> <span class='ocrx_word' id='word_1_409' title='bbox 1771 4781 1959 4835; x_wconf 69' lang='lat' dir='ltr'><strong><em>istliaec</em></strong></span> <span class='ocrx_word' id='word_1_410' title='bbox 1987 4781 2116 4837; x_wconf 73' lang='lat' dir='ltr'><strong><em>effe-</em></strong></span> 
     </span>
    </p>
   </div>
   <div class='ocr_carea' id='block_1_46' title="bbox 2281 3651 3804 3730">
    <p class='ocr_par' dir='ltr' id='par_1_46' title="bbox 2281 3651 3804 3730">
     <span class='ocr_line' id='line_1_46' title="bbox 2281 3651 3804 3730; baseline -0.005 -17"><span class='ocrx_word' id='word_1_411' title='bbox 2281 3651 2548 3730; x_wconf 66' lang='grc' dir='ltr'>ρῖὶκοντα</span> <span class='ocrx_word' id='word_1_412' title='bbox 2577 3651 2882 3729; x_wconf 39' lang='grc' dir='ltr'><strong><em>’ἡμέραςέη</em></strong></span> <span class='ocrx_word' id='word_1_413' title='bbox 2903 3653 3000 3704; x_wconf 79' lang='grc' dir='ltr'><strong><em>καὶ</em></strong></span> <span class='ocrx_word' id='word_1_414' title='bbox 3051 3651 3501 3730; x_wconf 59' lang='grc' dir='ltr'>τεσσαράκοντα</span> <span class='ocrx_word' id='word_1_415' title='bbox 3548 3653 3804 3730; x_wconf 40' lang='lat' dir='ltr'><strong><em>ninety.</em></strong></span> 
     </span>
    </p>
   </div>
   <div class='ocr_carea' id='block_1_47' title="bbox 2288 3721 3808 3793">
    <p class='ocr_par' dir='ltr' id='par_1_47' title="bbox 2288 3721 3808 3793">
     <span class='ocr_line' id='line_1_47' title="bbox 2288 3721 3808 3793; baseline -0.01 -9"><span class='ocrx_word' id='word_1_416' title='bbox 2288 3721 2398 3785; x_wconf 69' lang='lat' dir='ltr'><strong><em>Kal</em></strong></span> <span class='ocrx_word' id='word_1_417' title='bbox 2445 3721 2747 3793; x_wconf 68' lang='grc' dir='ltr'><strong><em>ἐξαλεῖψω</em></strong></span> <span class='ocrx_word' id='word_1_418' title='bbox 2801 3721 3008 3793; x_wconf 76' lang='grc' dir='ltr'>πᾶσαν</span> <span class='ocrx_word' id='word_1_419' title='bbox 3049 3721 3174 3793; x_wconf 62' lang='grc' dir='ltr'><strong><em>τὴτς</em></strong></span> <span class='ocrx_word' id='word_1_420' title='bbox 3211 3721 3623 3793; x_wconf 53' lang='grc' dir='ltr'>ἐξανάστασιν</span> <span class='ocrx_word' id='word_1_421' title='bbox 3647 3763 3660 3780; x_wconf 85' lang='lat'><em>.</em></span> <span class='ocrx_word' id='word_1_422' title='bbox 3717 3721 3808 3793; x_wconf 70' lang='grc' dir='ltr'><strong><em>ἦν·</em></strong></span> 
     </span>
    </p>
   </div>
   <div class='ocr_carea' id='block_1_48' title="bbox 2286 3789 3809 3882">
    <p class='ocr_par' dir='ltr' id='par_1_48' title="bbox 2286 3789 3809 3882">
     <span class='ocr_line' id='line_1_48' title="bbox 2286 3789 3809 3882; baseline -0.006 -29"><span class='ocrx_word' id='word_1_423' title='bbox 2286 3789 2564 3882; x_wconf 63' lang='grc' dir='ltr'><strong><em>ἐποίῃάα,</em></strong></span> <span class='ocrx_word' id='word_1_424' title='bbox 2593 3789 2709 3882; x_wconf 65' lang='grc' dir='ltr'><strong><em>ἀσξὸ</em></strong></span> <span class='ocrx_word' id='word_1_425' title='bbox 2743 3792 3067 3862; x_wconf 82' lang='grc' dir='ltr'><strong><em>προσώπου</em></strong></span> <span class='ocrx_word' id='word_1_426' title='bbox 3103 3791 3213 3860; x_wconf 81' lang='grc' dir='ltr'><strong><em>τῆς</em></strong></span> <span class='ocrx_word' id='word_1_427' title='bbox 3253 3789 3385 3860; x_wconf 71' lang='grc' dir='ltr'><strong><em>γῆς,</em></strong></span> <span class='ocrx_word' id='word_1_428' title='bbox 3427 3793 3547 3846; x_wconf 79' lang='grc' dir='ltr'><strong><em>ἀπὸ</em></strong></span> <span class='ocrx_word' id='word_1_429' title='bbox 3577 3789 3809 3860; x_wconf 80' lang='grc' dir='ltr'>ἀνθρώ-</span> 
     </span>
    </p>
   </div>
   <div class='ocr_carea' id='block_1_49' title="bbox 2283 3864 2843 3932">
    <p class='ocr_par' dir='ltr' id='par_1_49' title="bbox 2283 3864 2843 3932">
     <span class='ocr_line' id='line_1_49' title="bbox 2283 3864 2843 3932; baseline -0.014 -8"><span class='ocrx_word' id='word_1_430' title='bbox 2283 3884 2398 3924; x_wconf 77' lang='grc' dir='ltr'>που</span> <span class='ocrx_word' id='word_1_431' title='bbox 2425 3864 2535 3932; x_wconf 77' lang='grc' dir='ltr'><strong><em>ἕως</em></strong></span> <span class='ocrx_word' id='word_1_432' title='bbox 2565 3864 2843 3931; x_wconf 77' lang='grc' dir='ltr'><strong><em>κτήνους.</em></strong></span> 
     </span>
    </p>
   </div>
   <div class='ocr_carea' id='block_1_50' title="bbox 2286 3952 3810 4032">
    <p class='ocr_par' dir='ltr' id='par_1_50' title="bbox 2286 3952 3810 4032">
     <span class='ocr_line' id='line_1_50' title="bbox 2286 3952 3810 4032; baseline -0.006 -17"><span class='ocrx_word' id='word_1_433' title='bbox 2286 3962 2351 4015; x_wconf 88' lang='grc' dir='ltr'>Τί</span> <span class='ocrx_word' id='word_1_434' title='bbox 2383 3961 2580 4032; x_wconf 74' lang='grc' dir='ltr'>δήποτε</span> <span class='ocrx_word' id='word_1_435' title='bbox 2611 3956 2689 4028; x_wconf 84' lang='grc' dir='ltr'><strong><em>τῷ</em></strong></span> <span class='ocrx_word' id='word_1_436' title='bbox 2721 3954 3091 4025; x_wconf 80' lang='grc' dir='ltr'>κατακλυσμῷ</span> <span class='ocrx_word' id='word_1_437' title='bbox 3113 3953 3182 4007; x_wconf 75' lang='grc' dir='ltr'><strong><em>τὰ</em></strong></span> <span class='ocrx_word' id='word_1_438' title='bbox 3207 3953 3314 4008; x_wconf 81' lang='grc' dir='ltr'>τῶν</span> <span class='ocrx_word' id='word_1_439' title='bbox 3338 3952 3637 4024; x_wconf 81' lang='grc' dir='ltr'>ἀνθρώπων</span> <span class='ocrx_word' id='word_1_440' title='bbox 3660 3954 3810 4026; x_wconf 83' lang='grc' dir='ltr'><strong><em>πλή-</em></strong></span> 
     </span>
    </p>
   </div>
   <div class='ocr_carea' id='block_1_51' title="bbox 2216 4044 3812 4125">
    <p class='ocr_par' dir='ltr' id='par_1_51' title="bbox 2216 4044 3812 4125">
     <span class='ocr_line' id='line_1_51' title="bbox 2216 4044 3812 4125; baseline -0.006 -17"><span class='ocrx_word' id='word_1_441' title='bbox 2216 4054 2282 4125; x_wconf 90' lang='grc' dir='ltr'>θη</span> <span class='ocrx_word' id='word_1_442' title='bbox 2329 4049 2635 4122; x_wconf 69' lang='grc' dir='ltr'>διέφθειρεν</span> <span class='ocrx_word' id='word_1_443' title='bbox 2673 4065 2688 4114; x_wconf 90' lang='grc'>;</span> <span class='ocrx_word' id='word_1_444' title='bbox 2738 4047 3048 4117; x_wconf 65' lang='grc' dir='ltr'>Ἐξαλεῖψαι</span> <span class='ocrx_word' id='word_1_445' title='bbox 3088 4045 3182 4100; x_wconf 78' lang='grc' dir='ltr'><strong><em>τοῦ</em></strong></span> <span class='ocrx_word' id='word_1_446' title='bbox 3213 4044 3352 4099; x_wconf 80' lang='grc' dir='ltr'><strong><em>Κάῖν</em></strong></span> <span class='ocrx_word' id='word_1_447' title='bbox 3385 4045 3446 4098; x_wconf 83' lang='grc' dir='ltr'><strong>τὸ</strong></span> <span class='ocrx_word' id='word_1_448' title='bbox 3491 4046 3648 4114; x_wconf 81' lang='grc' dir='ltr'>γένος</span> <span class='ocrx_word' id='word_1_449' title='bbox 3674 4045 3812 4116; x_wconf 78' lang='grc' dir='ltr'><strong><em>ἠθέ-</em></strong></span> 
     </span>
    </p>
   </div>
   <div class='ocr_carea' id='block_1_52' title="bbox 2214 4137 3814 4218">
    <p class='ocr_par' dir='ltr' id='par_1_52' title="bbox 2214 4137 3814 4218">
     <span class='ocr_line' id='line_1_52' title="bbox 2214 4137 3814 4218; baseline -0.006 -18"><span class='ocrx_word' id='word_1_450' title='bbox 2214 4146 2376 4218; x_wconf 79' lang='grc' dir='ltr'>λησε’</span> <span class='ocrx_word' id='word_1_451' title='bbox 2413 4142 2647 4215; x_wconf 79' lang='grc' dir='ltr'><strong><em>ἀνεμίγη</em></strong></span> <span class='ocrx_word' id='word_1_452' title='bbox 2674 4141 2730 4195; x_wconf 79' lang='grc' dir='ltr'>δὲ</span> <span class='ocrx_word' id='word_1_453' title='bbox 2757 4140 2906 4211; x_wconf 78' lang='grc' dir='ltr'>αὐτῷ</span> <span class='ocrx_word' id='word_1_454' title='bbox 2932 4141 3026 4194; x_wconf 73' lang='grc' dir='ltr'>καὶ</span> <span class='ocrx_word' id='word_1_455' title='bbox 3057 4140 3165 4193; x_wconf 85' lang='grc' dir='ltr'><strong><em>τῶν</em></strong></span> <span class='ocrx_word' id='word_1_456' title='bbox 3192 4137 3430 4193; x_wconf 81' lang='grc' dir='ltr'>εὐσεϐῶν</span> <span class='ocrx_word' id='word_1_457' title='bbox 3464 4141 3496 4209; x_wconf 81' lang='grc' dir='ltr'>ἡ</span> <span class='ocrx_word' id='word_1_458' title='bbox 3525 4137 3685 4209; x_wconf 75' lang='grc' dir='ltr'><strong><em>φυλή·</em></strong></span> <span class='ocrx_word' id='word_1_459' title='bbox 3722 4137 3814 4191; x_wconf 69' lang='grc' dir='ltr'><strong><em>διὸ</em></strong></span> 
     </span>
    </p>
   </div>
   <div class='ocr_carea' id='block_1_53' title="bbox 2217 4227 3810 4308">
    <p class='ocr_par' dir='ltr' id='par_1_53' title="bbox 2217 4227 3810 4308">
     <span class='ocr_line' id='line_1_53' title="bbox 2217 4227 3810 4308; baseline -0.006 -17"><span class='ocrx_word' id='word_1_460' title='bbox 2217 4239 2308 4291; x_wconf 76' lang='grc' dir='ltr'><strong><em>καὶ</em></strong></span> <span class='ocrx_word' id='word_1_461' title='bbox 2341 4237 2442 4308; x_wconf 79' lang='grc' dir='ltr'><strong><em>τῆς</em></strong></span> <span class='ocrx_word' id='word_1_462' title='bbox 2472 4234 2742 4307; x_wconf 83' lang='grc' dir='ltr'><strong><em>τιμωρίας</em></strong></span> <span class='ocrx_word' id='word_1_463' title='bbox 2776 4233 3128 4305; x_wconf 81' lang='grc' dir='ltr'>μετέσχηκεν.</span> <span class='ocrx_word' id='word_1_464' title='bbox 3174 4231 3370 4305; x_wconf 80' lang='grc' dir='ltr'><strong><em>Ἀρχὴν</em></strong></span> <span class='ocrx_word' id='word_1_465' title='bbox 3391 4231 3445 4283; x_wconf 81' lang='grc' dir='ltr'><strong><em>δέ</em></strong></span> <span class='ocrx_word' id='word_1_466' title='bbox 3473 4247 3593 4282; x_wconf 84' lang='grc' dir='ltr'>τινα</span> <span class='ocrx_word' id='word_1_467' title='bbox 3613 4227 3810 4282; x_wconf 80' lang='grc' dir='ltr'>καινοῦ</span> 
     </span>
    </p>
   </div>
   <div class='ocr_carea' id='block_1_54' title="bbox 2219 4322 3812 4401">
    <p class='ocr_par' dir='ltr' id='par_1_54' title="bbox 2219 4322 3812 4401">
     <span class='ocr_line' id='line_1_54' title="bbox 2219 4322 3812 4401; baseline -0.004 -19"><span class='ocrx_word' id='word_1_468' title='bbox 2219 4329 2333 4399; x_wconf 83' lang='grc' dir='ltr'>βίου</span> <span class='ocrx_word' id='word_1_469' title='bbox 2368 4327 2699 4401; x_wconf 82' lang='grc' dir='ltr'>ποιήσασθαι</span> <span class='ocrx_word' id='word_1_470' title='bbox 2735 4325 3013 4397; x_wconf 74' lang='grc' dir='ltr'>βουληθεὶς</span> <span class='ocrx_word' id='word_1_471' title='bbox 3035 4366 3050 4390; x_wconf 89' lang='grc'><em>,</em></span> <span class='ocrx_word' id='word_1_472' title='bbox 3083 4326 3174 4378; x_wconf 83' lang='grc' dir='ltr'>τὸν</span> <span class='ocrx_word' id='word_1_473' title='bbox 3207 4324 3328 4379; x_wconf 81' lang='grc' dir='ltr'>Νῶε</span> <span class='ocrx_word' id='word_1_474' title='bbox 3361 4323 3452 4376; x_wconf 79' lang='grc' dir='ltr'>καὶ</span> <span class='ocrx_word' id='word_1_475' title='bbox 3479 4323 3607 4386; x_wconf 71' lang='grc' dir='ltr'>τοὺς</span> <span class='ocrx_word' id='word_1_476' title='bbox 3653 4322 3812 4376; x_wconf 37' lang='grc' dir='ltr'>ὲκείε</span> 
     </span>
    </p>
   </div>
   <div class='ocr_carea' id='block_1_55' title="bbox 2217 4415 3816 4491">
    <p class='ocr_par' dir='ltr' id='par_1_55' title="bbox 2217 4415 3816 4491">
     <span class='ocr_line' id='line_1_55' title="bbox 2217 4415 3816 4491; baseline -0.005 -16"><span class='ocrx_word' id='word_1_477' title='bbox 2217 4439 2306 4475; x_wconf 89' lang='grc' dir='ltr'><strong><em>νου</em></strong></span> <span class='ocrx_word' id='word_1_478' title='bbox 2337 4422 2532 4486; x_wconf 87' lang='grc' dir='ltr'>παῖδας</span> <span class='ocrx_word' id='word_1_479' title='bbox 2557 4421 2654 4474; x_wconf 82' lang='grc' dir='ltr'><strong><em>σὺν</em></strong></span> <span class='ocrx_word' id='word_1_480' title='bbox 2685 4423 2807 4484; x_wconf 84' lang='grc' dir='ltr'>ταῖς</span> <span class='ocrx_word' id='word_1_481' title='bbox 2829 4418 3044 4490; x_wconf 76' lang='grc' dir='ltr'>γυναιξὶ</span> <span class='ocrx_word' id='word_1_482' title='bbox 3075 4419 3411 4491; x_wconf 81' lang='grc' dir='ltr'><strong><em>διετήρησεν,</em></strong></span> <span class='ocrx_word' id='word_1_483' title='bbox 3442 4415 3642 4486; x_wconf 77' lang='grc' dir='ltr'>εὐσεϐῆ</span> <span class='ocrx_word' id='word_1_484' title='bbox 3673 4415 3816 4468; x_wconf 74' lang='grc' dir='ltr'>ὄντα,</span> 
     </span>
    </p>
   </div>
   <div class='ocr_carea' id='block_1_56' title="bbox 2217 4507 3817 4581">
    <p class='ocr_par' dir='ltr' id='par_1_56' title="bbox 2217 4507 3817 4581">
     <span class='ocr_line' id='line_1_56' title="bbox 2217 4507 3817 4581; baseline -0.004 -15"><span class='ocrx_word' id='word_1_485' title='bbox 2217 4513 2311 4566; x_wconf 76' lang='grc' dir='ltr'>καὶ</span> <span class='ocrx_word' id='word_1_486' title='bbox 2351 4513 2588 4579; x_wconf 84' lang='grc' dir='ltr'>δίκαιον,</span> <span class='ocrx_word' id='word_1_487' title='bbox 2645 4514 2738 4566; x_wconf 76' lang='grc' dir='ltr'>καὶ</span> <span class='ocrx_word' id='word_1_488' title='bbox 2791 4514 2856 4565; x_wconf 82' lang='grc' dir='ltr'><strong><em>ἐκ</em></strong></span> <span class='ocrx_word' id='word_1_489' title='bbox 2898 4512 3000 4581; x_wconf 79' lang='grc' dir='ltr'><strong><em>τῆς</em></strong></span> <span class='ocrx_word' id='word_1_490' title='bbox 3046 4511 3154 4564; x_wconf 82' lang='grc' dir='ltr'>τῶν</span> <span class='ocrx_word' id='word_1_491' title='bbox 3200 4509 3476 4578; x_wconf 79' lang='grc' dir='ltr'>συγγενῶν</span> <span class='ocrx_word' id='word_1_492' title='bbox 3518 4507 3817 4570; x_wconf 78' lang='grc' dir='ltr'>εὐσεϐείας</span> 
     </span>
    </p>
   </div>
   <div class='ocr_carea' id='block_1_57' title="bbox 2221 4601 3815 4676">
    <p class='ocr_par' dir='ltr' id='par_1_57' title="bbox 2221 4601 3815 4676">
     <span class='ocr_line' id='line_1_57' title="bbox 2221 4601 3815 4676; baseline -0.005 -18"><span class='ocrx_word' id='word_1_493' title='bbox 2221 4604 2621 4676; x_wconf 80' lang='grc' dir='ltr'>βλαστήσαντα,</span> <span class='ocrx_word' id='word_1_494' title='bbox 2645 4604 2738 4657; x_wconf 77' lang='grc' dir='ltr'><strong><em>καὶ</em></strong></span> <span class='ocrx_word' id='word_1_495' title='bbox 2769 4604 2868 4674; x_wconf 86' lang='grc' dir='ltr'><strong><em>τὴν</em></strong></span> <span class='ocrx_word' id='word_1_496' title='bbox 2901 4603 3001 4673; x_wconf 81' lang='grc' dir='ltr'><strong><em>τῆς</em></strong></span> <span class='ocrx_word' id='word_1_497' title='bbox 3027 4602 3370 4674; x_wconf 82' lang='grc' dir='ltr'>παρανομίας</span> <span class='ocrx_word' id='word_1_498' title='bbox 3403 4601 3684 4670; x_wconf 74' lang='grc' dir='ltr'>ἐπιμιξίαν</span> <span class='ocrx_word' id='word_1_499' title='bbox 3714 4613 3815 4666; x_wconf 82' lang='grc' dir='ltr'>μι-</span> 
     </span>
    </p>
   </div>
   <div class='ocr_carea' id='block_1_58' title="bbox 2221 4693 3812 4771">
    <p class='ocr_par' dir='ltr' id='par_1_58' title="bbox 2221 4693 3812 4771">
     <span class='ocr_line' id='line_1_58' title="bbox 2221 4693 3812 4771; baseline -0.008 -19"><span class='ocrx_word' id='word_1_500' title='bbox 2221 4700 2562 4771; x_wconf 83' lang='grc' dir='ltr'>σήσαντα.οὐ</span> <span class='ocrx_word' id='word_1_501' title='bbox 2584 4697 2710 4769; x_wconf 85' lang='grc' dir='ltr'>μὴν,</span> <span class='ocrx_word' id='word_1_502' title='bbox 2728 4695 2802 4761; x_wconf 84' lang='grc' dir='ltr'><strong><em>ὣς</em></strong></span> <span class='ocrx_word' id='word_1_503' title='bbox 2817 4696 2960 4760; x_wconf 82' lang='grc' dir='ltr'>τινές</span> <span class='ocrx_word' id='word_1_504' title='bbox 2980 4713 3159 4770; x_wconf 79' lang='grc' dir='ltr'>φασιν,</span> <span class='ocrx_word' id='word_1_505' title='bbox 3183 4695 3318 4765; x_wconf 84' lang='grc' dir='ltr'>ὀργῇ</span> <span class='ocrx_word' id='word_1_506' title='bbox 3343 4694 3417 4765; x_wconf 74' lang='grc'><strong><em>(4)</em></strong></span> <span class='ocrx_word' id='word_1_507' title='bbox 3435 4711 3539 4746; x_wconf 82' lang='grc' dir='ltr'>τινι</span> <span class='ocrx_word' id='word_1_508' title='bbox 3559 4693 3650 4744; x_wconf 75' lang='grc' dir='ltr'><strong><em>καὶ</em></strong></span> <span class='ocrx_word' id='word_1_509' title='bbox 3671 4699 3812 4758; x_wconf 67' lang='grc' dir='ltr'>μετ-</span> 
     </span>
    </p>
   </div>
   <div class='ocr_carea' id='block_1_59' title="bbox 2219 4780 3814 4860">
    <p class='ocr_par' dir='ltr' id='par_1_59' title="bbox 2219 4780 3814 4860">
     <span class='ocr_line' id='line_1_59' title="bbox 2219 4780 3814 4860; baseline -0.009 -18"><span class='ocrx_word' id='word_1_510' title='bbox 2219 4789 2450 4860; x_wconf 79' lang='grc' dir='ltr'>αμελείᾳ</span> <span class='ocrx_word' id='word_1_511' title='bbox 2486 4788 2661 4842; x_wconf 84' lang='grc' dir='ltr'>ταῦτα</span> <span class='ocrx_word' id='word_1_512' title='bbox 2697 4785 2984 4857; x_wconf 87' lang='grc' dir='ltr'>πεποίηκε.</span> <span class='ocrx_word' id='word_1_513' title='bbox 3021 4783 3207 4838; x_wconf 79' lang='grc' dir='ltr'>Ταῦτα</span> <span class='ocrx_word' id='word_1_514' title='bbox 3238 4784 3345 4854; x_wconf 86' lang='grc' dir='ltr'><strong><em>γάρ</em></strong></span> <span class='ocrx_word' id='word_1_515' title='bbox 3375 4800 3457 4835; x_wconf 84' lang='grc' dir='ltr'>τοι</span> <span class='ocrx_word' id='word_1_516' title='bbox 3489 4780 3814 4850; x_wconf 84' lang='grc' dir='ltr'>ἀνθρώπινα</span> 
     </span>
    </p>
   </div>
   <div class='ocr_carea' id='block_1_60' title="bbox 537 4855 2113 4951">
    <p class='ocr_par' dir='ltr' id='par_1_60' title="bbox 537 4872 2113 4930">
     <span class='ocr_line' id='line_1_60' title="bbox 537 4872 2113 4930; baseline -0.001 0"><span class='ocrx_word' id='word_1_517' title='bbox 537 4874 633 4930; x_wconf 87' lang='lat' dir='ltr'><strong><em>cit.</em></strong></span> <span class='ocrx_word' id='word_1_518' title='bbox 687 4873 824 4929; x_wconf 90' lang='lat' dir='ltr'><strong><em>Sunt</em></strong></span> <span class='ocrx_word' id='word_1_519' title='bbox 854 4874 996 4929; x_wconf 87' lang='lat' dir='ltr'><strong><em>enim</em></strong></span> <span class='ocrx_word' id='word_1_520' title='bbox 1033 4875 1116 4928; x_wconf 72' lang='lat' dir='ltr'><strong><em>lue</em></strong></span> <span class='ocrx_word' id='word_1_521' title='bbox 1157 4872 1472 4928; x_wconf 84' lang='lat' dir='ltr'><strong><em>aﬂ&#39;ectiones</em></strong></span> <span class='ocrx_word' id='word_1_522' title='bbox 1510 4873 1763 4926; x_wconf 78' lang='lat' dir='ltr'><strong><em>humanae</em></strong></span> <span class='ocrx_word' id='word_1_523' title='bbox 1794 4889 1806 4924; x_wconf 92' lang='lat'>:</span> <span class='ocrx_word' id='word_1_524' title='bbox 1839 4882 1894 4925; x_wconf 86' lang='lat' dir='ltr'><strong><em>et</em></strong></span> <span class='ocrx_word' id='word_1_525' title='bbox 1935 4874 2113 4928; x_wconf 85' lang='lat' dir='ltr'><strong><em>divina</em></strong></span> 
     </span>
    </p>
   </div>
   <div class='ocr_carea' id='block_1_61' title="bbox 2232 4855 3813 4951">
    <p class='ocr_par' dir='ltr' id='par_1_61' title="bbox 2232 4855 3813 4951">
     <span class='ocr_line' id='line_1_61' title="bbox 2232 4855 3813 4951; baseline -0.008 -18"><span class='ocrx_word' id='word_1_526' title='bbox 2232 4855 2367 4950; x_wconf 65' lang='grc' dir='ltr'>παθη</span> <span class='ocrx_word' id='word_1_527' title='bbox 2392 4855 2475 4951; x_wconf 31' lang='grc' dir='ltr'><strong><em>’-ἡ</em></strong></span> <span class='ocrx_word' id='word_1_528' title='bbox 2509 4879 2566 4932; x_wconf 76' lang='grc' dir='ltr'>δὲ</span> <span class='ocrx_word' id='word_1_529' title='bbox 2598 4879 2718 4932; x_wconf 88' lang='grc' dir='ltr'>θεία</span> <span class='ocrx_word' id='word_1_530' title='bbox 2752 4855 2934 4947; x_wconf 53' lang='lat' dir='ltr'><strong><em>(ptio-te,</em></strong></span> <span class='ocrx_word' id='word_1_531' title='bbox 2967 4875 3228 4948; x_wconf 80' lang='grc' dir='ltr'>ἐλευθέρα</span> <span class='ocrx_word' id='word_1_532' title='bbox 3261 4873 3470 4928; x_wconf 85' lang='grc' dir='ltr'>παθῶν.</span> <span class='ocrx_word' id='word_1_533' title='bbox 3509 4869 3718 4932; x_wconf 75' lang='grc' dir='ltr'><strong><em>Ἄλλως</em></strong></span> <span class='ocrx_word' id='word_1_534' title='bbox 3744 4885 3813 4921; x_wconf 85' lang='grc' dir='ltr'>τε</span> 
     </span>
    </p>
   </div>
   <div class='ocr_carea' id='block_1_62' title="bbox 536 4959 2113 5042">
    <p class='ocr_par' dir='ltr' id='par_1_62' title="bbox 536 4963 2112 5023">
     <span class='ocr_line' id='line_1_62' title="bbox 536 4963 2112 5023; baseline 0.001 -2"><span class='ocrx_word' id='word_1_535' title='bbox 536 4976 732 5023; x_wconf 86' lang='lat' dir='ltr'><strong><em>natura</em></strong></span> <span class='ocrx_word' id='word_1_536' title='bbox 758 4968 826 5020; x_wconf 87' lang='lat' dir='ltr'><strong><em>&#39;ab</em></strong></span> <span class='ocrx_word' id='word_1_537' title='bbox 855 4966 1232 5021; x_wconf 85' lang='lat' dir='ltr'><strong><em>alIectionibus</em></strong></span> <span class='ocrx_word' id='word_1_538' title='bbox 1263 4965 1522 5020; x_wconf 87' lang='lat' dir='ltr'><strong><em>immunis</em></strong></span> <span class='ocrx_word' id='word_1_539' title='bbox 1539 4963 1934 5019; x_wconf 41' lang='lat' dir='ltr'><strong><em>est..Pranterea</em></strong></span> <span class='ocrx_word' id='word_1_540' title='bbox 1952 4966 2112 5022; x_wconf 90' lang='lat' dir='ltr'><strong><em>etiam</em></strong></span> 
     </span>
    </p>
   </div>
   <div class='ocr_carea' id='block_1_63' title="bbox 2232 4959 3814 5042">
    <p class='ocr_par' dir='ltr' id='par_1_63' title="bbox 2232 4959 3814 5042">
     <span class='ocr_line' id='line_1_63' title="bbox 2232 4959 3814 5042; baseline -0.007 -19"><span class='ocrx_word' id='word_1_541' title='bbox 2232 4972 2254 5042; x_wconf 79' lang='grc' dir='ltr'>ἡ</span> <span class='ocrx_word' id='word_1_542' title='bbox 2293 4970 2622 5042; x_wconf 85' lang='grc' dir='ltr'>μεταμέλεια</span> <span class='ocrx_word' id='word_1_543' title='bbox 2655 4973 2768 5033; x_wconf 81' lang='grc' dir='ltr'>τοῖς</span> <span class='ocrx_word' id='word_1_544' title='bbox 2803 4968 2939 5039; x_wconf 83' lang='grc' dir='ltr'>μετὰ</span> <span class='ocrx_word' id='word_1_545' title='bbox 2967 4968 3066 5038; x_wconf 78' lang='grc' dir='ltr'><strong><em>τὴν</em></strong></span> <span class='ocrx_word' id='word_1_546' title='bbox 3109 4969 3303 5037; x_wconf 86' lang='grc' dir='ltr'>πεῖραν</span> <span class='ocrx_word' id='word_1_547' title='bbox 3339 4964 3664 5036; x_wconf 85' lang='grc' dir='ltr'>μανθάνουσι</span> <span class='ocrx_word' id='word_1_548' title='bbox 3693 4959 3814 5012; x_wconf 78' lang='grc' dir='ltr'><strong><em>τῶν</em></strong></span> 
     </span>
    </p>
   </div>
   <div class='ocr_carea' id='block_1_64' title="bbox 534 5049 2113 5132">
    <p class='ocr_par' dir='ltr' id='par_1_64' title="bbox 534 5057 2113 5129">
     <span class='ocr_line' id='line_1_64' title="bbox 534 5057 2113 5129; baseline -0.001 -15"><span class='ocrx_word' id='word_1_549' title='bbox 534 5060 1103 5129; x_wconf 68' lang='lat' dir='ltr'><strong><em>pmnitentia-eaditin</em></strong></span> <span class='ocrx_word' id='word_1_550' title='bbox 1131 5073 1245 5123; x_wconf 89' lang='lat' dir='ltr'><strong><em>eos,</em></strong></span> <span class='ocrx_word' id='word_1_551' title='bbox 1276 5059 1370 5127; x_wconf 86' lang='lat' dir='ltr'><strong><em>qui</em></strong></span> <span class='ocrx_word' id='word_1_552' title='bbox 1401 5067 1522 5127; x_wconf 85' lang='lat' dir='ltr'><strong><em>post</em></strong></span> <span class='ocrx_word' id='word_1_553' title='bbox 1544 5057 1878 5126; x_wconf 78' lang='lat' dir='ltr'><strong><em>experientia</em></strong></span> <span class='ocrx_word' id='word_1_554' title='bbox 1911 5073 2030 5126; x_wconf 77' lang='lat' dir='ltr'><strong><em>qua:</em></strong></span> <span class='ocrx_word' id='word_1_555' title='bbox 2047 5060 2113 5113; x_wconf 88' lang='lat' dir='ltr'><strong><em>sit</em></strong></span> 
     </span>
    </p>
   </div>
   <div class='ocr_carea' id='block_1_65' title="bbox 2232 5049 3817 5132">
    <p class='ocr_par' dir='ltr' id='par_1_65' title="bbox 2232 5049 3817 5132">
     <span class='ocr_line' id='line_1_65' title="bbox 2232 5049 3817 5132; baseline -0.009 -17"><span class='ocrx_word' id='word_1_556' title='bbox 2232 5062 2563 5132; x_wconf 82' lang='grc' dir='ltr'>πραγμάτων</span> <span class='ocrx_word' id='word_1_557' title='bbox 2599 5060 2696 5131; x_wconf 84' lang='grc' dir='ltr'><strong><em>τὴν</em></strong></span> <span class='ocrx_word' id='word_1_558' title='bbox 2743 5057 2902 5129; x_wconf 72' lang='grc' dir='ltr'>φύσιν</span> <span class='ocrx_word' id='word_1_559' title='bbox 2947 5056 3312 5127; x_wconf 75' lang='grc' dir='ltr'><strong><em>κατάλληλοςο</em></strong></span> <span class='ocrx_word' id='word_1_560' title='bbox 3361 5049 3482 5108; x_wconf 80' lang='grc' dir='ltr'>εἶτα</span> <span class='ocrx_word' id='word_1_561' title='bbox 3520 5055 3585 5122; x_wconf 79' lang='grc' dir='ltr'><strong><em>τῇ</em></strong></span> <span class='ocrx_word' id='word_1_562' title='bbox 3637 5050 3817 5124; x_wconf 77' lang='grc' dir='ltr'>πείρᾳ</span> 
     </span>
    </p>
   </div>
   <div class='ocr_carea' id='block_1_66' title="bbox 535 5149 2112 5218">
    <p class='ocr_par' dir='ltr' id='par_1_66' title="bbox 535 5149 2112 5218">
     <span class='ocr_line' id='line_1_66' title="bbox 535 5149 2112 5218; baseline -0.001 -13"><span class='ocrx_word' id='word_1_563' title='bbox 535 5165 719 5206; x_wconf 87' lang='lat' dir='ltr'><strong><em>rerum</em></strong></span> <span class='ocrx_word' id='word_1_564' title='bbox 745 5162 936 5205; x_wconf 84' lang='lat' dir='ltr'><strong><em>natura</em></strong></span> <span class='ocrx_word' id='word_1_565' title='bbox 961 5151 1269 5205; x_wconf 88' lang='lat' dir='ltr'><strong><em>didicerunt</em></strong></span> <span class='ocrx_word' id='word_1_566' title='bbox 1289 5167 1303 5202; x_wconf 92' lang='lat'><strong>:</strong></span> <span class='ocrx_word' id='word_1_567' title='bbox 1323 5152 1412 5218; x_wconf 91' lang='lat' dir='ltr'><strong><em>qui</em></strong></span> <span class='ocrx_word' id='word_1_568' title='bbox 1431 5158 1716 5218; x_wconf 87' lang='lat' dir='ltr'><strong><em>postquam</em></strong></span> <span class='ocrx_word' id='word_1_569' title='bbox 1739 5149 2112 5218; x_wconf 83' lang='lat' dir='ltr'><strong><em>experimento</em></strong></span> 
     </span>
    </p>
   </div>
   <div class='ocr_carea' id='block_1_67' title="bbox 539 5239 2108 5307">
    <p class='ocr_par' dir='ltr' id='par_1_67' title="bbox 539 5239 2108 5307">
     <span class='ocr_line' id='line_1_67' title="bbox 539 5239 2108 5307; baseline -0.003 -12"><span class='ocrx_word' id='word_1_570' title='bbox 539 5243 852 5307; x_wconf 83' lang='lat' dir='ltr'><strong><em>didicerint,</em></strong></span> <span class='ocrx_word' id='word_1_571' title='bbox 881 5258 939 5297; x_wconf 90' lang='lat' dir='ltr'><strong><em>se</em></strong></span> <span class='ocrx_word' id='word_1_572' title='bbox 969 5243 1110 5296; x_wconf 84' lang='lat' dir='ltr'><strong><em>haud</em></strong></span> <span class='ocrx_word' id='word_1_573' title='bbox 1144 5251 1293 5295; x_wconf 83' lang='lat' dir='ltr'><strong><em>recte</em></strong></span> <span class='ocrx_word' id='word_1_574' title='bbox 1319 5239 1679 5304; x_wconf 88' lang='lat' dir='ltr'><strong><em>consuluisse,</em></strong></span> <span class='ocrx_word' id='word_1_575' title='bbox 1709 5247 1850 5292; x_wconf 71' lang='lat' dir='ltr'><strong><em>tunc</em></strong></span> <span class='ocrx_word' id='word_1_576' title='bbox 1897 5240 2108 5292; x_wconf 85' lang='lat' dir='ltr'><strong><em>demum</em></strong></span> 
     </span>
    </p>
   </div>
   <div class='ocr_carea' id='block_1_68' title="bbox 497 5327 2114 5401">
    <p class='ocr_par' dir='ltr' id='par_1_68' title="bbox 497 5327 2114 5401">
     <span class='ocr_line' id='line_1_68' title="bbox 497 5327 2114 5401; baseline -0.004 -15"><span class='ocrx_word' id='word_1_577' title='bbox 497 5333 855 5401; x_wconf 71' lang='lat' dir='ltr'><strong><em>&#39;-pmnitentia</em></strong></span> <span class='ocrx_word' id='word_1_578' title='bbox 885 5332 1176 5386; x_wconf 82' lang='lat' dir='ltr'><strong><em>ducuntur.</em></strong></span> <span class='ocrx_word' id='word_1_579' title='bbox 1210 5330 1282 5382; x_wconf 84' lang='lat' dir='ltr'><strong><em>At</em></strong></span> <span class='ocrx_word' id='word_1_580' title='bbox 1314 5328 1455 5382; x_wconf 92' lang='lat' dir='ltr'><strong><em>Deus</em></strong></span> <span class='ocrx_word' id='word_1_581' title='bbox 1491 5327 1572 5380; x_wconf 90' lang='lat' dir='ltr'><strong><em>sic</em></strong></span> <span class='ocrx_word' id='word_1_582' title='bbox 1602 5327 1845 5380; x_wconf 86' lang='lat' dir='ltr'><strong><em>intuetur</em></strong></span> <span class='ocrx_word' id='word_1_583' title='bbox 1875 5342 1963 5380; x_wconf 83' lang='lat' dir='ltr'><strong><em>res</em></strong></span> <span class='ocrx_word' id='word_1_584' title='bbox 1994 5335 2114 5394; x_wconf 69' lang='lat' dir='ltr'><strong><em>post</em></strong></span> 
     </span>
    </p>
   </div>
   <div class='ocr_carea' id='block_1_69' title="bbox 495 5416 2113 5495">
    <p class='ocr_par' dir='ltr' id='par_1_69' title="bbox 495 5416 2113 5495">
     <span class='ocr_line' id='line_1_69' title="bbox 495 5416 2113 5495; baseline -0.005 -17"><span class='ocrx_word' id='word_1_585' title='bbox 495 5429 508 5461; x_wconf 68' lang='grc' dir='ltr'><strong><em>’ν</em></strong></span> <span class='ocrx_word' id='word_1_586' title='bbox 537 5425 737 5480; x_wconf 87' lang='lat' dir='ltr'><strong><em>multas</em></strong></span> <span class='ocrx_word' id='word_1_587' title='bbox 759 5426 1131 5495; x_wconf 76' lang='lat' dir='ltr'><strong><em>generationes</em></strong></span> <span class='ocrx_word' id='word_1_588' title='bbox 1169 5423 1380 5477; x_wconf 85' lang='lat' dir='ltr'><strong><em>futuras</em></strong></span> <span class='ocrx_word' id='word_1_589' title='bbox 1401 5461 1415 5486; x_wconf 89' lang='lat'><strong><em>,</em></strong></span> <span class='ocrx_word' id='word_1_590' title='bbox 1455 5431 1514 5474; x_wconf 91' lang='lat' dir='ltr'><strong><em>ut</em></strong></span> <span class='ocrx_word' id='word_1_591' title='bbox 1545 5435 1640 5474; x_wconf 89' lang='lat' dir='ltr'><strong><em>eas</em></strong></span> <span class='ocrx_word' id='word_1_592' title='bbox 1665 5434 1784 5488; x_wconf 65' lang='lat' dir='ltr'><strong><em>quas</em></strong></span> <span class='ocrx_word' id='word_1_593' title='bbox 1815 5417 1925 5485; x_wconf 85' lang='lat' dir='ltr'><strong><em>jam</em></strong></span> <span class='ocrx_word' id='word_1_594' title='bbox 1959 5416 2113 5471; x_wconf 76' lang='lat' dir='ltr'><strong><em>facta:</em></strong></span> 
     </span>
    </p>
   </div>
   <div class='ocr_carea' id='block_1_70' title="bbox 535 5507 2111 5586">
    <p class='ocr_par' dir='ltr' id='par_1_70' title="bbox 535 5507 2111 5586">
     <span class='ocr_line' id='line_1_70' title="bbox 535 5507 2111 5586; baseline -0.006 -16"><span class='ocrx_word' id='word_1_595' title='bbox 535 5527 683 5571; x_wconf 84' lang='lat' dir='ltr'><strong><em>sunt.</em></strong></span> <span class='ocrx_word' id='word_1_596' title='bbox 715 5517 824 5572; x_wconf 87' lang='lat' dir='ltr'><strong><em>Ceu</em></strong></span> <span class='ocrx_word' id='word_1_597' title='bbox 866 5518 1169 5586; x_wconf 74' lang='lat' dir='ltr'><strong><em>przevidcns</em></strong></span> <span class='ocrx_word' id='word_1_598' title='bbox 1217 5515 1396 5583; x_wconf 89' lang='lat' dir='ltr'><strong><em>itaque</em></strong></span> <span class='ocrx_word' id='word_1_599' title='bbox 1433 5520 1487 5566; x_wconf 88' lang='lat' dir='ltr'><strong><em>et</em></strong></span> <span class='ocrx_word' id='word_1_600' title='bbox 1514 5522 1998 5580; x_wconf 78' lang='lat' dir='ltr'><strong><em>praecognoscens,</em></strong></span> <span class='ocrx_word' id='word_1_601' title='bbox 2034 5507 2111 5561; x_wconf 91' lang='lat' dir='ltr'><strong><em>sic</em></strong></span> 
     </span>
    </p>
   </div>
   <div class='ocr_carea' id='block_1_71' title="bbox 609 5629 1316 5702">
    <p class='ocr_par' dir='ltr' id='par_1_71' title="bbox 609 5629 1316 5702">
     <span class='ocr_line' id='line_1_71' title="bbox 609 5629 1316 5702; baseline -0.006 -16"><span class='ocrx_word' id='word_1_602' title='bbox 609 5634 685 5702; x_wconf 81' lang='grc'><strong><em>(1)</em></strong></span> <span class='ocrx_word' id='word_1_603' title='bbox 727 5632 804 5686; x_wconf 86' lang='lat' dir='ltr'><strong><em>Ex</em></strong></span> <span class='ocrx_word' id='word_1_604' title='bbox 835 5631 953 5686; x_wconf 88' lang='lat' dir='ltr'><strong><em>cod.</em></strong></span> <span class='ocrx_word' id='word_1_605' title='bbox 992 5629 1316 5702; x_wconf 60' lang='lat' dir='ltr'><strong><em>Veneltrx‘v.</em></strong></span> 
     </span>
    </p>
   </div>
   <div class='ocr_carea' id='block_1_72' title="bbox 491 5690 2112 5772">
    <p class='ocr_par' dir='ltr' id='par_1_72' title="bbox 491 5690 2112 5772">
     <span class='ocr_line' id='line_1_72' title="bbox 491 5690 2112 5772; baseline -0.005 -16"><span class='ocrx_word' id='word_1_606' title='bbox 491 5695 503 5727; x_wconf 77' lang='lat'><strong><em>&quot;</em></strong></span> <span class='ocrx_word' id='word_1_607' title='bbox 725 5703 789 5755; x_wconf 94' lang='lat' dir='ltr'><strong><em>ll.</em></strong></span> <span class='ocrx_word' id='word_1_608' title='bbox 850 5717 900 5772; x_wconf 54' lang='grc' dir='ltr'>ο,</span> <span class='ocrx_word' id='word_1_609' title='bbox 940 5699 1314 5772; x_wconf 74' lang='lat' dir='ltr'><strong><em>substantiam</em></strong></span> <span class='ocrx_word' id='word_1_610' title='bbox 1356 5697 1439 5751; x_wconf 87' lang='lat' dir='ltr'><strong><em>vel</em></strong></span> <span class='ocrx_word' id='word_1_611' title='bbox 1491 5702 1764 5749; x_wconf 87' lang='lat' dir='ltr'><strong><em>naturam.</em></strong></span> <span class='ocrx_word' id='word_1_612' title='bbox 1815 5690 1908 5746; x_wconf 90' lang='lat' dir='ltr'><strong><em>Sic</em></strong></span> <span class='ocrx_word' id='word_1_613' title='bbox 1972 5691 2112 5748; x_wconf 88' lang='lat' dir='ltr'><strong><em>belle</em></strong></span> 
     </span>
    </p>
   </div>
   <div class='ocr_carea' id='block_1_73' title="bbox 530 5764 1400 5830">
    <p class='ocr_par' dir='ltr' id='par_1_73' title="bbox 530 5764 1400 5830">
     <span class='ocr_line' id='line_1_73' title="bbox 530 5764 1400 5830; baseline -0.01 0"><span class='ocrx_word' id='word_1_614' title='bbox 530 5764 826 5830; x_wconf 77' lang='lat' dir='ltr'><strong><em>exhibetur</em></strong></span> <span class='ocrx_word' id='word_1_615' title='bbox 856 5769 1179 5824; x_wconf 69' lang='lat' dir='ltr'><strong><em>Hebr-uicum</em></strong></span> <span class='ocrx_word' id='word_1_616' title='bbox 1207 5764 1400 5830; x_wconf 81' lang='lat' dir='ltr'><strong><em>iekitm.</em></strong></span> 
     </span>
    </p>
   </div>
   <div class='ocr_carea' id='block_1_74' title="bbox 609 5830 2099 5912">
    <p class='ocr_par' dir='ltr' id='par_1_74' title="bbox 609 5830 2099 5912">
     <span class='ocr_line' id='line_1_74' title="bbox 609 5830 2099 5912; baseline -0.005 -16"><span class='ocrx_word' id='word_1_617' title='bbox 609 5843 688 5912; x_wconf 64' lang='grc' dir='ltr'><strong><em>(ὅ)</em></strong></span> <span class='ocrx_word' id='word_1_618' title='bbox 717 5841 901 5909; x_wconf 75' lang='lat' dir='ltr'><strong><em>Capita</em></strong></span> <span class='ocrx_word' id='word_1_619' title='bbox 945 5848 999 5894; x_wconf 88' lang='lat' dir='ltr'><strong><em>et</em></strong></span> <span class='ocrx_word' id='word_1_620' title='bbox 1045 5851 1301 5893; x_wconf 86' lang='lat' dir='ltr'><strong><em>versuum</em></strong></span> <span class='ocrx_word' id='word_1_621' title='bbox 1365 5849 1618 5891; x_wconf 86' lang='lat' dir='ltr'><strong><em>numeros</em></strong></span> <span class='ocrx_word' id='word_1_622' title='bbox 1665 5831 1789 5900; x_wconf 82' lang='lat' dir='ltr'><strong><em>ipse</em></strong></span> <span class='ocrx_word' id='word_1_623' title='bbox 1843 5830 2099 5889; x_wconf 85' lang='lat' dir='ltr'><strong><em>adnotavi</em></strong></span> 
     </span>
    </p>
   </div>
   <div class='ocr_carea' id='block_1_75' title="bbox 2223 5139 3818 5221">
    <p class='ocr_par' dir='ltr' id='par_1_75' title="bbox 2223 5139 3818 5221">
     <span class='ocr_line' id='line_1_75' title="bbox 2223 5139 3818 5221; baseline -0.009 -17"><span class='ocrx_word' id='word_1_624' title='bbox 2223 5149 2582 5221; x_wconf 80' lang='grc' dir='ltr'>μανθάνοντες</span> <span class='ocrx_word' id='word_1_625' title='bbox 2610 5149 2684 5210; x_wconf 84' lang='grc' dir='ltr'><strong><em>ὡς</em></strong></span> <span class='ocrx_word' id='word_1_626' title='bbox 2708 5148 2806 5200; x_wconf 80' lang='grc' dir='ltr'><strong><em>οὐκ</em></strong></span> <span class='ocrx_word' id='word_1_627' title='bbox 2830 5146 3006 5218; x_wconf 85' lang='grc' dir='ltr'>ὀρθῶς</span> <span class='ocrx_word' id='word_1_628' title='bbox 3036 5144 3440 5207; x_wconf 72' lang='grc' dir='ltr'>ἐϐουλεύσαντο,</span> <span class='ocrx_word' id='word_1_629' title='bbox 3469 5139 3818 5212; x_wconf 72' lang='grc' dir='ltr'>μεταμέλονο</span> 
     </span>
    </p>
   </div>
   <div class='ocr_carea' id='block_1_76' title="bbox 2217 5230 3814 5306">
    <p class='ocr_par' dir='ltr' id='par_1_76' title="bbox 2217 5230 3814 5306">
     <span class='ocr_line' id='line_1_76' title="bbox 2217 5230 3814 5306; baseline -0.006 -15"><span class='ocrx_word' id='word_1_630' title='bbox 2217 5256 2326 5291; x_wconf 83' lang='grc' dir='ltr'>ται.</span> <span class='ocrx_word' id='word_1_631' title='bbox 2375 5239 2432 5290; x_wconf 88' lang='lat'><strong><em>&#39;0</em></strong></span> <span class='ocrx_word' id='word_1_632' title='bbox 2462 5238 2519 5291; x_wconf 82' lang='grc' dir='ltr'><strong><em>δὲ</em></strong></span> <span class='ocrx_word' id='word_1_633' title='bbox 2549 5237 2681 5300; x_wconf 84' lang='grc' dir='ltr'>Θεὸς</span> <span class='ocrx_word' id='word_1_634' title='bbox 2717 5235 2886 5298; x_wconf 73' lang='grc' dir='ltr'>οὕτως</span> <span class='ocrx_word' id='word_1_635' title='bbox 2918 5237 3021 5306; x_wconf 79' lang='grc' dir='ltr'><strong><em>ὁρᾷ</em></strong></span> <span class='ocrx_word' id='word_1_636' title='bbox 3060 5236 3128 5289; x_wconf 86' lang='grc' dir='ltr'><strong><em>τὰ</em></strong></span> <span class='ocrx_word' id='word_1_637' title='bbox 3162 5233 3300 5306; x_wconf 81' lang='grc' dir='ltr'>μετὰ</span> <span class='ocrx_word' id='word_1_638' title='bbox 3330 5232 3531 5296; x_wconf 55' lang='lat' dir='ltr'><strong><em>«om;</em></strong></span> <span class='ocrx_word' id='word_1_639' title='bbox 3567 5230 3814 5300; x_wconf 78' lang='grc' dir='ltr'>ἐσόμενα</span> 
     </span>
    </p>
   </div>
   <div class='ocr_carea' id='block_1_77' title="bbox 2220 5319 3813 5397">
    <p class='ocr_par' dir='ltr' id='par_1_77' title="bbox 2220 5319 3813 5397">
     <span class='ocr_line' id='line_1_77' title="bbox 2220 5319 3813 5397; baseline -0.006 -18"><span class='ocrx_word' id='word_1_640' title='bbox 2220 5328 2430 5396; x_wconf 86' lang='grc' dir='ltr'>γενεὰς,</span> <span class='ocrx_word' id='word_1_641' title='bbox 2465 5328 2538 5390; x_wconf 84' lang='grc' dir='ltr'>ὡς</span> <span class='ocrx_word' id='word_1_642' title='bbox 2569 5327 2667 5397; x_wconf 74' lang='grc' dir='ltr'><strong><em>ἤδη</em></strong></span> <span class='ocrx_word' id='word_1_643' title='bbox 2699 5325 3059 5396; x_wconf 79' lang='grc' dir='ltr'>γεγενημένα.</span> <span class='ocrx_word' id='word_1_644' title='bbox 3098 5326 3184 5389; x_wconf 83' lang='grc' dir='ltr'><strong>Ὠς</strong></span> <span class='ocrx_word' id='word_1_645' title='bbox 3216 5323 3462 5397; x_wconf 88' lang='grc' dir='ltr'>προορῶν</span> <span class='ocrx_word' id='word_1_646' title='bbox 3494 5320 3674 5374; x_wconf 83' lang='grc' dir='ltr'>τοίνυν</span> <span class='ocrx_word' id='word_1_647' title='bbox 3709 5319 3813 5372; x_wconf 74' lang='grc' dir='ltr'>καὶ</span> 
     </span>
    </p>
   </div>
   <div class='ocr_carea' id='block_1_78' title="bbox 2217 5411 3815 5489">
    <p class='ocr_par' dir='ltr' id='par_1_78' title="bbox 2217 5411 3815 5489">
     <span class='ocr_line' id='line_1_78' title="bbox 2217 5411 3815 5489; baseline -0.003 -20"><span class='ocrx_word' id='word_1_648' title='bbox 2217 5419 2638 5487; x_wconf 86' lang='grc' dir='ltr'>προγινώσκων,</span> <span class='ocrx_word' id='word_1_649' title='bbox 2673 5417 2844 5480; x_wconf 75' lang='grc' dir='ltr'>οὔτως</span> <span class='ocrx_word' id='word_1_650' title='bbox 2889 5418 3102 5471; x_wconf 77' lang='grc' dir='ltr'>ἅπαντα</span> <span class='ocrx_word' id='word_1_651' title='bbox 3135 5415 3477 5489; x_wconf 80' lang='grc' dir='ltr'>πρυτανεύει.</span> <span class='ocrx_word' id='word_1_652' title='bbox 3508 5411 3815 5482; x_wconf 66' lang='grc' dir='ltr'>Τίβήποτε</span> 
     </span>
    </p>
   </div>
   <div class='ocr_carea' id='block_1_79' title="bbox 2217 5502 3810 5590">
    <p class='ocr_par' dir='ltr' id='par_1_79' title="bbox 2217 5502 3810 5590">
     <span class='ocr_line' id='line_1_79' title="bbox 2217 5502 3810 5590; baseline -0.003 -29"><span class='ocrx_word' id='word_1_653' title='bbox 2217 5511 2396 5563; x_wconf 84' lang='grc' dir='ltr'>τοίνυν</span> <span class='ocrx_word' id='word_1_654' title='bbox 2429 5509 2810 5590; x_wconf 70' lang='grc' dir='ltr'>μεταμέλεται,</span> <span class='ocrx_word' id='word_1_655' title='bbox 2839 5510 3055 5566; x_wconf 77' lang='grc' dir='ltr'>ἅπαντα</span> <span class='ocrx_word' id='word_1_656' title='bbox 3089 5511 3226 5584; x_wconf 77' lang='grc' dir='ltr'>πρὸς</span> <span class='ocrx_word' id='word_1_657' title='bbox 3255 5507 3354 5579; x_wconf 75' lang='grc' dir='ltr'>τὴν</span> <span class='ocrx_word' id='word_1_658' title='bbox 3371 5505 3681 5590; x_wconf 60' lang='grc' dir='ltr'>πρόγνωσιν</span> <span class='ocrx_word' id='word_1_659' title='bbox 3699 5502 3810 5574; x_wconf 83' lang='grc' dir='ltr'>τὴν</span> 
     </span>
    </p>
   </div>
   <div class='ocr_carea' id='block_1_80' title="bbox 2227 5619 3814 5696">
    <p class='ocr_par' dir='ltr' id='par_1_80' title="bbox 2227 5619 3814 5696">
     <span class='ocr_line' id='line_1_80' title="bbox 2227 5619 3814 5696; baseline -0.002 -17"><span class='ocrx_word' id='word_1_660' title='bbox 2227 5624 2444 5696; x_wconf 85' lang='lat' dir='ltr'><strong><em>ubique,</em></strong></span> <span class='ocrx_word' id='word_1_661' title='bbox 2478 5627 2544 5680; x_wconf 89' lang='lat' dir='ltr'><strong><em>ad</em></strong></span> <span class='ocrx_word' id='word_1_662' title='bbox 2583 5627 2883 5683; x_wconf 86' lang='lat' dir='ltr'><strong><em>editionem</em></strong></span> <span class='ocrx_word' id='word_1_663' title='bbox 2926 5629 3050 5684; x_wconf 90' lang='lat' dir='ltr'><strong><em>cod.</em></strong></span> <span class='ocrx_word' id='word_1_664' title='bbox 3087 5623 3440 5682; x_wconf 79' lang='lat' dir='ltr'><strong><em>Alexandrini</em></strong></span> <span class='ocrx_word' id='word_1_665' title='bbox 3498 5619 3814 5691; x_wconf 67' lang='lat' dir='ltr'><strong><em>Breitinge-</em></strong></span> 
     </span>
    </p>
   </div>
   <div class='ocr_carea' id='block_1_81' title="bbox 2221 5695 2844 5768">
    <p class='ocr_par' dir='ltr' id='par_1_81' title="bbox 2221 5695 2844 5768">
     <span class='ocr_line' id='line_1_81' title="bbox 2221 5695 2844 5768; baseline 0.006 -20"><span class='ocrx_word' id='word_1_666' title='bbox 2221 5695 2452 5768; x_wconf 18' lang='lat' dir='ltr'><strong><em>ria‘n’am,</em></strong></span> <span class='ocrx_word' id='word_1_667' title='bbox 2478 5696 2663 5768; x_wconf 80' lang='lat' dir='ltr'><strong><em>Tiguri</em></strong></span> <span class='ocrx_word' id='word_1_668' title='bbox 2686 5696 2844 5752; x_wconf 71' lang='grc'><strong><em>1750.</em></strong></span> 
     </span>
    </p>
   </div>
   <div class='ocr_carea' id='block_1_82' title="bbox 2284 5760 3436 5838">
    <p class='ocr_par' dir='ltr' id='par_1_82' title="bbox 2284 5760 3436 5838">
     <span class='ocr_line' id='line_1_82' title="bbox 2284 5760 3436 5838; baseline -0.003 -17"><span class='ocrx_word' id='word_1_669' title='bbox 2284 5765 2359 5838; x_wconf 79' lang='grc'><strong><em>(4)</em></strong></span> <span class='ocrx_word' id='word_1_670' title='bbox 2396 5760 2487 5825; x_wconf 87' lang='lat' dir='ltr'><strong><em>Sic</em></strong></span> <span class='ocrx_word' id='word_1_671' title='bbox 2517 5760 2858 5826; x_wconf 69' lang='lat' dir='ltr'><strong><em>correximus</em></strong></span> <span class='ocrx_word' id='word_1_672' title='bbox 2876 5765 3100 5824; x_wconf 80' lang='lat' dir='ltr'><strong><em>verbum</em></strong></span> <span class='ocrx_word' id='word_1_673' title='bbox 3132 5760 3436 5834; x_wconf 58' lang='lat' dir='ltr'><strong><em>nibi-li&#39;epﬁ.</em></strong></span> 
     </span>
    </p>
   </div>
   <div class='ocr_carea' id='block_1_83' title="bbox 3826 3368 3831 3420">
    <p class='ocr_par' dir='ltr' id='par_1_83' title="bbox 3826 3368 3831 3420">
     <span class='ocr_line' id='line_1_83' title="bbox 3826 3368 3831 3420; baseline 0 0"><span class='ocrx_word' id='word_1_674' title='bbox 3826 3368 3831 3420; x_wconf 79' lang='grc' dir='ltr'><em>ἱ</em></span> 
     </span>
    </p>
   </div>
  </div>
