4004 6530
237 489 300 542 l5
1527 461 1805 543 nonor.
1846 485 1911 541 lN
1953 485 2195 544 GENES.
3426 491 3494 548 ιι

233 605 446 660 οἰκείαν
479 603 808 674 οἰκονομῶν;
838 605 1044 678 Οὐκοδν
1077 605 1168 658 ἐπὶ
1200 602 1334 659 Θεοῦ
1384 605 1709 676 μεταμέλεια
1741 609 1818 660 οί-

1937 606 2175 659 miversa
2219 606 2550 660 moderatur.
2593 605 2692 672 Qui
2739 606 2905 676 igitur
2957 606 3184 676 pmnitet
3215 621 3360 670 eum,
3401 610 3494 678 qni

233 696 504 768 κονομίας
553 694 839 767 μεταϐολήο
871 676 1282 766 Μεταμέλομαι
1313 695 1443 767 γὰρ,
1480 699 1642 767 φησιν
1666 737 1682 760 ,
1730 697 1822 750 ὅτι

165 805 168 810 ·
233 790 490 858 κέκρικα
525 789 627 843 τὸν
669 787 866 843 Σαοὺλ
899 791 985 854 εὶς
1021 788 1318 853 βασιλέα·
1351 789 1469 842 ἀντὶ
1510 788 1625 841 τοῦ·
1665 788 1825 842 E060—

243 887 453 953 κίμασα
483 881 582 954 μὲν
615 881 821 936 παῦσαι
854 881 1064 946 τοῦτον,
1109 881 1294 954 ἕτερον
1324 881 1382 934 δὲ
1423 881 1820 953 χειροτονῆσαι.

245 972 399 1026 Οὕτω
431 971 708 1026 κάνταῦθα
732 989 744 1001 ·
781 969 1188 1042 Ἐνεθυμήθην,
1219 971 1300 1022 δτι
1345 968 1572 1038 ἐποίησα
1617 966 1825 1037 ἀνθρω-

245 1084 377 1120 πον’
425 1065 724 1136 ἐδοκίμασα
771 1063 1006 1117 διολέσαι
1043 1062 1150 1116 τῶν
1196 1059 1500 1132 ἀνθρώπων
1531 1059 1592 1113 τὸ
1641 1059 1818 1127 γένος.

254 1157 416 1210 Ἀλλὰ
463 1157 841 1228 φιλάνθρωπος
886 1153 994 1218 ῶν,
1032 1153 1252 1225 σπέρμα
1281 1152 1372 1205 τὸν
1416 1151 1539 1206 Νῶε
1564 1155 1628 1224 τῇ
1665 1151 1822 1222 φύσει

241 1253 568 1323 τετήρηκεν.
609 1249 824 1320 Ἐπειδὴ
856 1249 913 1302 δὲ
945 1250 1040 1302 καὶ
1074 1248 1184 1302 τῶν
1213 1248 1422 1315 ἀλόγων
1461 1247 1528 1300 τά
1560 1249 1692 1318 γένη
1726 1249 1824 1320 τῆς

239 1343 352 1396 τῶν
393 1339 696 1412 ἀνθρώπων
736 1341 924 1394 εἵνεκα
969 1339 1403 1411 δεδημιούργηκε
1456 1340 1676 1411 χρείας“
1729 1339 1822 1393 καὶ

238 1433 416 1488 ταῦτα
439 1438 552 1498 τοῖς
587 1433 894 1505 ἀνθρώποις
926 1433 1307 1504 συνδιεφθάρη,
1344 1432 1480 1503 πλὴν
1513 1433 1621 1486 τῶν
1657 1436 1713 1486 ὲν
1753 1436 1822 1504 τῇ

239 1523 466 1594 κιϐωτῷ
487 1525 585 1576 σὺν
617 1524 694 1595 τῷ
718 1524 840 1576 Νῶε
870 1523 1359 1594 διαφυλαχθέπων.
1400 1524 1683 1578 Ἐκέλευσε
1713 1526 1822 1596 γάρ

239 1619 269 1670 ὁ
299 1616 570 1686 δεσπότης
591 1615 724 1679 Θεὸς
754 1615 857 1668 ἀνά
885 1614 978 1668 δύο
1008 1617 1104 1686 μὲν
1138 1614 1197 1679 ἐξ
1229 1617 1456 1670 ἑκάστου
1490 1617 1674 1685 γένους
1715 1617 1822 1670 τῶν

235 1705 546 1759 δοκούντων
577 1704 900 1778 ἀκαθάρτων
944 1705 1292 1775 διασωθῆναι,
1321 1706 1423 1759 άνὰ
1466 1706 1602 1759 ἐπτὰ
1634 1707 1690 1760 δὲ
1715 1707 1823 1760 τῶν

241 1798 524 1870 καθαρῶν.
573 1795 788 1868 Ἐπειδὴ
833 1797 943 1870 γὰρ
987 1798 1187 1870 ἤμελλε
1239 1803 1536 1871 συγχωρεῖν
1581 1804 1691 1864 τοῖς
1733 1803 1825 1854 ἀν-

237 1891 489 1963 θρώποις
523 1891 957 1962 μεταλαμϐάνειν
986 1891 1194 1964 κρεῶν,
1230 1891 1459 1962 ἤμελλον
1507 1892 1563 1945 δὲ
1606 1894 1698 1948 καὶ
1731 1894 1825 1947 θυ-

1924 697 2104 752 omnia
2129 713 2196 752 ex
2225 699 2444 768 prapria
2466 701 2794 768 pramotione
2819 700 3198 758 administrat?
3221 701 3498 756 Paeniten-

1928 791 2001 844 tia
2037 790 2201 861 igitur
2227 791 2280 845 in
2315 793 2444 857 Deo,
2477 795 2704 848 mutatio
2737 803 2819 848 est
2853 793 3230 864 providentiae.
3265 793 3497 849 Pwnitet

1924 899 2029 947 me,
2060 884 2256 952 inquit,
2290 886 2432 952 quod
2441 883 2683 952 judicaui
2707 884 2844 941 Saul
2863 888 2919 938 in
2945 901 3112 955 regem
3141 885 3182 950 ¹;
3209 887 3351 955 quod
3385 891 3527 951 est,‘

1927 973 2110 1028 Visum
2141 974 2268 1028 mihi
2293 974 2436 1029 hunc
2471 977 2686 1044 quidem
2725 977 3008 1045 abrogare,
3043 975 3204 1030 alium
3235 991 3360 1031 vero
3398 977 3500 1032 eli-

1925 1080 2072 1135 gere.
2105 1063 2260 1120 Haud
2287 1067 2448 1122 aliter
2481 1068 2582 1122 hoc
2615 1067 2734 1121 loco
2767 1085 2781 1120 :
2811 1065 3070 1137 Recogito
3103 1081 3190 1120 me
3221 1067 3498 1122 hominem

1926 1156 2150 1225 fecisse;
2177 1158 2348 1212 visum
2379 1171 2462 1212 est
2494 1159 2770 1212 hominum
2798 1172 2968 1226 genus
2992 1172 3024 1212 e
3063 1157 3242 1212 medio
3284 1157 3496 1218 tollere.

1925 1251 1993 1305 At
2019 1251 2164 1305 enim
2196 1250 2460 1320 benignus
2491 1266 2616 1304 cum
2638 1250 2730 1315 sit,
2764 1247 3040 1325 anchum
3075 1264 3261 1304 semen
3291 1261 3502 1306 natura:

1924 1343 2290 1396 conservavit.
2322 1341 2459 1396 Cum
2502 1357 2666 1410 porro
2713 1342 2998 1396 brutorum
3030 1355 3233 1411 genera
3278 1343 3330 1396 in
3369 1359 3501 1398 usus

1925 1435 2210 1490 hominum
2255 1433 2620 1500 condidisset;
2662 1449 2725 1488 ea
2765 1449 2982 1504 quoque
3014 1449 3138 1488 cum
3187 1434 3503 1490 hominibus

1925 1527 2085 1582 simul
2115 1527 2397 1592 interiere,
2431 1525 2673 1594 exceptis
2701 1525 2767 1580 iis
2796 1541 2916 1596 qum
2958 1527 3010 1579 in
3048 1541 3174 1581 arca
3207 1542 3330 1580 cum
3359 1525 3505 1581 Noa-

1924 1620 2027 1673 cho
2069 1627 2394 1672 conservata
2438 1625 2587 1671 sunt.
2631 1615 2804 1672 Jussit
2831 1618 2975 1672 enim
3015 1618 3274 1674 Dominus
3321 1620 3500 1686 Deus,

1925 1710 2048 1764 bina
2078 1709 2293 1779 quidem
2326 1709 2390 1763 de
2421 1709 2565 1762 omni
2600 1723 2800 1778 genere
2821 1723 3036 1774 eorum,
3063 1725 3184 1780 qua:
3220 1710 3503 1766 immunda

1925 1811 2045 1852 esse
2071 1785 2427 1861 videbantur,
2475 1797 2713 1860 servari.
2742 1810 2961 1866 septena
3001 1814 3129 1854 vero
3168 1799 3234 1855 de
3262 1800 3500 1858 mundis.

1923 1887 2060 1942 Cum
2099 1888 2242 1942 enim
2276 1887 2583 1942 indulturus
2613 1897 2759 1944 esset
2788 1890 3098 1945 hominibus
3119 1929 3136 1956 ,
3168 1900 3228 1946 ut
3249 1892 3504 1947 carnibus

241 1983 371 2047 σίας
419 1981 569 2054 αὐτῷ
612 1983 940 2056 προσφέρειν
985 1982 1085 2052 τῆς
1130 1983 1411 2048 εὐσεϐείας
1450 1985 1500 2037 οἰ
1546 1986 1822 2058 τρόφιμοι,

1937 1989 2300 2044 vescerentur,
2331 1979 2477 2049 iique
2497 1980 2589 2049 qui
2623 1981 2880 2049 pietatem
2905 1981 3147 2038 colerent
3168 1982 3422 2038 victimas
3448 1985 3504 2038 ei

243 2075 472 2129 πλείονα
497 2074 567 2128 τὰ
592 2074 808 2146 καθαρά
839 2073 1178 2144 φυλαχθῆναι
1211 2074 1509 2146 προσέταξε
1528 2093 1541 2105 ο
1584 2075 1681 2140 τὰς
1726 2077 1825 2148 μὲν

242 2170 396 2236 τρεῖς
425 2166 705 2233 συζυγίας,
738 2167 818 2228 είς
848 2165 946 2237 τὴν
975 2165 1202 2237 αὔξησιν
1235 2166 1328 2220 τοῦ
1353 2166 1562 2235 γένους,
1589 2167 1650 2221 τὸ
1678 2168 1734 2221 δὲ
1768 2167 1828 2222 ἒν

243 2258 303 2311 τὸ
335 2257 596 2330 περιττὸν
621 2259 700 2322 είς
725 2257 934 2311 θυσίαν.
970 2257 1145 2322 Εὐθὺς
1185 2258 1294 2330 γὰρ
1323 2261 1352 2312 ὁ
1383 2259 1506 2312 Νῶε
1551 2260 1687 2330 μετὰ
1729 2260 1828 2332 τὴν

247 2349 463 2404 παῦλαν
501 2348 601 2419 τῆς
629 2348 920 2421 τιμωρίας,
953 2347 1144 2402 θυσίαν
1167 2349 1245 2420 τῷ
1272 2348 1390 2421 Θεῷ
1412 2351 1828 2425 εὐχαριπήριον

249 2445 686 2515 προσενήνοχεν,
739 2439 858 2494 ἀπὸ
905 2440 1180 2508 πάντων,
1219 2442 1385 2514 φησὶ,
1427 2442 1661 2510 κτηνῶν
1711 2442 1830 2497 τῶν

251 2536 545 2605 καθαρῶν,
579 2536 680 2590 καὶ
707 2535 825 2591 ἀπὸ
859 2536 1102 2590 πάντων
1130 2535 1249 2590 τῶν
1276 2534 1560 2589 πετεινῶν
1591 2535 1710 2589 τῶν
1735 2553 1832 2589 και

251 2628 465 2699 ϐαρῶν.
513 2629 602 2693 Ὦς
629 2625 942 2702 εἶναιδῆλον
963 2631 1045 2685 ὅτι
1075 2629 1266 2683 τούτου
1311 2629 1470 2702 χάριν
1489 2672 1504 2696 ,
1553 2628 1658 2683 ἀνὰ
1691 2628 1833 2684 έπτὰ

252 2721 585 2791 προσέταξεν
614 2722 674 2788 ἐξ
707 2724 935 2777 ἑκάστου
973 2723 1163 2793 γένους
1195 2723 1304 2776 τῶν
1341 2723 1597 2796 καθαρῶν
1629 2725 1709 2789 είς
1731 2726 1832 2798 τὴν

253 2812 482 2866 κιϐωτὸν
515 2813 852 2885 εἰσαχθῆναι,
889 2816 1007 2879 ἵνα,
1039 2815 1102 2869 τὸ
1141 2815 1199 2868 ἒν
1226 2814 1364 2881 ζῶον
1396 2816 1455 2882 ἐξ
1480 2816 1712 2872 ἑκάστου
1737 2815 1832 2885 γέ-

252 2923 367 2970 νους
418 2908 448 2959 ὁ
487 2905 611 2959 Νῶε
646 2908 990 2981 προσφέρων,
1027 2907 1100 2980 μὴ
1120 2907 1403 2981 διαφθείρη
1431 2906 1529 2972 τάς
1551 2908 1830 2979 συζυγίας.

255 2999 346 3071 (4⁸)
370 2999 528 3070 Στίχ.
560 3007 653 3066 ις’.
688 3002 798 3056 Καὶ
843 3001 1081 3056 ἔκλεισε
1114 3003 1328 3071 Κύριος
1366 3005 1399 3056 ό
1435 3001 1580 3069 Θεὸς
1615 3003 1836 3068 ἔξωθεν

696 3071 882 3127 αὑτοῦ
910 3071 1024 3141 τὴν
1056 3074 1323 3127 κιϐωτόν.

317 3164 616 3235 Θειοτέρας
639 3165 784 3228 τινὸς
815 3163 1095 3234 δυνάμεως
1119 3162 1349 3237 ἔχρῃζεν
1379 3167 1414 3235 ἡ
1439 3164 1708 3234 ἀσφάλεια
1739 3165 1836 3236 τῆς

255 3252 426 3327 θύρας
453 3255 798 3326 κλειομένης.

897 3350 1053 3404 uno.
1082 3350 1181 3403 18'.
1857 3318 1904 3377 ο

254 3439 394 3521 hil:
415 3449 520 3495 κε’.
538 3441 651 3521 καὶ
675 3439 1079 3521 κατέστρεφεν
1102 3440 1208 3521 τας
1232 3442 1440 3521 πρλεις
1454 3442 1695 3521 ταιξτας,
1729 3442 1828 3496 καὶ

299 3509 525 3568 πᾶσαν
560 3511 677 3577 τὴν
699 3509 1052 3581 περίχωρον,
1074 3513 1173 3565 καὶ
1205 3509 1437 3576 πάντας
1465 3512 1607 3578 τοὺς
1637 3528 1830 3566 κατοι-

311 3582 575 3648 κοῦντας
597 3583 668 3635 ἐν
693 3581 822 3648 ταῖς
849 3585 1088 3636 πόλεσι.

259 3669 395 3741 Στίχ.
433 3678 554 3737 σις’.
605 3673 712 3725 Καὶ
757 3671 1100 3743 ᾴπέὸλεψεὴν
1137 3674 1174 3741 ἠ
1209 3673 1362 3743 γυνὴ
1407 3673 1593 3728 αὐτοῦ
1645 3676 1730 3740 εὶς
1761 3673 1834 3728 τὰ

318 3744 534 3806 ὀπίσω,
563 3744 661 3795 καὶ
691 3741 927 3812 ἐγένετο
957 3741 1158 3811 στήλη
1190 3741 1358 3810 ἁλός.

302 3835 388 3888 "0
412 3835 624 3907 Κύριος
653 3837 714 3888 οὐ
753 3835 909 3906 μόνον
934 3837 1058 3900 τοὺς
1093 3837 1307 3900 ἀσεϐεῖς
1341 3837 1633 3891 ἀπόλλυσιν
1656 3879 1670 3900 ,
1697 3837 1834 3893 ἀλλὰ

260 3929 343 3982 καὶ
371 3928 473 3992 τάς
509 3927 716 4000 τροφάς
747 3927 928 3981 αὐτῶν
977 3927 1142 3992 οὔσας
1182 3929 1535 3999 Σοδομιτικὰς
1583 3930 1676 3983 καὶ
1710 3933 1831 3982 ὲπι-

259 4019 502 4084 ϐλαϐεῖς·
558 4021 616 4072 ὲν
665 4016 751 4084 αἶς
808 4023 923 4075 ἐστι
976 4022 1070 4074 καὶ
1111 4021 1401 4092 ἄμπελος,¹
1448 4023 1575 4094 περὶ
1625 4019 1694 4094 ἧς
1745 4025 1835 4090 γέ-

261 4129 490 4184 γραπται
517 4131 531 4143 ο
597 4113 697 4166 Ἐκ
751 4113 861 4182 γὰρ
910 4113 1185 4182 ἀμπέλου
1233 4114 1511 4183 Σοδόμων
1563 4117 1600 4184 ἡ
1647 4115 1834 4186 ἄμπε-

259 4207 356 4270 λος
405 4203 613 4260 αὐτῶν
667 4205 762 4257 καὶ
823 4207 862 4274 ἡ
917 4206 1209 4274 κληματίς
1266 4205 1464 4259 αὐτῶν
1513 4207 1580 4260 ἐκ
1615 4209 1838 4278 Γομόρ-

256 4297 376 4364 ρας.
405 4299 481 4370 (5)
536 4298 689 4370 Ἅμα
734 4314 795 4350 τε
848 4299 929 4361 είς
973 4297 1071 4370 τὴν
1123 4297 1276 4352 πόλιν
1307 4299 1593 4371 ἀπεσώθη,
1629 4301 1722 4352 καὶ
1776 4302 1838 4354 τὸ

264 4388 360 4460 πῦρ
393 4390 699 4460 ἐπεφέρετο
733 4393 851 4454 ταῖς
892 4389 1110 4452 πόλεσι,
1144 4393 1367 4460 σημεῖον
1399 4391 1497 4460 τῆς
1540 4389 1837 4464 μελλούσης

263 4489 586 4553 συντελείας.
614 4489 817 4559 Στήλη
842 4491 942 4562 οὐχ
962 4491 1148 4555 ἁπλῶς
1178 4492 1412 4560 ἐγένετο,
1439 4491 1574 4544 ἀλλὰ
1606 4489 1837 4560 μάλιστα

263 4580 444 4649 στήλη
467 4583 642 4648 ἁλὸς,
667 4584 754 4638 διὰ
786 4585 849 4638 τό
867 4603 882 4616 υ
916 4585 1111 4654 Ὑμεῖς
1129 4586 1268 4638 ἐστε
1289 4583 1354 4636 τὸ
1381 4585 1534 4650 ἅλας
1560 4583 1671 4652 τῆς
1703 4582 1835 4654 γῆς.

1926 2081 2113 2125 essent
2133 2070 2394 2134 oblaturi,
2420 2069 2578 2139 plura
2603 2086 2671 2124 ex
2696 2071 2911 2126 mundis
2924 2071 3197 2127 asservari
3223 2072 3504 2142 prazcepit:

1933 2155 2039 2212 tria
2091 2159 2304 2215 scilicet
2333 2161 2484 2228 paria
2507 2160 2573 2214 ad
2605 2159 3004 2216 incrementum
3037 2161 3289 2232 generis,
3335 2176 3505 2215 untttn

1929 2261 2110 2305 autem
2164 2250 2359 2319 impar,
2402 2251 2469 2304 ad
2509 2251 2858 2306 sacriﬁcium.
2889 2250 3084 2306 Statim
3122 2267 3355 2323 namque
3393 2250 3509 2308 Noe

1930 2341 2090 2397 simul
2117 2352 2282 2412 atque
2312 2356 2471 2412 paena
2507 2343 2778 2408 cessavit,
2823 2343 3058 2399 hostiam
3098 2343 3211 2399 Deo
3242 2359 3340 2414 pro
3379 2361 3510 2414 gra-

1931 2434 2127 2488 tiarum
2161 2434 2376 2488 actione
2433 2435 2650 2502 obtulit,
2679 2452 2743 2490 ea:
2767 2436 3025 2503 omnibus,
3056 2437 3268 2508 inquit,
3289 2440 3509 2508 pecudi-

1933 2526 2027 2579 bus
2077 2528 2310 2592 mundis,
2339 2535 2389 2580 et
2419 2544 2484 2582 ea:
2514 2528 2753 2582 omnibus
2795 2527 3086 2582 volucribus
3119 2531 3329 2584 mundis
3357 2533 3400 2584 '.
3429 2531 3508 2586 Ex

1934 2632 2041 2688 quo
2099 2617 2448 2676 manifestum
2472 2628 2576 2688 est,
2609 2619 2754 2690 quod
2780 2619 2937 2689 hujus
2969 2620 3044 2675 rei
3075 2621 3247 2692 gratia
3286 2632 3506 2691 septena

1932 2714 2248 2785 praeceperit
2289 2731 2358 2770 ex
2390 2717 2536 2771 omni
2570 2717 2892 2770 mundorum
2921 2732 3119 2786 genere
3142 2717 3194 2772 in
3215 2733 3398 2771 arcani
3428 2718 3512 2772 in-

1935 2806 2082 2874 duci,
2101 2823 2208 2877 quo
2249 2807 2518 2878 singulare
2555 2808 2755 2862 animal
2783 2825 2848 2864 ex
2883 2810 3029 2866 omni
3055 2824 3256 2879 genere
3277 2809 3512 2865 oﬂ‘erens

1935 2899 2079 2964 Noe,
2117 2903 2338 2972 paribus
2370 2903 2476 2957 illis
2505 2903 2637 2958 nihil
2668 2903 2894 2960 inferret
2917 2905 3121 2960 damni.

2059 2993 2122 3048 ν.
2154 2996 2243 3052 16.
2277 2997 2345 3052 Et
2373 2997 2564 3052 clausit
2595 2996 2857 3053 Dominus
2899 2997 3041 3054 Deus
3067 3011 3214 3054 extra
3247 3000 3397 3056 illum

2636 3085 2838 3123 arcam.

2010 3158 2274 3214 Diviniori
2308 3160 2542 3228 quadam
2571 3160 2814 3229 potentia
2837 3175 2981 3231 opus
3006 3161 3237 3216 habebat
3267 3171 3510 3216 tutamen

1940 3249 2106 3305 clausi
2129 3251 2272 3306 ostii.

2553 3342 2706 3398 CAP.
2751 3342 2890 3398 XIX.

1933 3431 1996 3486 γ.
2025 3433 2116 3487 25.
2152 3432 2222 3486 Et
2257 3433 2508 3487 subuertit
2537 3435 2773 3488 civitates
2795 3436 2914 3498 has,
2945 3449 3248 3502 omnemque
3286 3435 3512 3488 circum-

2000 3505 2228 3626 :olsitam
2254 3504 2540 3573 regionem,
2573 3515 2622 3558 et
2664 3505 2935 3558 universos
2975 3505 3270 3558 habitantes
3310 3505 3368 3557 in
3414 3522 3506 3558 ur-

2035 3591 2048 3626 ι
2088 3590 2169 3626 us.

2035 3590 2169 3628 ιοιιε.

1933 3663 1996 3719 ν.
2045 3665 2137 3722 ‘26.
2176 3665 2243 3719 Et
2287 3667 2514 3736 respexit
2548 3682 2685 3720 uxor
2719 3665 2834 3734 ejus
2878 3669 2931 3722 in
2972 3669 3294 3736 posteriora,
3334 3680 3383 3722 et
3413 3669 3512 3737 fuit

2529 3738 2711 3806 cippus
2740 3737 2890 3790 salis.

2005 3851 2268 3906 Dominus
2305 3867 2413 3906 non
2457 3853 2616 3908 modo
2651 3853 2848 3922 impios
2880 3852 3096 3923 perdit,
3143 3855 3236 3908 sed
3267 3865 3322 3908 et
3363 3869 3515 3908 escas

1935 3960 2146 4010 eorum,
2191 3961 2309 4012 qua:
2340 3946 2689 4000 Sodomitica:
2717 3957 2846 4000 sunt
2883 3957 2937 4000 et
2983 3945 3196 4012 noxiae;
3239 3947 3291 4000 in
3321 3945 3516 4013 qnihns

1937 4037 2062 4091 vitis
2091 4052 2308 4107 quoque
2329 4046 2600 4092 censetur.
2627 4035 2700 4090 De
2722 4051 2826 4105 qua
2852 4037 3118 4105 scriptum
3147 4049 3230 4091 est
3261 4055 3272 4090 :
3304 4035 3389 4090 Ea:
3415 4039 3516 4090 vite

1937 4128 2076 4180 enim
2108 4126 2457 4181 Sodomorum
2488 4127 2609 4180 vitis
2642 4127 2874 4195 ipsorum
2897 4166 2914 4191 ,
2954 4137 3000 4180 et
3025 4143 3255 4196 prapago
3282 4127 3516 4196 ipsorum

1937 4233 2002 4270 ea:
2059 4215 2352 4271 Gomorrha
2377 4218 2420 4273 ⁸.
2463 4217 2636 4272 Simul
2665 4227 2829 4286 atque
2865 4218 2918 4270 in
2968 4220 3245 4273 civitatem
3309 4223 3514 4286 evasit,

1939 4309 2102 4363 etiam
2155 4309 2293 4380 ignis
2348 4310 2578 4364 urbibus
2627 4308 2999 4375 inferebatur,
3057 4310 3270 4380 signum
3322 4310 3518 4366 fatum

1941 4402 2451 4457 consunnnationis.
2482 4402 2678 4473 Cippus
2696 4404 2837 4458 haud
2860 4403 3383 4474 simpliciterelrecta
3411 4417 3515 4468 est,

1942 4496 2033 4547 sed
2071 4496 2248 4562 potius
2271 4498 2456 4565 cippus
2495 4498 2659 4566 satis,
2684 4508 2905 4567 propter
2936 4499 3065 4553 illud
3097 4516 3112 4552 :
3150 4496 3256 4552 V-os
3284 4501 3406 4552 estis
3436 4498 3519 4552 sal

1943 4597 2097 4640 terra
2127 4588 2166 4638 ⁵.
2197 4587 2477 4659 Congruat
2501 4605 2630 4646 vero
2657 4592 2817 4662 ‘cippo
2852 4591 2982 4647 salis
3018 4592 3184 4650 illud:
3222 4590 3318 4646 Sin
3342 4601 3517 4644 autem

273 4669 586 4746 Ἐφαρμόσῃ
615 4675 671 4728 δὲ
701 4679 765 4748 τῇ
811 4676 982 4748 στήλῃ
1024 4677 1116 4729 τοῦ
1168 4677 1294 4740 ἁλὸς
1336 4677 1433 4729 τὸ’
1475 4679 1617 4732 Ἐὰν
1658 4675 1726 4730 δὲ
1769 4676 1830 4727 τὸ

1938 4683 2021 4732 sal
2041 4681 2323 4746 desipuerit
2350 4683 2371 4712 ⁸
2390 4681 2414 4733 ?
2433 4679 2548 4736 Non
2571 4696 2636 4736 co
2679 4683 2858 4737 festim
2887 4685 2942 4738 in
2968 4693 3208 4739 montem
3247 4683 3516 4745 ascendit,

265 4768 402 4833 ἅλας
434 4769 726 4838 μωρανθῇ
753 4786 770 4834 ,’
816 4772 931 4824 Οὐκ
957 4771 1169 4844 ἀθρόως
1200 4772 1477 4826 ἀναϐαίνει
1510 4773 1588 4835 είς
1620 4773 1681 4825 τὸ
1711 4771 1835 4840 ὅρος

267 4859 389 4913 κατὰ
410 4861 480 4915 τὰ
526 4864 791 4935 εἰρημένα
823 4863 990 4934 αὐτῷ,
1018 4863 1150 4919 ἀλλὰ
1177 4864 1390 4936 πρῶτον
1425 4866 1503 4928 εἰς
1532 4863 1729 4936 Σηγὼρ
1751 4865 1834 4931 γί-

268 4965 420 5016 νεται,
456 4953 701 5022 καίτοιγε
737 4955 810 5026 μὴ
839 4955 1119 5027 θαρρήσας
1143 4955 1323 5025 ἑαυτῴ
1350 4956 1475 5025 περὶ
1507 4953 1600 5006 τοῦ
1626 4952 1832 5021 άναϐἧ-

268 5058 342 5094 ναι
371 5048 451 5108 είς
483 5045 547 5099 τὸ
579 5046 723 5117 ὅρος.

889 5136 1046 5190 ΚΕΦ.
1075 5138 1198 5191 K1".

411 5227 487 5297 (6)
510 5227 661 5298 Στίχ.
689 5234 768 5280 ιε’.
797 5227 888 5296 Γῆ
912 5231 1308 5297 τετρακοσίων
1329 5227 1686 5296 διδρὰχμων.

329 5317 698 5389 Σημειωτέον,
732 5322 816 5374 ὅτι
864 5320 1037 5389 τάφου
1066 5321 1198 5391 τιμή
1233 5321 1346 5372 ἐστι
1391 5319 1459 5372 τὰ
1483 5318 1834 5392 τετρακόσια,

274 5407 338 5476 τῷ
361 5410 676 5483 κακωτικὴν
701 5410 960 5485 εἶναιτὴν
979 5413 1210 5488 τετράδα
1238 5415 1330 5466 καὶ
1356 5413 1706 5469 ὲκατοντάδα.
1729 5413 1840 5466 Καὶ

278 5501 497 5576 ζητήσας
523 5505 595 5559 τά
622 5508 784 5570 ὃμοια
819 5510 881 5559 ὲκ
905 5507 1012 5560 τῶν
1045 5505 1273 5576 Γραφῶν
1308 5506 1578 5576 εὑρήσεις.

345 5755 637 5827 ¹ῐΒες.ιν,
682 5759 768 5814 ii.
846 5759 867 5788 ³
891 5757 1028 5814 Gen.
1057 5772 1175 5824 vm,
1197 5759 1291 5813 20.
1347 5759 1367 5791 ³
1392 5759 1548 5815 Deut.
1577 5774 1745 5827 χχχιι,
1776 5758 1865 5815 '52.

342 5920 713 5994 (HAExicod.
747 5923 871 5994 ΒΜ,
895 5939 1020 5994 pag.
1057 5923 1144 5982 ει.

345 5994 412 6064 (5)
434 5991 638 6052 Confer
671 5997 778 6052 huc
808 5991 1131 6066 Nysse’uum.

1935 4770 2090 4839 juxta
2119 4787 2181 4825 ea
2209 4788 2329 4842 quae
2365 4775 2467 4842 ipsi
2487 4775 2635 4828 dicta
2669 4772 2886 4829 fuerant
2917 4793 2930 4829 :
2956 4775 3048 4830 sed
3082 4775 3232 4844 prius
3257 4775 3309 4828 in
3347 4773 3517 4842 Segor

1939 4875 2052 4926 est,
2094 4866 2531 4935 quandoquidem
2569 4866 2666 4921 sibi
2735 4883 2842 4920 non
2909 4868 3098 4921 fideret
3169 4869 3218 4920 in
3281 4877 3515 4919 montem

1939 4959 2248 5011 ascendere.

2533 5133 2687 5192 CAP.
2730 5133 2915 5189 XXIII.

2045 5224 2112 5279 ν.
2135 5226 2222 5284 15.
2242 5227 2405 5282 Terra
2419 5227 2924 5299 quadringentarum
2945 5221 3427 5313 didrachmarum.‘

2011 5317 2446 5383 Advertendum,
2490 5319 2634 5388 quod
2677 5317 2916 5388 sepulcri
2947 5315 3179 5384 pretium
3225 5313 3335 5368 sint
3381 5328 3521 5382 qua-

1941 5411 2248 5479 dringenta,
2283 5423 2568 5481 propterea
2595 5413 2737 5480 quod
2759 5413 2826 5466 ad
2855 5425 3050 5466 noxam
3083 5411 3356 5480 pertinent
3379 5425 3520 5480 qua-

1941 5505 2119 5558 ternio
2142 5515 2198 5558 et
2228 5505 2503 5558 centuria.
2542 5502 2608 5555 Et
2643 5516 2777 5556 sane
2812 5503 2858 5558 si
2883 5502 3172 5573 requiras,
3219 5501 3418 5558 similia
3450 5516 3518 5555 ex

1943 5595 2240 5667 Scripturis
2271 5600 2537 5654 invenies.

1929 5759 2187 5833 .ﬁMatth.
2241 5777 2306 5826 ν,
2369 5761 2456 5815 l3.
2530 5762 2550 5792 ⁸
2584 5760 2718 5816 ibid.

2021 5927 2099 5998 (6)
2127 5925 2414 6001 Cod._534,
2438 5939 2564 5996 pag.
2596 5923 2683 5982 39.
