4016 6512
539 366 615 422 2'5
693 357 698 361 ’
1426 357 1979 424 SUPPLEMENTU‘M
2015 365 2107 419 AD
2139 367 2464 426 ORIGENIS
2505 366 2914 426 EXEGETICA.
2972 361 2977 372 ’
3710 365 3780 419 24

537 504 811 574 facerent,
857 505 1254 575 conscripsisse
1305 503 1450 560 illius
1479 505 1758 569 vaticinia,
1801 519 1974 574 eaque
2013 518 2103 574 po-

2218 488 2299 542 τοῦ
2329 489 2549 560 ἔχοντας
2579 488 2712 560 (26),
2744 484 3162 558 ἀναγράψασθαι
3190 484 3291 547 τὰς
3319 482 3656 555 προφητείας
3687 483 3786 536 αὑ-

535 597 703 652 steris
739 573 1048 668 reliquisse,
1082 573 1150 650 in
1187 595 1387 666 quibus
1411 605 1532 651 erat
1578 605 1633 651 et
1680 596 1809 651 illud
1840 611 1854 648 :
1888 573 2107 650 Orienti-

2218 582 2322 646 τοῦ,
2383 582 2475 635 καί
2534 580 2870 644 καταλιπεῖν,
2929 579 2990 632 ὲν
3040 574 3128 640 αἷς
3181 577 3277 630 καὶ
3327 577 3388 629 τό
3410 591 3426 606 ⁶
3480 573 3789 629 Ἁνατελεῖ

489 688 688 765 δαείω
722 666 912 745 ".Aut
935 689 1124 744 saltem
1177 703 1244 743 ex
1301 697 1525 757 paterna
1579 687 1891 751 traditione,
1944 696 2106 756 atque

2218 674 2449 742 ἄστρον.
2481 675 2552 726 Ἢ
2579 673 2672 726 καὶ
2711 675 2774 726 ὲκ
2806 673 2906 743 τῆς
2935 670 3206 742 πατρικῆς
3236 667 3584 742 παραδόσεως
3624 666 3784 720 τοῦτο

534 777 791 835 doctrina
821 780 987 851 ,istud
1020 755 1350 849 accipientes
1379 776 1542 848 Magi,
1577 776 1632 830 in
1690 776 1967 833 Bethleem
2009 755 2105 829 ve-

2218 766 2302 819 ιιαὶ
2336 766 2582 836 διαδοχῆς
2618 763 3022 834 παραλαϐόντες
3053 763 3102 816 οἱ
3132 760 3340 829 Μάγοι,
3384 757 3477 812 ἐπὶ
3508 757 3609 829 τὴν
3641 755 3786 828 Βηθ-

537 879 760 929 nerunt.

2218 859 2342 930 λεὲμ
2368 856 2749 929 παρεγένοντο.

563 1001 3745 1043 __________________________________.____...__.__.___———-—

1579 1175 2187 1265 ΩΡΙΓΕΝΟΥΣ
2267 1173 2756 1258 ΕΚΛΟΓΑΙ

1735 1356 1842 1410 ΕΙΣ
1869 1356 1956 1408 Τυ
1981 1354 2576 1408 ΔΕΥΤΕΡΟΝΟΜΙΟΝ,

662 1671 1240 1818 ORIGENIS
1306 1665 2242 1762 ADNOTATIONES
2315 1663 2440 1752 IN
2519 1646 3646 1754 DEUTERONOMIUM.

1739 1862 1830 1934 (Er
1858 1859 2162 1912 Bibliotheca
2187 1856 2544 1921 Gallandiana.)

2123 2006 2190 2018 -ι

2840 2127 2995 2180 ΚΕΦ.
3035 2124 3108 2181 A'.

750 2242 813 2296 ν.
841 2244 932 2300 ⁸51.
965 2240 1030 2297 Ut
1071 2243 1116 2295 si
1144 2241 1297 2299 homo
1331 2251 1424 2289 cett
1451 2233 1676 2288 nutritor
1711 2238 1895 2300 gestet.

2335 2220 2480 2291 Στίχ.
2513 2221 2611 2275 λα’.
2647 2221 2802 2274 Ὠσεὶ
2830 2218 3272 2288 τροφοερορήσαι
3295 2215 3625 2284 ἄνθρωπος.

611 2335 824 2402 Aquila,
855 2333 924 2389 Ut
949 2335 995 2389 si
1030 2341 1197 2402 portet
1241 2328 1444 2392 nutrix,
1465 2325 1634 2392 filium
1675 2321 2106 2393 gestavit.inter-

2268 2314 2517 2378 ’Λκύλας.
2547 2314 2700 2368 Ὠσεὶ
2723 2314 2854 2381 ἆραι
2876 2313 3092 2382 τροφὸς
3117 2311 3226 2366 τὸν
3242 2311 3376 2365 υἱὸν
3402 2309 3762 2373 ἐϐάστασεν,

536 2436 783 2497 pretatus
809 2434 912 2481 est.
936 2424 1194 2494 Origenes
1223 2433 1352 2474 vero
1374 2417 1426 2471 in
1451 2414 1688 2470 homiliis
1727 2415 1781 2468 in
1813 2410 2102 2467 Jeremiam

2218 2412 2569 2483 ἡρμήνευσεν.
2607 2408 2886 2481 Ὠριγένης
2927 2407 2984 2460 δὲ
3021 2408 3079 2460 ὲν
3122 2407 3242 2467 ταῖς
3270 2404 3350 2466 εἰς
3376 2403 3467 2455 τὸν
3511 2402 3786 2472 Ἰερεμίαν

539 2490 672 2568 dixit
709 2531 724 2568 :
780 2531 801 2565 ι
837 2490 1243 2580 Adtemperavit
1282 2521 1342 2563 se
1389 2503 1880 2571 condescenditque
1927 2502 2103 2566 nobis,

2218 2503 2443 2574 5μιλίαις
2494 2501 2656 2572 φησί’
2723 2520 2740 2551 ι
2783 2495 3232 2570 Συμπεριηνέχθη
3295 2495 3388 2549 καὶ
3469 2490 3785 2561 ωγκατέὸη

542 2614 786 2662 nostram
817 2603 1187 2658 inﬁrmitatem
1215 2615 1368 2656 suam
1397 2599 1605 2654 faciens
1631 2615 1649 2665 ;
1678 2595 1823 2650 velut
1847 2593 2105 2664 magister

2218 2595 2333 2666 ὅμίν
2370 2594 2503 2664 (9.7),
2536 2593 2632 2665 τὴν
2659 2591 2928 2664 ἡμετέραν
2965 2590 3246 2644 ἀσθένειαν
3273 2586 3636 2657 οἰκειούμενος
3656 2602 3670 2614 ν
3708 2583 3786 2647 ὠς

541 2712 665 2750 cum
719 2697 906 2764 pueris
961 2695 1294 2760 balbutiens,
1341 2691 1492 2747 velut
1545 2700 1700 2760 pater
1742 2689 1942 2744 liberos
1973 2701 2104 2742 suos

2218 2684 2518 2749 διδάσκαλος
2563 2683 2937 2755 συμψελλίζων
2978 2681 3244 2746 παιδίοις,
3285 2679 3360 2742 ὼς
3403 2676 3584 2748 πατὴρ
3621 2674 3787 2737 ἰδίους

543 2788 808 2853 nutriens,
860 2801 1151 2858 moresque
1184 2785 1398 2842 illorum
1454 2783 1708 2858 induens,
1756 2791 1813 2836 et
1848 2779 2108 2850 paulatim

2218 2773 2592 2845 τιθηνούμενος
2632 2775 2846 2836 παῖδας,
2876 2772 2969 2827 καὶ
2997 2773 3120 2835 τοὺς
3157 2770 3391 2839 τρόπους
3426 2766 3606 2822 αὐτῶν
3653 2766 3786 2818 ὑπο-

543 2880 844 2948 perducens
874 2894 972 2936 eos
995 2856 1150 2936 adea
1185 2891 1307 2948 qua:
1336 2874 1666 2945 perfectiora
1700 2881 1756 2928 et
1792 2871 2107 2927 sublimiora

2218 2864 2496 2933 δυόμενος,
2552 2865 2646 2919 καὶ
2691 2864 2829 2918 κατὰ
2889 2864 3082 2936 μικρὸν
3129 2862 3276 2930 ἄγων
3334 2859 3529 2923 αὐτοὺς
3575 2857 3670 2911 ἐπὶ
3715 2856 3790 2910 τὰ

541 2981 721 3026 πω.»
2213 2958 2520 3030 τελειότερα
2551 2959 2644 3013 καί
2672 2957 2993 3030 ὑψηλότερα.
3018 2976 3039 3008 ι

2865 3052 3024 3105 ΚΕΦ.
3053 3051 3127 3104 Γ’.

2489 3166 2636 3236 Στίχ.
2673 3174 2760 3238 ιη’.
2784 3167 2892 3220 Καὶ
2925 3165 3316 3235 ἐνετειλάμην
3341 3163 3500 3233 ὑμῖν.

1207 2140 1357 2196 CAP.
1385 2141 1423 2196 1.

1187 3061 1336 3118 CAP.
1371 3061 1459 3116 ιιι.
2141 3079 2185 3135 Β

958 3153 1025 3208 V.
1059 3153 1146 3209 l8.
1190 3153 1258 3206 Et
1281 3155 1502 3223 pra'cepi
1523 3155 1690 3210 vobis.

617 3243 740 3300 Haec
767 3245 905 3300 dicit
936 3245 1100 3300 tribui
1138 3245 1328 3301 Ruben
1362 3258 1416 3302 et
1452 3247 1612 3302 tribui
1650 3247 1765 3302 Gad
1795 3255 1850 3302 et
1873 3245 2112 3302 dimidia:

543 3338 707 3393 ttibui
734 3337 1006 3393 Manasse.

615 3428 728 3483 νγ.
761 3427 854 3492 27,
880 3428 972 3482 28.
1009 3428 1136 3483 Plus
1164 3428 1329 3499 Moysi
1364 3445 1474 3499 pra:
1521 3431 1735 3484 Aarone
1794 3429 2001 3493 tribuit,
2033 3428 2112 3482 vi-

545 3520 694 3573 disse
730 3534 924 3588 nempe
952 3529 1154 3575 terram
1193 3520 1373 3576 oculis
1409 3522 1665 3591 propriis.
1704 3523 1772 3574 At
1811 3521 2110 3591 ingressum

543 3626 655 3666 non
681 3610 888 3678 tribuit,
915 3620 1133 3682 propter
1156 3611 1282 3666 fidei
1303 3612 1574 3667 defectum
1602 3614 1704 3668 hac
1726 3628 1882 3683 poena
1913 3611 2111 3666 multa-

542 3702 637 3765 tis,
674 3716 795 3771 quze
834 3710 1126 3773 utrumque
1157 3711 1308 3757 extra
1372 3713 1574 3758 terram
1635 3703 2014 3775 promissionis
2049 3705 2114 3758 de

544 3794 649 3852 hac
674 3796 782 3850 vita
811 3793 1090 3862 transfert,
1118 3810 1241 3852 cum
1288 3810 1353 3851 eo
1383 3795 1668 3866 pervenire
1717 3811 1823 3851 non
1846 3803 2110 3865 possent;

542 3903 668 3942 nam
692 3887 814 3945 linis
841 3904 938 3958 per
969 3889 1128 3944 ﬁdem
1167 3889 1342 3943 datur.
1369 3887 1521 3955 Quod
1552 3888 1769 3958 quidem
1810 3887 2111 3959 symbolum

543 3981 709 4036 etiam
740 3983 808 4036 de
848 3977 967 4052 ηερ
1010 3981 1134 4048 fuit,
1173 3997 1294 4050 quae
1320 3982 1386 4034 ad
1422 3979 1806 4050 perfectionem
1868 3995 2115 4034 consum-

544 4087 697 4127 mare
759 4087 867 4127 non
897 4081 1129 4144 poterat,
1186 4087 1360 4140 neque
1409 4072 1826 4141 promissionem
1862 4071 2044 4140 largiri
2096 4088 2109 4122 :

543 4164 821 4230 quoniam,
868 4165 1047 4232 justus
1103 4181 1168 4218 ea:
1212 4164 1317 4233 ﬁde
1346 4165 1475 4219 vivet
1507 4163 1570 4215 η.
1596 4162 1692 4217 Est
1727 4173 1906 4218 tamen
1941 4163 2116 4218 honor

544 4256 661 4322 hic,
689 4256 905 4311 novisse
931 4255 1192 4326 judicium
1248 4255 1361 4321 Dei,
1393 4266 1448 4310 et
1473 4255 1804 4326 praenovisse
1837 4256 2112 4324 propriam

542 4355 796 4402 mortem.

2279 3259 2389 3332 (28)
2417 3259 2600 3314 Ταῦτα
2631 3259 2778 3328 λέγει
2813 3261 2878 3328 τῇ
2921 3258 3054 3328 φυλῇ
3095 3256 3371 3326 Ῥουὸεἰμ,
3411 3253 3505 3308 καὶ
3531 3254 3596 3324 τῇ
3642 3249 3784 3320 φυλῇ

2209 3358 2333 3421 Γὰδ,
2360 3359 2453 3411 καὶ
2483 3356 2562 3426 τῷ
2588 3356 2776 3428 ἡμίσει
2799 3355 2909 3425 (29)
2942 3353 3113 3423 φυλῆς
3139 3350 3428 3420 Μανασσῆ.

2281 3449 2429 3518 Στίχ.
2455 3448 2556 3512 κζ’,
2592 3443 2699 3518 κη’.
2729 3446 2897 3500 Πλέον
2919 3444 2998 3515 τῷ
3028 3445 3251 3498 Μωῦσεῖ
3276 3439 3425 3511 παρά
3452 3437 3529 3508 τῷ
3576 3437 3790 3508 Ἀαρὼν

2211 3537 2411 3602 δίδωσι,
2455 3538 2515 3590 τὸ
2569 3537 2863 3590 θεάσασθαι
2909 3536 3008 3608 τὴν
3053 3537 3156 3607 γῆν
3222 3533 3283 3598 ἐξ
3331 3532 3619 3586 αὐτόπτου.
3675 3529 3788 3601 Τὴν

2211 3628 2267 3680 δὲ
2315 3627 2514 3680 εἴσοδον
2556 3627 2616 3679 οὐ
2649 3627 2852 3690 δίδωσι,
2884 3630 2951 3696 τῇ
2985 3625 3087 3695 τῆς
3135 3625 3368 3688 πίστεως
3434 3621 3612 3691 ἐνδείᾳ
3653 3619 3789 3673 ταύ-

2211 3737 2311 3791 την
2352 3720 2504 3790 δίκην
2556 3719 2791 3784 ἐπιθεὶς,
2841 3718 2961 3772 καθ’
3015 3718 3084 3787 ἢν
3130 3715 3470 3786 ἀμφοτέρους
3500 3712 3658 3774 ἐκτὸς
3691 3712 3790 3781 τῆς

2215 3811 2320 3881 γῆς
2365 3811 2466 3880 τῆς
2513 3809 2927 3880 ἐπηγγελμένης
2980 3807 3293 3878 μεθίστησιν
3345 3804 3452 3858 ἀπὸ
3499 3802 3594 3856 τοῦ
3646 3803 3788 3874 βίου,

2213 3902 2308 3954 καὶ
2362 3899 2471 3971 (50)
2517 3899 2846 3970 δυναμένους
2921 3897 3244 3967 ἀφικέσθαι,
3297 3896 3390 3949 τοῦ
3445 3895 3634 3957 τέλους
3692 3894 3787 3946 ᾶτε

2214 3993 2302 4046 διὰ
2346 3994 2580 4056 πίστεως
2622 3991 2921 4062 διδομένου.
2952 3989 3018 4043 ’0
3050 3990 3114 4060 δὴ
3153 3991 3246 4044 καὶ
3286 3987 3552 4060 σύμϐολον
3583 3988 3665 4050 εἰς
3696 3984 3792 4038 τὸν

2214 4084 2496 4154 νόμον,ζού
2537 4083 2832 4153 δυνάμενον
2891 4081 3173 4134 τελειῶσαι
3228 4079 3347 4132 οὐδὲ
3403 4077 3500 4148 τὴν
3551 4080 3791 4144 ἐπαγγε-

2213 4175 2332 4230 λίαν
2363 4174 2826 4245 ἀποκαταστῆσαι,
2855 4175 2937 4226 ὅτι
2959 4176 2990 4228 ό
3010 4173 3314 4238 δίκαιοςέκ
3345 4173 3602 4235 πίστεως
3617 4166 3790 4233 ζήσε-

2215 4283 2329 4320 ται.
2353 4265 2498 4338 Τιμὴ
2522 4265 2578 4318 δὲ
2608 4264 2768 4336 αὕτη,
2799 4264 2859 4318 τὸ
2887 4263 3089 4332 γνῶναι
3118 4263 3299 4333 κρίσιν
3326 4259 3485 4324 Θεοῦ,
3519 4258 3617 4312 καὶ
3649 4273 3786 4326 προ-

2220 4359 2420 4430 γνῶναι
2451 4359 2551 4430 τὴν
2581 4359 2787 4412 οἰκείαν
2818 4359 3095 4429 τελευτήν.

613 4439 891 4510 Ejusdem.
935 4439 1193 4497 Producit
1215 4439 1423 4508 Jesum,
1454 4440 1567 4510 jam
1609 4440 1825 4509 quidem
1865 4439 2109 4494 sanctiﬁ-

2232 4421 2244 4430 ν
2292 4451 2402 4504 Τοῦ
2685 4451 2921 4521 Προάγει
2973 4421 3064 4502 τὸν
3117 4446 3354 4510 Ἰησοῦν,
3389 4446 3482 4498 καὶ
3527 4444 3629 4514 ῆδη
3691 4440 3792 4513 μὲν

539 4550 721 4594 catum
764 4553 832 4593 ex
887 4538 1104 4607 sequela
1151 4545 1205 4592 et
1262 4536 1672 4592 conversatione
1719 4549 1842 4589 cum
1901 4533 2109 4604 Moyse,

542 4628 636 4682 sed
696 4636 1043 4697 recepturum
1109 4641 1235 4682 mox
1305 4626 1554 4696 spiritum
1609 4625 1958 4695 principalem
2017 4642 2113 4694 per

541 4719 787 4790 Moysen,
835 4727 894 4774 ut
925 4727 980 4774 et
1020 4733 1148 4773 suos
1179 4732 1276 4788 pro
1312 4732 1371 4773 se
1403 4717 1692 4772 stabiliret.
1748 4717 2110 4783 Quemadmo-

538 4810 666 4866 dum
694 4810 856 4866 etiam
896 4811 1118 4867 Elismus
1144 4809 1196 4865 in
1227 4809 1417 4879 spiritu
1443 4808 1572 4864 Eliae
1598 4808 1952 4874 aderat,Elizc
1977 4823 2112 4878 opus

538 4902 807 4958 facturus.
863 4901 919 4957 In
962 4902 1152 4958 eodem
1192 4901 1393 4958 etenim
1449 4901 1643 4972 spiritu
1677 4901 1862 4956 eadem
1897 4903 2110 4970 operari

538 4996 776 5066 oportet.
806 4996 995 5065 Accipe
1028 4997 1098 5050 ad
1128 5006 1199 5061 te,
1234 5005 1292 5050 ut
1315 4996 1512 5050 dicitur
1546 4996 1597 5049 in
1625 4994 1899 5060 Numeris,
1929 4994 2110 5050 Iesum

537 5087 713 5156 ﬁlium
744 5087 935 5154 Nave;
985 5088 1248 5143 hominem
1293 5088 1384 5158 qui
1427 5088 1582 5141 habet
1639 5087 1882 5156 spiritum
1928 5089 2022 5142 Dei
2056 5091 2110 5143 in

538 5183 731 5248 seipse,
761 5191 811 5236 et
847 5182 1079 5252 imponet
1105 5197 1291 5234 manus
1327 5190 1444 5234 tuas
1470 5195 1625 5247 super
1639 5196 1698 5232 eo
1730 5181 1793 5235 ¹⁸.
1825 5179 1917 5234 Sic
1946 5179 2108 5234 etiam

537 5270 769 5340 apostoli
802 5272 1070 5344 Spiritum.
1091 5272 1456 5327 viviﬁcantem
1484 5271 1746 5324 habentes
1779 5286 1845 5323 ex
1873 5267 2111 5324 insuma-

536 5363 682 5417 tione
705 5362 915 5418 Domini
945 5404 961 5429 ,
996 5365 1246 5434 spiritum
1281 5365 1555 5434 accipiunt
1599 5362 1957 5431 principalem
2001 5376 2109 5416 cte-

498 5553 504 5564 )
599 5482 643 5512 ”
672 5479 832 5534 Num.
859 5482 1100 5547 xxiv,l7.
1187 5483 1228 5514 ⁸³
1256 5482 1374 5537 Gal.
1411 5498 1494 5546 Ill,
1541 5481 1628 5535 ll.

608 5615 724 5687 {26)
751 5615 868 5687 §ic,
898 5631 994 5684 pro
1027 5615 1244 5687 ἔχοντες
1285 5621 1642 5676 correximus.
1682 5618 1840 5672 Eon.
1874 5614 2047 5672 Pun.

609 5686 723 5757 (27)
749 5685 907 5757 Eorte
937 5685 1086 5757 ἡμῖν.

607 5755 870 5826 (‘28)Hazc
893 5754 1256 5826 subjiciuntur
1277 5755 1393 5809 sine
1441 5754 1553 5826 alio
1602 5755 1843 5826 auctoris
1894 5758 2114 5812 nomine

538 5825 632 5896 iis,
667 5844 782 5908 quae
824 5825 1043 5910 invulg.
1084 5827 1352 5910 habentur
1387 5825 1452 5879 ad
1491 5839 1539 5878 ν.
1569 5825 1680 5910 ill,
1733 5841 1852 5896 pag.
1885 5828 2010 5894 587,
2068 5830 2113 5881 οἰ

2216 4542 2546 4614 ἡγιασμένον
2593 4543 2659 4594 ὲκ
2703 4542 2802 4612 τῆς
2851 4540 3289 4612 ἀκολουθήσεως,
3337 4537 3432 4590 καὶ
3480 4533 3632 4607 παρὰ
3689 4545 3788 4604 μοο

2217 4636 2314 4705 νῆς
2339 4633 2779 4703 (⁵51)[Μωῦσέως,
2802 4633 2860 4686 τὸ
2888 4633 2943 4686 δὲ
2983 4633 3207 4705 ἀρχικὸν
3246 4629 3464 4700 πνεῦμα
3492 4627 3580 4681 διὰ
3622 4627 3792 4680 Μωῦ-

2219 4725 2356 4788 σέως
2397 4725 2656 4795 μέλλοντα
2685 4723 3004 4795 κομίζεσθαι
3031 4723 3166 4794 πρὸς
3191 4722 3249 4774 τὸ
3279 4723 3372 4776 καὶ
3403 4719 3634 4782 οἰκείους
3672 4718 3790 4772 ἀντ’

2216 4815 2381 4870 αὑτοῦ
2418 4815 2777 4886 καταστῆσαι.
2809 4815 3016 4887 Ὥσπερ
3047 4814 3142 4867 καὶ
3185 4813 3486 4874 Ἐλισσαῖος
3522 4812 3580 4863 ὲν
3620 4806 3790 4861 πνεύ-

2222 4923 2350 4978 ματι
2415 4904 2595 4959 Ἠλίου
2665 4905 2848 4978 παρῆν
2901 4904 2962 4957 τὸ
3021 4905 3200 4957 Ἠλίου
3246 4903 3467 4976 πράξων
3508 4904 3688 4976 ἔργον⁸
3731 4905 3794 4958 ὲν

2217 4997 2327 5070 γὰρ
2359 4996 2436 5069 τῷ
2464 4995 2610 5068 αὐτῷ
2644 4997 2912 5068 πνεύματι
2948 4996 3017 5050 τὰ
3058 4997 3196 5049 αὐτὰ
3225 4994 3656 5066 κατεργάζεσθαι
3687 4995 3788 5048 δεῖ.

2217 5089 2374 5144 Λάϐε
2435 5090 2585 5157 πρὸς
2626 5089 2862 5152 ἑαυτὸν,
2904 5087 2979 5150 ὥς
3035 5103 3196 5158 φησιν
3241 5089 3298 5140 ὲν
3339 5089 3450 5150 τοῖς
3491 5087 3790 5158 Ἀριθμοῖς,

2215 5183 2323 5234 τὸν
2349 5180 2582 5249 Ἰησοῦν
2604 5180 2740 5234 υἱὸν
2759 5179 2947 5246 Ναυῆ,
2973 5179 3284 5246 ἄνθρωπον
3312 5177 3379 5245 ὃς
3408 5179 3529 5246 ἔχει
3556 5177 3795 5247 πνεῦμα

2219 5271 2366 5326 Θεοῦ
2391 5271 2461 5324 ἐν
2495 5271 2673 5336 αὐτῷ,
2703 5269 2802 5324 καὶ
2843 5269 3148 5335 ἐπιθήσεις
3185 5270 3291 5336 τὰς
3327 5268 3527 5338 χεῖράς
3550 5284 3668 5321 σου
3698 5270 3792 5321 ἐπ’

2213 5361 2394 5428 αὐτῷ.
2444 5360 2600 5416 Οὕτω
2642 5361 2736 5414 καί.
2791 5363 2840 5414 οἱ
2888 5361 3173 5415 ἀπόστολοι
3238 5360 3462 5430 Πνεῦμα
3525 5357 3793 5422 ζωοποιδν

1709 5482 1751 5510 ³⁸
1797 5478 1956 5532 Nunt.
2006 5495 2177 5545 xxvu,
2237 5480 2324 5535 18.

2220 5617 2613 5687 ὑποδεέστεροι.

2294 5688 2405 5753 (29)
2439 5677 2531 5740 Sic
2563 5687 2929 5756 reposuimus,
2955 5699 3052 5752 pro
3075 5684 3133 5737 τὸ
3157 5682 3346 5756 ἥμισυ.
3372 5677 3467 5734 En.
3496 5677 3739 5736 Panos.

2297 5758 2408 5825 (30)
2437 5758 2598 5811 Forte
2627 5756 2700 5826 μή
2743 5772 2840 5824 pro
2867 5756 2980 5826 καί.

2293 5829 2403 5899 (51)
2427 5827 2588 5883 Forte
2623 5825 2959 5898 παραμονῆς.
