4004 6508
313 395 393 452 τε
1547 384 1804 447 ADNOT.
1840 384 1886 440 li

1991 381 2335 441 EUTEBON.
2860 432 2873 439 -
3491 377 3564 437 28

317 517 537 590 ἔχοντες
575 513 686 567 ἀπὸ
725 512 826 583 τῆς
871 511 1233 583 ἐμφυσήσεως
1275 506 1372 564 τοῦ
1411 509 1643 582 Κυρίου,
1685 508 1886 580 πνεῦμα

2005 506 2133 563 litus
2159 506 2458 563 demissum
2483 517 2500 558 :
2523 517 2628 558 non
2660 501 2913 572 spiritum
2950 500 3005 557 in
3038 499 3254 571 spiritu,
3277 498 3438 555 alium
3465 516 3564 571 pro

317 602 639 675 κομίζονται
672 600 736 654 τὸ
761 600 987 672 ἀρχικὸν
1014 598 1073 667 ἐξ
1102 598 1330 670 οὐρανοῦ
1368 598 1861 669 καταπεμπόμενον
1879 615 1892 627 ·

1999 604 2136 668 alio;
2168 602 2262 659 sed
2285 602 2538 657 virtutem
2567 601 2621 656 in
2648 601 2836 657 eodem
2862 599 3079 670 spiritu,
3113 598 3561 669 quemadmodum

314 697 379 749 οὐ
432 692 650 764 πνεῦμα
668 691 1325 764 ἐνπνεύματι,ἐτερονέφ’
1362 690 1569 762 ἐτέρου·
1606 690 1718 744 ἀλλ’
1745 690 1886 761 ἐνέρ‹

1998 692 2193 748 Paulus
2224 692 2405 754 docete

315 801 383 852 γε
390 800 478 838 ιαν
494 786 553 838 ἐν
561 781 640 854 τῷ
648 780 799 853 αὐτῷ
814 781 1103 853 πνεύματι,
1118 780 1365 853 καθάπερ
1376 783 1405 834 6
1416 779 1625 844 Παῦλος
1635 780 1891 834 διδάσκει.

994 891 1151 944 ΚΕΦ.
1183 892 1256 943 Δ’.

2631 883 2781 940 CAP.
2822 884 2909 939 IV.

318 988 473 1068 hi1:
519 984 608 1040 ιδ’.
651 985 764 1067 καί
810 982 1094 1068 (causam
1143 983 1373 1068 ’Κύριος
1400 981 1569 1068 ’πρὸς

1998 995 2060 1051 ν.
2097 997 2183 1052 19..
2223 997 2291 1050 Et
2316 997 2520 1051 lenitus
2544 1008 2616 1049 est
2642 995 2896 1050 Dominus
2918 998 2987 1049 ad
3023 1012 3110 1050 vos
3144 997 3208 1050 de
3233 998 3402 1052 medio
3424 996 3562 1068 ignis

386 1051 585 1127 ιὶέσου
626 1055 732 1111 τοῦ
769 1053 958 1123 πυρὸς
1003 1054 1213 1123 φωνὴν
1251 1051 1414 1123 ρημά

391 1128 720 1196 ἠκούσατε.

1418 1069 1553 1116 των,

395 1218 513 1289 (52)
522 1216 628 1272 Τοῦ
642 1217 827 1273 αὐτοῦ
838 1216 996 1282 είςτό
1007 1214 1174 1270 αὑτό.
1196 1213 1387 1277 ’Ἄλλος
1414 1211 1575 1283 φησί’
1602 1209 1769 1282 Δῆλον
1787 1208 1894 1282 γὰρ

316 1310 404 1363 ὅτι
423 1311 537 1372 τοῖς
559 1308 656 1379 τῆς
672 1306 905 1371 διανοίας
928 1303 1223 1375 ὀφθαλμοῖς
1252 1302 1445 1373 θεωρεῖ
1472 1318 1555 1364 τις
1593 1298 1688 1353 καὶ
1708 1296 1893 1351 ἀκούει

319 1398 394 1452 τά
432 1398 699 1469 νοήματα.
1068 1426 1079 1441 ο

780 1488 893 1557 (55)
933 1487 1147 1555 Mr
1166 1484 1467 1555 ῥημάτων.

404 1580 671 1636 Ἐνταῦθα
714 1579 783 1633 τὰ
816 1578 955 1633 κατὰ
1005 1577 1167 1648 φύσιν
1205 1576 1446 1648 εἴρηκεν,
1499 1574 1581 1627 ὅτι
1630 1572 1768 1645 ἀκοὴ
1809 1573 1911 1627 δέ-·

316 1694 478 1749 χεται
505 1677 605 1748 τὴν
651 1675 852 1746 φωνήν.
881 1675 1044 1728 Ὅσον
1072 1673 1182 1744 γὰρ
1210 1672 1319 1726 ἀπὸ
1345 1671 1443 1742 τῆς
1475 1669 1757 1742 ἀκριϐείας
1796 1668 1892 1722 τοῦ

315 1771 677 1842 γρᾱιμματος,
726 1767 861 1838 μόνη
920 1767 954 1836 ἡ
1007 1764 1306 1833 Δεκάλογος
1338 1759 1406 1835 ἦν
1453 1764 1512 1817 ἐν
1556 1764 1673 1825 ταῖς
1728 1760 1891 1827 πλαξὶ

1603 1049 1684 1119 ἢν
1729 1049 1897 1120 ὑμεῖς

2226 1083 2397 1121 vocem
2422 1069 2717 1130 uerborum,
2745 1083 2904 1136 quam
2935 1083 3022 1121 vos
3056 1070 3301 1121 audistis.

2067 1201 2321 1266 Eiusdem
2376 1203 2429 1256 in
2475 1203 2710 1256 eumdem
2754 1201 2947 1255 locum.
3000 1199 3153 1253 Alius
3184 1201 3331 1254 dicit.
3363 1199 3559 1270 Liquet

1994 1296 2136 1349 enim
2161 1294 2304 1363 quod
2339 1295 2514 1349 oculis
2546 1296 2743 1350 mentis
2767 1294 3167 1366 contemplatur
3188 1296 3308 1364 quis
3336 1306 3387 1349 et
3412 1294 3562 1350 audit

1993 1387 2250 1457 cogitata.

2524 1477 2712 1533 Vocem
2739 1480 3027 1536 verborum.

2066 1568 2164 1625 Hic
2208 1584 2330 1639 quae
2360 1570 2630 1625 naturalia
2662 1580 2788 1627 sunt
2818 1571 2957 1627 dixit
2982 1589 2996 1626 :
3025 1572 3243 1629 auditus
3264 1573 3407 1630 enim
3435 1588 3562 1645 per-

1994 1660 2130 1729 cipit
2173 1675 2381 1716 vocem.
2438 1660 2712 1728 Quantum
2771 1663 2915 1718 enim
2969 1665 3034 1719 ad
3081 1665 3317 1736 rigorem
3364 1666 3561 1722 littera

1995 1753 2249 1819 pertinet,
2282 1753 2428 1808 solus
2455 1755 2753 1824 Decalogus
2772 1765 2887 1809 erat
2914 1756 2966 1810 in
2993 1755 3191 1812 tabulis
3221 1758 3556 1828 descriptus:

314 1859 701 1933 γεγραμμένη,
739 1858 809 1911 τά
835 1858 892 1912 δέ
926 1856 1087 1910 λοιπά
1111 1856 1202 1909 διὰ
1238 1854 1657 1927 προστάγματος
1696 1849 1831 1904 Θεοῦ
1864 1851 1886 1902 6

1995 1858 2190 1899 caetera
2226 1860 2359 1901 vero
2389 1861 2456 1901 ex
2479 1846 2636 1917 jussu
2665 1846 2759 1902 Dei
2799 1846 3012 1919 Moyses
3043 1848 3278 1905 edocuit.

313 1951 559 2021 Μωῦσῆς
584 1948 806 2015 ἐδίδαξε.

962 2040 1116 2093 ΚΕΦ.
1149 2040 1244 2093 ῙΔ’.

315 2134 466 2206 Στίχ.
497 2133 580 2188 ιθ¹.
820 2131 1025 2206 Πάντα
1055 2130 1125 2184 τὰ
1168 2129 1386 2206 epde
1437 2127 1555 2183 τῶν
1608 2126 1892 2183 πετεινῶν

496 2228 505 2244 ι
648 2201 680 2204 “’
754 2201 774 2206 ’
848 2201 1151 2269 ἀκάθαρτα
1172 2201 1360 2254 ἔσται.

383 2293 509 2348 Τῶν
542 2292 823 2357 πετεινῶν,
860 2288 1043 2363 οἶμαι,
1074 2291 1175 2344 ira.
1215 2290 1315 2362 μὲν
1348 2288 1615 2352 σκόλοπας
1644 2289 1755 2360 ἔχει
1795 2305 1892 2343 κα-

309 2387 536 2458 τωτέρω
566 2384 674 2439 τῶν
707 2384 945 2455 γονάτων
989 2382 1129 2455 ὑπὲρ
1173 2382 1274 2462 τᾲς
1307 2381 1519 2453 βάσεις,
1562 2379 1781 2453 καθαρὰ
1817 2375 1892 2433 εί-

313 2495 399 2531 ναι
428 2477 706 2549 βούλεται·
733 2478 833 2531 ὅσα
860 2476 917 2530 δὲ
945 2476 1043 2549 μὴ,
1069 2473 1400 2547 ἀκάθαρτα.)
1437 2471 1769 2543 Ἀποφάσκει
1786 2472 1892 2524 τοί-

309 2588 407 2623 νυν
434 2570 464 2622 6
510 2569 674 2640 νόμος
704 2568 812 2622 τὸν
841 2567 1039 2631 ἀετὸν,
1092 2566 1192 2620 καὶ
1235 2566 1343 2619 τὸν
1374 2565 1588 2635 τρύπα,
1640 2564 1735 2618 καί
1786 2564 1892 2616 τεν

310 2662 625 2725 ἁλίαιτον,
672 2660 769 2714 καί
828 2659 1035 2729 μέντοι
1084 2658 1182 2729 καί
1226 2656 1333 2711 τὸν
1386 2658 1564 2728 γὺπα.
1610 2656 1891 2709 Διίπταται

312 2755 424 2827 γὰρ
457 2752 591 2823 ὑψοῦ
632 2752 702 2807 τὰ
734 2752 932 2817 τοιάδε,
980 2752 1075 2806 καὶ
1123 2754 1233 2814 τοῖς
1266 2749 1523 2804 ἀνωτάτω
1564 2748 1682 2802 λίαν
1727 2751 1893 2818 ἐναμ-

311 2844 605 2918 6ρύνεσθαι
637 2844 811 2914 φιλεῖ,
854 2843 948 2897 καὶ
982 2844 1132 2914 μισεῖ
1161 2842 1229 2896 τὰ
1259 2842 1427 2896 κάτω·
1456 2840 1714 2896 Νεοσσοὶ
1758 2845 1889 2911 γὰρ,

313 2939 477 3011 φησὶ,
523 2937 715 3008 γυπὸς
759 2938 833 2991 τὰ
881 2934 1093 3005 ὑψηλὰ
1150 2935 1446 2989 necarem.
1484 2932 1780 2988 Τοιουτωσὶ
1833 2933 1890 2987 δέ

312 3047 432 3094 πως
471 3033 502 3084 6
551 3029 1022 3101 ἐξοφρυσσάμενον
1074 3025 1185 3098 (55)
1226 3026 1388 3095 ἄγαν,
1441 3026 1536 3081 καὶ
1581 3025 1889 3100 ἐπῃρμένον

310 3121 453 3193 ἔχων
489 3123 548 3176 ἐν
576 3119 755 3191 ἐαυτῷ
788 3121 877 3174 τὸν
907 3118 1053 3185 νοῦν,
1096 3120 1190 3173 καὶ
1219 3119 1313 3173 τοῦ
1350 3118 1448 3190 μὲν
1484 3119 1756 3183 ἐπιεικοῦς
1794 3119 1886 3173 καὶ

2610 2047 2761 2104 CAP.
2799 2047 2939 2103 XIV.

1995 2160 2059 2217 ν.
2108 2161 2197 2217 19.
2235 2160 2427 2216 Omnia
2471 2161 2679 2231 replilia
2728 2162 3022 2216 rolatilium
3059 2160 3330 2214 immunda
3379 2170 3556 2217 erant.

2065 2294 2398 2364 Volatilium,
2435 2308 2582 2368 puto,
2618 2312 2956 2367 quascunque
2990 2295 3149 2353 tibias
3184 2297 3385 2354 habent
3412 2300 3557 2354 infra

1991 2403 2163 2460 genua
2211 2404 2371 2460 supra
2429 2390 2622 2456 pedum
2672 2389 2909 2458 plantas,
2968 2390 3167 2444 munda
3222 2405 3341 2447 esse
3395 2391 3554 2446 vult:

1991 2496 2327 2551 quarumque
2387 2494 2516 2536 vero
2567 2494 2670 2534 non
2736 2480 2885 2545 item,
2942 2481 3239 2535 immunda.
3299 2479 3558 2537 Prohibet

1992 2581 2275 2641 propterea
2300 2571 2386 2626 lex
2412 2570 2646 2640 aquilam
2673 2582 2720 2623 et
2750 2569 3027 2636 culturam,
3062 2581 3110 2625 et
3133 2573 3363 2643 aquilam
3392 2572 3559 2626 mari-

1991 2679 2134 2728 nam,
2163 2664 2387 2733 itemque
2411 2663 2713 2731 accipitrem
2750 2663 2813 2717 ".
2849 2660 3038 2717 Volant
3069 2663 3212 2718 enim
3248 2664 3300 2717 in
3328 2662 3559 2718 sublime

1988 2754 2243 2835 animalia
2274 2755 2622 2824 huiusmodi,
2671 2755 2954 2825 solentque
2998 2754 3052 2809 in
3097 2754 3371 2809 altissimis
3416 2756 3561 2811 aeris

1990 2847 2235 2916 partibus
2257 2847 2626 2915 circumferri,
2656 2857 2711 2904 et
2737 2848 2844 2902 ima
2880 2848 2994 2902 loca
3028 2858 3371 2903 aversantur.
3412 2844 3556 2902 Pulli

1988 2939 2147 3004 enim,
2172 2939 2369 3009 inquit,
2395 2939 2621 2993 vulturis
2646 2937 2927 2993 celsissime
2956 2939 3132 2993 volant
3162 2939 3225 2993 ".
3279 2924 3431 2996 Haud
3457 2939 3558 2993 ali-

1991 3040 2073 3085 ter
2098 3031 2498 3101 quodammodo
2530 3031 2619 3100 qui
2654 3030 3061 3100 superciliosam
3090 3031 3253 3086 nimis
3280 3041 3334 3086 et
3372 3046 3558 3101 snper-

1989 3125 2110 3178 bam
2139 3122 2302 3178 habet
2323 3124 2376 3176 in
2411 3138 2469 3177 se
2498 3132 2734 3177 mentem
2754 3162 2769 3188 ,
2798 3123 3187 3192 consuevitque
3215 3123 3455 3178 sobrium
3493 3141 3557 3179 ac

313 3215 539 3286 μετρίου
573 3213 920 3285 φρονήματος
957 3212 1229 3285 ὑπερορᾷν
1256 3209 1565 3282 ὴθισμένος,
1595 3211 1794 3281 ἥκιστα
1828 3210 1885 3265 δὲ

1989 3216 2315 3270 mediocrem
2343 3230 2562 3270 sensum
2593 3215 2893 3286 despicatui
2936 3215 3159 3281 habere,
3201 3229 3300 3270 nec
3352 3215 3559 3284 patitur

308 3302 543 3371 ἀγαπῶν
584 3303 648 3355 τὸ
678 3304 790 3365 τοῖς
826 3303 1103 3364 ταπεινοῖς
1149 3300 1577 3370 συναπάγεσθαι.
1608 3302 1885 3371 Συγκατα-

306 3396 467 3466 ψέγει
495 3394 554 3447 δὲ
581 3394 791 3467 τοῦτοις
823 3394 932 3465 (56)
965 3392 1062 3447 καὶ
1090 3393 1180 3447 τὸν
1220 3392 1431 3459 ίκτῐνα,
1473 3392 1574 3447 καί
1610 3393 1682 3448 τὰ
1714 3394 1886 3465 ὅμοια

305 3485 497 3553 αὐτῷ’
535 3486 601 3539 δι’
629 3480 705 3541 ὧν
746 3481 805 3539 εὖ
856 3486 1000 3555 μάλα
1043 3485 1370 3559 σημαίνεται
1410 3487 1470 3541 τό
1513 3503 1573 3541 τε
1617 3487 1886 3559 ἁρπάζειν

307 3580 448 3644 είδὺς
476 3580 571 3634 καὶ
600 3579 769 3634 δεινὸν
791 3582 869 3643 είς
888 3581 1221 3654 κακουργίαν
1243 3580 1543 3653 ἀνθρώπων
1566 3581 1739 3651 γένος.
1771 3582 1879 3636 Καὶ

307 3672 519 3729 τούτων
550 3672 649 3743 μὲν
682 3672 1034 3743 πρωτὰτυπος
1074 3673 1233 3740 ίκτὶν,
1260 3673 1322 3727 οὑ
1354 3671 1585 3745 θατέρου
1617 3690 1681 3742 γε
1723 3673 1828 3745 μὴν
1855 3674 1885 3727 6

310 3764 691 3837 μελανιὲηατος
728 3764 822 3817 καὶ
874 3763 1060 3834 βαθύς.
1102 3765 1374 3818 Σκοτεινοὶ
1403 3764 1460 3819 δέ
1505 3783 1622 3829 πως
1665 3767 1759 3819 καὶ
1790 3767 1887 3837 οὐχ

308 3858 517 3911 ἅπασιν
559 3858 810 3927 ἐναργεῖς
854 3856 964 3926 (57)
1008 3858 1057 3909 oi
1096 3856 1315 3927 δρομεῖς
1354 3858 1433 3921 είς
1481 3857 1745 3927 πονηρίαν
1795 3858 1887 3910 καὶ

310 3950 653 4020 ἀσυμφορεῖς
685 3947 818 4021 (57³)
834 3950 946 4011 τοῖς
979 3947 1210 4013 πολλοῖς,
1230 3947 1287 4001 ἐν
1313 3964 1375 4016 γε
1408 3947 1473 4018 δὴ
1505 3948 1684 4017 σφίσιν
1704 3948 1886 4011 αὐτοῖς

312 4038 644 4109 παρέχοντες
701 4037 1015 4109 μοχθηρίαν.
1070 4037 1439 4109 Παραπέφυκὲ
1494 4056 1609 4101 πως
1645 4039 1731 4092 ἀεὶ
1775 4040 1888 4101 τοῖς

306 4127 408 4200 τὴν
463 4130 738 4201 ἐπάρατον
793 4129 1106 4194 ἀλαζονείαν
1164 4130 1542 4201 ὴῤῥωστηκόσι
1603 4128 1663 4183 τὸ
1725 4128 1887 4182 πλεο-

306 4224 520 4275 νεκτεῖν
555 4220 789 4275 ἐθέλειν·
824 4219 917 4284 οὒς
950 4221 1011 4273 οὐ
1044 4219 1265 4274 δύναται
1298 4221 1358 4273 τὸ
1395 4221 1554 4291 τυχὸν
1586 4221 1682 4275 καὶ
1727 4221 1889 4273 πολυ-

303 4312 529 4384 τρόποις
575 4310 930 4380 κακουργίαις
964 4309 1075 4381 (58)
1106 4308 1514 4364 ἐκπλεονεκτεῖν
1552 4311 1882 4382 εὑρήμασιν·

305 4401 683 4475 καθαρπάζειν
715 4403 769 4456 δέ
807 4402 950 4456 οὕτω
1007 4402 1103 4455 καὶ
1151 4401 1311 4455 τοῦτο
1353 4402 1662 4474 ἀπλήστως.
1705 4403 1885 4474 Ταύτῃ

303 4511 384 4547 τοι
431 4495 545 4565 (39)
600 4494 858 4548 συνάπτει
908 4494 1079 4564 λέγων
1139 4493 1332 4557 εὐθύς·
1369 4494 1475 4547 Kal
1541 4496 1882 4563 στρουθίον,

304 4587 403 4639 καί
449 4586 661 4655 λάρον.
698 4587 980 4657 Ἀπληστα
1011 4588 1121 4658 γάρ
1150 4584 1302 4659 οἶμαι
1343 4587 1522 4651 ταυτὶ,
1554 4586 1617 4639 τὸ
1666 4604 1881 4658 παρεμο

303 4684 505 4735 πῖπτον
534 4682 622 4734 ἀεὶ
665 4680 1007 4750 συλλέγοντα.
1047 4676 1179 4735 Εἶτά
1211 4699 1394 4752 φησιν,
1428 4681 1511 4733 ὅτι
1539 4678 1741 4747 Ιέρακα
1781 4680 1879 4733 καί

302 4773 374 4827 τὰ
412 4773 586 4843 ὅμοια
635 4772 813 4838 αὐτῷ,
850 4773 952 4828 καί
995 4775 1419 4841 νυκτικόρακα,
1467 4770 1567 4824 καί
1627 4770 1881 4838 καταρά-

300 4882 476 4933 utar,
506 4864 609 4919 καί
644 4866 783 4930 26w,
817 4866 916 4919 καὶ
947 4866 1383 4934 προσφορίονα,
1424 4863 1521 4918 καί
1558 4862 1879 4928 πελεκᾱνα,

309 4958 410 5013 καὶ
440 4959 690 5013 κύκνον.
716 4956 1073 5029 Καταγράψει
1103 4958 1149 5010 6‘
1171 4956 1238 5011 ἂν
1268 4957 1353 5026 ἐφ’
1375 4957 1587 5018 ἑαυτοῖς
1618 4955 1712 5008 καὶ
1736 4953 1884 5020 τάδε,

306 5048 404 5102 καὶ
434 5050 561 5113 τοὺς
589 5049 774 5120 ὠμοὺς
806 5049 900 5102 καὶ
933 5049 1137 5120 ἀγρίως
1171 5047 1388 5119 ἐτέρους
1420 5046 1882 5112 ἐπιϐουλεύοντας,

303 5140 399 5193 καὶ
443 5139 692 5209 ἀσχέτως
724 5138 1117 5209 ἐπιφυομένους
1153 5131 1234 5201 οἷς
1283 5136 1349 5191 ἂν
1391 5136 1637 5191 δύναιντο
1684 5136 1880 5207 τυχόν·

377 5259 422 5290 ’⁸
479 5260 639 5314 Deut.
714 5260 973 5336 xlv,_12.
1051 5258 1223 5315 “Joh
1253 5275 1309 5325 v,
1339 5258 1390 5312 7.
1478 5258 1519 5289 ¹⁷
1560 5259 1714 5315 Deut.
1756 5273 1869 5324 xw,

2069 5257 2134 5289 ³⁷⁸
2165 5252 2295 5310 ibid.
2323 5251 2411 5308 i5.

520 5399 840 5484 Sequpub"
864 5407 984 5468 post
1017 5400 1149 5455 edit.
1192 5414 1314 5472 pag.
1354 5398 1480 5466 387,
1512 5399 1563 5452 in
1587 5399 1710 5454 cod.
1744 5397 1872 5454 534.

377 5468 491 5542 (53)
517 5468 651 5523 Cod.
681 5470 806 5523 554.
1264 5468 1286 5472 ⁷

379 5540 492 5607 (δι)
527 5540 662 5611 Quae
703 5538 764 5611 ()
805 5538 1158 5611 includuntur
1210 5540 1285 5611 De
1329 5539 1375 5592 la
1408 5538 1522 5611 Rue
1559 5537 1699 5591 male
1753 5536 1880 5611 sub-

1988 3306 2284 3363 humilihus
2309 3307 2705 3363 obsecundare.
2760 3305 2893 3361 Cum
2945 3306 3095 3361 hisce
3140 3305 3557 3360 abominabilem

1986 3398 2149 3453 edicit
2177 3414 2393 3470 quoque
2437 3399 2733 3456 miluum.“
2777 3399 2824 3453 si
2856 3414 2960 3468 qua
2991 3407 3110 3453 sunt
3143 3398 3191 3452 ei
3241 3397 3436 3452 similia
3489 3397 3554 3451 ¹⁷.

1986 3488 2090 3545 Per
2137 3505 2256 3560 qua:
2291 3491 2497 3560 optime
2563 3489 2807 3544 innuitur
2845 3487 3126 3543 hominum
3157 3502 3328 3557 genus
3378 3489 3444 3542 ad
3471 3504 3560 3542 ra-

1987 3583 2169 3652 pinam
2203 3588 2521 3647 assuetum,
2560 3590 2613 3637 et
2644 3597 2769 3637 acre
2814 3579 2880 3635 ad
2920 3580 3059 3635 mall
3112 3581 3415 3637 inferenda.
3450 3580 3559 3635 llo-

1991 3688 2107 3727 rum
2157 3674 2460 3744 praecipuus
2520 3682 2678 3744 typus
2731 3672 2925 3729 milvus
2976 3673 3161 3739 fuerit,
3204 3688 3315 3742 pra:
3345 3671 3557 3726 caeteris

1991 3776 2166 3821 tamen
2196 3767 2288 3836 qui
2321 3766 2559 3821 maxime
2603 3767 2757 3836 niger
2783 3778 2867 3822 est
2912 3779 2967 3827 et
2988 3765 3250 3837 profunda
3283 3765 3433 3835 petit.
3465 3762 3558 3818 Et-

1988 3859 2131 3913 enim
2154 3860 2370 3914 obscuri
2389 3859 2944 3930 suntquodammodo,
2978 3873 3077 3914 nec
3098 3857 3350 3912 omnibus
3371 3855 3561 3909 obser-

1990 3949 2198 4005 vabiles
2232 3961 2453 4005 ruentes
2497 3954 2550 4005 in
2602 3950 2889 4014 malitiam,
2931 3959 2986 4004 et
3011 3948 3179 4003 latent
3230 3945 3446 4011 multos,
3503 3945 3558 3999 in

1988 4041 2182 4109 seipsis
2213 4051 2393 4096 tamen
2424 4042 2753 4112 pravitatem
2792 4039 3075 4094 exhibent.
3121 4037 3346 4107 Semper
3375 4043 3557 4089 autem

1988 4132 2387 4202 quodammodo
2431 4133 2676 4187 adhaeret
2708 4132 2776 4186 iis
2807 4131 2900 4201 qui
2942 4128 3251 4185 detestabili
3294 4127 3560 4197 jactantia

1990 4223 2261 4289 laborant,
2291 4224 2534 4278 avaritia:
2564 4222 2859 4292 appetitus,
2887 4234 3023 4290 quos
3047 4234 3154 4274 non
3179 4227 3361 4290 potest
3400 4216 3560 4273 facile

1987 4318 2261 4372 exsatiare
2298 4315 2638 4371 multimodis
2683 4314 2906 4369 malitia:
2941 4312 3205 4379 inventis,
3254 4312 3333 4365 sic
3379 4320 3560 4365 tamen

1990 4418 2049 4461 ut
2068 4416 2123 4463 et
2140 4407 2283 4463 istud
2312 4409 2384 4464 sit
2410 4408 2529 4464 sine
2550 4406 2801 4463 satietate
2825 4406 3079 4474 diripere.
3111 4402 3403 4471 Propterea
3435 4416 3561 4457 con-

1984 4496 2162 4567 jungit
2211 4496 2399 4550 statim
2435 4496 2666 4551 dicens:
2698 4494 2765 4548 Et
2818 4493 3105 4548 struthium
3158 4501 3205 4545 et
3248 4491 3423 4544 larunt
3468 4491 3557 4547 ¹¹¹⁴.

1988 4585 2091 4641 Vix
2134 4587 2279 4643 enim
2315 4587 2435 4641 haec
2467 4586 2654 4642 satiari
2687 4594 2936 4655 possunt,
2977 4595 3031 4639 et
3071 4583 3332 4653 quidquid
3368 4594 3571 4645 occug

1989 4681 2145 4743 rerit,
2181 4679 2468 4747 arripiunt.
2509 4676 2714 4732 Deinde
2740 4676 2903 4741 dicit,
2932 4677 3233 4742 accipitrem
3271 4684 3321 4729 et
3363 4674 3559 4728 similia

1985 4771 2087 4839 ipsi
2120 4772 2163 4803 ¹⁸
2188 4790 2202 4826 :
2233 4780 2281 4826 et
2313 4786 2528 4824 coruum
2556 4783 2870 4824 nocturnum
2890 4807 2905 4832 ,
2941 4780 2989 4823 et
3020 4778 3317 4822 calaracten
3337 4807 3353 4832 ,
3374 4776 3421 4820 et
3451 4764 3561 4818 ibin

1989 4872 2037 4916 et
2071 4861 2514 4931 pltosphorioncm
2534 4900 2550 4925 ,
2578 4872 2624 4915 et
2652 4860 2981 4929 pelecanum,
3009 4870 3056 4915 et
3085 4875 3301 4929 cycnum
3331 4859 3396 4912 ".
3436 4855 3561 4911 Haec

1992 4952 2150 5007 facile
2180 4954 2230 5005 in
2272 4967 2333 5007 se
2379 4950 2511 5021 ipsis
2543 4950 2852 5019 exprimant
2896 4949 3146 5004 crudeles
3187 4947 3433 5002 homines
3456 4987 3469 5008 ,
3505 4951 3561 4997 et

1990 5046 2083 5114 qui
2124 5044 2326 5098 acriter
2359 5044 2481 5098 aliis
2509 5042 2737 5098 insidias
2757 5052 2976 5097 struunt
2997 5080 3013 5106 ,
3050 5051 3214 5109 atque
3242 5035 3557 5093 intolerabi-

1991 5136 2118 5191 liter
2145 5135 2432 5190 imminent
2463 5134 2886 5205 quihuscunque
2924 5132 3068 5187 forte
3102 5137 3326 5198 possunt
3356 5144 3371 5181 :
3400 5135 3459 5179 ut
3501 5134 3558 5180 et

2612 5254 2654 5287 ³⁸
2680 5255 2811 5310 ibid.
2907 5254 2950 5286 "
2985 5250 3114 5305 ibid.
3156 5245 3340 5303 16-18.

2081 5398 2173 5461 57)
2210 5399 2341 5461 Ms.,
2368 5397 2573 5466 ἐναγίς,
2605 5404 2657 5451 et
2692 5410 2812 5449 mox
2844 5391 3059 5455 αὐτούς.

2056 5397 2304 5539 ἕ57⁶μη
2334 5468 2616 5537 legendum
2640 5463 3022 5539 άσυμξρανεῖςῖ

2076 5469 2194 5537 57⁸)
2223 5469 2304 5537 An
2327 5459 2616 5537 legendum
2640 5463 3022 5537 άσυμξρανεῖςῖ
3062 5460 3220 5515 Εοιτ.
3242 5459 3491 5537 ῬΑτιιρι..

2056 5532 2358 5608 (58)]*Ὂιίο
2388 5532 2957 5608 Ξιακουργίαςζιιοευσ
3009 5542 3189 5586 tamen
3242 5532 3554 5601 impeditior

297 5612 560 5680 pinxit}.
594 5609 649 5673 9,
671 5608 859 5680 quide
881 5608 1121 5678 piscibus
1142 5609 1403 5680 loquitur.
1442 5608 1578 5663 Sunt
1606 5615 1784 5663 autem
1824 5608 1879 5661 in
1980 5609 2212 5680 videtur.

305 5681 428 5737 cod.
474 5678 601 5738 sat.
638 5678 699 5748 p.
723 5678 852 5733 219.
1212 5678 1231 5680 -

376 5750 490 5822 (τῇ)
518 5748 1063 5822 μ’βξοφρυασάμενον,
1089 5748 1172 5808 vel
1202 5748 1381 5822 potius
1409 5744 1863 5820 ἐξωφρυωμένον.

377 5818 492 5893 (36)
515 5818 643 5889 ιιι,
671 5818 840 5893 τοιτκ

2056 5678 2170 5749 (59)
2196 5676 2291 5732 Sic
2324 5675 2841 5749 correximusth
2880 5671 3174 5749 ταύτιτοιςο
3239 5669 3361 5729 aliis
3411 5667 3554 5726 forte

1987 5740 2201 5815 τοῦτοίς
2230 5761 2492 5818 reponere
2514 5740 2767 5816 placebit.
2797 5744 2959 5801 Εοιτ.
2992 5740 3234 5801 ΡΑτιιοι..
