4004 6518
468 360 561 427 ετ

1330 368 1891 427 SUPPLEMENTUM
1928 370 2020 425 AD
2057 369 2378 428 ORIGENIS
2414 369 2824 428 EXEGETICA.
3625 367 3706 424 28

466 494 573 548 boc
592 492 766 560 ipsum
790 500 1130 548 transversos
1144 499 1296 562 agat,
1322 507 1390 547 ne
1415 492 1685 547 declinare
1707 493 1835 562 quid
1860 492 2030 561 possit

2138 492 2205 556 ὡς
2231 494 2324 547 καὶ
2364 493 2527 547 αὐτὸν
2569 493 2826 566 ὑποφέρει
2847 492 2909 546 οὐ
2955 488 3336 565 παραιτεῖσθαί
3377 505 3433 542 τι
3467 486 3561 542 τὸν
3603 488 3698 543 ἐπὶ

469 583 594 636 vitae
634 583 934 652 periculum
985 593 1041 637 et
1087 592 1312 638 metum.
1363 583 1636 653 Accipiter
1682 584 1826 637 enim
1872 584 2033 638 irruit

473 674 676 744 impetu
716 676 769 730 in
799 673 1316 730 ornnem’volucrem
1342 674 1714 738 inﬁrmiorem,
1741 682 1796 729 et
1822 674 1877 728 in
1908 688 2036 730 aves

470 761 738 827 defertur,
798 777 932 831 quas
982 776 1105 816 cum
1165 763 1390 833 ceperit,
1449 764 1650 832 perdit.
1716 763 2034 820 Cataractes

471 865 673 919 autem,
709 854 883 909 etibis
915 864 968 910 et
996 855 1363 925 porphyrion,
1403 856 1544 910 addo
1594 866 1649 909 et
1681 857 2032 925 pelecanum,

470 945 527 1001 in
556 947 734 1016 pisces
769 948 1030 1012 insiliunt,
1057 958 1112 1003 et
1134 949 1391 1017 gaudium
1421 964 1578 1003 suum
1604 950 1811 1009 faciunt
1840 951 2032 1004 i'nteri—

473 1044 581 1090 tum
607 1037 840 1095 illorum.
871 1040 1029 1096 Tales
1055 1050 1183 1095 sunt
1206 1055 1416 1106 omnes,
1442 1051 1700 1109 quantum
1728 1043 1793 1095 ad
1823 1058 2031 1096 morum

468 1128 705 1196 pertinet
733 1129 1023 1195 feritatem,
1041 1132 1131 1200 qui
1161 1131 1311 1186 nihili
1341 1132 1547 1186 faciunt
1578 1133 1621 1185 si
1654 1148 1788 1199 quos
1810 1134 2037 1201 perdant

470 1226 694 1284 propter
721 1217 1053 1288 voluptatem
1084 1235 1268 1282 suam.
1303 1221 1395 1289 qui
1429 1221 1599 1273 mutui
1634 1221 1834 1274 amoris
1864 1223 2031 1287 legem

470 1309 777 1376 repudiant,
829 1319 886 1366 et
922 1312 1062 1381 apud
1108 1311 1419 1368 dilectionis
1472 1312 1866 1381 charilatisque
1911 1313 2034 1383 jura

470 1397 769 1455 oﬂ'endunt.
1747 1396 1758 1406 ’

1078 1576 1232 1633 CAP.
1281 1576 1422 1632 XVI.

583 1688 645 1741 ν.
699 1687 787 1743 19.
841 1689 906 1743 Et
949 1691 1195 1760 auferunt
1224 1689 1431 1762 (dona)
1462 1691 1921 1760 uerbajuslorum.

650 1780 716 1833 ν.
754 1781 844 1835 20.
885 1780 1038 1834 Iuste
1068 1782 1207 1850 quod
1232 1781 1438 1849 justum
1466 1788 1541 1839 est
1571 1781 1852 1835 seclabere.

2132 585 2242 655 ζωῇ
2271 584 2514 638 κίνδυνόν
2540 601 2599 637 τε
2631 584 2724 638 καὶ
2750 584 2932 653 φόϐον.
2973 581 3033 638 Ὀ
3072 582 3170 653 μὲν
3207 582 3316 654 γὰρ
3350 580 3499 653 ἱέραξ
3530 599 3699 636 κατα-

2131 672 2365 744 θρώσκει
2403 689 2462 726 τε
2499 671 2686 736 δεινῶς
2747 670 2946 735 παντὸς
2976 669 3363 743 ἀσθενεστέρου
3415 670 3684 731 πετεινοῦ,

2130 764 2224 817 καὶ
2257 764 2396 818 κατά
2428 763 2721 837 στρουθίων
2751 763 2911 827 ἵεται,
2948 762 3043 815 καὶ
3071 761 3303 815 διόλλυσι
3333 759 3531 814 λαϐὼν.
3576 762 3695 814 Κα-

2128 857 2403 928 ταράκτης
2433 875 2495 926 γε
2530 857 2635 928 μὴν
2663 856 2756 909 καὶ
2779 855 2886 919 ἴϐις
2914 856 3009 908 καὶ
3037 855 3366 927 πορφυρίων,
3401 853 3694 927 προσθείην

2129 943 2173 996 δ’
2191 944 2256 997 ἂν
2273 946 2354 998 ὅτι
2375 945 2469 998 καὶ
2494 944 2804 1008 πελεκᾶνον,
2833 945 3196 999 ὲπιϐαίνονται
3227 948 3339 1008 τοῖς
3362 942 3535 1013 ἰχθύσι
3551 983 3566 1006 ,
3600 942 3696 995 καὶ

2128 1036 2336 1107 τρυφήν
2365 1037 2474 1108 (40)
2510 1037 2787 1090 ποιοῦνται
2816 1036 2905 1089 τὸν
2934 1037 3154 1090 ἐκείνων
3182 1035 3419 1106 ὄλεθρον.
3452 1033 3696 1087 Τοιοῦτοι

2130 1125 2186 1178 δὲ
2223 1128 2442 1189 πάντες,
2485 1128 2607 1180 ὅσον
2638 1122 2729 1199 ἦκ’
2757 1130 2815 1191 ἐς
2850 1129 3083 1198 τρόπους
3133 1128 3244 1198 (41)
3286 1127 3610 1200 ἀγριότητα,
3643 1128 3696 1180 οἱ

2132 1216 2257 1286 παρ’
2301 1216 2450 1269 οὐδὲν
2507 1216 2795 1286 ἡγούμενοι
2850 1217 2911 1269 τὸ
2972 1216 3234 1271 διολλύναι
3287 1218 3438 1281 τινὰς
3490 1217 3577 1271 διά
3629 1234 3697 1285 γε

2132 1307 2239 1359 τῶν
2278 1306 2386 1377 (42)
2430 1307 2611 1376 σφίσιν
2643 1308 2824 1370 αὐτοῖς
2852 1308 2969 1378 ήδὺ,
3005 1309 3053 1361 οἱ
3083 1309 3173 1362 τὸν
3219 1308 3313 1379 τῆς
3346 1308 3698 1380 φιλαλληλίας

2134 1398 2517 1470 παρωσάμενοι
2567 1399 2749 1469 νόμον,
2781 1400 2874 1455 καὶ
2913 1403 3023 1463 τοῖς
3060 1400 3157 1471 τῆς
3200 1400 3419 1472 ἀγάπης
3462 1416 3697 1474 προσκε-

2135 1490 2426 1562 κρουκότες
2461 1489 2699 1560 θεσμοῖς.

2763 1581 2920 1634 xeo.
2951 1582 3069 1648 ις’.

2253 1670 2366 1739 (i5)
2397 1670 2545 1740 Στίχ.
2574 1668 2655 1722 ιθ⁹.
2688 1670 2796 1724 Καὶ
2827 1670 3046 1738 ἐξαίρει
3069 1672 3287 1741 λόγους
3314 1670 3575 1724 δικαίων.

2365 1761 2513 1831 Στίχ.
2539 1768 2608 1817 κ’.
2633 1761 2877 1827 Δικαίως
2909 1760 2976 1814 τὸ
3005 1762 3237 1815 δίκαιον
3263 1761 3467 1830 διώξῃ.

540 1868 795 1938 Ejusdem
840 1886 907 1926 ex
957 1844 1185 1940 episiola
1232 1844 1301 1925 ad
1352 1870 1603 1926 Photium
1656 1881 1711 1925 et
1763 1873 2031 1927 Andream

2202 1849 2307 1903 Τοῦ
2332 1848 2495 1904 αὐτοῦ
2527 1852 2591 1904 ὲκ
2615 1851 2715 1922 τῆς
2743 1851 2878 1923 πρὸς
2899 1851 3100 1906 Φὼτιον
3129 1852 3222 1905 καὶ
3262 1852 3513 1923 Ἀνδρέαν
3537 1867 3703 1924 πρεσ-

2138 1941 2391 1975 κησιέηεηρ
2425 1942 2710 1975 Amm-“1:,
3700 1948 3708 1975 ι

469 1965 838 2034 presbyteros.

541 2053 597 2106 Id
651 2062 752 2120 est,
802 2064 1085 2124 postquam
1131 2055 1448 2126 cognoveris
1501 2062 1555 2110 et
1593 2055 1816 2111 edoctus
1868 2055 2037 2111 fueris

465 2142 689 2212 justitiaz
716 2147 900 2208 verba,
936 2146 1212 2201 sectabere
1232 2159 1393 2216 atque
1412 2147 1652 2216 requires
1677 2148 1818 2217 quod
1830 2148 2033 2215 justum

470 2242 581 2299 est,
611 2236 678 2290 ab
694 2237 839 2290 omni
877 2234 1164 2292 affectione
1194 2238 1448 2292 immunis
1485 2254 1499 2291 :
1541 2245 1703 2305 atque
1750 2239 1829 2293 sic
1855 2236 2034 2307 justus

471 2327 591 2396 ipse
615 2330 756 2394 quod
780 2329 985 2397 justum
1011 2340 1094 2386 est
1123 2346 1356 2400 qumres,
1394 2334 1824 2402 circumquaque
1855 2333 2034 2387 muni-

475 2426 582 2482 tus,
610 2430 663 2472 et
695 2421 833 2472 intra
855 2420 1080 2484 iustitiae
1112 2423 1314 2477 limites
1342 2425 1666 2477 consistens.
1713 2422 1860 2477 Multi
1889 2424 2033 2477 enim

476 2511 580 2566 hoc
604 2512 719 2579 ipso
748 2514 889 2578 quod
917 2512 1102 2566 volunt
1128 2528 1251 2567 esse
1269 2512 1405 2581 justi
1430 2554 1445 2578 ,
1476 2514 1726 2568 inebriati
1777 2515 2034 2583 quodam-

472 2603 633 2653 modo
684 2612 916 2655 mentem
968 2614 1189 2672 propter
1253 2604 1478 2669 rigidam
1525 2604 1793 2670 justitiam
1840 2619 2033 2670 suam,

464 2688 691 2758 juslitite
729 2690 1002 2757 justitiam
1044 2691 1236 2760 injuria
1292 2690 1608 2746 affecerunt.
1661 2691 1836 2759 Quare
1869 2694 2032 2747 etiam

472 2781 711 2847 prudens
740 2779 1117 2846 Ecclesiastes,
1158 2793 1321 2850 atque
1363 2783 1496 2837 adeo
1536 2783 1763 2852 ipsemet
1800 2785 2038 2852 pruden-

474 2871 560 2925 tiae
584 2872 821 2925 eruditor
880 2871 1153 2944 (Christus
1181 2883 1263 2928 est
1291 2874 1434 2928 enim
1467 2889 1627 2930 verus
1660 2874 2033 2943 Ecclesiastes,

470 2961 728 3018 Ecclesiae
765 2973 948 3033 caput,
989 2974 1044 3019 et
1096 2965 1189 3019 Dei
1236 2965 1404 3034 patris
1452 2966 1619 3020 nostri
1670 2981 1919 3036 suprema
1972 2982 2037 3024 ac

471 3053 771 3109 subsistens
800 3056 1061 3125 sapientia
1083 3064 1137 3111 et
1158 3057 1294 3110 ratio
1315 3065 1355 3124 ),
1383 3056 1640 3127 jugulans
1673 3059 1813 3127 quod
1845 3059 2037 3112 immo-

2136 1941 2391 2013 ϐυτέρους
2425 1942 2730 2012 ἐπιστολῆς.

2203 2034 2524 2100 Τουτέστιν,
2578 2036 2714 2106 μετὰ
2748 2036 2810 2089 τὸ
2863 2033 3147 2105 γινώσκειν
3175 2036 3270 2091 καὶ
3310 2034 3699 2090 πεπαιδεῦσθαι

2131 2125 2256 2188 τοὺς
2279 2126 2375 2196 τῆς
2397 2125 2738 2197 δικαιοσύνης
2768 2127 2974 2196 λόγους,
2998 2127 3206 2192 διώξεις
3232 2128 3326 2181 καὶ
3351 2126 3706 2199 ὲπιζητήσεις

2132 2215 2192 2268 τὸ
2211 2215 2431 2278 δίκαιον,
2448 2216 2763 2288 καθαρεύων
2790 2219 2968 2306 πάσης
2996 2219 3383 2289 προσπαθείαςσ
3408 2220 3502 2272 κα).
3526 2218 3700 2291 ταύτῃ

2131 2308 2194 2361 τὸ
2241 2308 2448 2362 δίκαιον
2512 2308 2717 2373 δίκαιος
2761 2307 2836 2362 ὢν
2894 2308 3179 2382 ζητήσεις,
3226 2311 3321 2363 καὶ
3366 2308 3707 2379 πανταχόθεν

2132 2401 2663 2473 περιπεφραγμένας,
2689 2404 2785 2457 καὶ
2812 2403 2933 2457 ἔσω
2973 2402 3079 2456 τῶν
3116 2404 3258 2475 ὅρων
3288 2403 3386 2474 τῆς
3424 2400 3715 2455 amaros-6...

2132 2506 2229 2561 νης
2264 2491 2566 2562 ἱστάμενος.
2608 2492 2799 2571 Πολλοὶ
2834 2493 2941 2563 γάρ
2970 2493 3102 2546 αὐτὸ
3138 2493 3197 2546 τὸ
3230 2492 3340 2564 (44)
3386 2490 3588 2544 ἐθέλειν
3626 2489 3705 2543 δί-

2133 2600 2276 2638 καιοι
2323 2579 2480 2647 εἶναι,
2526 2584 2877 2656 μεθυσθέντες
2919 2586 3007 2638 τον
3046 2583 3170 2639 νοῦν
3219 2583 3309 2638 διά
3351 2583 3449 2654 τῆς
3493 2582 3711 2636 δικαιο-“

2135 2675 2298 2747 σύνης
2334 2676 2593 2749 ἀκριϐοῦς
2616 2677 2813 2741 αὐτῶν,
2850 2677 3190 2748 δικαιοσύνης
3235 2675 3329 2748 τὴν
3360 2674 3718 2746 δικαιοσύνην

2131 2768 2586 2839 ήδίκησαν.”Οθεν
2618 2770 2711 2824 καὶ
2731 2770 2758 2822 6
2786 2770 3001 2833 συνετὸς
3028 2766 3470 2840 Ἐκκλησιαστὴς,
3505 2766 3703 2836 μᾶλλον

2132 2858 2188 2911 δὲ
2230 2859 2259 2909 6
2302 2860 2400 2929 τῆς
2449 2860 2715 2925 συνέσεως
2773 2860 3060 2932 παιδευτὴς
3109 2856 3361 2931 (Χριστὸς
3402 2856 3510 2928 γάρ
3556 2860 3702 2911 ἐστιν
3807 2916 3810 2919 λ

2133 2949 2161 3002 6
2189 2934 2392 3021 ἀληθὴς
2432 2951 2876 3024 Ἐκκλησιαστὴς,
2917 2953 3014 3022 τῆς
3054 2950 3374 3020 Ἐκκλησίας
3404 2951 3437 3020 ή
3468 2947 3698 3019 κεφαλὴ.

2134 3042 2227 3096 καὶ
2257 3043 2350 3096 τοῦ
2383 3043 2516 3097 Θεοῦ
2560 3045 2772 3118 Πατρὸς
2804 3045 2961 3116 ήμῶν
3007 3047 3040 3116 ἠ
3091 3045 3346 3097 ἀνωτάτω
3377 3044 3469 3096 καὶ
3513 3042 3705 3095 ὲνυπό·

472 3142 647 3195 dicum
671 3152 773 3209 est,
805 3146 1056 3213 quamvis
1094 3147 1161 3202 ad
1195 3147 1472 3202 dexteram
1505 3147 1710 3215 ﬂectat,
1745 3149 2029 3203 admonet:

2138 3150 2330 3197 στατος
2377 3136 2539 3205 σοφία
2581 3137 2672 3189 καὶ
2706 3136 2918 3206 λόγος),
2968 3135 3149 3206 ἄγχων
3184 3134 3246 3187 τὸ
3291 3134 3430 3205 πέρα
3482 3133 3701 3204 μέτρου,

473 3231 559 3285 Ne
590 3233 662 3286 sis
689 3234 867 3302 justus
892 3236 1141 3306 multum,
1171 3254 1334 3309 neque
1357 3240 1718 3294 commenteris
1755 3239 2034 3311 plusquam

2138 3223 2237 3279 κᾶν
2280 3225 2371 3279 ἐπὶ
2410 3226 2479 3280 τά
2513 3226 2662 3291 δεξιά
2692 3226 2943 3299 φέρηται,
2979 3229 3255 3298 παραινεῖ⁸
3288 3224 3385 3293 Μὴ
3417 3227 3586 3295 γίνου
3615 3223 3705 3277 δί-

469 3338 569 3391 par
599 3333 675 3377 est
711 3325 778 3379 “.

1078 3417 1232 3476 CAP.
1275 3418 1416 3473 XIX.

546 3502 614 3561 ν.
642 3504 733 3559 21.
760 3506 1006 3591 Animam
1046 3525 1141 3576 pro
1180 3509 1395 3574 anima,
1426 3508 1645 3584 oculum,
1663 3526 1756 3580 pro
1791 3510 1967 3566 oculo.

543 3661 670 3716 Haec
699 3664 911 3732 quidem
947 3665 1027 3718 lex
1062 3665 1394 3721 adintirmos
1430 3666 1719 3721 lsraelitas.
1744 3668 1809 3720 At
1843 3667 2026 3721 Domi-

470 3769 577 3808 nus
614 3755 703 3824 qui
746 3755 812 3807 de
849 3756 931 3809 his
959 3755 1128 3823 legem
1159 3757 1298 3820 tulit,
1335 3758 1446 3813 suis
1473 3758 1753 3827 discipulis
1779 3756 1856 3810 ait
1885 3775 1900 3811 :
1929 3756 2039 3810 Au-

473 3844 647 3907 distis,
683 3846 822 3913 quod
853 3847 1051 3898 dictum
1073 3856 1150 3899 est
1178 3862 1196 3899 :
1222 3846 1446 3901 Oculum
1467 3836 1560 3915 pro
1581 3847 1755 3916 oculo,
1781 3856 1895 3903 etc.
1922 3845 2037 3918 Ego

472 3946 646 3991 autem
668 3939 786 3991 dico
814 3940 955 3993 vobis
974 3980 990 4004 ,
1019 3956 1119 3993 non
1143 3941 1379 3994 resistere
1408 3942 1545 3995 male
1577 3942 1644 3995 ²¹.

461 4120 469 4155 ι
545 4110 799 4184 Ejusdem
827 4118 881 4168 in
905 4117 1141 4170 eumdem
1174 4117 1365 4171 locum.
1409 4114 1535 4172 Haec
1560 4116 1778 4186 quidem
1819 4118 1873 4171 iu
1910 4131 2037 4172 sen-

474 4203 624 4259 sibus
658 4204 925 4261 obuoxios
947 4207 1213 4274 rebusque
1249 4209 1557 4267 mundanis.
1605 4208 1675 4264 At
1711 4210 1762 4262 in
1803 4211 2038 4278 peccatis

473 4296 699 4358 nostris,
761 4296 902 4352 Deus
942 4298 1117 4352 nihilo
1159 4314 1295 4367 opus
1321 4300 1503 4354 habet.
1538 4299 1655 4368 Ipse
1678 4301 1821 4354 enim
1861 4302 2040 4369 inspeo

473 4391 594 4438 ctor
619 4394 703 4439 est
725 4386 961 4440 omnium
986 4398 1039 4441 et
1062 4385 1247 4453 judex.
1277 4386 1601 4453 Notandum,
1626 4389 2036 4457 reprobatorum

2135 3332 2302 3384 καιος
2326 3317 2506 3383 πολὺ,
2532 3318 2627 3373 καὶ
2655 3317 2741 3388 μὴ
2772 3317 3029 3386 σοφίζων
3051 3315 3328 3384 περισσά.

2777 3412 2934 3464 ΚΕΦ.
2963 3409 3066 3465 ῙΘ’.

2138 3497 2247 3570 (45)
2273 3500 2420 3572 Στίχ.
2445 3508 2548 3555 κα’.
2579 3499 3209 3640 Ψυχὴέφιέᾜμξνὲχῆς,
3240 3497 3546 3569 ὀφθαλμὸν
3569 3494 3709 3551 an!

2206 3662 2390 3715 Ταῦτα
2423 3663 2520 3734 μὲν
2552 3665 2580 3716 6
2608 3663 2771 3731 νόμος
2814 3662 2890 3726 ὡς
2919 3661 3163 3726 ἀσθενεῖς
3184 3662 3308 3724 τοὺς
3341 3657 3707 3731 Ἰσραηλίταςο

2136 3753 2166 3805 ὁ
2195 3753 2250 3807 δὲ
2295 3753 2498 3826 Κύριος
2531 3757 2559 3807 6
2590 3754 2762 3809 ταῦτα
2811 3754 3179 3826 νομοθετήσας
3220 3755 3332 3816 τοῖς
3369 3750 3561 3805 ἑαυτοῦ
3602 3767 3708 3821 μα-

2138 3842 2328 3915 θηταῖς
2372 3862 2561 3915 φησιν·
2598 3846 2937 3908 Ἠκούσατε,
2977 3844 3067 3899 ὅτι
3115 3844 3356 3913 ἐρῤήθη·
3383 3838 3710 3911 Ὀφθαλμὸν

2137 3934 2271 3987 ἀντὶ
2302 3935 2631 4004 ὀφθαλμοῦ,
2660 3936 2753 3989 καὶ
2774 3934 2846 3989 τὰ
2872 3935 3019 4005 ἑξῆς.
3080 3934 3220 4004 Ἐγὼ
3252 3933 3321 3987 δὲ
3356 3932 3509 4002 λέγω
3539 3929 3703 4000 ὑμῖν,

2025 4037 2029 4041 “
2132 4024 2219 4094 μὴ
2248 4025 2600 4095 ἀντιστῆναι
2630 4026 2710 4093 τῷ
2739 4026 2999 4094 πονηρῷ.

2160 4138 2171 4150 ·
2213 4114 2322 4172 Τοῦ
2360 4114 2545 4173 αὑτοῦ
2593 4122 2680 4185 είς
2721 4119 2787 4173 τὸ
2820 4120 2985 4172 αὑτό.
3041 4115 3198 4189 ([46]
3251 4115 3434 4169 Ταῦτα
3472 4113 3567 4184 μὲν
3614 4112 3708 4166 ἐπὶ

2141 4206 2394 4278 αἰσθητοῦ
2435 4209 2526 4263 καὶ
2557 4208 2664 4261 τῶν
2705 4209 2845 4263 κατὰ
2885 4208 3114 4279 κόσμον*
3152 4207 3243 4259 ἐπὶ
3279 4205 3335 4258 δὲ
3373 4204 3479 4258 τῶν
3523 4204 3707 4274 ἡμαρ-

2139 4299 2384 4370 τημένων
2410 4301 2541 4371 ἡμῖν
2573 4300 2781 4364 οὐδενὸς
2810 4300 2979 4354 δεῖται
3011 4301 3039 4353 6
3070 4298 3221 4362 Θεός.
3252 4296 3423 4359 Αὐτὸς
3447 4294 3554 4365 γάρ
3586 4293 3710 4347 ἐπό-

2140 4409 2280 4462 πτης
2305 4391 2554 4446 ἁπάντων
2582 4392 2675 4446 καὶ
2707 4390 2944 4464 κριτής.)
2968 4389 3326 4462 Σημειωτέον,
3356 4389 3437 4441 ὅτι
3469 4386 3563 4440 κα).
3596 4385 3707 4438 τῶν

470 4490 540 4530 ne
559 4476 624 4529 ad
647 4475 860 4543 nuptias
889 4478 1436 4532 venirentexcusatio
1459 4477 1660 4543 fuerat,
1692 4480 1888 4549 Agrum
1914 4482 2034 4544 emi,

2142 4484 2302 4556 βεϐλη
2313 4484 2486 4555 μένων
2518 4488 2596 4548 εἰς
2624 4485 2716 4537 τὸν
2744 4484 2922 4555 γάμον
2947 4481 3275 4554 παραίτησις
3295 4476 3367 4552 ἦν
3391 4479 3471 4533 τό·
3509 4475 3709 4547 Ἀγρὸν

454 4568 525 4621 α
547 4582 737 4621 uxores
768 4568 898 4622 duxi
937 4569 1005 4620 ε’.

1099 4660 1254 4715 CAP.
1285 4659 1404 4714 XX.

470 4745 536 4801 ν.
570 4746 623 4802 5.
660 4746 789 4813 Quis
829 4760 904 4803 est
938 4750 1112 4810 homo.
1141 4751 1232 4817 qui
1262 4749 1538 4816 (edi/ienuit
1577 4749 1788 4802 domum
1827 4765 2035 4816 novam,

949 4827 1000 4872 et
1031 4836 1132 4873 non
1154 4820 1379 4873 initiavit
1409 4836 1524 4872 eam
1543 4820 1571 4872 .’

538 4910 609 4962 In
641 4910 879 4962 eumdem
916 4910 1110 4963 locum.
1154 4910 1349 4979 Figura
1394 4920 1478 4964 est
1514 4911 1678 4978 igitur
1721 4926 1825 4964 non
1874 4911 2039 4965 susti-

469 4999 649 5054 nentis
679 5007 932 5067 reputare
958 5000 1248 5054 inculatum
1285 5011 1602 5069 praesentem
1633 5002 1800 5055 vitam
1829 5002 1874 5055 is
1899 5043 1914 5065 ,
1946 5003 2035 5071 qui

469 5104 661 5144 novam
694 5090 909 5145 domum
945 5090 1215 5155 aediﬁcat,
1262 5102 1317 5145 et
1361 5092 1622 5146 sollicitus
1664 5107 1884 5160 operum
1933 5094 2034 5146 hu-

466 5181 700 5251 iusmodi
750 5183 942 5237 studiis
982 5177 1246 5237 incumbit
1285 5202 1297 5236 :
1335 5184 1482 5237 avari
1532 5184 1657 5236 item
1711 5183 1943 5237 hominis
1983 5191 2037 5238 et

472 5272 638 5328 lucris
670 5276 860 5329 intenti
895 5277 961 5341 is,
988 5277 1077 5344 qui
1111 5277 1323 5330 vineam
1353 5276 1578 5347 plantat.
1616 5274 1747 5329 Eum
1785 5290 1912 5329 vero
1942 5276 2033 5344 qui

2141 4573 2433 4642 ἠγόρασα,
2461 4572 2556 4627 καὶ
2584 4573 2872 4643 γυναῖκας
2904 4573 3112 4641 ἔγημα.

2791 4666 2946 4719 ΚΕΦ.
2978 4666 3061 4716 Κ’.

2136 4753 2245 4826 (47)
2276 4754 2423 4825 Στίχ.
2454 4761 2514 4807 ε’.
2539 4755 2635 4821 Τίς
2656 4758 2688 4808 ὁ
2714 4756 3069 4822 ἄνθρωπος-ό
3089 4750 3497 4875 οὶκοδᾼιέιήσας,
3513 4748 3713 4803 οὶκίαν

2274 4824 2509 4875 καινὴν.
2552 4826 2649 4875 καὶ
2682 4828 2791 4875 οὐκ
2818 4824 3231 4875 ἐνεκαίνισεν(
3310 4823 3571 4875 ὶαὺτδηνξ

2274 4823 2509 4892 καινὴν,
2552 4826 2649 4878 καὶ
2682 4828 2791 4879 οὐκ
2818 4826 3193 4878 ἐνεκαίνισεν
3215 4823 3323 4892 (48)
3349 4823 3571 4885 αὑτήν;

2208 4918 2310 4981 Εἰς
2341 4914 2405 4968 τὸ
2429 4916 2595 4969 αὐτό.
2630 4915 2810 4979 Τύπος
2838 4912 2929 4969 οὖν
2958 4914 3066 4985 ἄρα
3135 4914 3228 4967 τοῦ
3289 4911 3578 4984 παροικίαν
3642 4910 3710 4978 ή-

2137 5004 2349 5076 γεῖσθαι
2384 5004 2457 5076 μή
2488 5003 2815 5074 ἀνεχομένου
2839 5004 2938 5073 τὴν
2964 5000 3244 5072 παροῦσαν
3281 4998 3444 5069 ζωὴν,
3476 4999 3504 5050 6
3533 4994 3719 5049 οἰκίαν.

2138 5095 2454 5165 οἰκοδομῶν,
2483 5095 2574 5148 καὶ
2612 5098 2732 5158 ταῖς
2757 5094 2883 5163 περὶ
2915 5093 3088 5145 ταῦτα
3132 5087 3506 5162 φιλεργασίαις
3542 5102 3713 5139 σπουη

2136 5186 2302 5247 δαίως
2333 5182 2649 5253 ἐγκείμενος
2669 5199 2683 5212 ·
2707 5181 2800 5234 τοῦ
2828 5181 2885 5235 δὲ
2916 5180 3143 5249 φιλοκτή
3154 5196 3310 5249 μονος
3331 5177 3421 5230 καὶ
3457 5175 3711 5245 φιλοκερ‹

2137 5275 2281 5338 δοῦς,
2307 5275 2335 5326 ὁ
2356 5271 2652 5339 ἀμπελῶνα
2682 5269 2947 5340 φυτεύων.
2981 5268 3084 5322 Τὸν
3106 5268 3168 5322 δὲν
3203 5266 3574 5337 γυναικομανῆ
3617 5264 3717 5319 καὶ

538 5411 584 5443 ¹⁰
613 5411 760 5466 Eccl.
793 5429 891 5479 vn,
923 5413 1060 5469 i7.“
1091 5415 1284 5471 Matth.
1324 5431 1376 5481 ν,
1408 5415 1498 5484 58,
1530 5414 1641 5471 59.’
1704 5417 1748 5448 ²¹
1773 5414 1908 5471 Luc.
1943 5432 2054 5482 κη’,
2086 5419 2171 5482 18,
2203 5420 2293 5476 20.

543 5527 655 5600 eo)
681 5528 759 5600 an
778 5530 1028 5600 ,τροφήντ

540 5598 654 5672 (ΔΙ)
682 5598 917 5668 Τρόπου,
947 5598 1034 5653 ’νει
1065 5599 1305 5667 τρόπων.

538 5668 654 5738 (te)
682 5668 774 5721 T6.

551 5737 663 5809 με)
684 5737 747 5809 1n
776 5738 895 5792 cod.
938 5739 1064 5796 534.
1100 5753 1221 5809 pag.
1252 5739 1377 5794 sai.

542 5806 653 5871 (αἱαὶ)
681 5806 838 5864 Forte
870 5809 1013 5879 αὐτῷ
1049 5810 1143 5880 τῷ.

2220 5528 2332 5598 με)
2362 5528 2584 5583 ibidem.

2356 5599 2485 5666 Qua:
2526 5600 2579 5672 ()
2632 5599 2982 5654 includuntur
3029 5596 3082 5653 in
3123 5595 3291 5651 Romo
3313 5597 3583 5665 pertinent
3639 5595 3713 5649 ad

2145 5684 2200 5723 ν.
2237 5669 2321 5721 16.
2563 5669 2569 5672 ’

2219 5735 2333 5801 (47)
2360 5735 2583 5791 Ibidem.

2223 5806 2334 5877 (48)
2367 5806 2476 5873 Sic,
2503 5822 2599 5877 pro
2629 5807 2963 5878 ἐνεκένησεν,
2987 5806 3342 5864 correximus.
3379 5805 3475 5863 En.
3498 5804 3665 5860 Pus.
