4004 6518
1486 393 1743 451 ADNO'I'.
1774 391 1847 448 IN
1884 392 2275 451 DEUTERON.

3421 383 3490 437 50

243 516 673 589 τεθραυσμένον,
700 517 798 572 καὶ
826 516 948 582 ταῖς
976 516 1081 588 τῆς
1132 516 1334 589 σαρκὸς
1360 517 1677 589 ἐπιθυμίαις
1706 518 1826 570 επι-

1945 516 2252 571 nulierosus
2293 523 2378 569 est
2420 522 2475 569 et
2520 513 2723 568 fractus
2750 506 2975 563 libidine
2997 550 3014 573 ,
3045 513 3100 562 et
3124 504 3490 573 voluptatibus

245 609 411 664 δόντα
421 610 516 663 τὸν
527 609 675 673 νοῦν,
692 608 1148 679 κατασημαίνειεν
1164 610 1231 664 ἂν
1244 610 1502 678 γυναικὸς
1518 609 1819 681 μνηστεῖαι.

248 698 541 770 Προσιόντι
582 696 694 768 (49)
739 698 849 771 γὰρ
886 700 954 770 τῇ
1002 698 1097 753 τοῦ
1147 699 1586 769 στρατοκήρυκος
1638 700 1786 768 φωνῇ
1806 739 1829 762 ,λ

243 789 350 858 τῆς
385 790 538 862 ἱερᾶς
569 789 662 842 καὶ
698 789 1088 860 μαχιμωτάτης
1120 787 1467 859 ἀποχωροῦσι
1492 785 1827 858 minimong

242 880 307 934 δὲ
339 877 412 953 ἦν
438 881 586 945 εἰκὸς
615 883 743 946 τοὺς
773 881 1015 936 τοιούσδε
1048 879 1505 952 συνειλημμένους
1537 880 1736 933 ἐννοεῖν
1767 896 1832 932 τε

246 974 348 1027 καὶ
380 973 582 1042 λέγειν,
608 974 782 1028 ταῦτα
817 972 1120 1046 δὴφθάσας
1147 974 1175 1027 ὁ
1204 973 1378 1045 κῆρυξ
1432 973 1722 1041 ἁναφωνεῖ.
1757 973 1827 1024 Ἦ
1859 1002 1867 1009 -

245 1065 352 1118 οὐκ
369 1064 568 1135 ἀληθὲς
597 1066 805 1131 τούτοις
832 1065 941 1138 (50)
972 1065 1042 1120 τὰ
1061 1064 1283 1119 τοιαῦτα
1314 1062 1552 1135 νομίζειν
1575 1080 1590 1128 ;
1620 1062 1828 1116 Εἰὼθα-

248 1171 305 1208 σι
336 1154 619 1224 φιλοῦντες
643 1158 704 1210 ἐν
735 1157 994 1227 διωγμοῖς
1024 1157 1084 1209 τὸ
1116 1156 1447 1227 ἁφερέπονον
1471 1157 1708 1226 ἀγαπᾷν,
1739 1156 1830 1207 καὶ

250 1250 377 1310 ταῖς
403 1247 545 1320 ὑπὲρ
574 1247 674 1317 τῆς
705 1249 786 1312 είς
809 1247 941 1301 Θεὸν
963 1248 1184 1318 ἀγάπης
1216 1246 1633 1300 κατακολουθεῖν
1667 1263 1831 1298 σπου-

247 1336 392 1399 δαῖς,
415 1336 752 1402 ἐννοοῦντες,
780 1338 884 1402 ὂτι,
924 1336 980 1390 εἴ
1012 1355 1065 1389 τι
1119 1336 1329 1405 γένοιτο
1388 1335 1576 1390 παθεῖν
1630 1335 1828 1403 ἀγωνι-

250 1426 540 1497 ζομένους,
570 1426 735 1480 οἴκων
757 1444 816 1481 τε
850 1428 944 1481 καὶ
970 1429 1237 1498 κτήσεων,
1274 1428 1368 1480 καὶ
1394 1426 1501 1480 τῶν
1526 1426 1677 1497 παρᾶ
1707 1426 1828 1494 σφί-

253 1535 340 1573 σιν
372 1520 751 1591 τετιμημένων
769 1518 1126 1574 ἐκπίπτουσιν
1157 1518 1481 1589 ἐπιθυμιῶν.

251 1685 369 1759 (51)
400 1685 551 1756 Στίχ.
573 1691 645 1756 η’.
702 1686 797 1759 Τίς
831 1689 866 1740 ὁ
901 1686 1289 1759 ᾆνθρωποςΑᾴ
1322 1684 1690 1752 φοϐούμενος
1733 1681 1831 1735 καὶ

754 1755 956 1822 δειλρς
986 1754 1062 1823 τῇ
1092 1753 1307 1822 καρδίᾳ
1325 1769 1343 1817 ;

1923 608 2102 661 carnis
2149 605 2384 659 intendit
2415 604 2691 662 animum,
2735 600 2978 655 mulieris
3019 597 3284 667 sponsalia
3334 594 3493 649 facile

1925 698 2171 752 iuuuanl.
2207 696 2386 751 Moras
2414 696 2557 749 enim
2588 695 2864 750 trahentes
2894 694 2958 746 ad
2989 705 3172 745 vocem
3203 689 3491 758 praeconis,

1926 806 1956 844 a
2004 804 2159 845 sacra
2204 787 2709 859 pugnacissimaque
2765 783 3109 838 multitudine
3158 778 3490 833 desciscunt.

1927 883 2057 949 Quae
2088 896 2249 950 porro
2281 879 2555 947 probabile
2613 880 2732 931 erat
2788 886 2851 928 ut
2894 871 3200 940 huiusmodi
3246 868 3493 925 homines

1927 974 2235 1044 congregati
2278 971 2458 1024 animo
2487 975 2773 1024 versarent
2803 974 2857 1020 et
2885 964 3124 1018 dicerent
3146 1001 3162 1025 ,
3201 975 3263 1015 ea
3305 960 3358 1011 in
3390 974 3491 1010 an-

1929 1077 2196 1120 tecesmm
2240 1077 2416 1130 prarco
2448 1060 2716 1114 enuntiat.
2761 1058 2842 1113 An
2891 1070 2995 1109 non
3044 1067 3230 1106 verum
3276 1060 3354 1104 est
3400 1063 3494 1103 eos

1933 1158 2054 1211 talia
2094 1154 2384 1223 reputare?
2415 1152 2829 1206 Consueverunt
2855 1145 3043 1200 amasii
3076 1145 3129 1198 in
3166 1140 3494 1211 persecutio-

1932 1247 2089 1300 uibus
2115 1260 2235 1314 quae
2266 1242 2488 1296 minime
2510 1238 2732 1294 molesta
2758 1248 2884 1291 sunt
2910 1234 3157 1304 diligere,
3177 1242 3232 1287 et
3256 1230 3493 1286 cbarita-

1931 1338 1998 1389 tis
2022 1335 2072 1387 in
2102 1334 2267 1385 Demu
2296 1330 2470 1383 studia
2494 1328 2754 1383 remotius
2776 1326 2933 1393 sequi
2956 1341 2973 1387 ;
3001 1323 3331 1394 cogitantes,
3353 1319 3496 1388 quod

1930 1426 1974 1477 si
2019 1423 2144 1493 quid
2190 1420 2466 1488 contingat
2502 1417 2557 1470 in
2585 1415 2972 1470 certaminibus
3006 1412 3153 1482 pati,
3188 1428 3214 1464 a
3250 1409 3497 1465 domibus

1930 1527 1983 1569 et
2020 1510 2488 1582 possessionibus,
2529 1515 2583 1560 et
2635 1521 2666 1559 a
2711 1504 3001 1562 desideriis
3044 1502 3332 1569 excident,
3378 1514 3502 1573 qua

1935 1602 2074 1667 apud
2102 1614 2159 1652 se
2196 1595 2410 1666 plurimi
2448 1594 2603 1648 fiunt.

1932 1693 2000 1748 ν.
2027 1691 2084 1747 8.
2132 1689 2264 1755 Quis
2308 1697 2383 1743 est
2430 1686 2584 1741 homo
2613 1726 2628 1749 ,
2683 1686 2799 1808 quid
2822 1694 3026 1790 sgretur
3072 1695 3121 1738 et
3167 1682 3501 1738 meticulosus

2565 1766 2640 1808 est
2674 1772 2765 1808 cor
2802 1773 2830 1808 e
2854 1794 2866 1807 .

2565 1766 2640 1810 est
2674 1766 2830 1809 corde
2854 1766 2866 1807 Ξ

276 1916 285 1924 _
328 1842 446 1896 Τοῦ
476 1843 684 1897 αὐτοῦ.
729 1844 789 1898 Ὀ
811 1847 922 1906 τοῖς
951 1845 1162 1915 γηῖνοις
1205 1843 1556 1913 ἐγκείμενος,
1608 1842 1701 1895 καὶ
1757 1844 1834 1896 ol-

2011 1854 2284 1924 Ejusdem.
2326 1851 2426 1918 Qui
2475 1847 2707 1904 terrenis
2742 1846 2902 1901 rebus
2936 1844 3197 1906 inheret,
3232 1852 3289 1897 et
3313 1842 3502 1897 domos

255 1931 382 1995 κίας
431 1931 728 2004 οἰκοδομῶν
747 1975 762 1999 ,
795 1934 889 1987 καὶ
919 1933 1162 2002 φυτεύων
1195 1932 1541 2003 ἀμπελῶνας,
1570 1935 1688 1995 ταῖς
1732 1933 1833 2004 τῆς

1945 1946 2186 2011 ediﬂcat,
2214 1956 2268 2000 et
2295 1945 2504 2015 plantat
2532 1943 2743 2007 vineas,
2779 1941 2955 1995 victus
2988 1937 3350 2007 voluptatibus
3381 1949 3509 1991 car-

254 2022 615 2094 φιλοσαρκίας
643 2024 861 2096 ἡδοναῖς
893 2025 1204 2097 ἡττώμενος
1222 2067 1237 2090 ,
1269 2025 1421 2078 ἔσται
1472 2041 1574 2077 που
1622 2024 1834 2088 πάντως

252 2114 428 2177 δειλός
449 2114 560 2184 (52)
593 2132 653 2168 τε
687 2117 781 2169 καὶ
815 2116 1057 2179 ἄναλκις.

254 2203 407 2275 Στίχ.
440 2210 492 2257 ι’.
541 2205 677 2259 Ἐὰν
699 2203 767 2257 δὲ
803 2205 1144 2285 προσέλθῃς
1173 2204 1323 2285 πρὸς
1370 2205 1551 2257 πόλιν
1591 2203 1836 2257 ἐκπολε-

830 2275 1027 2345 μῆσαι
1052 2275 1262 2341 αὐτήν.

332 2365 562 2435 Ὅμοιον
592 2365 689 2420 τοῦ
708 2381 724 2398 σ
754 2370 862 2433 Εις
889 2366 970 2434 ἦν
987 2365 1057 2420 δὲ
1074 2369 1258 2421 πόλιν
1281 2364 1614 2433 εἰσέλθητε,
1643 2363 1840 2430 ἐξετά-

255 2456 380 2517 ζετε
408 2457 544 2529 (53),
586 2461 679 2527 τις
701 2459 773 2525 ἐξ
812 2458 1014 2513 αὐτῶν
1052 2457 1221 2524 ἄξιός
1254 2459 1443 2511 ἐστιν.
1489 2456 1562 2510 Τὸ
1611 2457 1687 2523 δὲ,
1709 2458 1839 2527 μετ’

260 2547 533 2617 εἰρήνης,
568 2551 752 2620 ὅμοιον
777 2548 854 2620 τῷ
886 2548 1228 2619 ἀποστολικῷ
1250 2566 1265 2579 ·
1304 2549 1384 2602 ὅτι
1439 2548 1670 2602 Δοῦλον
1727 2550 1841 2602 Κυ-

249 2639 390 2708 ρίου
418 2641 491 2693 οὐ
520 2639 615 2693 δεῖ
637 2639 957 2710 μάχεσθαι.

256 2730 413 2801 Στίχ.
442 2738 533 2801 ιγ’.
566 2733 679 2787 Καὶ
720 2731 1006 2797 πατάξεις
1034 2729 1159 2785 πᾶν
1195 2729 1522 2799 ἀρσενικὸν
1549 2727 1738 2797 αὐτῆς
1770 2728 1845 2783 ἐν

790 2802 954 2871 φόνῳ
973 2802 1292 2871 μαχαίρας-

339 2894 455 2949 Τοῦ
487 2892 695 2948 αὑτοῦ.
728 2894 990 2965 Μάχαιρα
1018 2892 1075 2947 δὲ
1102 2892 1198 2947 τοῦ
1222 2894 1534 2966 πνεύματος
1568 2893 1653 2964 εἴη
1705 2890 1772 2944 ἂν
1813 2891 1845 2943 ό
1889 2950 1910 2974 ο

258 2985 423 3054 λόγος
446 2986 545 3039 τοῦ
568 2984 724 3039 Θεοῦ.
754 2986 865 3039 Καὶ
882 2985 981 3057 τὴν
1023 2984 1296 3058 μάχαιραν
1327 2985 1384 3039 δὲ
1412 2984 1505 3039 τοῦ
1538 2982 1843 3054 πνεύματος

262 3077 402 3149 (58),
435 3078 465 3132 ὃ
491 3079 607 3131 ἐστι
633 3077 783 3150 ῥῆμα
815 3079 976 3146 Θεοῦ,
1015 3073 1165 3149 ᾧτινι
1193 3081 1244 3132 οἱ
1292 3078 1570 3132 θεσπέσιος.
1606 3076 1847 3149 μαθηταὶ⁸

259 3171 585 3225 ἀπέκτεινον
622 3171 768 3227 ἅπαν
812 3171 1097 3244 ἀρσενικὸν
1137 3172 1234 3243 τῆς
1282 3170 1661 3242 ἀντικειμένης
1687 3169 1845 3224 δυνά-

265 3280 435 3333 μεως,
466 3262 544 3326 ὡς
568 3262 787 3333 Σίμωνα
819 3265 913 3318 καὶ
949 3263 1186 3335 Ἐλύμαν
1222 3263 1346 3327 τοὺς
1382 3263 1608 3333 μάγους,
1643 3262 1738 3315 καὶ
1776 3261 1845 3314 τὰ

264 3353 467 3426 ισχυρὰ
491 3355 549 3408 δὲ
581 3355 760 3409 αὐτῶν
796 3357 1053 3410 κατέλυον
1096 3355 1343 3427 δόγματα
1364 3372 1379 3384 ·
1442 3352 1847 3425 περιεποιοῦντο

263 3445 322 3501 δὲ
352 3446 457 3511 τὰς
486 3450 773 3515 γυναῖκας,
809 3450 902 3503 καὶ
927 3447 1232 3519 δυναμένας
1267 3449 1442 3501 εἰπεῖν
1493 3446 1668 3517 ψυχάς
1690 3462 1703 3476 ο
1746 3444 1849 3500 Διὰ

264 3538 379 3593 τὸν
401 3541 597 3608 φόϐον
620 3556 758 3604 σου,
791 3543 987 3611 Κύριε,
1017 3541 1090 3595 ἐν
1139 3541 1352 3612 γαστρὶ
1389 3539 1691 3609 ἐλάϐομεν
1734 3539 1847 3607 ἕως

262 3630 365 3686 ἐπὶ
396 3629 504 3699 τῆς
530 3629 680 3701 γῆς’
723 3634 911 3688 καὶτὰ
954 3635 1125 3705 νήπια
1172 3634 1230 3687 δὲ
1273 3631 1554 3696 ὡσαύτως,
1621 3627 1703 3695 οἷς
1756 3633 1852 3687 καὶ

264 3720 484 3787 Παῦλος
517 3725 746 3796 γράφει·
825 3728 1053 3789 Τεκνία,
1087 3726 1174 3797 μὴ
1213 3726 1344 3792 ταῖς
1386 3724 1603 3796 φρεσὶν
1647 3725 1852 3795 νήπιοι

265 3810 531 3885 τίνεσθε,
562 3816 724 3870 ἀλλὰ
751 3816 827 3885 τῇ
855 3817 1037 3887 κακίᾳ
1060 3816 1388 3886 νηπιαζετε.
1428 3818 1538 3871 Καὶ
1559 3817 1749 3886 κτήνη
1770 3817 1847 3884 δὲ,

270 3908 431 3979 φησὶ,
458 3908 908 3977 περιεποιήσατε.
934 3910 1171 3975 Δίκαιος
1208 3910 1317 3982 γὰρ
1341 3910 1609 3978 οἰκτειρει
1649 3911 1853 3979 ¹ερ-υκὰς

267 3999 509 4067 κτηνῶν
527 4001 747 4055 αὐτοῦ’
776 4003 902 4067 τοὺς
944 4002 1314 4074 ἀλογωτέρους
1374 4002 1462 4057 διὰ
1491 4002 1598 4055 τῶν
1641 4000 1853 4072 κτηνῶν

268 4093 662 4165 αἰνιττόμενος.
697 4096 908 4167 Κτῆνος
930 4093 999 4169 ἦν
1028 4098 1123 4151 καὶ
1161 4098 1191 4150 ό
1233 4097 1550 4168 Κορνήλιος,
1584 4094 1726 4150 κατὰ
1754 4095 1853 4166 τὴν

268 4180 540 4238 ὀπτασίαν
595 4185 696 4257 τὴν
744 4187 876 4259 περὶ⁴
917 4187 1028 4241 τῶν
1074 4187 1418 4258 τετραπόδων
1479 4190 1738 4258 φανεῖσαν
1778 4185 1855 4256 τῷ

272 4273 491 4348 Πέτρῳ.

897 4371 1056 4424 ΚΕΦ.
1097 4371 1226 4424 ΚΒ⁸.

342 4457 458 4529 (55)
490 4459 641 4530 Στίχ.
676 4467 750 4525 ς’.
787 4463 870 4516 Οὐ
888 4462 1060 4531 λήψῃ
1089 4462 1205 4529 τὴν
1231 4463 1458 4533 μητέρα
1476 4464 1626 4533 μετὰ
1653 4463 1774 4519 τῶν

943 4533 1191 4587 τέκνων.
1875 4544 1928 4601 ι)

357 4621 578 4693 Ἐπειδὴ
620 4621 695 4694 μὴ
735 4622 957 4678 δύναται
1000 4618 1167 4678 ἑαυτὰ
1218 4624 1460 4697 τρέφειν,
1486 4624 1588 4695 τῆς
1648 4625 1853 4697 μητρὸς

268 4712 598 4786 ληφθείσης.

904 4808 1062 4860 ΚΕΦ.
1103 4808 1231 4860 Kl".

380 4894 492 4968 (56)
524 4897 673 4968 Στίχ.
709 4904 779 4967 γ’.
810 4900 931 4952 Οὐκ
963 4898 1375 4952 εἰσελεύσεται
1412 4897 1743 4965 Ἀμανίτης.

344 4986 415 5039 Τί
476 4988 677 5061 δήποτε
747 4988 843 5060 τὴν
888 4989 1024 5059 πρὸς
1079 4989 1371 5053 Μωαϐίτας
1428 4990 1518 5042 καὶ
1566 4990 1858 5059 ’Δμανίτας

275 5079 561 5151 ἐπιμιξίαν
590 5079 787 5134 κωλύει
820 5081 881 5134 οὐ
928 5081 1070 5135 κατὰ
1104 5082 1265 5153 ῥητόν
1316 5099 1438 5135 τινα
1490 5082 1698 5152 χρόνον,
1740 5080 1855 5134 ἀλλ’

270 5173 357 5234 εἰς
385 5171 476 5225 τὸν
503 5172 712 5237 αἰῶνας
743 5173 966 5243 Πρῶτον
998 5172 1085 5225 διὰ
1137 5173 1236 5245 τὴν
1300 5174 1617 5244 παράνομον
1673 5171 1855 5226 αὐτῶν

276 5262 463 5335 ῥίζανο
522 5266 587 5317 ἐκ
651 5265 965 5336 παρανόμου
1023 5267 1129 5337 γὰρ
1183 5266 1504 5336 γεγένηνται
1538 5265 1853 5328 συνουσίας⁸

273 5353 468 5409 ἔπειτα
501 5355 592 5409 διὰ
641 5356 739 5428 τὴν
795 5358 1067 5422 ἀσέϐειαν,
1103 5353 1171 5430 ἧς
1217 5358 1313 5411 καί
1360 5357 1487 5421 τοὺς
1522 5356 1859 5429 Ἰσραηλίτας

348 5469 398 5501 ³³
430 5468 622 5522 Matth.
660 5486 716 5533 κ,
749 5470 838 5523 Il.
919 5474 967 5506 “
1008 5472 1046 5526 Il
1075 5473 1217 5528 Tim.
1250 5488 1310 5537 ll,
1345 5471 1437 5527 24.

310 5554 412 5602 xu,
440 5539 527 5592 10.

380 5653 467 5724 49)
497 5654 667 5709 Forte
691 5653 1025 5724 προσιόντες.
1048 5686 1055 5687 ί

376 5722 471 5786 50)
500 5724 670 5780 Forte
695 5722 936 5786 τούτους.

347 5791 464 5872 (ξι
496 5795 821 5872 [υίάεπμιι
856 5804 909 5847 et
934 5794 1137 5865 reliqua
1173 5791 1331 5864 hujus
1362 5791 1578 5863 capitis.

349 5861 467 5939 (se;
495 5863 597 5919 Ms.
622 5861 780 5930 δῆλός
798 5880 877 5918 τε.
956 5896 959 5897 ν

1532 5472 1578 5503 ’³
1613 5471 1711 5527 lsa.
1747 5483 1898 5537 xxvi,

1935 2040 2165 2103 natibus,
2193 2038 2301 2093 erit
2330 2051 2553 2109 prorsus
2581 2033 2937 2089 meticulosus
2963 2040 3019 2086 et
3042 2029 3296 2085 imbellis.

1973 2215 2043 2271 Υ.
2068 2213 2156 2268 10.
2189 2212 2289 2270 Sin
2323 2229 2443 2268 vero
2469 2209 2750 2266 accesseris
2775 2208 2847 2262 ad
2878 2204 3240 2261 debellandum
3269 2201 3470 2257 urbem.

2009 2371 2199 2426 Simile
2230 2378 2312 2424 est
2350 2367 2425 2422 illi
2458 2384 2473 2421 :
2508 2364 2576 2418 In
2620 2375 2981 2434 quamcunque
3027 2367 3202 2412 autem
3242 2354 3506 2431 civitatem

1936 2464 2247 2518 intraieritis
2268 2501 2284 2524 ,
2314 2460 2572 2530 exquirite
2599 2456 2718 2527 quis
2755 2470 2819 2508 ex
2855 2454 2992 2522 ipsis
3013 2452 3205 2519 dignus
3234 2449 3300 2502 sit
3328 2446 3394 2499 ’⁸.
3436 2443 3515 2499 Il—

1940 2557 2030 2611 Iud
2055 2571 2203 2619 vero,
2231 2570 2347 2635 cum
2370 2568 2526 2620 pace,
2561 2549 2736 2603 simile
2758 2556 2839 2601 est
2863 2542 3168 2612 apostolicae
3189 2537 3508 2594 sententiae:

1943 2648 2163 2704 Servum
2194 2628 2398 2700 Domini
2434 2659 2536 2696 non
2565 2651 2765 2709 oportet
2791 2650 3075 2706 pugnacem
3104 2647 3212 2685 esse
3234 2628 3323 2707 ³³η

1939 2739 2005 2794 ν.
2041 2740 2128 2795 15.
2180 2736 2249 2790 Et
2273 2735 2530 2804 percutias
2573 2697 2723 2783 o'mne
2759 2697 3111 2804 masculinum
3137 2723 3258 2794 ejus
3282 2697 3338 2772 si:
3370 2718 3515 2774 occi-

2556 2816 2702 2853 sione
2736 2797 2924 2867 gladii.

2014 2893 2290 2965 Ejusdem.
2334 2890 2560 2946 Gladius
2592 2888 2822 2956 spiritus
2844 2899 2964 2938 esse
2994 2881 3162 2953 possit
3186 2893 3366 2934 sermo
3390 2875 3513 2935 Dei.

1942 2985 2188 3043 Gladium
2222 2999 2353 3039 vero
2395 2980 2657 3049 spiritus,
2693 2978 2744 3031 id
2791 2985 2908 3038 est,
2944 2972 3170 3053 verbum
3212 2970 3305 3025 Dei
3348 2969 3513 3024 etiam

1942 3080 2113 3133 dicere
2151 3092 2425 3147 possumus
2473 3089 2493 3127 :
2536 3086 2644 3141 quo
2686 3068 2850 3124 divini
2904 3063 3149 3135 discipuli
3193 3062 3515 3118 occidebant

1872 3166 1927 3260 θ’
1946 3184 2106 3225 omne
2130 3168 2488 3223 masculinum
2513 3162 2801 3220 contrariae
2827 3158 3132 3230 potestatis,
3159 3167 3219 3209 ut
3239 3154 3513 3208 Simonem

1947 3270 2003 3317 et
2044 3261 2285 3331 Elymam
2336 3274 2553 3329 magos,
2600 3265 2657 3311 et
2702 3254 2866 3309 fortia
2911 3267 3101 3308 eorum
3146 3249 3515 3303 dissolvebant

1951 3354 2201 3422 dogmata
2241 3368 2256 3404 :
2290 3350 2607 3420 superstites
2642 3362 2771 3403 vero
2809 3345 3062 3402 sinebant
3093 3343 3368 3405 mulieres,
3399 3339 3522 3393 aui-

1948 3458 2066 3497 mas
2108 3455 2303 3511 nempe
2341 3454 2462 3510 qua:
2500 3439 2680 3494 dicere
2705 3445 2999 3508 poterant:
3045 3433 3327 3502 Propterea
3356 3432 3518 3484 timo-

1952 3552 2060 3591 rem
2089 3546 2259 3597 tustm,
2289 3530 2533 3595 Domine,
2573 3530 2628 3582 in
2661 3538 2808 3582 utero
2846 3527 3196 3595 concepimus,
3235 3538 3398 3592 usque
3429 3535 3525 3574 sst-

1948 3644 2040 3697 per
2104 3636 2245 3678 terra
2269 3626 2315 3657 ²³
2351 3640 2364 3675 :
2401 3619 2697 3676 infantulos
2745 3619 2872 3674 item
2900 3658 2916 3684 ,
2969 3604 3168 3687 quibus
3220 3623 3275 3669 et
3315 3610 3522 3668 Paulus

1954 3718 2188 3772 scribit:
2222 3713 2443 3776 Filioli,
2481 3718 2600 3766 non‘
2630 3722 2797 3765 mente
2838 3709 2984 3780 pueri
3028 3716 3219 3773 estote,
3250 3706 3342 3759 sed
3379 3700 3523 3757 malo

1950 3808 2243 3879 puerascite
2264 3805 2333 3861 ".
2379 3805 2508 3859 Item
2549 3804 2680 3858 dicit
2721 3800 3004 3856 :Jumenta
3033 3797 3302 3853 servabitis
3331 3795 3375 3825 ’⁷
3399 3809 3413 3858 ;
3439 3800 3524 3849 et-

1953 3904 2096 3957 enim
2137 3900 2347 3969 justum
2396 3899 2604 3950 miseret
2643 3894 2948 3947 animarum
2988 3891 3349 3960 jumentorum
3395 3898 3523 3937 sua-

1954 4012 2069 4049 rum
2098 3994 2143 4025 ²⁸
2184 4012 2197 4047 :
2222 4005 2316 4046 eos
2344 3992 2436 4061 qui
2475 3990 2653 4044 minus
2686 3987 2900 4041 ratione
2929 3984 3130 4054 pollent
3158 3995 3255 4050 per
3276 3977 3523 4046 iumenta

1955 4088 2206 4142 innuens.
2243 4082 2554 4138 Iumentum
2585 4089 2708 4134 erat
2737 4087 2792 4131 et
2828 4074 3147 4134 Cornelius,
3179 4072 3330 4139 juxta
3359 4067 3526 4123 visio-

1955 4192 2076 4231 nem
2114 4172 2555 4245 quadrupedum,
2587 4182 2707 4238 qua:
2733 4165 2982 4236 apparuit
3012 4162 3194 4218 Petro.

2568 4348 2721 4405 CAP.
2754 4346 2923 4402 XXII.

2186 4470 2253 4526 Υ.
2282 4468 2336 4523 6.
2377 4466 2503 4521 Non
2530 4468 2704 4535 capies
2739 4476 2964 4518 matrem
3001 4474 3121 4514 cum
3152 4456 3299 4529 ﬁliis.

2031 4608 2216 4679 Neque
2244 4606 2388 4662 enim
2410 4645 2428 4672 ,
2467 4610 2624 4671 capta
2654 4609 2829 4656 matre
2852 4639 2869 4667 ,
2910 4599 3119 4668 seipsos
3163 4600 3392 4666 possunt
3431 4600 3571 4649 nus.

1961 4700 2112 4755 trire.

2556 4784 2711 4842 CAP.
2738 4781 2929 4839 XXIII.

2263 4884 2330 4940 Υ.
2358 4884 2411 4939 5.
2450 4879 2574 4935 Non
2602 4876 2927 4947 ingredietur
2950 4871 3236 4925 Amauites.

2025 4977 2134 5032 Cur
2182 4972 2631 5031 consuetudinem
2680 4983 2804 5024 cum
2857 4964 3108 5020 Moabitis
3164 4968 3218 5015 et
3267 4953 3535 5011 Amanitis

1966 5069 2277 5130 interdicit,
2320 5082 2426 5120 non
2465 5064 2532 5118 ad
2578 5071 2778 5117 statum
2812 5055 3025 5127 aliquod
3070 5064 3310 5121 tempus,
3354 5046 3447 5100 sed
3480 5043 3534 5096 in

1966 5159 2221 5215 smculum
2245 5157 2277 5231 ‘l.
2296 5155 2479 5210 Primo
2516 5161 2739 5222 propter
2770 5149 3106 5219 illegitimam
3148 5156 3331 5197 eorum
3364 5136 3534 5205 origi-

1965 5268 2086 5308 nem
2114 5268 2128 5304 :
2155 5265 2219 5304 ex
2248 5228 2526 5317 illegitimo
2548 5245 2691 5299 enim
2718 5242 2823 5295 orti
2851 5253 2978 5294 sunt
2997 5248 3307 5305 congressu.
3334 5228 3538 5283 Deinde

1965 5350 2186 5420 propter
2233 5339 2562 5407 impietatem
2582 5373 2598 5399 ,
2634 5335 2787 5404 cujus
2812 5332 2973 5385 etiam
3001 5326 3213 5380 Iudaeos
3245 5320 3537 5392 participes

1939 5467 2031 5524 18.
2142 5459 2190 5492 ’⁸
2217 5458 2235 5513 ι
2265 5458 2392 5512 Cor.
2416 5470 2531 5520 xw,
2561 5452 2652 5507 20.
2744 5450 2787 5483 ’⁷
2811 5447 2973 5502 Josue
2996 5460 3111 5512 vm,
3138 5447 3194 5498 Ξ.
3297 5438 3343 5471 ⁸⁸
3372 5436 3537 5492 I’rov-

2067 5644 2159 5703 55)
2189 5640 2465 5709 Scriptum
2493 5642 2611 5691 erat
2634 5631 2969 5700 ἐξετάζεται,
2998 5626 3248 5686 absurde.
3278 5622 3380 5680 En.
3399 5617 3533 5677 Pu.

2070 5713 2156 5769 δι)
2190 5712 2348 5766 Deest
2383 5718 2625 5762 verbum.

2047 5773 2161 5849 {55)
2188 5782 2347 5844 loid.,
2378 5792 2503 5848 pag.
2546 5773 2672 5849 226.

2189 5851 2320 5910 Cod.
2350 5844 2478 5917 53!;
2508 5862 2629 5918 pag.
2659 5844 2784 5901 5I8.
2864 5916 2867 5917 ν
