4016 6524
546 405 608 458 51
1128 409 1131 411 ’
1397 403 1953 463 SUPPLEMENTUM
1987 405 2079 459 AD
2114 403 2438 464 ORIGENIS
2467 406 2876 464 EXEGETICA.
3716 393 3788 461 δὲ

551 525 730 577 facere
754 523 930 577 conati
957 533 1120 591 sunt,
1161 525 1404 580 ornando
1430 525 1714 591 mulieres,
1742 533 1796 578 et
1823 539 1918 593 per
1945 539 2036 578 eas
2063 523 2100 578 ir

2221 525 2542 596 μεταλαχεῖν
2571 525 2983 597 παρεσκεύασαν
3012 523 3344 598 ῶραῖσαντες
3371 521 3468 586 τὰς
3497 525 3786 592 γυναῖκας,
3841 539 3844 542 ‘

548 609 815 664 idolorum
834 611 1034 666 cultum
1067 612 1386 668 allicientes.
1412 615 1479 667 At
1513 614 1798 668 ldnmaanm
1820 613 2034 682 quidem
2061 626 2100 668 ει

2217 619 2311 672 καὶ
2333 618 2420 671 διὰ
2440 617 2643 673 τούτων
2673 619 2868 682 αὐτοὺς
2900 618 2980 682 εἰς
3005 615 3105 689 τὴν
3131 615 3238 669 τῶν
3273 613 3503 669 εἰδώλων
3529 615 3789 686 λατρείαν

549 698 860 770 Egyptium
877 711 994 769 post
1016 703 1227 756 tertiam
1245 701 1398 770 jubet
1429 705 1836 772 generationem
1861 702 2072 756 admitti
2097 721 2109 756 :

547 789 698 844 illum
729 791 925 860 quippe
950 789 1198 860 fratrem,
1221 793 1365 848 hunc
1396 809 1527 849 vero
1564 794 1761 865 quippe
1815 802 2120 864 ορροτιυηθ
2212 821 2366 856 πτιον
2396 804 2531 876 μετὰ
2552 802 2739 875 τρίτην
2759 803 2964 857 κελεύει
2992 802 3308 873 προσίεσθαι
3329 801 3542 872 γενεὰν,
3566 800 3660 855 τὸν
3688 800 3790 870 μὲν

549 881 818 948 quondam
847 883 1272 939 henefactorem.
1291 885 1456 940 Fame
1471 887 1616 940 enim
1637 886 1939 957 ingruente,
1958 884 2100 957 Egy'

2213 898 2288 962 ὡς
2321 899 2564 968 ἀδελφὸν,
2593 899 2684 951 τὸν
2705 899 2760 952 δὲ
2782 898 2857 962 ὡς
2889 897 3182 970 εὐεργέτην
3210 900 3267 951 ἐν
3294 895 3470 968 καιρῷ
3488 912 3684 966 γεγενη
3695 894 3789 965 μέ-

546 981 696 1041 ptum
715 982 961 1041 petentes
983 978 1352 1046 progenitores
1370 992 1558 1033 eorum
1580 977 1801 1032 enutriti
1826 987 1970 1033 sunt.
2008 979 2082 1034 Do

2211 1006 2320 1045 νον.
2338 989 2510 1060 Λιμοῦ
2524 989 2630 1061 γὰρ
2649 989 3063 1061 προσπεσόντος,
3082 991 3161 1052 εἰς
3173 989 3441 1057 Αἴγυπτον
3456 985 3790 1049 εἰσελθόντες

547 1070 633 1116 cet
676 1065 839 1134 igitur
883 1066 964 1120 lex
1006 1081 1136 1131 nos,
1184 1079 1242 1123 ut
1286 1083 1355 1123 ne
1382 1069 1581 1124 veteris
1611 1065 1828 1139 quidem
1866 1068 2100 1123 beneficii

2215 1082 2263 1133 οἰ
2306 1081 2541 1152 πατέρες
2585 1080 2764 1136 αὐτῶν
2817 1082 3202 1153 διετράφησαν.
3258 1080 3507 1134 Διδάσκει
3547 1078 3728 1132 τοίνυν
3758 1077 3791 1128 ό

542 1154 945 1211 οὒιίνῖεοθιηυτο
2215 1171 2376 1241 νόμος
2420 1173 2587 1242 ἡμᾶς,
2635 1172 2769 1244 μηδέ
2806 1173 3042 1237 παλαιᾶς
3079 1171 3395 1243 εὐεργεσίας
3427 1171 3786 1242 ἀμνημονεῖν.

497 1317 502 1322 ι
544 1245 608 1302 V.
639 1245 726 1301 M.
759 1245 896 1311 Quid
923 1259 1025 1314 est,
1055 1248 1194 1330 Quia
1227 1248 1478 1333 Dominus
1506 1247 1642 1333 Deus
1675 1258 1794 1303 tuus
1826 1249 2100 1302 inambulat

2214 1263 2361 1333 Στίχ.
2406 1263 2485 1317 ιδ’.
2513 1264 2579 1317 Τί
2606 1265 2772 1325 ἐστιν,
2800 1264 2917 1317 Ὅτι
2953 1265 3169 1332 Κύριος
3202 1266 3234 1317 ό
3260 1264 3401 1333 Θεός
3435 1279 3550 1317 σου
3605 1261 3786 1330 ἐμπε-

1099 1321 1153 1374 in
1186 1320 1372 1372 castris
1401 1319 1550 1372 tuis?

2310 1319 2342 1333 n
2483 1333 2723 1402 ριπατεῖ
2754 1319 2824 1387 ἐν
2857 1333 2930 1401 τῇ
2963 1319 3306 1403 πάρεμϐολῇ
3337 1319 3484 1397 cev;

614 1428 783 1485 Norat
836 1447 1207 1502 smpenumero
1236 1434 1414 1504 gravis
1440 1435 1622 1490 odoris
1645 1449 1822 1490 aerem
1848 1433 2100 1502 repletum

2281 1419 2402 1477 Οίδε
2435 1422 2690 1487 πολλάκις
2713 1422 3006 1492 δυσοσμίας
3029 1423 3057 1473 ὁ
3082 1421 3191 1492 ἀὴρ
3225 1421 3638 1491 ἐμπιπλάμενος
3675 1416 3786 1474 λοι-

541 1532 748 1591 peslem
785 1524 1122 1592 produxisse.
1161 1524 1378 1580 lllandat
1405 1541 1538 1595 ergo
1567 1526 1672 1581 illis
1701 1527 1752 1581 in
1791 1527 1985 1582 castris
2017 1527 2100 1582 de-

2215 1516 2312 1588 μὸν
2346 1517 2610 1587 ἐμποιεῖν.
2675 1515 2957 1568 Ἐκέλευσε
3018 1513 3196 1566 τοίνυν
3250 1514 3434 1577 αὐτοῖς
3487 1529 3790 1584 στρατοπε-

541 1616 815 1686 gentibus,
851 1632 1008 1686 quem
1041 1628 1389 1673 secreveram
1421 1617 1675 1674 defodere
1703 1619 1907 1673 limum.
1943 1617 2013 1672 Ut
2043 1634 2100 1675 ne

2210 1609 2518 1681 δευομένοις
2537 1609 2636 1682 τήν
2667 1607 3059 1679 ἐκκρινομένην
3107 1605 3513 1677 καταχωννύναι
3557 1605 3786 1676 κόπρον.

543 1722 678 1762 vero
717 1708 1090 1764 inobedientes
1128 1725 1322 1764 noxam
1353 1709 1659 1780 quampiam
1704 1710 2100 1774 contraherent,

2215 1702 2330 1755 Ἵνα
2351 1701 2410 1755 δὲ
2441 1701 2515 1773 μὴ
2537 1701 2930 1773 ἀπειθήσαντες
2965 1698 3166 1770 βλάϐην
3202 1697 3560 1763 εἰσδέξωνται,
3617 1697 3792 1764 ἀναγο

540 1801 851 1854 necessario
883 1800 1129 1869 adiunxit
1159 1823 1170 1854 :
1204 1799 1345 1867 Quia
1371 1799 1623 1853 Dominus
1649 1800 1788 1854 Deus
1818 1799 2100 1852 inambulat

2212 1794 2382 1858 καίως
2407 1795 2684 1864 ἐπήγαγεν
2703 1809 2718 1822 θ
2750 1793 2870 1845 Ὅτι
2897 1791 3114 1858 Κύριος
3140 1794 3173 1845 ὁ
3213 1788 3356 1855 Θεὸς
3404 1787 3792 1878 ἐμπεριπατεῖ

2213 709 2596 780 ἀγρεύσαντες.
2653 710 2754 764 Τὸν
2795 710 2974 782 μέντοι
3011 708 3303 779 Ἰδουμαῖον
3347 707 3440 761 καὶ
3476 707 3568 762 τὸν
3622 707 3789 775 Αἰγύ-
3879 722 3894 738 ’

539 1891 595 1944 in
624 1891 811 1944 castris
845 1892 970 1945 tuis.
999 1889 1064 1944 Et
1085 1907 1303 1946 causam
1337 1893 1524 1947 docet:
1567 1890 1633 1945 Ut
1666 1892 1849 1956 eripiat
1881 1900 1930 1944 te
1953 1931 1966 1955 ,
1997 1900 2107 1943 tra-

540 1984 734 2053 datque
755 1984 1020 2038 inimicum
1052 1995 1199 2037 tuum
1223 1994 1341 2038 ante
1373 1983 1559 2052 faciem
1589 1994 1734 2037 tuam
1762 1985 1828 2038 ’9.
1853 1983 2106 2053 Propter-

541 2089 603 2128 ea
632 2075 906 2142 admonet,
949 2085 1008 2129 ut
1052 2075 1122 2128 uil
1172 2085 1368 2130 contra
1400 2076 1568 2145 legem
1598 2086 1782 2144 agant.
1825 2075 2106 2129 Subinfert

539 2167 685 2220 enim
720 2183 735 2220 :
768 2166 834 2220 Et
868 2177 1019 2220 erunt
1055 2177 1230 2222 castra
1257 2176 1348 2220 tua
1371 2176 1552 2222 saneta
1572 2207 1588 2232 ,
1619 2183 1711 2221 nec
1737 2167 2025 2221 invenietur
2050 2169 2105 2221 in

541 2268 591 2311 te
618 2259 962 2327 turpitudinis
993 2274 1093 2314 res.

537 2435 602 2490 V.
629 2435 718 2491 12.
763 2435 832 2490 Et
861 2435 1007 2492 locus
1034 2447 1140 2491 esto
1169 2438 1284 2559 tisi.
1321 2438 1418 2519 ait.
1449 2446 1596 2490 extra
1637 2444 1836 2502 castra,
1873 2445 1920 2491 et
1955 2451 2101 2506 egre-

1247 2525 1364 2559 .em
1393 2524 1474 2559 eo.

1247 2525 1364 2561 .87”
1393 2524 1474 2560 εο.

537 2595 603 2652 ν.
636 2598 721 2668 15.
770 2598 835 2652 Et
865 2598 1042 2653 clavus
1070 2602 1166 2653 erit
1196 2602 1290 2652 tibi
1329 2601 1381 2652 in
1419 2617 1551 2653 zona
1588 2609 1699 2654 tua.
1735 2598 1952 2668 Eritque
1985 2614 2100 2650 cum

604 2667 800 2722 sederis
832 2670 980 2734 foris.
1025 2682 1070 2723 et
1103 2671 1273 2738 fodies
1304 2673 1355 2722 in
1382 2687 1461 2737 eo,
1503 2681 1550 2724 et
1604 2667 1872 2723 reducens
1904 2669 2102 2738 operies

604 2740 984 2806 turpitudinem
1025 2751 1168 2793 tuam
1215 2742 1397 2807 ipsius.

533 2893 600 2948 Υ.
636 2893 720 2947 14.
761 2892 900 2956 Quia
927 2893 1176 2948 Dominus
1206 2895 1342 2948 Deus
1369 2905 1488 2947 tuus
1519 2893 1810 2947 inambulat
1835 2893 1886 2943 in
1914 2892 2098 2944 castris
2152 2927 2174 2950 .

603 2965 799 3032 eripere
832 2974 913 3021 te.
948 2976 994 3016 et
1032 2968 1241 3018 tradere
1279 2967 1370 3018 tibi
1402 2966 1671 3017 inimicum
1703 2974 1848 3015 luunt
1887 2963 1940 3015 in
1985 2978 2099 3014 ma-

604 3051 701 3088 nus
725 3045 865 3088 tuas.
905 3034 972 3088 Et
1009 3045 1158 3088 erunt
1182 3051 1354 3088 castra
1395 3044 1488 3088 tua
1515 3045 1717 3098 sancta,
1756 3041 1929 3086 etnon
1958 3034 2099 3086 vide-

603 3104 744 3156 bitur
778 3105 833 3158 in
871 3117 918 3158 te
953 3106 1227 3173 turpitudo
1263 3107 1356 3176 rei.

604 3259 818 3313 Evitare
857 3259 1106 3328 equidem
1135 3258 1292 3313 decet
1333 3273 1550 3313 omnem
1589 3257 1949 3313 immunditiei
1979 3273 2101 3327 Spe-

531 3350 669 3404 ciem
713 3365 842 3416 eos,
879 3350 968 3418 qni
1009 3349 1235 3419 cupiunt
1271 3349 1531 3404 adversus
1569 3363 1756 3404 omnes
1790 3349 2100 3417 Spirituales

533 3442 712 3496 hostes
743 3443 1029 3498 victoriam
1065 3441 1288 3496 referre.
1320 3441 1454 3508 Quia
1482 3452 1662 3496 tamen
1694 3456 1834 3510 saepe
1861 3441 2102 3495 cadimns

532 3548 742 3599 omnes,
773 3535 1114 3602 obnoxiaque
1156 3543 1239 3587 est
1270 3534 1501 3587 humana
1536 3541 1727 3586 natura
1762 3533 2002 3586 facilitati
2047 3534 2099 3587 in

530 3625 772 3680 defectus
801 3625 1054 3688 labendi,
1095 3634 1150 3679 et
1198 3640 1358 3679 nemo
1396 3624 1590 3678 delicta
1620 3623 1872 3693 intelliget
1902 3625 1966 3688 ³ο,
2015 3639 2102 3679 εε-

529 3717 764 3771 cundum
798 3716 1084 3771 Psallentis
1114 3731 1333 3779 vocem,
1366 3715 1689 3784 Contingat,
1727 3715 1833 3782 ait,
1871 3714 1953 3769 vel
1979 3715 2100 3769 nni-

529 3821 648 3862 cam
690 3808 994 3861 innatarunt
1029 3808 1082 3862 in
1124 3809 1276 3861 vobis
1307 3807 1675 3875 impuritatum
1714 3803 1919 3877 effringi
1965 3821 2101 3876 quo-

529 3900 837 3965 dammodo,
867 3914 930 3954 ac
957 3899 1154 3963 evinci,
1185 3898 1556 3953 laborantibus
1581 3898 1755 3967 aliqua
1785 3913 1843 3952 re
1875 3907 2096 3953 externa

530 3991 596 4045 ad
640 3991 810 4061 legem
850 3993 1153 4061 pertinente
1182 4001 1238 4046 et
1265 3993 1331 4045 ad
1366 3992 1564 4055 vitam,
1604 4007 1726 4061 quas
1759 4000 1976 4046 sanctos
2009 3992 2101 4044 de-

529 4087 670 4132 ceat.
715 4079 987 4134 inhabitat
1020 4097 1253 4149 namque
1287 4081 1340 4134 in
1388 4080 1645 4136 membris
1673 4082 1854 4137 carnis
1896 4082 2098 4151 peccati

529 4171 636 4224 lex.
689 4169 869 4225 Primo
901 4173 1062 4242 igitur
1109 4188 1213 4228 non
1260 4173 1544 4228 manifeste
1573 4189 1638 4228 ac
1675 4173 1853 4242 palam
1878 4213 1892 4237 ,
1925 4187 2100 4242 neque

529 4264 581 4316 in
633 4263 777 4332 vulgi
819 4275 1110 4334 conspectu
1157 4265 1339 4334 lapsus
1382 4265 1715 4321 inﬁrmitatis
1766 4266 1900 4320 [lant
1939 4283 1954 4319 :
2005 4265 2098 4320 sed

527 4357 925 4422 quodammodo
954 4356 1086 4412 foris
1131 4357 1396 4422 latentes,
1449 4367 1503 4413 et
1547 4358 1910 4414 remotissime
1947 4372 1976 4411 a
2008 4371 2100 4410 ca-

525 4453 674 4500 stris.
713 4445 909 4500 Deinde
935 4449 1401 4503 emendationibus
1426 4448 1786 4511 occultentur,
1825 4449 1902 4501 ait
1942 4465 1954 4500 :
1999 4445 2099 4501 Sa-

503 4536 723 4612 :pientes
740 4537 972 4606 obtegent
992 4555 1114 4591 suas
1133 4540 1365 4606 ipsorum
1385 4539 1760 4608 turpitudines,
1781 4537 1931 4606 juxta
1953 4537 2092 4603 quod
2129 4527 2170 4579 D

524 4630 786 4696 scriptum
823 4626 1251 4687 est.'Cessando
1291 4632 1439 4688 enim
1477 4632 1544 4687 ab
1584 4631 1927 4686 inconcinnis
1963 4629 2096 4683 acti-

525 4721 665 4785 bus,
714 4731 769 4776 et
814 4723 864 4776 in
917 4725 1137 4778 meliora
1179 4725 1541 4795 propensione
1581 4723 1929 4778 reformando
1963 4735 2098 4790 quo-

525 4813 815 4870 dammodo
845 4826 1077 4872 mentem
1103 4819 1205 4884 sic,
1233 4829 1291 4873 ut
1314 4829 1614 4873 statuamus
1645 4817 1949 4886 eligendum
1973 4828 2095 4869 esse

521 4905 665 4972 quod
697 4907 954 4974 prodesse
990 4919 1189 4977 queat,
1233 4923 1392 4964 casus
1425 4920 1640 4965 nostros
1674 4923 1706 4963 e
1745 4907 1923 4961 medio
1954 4903 2095 4959 tolli-

523 5009 646 5050 mus
679 5017 691 5051 :
723 5013 787 5052 ac
822 4999 1134 5053 indecorum
1177 5010 1458 5068 peccatum
1483 5041 1498 5067 ,
1549 5009 1736 5070 postea
1782 4995 2094 5068 fragrantiis

518 5084 826 5150 vincentes,
860 5088 1194 5156 ingredimur
1227 5089 1424 5142 iterum
1460 5090 1512 5142 in
1545 5099 1856 5142 sanctorum
1891 5092 2088 5148 castra,

519 5173 574 5230 id
607 5187 688 5231 est
716 5179 766 5231 in
793 5181 1019 5234 ecclesia
1053 5181 1553 5249 pritnogenitorutn.
1588 5178 1644 5232 In
1667 5178 1883 5233 Christo
1908 5187 2090 5230 autem

521 5265 662 5321 istuc
688 5269 973 5335 perficitur
996 5309 1010 5335 ,
1043 5271 1087 5324 si
1122 5270 1456 5339 accipiamus
1481 5284 1696 5324 erucem
1727 5269 1893 5332 illius,
1931 5277 2087 5320 uten-

525 5362 607 5410 tes
639 5358 752 5412 acri
794 5361 1124 5426 cogitatione
1173 5368 1227 5414 et
1270 5359 1336 5412 ad
1367 5358 1727 5414 resistendum
1759 5368 2001 5412 strenua.
2033 5353 2090 5408 ιιι

527 5448 666 5502 enim
714 5451 933 5519 oblique
979 5451 1251 5516 innuitur,
1281 5467 1343 5507 eo
1369 5452 1512 5521 quod
1541 5451 1830 5505 habeamus
1865 5450 1917 5504 in
1953 5463 2087 5502 zona

527 5539 776 5608 Blavum,
828 5544 877 5597 id
924 5553 1008 5599 est
1046 5543 1275 5613 lignum.
1327 5543 1496 5614 Igitur
1539 5541 1891 5614 spiritualiter
1935 5540 2092 5596 intel-

551 5655 596 5686 ¹⁹
620 5655 774 5710 Dent.
809 5673 963 5721 xxrtt,
992 5658 1079 5713 M.
1152 5659 1197 5692 ³ο
1231 5659 1373 5715 Psal.
1401 5677 1555 5726 xvm,
1584 5660 1670 5716 1'5.

595 5791 705 5864 (57)
751 5795 805 5844 ’Θ
815 5795 1008 5864 ρύξεις.

597 5863 706 5932 (58)
739 5863 897 5920 Forte
929 5869 983 5920 ἐν
1022 5867 1186 5938 αὐτῷ.

2207 1888 2276 1941 ἐν
2309 1886 2385 1956 τῇ
2407 1885 2752 1956 παρεμϐολῇ
2785 1900 2922 1940 σου.
2982 1884 3092 1938 Καὶ
3137 1883 3235 1955 τὴν
3278 1881 3455 1936 αἰτίαν
3501 1881 3742 1935 διδάσκει
3765 1898 3780 1911 ·

2219 1978 2556 2042 Ἐξελέσθαι
2585 1992 2679 2041 σε,
2715 1977 2811 2030 καὶ
2846 1975 3216 2045 παραδοῦναι
3264 1975 3370 2029 τὸν
3409 1975 3628 2044 ἐχθρόν
3665 1991 3782 2030 σου

2205 2067 2318 2136 πρὸ
2357 2067 2678 2136 προσώπου
2709 2082 2844 2121 σου.
2881 2065 2981 2120 Διά
3012 2066 3068 2119 δὲ
3099 2065 3286 2120 τούτου
3329 2063 3575 2118 παιδεύει
3616 2063 3783 2135 μηδὲν

2205 2158 2462 2228 πράττειν
2493 2158 2826 2229 παράνομον.
2850 2157 3020 2211 Τοῦτο
3046 2156 3155 2229 γὰρ
3176 2157 3404 2226 ἐπάγει·
3450 2155 3561 2208 Καὶ
3609 2154 3782 2208 ἔσται

2203 2252 2243 2319 ἡ
2269 2250 2606 2320 παρεμϐολή
2650 2266 2765 2304 σου
2799 2251 2957 2320 ἁγία,
2995 2250 3095 2304 καί
3121 2252 3233 2320 οὐχ
3279 2247 3664 2318 εὑρεθήσεται
3711 2247 3784 2302 ἐν

2204 2341 2303 2394 σοὶ
2341 2342 2776 2412 ἀσχημοσύνης
2822 2340 3080 2411 πρᾶγ-μα.

2205 2427 2351 2500 Στίχ.
2379 2428 2464 2482 ιϐ’.
2493 2427 2603 2482 Καὶ
2639 2431 2671 2481 ὁ
2715 2431 2898 2500 τόπος
2942 2431 3100 2500 ἔστω
3131 2445 3251 2491 σοι,
3288 2429 3482 2500 φησὶν,
3521 2428 3637 2493 ἔξω
3668 2427 3779 2496 τῆς

2485 2499 2886 2567 παρεμϐολῆς,
2913 2500 3011 2553 καὶ
3033 2499 3328 2569 ἐξελεύσῃ
3348 2498 3490 2554 ἐκεῖ.

2203 2590 2350 2659 Στίχ.
2386 2597 2474 2659 ιγ’.
2507 2591 2612 2644 Καὶ
2648 2589 2972 2658 πάσσαλος
3001 2592 3174 2644 ἔσται
3201 2609 3298 2646 σοι
3329 2591 3427 2644 ἐπὶ
3460 2589 3571 2658 τῆς
3594 2589 3780 2657 ζώνης

2272 2677 2406 2730 σου.
2437 2661 2544 2714 Καὶ
2577 2661 2746 2715 ἔσται
2777 2659 2925 2730 ὅταν
2965 2661 3279 2730 καθιζάνῃς
3301 2661 3436 2726 ἔξω,
3485 2660 3585 2713 καί
3639 2661 3776 2728 ὀρύ-

2269 2729 2382 2801 ξῃς
2413 2731 2523 2801 (57)
2567 2731 2637 2784 ἐν
2667 2729 2844 2796 αὐτῷ,
2893 2732 2991 2786 καὶ
3036 2729 3429 2801 ἐπαναγαγὼν
3481 2731 3780 2800 καλύψεις

2271 2799 2386 2869 τὴν
2422 2799 2865 2870 ἀσχημοσύνην
2907 2819 3023 2856 σου
3057 2799 3272 2856 ἑαυτοῦ
3303 2799 3434 2874 (58).

2200 2892 2346 2964 Στίχ.
2374 2895 2454 2948 ιδ’.
2481 2895 2609 2948 Ὅτι
2642 2897 2854 2962 Κύριος
2890 2897 2923 2949 ό
2958 2897 3100 2962 Θεός
3132 2909 3247 2950 σου
3289 2894 3675 2964 ἐμπεριπατεῖ
3709 2894 3779 2947 ἐν

2268 2963 2342 3032 τῇ
2373 2964 2719 3034 παρεμϐολῇ
2749 2965 3063 3029 ἐξελέσθαι
3091 2981 3197 3028 σε,
3254 2963 3351 3018 καὶ
3404 2964 3779 3032 παραδοῦναί

2268 3051 2369 3104 σοι
2406 3034 2511 3087 τὸν
2532 3035 2748 3104 ἐχθρόν
2786 3053 2901 3090 σου
2946 3039 3034 3103 εὶς
3083 3035 3190 3101 τὰς
3229 3034 3432 3104 χεῖράς
3465 3052 3603 3088 σου.
3665 3034 3777 3089 Καὶ

2271 3103 2442 3158 ἔσται
2464 3106 2502 3172 ή
2534 3105 2876 3175 παρεμϐολή
2909 3122 3024 3161 σου
3055 3107 3210 3175 ἁγία,
3229 3103 3346 3159 Dicul
3369 3107 3481 3160 οὐκ
3513 3104 3774 3174 ὀφθήσε-

2278 3191 2371 3228 ται
2397 3176 2466 3228 ἐν
2489 3176 2586 3229 σοὶ
2622 3177 3023 3246 ἀσχημοσύνη
3055 3177 3415 3245 πράγματος.

2271 3265 2656 3336 Παραιτεῖσθαι
2689 3266 2787 3336 μὲν
2815 3266 2923 3335 γὰρ
2952 3267 3059 3318 πᾶν
3096 3262 3234 3328 εἶδος
3271 3262 3610 3334 ἀκαθαρσίας
3644 3260 3782 3332 πρέ-ι

2200 3371 2290 3407 πει
2329 3353 2453 3418 τοὺς
2499 3353 2943 3424 κατανδρίζεσθαι
2980 3353 3086 3407 τῶν
3128 3351 3335 3424 νοητῶν
3379 3349 3778 3420 ἐπιθυμοῦντας

2199 3443 2427 3514 ἐχθρῶν.
2478 3444 2692 3514 Ἐπειδὴ
2740 3444 2795 3497 δὲ
2849 3444 3017 3498 πολλὰ
3070 3443 3334 3514 πταίομεν
3383 3442 3640 3504 ἅπαντες,
3683 3442 3778 3495 καὶ

2199 3537 2346 3587 νοσεῖ
2385 3534 2480 3602 μὲν
2511 3537 2544 3605 ή
2601 3534 2888 3606 ἀνθρώπου
2951 3535 3112 3604 φύσις
3165 3535 3225 3588 τὸ
3280 3533 3554 3588 εὐόλισθον
3591 3535 3670 3596 εἰς
3717 3533 3780 3585 τὸ

2200 3621 2542 3693 πλημμελές·
2576 3623 2836 3692 συνήσει
2869 3625 2926 3678 δὲ
2953 3625 3126 3688 οὐδεὶς
3157 3624 3616 3693 παραπτώματα,
3635 3621 3778 3676 κατά

2199 3716 2297 3788 τὴν
2325 3715 2418 3768 τοῦ
2461 3715 2766 3780 Ψάλλοντος
2801 3718 3012 3789 φωνήν·
3050 3717 3281 3780 Γένοιτο,
3307 3717 3459 3788 φησὶ,
3512 3717 3610 3786 μιᾷ
3670 3714 3782 3767 τῶν

2199 3808 2455 3878 ἐμφύτων
2497 3809 2591 3861 καὶ
2653 3810 2709 3861 ἐν
2765 3809 2892 3880 ὑμῖν
2941 3808 3290 3881 ἀκαθαρσιῶν
3347 3805 3777 3879 περιθραύεσθαι

2203 3897 2500 3968 μονονουχὶ,
2531 3900 2624 3950 καὶ
2665 3898 2980 3953 ἀλίσκεσθαί
3017 3917 3068 3952 τι
3100 3900 3458 3968 νενοσηκότας
3510 3897 3617 3951 τῶν
3674 3897 3781 3963 ἔξω

2199 3991 2363 4060 νόμου
2393 3990 2486 4044 καὶ
2513 3990 2656 4060 ζωῆς
2680 3991 3072 4062 ἁγιοπρεποῦς.
3122 3992 3350 4044 Ἐνοικεῖ
3379 3990 3488 4061 γὰρ
3532 3992 3647 4053 τοῖς
3682 3990 3778 4059 μέ-

2199 4079 2315 4132 λεσι
2343 4079 2444 4148 τῆς
2477 4079 2678 4148 σαρκὸς
2699 4081 2799 4150 τῆς
2830 4081 3102 4152 ἁμαρτίας
3123 4079 3151 4130 ό
3186 4080 3366 4150 νόμος.
3406 4078 3627 4151 Πρῶτον
3681 4080 3784 4150 μὲν

2203 4171 2277 4242 μὴ
2307 4171 2556 4243 ἐναργῶς
2590 4172 2682 4224 καὶ
2705 4172 3022 4243 ἀκρύπτως,
3059 4174 3194 4244 μήτε
3225 4174 3330 4244 μὴν
3371 4174 3428 4225 ἐν
3480 4172 3600 4242 ὄψει
3643 4172 3778 4225 πολ-

2199 4261 2326 4327 λῶν,
2353 4263 2421 4316 τὰ
2455 4265 2518 4315 ἐκ
2551 4263 2647 4334 τῆς
2699 4264 3011 4335 ἀρρωστίας
3061 4264 3382 4336 πραττέσθω
3430 4263 3776 4334 πταίσματα·

2199 4354 2313 4408 ἀλλ’
2336 4349 2446 4408 οἷον
2488 4354 2592 4419 ἔξω
2621 4355 2905 4426 λεληθότες
2926 4395 2940 4419 ,
2977 4357 3070 4409 καὶ
3098 4357 3173 4420 ὡς
3201 4357 3472 4410 ἀπωτάτω
3501 4357 3601 4427 τῆς
3631 4372 3775 4428 παρ-

2201 4445 2471 4517 εμϐολῆς·
2508 4443 2627 4500 εἶτα
2675 4449 2794 4509 ταῖς
2825 4446 3229 4518 ἐπανορθώσεσι
3253 4447 3776 4510 κατακαλυπτέσθω,

2202 4539 2357 4609 φησί’
2385 4540 2568 4609 Σοφοὶ
2602 4539 2712 4612 γὰρ
2744 4542 3093 4609 καλύψουσι
3139 4541 3246 4606 τὰς
3288 4539 3516 4594 ἑαυτῶν
3564 4539 3780 4607 αἰσχύ-

2200 4649 2332 4699 νας,
2355 4633 2496 4686 κατὰ
2521 4632 2582 4685 τὸ
2615 4633 3014 4705 γεγραμμένον.
3048 4633 3460 4702 Καταλήγοντες
3503 4631 3612 4702 γὰρ
3669 4631 3779 4699 τῶν

2201 4723 2704 4795 πλημμελημάτων,
2738 4725 2832 4778 καὶ
2860 4728 2977 4788 ταῖς
3003 4727 3081 4787 εἰς
3112 4724 3181 4777 τὰ
3206 4724 3413 4795 ἀμείνω
3431 4726 3625 4794 ῥοπαῖς
3648 4725 3782 4777 ἀνα-

2203 4812 2590 4883 στοιχειοῦντες
2615 4814 2815 4885 τρόπον
2839 4814 2963 4868 τινὰ
3006 4814 3099 4868 τὸν
3127 4813 3272 4878 νοῦν,
3305 4815 3384 4877 είς
3409 4813 3468 4866 τὸ
3493 4813 3604 4866 δεῖν
3665 4813 3780 4867 ἐλέ-

2203 4906 2324 4961 σθαι
2373 4906 2435 4960 τὺ
2465 4906 2729 4976 ὠφελοῦν,
2790 4908 2854 4960 ἐκ
2909 4906 3074 4977 μέσου
3127 4905 3431 4976 ποιούμεθα
3478 4906 3548 4958 τὰ
3603 4923 3775 4978 προσ-

2201 4999 2546 5069 πταίσματα·
2595 5001 2689 5052 καὶ¹
2736 4999 2834 5071 τὴν
2881 5000 3121 5069 ἄκοσμον
3169 4998 3443 5070 ἁμαρτίαν
3497 5000 3620 5062 ταῖς
3667 4998 3780 5051 τῶν

2199 5089 2396 5160 ἐφεξῆς
2443 5091 2695 5154 εὐωδίαις
2759 5092 3080 5162 νικήσαντες
3115 5130 3129 5155 ,
3195 5090 3617 5161 εἰσελευσόμεθα
3672 5091 3780 5145 πά-

2196 5180 2279 5233 λιν
2301 5183 2380 5244 εἰς
2410 5182 2518 5235 τῶν
2573 5184 2743 5252 ἁγίων
2790 5182 3162 5254 παρεμϐολήν,
3217 5182 3495 5236 τουτέστιν
3547 5185 3631 5246 εἰς
3678 5184 3780 5248 τὴν

2196 5272 2305 5325 τῶν
2338 5275 2695 5344 πρωτοτόκων
2722 5275 3032 5346 ἐκκλησίαν.
3098 5277 3186 5328 Ἐν
3226 5275 3447 5347 Χριστῷ
3501 5275 3558 5328 δὲ
3617 5276 3779 5329 τοῦτο

2196 5359 2518 5432 πληροῦται,
2554 5363 2878 5436 εἰλάϐοιμεν
2929 5364 3021 5418 τὸν
3072 5364 3236 5417 αὐτοῦ
3291 5364 3554 5435 σταυρὸν,
3589 5365 3781 5438 γοργῷ

2198 5450 2308 5522 (59)
2343 5455 2436 5507 καὶ
2459 5453 2808 5526 εὐζωνοτὰτῳ
2834 5455 3137 5526 φρονήματι
3174 5455 3521 5527 κεχρημένοι.
3558 5456 3632 5508 Τὸ
3666 5457 3780 5529 γὰρ

2198 5540 2342 5611 ἔχειν
2373 5545 2523 5614 ήμᾶς
2569 5548 2661 5599 ἐπὶ
2688 5546 2780 5600 τοῦ
2810 5546 3085 5618 ζωστῆρος
3143 5545 3440 5616 πάσσαλον,
3484 5547 3655 5618 ἧγουν
3717 5546 3780 5601 ’ὡ

2275 5798 2385 5870 (59)
2411 5801 2566 5869 Cod.,
2594 5819 2750 5873 γοργ.
