4004 6560
212 396 240 415 ο
273 386 349 446 ss
1516 421 1766 481 annos.
1807 421 1874 479 IN
1913 423 2310 487 oaeneon.
3470 434 3543 493 34

277 539 445 607 ξύλον
461 582 477 604 ,
525 539 686 594 τοῦτο
732 539 974 611 πλαγίως
1026 540 1415 597 ύπαινίττεται.
1473 543 1857 616 Πνευματικῶς

1967 543 2285 603 lectualium
2319 565 2504 606 rerum
2533 551 2826 624 imaginem
2853 552 3149 611 eﬂiciamus
3173 570 3237 612 ea
3264 570 3387 627 qua:
3416 570 3542 613 cor-

277 628 378 685 οὗν
406 631 516 685 τῶν
546 631 754 703 νοητῶν
796 632 1142 689 ὑποτύπωσιν
1207 634 1518 706 ποιούμενοι
1566 635 1636 691 τά
1683 654 1870 708 σωμαι

240 752 243 755 ν
277 722 416 776 τικᾶ
437 739 453 753 ·
480 723 542 776 ού
587 723 697 795 γάρ
725 726 890 796 ἐσμεν
931 727 989 778 ὲν
1048 725 1428 799 ἀκαθαρσίαις,
1458 729 1516 782 ὲν
1573 727 1871 800 ὀφθαλμοῖς

278 815 596 887 ἐπαμύνειν
648 815 744 870 τοῦ
809 819 1171 889 πεποιηκότος
1226 819 1363 873 Θεοῦ
1413 822 1496 885 είς
1557 821 1868 894 ὲφεδρῶνας

280 904 478 969 ίόντες.
509 907 602 959 Δεῖ
623 901 718 960 οὖν
744 908 893 978 ἡμᾶς
920 909 1320 980 καταχωννύειν
1342 910 1707 983 ἀκαθαρσίας,
1748 912 1868 965 Ὅτι

279 998 500 1065 Κύριος
519 1001 830 1066 περιπατεῖ
848 1001 918 1055 ἐν
954 1000 1029 1068 τῇ
1052 1000 1420 1072 παρεμϐολῇ.
1468 1002 1717 1058 Ἐνοικεῖ
1757 1003 1865 1076 γὰρ

274 1088 432 1158 ἡμῖν
449 1091 548 1143 καὶ
572 1089 961 1161 ἐμπεριπατεῖ
976 1095 1250 1163 Χριστός.

928 1185 1088 1240 ΚΕΦ.
1115 1186 1240 1241 ΚΔ¹.
1530 1226 1539 1231 -

281 1272 397 1345 (60)
415 1272 565 1347 Στίχ.
592 1279 664 1340 ς’.
704 1277 827 1329 Οὐκ
876 1275 1266 1347 ἐνεχυρὰσεις
1292 1279 1513 1347 μύλον.
1551 1279 1694 1334 οὐδὲ
1742 1280 1867 1334 ἐπι-

453 1346 699 1414 μύλιον,
740 1347 832 1400 ὅτι
870 1346 1084 1417 ψυχὴν
1112 1346 1303 1415 οὕτως
1331 1349 1687 1418 ἐνεχυράζει.

350 1478 455 1542 Εἷς
480 1477 549 1530 τὸ
569 1478 715 1533 αὐτὸ
737 1478 957 1547 ἄλλως.
987 1481 1100 1535 Οὐκ
1118 1480 1233 1535 ἐστι
1254 1481 1421 1552 μύλος
1437 1482 1556 1536 οὐδὲ
1571 1481 1864 1555 ὲπιμύλιον

278 1568 430 1641 φυῇ
458 1569 618 1641 (60‘),
649 1571 783 1626 ἀλλά
826 1573 964 1644 πρὸς
1007 1574 1267 1646 ἐργασίαν
1293 1575 1534 1629 συντελεῖ
1564 1578 1750 1648 ἄρτου,
1795 1576 1864 1632 δι’

272 1654 338 1714 οὗ
360 1661 597 1731 μάλιστα
621 1661 787 1725 ζῶσιν
813 1663 863 1715 οἱ
888 1662 1187 1735 ἄνθρωποι.
1206 1662 1548 1734 Σημειωτέον
1564 1663 1749 1718 αὑτὸν’
1776 1664 1866 1718 διὰ

240 1822 246 1827 ξ
269 1750 337 1804 τὸ
364 1746 528 1822 αἷμα.
561 1753 671 1806 Καὶ
696 1752 804 1826 γάρ
838 1753 967 1825 περὶ
995 1753 1158 1808 αὐτοῦ
1180 1753 1377 1827 ἐλέχθη
1401 1769 1417 1786 θ
1458 1755 1587 1809 Ὀτι
1620 1755 1726 1811 τοῦ
1750 1756 1865 1810 σώ-

265 1858 465 1912 ματος
512 1843 579 1898 τὸ
617 1839 760 1914 αἷμα
790 1844 961 1915 ψυχή
1008 1846 1198 1901 ἐστιν.
1246 1846 1719 1920 Καταχρηστικῶς
1768 1845 1861 1906 οῦν

270 1932 449 1987 ταῦτα
480 1936 716 2005 νοητὲον.
735 1934 871 1989 Ούτε
898 1936 1008 2009 γὰρ
1040 1938 1099 1992 τὺ
1119 1933 1277 2010 αἷμα,
1301 1937 1425 1993 οὔτε
1445 1941 1473 1993 ὁ
1500 1938 1664 2011 μύλος
1686 1940 1854 2014 ψυχὴ,

270 2025 413 2080 ἀλλὰ
444 2027 583 2100 πρὸς
612 2028 673 2082 τὸ
700 2025 800 2101 ζῇν
831 2028 1267 2102 συμϐαλλόμενα.

910 2142 1068 2197 ΚΕΦ.
1113 2143 1238 2196 ΚΖ’.

371 2249 488 2322 (6|)
509 2252 657 2323 Στίχ.
685 2260 766 2307 ιε’.
798 2254 907 2310 Kal
941 2253 1115 2321 θήσει
1147 2255 1294 2310 αὐτὸ
1321 2256 1393 2310 ἐν
1421 2258 1764 2328 ἀποκρύφῳ.

356 2344 578 2417 Ἐπειδὴ
608 2348 754 2411 είκὺς
784 2343 877 2420 ἦν,
900 2347 1053 2412 τινὰς
1082 2348 1234 2419 φόϐῳ
1264 2350 1364 2421 τῆς
1391 2351 1657 2423 τιμωρίας
1690 2369 1858 2405 σπου-

269 2434 458 2501 δάζειν
490 2437 796 2505 λανθάνειν,
840 2439 937 2493 καὶ
981 2441 1039 2493 ὲν
1068 2439 1405 2512 παραϐύστῳ
1439 2441 1534 2496 καὶ
1566 2442 1856 2497 λανθανόν-

273 2545 382 2591 τως
409 2528 509 2600 τὴν
536 2529 792 2584 ἀσέϐειαν
835 2532 1193 2604 ἐπιτηδεύειν*
1247 2533 1385 2606 πρὸς
1428 2532 1648 2605 μείζονα
1692 2534 1856 2604 φόϐον

254 2621 371 2674 καὶ
398 2621 631 2694 ἀπειλὴν
657 2623 768 2676 τῶν
808 2622 982 2678 ταῦτα
1017 2624 1335 2690 ποιούντων,
1366 2627 1461 2680 καὶ
1513 2627 1675 2699 ἀραῖς
1720 2628 1855 2681 ὐπο-

271 2710 463 2766 suae:
492 2716 616 2778 τοὺς
641 2715 958 2788 ἀμάρτυρον
984 2717 1085 2790 τὴν
1113 2718 1389 2789 ἁμαρτίαν
1432 2717 1853 2791 ἐργαζομένους.

272 2804 524 2859 Τοιοῦτοί
561 2808 698 2861 εἰσιν
733 2810 784 2861 οἱ
823 2807 1105 2863 εὐλάὸειαν
1129 2810 1458 2864 ἐπίπλαστον
1498 2811 1858 2881 ὑποκρινόμε-

268 2912 377 2961 νοι,
406 2896 556 2951 ἔνδον
573 2898 632 2951 δὲ
661 2899 729 2953 τὰ
762 2899 910 2972 πάθη
943 2900 1383 2973 κατορύττοντες,
1405 2901 1502 2955 κα)¹
1533 2902 1592 2956 ὲν
1641 2901 1723 2973 τῷ
1755 2901 1857 2973 τῆς

268 2988 514 3054 διανοίας
538 2991 802 3061 κινήματι
823 2991 958 3064 πρὸς
980 2996 1090 3048 πᾶν
1106 2989 1243 3057 εἶδος
1276 2991 1505 3057 ἀτοπίας
1534 2990 1859 3062 ὲκϐακχευό-

274 3096 450 3149 μενοι.
488 3076 645 3135 υῦτοί
665 3083 804 3135 είσιν
836 3085 885 3137 οί
903 3086 961 3138 ὲν
974 3083 1275 3155 ἀποκρύφῳ
1298 3081 1538 3145 τιθέντες
1554 3081 1625 3135 τὰ
1637 3081 1852 3135 εἴδωλα.

274 3169 389 3239 (62)
423 3170 572 3241 Στίχ.
618 3170 704 3236 ιζ’.
765 3172 1221 3242 Ἐπικατάρατος
1269 3175 1304 3227 ό
1349 3170 1681 3241 μετατιθεὶς
1727 3170 1857 3239 ὅρια

737 3266 779 3319 ς
856 3245 963 3298 τοῦ
1003 3245 1293 3312 πλησίον.

318 3311 323 3315 θ
347 3332 516 3405 Ὅρια
535 3332 630 3387 τοῦ
659 3311 886 3405 πλησίον
915 3311 1234 3406 μετατίθησι
1271 3332 1368 3386 κα)¹
1393 3333 1423 3385 ό
1461 3332 1570 3387 ἀπὸ
1601 3332 1701 3403 τῆς
1728 3332 1857 3405 ἁλη-

269 3422 400 3488 θοῦς
424 3423 775 3493 θεογνωσίας,
803 3426 898 3480 καὶ
924 3426 1026 3496 τῆς
1058 3424 1241 3479 ἐνθέου
1295 3422 1567 3487 πολιτείας
1602 3440 1854 3495 παρασα-

266 3513 444 3568 λεύων
468 3515 560 3569 τὸν
588 3516 740 3581 ἐντὸς
770 3518 1174 3589 εὑρισκόμενον.
1210 3515 1320 3569 Καὶ
1350 3513 1500 3586 δηλοῖ
1540 3513 1608 3567 τὰ
1656 3516 1856 3585 ἐπαγό-

270 3622 414 3680 μενα
437 3604 573 3676 (65)-

270 3710 385 3783 (64)
416 3711 567 3783 Στίχ.
614 3717 704 3782 ιη’.
742 3710 1202 3835 Ἐπικαέέιέιὲῗς
1238 3715 1272 3767 d
1304 3714 1577 3793 πλανῶν.
1618 3713 1854 3784 τυφλὸν

1111 3799 1176 3847 ῳ.

345 3872 460 3927 Τοῦ
475 3872 683 3928 αὑτοῦ.
707 3871 950 3927 Τοιοῦτοί
975 3874 1081 3926 εισι
1098 3874 1191 3927 καὶ
1210 3876 1258 3927 οἱ
1282 3875 1391 3929 ἀπὸ
1406 3875 1852 3948 εἰδωλολατρείας

269 3966 366 4020 καὶ
389 3966 520 4030 τοὺς
546 3968 613 4020 ὲκ
646 3969 945 4039 περιτομῆς
968 3969 1064 4023 ἐπὶ
1119 3967 1369 4041 μυσαρὰς
1404 3968 1646 4039 αἱρέσεις
1689 3968 1851 4037 ἐφελ-

269 4057 514 4128 κόμενοι.
543 4057 794 4129 Τυφλοὺς
811 4059 919 4132 γὰρ
946 4059 1107 4124 ὂντας
1128 4061 1327 4124 αὐτοὺς
1354 4061 1446 4113 καὶ
1471 4061 1637 4132 μήπω
1660 4059 1720 4113 τὸ
1736 4059 1851 4128 φῶς

268 4147 371 4218 τῆς
388 4147 646 4219 ἀληθείας
671 4150 969 4221 ἐσχηκότας
996 4152 1090 4205 καὶ
1111 4150 1439 4222 θεογνωσίας
1459 4191 1474 4212 ,
1512 4150 1762 4211 ἀπατῶσι
1792 4150 1850 4203 δὲ

271 4239 367 4292 καὶ
391 4238 692 4305 πλανῶσιν,
726 4241 919 4314 ἑτέραν
954 4243 1077 4297 ἀντὶ
1102 4243 1199 4315 τῆς
1257 4242 1621 4313 ἀποστολικῆς
1672 4257 1851 4313 παρα-

271 4328 584 4395 δεικνύντες
603 4331 741 4385 ὁδὸν.

270 4418 387 4492 (65)
409 4384 671 4492 Στίχ.ἰθ¹.
711 4419 1166 4495 Ἐπικατάρατος
1207 4420 1277 4488 ὃς
1326 4384 1406 4495 ᾇν
1430 4423 1684 4495 ἐκκλίνῃ
1722 4428 1849 4495 κρί-

412 4489 940 4560 σιτῖπροονηλύτου
967 4491 1065 4545 καὶ
1097 4489 1360 4559 ὀρφανοῦ
1386 4494 1486 4547 καί
1518 4489 1728 4564 χήρᾱς.

1956 2091 2262 2148 conferunt.

1969 639 2177 708 poralia
2206 653 2350 696 sunt.
2394 642 2511 698 Non
2543 644 2686 699 enim
2719 661 2906 703 sumus
2934 648 2986 702 in
3017 647 3396 714 immunditiis,
3435 652 3540 704 sub

1966 728 2142 787 oculis
2181 730 2276 787 Dei
2318 733 2552 790 valentis
2592 736 2782 805 jnvare
2822 740 2913 807 qui
2968 738 3180 805 fecerit,
3224 739 3351 794 dum
3398 741 3540 796 imus

1938 820 2034 872 ad
2078 825 2480 879 exonerandam
2523 825 2725 881 alvum.
2774 827 2998 898 Oportet
3031 846 3162 900 ergo
3206 840 3266 885 ut
3301 846 3399 887 nos
3445 833 3541 887 de-

1930 938 1937 943 ο
1967 908 2238 967 fodiemus
2269 914 2638 972 immunditias
2660 959 2675 985 ,
2731 920 2870 984 Quia
2905 920 3163 977 Dominus
3197 922 3459 977 ambulat"
3480 924 3538 978 in

1965 1004 2172 1058 castris.
2217 1003 2437 1062 Habitat
2479 1010 2626 1065 enim
2664 1010 2721 1065 in
2751 1012 2924 1079 nobis,
2964 1025 3012 1067 et
3053 1013 3347 1069 inambulat
3377 1014 3538 1069 Chri-

1966 1105 2079 1151 stus
2108 1096 2176 1150 “.

2549 1193 2708 1249 CAP.
2754 1195 2947 1252 XXIV.

1965 1287 2030 1342 η.
2050 1289 2104 1345 6.
2124 1289 2250 1345 Non
2272 1289 2491 1356 accipies
2512 1288 2569 1340 in
2591 1289 2777 1356 pignus
2801 1287 3016 1351 molam,
3041 1305 3202 1358 neque
3223 1289 3363 1356 quod
3384 1294 3538 1345 male

2033 1362 2422 1430 superponitur.
2442 1361 2692 1426 quoniam
2731 1360 2961 1411 animum
2977 1359 3051 1411 sic
3067 1359 3120 1412 in
3140 1360 3328 1429 pignus
3352 1362 3534 1413 tradit.

2034 1448 2104 1505 In
2149 1451 2387 1506 eumdem
2437 1449 2612 1502 locum
2643 1450 2819 1503 aliter.
2848 1449 2964 1504 Non
3016 1449 3181 1505 habet
3220 1450 3417 1505 molam
3443 1461 3538 1507 aut

1964 1539 2109 1609 quod
2156 1539 2312 1595 mola:
2356 1536 2759 1608 superponitur,
2792 1538 2975 1592 anima
3013 1555 3029 1595 :
3070 1542 3166 1593 sed
3211 1537 3427 1594 confert
3470 1541 3538 1595 ad

1965 1629 2271 1685 faciendum
2319 1636 2517 1699 panem
2544 1666 2560 1692 ,
2602 1641 2711 1698 quo
2758 1628 2993 1683 maxime
3039 1628 3224 1682 vivant
3265 1629 3534 1685 homines.

1964 1720 2269 1776 Notandum
2319 1721 2419 1775 hoc
2469 1721 2642 1790 ipsum
2674 1729 2899 1789 propter
2931 1720 3273 1788 sanguinem.
3305 1719 3439 1775 Nam
3477 1730 3537 1776 et

1965 1812 2030 1867 de
2073 1813 2190 1881 ipso
2223 1811 2428 1867 dictum
2466 1820 2597 1867 est:
2631 1810 2774 1877 Quia
2816 1812 3050 1879 corporis
3089 1812 3309 1881 sanguis
3348 1814 3531 1866 anima
3610 1881 3615 1889 ι

1891 1898 1934 1955 Β
1960 1920 2035 1960 est
2064 1905 2132 1962 ³².
2163 1905 2269 1960 Per
2298 1905 2643 1960 catachresin
2686 1906 2803 1960 haec
2838 1912 2967 1959 sunt
3016 1903 3387 1974 intelligenda.
3417 1902 3528 1959 Nec

1958 1999 2100 2053 enim
2131 1997 2215 2052 vel
2242 1997 2481 2067 sanguis,
2512 1996 2596 2052 vel
2626 1996 2767 2051 mola
2801 1995 2981 2050 anima
3010 2005 3116 2059 est,
3145 1996 3235 2050 sed
3260 1997 3329 2049 ad
3357 1998 3525 2051 vitam

2530 2159 2681 2215 CAP.
2731 2157 2947 2214 XXVII.

2254 2251 2319 2307 Υ.
2347 2253 2434 2306 15.
2472 2251 2534 2305 Et
2564 2263 2715 2321 ponet
2752 2251 2887 2305 illud
2920 2252 2973 2306 in
3001 2250 3223 2305 occulto.

2028 2342 2293 2411 Quoniam
2343 2343 2640 2400 verisimile
2672 2352 2830 2408 erat,
2863 2342 3147 2397 nonnullos
3182 2352 3326 2395 metu
3359 2354 3531 2411 pinnat

1958 2438 2179 2492 studere
2202 2435 2390 2501 latere,
2426 2435 2931 2505 exercitaturosque
2962 2433 3081 2489 fore
3110 2433 3441 2502 impietatem
3476 2434 3529 2487 in

1957 2529 2283 2585 abscondito
2323 2537 2377 2583 et
2402 2526 2781 2594 clandestine;
2809 2528 2877 2582 ad
2919 2524 3177 2593 majorem
3230 2534 3433 2578 metum
3466 2539 3531 2578 ac

1957 2619 2136 2675 minas
2167 2619 2220 2673 in
2260 2632 2357 2673 eos
2390 2617 2482 2688 qui
2517 2617 2632 2673 haec
2674 2615 2964 2685 facerent,
3003 2617 3170 2672 etiam
3220 2614 3532 2671 maledictis

1957 2710 2220 2765 obnoxios
2257 2707 2387 2764 facit
2421 2708 2466 2763 si
2497 2709 2616 2763 sine
2650 2708 2882 2763 testibus
2911 2714 3190 2776 peccatum
3226 2714 3528 2776 patrarent.

1912 2840 1915 2843 -
1960 2803 2119 2860 Tales
2146 2813 2276 2859 sunt
2304 2801 2396 2872 qui
2428 2801 2737 2857 simulatam
2768 2801 3027 2873 pietatem
3062 2816 3172 2870 pra:
3200 2813 3261 2854 se
3306 2797 3489 2853 ferunt
3511 2836 3528 2861 .

1958 2895 2186 2950 interius
2217 2909 2345 2949 vero
2369 2893 2617 2948 morbum
2641 2890 2914 2946 defossum
2950 2889 3171 2955 habent,
3197 2901 3253 2944 et
3284 2889 3336 2943 in
3363 2887 3530 2942 animi

1957 2993 2106 3040 motu
2135 2984 2204 3039 ad
2247 2998 2410 3038 omne
2436 2998 2608 3054 genus
2642 2982 2999 3052 turpitudinis
3015 2981 3437 3037 debacchantur.
3465 2976 3530 3032 lli

1956 3085 2084 3131 sunt
2109 3077 2199 3146 qui
2231 3076 2287 3130 in
2317 3075 2534 3130 occulto
2566 3075 2710 3130 idola
2743 3083 2969 3144 ponunt.

2064 3170 2131 3225 γ.
2170 3171 2251 3226 l7.
2283 3169 2599 3225 Haledictus
2622 3172 2713 3240 qui
2737 3168 2992 3239 transfert
3017 3168 3152 3238 ﬁnes
3172 3166 3419 3237 proximi.

2026 3309 2189 3366 Fines
2231 3310 2464 3380 proximi
2505 3306 2766 3364 transfert
2792 3316 2849 3363 et
2890 3308 2937 3363 is
2963 3347 2978 3371 ,
3022 3306 3114 3378 qui
3151 3320 3182 3360 a
3216 3304 3395 3361 veraci
3435 3303 3525 3358 Dei

1956 3402 2261 3473 cognitione
2291 3441 2306 3465 ,
2332 3411 2387 3456 et
2432 3400 2614 3455 divino
2659 3398 2919 3469 regimina
2947 3399 3230 3453 submovet
3257 3410 3403 3460 eum,
3434 3394 3526 3464 qui

1957 3495 2099 3549 intra
2130 3494 2231 3549 bos
2284 3491 2421 3549 flues
2470 3492 2762 3563 reperitur.
2796 3490 2961 3560 quue
2991 3490 3277 3561 sequentia
3305 3488 3525 3558 planum

1955 3586 2181 3642 faciunt.

2011 3725 2077 3781 γ.
2113 3724 2200 3782 i8.
2233 3723 2548 3807 Haledictus
2573 3722 2663 3794 qui
2691 3737 2871 3777 errare
2895 3720 3025 3793 facit
3055 3736 3251 3776 eccum
3274 3719 3330 3773 in
3363 3719 3469 3774 via.

2025 3884 2305 3956 Ejusdem.
2338 3882 2501 3939 Tales
2532 3892 2660 3938 sunt
2686 3889 2742 3936 et
2771 3881 2829 3947 ii,
2862 3879 2953 3950 qui
2983 3877 3230 3933 homines
3261 3878 3330 3932 ab
3358 3874 3531 3929 idolo-

1955 3976 2146 4032 latrico
2174 3974 2322 4031 cultu
2349 3984 2405 4029 et
2441 3972 2858 4029 circumcisione
2883 3970 2951 4025 ad
2980 3968 3377 4024 abominandas
3416 3966 3528 4020 bat-

1954 4084 2102 4124 reses
2130 4068 2473 4139 pertrahunt.
2508 4064 2642 4120 Cum
2669 4064 2816 4118 enim
2856 4063 2981 4118 caeci
3014 4061 3164 4125 sint,
3195 4070 3252 4115 et
3296 4061 3525 4113 necdum

1954 4160 2130 4214 lumen
2161 4156 2406 4229 veritatis
2458 4155 2697 4210 habeant
2738 4170 2801 4209 ac
2830 4150 3158 4222 cognitionis
3207 4148 3299 4203 Dei
3325 4189 3341 4212 ,
3380 4147 3528 4202 deci-

1952 4248 2104 4318 piunt
2137 4256 2230 4302 eos
2253 4254 2308 4301 et
2336 4245 2601 4299 aberrare
2631 4242 2876 4308 faciunt,
2909 4240 3071 4296 aliam
3116 4238 3186 4294 ab
3229 4238 3524 4309 apostolica

1952 4340 2387 4396 demonstrantes
2415 4337 2577 4390 viam.

2022 4430 2090 4487 V.
2115 4429 2206 4486 l9.
2236 4428 2555 4484 Maledictus
2592 4425 2889 4497 quicunque
2922 4422 3154 4497 declinat
3186 4419 3455 4490 judicium

2288 4497 2562 4568 proselyti,
2583 4494 2634 4549 et
2666 4495 2888 4564 οινρὴαηὶ
2912 4504 2959 4546 et
2984 4494 3178 4547 vidum.

351 4582 491 4636 Ὑπὸ
518 4584 616 4655 τὴν
645 4584 815 4656 αὐτὴν
844 4584 985 4656 ἀρὰν
1018 4584 1198 4655 τίθησι
1228 4586 1353 4649 τοὺς
1375 4585 1635 4652 ὡσαύτως
1668 4589 1849 4643 ἐκκλί-

2023 4590 2211 4647 Eidetn
2237 4588 2602 4644 maledictioni
2649 4585 2872 4654 subiicit
2901 4583 2991 4655 qui
3022 4583 3214 4639 eodem
3240 4581 3402 4635 modo
3425 4580 3521 4634 de-

268 4689 462 4738 νοντας
490 4675 674 4746 κρίσιν
698 4674 1039 4746 προσηλύτου
1090 4676 1184 4730 καὶ
1239 4677 1477 4749 ὀρφανοῦ
1520 4680 1615 4734 καὶ
1647 4665 1844 4754 χήρας,

1954 4684 2159 4741 clinant
2188 4683 2452 4755 judicium
2498 4679 2756 4751 proselyti
2782 4718 2798 4744 ,
2841 4687 2897 4733 et
2939 4675 3169 4746 orpltani
3219 4684 3273 4729 et
3303 4673 3478 4728 vidua!
3507 4687 3529 4727 :

267 4764 443 4828 ἄλλως
474 4782 592 4829 πως
619 4764 780 4818 πάλιν
807 4764 869 4818 τὸ
896 4765 1028 4819 αὐτὸ
1050 4765 1237 4820 εἰπών.
1290 4768 1353 4820 El
1409 4766 1517 4841 γὰρ
1576 4769 1636 4823 τὸ
1684 4772 1848 4843 ῥητὸν

1963 4774 2060 4830 alio
2103 4782 2260 4846 pacto
2300 4771 2702 4844 quodammodo
2748 4770 2889 4824 idem
2945 4768 3153 4825 dicens.
3217 4762 3331 4820 Etsi
3380 4762 3529 4817 enim

266 4857 381 4929 ἔχει
410 4856 473 4910 τὸ
509 4855 795 4928 όφέλειμον
828 4854 961 4929 (66),
1000 4856 1134 4911 ἀλλὰ
1153 4857 1244 4911 καὶ
1276 4859 1309 4930 ἡ
1338 4857 1537 4932 θεωρία
1565 4861 1624 4915 τὸ
1650 4862 1848 4934 ὑψηλός

1963 4869 2137 4937 ipsum
2177 4865 2403 4920 verbum
2445 4878 2597 4918 suam
2628 4861 2921 4916 utilitatem
2954 4858 3119 4914 habet
3143 4896 3159 4923 ,
3211 4865 3266 4911 at
3316 4854 3528 4909 tbeoria

265 4966 445 5020 τερον.
468 4948 805 5021 Προσήλυτοι
834 4949 943 5022 γάρ
971 4952 1109 5003 εἰσιν
1132 4951 1182 5003 οἱ
1210 4950 1269 5018 ἐξ
1294 4949 1463 5006 ἐθνῶν
1492 4954 1751 5019 εἰσιόντες
1781 4958 1846 5027 τῇ

1963 4960 2113 5015 etiam
2182 4955 2467 5011 sublimius
2513 4954 2718 5024 aliquid
2770 4952 3005 5008 obtinet.
3051 4948 3322 5021 Proselyti
3382 4947 3527 5001 enim

265 5041 403 5111 ἁγίᾳ
425 5039 524 5093 τοῦ
548 5039 686 5094 Θεοῦ
726 5040 1041 5113 Ἐκκλησία.
1074 5041 1139 5095 Οί
1167 5041 1225 5095 δὲ
1262 5044 1491 5115 ὀρφανοὶ
1534 5045 1739 5118 κυρίως
1768 5049 1849 5100 εί-

1963 5056 2100 5111 sunt,
2131 5047 2223 5117 qui
2256 5061 2322 5100 ex
2349 5044 2600 5117 gentibus
2621 5052 2869 5098 sanctam
2901 5042 2993 5097 Dei
3027 5038 3408 5110 ingrediuntur
3432 5034 3531 5088 Ec-

270 5134 353 5187 σὶν
379 5133 435 5186 oi
467 5132 875 5204 ἀποταξάμενοι
908 5133 1005 5205 μὲν
1033 5132 1113 5205 τῷ
1141 5134 1349 5188 ἑαυτῶν
1374 5136 1542 5208 πατρὶ
1569 5136 1648 5208 τῷ
1677 5138 1853 5192 Σατα-

1963 5138 2191 5195 :lesiam.
2225 5133 2465 5206 Orphani
2494 5135 2713 5205 proprie
2750 5143 2879 5190 sunt
2910 5132 2970 5196 ii,
2994 5131 3086 5202 qui
3118 5127 3368 5208 nuntium
3399 5125 3527 5178 mit-

266 5226 353 5296 νᾷ,
379 5224 608 5297 μηδέπω
640 5224 697 5277 δὲ
716 5223 807 5279 τὸν
846 5223 1054 5296 Ἰησοῦν
1086 5224 1458 5297 ἐνδυσάμενοι,
1482 5206 1598 5281 ἀλλ’
1621 5206 1700 5282 ἔτι
1753 5231 1851 5283 κα)⁵

1963 5240 2127 5285 tentes
2156 5228 2297 5298 patri
2334 5241 2434 5282 suo
2463 5225 2681 5281 Satante
2705 5265 2721 5292 ,
2753 5225 2989 5281 necdum
3024 5232 3202 5276 tamen
3235 5206 3417 5272 Jésum
3445 5214 3529 5268 iu-

267 5315 696 5389 κατηχουμένοις
707 5316 1011 5389 ὲνάριθμοι.
1055 5316 1285 5388 Ὁμοίως
1312 5317 1369 5372 δὲ
1402 5320 1496 5372 καὶ
1521 5314 1665 5374 οὗτοι
1693 5320 1857 5393 χῆραί

1963 5320 2222 5387 luentes,
2268 5319 2448 5374 adhuc
2487 5318 2629 5373 inter
2673 5317 3096 5379 catechumenos
3147 5316 3524 5365 numerantur.

268 5411 427 5474 εἰσιν,
463 5410 901 5482 ἀποστραφεῖσαι
935 5408 1032 5481 μὲν
1073 5409 1164 5463 τὸν
1196 5411 1699 5483 ἐγκατασπείροντα
1753 5414 1853 5468 αύ-

1963 5410 2226 5468 Similiter
2260 5424 2477 5480 quoque
2511 5410 2567 5465 bi
2602 5410 2779 5465 vidua:
2805 5416 2951 5473 sunt,
2979 5419 3097 5475 quae
3125 5413 3390 5461 aversata:
3408 5403 3530 5473 qui-

339 5523 385 5557 “
419 5522 464 5578 ll
490 5523 618 5580 Cor.
644 5539 720 5590 VI,
755 5523 841 5579 l6.
932 5524 979 5556 ”
1000 5523 1130 5580 ιον.
1151 5541 1283 5590 xvn,
1312 5524 1396 5580 ll.

361 5616 453 5687 60)
480 5617 615 5688 Cod.
648 5618 775 5684 554,
800 5633 924 5688 pag.
955 5619 1083 5674 228.
1738 5683 1776 5688 __
2021 5614 2136 5688 (65)
2161 5614 2368 5688 βοηθεῖ
2392 5615 2820 5673 Tbeodoretum.

363 5635 1187 5762 gibbigétziiieggiﬁifiim,
1222 5690 1654 5760 vertendumque
1678 5706 1695 5744 :
1720 5683 1777 5741 Ν
1781 5700 1851 5742 an

266 5753 423 5841 est};
440 5753 847 5841 _n_nima._§prr.
874 5753 1127 5816 Puni":
1150 5753 1181 5762 ’⁷
1562 5753 1583 5760 ”
2372 5823 2386 5841 ο

340 5828 423 5898 (οι
478 5828 613 5899 Pag.
646 5828 777 5885 εει.

340 5833 454 5971 (sai
486 5899 624 5956 Ibid.

2027 5823 2140 5899 (66)
2169 5823 2331 5883 Forte
2356 5823 2674 5897 ὠφέλιμον.-

336 5900 454 5970 (62)
486 5900 624 5956 Ibid.
