4016 6530
606 369 679 427 35
1484 367 2041 426 SUPPLEME‘NTUM
2074 368 2170 423 AD
2208 364 2531 426 ORIGENIS
2568 366 2976 425 EXEGETICA.
3768 375 3837 431 56

605 491 727 543 dem
747 497 881 546 sunt
904 504 1028 546 eum
1056 528 1072 554 ,
1098 490 1190 559 qui
1236 490 1288 545 in
1323 490 1458 560 ipsis
1497 492 1804 546 seminabat
1842 492 2191 561 perditionis.

2263 493 2376 553 τοῖς
2405 488 2475 542 τὰ
2496 489 2594 559 τῆς
2620 490 2896 554 ἀπωλείας
2930 491 3222 562 σπέρματα
3246 507 3259 520 ·
3300 489 3455 545 οὔπω
3481 492 3560 546 ,δὲ
3600 491 3677 562 τῷ
3712 494 3842 564 Χρι-

608 581 816 634 setuina
838 618 856 644 ,
890 581 1117 635 necdum
1146 589 1327 633 autem
1357 579 1573 633 Christo
1595 578 1827 647 copulati
1853 618 1870 642 ,
1911 590 2165 645 tanquam

2270 582 2382 653 στῷ
2405 582 2790 654 ἀρμοσθέντες,
2808 583 2885 647 ὡς
2905 584 3044 655 ἁγνὴ
3076 582 3363 655 παρθένος,
3392 584 3534 639 κατά
3561 586 3653 639 τὸν
3702 586 3842 641 θεὶον

603 684 753 728 casta
803 673 957 743 virgo
983 713 999 734 .
1041 670 1193 738 juxta
1227 672 1470 725 divinum
1502 671 1845 739 Apostolum.
1874 668 1981 735 ραι
2007 670 2167 739 igitur

2280 673 2618 733 Ἀπόστολον.
2645 675 2709 726 (ιι
2725 670 2817 729 οὖν
2832 674 3168 739 ἐκκλίνοντες
3180 675 3277 746 τὴν
3301 676 3481 747 κρίσιν
3498 676 3722 740 τούτων,
3751 678 3843 730 καὶ

603 765 882 821 declinant
905 764 1168 832 judicium
1197 763 1447 828 istorum,
1471 779 1573 819 nec
1600 764 1818 826 tradunt
1848 762 1951 817 illis
1980 763 2163 816 since-

2272 764 2348 835 μὴ
2378 765 2759 838 παραδιδόντες
2792 767 2975 829 αὐτοῖς
3010 766 3295 820 ἀνόθευτον
3324 766 3385 819 τὸ
3415 768 3515 837 τῆς
3558 766 3842 830 εὐσεϐείας

604 872 724 911 rum
756 871 823 910 ac
859 855 1158 926 genuinum
1192 855 1466 925 religionis
1495 856 1835 925 mysterium,
1866 855 1966 908 sub
1993 853 2165 908 male-

2314 858 2586 928 υστήριον,
2609 857 2715 911 ὑπὸ
2734 859 2979 927 κατάραν
2996 858 3153 911 εἰσίν.
3187 858 3296 911 Καὶ
3316 857 3386 911 τά
3408 858 3545 913 ἀλλα
3558 859 3623 913 δέ
3644 877 3728 924 τις
3755 878 3841 929 φι-

604 954 751 1007 dicto
781 922 927 1005 sunt.
955 949 1074 1002 Alia
1102 922 1318 1017 quoque
1355 922 1603 1003 studiose
1646 948 1769 1016 quis
1798 961 2121 1014 percurrens
2145 985 2161 1010 ,

2320 948 2506 1011 ιπόνως
2538 948 2788 1015 ἐπεξιὼν,
2836 949 3124 1018 δυνήσεται
3158 933 3542 1021 πνευματικῶς
3590 951 3837 1024 θεωρεῖν,
3881 922 3906 957 θ’

602 1043 804 1112 poterit
837 1041 1198 1111 spiritualiter
1244 1040 1542 1105 meditari,
1586 1050 1802 1094 servata
1835 1040 2161 1105 interpreta-

1457 1040 1497 1093 ri
1523 1080 1542 1105 ,
1586 1050 1802 1094 servata
1835 1040 2161 1105 interpreta-
2268 1039 2584 1113 σωζομένης
2606 1042 2706 1112 τῆς
2731 1041 3043 1114 ἑρμηνείας.

602 1135 747 1188 tione
773 1133 901 1188 hac.
977 1134 984 1141 ’

616 1226 703 1283 Ν.
730 1226 822 1280 26.
854 1223 909 1277 Μ
916 1225 1197 1297 aledictus_
1216 1224 1384 1274 omnis
1416 1222 1590 1297 homo.
1615 1220 1705 1297 qui
1730 1236 1831 1297 non
1858 1229 2125 1288 permanet

2266 1224 2552 1297 (οηετιχ.
2579 1230 2690 1297 κς.
2730 1222 3190 1297 ’ῌπικᾳτάραζος
3210 1219 3338 1297 πᾶς
3370 1221 3684 1297 ἄνθρωπος
3705 1260 3721 1285 ,
3765 1220 3833 1289 ὃς

950 1297 1005 1347 in
1033 1293 1272 1347 omnibus
1305 1292 1626 1344 sermonibus
1658 1291 1806 1359 legis.
2275 1291 2283 1297 ’
2334 1291 2445 1347 οὐκ
2472 1291 2536 1363 ἐρ

2275 1291 2283 1297 ’
2334 1291 2445 1347 οὐκ
2472 1291 2709 1363 ἐμμένει
2742 1294 2815 1346 ἐν
2851 1293 2999 1347 πᾶσι
3028 1292 3153 1357 τοῖς
3183 1293 3391 1360 λόγοις
3423 1292 3529 1344 τοῦ
3554 1292 3763 1361 νόμου.

664 1387 821 1450 Illud,
860 1389 914 1441 in
940 1389 1201 1451 omnibus.
1228 1386 1371 1457 quod
1404 1385 1803 1452 occurritapud
1841 1382 2165 1452 Septuagin-

2334 1384 2429 1447 Τὸ,
2460 1387 2530 1437 ἐν
2572 1383 2743 1445 πᾶσι,
2788 1383 3036 1453 κείμενον
3070 1382 3221 1452 παρά
3259 1385 3371 1445 τοῖς
3412 1382 3831 1453 Ἐϐδομήκοντα.

596 1487 654 1533 ta
679 1520 695 1544 ,
722 1480 1080 1533 conﬁrmatur
1105 1494 1173 1534 ex
1208 1477 1552 1534 Samaritano
1582 1474 1925 1545 antigrapbo,
1963 1474 2019 1528 in
2055 1488 2163 1541 quo

2264 1474 2524 1547 κυροῦται
2545 1475 2653 1529 ἀπὸ
2680 1475 2773 1528 τοῦ
2815 1473 3211 1545 Σαμαρειτικοῦ
3242 1474 3600 1546 ἀντιγράφου,
3623 1476 3682 1527 ὲν
3707 1467 3753 1542 ᾧ
3775 1473 3835 1527 τὸ

593 1569 749 1633 Chal.
780 1571 833 1625 id
860 1581 963 1635 est,
988 1571 1225 1623 omnibus
1260 1569 1343 1622 vel
1371 1570 1571 1635 omnia,
1603 1567 1793 1621 haberi
1822 1565 2157 1619 invenimus.

2264 1567 2397 1637 χὸλ,
2424 1568 2561 1637 ὅπερ
2610 1568 2726 1621 ἐστὶ
2767 1565 2956 1621 πᾶσιν
3004 1565 3037 1635 ἢ
3077 1563 3290 1630 πάντα,
3340 1566 3635 1637 φερόμενον
3682 1564 3835 1638 εὖρο-

570 1663 803 1732 Quibus
851 1662 1092 1717 concinit
1138 1672 1196 1716 et
1247 1661 1530 1730 Apostolus
1576 1660 1808 1715 dicens:
1845 1657 2156 1725 Quicunque

2267 1673 2386 1727 μεν.
2423 1653 2517 1721 Οἷς
2552 1657 2766 1730 συνᾴδει
2817 1656 2913 1709 καὶ
2960 1655 2989 1706 ὁ
3037 1655 3353 1719 Ἀπόστολος
3400 1657 3573 1725 λέγων
3596 1673 3610 1687 ο
3671 1659 3834 1712 Ὅσοι

593 1754 734 1807 enim
767 1768 832 1806 ea:
856 1752 1098 1821 operibus
1132 1752 1263 1821 legis
1290 1760 1412 1804 sunt
1432 1789 1447 1814 ,
1478 1750 1574 1804 sub
1619 1748 1899 1801 maledicto
1935 1755 2058 1800 sunt
2090 1744 2158 1800 ³³.

2265 1745 2372 1814 γὰρ
2399 1744 2467 1810 ἐξ
2503 1745 2692 1816 ἔργων
2731 1746 2918 1815 νόμου
2948 1744 3126 1809 εἰσιν,
3179 1747 3299 1800 ὑπὸ
3353 1746 3616 1815 κατάραν
3652 1748 3830 1802 εἰσιν.

592 1842 957 1911 Quamobrem
1001 1843 1095 1912 qui
1134 1856 1261 1896 sunt
1289 1857 1353 1896 es
1383 1838 1795 1896 circumcisione
1828 1836 2162 1892 convincun-

2264 1836 2422 1889 Ὅθεν
2454 1838 2501 1890 oi
2529 1838 2592 1890 ὲκ
2616 1838 2915 1910 περιτομῆς
2938 1837 3245 1908 ἐλέγχονται
3262 1838 3371 1892 ὑπὸ
3391 1840 3631 1911 κατάραν
3660 1840 3828 1903 ὄντες,

590 1945 683 1989 tur
710 1936 809 1990 sub
842 1918 1131 1989 maledicto
1156 1948 1304 2000 esse,
1337 1941 1626 2002 propterea
1660 1930 1806 2000 quod
1837 1928 2020 1983 omnia
2050 1944 2157 1984 non

1411 1941 1626 2002 spterea
1660 1930 1806 2000 quod
1837 1928 2020 1983 omnia
2050 1944 2157 1984 non
2263 1925 2325 1978 τὸ
2349 1924 2460 1996 (68)
2496 1923 2571 1996 μὴ
2605 1926 2781 1979 πάντα
2807 1930 2997 1980 ποιεῖν.

592 2025 829 2082 faciunt.

1173 2114 1327 2171 CAP.
1371 2111 1610 2169 ΧΧΧΠΙ.

2883 2109 3039 2161 ΚΕΦ.
3083 2109 3202 2163 Al".

842 2207 909 2264 V.
935 2208 990 2264 6.
1028 2206 1180 2263 Vivat
1222 2207 1436 2269 liubint,
1459 2216 1632 2259 etnon
1663 2205 1905 2258 moritor.
2347 2199 2424 2252 Στ

2347 2197 2499 2269 Στίχ.
2532 2206 2604 2264 ς’.
2630 2198 2795 2267 Ζήτω
2832 2201 3083 2271 Ῥουϐὶμ,
3130 2202 3228 2255 καὶ
3250 2201 3337 2271 μὴ
3366 2201 3728 2257 ἀποθανέτθω.

662 2296 803 2366 Quia
835 2298 1008 2355 Iacob
1048 2300 1290 2353 moriens
1311 2301 1454 2353 mala
1491 2297 1821 2362 imprecatus
1845 2293 2023 2348 fuerat
2046 2290 2160 2346 Ru-

2344 2289 2563 2362 Ἐπειδὴ
2637 2290 2832 2346 Ἰακὼϐ
2889 2292 3247 2365 ἀποθνήσκων
3326 2292 3673 2365 κατηράσατο
3752 2291 3828 2364 τῷ

586 2387 739 2445 bimo
760 2388 947 2444 dicens
974 2408 989 2443 :
1032 2387 1181 2442 Velut
1205 2404 1346 2455 aqua
1373 2402 1476 2441 non
1500 2386 1805 2455 επεν-ηεσιοδ
1835 2382 1915 2449 ἰς
1947 2382 2158 2454 Moyses

2272 2382 2497 2453 Ῥουϐὶμ
2524 2384 2695 2452 λέγων
2714 2401 2726 2414 ι
2766 2386 2859 2451 Ὠς
2892 2384 3047 2453 ὕδωρ
3069 2385 3155 2454 μὴ
3186 2385 3453 2454 ἐκζέσῃς.
3497 2385 3555 2439 '0
3586 2387 3824 2458 Μωῦσῆς

587 2479 914 2535 benedicens
961 2479 1131 2534 dicit:
1169 2477 1321 2532 Vivat
1378 2476 1607 2541 Rubim,
1660 2484 1710 2529 et
1756 2491 1860 2528 non
1915 2474 2155 2530 moritor.

2258 2473 2496 2541 εὐλογῶν
2528 2491 2690 2545 φησι’
2721 2473 2888 2542 Ζήτω
2929 2476 3182 2546 Ῥουόὶμ,
3210 2476 3307 2530 καὶ
3341 2475 3429 2546 μὴ
3458 2475 3818 2531 ἀποθανέτω.

528 2603 534 2609 -
589 2569 892 2641 Utrumque
911 2570 1071 2625 belle.
1098 2570 1311 2624 Etenim
1340 2578 1494 2638 pater
1510 2567 1783 2623 maledicit
1812 2566 1862 2621 ei
1897 2577 2114 2634 tanqual

2274 2565 2582 2638 ’Ᾱμφότερα
2603 2567 2801 2631 καλῶς.
2832 2569 2900 2621 ’⁸0
2926 2584 2985 2622 τε
3009 2568 3118 2640 γὰρ
3139 2569 3321 2640 πατὴρ
3344 2569 3649 2640 κατήραται
3679 2566 3824 2637 αὑτῷ

588 2678 710 2718 cum
734 2662 1036 2718 concubina
1089 2662 1329 2723 coeunti.
1376 2662 1443 2716 de
1485 2660 1859 2716 consecuturis
1880 2660 2157 2722 erudiens,

2257 2658 2334 2724 ὡς
2364 2662 2429 2730 τῇ
2463 2659 2710 2731 παλλακῇ
2752 2659 3084 2724 συνελθόντι,
3124 2660 3193 2713 τά
3240 2659 3367 2730 ἑξῆς
3408 2658 3676 2713 παιδεύων
3732 2660 3825 2711 καὶ

583 2764 643 2809 et
672 2764 818 2810 metu
859 2754 1184 2824 percellens.
1214 2755 1287 2808 At
1316 2753 1531 2823 Moyses
1552 2754 1677 2823 jure
1714 2752 1988 2807 benedicit
2014 2761 2159 2819 post-

2261 2749 2485 2820 ‹ι›οϐ‹ἶ›ν.’⁸
2516 2751 2612 2804 κα)⁵
2631 2752 2869 2822 Μωύσῆς
2892 2750 3116 2814 δικαίως
3144 2750 3359 2820 εὐλογεῖ
3413 2750 3551 2822 μετά
3610 2748 3785 2804 ταῦτα
3806 2764 3820 2779 ·

587 2847 745 2915 haec;
779 2849 909 2918 quia
933 2847 1080 2902 solus
1107 2846 1346 2916 Josepho
1371 2854 1708 2917 pepercerat,
1740 2845 1955 2915 quando
1980 2859 2103 2899 eum
2128 2858 2159 2896 e

2260 2841 2445 2912 ἐπειδὴ
2483 2841 2640 2913 μόνος
2668 2841 2918 2912 ἐφείσατο
2953 2842 3046 2896 τοῦ
3086 2841 3300 2915 Ἰωσὴφ,
3351 2842 3441 2895 ὅτε
3465 2841 3673 2895 ἀνελεῖν
3724 2840 3824 2893 αύ-

587 2940 770 2993 medio
817 2938 1010 2994 tollere
1057 2940 1257 2993 fratres
1299 2937 1417 3005 ejus
1466 2936 1745 2992 volebant.
1789 2935 1976 3004 Neque
2011 2935 2156 2989 enim

2258 2934 2350 2988 τὸν
2384 2934 2667 2990 ἐϐούλοντο
2697 2937 2747 2989 οἱ
2774 2934 2995 3003 ἀδελφοὶ
3013 2933 3200 2988 αὐτοῦ.
3226 2935 3459 2988 ιἈτοπον
3486 2933 3545 2986 δὲ
3563 2928 3631 3004 ἦν
3664 2931 3822 2985 κατά-

586 3045 689 3102 par
725 3041 846 3087 erat
933 3038 993 3085 ut
1024 3029 1335 3084 maledictio
1380 3029 1601 3099 quidem
1648 3027 1924 3082 obtineret
1968 3037 2157 3082 contra

2261 3044 2363 3099 ραν
2392 3028 2489 3098 μὲν
2518 3027 2870 3100 προχωρῆσαι
2894 3026 3034 3080 κατά
3058 3027 3456 3099 ἡμαρτηκότος,
3486 3023 3735 3093 εὐλογίαν
3766 3021 3822 3076 δὲ

582 3132 925 3192 peccantem,
955 3119 1268 3175 benedictio
1302 3133 1432 3174 vero
1468 3134 1577 3173 non
1603 3118 1825 3173 daretur
1847 3119 2154 3173 emendanti

1468 3134 1577 3173 non
1603 3118 1825 3173 daretur
1847 3119 2154 3173 emendanti
2264 3119 2342 3191 μὴ
2369 3120 2588 3190 δοθῆναι
2613 3118 3038 3191 κατορθώσαντι.

584 3214 735 3283 quod
765 3213 994 3270 fecerat.

1648 3500 2255 3588 ΩΡΙΓΕΝΟΥΣ
2287 3500 2773 3587 ΕΚΛΟΓΑΙ

1793 3682 1901 3734 ΕΙΣ
1933 3679 2188 3734 ῐιίΣΟΥΝ
2221 3679 2358 3732 ΤΟΝ
2390 3679 2604 3732 ΝΛΥΗ.

577 3965 1161 4069 ORIGENIS
1242 3967 2206 4095 AD‘NO'I‘A'I‘IONES
2263 3971 2386 4057 ΙΝ
2474 3970 2857 4061 JESUM
2940 3970 3367 4059 FlLlUM
3442 3971 3806 4064 NAVE.

1802 4160 1893 4224 (Ex
1920 4158 2218 4209 Bibliotheca
2248 4159 2603 4225 Gallandiana.)

1207 4421 1367 4480 CAP.
1406 4421 1496 4479 111.
2171 4428 2213 4484 C

2171 4428 2213 4484 (Γ.
2894 4422 3049 4476 ΚΕΦ.
3091 4422 3165 4475 Γ’.

710 4510 895 4569 v.14.
933 4512 1003 4567 Et
1046 4514 1309 4585 profectus
1350 4526 1426 4570 est
1471 4514 1640 4568 omnis
1678 4514 1901 4585 populus
1935 4516 2006 4569 de
2242 4517 2296 4568 Σι

2242 4516 2389 4586 Στίχ.
2432 4514 2509 4567 ιδ’.
2542 4514 2653 4567 Kal
2691 4513 2887 4586 ἀπῆρε
2913 4511 3030 4578 πᾶς
3056 4517 3089 4566 ὀ
3119 4513 3269 4586 ,πρὸς
3322 4513 3390 4567 ἐκ
3424 4513 3543 4569 τῶν
3577 4531 3812 4584 σκηνω-

1093 4581 1450 4639 tabernacutis
1488 4586 1621 4648 suis.
1679 4581 1688 4585 ’
1747 4581 1754 4584 ⁷

1679 4581 1688 4585 ’
1747 4581 1754 4584 ⁷
2791 4582 2994 4651 μάτων
3024 4581 3237 4637 αὐτῶν.

646 4674 698 4730 Id
727 4683 832 4739 est,
865 4685 1118 4744 tanquam
1153 4690 1295 4745 area:
1337 4675 1638 4746 plenitudo.
1677 4674 1791 4729 Non
1833 4676 1974 4729 enim
2004 4690 2133 4731 con-

2309 4668 2617 4739 Τουτέστιν,
2640 4674 2715 4738 ὡς
2742 4672 2855 4727 ἆλω
2887 4674 3164 4746 πλήρωσις
3199 4672 3330 4743 (69).
3382 4675 3454 4727 Οὐ
3490 4673 3597 4747 γὰρ
3653 4675 3812 4747 μόνον

568 4776 735 4822 crete
791 4778 917 4821 sunt
972 4784 1177 4834 aqum;
1231 4769 1323 4821 sed
1389 4777 1643 4837 tanquam
1708 4783 1963 4823 acervum
2023 4766 2138 4821 fru-

2238 4765 2645 4837 ἐπήγνυτο,-ὠς
2671 4768 2727 4819 ὲν
2757 4764 2823 4837 τῇ
2867 4765 3122 4837 Ἐρυθρᾷ,
3162 4765 3276 4818 ἀλλ’
3305 4765 3379 4830 ὡς
3413 4765 3604 4837 θημὼν
3636 4766 3812 4842 πυροῦ

569 4858 738 4911 :nenti
770 4870 1103 4912 coacervata:
1136 4867 1288 4914 sunt.
1324 4856 1378 4911 ln
1423 4870 1606 4928 typum
1639 4874 1833 4928 nempe
1865 4857 2138 4927 apostolo-

2050 4857 2138 4911 ilo-
2238 4856 2553 4930 ἐσωρεύετο.
2590 4856 2683 4921 Εἰς
2709 4857 2878 4911 τύπον
2908 4858 3017 4911 τῶν
3046 4857 3356 4911 ἀποστόλων
3379 4857 3636 4928 δηλονότι.

566 4963 632 5001 τυ
639 4963 710 5002 ιιι.

1210 5039 1362 5096 CAP.
1394 5039 1483 5094 Vl.

2883 5037 3040 5091 ΚΕΦ.
3083 5039 3185 5103 cr.-

672 5131 788 5187 νγ.
813 5130 1401 5200 15,16.Vociferamini
1426 5154 1447 5185 .-
1471 5133 1691 5186 tradidit
1712 5134 1850 5187 enim
1876 5132 2022 5186 vobis
2241 5131 2258 5184 1

2241 5130 2388 5202 Στίχ.
2422 5137 2504 5195 ιε’,
2542 5132 2638 5195 ις’.
2683 5127 3047 5202 Κεκράξατε’
3100 5127 3405 5202 πᾳρέδωνε
3444 5125 3555 5196 γὰρ
3590 5131 3806 5197 Κύριος

1064 5198 1318 5255 Doininus
1362 5204 1641 5256 civitatem.
2337 5198 2369 5202 ”

2337 5198 2369 5202 ”
2778 5199 2921 5268 ὑμῖν
2943 5198 3056 5265 τὴν
3080 5199 3278 5251 πόλιν.

639 5288 840 5361 thuid
889 5291 1264 5347 Jericbuntem
1302 5295 1640 5347 anathemati
1671 5292 1864 5360 subjici
1900 5291 2128 5346 manda-

2308 5290 2419 5359 (70)
2449 5290 2599 5343 Διατί
2626 5289 2724 5361 τὴν
2763 5287 2971 5361 Ἰεριχὼ
3003 5287 3501 5360 άναθεματισθῆναι
3533 5291 3809 5360 προσέτα-

566 5379 691 5434 vit?
738 5381 973 5435 Primam
1025 5384 1165 5440 banc
1215 5396 1477 5453 ceperunt
1526 5385 1803 5439 civitatem
1846 5393 2131 5453 postquam

2239 5382 2327 5448 ξε;
2358 5381 2589 5453 Πρώτην
2612 5381 2815 5453 ταύτην
2858 5376 3001 5434 εἷλον
3037 5381 3192 5434 πόλιν
3254 5381 3391 5452 μετὰ
3446 5384 3509 5434 τὸ
3554 5382 3808 5454 διαϐῆναι

564 5470 764 5527 ﬂumen
818 5476 1254 5531 transmiserunt.
1284 5476 1756 5544 Quemadmodum
1813 5477 1975 5546 igitur
2002 5488 2135 5543 prir-

2237 5473 2329 5526 τὺν
2358 5472 2618 5542 ποταμόν.
2654 5473 2865 5543 Ὠσπερ
2889 5473 3065 5526 τοίνυν
3098 5471 3429 5544 προσέταξεν
3454 5472 3656 5537 αὐτοὺς
3698 5474 3809 5527 τῶν

637 5563 683 5594 ⁸³
710 5562 833 5619 Gal.
866 5581 947 5627 tu.
979 5567 1066 5622 10.
1144 5569 1191 5601 ³⁸
1227 5568 1365 5625 Gen.
1393 5585 1537 5634 xm,
1563 5569 1628 5626 Δ.

633 5647 747 5727 (67)
776 5656 975 5713 Confer
1001 5661 1419 5719 Theodorctum.

635 5725 747 5776 (68l
783 5727 894 5776 Τῶ.

2230 5638 2452 5776 hil-ign»
2471 5652 2707 5725 πλήρσῐ,
2733 5654 2891 5712 Enn.
2921 5657 3163 5713 ΡΑτιιοι..
3750 5728 3764 5740 ⁸

2315 5726 2331 5776 l
2373 5731 2425 5776 υ)
2466 5724 2777 5776 Praecetlunt
2810 5727 2907 5776 τὴν
2944 5728 3213 5776 αέντοι-..-
3262 5727 3564 5776 νέαουσαν.
3624 5737 3686 5776 ut
3750 5744 3764 5776 I

635 5724 894 5805 (§§)_T¥i’:
1030 5799 1080 5805 ί,
1342 5802 1384 5805 ,,
1532 5788 1541 5796 .
1662 5804 1669 5805 ί
1941 5799 1953 5805 ,
2075 5797 2090 5805 .

2288 5724 2425 5805 __(7U)
2466 5724 2777 5805 l’rgecctlunt
2810 5727 2907 5798 τὴν
2942 5728 3213 5798 μέντοι....
3262 5727 3597 5805 γέμουσανη
3624 5737 3686 5783 ut
3749 5728 3806 5784 in

782 5788 942 5851 ’Ᾰλω
960 5799 1283 5868 πλήρωσις.
1332 5802 1421 5856 Sic
1463 5788 1797 5856 correximus
1843 5799 2004 5853 verba
2038 5797 2123 5851 ni-

1080 5818 1283 5868 Ῥωσις.
1332 5802 1421 5856 Sic
1463 5788 1797 5856 correximus
1843 5799 2004 5853 verba
2038 5797 2123 5851 ni-
2234 5788 2363 5849 edii.
2392 5788 2510 5862 pag.
2538 5795 2666 5849 595.
