4004 6522
484 392 555 449 59
1366 377 1924 440 SUPPLEMENTUM
1961 375 2052 430 AD
2087 372 2413 432 ORIGENIS
2451 372 2868 431 EXEGETICA.
3686 368 3750 424 ιο

1105 500 1257 558 CAP.
1283 500 1429 557 XXI.

558 592 669 651 νγ.
704 591 796 658 20,
821 593 912 648 21.
938 590 1173 647 Curnam
1205 600 1582 663 praeceperunt
1613 590 1707 651 lilii
1757 587 1921 643 Israel
1954 602 2049 641 su-

482 685 801 757 perstitibus
831 698 898 738 ex
920 682 1228 751 Beniamin,
1260 684 1499 752 virgines
1531 683 1584 738 in
1620 680 1802 737 Selom
1825 681 2055 735 choreas

485 778 749 831 ducentes
812 788 1025 844 rapere,
1076 783 1134 829 et
1204 774 1257 828 in
1333 771 1818 829 uxores‘dncere?
1859 770 2058 826 Tribus

484 877 671 919 eorum
692 863 947 920 mulieres
973 863 1243 919 universa:
1266 861 1525 932 iugulata:
1544 862 1779 926 fuerant,
1804 862 1903 930 ipsi
1928 876 2058 915 vero

480 956 843 1028 juraverant,
895 970 1003 1011 non
1042 955 1414 1025 desponsuros
1464 954 1598 1024 ipsis
1626 954 1763 1008 ﬁlias
1792 967 1937 1008 suas.
1991 952 2059 1008 Ut

485 1064 555 1104 ne
605 1048 773 1119 igitur
818 1047 1142 1104 necessitate
1192 1045 1366 1101 coacti
1428 1044 1856 1111 alienigenarum
1915 1041 2057 1095 tilias

483 1139 784 1203 ducerent,
826 1139 877 1193 in
921 1140 1085 1193 rebus
1128 1137 1291 1192 inviis
1330 1136 1473 1190 viam
1506 1134 1849 1200 invenerunt,
1884 1141 1938 1187 et
1966 1147 2055 1187 ra-

480 1238 637 1300 ptum
671 1230 1067 1301 echgitarunt.

2088 501 2135 557 A

2797 494 2955 548 ΚΕΦ.
2973 494 3106 547 KA'.

2231 586 2382 656 Στίχ.
2415 592 2486 651 κ’,
2519 593 2626 641 κα’.
2649 585 2714 640 Τί
2741 585 2943 658 δήποτε
2971 583 3308 658 προσέταξαν
3341 584 3392 636 oi.
3411 580 3752 654 υἱοὶ’ῐσραὴλ

2159 678 2274 741 τοῖς
2305 676 2591 740 sum:
2641 678 2707 730 ὲκ
2741 675 2836 729 τοῦ
2877 675 3137 748 Βενιαμὶν
3184 676 3249 729 ὲκ
3304 672 3414 727 τῶν
3458 675 3517 728 ὲν
3550 671 3752 744 Σηλὼμ

2160 767 2501 840 χορευουσῶν
2541 767 2825 840 παρθένων
2885 768 3131 840 ἁρπάσαι
3200 783 3261 821 τε
3295 766 3390 820 καὶ
3428 765 3646 837 γῆμαι;
3681 766 3749 818 At

2161 861 2263 931 τῆς
2296 859 2468 931 φυλῆς
2494 861 2674 915 αὐτῶν
2731 863 2986 931 γυναῖκες
3033 861 3241 916 ἀπασαι
3297 858 3747 929 κατεσφάγησανο

2165 954 2318 1008 αὐτοὶ
2349 953 2406 1008 δὲ
2438 956 2821 1027 ὀμωμόκεσαν,
2869 955 2945 1026 μὴ
2992 952 3369 1024 κατεγγυῆσαι
3411 952 3597 1015 αὐτοῖς
3647 948 3750 1014 τὰς

2162 1044 2370 1098 ἑαυτῶν
2415 1044 2740 1117 θυγατέρας.
2780 1045 2900 1098 Ἵνα
2937 1042 3117 1098 τοίνυν
3167 1043 3241 1115 μὴ
3282 1041 3593 1114 βιασθέντες
3640 1038 3747 1093 ὑπὸ

2159 1133 2260 1203 τῆς
2285 1135 2531 1206 ἀνάγκης
2554 1133 2885 1204 ἀλλοφύλους
2915 1137 3181 1203 γυναῖκας
3211 1134 3550 1203 ἀγάγωνται,
3577 1133 3746 1203 πόρον

2159 1220 2321 1297 εὗρον
2347 1227 2405 1280 ὲν
2438 1225 2687 1298 ἀπόροις,
2719 1225 2813 1279 καὶ
2830 1224 2931 1297 τὴν
2960 1225 3216 1298 ἁρπαγὴν
3239 1222 3565 1296 ἐπενόησαν.

1558 1528 2172 1618 ΩΡΙΓΕΝΟΥΣ
2247 1526 2735 1616 ΕΚΛΟΓΑΙ

1444 1715 1553 1768 ΕΙΣ
1593 1713 1737 1767 ΤΗΝ
1776 1712 2059 1768 ΠΡΩΤΗΝ
2087 1712 2223 1767 ΤΩΝ
2261 1669 2626 1770 ΒΑΣΙΛΕΙΩΡί
2658 1714 2792 1789 (77).

613 2019 1187 2119 ORIGENIS
1255 2014 2192 2109 ADNOTATIONES
2269 2019 2393 2107 IN
2474 2020 2937 2115 LIBRUM
3016 2027 3052 2116 Ι
3137 2030 3585 2125 REGUM.

1708 2206 1800 2271 (Ex
1824 2205 2131 2256 Bibliotheca
2155 2206 2511 2273 Gallaodlana.)

1124 2514 1276 2572 CAP.
1307 2514 1394 2570 III.

556 2605 620 2677 .v.
653 2606 815 2665 6..Et
857 2607 991 2662 dixit
1019 2623 1038 2662 :
1064 2607 1396 2730 Nonlrocovi
1436 2617 1505 2674 te,
1531 2608 1614 2677 ﬁli
1637 2625 1655 2673 ;
1700 2616 1972 2672 revertere,
2000 2619 2048 2661 et

1174 2695 1193 2727 ι
1213 2694 1367 2730 ormt.

1174 2694 1367 2731 ιιονηιι.

485 2768 552 2826 V.
590 2771 645 2828 7.
675 2768 737 2823 Et
791 2767 1006 2824 Samuel
1059 2778 1336 2837 antequam
1386 2777 1617 2822 nosceret
1659 2768 1844 2837 Deum,
1875 2780 1922 2824 et
1953 2786 2049 2822 an-

548 2850 758 2911 [equam
800 2840 1122 2911 revelantur
1150 2840 1197 2892 ei
1236 2838 1444 2911 uerbum
1484 2837 1695 2893 Domini
1723 2854 1742 2893 :
1768 2851 1821 2893 et
1852 2840 2047 2911 adjecit

552 2910 811 2964 Dominus
835 2925 1015 2963 vocare
1045 2908 1283 2965 Samuel.

548 3001 673 3057 Hinc
710 3010 767 3056 et
794 3002 995 3072 cogitat
1034 3013 1088 3056 et
1121 3000 1363 3071 praecipit
1412 3000 1549 3069 lleli,
1583 3011 1641 3056 ut
1684 3017 1853 3074 puero
1892 3014 2046 3074 post-

481 3108 544 3147 ea
603 3094 941 3159 crederetur,
987 3095 1132 3164 quod
1175 3108 1295 3164 quae
1327 3108 1357 3147 a
1394 3093 1501 3149 Deo
1551 3094 1836 3164 audierat,
1900 3107 2048 3152 retu-

471 3185 622 3241 Ierit.

547 3278 681 3346 Quia
718 3278 861 3336 Deus
892 3279 1044 3335 Ilelio
1097 3282 1236 3335 mala
1268 3281 1630 3349 prmdicturus
1664 3291 1782 3337 erat
1809 3297 1906 3353 per
1940 3280 2044 3339 Sa-

2062 2370 2135 2384 η

2810 2524 2967 2577 ΚΕΦ.
3005 2523 3075 2579 Γ¹.

2150 2602 2299 2681 Στίχ.
2333 2617 2407 2676 ς’.
2442 2611 2551 2667 Kal
2573 2610 2770 2679 εἶπεν·
2801 2618 2883 2670 Οὐ
2918 2618 3185 2682 κέκληκά
3214 2633 3307 2682 σε,
3332 2619 3563 2676 τέκνον
3588 2621 3738 2679 ἀνό-

2597 2702 2838 2755 capesse,
2874 2686 2973 2740 καὶ
3008 2686 3278 2742 κάθευδε.

2151 2774 2319 2859 Στίχ.“
2344 2774 2420 2859 ζ’..
2462 2775 2571 2859 ζζαῑ
2620 2776 2903 2859 Σαμουὴλ
2930 2777 3074 2859 api?
3097 2778 3139 2859 ἢ
3162 2779 3589 2859 τγέῦναι--Θεῷν,
3632 2784 3735 2859 καί

2221 2844 2364 2913 πρὶν
2458 2844 2957 2921 ἀποκαλυφθῆναι
2972 2844 3147 2914 αὐτῷ
3170 2844 3336 2920 ξρἦα
3365 2844 3607 2921 Κιφίου·
3633 2854 3736 2909 καὶ

2220 2915 2541 2982 προσέθετο
2554 2915 2767 2985 Κύριος
2796 2918 3049 2973 καλέσαι
3073 2915 3376 2990 Σαμουὴλ.

2224 3007 2335 3075 (78)
2366 3007 2549 3061 Ταῦτα
2579 3008 2672 3062 καὶ
2718 3012 2830 3063 νοεῖ
2861 3012 2954 3064 καὶ
2997 3011 3310 3067 ὑποτίθεται
3328 3016 3371 3067 '6
3404 3015 3544 3080 Ἠλὶ,
3577 3017 3664 3071 ἵνα
3702 3018 3733 3070 6

2154 3098 2280 3160 παῖς
2298 3095 2521 3169 ὕστερον
2553 3096 2834 3170 πιστευθῇ,
2862 3101 2943 3153 ὅτι
2975 3099 3010 3154 ἃ
3033 3100 3186 3173 παρά
3212 3101 3304 3156 τοῦ
3336 3102 3469 3156 Θεοῦ
3500 3106 3734 3175 ἤκουσεν

2151 3186 2502 3259 ἀπήγγειλεν.

2235 3279 2453 3352 Ἐπειδὴ
2499 3278 2722 3350 ἔμελλεν
2761 3280 2790 3332 6
2831 3279 2963 3346 Θεὸς
2991 3280 3069 3353 τῷ
3117 3282 3235 3336 Ἠλὶ
3266 3281 3413 3338 κακὰ
3446 3284 3734 3356 προλέγειν

471 3370 640 3437 muel,
680 3380 741 3425 ut
778 3386 887 3426 non
932 3381 1216 3441 putaretur
1250 3383 1589 3429 commentus
1620 3373 1785 3429 fuisse
1826 3372 2045 3428 Samuel

2167 3370 2237 3426 ῑιὰ
2268 3372 2361 3426 τοῦ
2410 3373 2687 3445 Σαμουὴλ,
2716 3374 2803 3428 ἵνα
2839 3374 2915 3446 μὴ
2965 3377 3193 3448 νομισθῇ
3228 3379 3539 3435 πλάσασθαι
3570 3384 3600 3436 6
3629 3383 3735 3435 Σα-

467 3461 881 3527 rat-elationem,
911 3477 1025 3517 rem
1058 3462 1136 3519 sic
1163 3463 1380 3518 ordinat
1408 3465 1548 3520 Deus
1574 3505 1590 3531 ,
1619 3474 1680 3520 ut
1729 3466 1819 3522 ille
1853 3477 2047 3535 putans

470 3552 614 3621 quod
645 3554 713 3608 ab
745 3551 859 3607 Heli
893 3560 1203 3621 vocaretur,
1243 3554 1311 3608 ad
1334 3553 1482 3607 illum
1512 3563 1765 3625 pergeret
1793 3573 1806 3609 :
1840 3564 1898 3609 ut
1919 3570 2044 3610 cum

472 3644 591 3701 lleli
624 3644 1021 3709 intellexisset,
1058 3645 1224 3700 Deum
1253 3658 1375 3700 esse
1407 3647 1501 3715 qui
1532 3646 1762 3700 vocabat
1785 3644 2043 3715 Samuel;

473 3737 591 3806 ipse
624 3751 753 3792 vero
783 3745 969 3806 postea
1017 3750 1139 3807 quae
1180 3750 1209 3788 a
1255 3734 1365 3790 Deo
1409 3736 1746 3802 audivisset,
1778 3737 2042 3806 referret;

2153 3458 2323 3530 μουὴλ
2349 3460 2448 3531 τὴν
2463 3462 2823 3533 ἀποκάλυψιν,
2859 3466 3132 3536 οἰκονομεῖ
3151 3468 3180 3520 6
3211 3467 3343 3532 Θεὸς
3371 3471 3576 3525 ἐκεῖνον
3608 3475 3735 3545 οίη-

2150 3549 2309 3604 θέντα
2356 3551 2460 3606 ὑπὸ
2490 3553 2585 3607 τοῦ
2624 3554 2745 3608 Ἠλὶ
2778 3556 3082 3621 καλεῖσθαι,
3118 3560 3255 3632 πρὸς
3286 3561 3448 3616 αὐτὸν
3486 3564 3735 3632 ἀπιέναι,

2150 3643 2256 3707 ἶνα,
2285 3646 2413 3699 ὅταν
2441 3648 2470 3698 6
2502 3646 2600 3717 μὲν
2640 3648 2759 3702 Ἠλὶ
2781 3652 2970 3723 νοήσῃ,
2997 3651 3078 3705 ὅτι
3110 3652 3139 3705 6
3164 3652 3296 3717 Θεός
3323 3656 3469 3708 ἐστιν
3498 3657 3528 3709 6
3548 3656 3735 3712 καλῶν

2148 3734 2240 3787 τὸν
2273 3734 2542 3807 Σαμουὴλ,
2576 3737 2782 3801 ἐκεῖνος
2816 3738 2873 3792 δὲ
2905 3740 3042 3809 μετά
3070 3740 3240 3795 ταῦτα
3262 3740 3331 3795 τά
3362 3742 3468 3796 ὑπὸ
3481 3742 3576 3797 τοῦ
3594 3743 3757 3798 Θεοῦ

475 3828 656 3884 nullus
697 3835 843 3884 esset
886 3828 1198 3898 auspicandi
1242 3828 1394 3882 locus
1420 3867 1437 3895 ,
1465 3828 1611 3897 quod
1660 3829 2042 3885 revelationem

2167 3824 2449 3897 ἱιαγγείλῃ,
2491 3824 2565 3898 μὴ
2590 3826 2902 3899 ὑποπτευθῇ
2932 3827 3009 3892 ὡς
3035 3828 3379 3901 πλασάμενος
3395 3832 3495 3903 τὴν
3523 3833 3734 3887 ἀποκά-

464 3931 619 3978 esset
649 3931 1022 3987 commentus;
1071 3920 1166 3976 sed
1215 3919 1352 3975 Iides
1392 3920 1442 3974 ei
1489 3918 1862 3987 adhiberetur,
1903 3922 2044 3990 quod

378 4022 385 4029 '
467 4031 665 4074 revera
691 4016 784 4071 Dei
814 4015 1202 4070 revelationem
1226 4013 1533 4069 nuntiabat.

541 4104 607 4160 Υ.
634 4106 720 4160 Il.
754 4104 822 4159 Et
856 4107 931 4160 ait
962 4104 1220 4159 Dominus
1252 4104 1322 4158 ad
1350 4101 1601 4160 Samuel:
1630 4102 1762 4158 Ecce
1784 4119 1878 4174 ego
1906 4102 2046 4172 facio

952 4176 1105 4229 verba
1141 4191 1256 4229 mea
1279 4176 1335 4228 in
1371 4174 1564 4229 Israel.

544 4267 625 4322 Ea
687 4282 882 4336 nempe
919 4282 1039 4337 qua:
1096 4281 1193 4337 per
1239 4267 1555 4336 prophetam
1610 4267 1844 4337 primum
1889 4267 2042 4321 dixit.

472 4360 731 4430 Adjunxit
754 4360 918 4428 igitur
948 4378 962 4414 :
997 4360 1175 4414 omnia
1208 4375 1533 4429 quacunque
1583 4358 1792 4428 fueram
1833 4358 2045 4412 locutus

472 4452 532 4505 in
570 4454 782 4506 domum
801 4451 913 4521 ejus
932 4490 947 4516 ,
985 4460 1093 4505 etc.

474 4543 539 4598 ν.
575 4544 663 4600 Η.
700 4543 890 4597 Juravi
943 4544 1121 4599 domui
1165 4544 1322 4610 Heli,
1366 4544 1411 4598 si
1461 4543 1757 4613 placabitnr
1789 4543 2045 4613 iniquitas

534 4614 731 4668 .domus
767 4613 891 4669 Heli
921 4614 977 4669 in
1004 4615 1362 4686 thymiamatis
1386 4625 1433 4669 et
1466 4615 1521 4668 in
1560 4613 1770 4680 hostiis,
1810 4630 1972 4683 usque
1993 4616 2047 4668 in

533 4683 817 4738 .steculunr.

553 4772 776 4830 Videtur
813 4774 1214 4846 quodammodo
1242 4776 1327 4832 sic
1359 4776 1809 4845 impedimentum
1845 4788 2046 4846 ponere

467 4867 831 4937 poenitentia,
866 4883 989 4923 cum
1014 4867 1119 4922 illis
1150 4882 1258 4922 non
1286 4868 1487 4924 tribuat
1528 4883 1677 4938 spem
1715 4868 1904 4922 veniae.
1938 4867 2047 4923 Sed

477 4957 699 5012 attende
730 4957 1020 5029 diligenter
1050 4958 1216 5014 dicto.
1262 4959 1395 5025 Ait,
1422 4959 1563 5029 quod
1601 4960 1654 5014 in
1698 4958 1887 5013 hostiis
1934 4972 2044 5013 non

476 5048 766 5121 indulgebo
797 5049 904 5105 illis
934 5067 947 5104 :
974 5049 1028 5105 id
1068 5059 1169 5117 est,
1205 5051 1312 5107 nisi
1352 5065 1449 5122 per
1482 5066 1646 5121 opera
1694 5061 1749 5107 et
1777 5051 2048 5122 poeniten-

478 5141 609 5215 tiapn
640 5143 961 5213 perfectam.
987 5139 1104 5196 Non
1133 5142 1276 5197 enim
1305 5141 1533 5212 simplex
1557 5152 1639 5197 est
1674 5154 1954 5211 peccatum
1988 5149 2045 5194 ut

472 5231 708 5288 olierant
735 5234 974 5302 iumenta
1000 5235 1052 5289 in
1092 5234 1394 5299 victimam,
1418 5249 1544 5303 qua:
1575 5242 1791 5303 proliter
1819 5244 2041 5303 peccata

472 5324 799 5395 ignorantia:
829 5334 884 5381 et
911 5325 1173 5396 simplicia
1198 5324 1382 5381 offerri
1405 5325 1599 5380 solent.
1628 5323 1726 5380 llic
1751 5339 1882 5379 vero
1909 5324 2045 5378 Deus

473 5421 563 5469 est
583 5414 674 5483 qui
701 5416 1025 5470 contumelia
1064 5415 1293 5471 affectus
1323 5425 1427 5473 est.

587 5506 652 5561 ν.
676 5506 768 5562 15.
796 5506 862 5561 Et
894 5505 1111 5563 Samuel
1139 5509 1311 5634 tigrin
1338 5496 1652 5563 annuntiare
1696 5509 1943 5564 visionem

1286 5595 1355 5633 ιυ.
1875 5594 1880 5605 '

1286 5595 1355 5633 ιυ.
1875 5594 1880 5605 ⁶

550 5667 822 5729 visionem
851 5670 1084 5741 appellat
1124 5686 1426 5727 sermonem
1452 5712 1467 5728 .
1503 5686 1661 5742 quem
1693 5670 1898 5726 audivit
1937 5669 2036 5727 Sa-

554 5797 667 5884 (τί)
697 5813 777 5870 Ex
816 5819 936 5893 cod,
964 5807 1172 5871 Veneto
1206 5828 1319 5881 xw,
1349 5830 1472 5884 pag.
1500 5814 1565 5869 I9
1594 5825 1648 5869 et
1686 5827 1837 5884 seqq.

2150 3916 2328 3988 λυψιν,
2352 3918 2487 3972 ἀλλὰ
2540 3919 2825 3991 πιστευθῇ,
2860 3921 2943 3974 ὃτι
2972 3920 3186 3993 ἀληθῶς
3216 3920 3352 3976 θεοῦ
3385 3923 3733 3995 ἀποκάλυψιν

2148 4011 2487 4083 ἀνήγγειλεν.

2148 4102 2295 4174 Στίχ.
2329 4109 2416 4176 ια’.
2451 4100 2770 4176 Καί-εἷπεν
2801 4106 3016 4176 Κύριος
3045 4106 3196 4175 πρὸς
3236 4107 3539 4176 Σαμουήλ·
3580 4107 3731 4163 Ἰδοὺ

2322 4173 2436 4245 ἐγὼ
2458 4172 2644 4229 ποιῶν
2675 4175 2745 4229 τὰ
2773 4172 3014 4245 ῥήματὰ
3037 4172 3155 4247 μου
3186 4178 3256 4232 ἐν
3289 4172 3545 4245 Ἰσραήλ.

2217 4268 2405 4339 Δῆλον,
2441 4269 2524 4322 ὅτι
2558 4267 2595 4323 ἃ
2629 4267 2719 4322 διά
2766 4267 2860 4322 τοῦ
2912 4270 3193 4340 προφήτου
3228 4269 3323 4323 τοῦ
3364 4268 3733 4341 προλαϐόντος

2147 4356 2317 4414 εἶπεν.
2357 4362 2631 4432 Ἐπήγαγε
2677 4360 2828 4430 γοῦν·
2880 4360 3076 4416 πάντα
3133 4362 3252 4417 ὅσα
3300 4362 3582 4430 ἐλάλησα
3628 4362 3730 4415 ἐπὶ

2148 4453 2254 4507 τὸν
2286 4449 2455 4507 οἶκον
2488 4452 2697 4519 αὐτοῦ,
2733 4455 2828 4507 καὶ
2852 4454 2920 4507 τὰ
2948 4453 3093 4525 ἑξῆς.

2148 4544 2296 4614 Στίχ.
2340 4543 2421 4598 ιδ’.
2456 4545 2686 4614 Ὦμοσα
2717 4544 2797 4610 τῷ
2820 4546 2965 4610 οἴκῳ
3003 4545 3149 4605 Ἠλὶ.
3182 4548 3233 4600 εί
3260 4544 3735 4613 ἐξιλασθήσεται

2216 4614 2416 4668 ἀδικία
2443 4615 2614 4669 οἴκου
2648 4615 2767 4669 Ἠλὶ
2800 4614 2869 4669 ἐν
2901 4615 3247 4686 θυμιάμασι,
3267 4618 3363 4671 καὶ
3398 4618 3468 4671 ἐν
3491 4620 3733 4684 θυσίαις

2215 4685 2326 4751 ἓως
2355 4683 2592 4751 αἰῶνος.
2893 4736 2918 4751 ,

2217 4736 2521 4839 πως
2543 4736 2654 4830 ῶδε
2683 4736 2995 4847 ὲμποδίξειν
3034 4780 3099 4848 τῇ
3148 4779 3423 4849 μετανοίᾳ,
3458 4778 3531 4850 μὴ
3553 4778 3731 4843 διδοὺς

2148 4868 2331 4931 αὐτοῖς
2362 4866 2552 4921 ἐλπίδα
2580 4870 3000 4941 συγχωρήσεως.
3046 4868 3204 4922 Ἀλλά
3231 4870 3463 4940 πρόσχες
3483 4870 3730 4942 ἀκριϐῶς

2146 4957 2224 5028 τῷ
2249 4954 2417 5028 ῥητῷ.
2457 4956 2644 5029 Φησὶν,
2673 4957 2756 5010 ὃτι
2784 4957 2854 5010 ὲν
2884 4959 3123 5024 θυσίαις
3146 4959 3208 5012 οὐ
3237 4957 3504 5031 συγχωρῶ
3521 4960 3727 5023 αὐτοῖς·

2146 5048 2421 5102 τουτέστιν
2440 5047 2536 5101 έάν
2559 5048 2633 5119 μὴ
2661 5047 2728 5101 δι’
2754 5047 2931 5120 ἔργων
2962 5048 3054 5103 καὶ
3085 5050 3372 5121 μετανοίας
3386 5050 3617 5115 τελείας.
3651 5053 3728 5106 Οὐ

2148 5141 2257 5212 γὰρ
2304 5139 2458 5210 ψιλόν
2509 5141 2625 5192 ἐστι
2690 5139 3132 5212 τὸιάμάρτημα,
3193 5141 3729 5214 ῖνα,προσαγάγωσι

2150 5230 2442 5301 θρέμματα
2466 5235 2546 5294 είς
2576 5231 2786 5295 θυσίαν,
2823 5231 2979 5285 ἅτινα
3022 5232 3115 5286 ἐπὶ
3160 5233 3270 5287 τῶν
3303 5236 3360 5287 ὲν
3390 5233 3583 5306 ἀγνοίᾳ
3629 5235 3727 5288 καὶ

2146 5322 2317 5393 ψιλῶν
2360 5323 2847 5395 πλημμελημάτων
2889 5324 3219 5395 προσάγεται
3260 5326 3387 5398 περὶ
3427 5327 3725 5398 ἁμαρτίας.

2160 5413 2423 5468 Ἐνταῦθα
2455 5414 2512 5467 δὲ
2539 5416 2567 5467 6
2598 5414 2728 5478 Θεός
2760 5416 2906 5469 ἐστιν
2934 5411 2963 5468 6
2996 5414 3291 5487 ὑϐρισθείς.

2150 5508 2294 5576 Στίχ.
2341 5514 2419 5560 ιε’.
2455 5505 2564 5558 Καί
2600 5506 2895 5644 Σαὲιὲἔέιέ
2913 5506 3175 5643 ἰξοξὶῆλθῖπ
3208 5507 3564 5577 ἀπαγγεῖλαι
3612 5507 3729 5573 τὴν

2216 5673 2444 5741 Ὅρασιν
2474 5668 2629 5722 καλεῖ
2659 5668 2750 5722 τὸν
2779 5669 2956 5738 λόγον,
2985 5669 3044 5721 ὃν
3069 5669 3268 5739 ἢκουσε
3302 5665 3572 5740 Σαμουὴλ.
3604 5667 3726 5719 ’Ὁτι

2229 5809 2342 5882 (78)
2378 5806 2578 5866 Confer
2607 5817 2661 5865 ct
2694 5806 3092 5865 Theodoretum
3136 5805 3241 5861 bic.
