4004 6572
458 385 526 438 45
1334 388 1897 445 SUPPLEMENTUM
1933 388 2024 442 All
2060 387 2392 445 ORIGENTS
2431 387 2845 444 EXEGETICA.
3634 389 3698 442 Η

459 498 865 568 comparatione
903 501 1041 556 ﬁlios
1073 501 1264 558 Israel.
1303 503 1384 557 llli
1411 520 1644 574 namque
1670 521 1796 560 cum
1829 506 2013 558 iterum

2129 505 2452 574 κατέκριναν
2476 503 2540 558 ὲκ
2566 504 2920 575 παραθέσεως
2935 501 3059 564 τοὺς
3085 501 3234 563 υἱοὺς
3270 499 3505 572 Ἰσραήλ.
3521 501 3584 554 Oi
3609 502 3705 572 μὲν

461 591 644 662 Dagon
680 593 998 657 corruisset,
1042 605 1309 665 caputque
1335 596 1481 651 illius
1521 607 1577 651 et
1605 598 1799 666 pedum
1834 611 2029 649 manu-

460 698 659 752 umque
683 685 1064 740 extremitates
1092 687 1289 742 excisae
1316 696 1524 753 essent,
1549 698 1607 742 et
1649 689 1703 742 in
1731 687 1917 741 limine
1941 687 2029 756 ja-

457 785 642 829 cerent
670 792 686 838 ;
720 790 890 845 usque
926 777 1062 831 adeo
1101 792 1208 832 non
1242 787 1619 847 temperarunt
1650 792 1680 832 a
1703 778 1894 833 notitia
1921 779 2032 832 cla-

456 867 560 931 dis,
601 881 762 934 quam
814 865 949 922 deus
979 868 1218 937 ipsorum
1255 870 1521 925 contritus
1543 869 1750 935 retulit,
1780 878 1843 923 ut
1866 882 1931 922 ex
1965 882 2032 924 eo

457 967 701 1028 tempore
729 974 833 1014 non
879 959 1112 1026 amplius
1144 960 1320 1015 limini
1363 961 1694 1024 insisterent,
1733 961 1778 1016 si
1815 962 2030 1030 quando

454 1066 576 1103 cum
621 1051 896 1108 adoraturi
947 1053 1413 1122 ingrediebantur,
1443 1062 1726 1122 propterea
1779 1054 1923 1124 quod
1956 1054 2029 1110 ibi

454 1143 596 1198 illius
610 1145 850 1198 membra
861 1144 1247 1214 jacuerunt,de
1257 1147 1454 1216 quibus
1469 1145 2028 1201 commemoravimus.

452 1239 522 1291 At
567 1237 726 1292 Israel
770 1238 1029 1292 invictum
1078 1238 1285 1292 habens
1340 1239 1526 1306 Deum,
1557 1239 1638 1294 sic
1680 1239 1846 1310 impie
1896 1239 2026 1308 egit.

1083 1371 1237 1427 CAP.
1269 1370 1385 1425 XV.

453 1461 519 1518 ν.
577 1464 664 1518 10.
725 1464 790 1518 Et
840 1464 944 1532 fuit
1007 1467 1222 1585 verbalia:
1289 1464 1501 1519 Domini
1555 1466 1626 1520 ad
1686 1465 2026 1534 Samuelem,

1178 1550 1359 1585 mem:

1178 1551 1316 1588 ιοεησ
1341 1550 1359 1588 .'

546 1623 607 1677 V.
639 1625 726 1678 il.
760 1623 1007 1678 Paenituit
1039 1640 1137 1688 me,
1171 1627 1309 1693 quod
1342 1625 1471 1678 anxi
1504 1623 1638 1678 Saul
1664 1625 1716 1678 in
1743 1641 1935 1695 regem.

521 1782 982 1850 Quemadmodum
1011 1780 1291 1850 hommum
1322 1795 1537 1846 manus,
1569 1789 1626 1836 et
1650 1796 1766 1851 pes,
1809 1792 1864 1838 et
1897 1799 2022 1839 ocu-

450 1874 553 1936 lus,
584 1879 636 1925 et
667 1872 833 1936 auris,
867 1871 992 1926 etsi
1032 1871 1160 1938 quid
1215 1871 1521 1941 lmjusmodi
1570 1871 1900 1938 nominatur,
1951 1876 2027 1930 si-

449 1961 759 2029 gniﬁcativa
798 1969 925 2014 sunt
977 1961 1347 2014 membrorum
1414 1963 1584 2017 nostri
1633 1963 1919 2033 corporis;
1969 1964 2023 2020 in

451 2055 560 2108 Deo
589 2065 789 2118 autem,
818 2069 1012 2109 manus
1044 2054 1558 2111 innuitcrcatricem
1587 2056 1866 2122 virtutem,
1896 2073 2023 2112 ocuo

447 2147 530 2202 lus
557 2147 662 2200 vim
692 2149 873 2202 omnia
908 2149 1258 2217 inspiciendi;
1301 2148 1450 2203 auris
1475 2148 1777 2217 potentiam
1803 2149 2022 2205 univer-

446 2255 504 2294 sa
535 2240 813 2306 audiendi,
871 2255 965 2312 pes
1017 2257 1146 2296 vero
1191 2242 1339 2297 illius
1381 2242 1750 2310 praesentiam,
1801 2244 2021 2312 quando

445 2333 573 2403 quid
610 2343 871 2402 Operatur
904 2351 917 2387 :
954 2336 1033 2392 sic
1087 2335 1164 2389 ira
1218 2333 1308 2390 Dei
1351 2336 1555 2390 dicitur
1598 2335 1858 2401 eruditio,
1911 2349 2017 2405 qua

444 2426 662 2494 quidam
697 2427 1060 2495 castigantur,
1088 2443 1196 2481 non
1232 2427 1325 2480 Dei
1352 2429 1552 2495 passio.
1580 2425 1907 2480 Poenitentia
1939 2435 2022 2481 est

445 2517 728 2570 translatio
758 2518 952 2571 divina:
980 2518 1398 2586 dispensationis
1419 2519 1488 2572 dc
1513 2535 1569 2572 re
1593 2520 1657 2572 ad
1692 2535 1802 2572 rem
1833 2518 2018 2573 aliam.

442 2607 596 2674 Quod
627 2607 770 2662 enim
808 2623 906 2663 nos
941 2610 1251 2678 paenitendo
1280 2609 1527 2674 facimus,
1560 2611 1612 2664 id
1644 2620 1727 2666 est
1752 2612 2018 2667 evitamus

443 2717 506 2755 ea
539 2715 770 2769 quorum
791 2715 892 2754 nos
913 2702 1162 2770 paenitet,
1184 2701 1286 2756 alia
1312 2716 1442 2756 vero
1468 2701 1688 2756 meliora
1711 2713 2014 2769 sectamur;

444 2794 494 2847 id
523 2790 618 2846 Dei
649 2791 964 2860 paenitentia
994 2802 1236 2846 vocatur.
1302 2791 1500 2863 thuid
1534 2792 1716 2848 istuc?
1745 2792 2014 2860 Quoniam

441 2885 853 2938 accommodate
893 2892 1151 2953 quantmn
1185 2883 1298 2937 fieri
1331 2893 1542 2953 poterat
1578 2885 1644 2939 ad
1690 2899 1777 2940 res
1824 2901 2017 2955 corpo-

452 2991 576 3031 reas
624 2977 910 3045 oportebat
975 2986 1034 3029 ut
1080 2975 1451 3030 hebetioribus
1480 2976 1757 3046 prophetae
1803 2977 1870 3033 de
1907 2977 2015 3034 Deo

442 3068 818 3138 loquerentur,
863 3076 920 3122 ut
971 3083 1054 3122 res
1099 3068 1242 3122 illius
1285 3068 1402 3138 capi
1435 3079 1676 3138 possent.
1724 3069 1825 3136 Qui
1866 3071 2011 3126 enim

2135 593 2263 666 γὰρ,
2297 594 2547 666 δεύτερον
2566 594 2661 647 τοῦ
2685 594 2872 663 Δαγὼν
2899 593 3266 656 πεπτωκότος,
3298 593 3392 645 καὶ
3418 592 3518 662 τῆς
3537 609 3703 662 κεφα-

2133 684 2250 754 λῆς,
2279 685 2374 736 καὶ
2405 684 2514 738 τῶν
2545 684 2724 738 ποδῶν
2751 683 2844 737 καὶ
2871 683 3070 756 χειρῶν
3109 682 3219 736 τῶν
3250 683 3435 754 ἄκρων
3467 683 3705 755 ἀποτμηε

2133 773 2355 839 θέντων,
2411 776 2507 828 καὶ
2563 777 2621 828 ὲν
2658 775 2737 846 τῷ
2787 773 2926 844 οὐδῷ
2960 774 3249 845 κειμένων,
3288 773 3543 827 τοσοῦτον
3572 774 3703 828 ἀπέ-

2134 884 2324 937 σχοντο
2353 866 2448 921 τοῦ
2473 867 2596 938 (μὴ)
2631 866 2832 936 γνῶναι
2859 865 2958 936 τὴν
2981 860 3170 936 ἧτταν,
3212 865 3280 936 ἡν
3312 867 3341 919 6
3380 865 3500 930 θεὸς
3527 864 3706 920 αὐτῶν

2132 959 2338 1030 ἡττήθη
2385 956 2711 1029 συντριϐεὶς,
2759 955 2889 1010 ὥστ’
2915 954 2974 1021 ἐξ
3019 956 3227 1008 ἐκείνου
3277 955 3504 1027 μηδέπω
3546 954 3701 1008 οὐδοῦ

2131 1049 2450 1112 ἐπιϐαίνειν,
2482 1050 2646 1120 ἡνίκα
2672 1049 2737 1102 ἂν
2765 1048 2964 1102 εἰσίασι
2999 1049 3320 1119 προσκυνεῖν
3343 1046 3490 1118 αύτῷ
3511 1085 3528 1112 ,
3555 1047 3636 1116 ἐφ’
3663 1039 3706 1113 ᾧ

2132 1141 2340 1196 ἔκειντο
2355 1140 2515 1194 αὑτοῦ
2543 1141 2613 1194 τὰ
2646 1140 2806 1212 μέρη,
2830 1133 2905 1195 ὧν
2925 1139 3432 1211 ἐμνημονεύσαμεν.
3467 1139 3526 1192 '0
3557 1138 3614 1192 δέ
3642 1155 3705 1208 γε

2146 1233 2377 1305 Ἰσραὴλ,
2402 1234 2668 1304 ἀήττητον
2691 1233 2830 1303 ἔχων
2849 1232 2939 1287 τὸν
2965 1232 3117 1298 Θεὸν,
3149 1232 3321 1296 οὕτως
3341 1231 3549 1302 ἡσέὸει.

2760 1368 2917 1422 ΚΕΦ.
2957 1368 3058 1421 IE'.

2130 1460 2278 1530 Στίχ.
2309 1467 2358 1513 ι’.
2377 1459 2485 1513 Καὶ
2516 1457 2770 1529 ἐγενήθη
2785 1459 3200 1600 ρἕςίἔουριόυ
3229 1460 3379 1528 πρῢς
3397 1461 3702 1532 Σαμουὴλ,

2130 1621 2279 1692 Στίχ.
2319 1628 2403 1675 ια’.
2427 1620 3308 1757 Μεταμεμξέὶηὲεὲιὲἓιοὲχρισα
3350 1623 3456 1676 τὸν
3504 1624 3703 1678 Σαοὺλ

2203 1783 2335 1853 (82‘)
2359 1784 2527 1836 ’Ὡσπε
2537 1801 2567 1855 ρ
2581 1781 2883 1854 ἀνθρώπων
2902 1784 2999 1855 μὲν
3015 1785 3135 1856 χεὶρ
3150 1785 3242 1838 καὶ
3256 1784 3393 1849 ποῦς
3408 1786 3501 1839 καὶ
3513 1787 3704 1856 ὀφθαλ-

2060 1853 2098 1908 B
2130 1875 2229 1945 μὸς
2249 1875 2341 1929 καὶ
2357 1871 2469 1938 οῦς,
2487 1876 2581 1929 καὶ
2597 1875 2651 1928 εἴ
2667 1893 2718 1928 τι
2752 1875 2990 1930 τοιοῦτον
3020 1877 3366 1948 ὀνομάζεται,
3391 1896 3457 1950 ση
3467 1881 3704 1950 μαντικὰ

2126 1966 2233 2019 τῶν
2257 1966 2431 2037 μελῶν
2467 1966 2561 2020 τοῦ
2596 1967 2863 2039 ἡμετέρου
2886 1967 3138 2039 σώματός
3161 1970 3307 2023 ἐστιν
3327 1987 3340 2000 ·
3366 1971 3457 2023 ἐπὶ
3480 1971 3537 2023 δὲ
3565 1971 3702 2024 Θεοῦ

2125 2057 2246 2126 χεὶρ
2269 2056 2366 2126 μὲν
2394 2055 2454 2108 τὸ
2479 2055 2890 2128 δημιουργικὸν,
2903 2057 3182 2130 ὀφθαλμὸς
3205 2060 3261 2113 δὲ
3283 2059 3345 2112 τὸ
3376 2060 3699 2115 ὲποπτικόψ

2124 2145 2219 2199 καὶ
2241 2141 2334 2208 οῦς
2364 2146 2461 2216 μὲν
2477 2144 2539 2198 τὸ
2565 2145 2908 2208 ἀκουστικὸν,
2929 2146 3063 2210 ποῦς
3085 2146 3143 2199 δὲ
3169 2147 3230 2200 τὺ
3245 2146 3347 2216 τῆς
3373 2149 3700 2220 παρουσίας,

2122 2237 2198 2291 ὅτ’
2223 2237 2289 2290 ἂν
2314 2238 2508 2308 ἐνεργῇ
2551 2254 2604 2289 τι
2639 2253 2654 2267 ο
2696 2236 2839 2289 οῦτω
2873 2238 2966 2292 καὶ
2989 2237 3158 2309 θυμὸς
3193 2239 3291 2310 μὲν
3317 2239 3450 2292 Θεοῦ
3483 2239 3703 2308 λέγεται

2124 2328 2361 2392 παιδεία,
2386 2330 2418 2398 ἡ
2438 2327 2579 2381 κατὰ
2600 2326 2709 2381 τῶν
2740 2328 3030 2393 παιόντων,
3053 2330 3113 2382 ού
3140 2329 3310 2394 πάθος
3332 2329 3466 2384 Θεοῦ
3487 2347 3500 2361 ο
3534 2348 3703 2400 μετα-

2124 2421 2311 2493 μέλεια
2347 2421 2403 2474 δὲ
2435 2422 2468 2491 ἡ
2499 2420 2607 2474 άπὸ
2652 2421 2976 2492 πράγματος
3024 2423 3105 2486 είς
3141 2425 3372 2495 πρᾶγμα
3409 2424 3702 2495 μετάθεσις

2120 2513 2219 2584 τῆς
2262 2511 2357 2566 τοῦ
2382 2513 2517 2566 Θεοῦ
2549 2514 2883 2584 οἰκονομίας.
2928 2516 2993 2566 Ὃ
3027 2513 3135 2585 γὰρ
3163 2515 3324 2584 ἡμεῖς
3357 2515 3701 2586 μεταμελού-

2123 2621 2273 2677 μενοι
2321 2603 2602 2675 ποιοῦμεν,
2630 2605 2908 2658 τουτέστιν
2935 2606 3116 2658 ἐκεῖνα
3150 2605 3247 2674 μὲν
3293 2605 3565 2676 φεύγομεν
3610 2607 3701 2675 ἐφ’

2117 2692 2199 2760 οἷς
2229 2696 2700 2768 μετεμελήθημεν,
2733 2696 2896 2768 ἕτερα
2921 2697 2979 2750 δὲ
3007 2696 3274 2768 διώκομεν
3315 2695 3386 2749 τὰ
3413 2696 3649 2768 κρείττω
3681 2712 3695 2727 ·

2116 2789 2274 2843 τοῦτο
2303 2789 2634 2861 μεταμέλεια
2667 2788 2800 2842 Θεοῦ
2831 2789 3068 2858 λέγεται.
3095 2788 3194 2842 Διὰ
3213 2788 3266 2842 τί
3284 2805 3298 2852 ;
3349 2788 3564 2859 Ἐπειδὴ
3600 2806 3702 2842 σωο

2119 2879 2491 2953 ματικώτερον
2529 2883 2641 2944 τοῖς
2671 2879 2994 2953 βαρυτάτοις
3027 2880 3125 2951 τὴν
3173 2865 3409 2933 διάνοιαν
3432 2878 3538 2931 ἔδει
3567 2878 3702 2949 περὶ

2115 2972 2211 3027 τοῦ
2243 2974 2378 3027 Θεοῦ
2401 2975 2526 3038 τοὺς
2556 2974 2843 3046 προφήτας
2875 2973 3103 3044 ὁμιλεῖν,
3123 2972 3211 3025 ἵνα
3245 2970 3489 3043 χωρηθῇ·
3519 2971 3700 3044 οίγὰρ

2116 3066 2403 3137 ἀγάλματα
2414 3065 2557 3136 άπερ
2568 3064 2796 3134 ἒγλυφον
2813 3065 2906 3118 καὶ
2921 3063 3182 3134 ἐχώνευον
3197 3062 3352 3126 θεοὺς
3362 3061 3699 3134 νομίζοντες,

427 3171 650 3215 statuas
685 3175 823 3228 quas
865 3159 1183 3230 sculpebant
1219 3159 1302 3214 vel
1333 3159 1654 3227 fundebant,
1701 3163 1829 3217 deos
1858 3163 2009 3217 arbi-

2120 3156 2213 3231 Ιιδη
2231 3158 2288 3212 δὲ
2312 3159 2405 3214 καὶ
2425 3158 2615 3226 ἄλογα,
2645 3157 2763 3220 πῶς
2793 3155 2858 3210 ἂν
2889 3156 3170 3228 ἐχώρησαν
3193 3155 3280 3208 διὰ
3309 3154 3696 3226 πνευματικῶν

445 3251 752 3318 trahantur,
795 3264 882 3305 res
912 3247 1204 3318 cmtemqui
1242 3249 1454 3305 ratione
1497 3249 1805 3316 destitutas,
1858 3251 2012 3321 quei-

432 3356 559 3394 nam
599 3343 871 3411 cepissent
893 3356 989 3412 per
1031 3340 1340 3411 spirituales
1364 3341 1723 3411 cogitationes
1752 3351 1806 3397 et
1828 3344 2011 3409 verba,

424 3449 496 3489 ea
547 3451 667 3504 qua:
702 3436 767 3489 de
807 3435 916 3490 Deo
946 3435 1304 3489 dicerentur?

1073 3546 1137 3601 Et
1159 3549 1348 3602 iterum
1375 3563 1393 3600 :

502 3634 557 3690 Si
596 3636 850 3690 universa
876 3637 1130 3706 prtevidit
1162 3638 1322 3704 Deus,
1355 3653 1454 3693 nec
1497 3639 1565 3694 de
1601 3639 1669 3694 iis
1711 3656 1828 3711 quae
1860 3644 2012 3699 novit

433 3728 710 3790 irascitur,
755 3737 849 3783 aut
891 3729 1215 3799 paenitentia
1272 3730 1534 3796 ducitur;
1594 3747 1702 3786 non
1747 3743 1833 3787 est
1881 3750 2011 3804 ergo

428 3820 612 3888 passio
640 3835 761 3889 qua:
791 3821 844 3874 in
883 3820 1050 3875 Deum
1073 3822 1248 3884 cadat,
1281 3823 1360 3875 ira
1389 3821 1471 3876 vel
1500 3824 1824 3892 pmnitcntia
1855 3843 1871 3880 :
1915 3827 2010 3882 sed

433 3911 527 3964 ira:
561 3926 698 3981 epus
730 3923 815 3967 est
850 3913 1104 3981 punitio;
1154 3914 1296 3982 quod
1342 3922 1396 3968 et
1426 3913 1491 3967 ad
1521 3915 1899 3984 pmnitentiam
1933 3918 2009 3972 si-

429 4000 631 4056 militer
667 4001 1105 4056 transferendum
1139 4020 1153 4056 :
1191 4017 1320 4071 quae.
1352 4012 1433 4056 est
1483 4004 1764 4061 derelictio
1816 4006 2010 4075 prioris

426 4088 630 4155 operis,
661 4098 716 4140 et
757 4089 1046 4144 translatio
1081 4092 1135 4143 in
1172 4090 1331 4144 aliam
1363 4092 1852 4162 dispensationem.
1915 4095 2009 4151 Sic

424 4185 480 4232 et
516 4177 581 4231 de
618 4179 794 4247 gladio
837 4181 1037 4236 dicitur
1067 4201 1082 4235 :
1126 4181 1313 4238 Gladie
1353 4197 1526 4249 acute,
1577 4195 1751 4240 macta
1777 4187 1840 4239 ³⁷.
1871 4186 2005 4242 Item

425 4285 619 4325 manus
644 4272 824 4326 ferrea
861 4278 1173 4330 nominatus
1199 4286 1282 4330 est
1313 4275 1569 4332 Salomon
1599 4298 1611 4333 :
1645 4277 1714 4332 Ut
1743 4280 1932 4348 eripiat
1957 4291 2006 4334 le

425 4365 491 4418 de
524 4381 682 4418 manu
714 4367 889 4434 ferrea
937 4379 984 4423 et
1016 4369 1192 4439 gladio
1222 4372 1290 4428 ³⁸.
1340 4371 1408 4427 Ut
1442 4373 1610 4428 David
1668 4375 1878 4444 inquit:
1935 4375 2004 4430 In

423 4472 611 4510 manus
640 4457 807 4525 gladii
839 4462 906 4515 ’9.
939 4461 1143 4516 Eodem
1175 4465 1334 4519 modo
1367 4466 1582 4521 animus
1617 4467 1705 4522 Dei
1735 4468 1893 4522 irasci
1924 4469 2006 4524 di-

2116 3248 2406 3320 νοημάτων
2440 3265 2500 3301 τε
2520 3248 2615 3301 καὶ
2645 3247 2903 3320 ῥημάτων
2937 3247 3005 3301 τὰ
3031 3247 3163 3318 περὶ
3207 3244 3343 3299 Θεοῦ
3387 3245 3694 3315 λεγόμενα;

2716 3547 2824 3602 Καὶ
2858 3545 3064 3601 πάλιν·

2184 3639 2245 3690 Ei
2276 3639 2452 3692 πάντα
2485 3637 2732 3710 προεῖδέν
2765 3639 2794 3690 6
2826 3638 2980 3701 Θεὸς,
3007 3637 3108 3690 οῦκ
3142 3635 3235 3706 ἀφ’
3267 3630 3342 3690 ὧν
3369 3631 3426 3689 δὲ
3457 3629 3564 3687 οἶδε
3597 3635 3694 3688 θυ-

2117 3728 2310 3801 μοῦται
2342 3730 2376 3800 ἢ
2410 3730 2815 3800 μεταμελεῖται·
2851 3729 2911 3782 ού
2941 3728 3112 3792 πάθος
3154 3727 3262 3799 ἄρα
3283 3726 3417 3780 Θεοῦ
3441 3725 3632 3797 θυμὸς,
3660 3725 3694 3796 ἦ

2115 3820 2467 3892 μεταμέλεια’
2497 3819 2633 3874 ἀλλὰ
2660 3821 2753 3873 τοῦ
2789 3819 2963 3892 θυμοῦ
2988 3820 3146 3892 ἔργον
3175 3822 3208 3891 ἡ
3236 3819 3476 3884 κόλασις
3506 3821 3600 3873 καὶ
3633 3819 3696 3871 τὸ

2110 3914 2207 3983 τῆς
2255 3910 2616 3982 μεταμελείας
2657 3911 2888 3982 ὁμοίωςο
2935 3912 3237 3974 ἀπόστασις
3280 3910 3375 3964 τοῦ
3424 3911 3694 3982 προτέρου

2111 4003 2456 4074 πράγματος,
2492 4002 2780 4074 μετάθεσις
2807 4003 2862 4056 δὲ
2888 4004 2968 4067 εἰς
3003 4002 3101 4073 τὴν
3125 4003 3318 4076 ἑτέραν
3354 4001 3690 4072 οἰκονομίαν.

2110 4095 2265 4148 Οῦτω
2292 4094 2386 4148 καὶ
2409 4111 2474 4146 πε
2485 4094 2536 4164 pl.
2565 4093 2838 4165 ῥομφαίας
2867 4093 3101 4162 λέγεται*
3134 4094 3422 4162 Ῥομςσαία
3447 4094 3695 4156 ὀξύνου-

2109 4199 2211 4249 σα,
2237 4185 2451 4255 σφάζε.
2476 4184 2632 4239 υῦτω
2648 4186 2740 4238 καὶ
2765 4187 2886 4256 χεὶρ
2901 4184 3213 4256 ὠνόμασται
3236 4185 3456 4257 σιδήρου
3480 4187 3507 4237 6
3532 4184 3694 4236 Σολο-

2111 4279 2269 4350 μῶν¹⁸
2302 4281 2425 4334 Ἵνα
2446 4279 2709 4348 ρύσηταί
2733 4294 2806 4333 σε
2828 4279 2896 4332 ἐκ
2921 4279 3118 4348 χειρὸς
3146 4277 3399 4346 σιδήρου
3419 4277 3520 4333 καὶ
3544 4279 3696 4346 ῥομ-

2107 4375 2323 4442 φαίαςο
2352 4373 2428 4437 ώς
2475 4375 2504 4426 ὁ
2546 4373 2708 4427 Δαυῗδ
2745 4387 2908 4442 φησιν
2932 4387 2946 4401 ο
2991 4372 3095 4436 Εἰς
3136 4370 3340 4438 χεῖρας
3365 4371 3691 4440 ῥομφαίας.

2108 4464 2265 4518 Οῦτω
2293 4465 2388 4518 καὶ
2408 4465 2437 4516 6
2463 4463 2634 4535 θυμὸς
2658 4463 2752 4517 τοῦ
2779 4463 2915 4516 Θεοῦ
2943 4461 3260 4534 ὀργίζεσθαι
3299 4462 3516 4532 λέγεται
3535 4501 3550 4525 ,
3595 4464 3696 4516 καὶ

423 4551 584 4613 citur,
624 4560 678 4603 et
713 4551 906 4607 faciem
947 4554 1150 4610 habere
1193 4567 1436 4624 peccata,
1475 4560 1772 4613 secundum
1810 4559 1999 4626 David,

2120 4555 2398 4626 πρόσωπον
2430 4554 2574 4626 ἔχειν
2597 4555 2872 4627 ἁμαρτίας
2900 4553 3041 4608 κατὰ
3058 4553 3149 4606 τὸν
3175 4554 3356 4619 Δαυῖδ,
3393 4556 3488 4608 καὶ
3516 4553 3690 4625 πρόσ-

421 4646 478 4691 et
501 4637 697 4693 faciem
730 4641 809 4694 ira
849 4642 964 4707 Dei,
991 4643 1134 4698 sicut
1186 4645 1236 4698 in
1270 4645 1481 4713 psalmo
1527 4647 1805 4702 tricesimo
1835 4649 2002 4718 septi-

421 4746 512 4785 mo
542 4748 558 4784 :
600 4744 654 4786 et
681 4734 933 4789 manibus
965 4737 1222 4805 plaudere
1269 4738 1512 4792 flumina.
1547 4739 1657 4793 Nec
1695 4749 1875 4795 tamen
1905 4741 2002 4796 llu-

420 4822 566 4875 mina
599 4837 792 4876 manus
821 4824 1042 4892 habent,
1079 4826 1163 4880 vel
1192 4827 1382 4882 faciem
1413 4840 1656 4897 peccata.
1685 4830 1854 4886 Nemo
1896 4832 1998 4902 igi-

421 4922 509 4968 tur
553 4929 622 4968 ex
680 4915 746 4969 iis
794 4930 913 4984 qua:
958 4919 1323 4987 corporaliter
1366 4921 1434 4976 de
1471 4923 1579 4977 Deo
1623 4923 1882 4978 dicuntur
1934 4927 2000 4980 ad

417 5015 632 5075 captum
670 5017 935 5075 veterum,
971 5009 1064 5064 Dei
1087 5026 1284 5078 corpus
1311 5014 1533 5083 cogitet,
1560 5025 1650 5068 aut
1693 5015 1843 5070 illum
1869 5032 1997 5087 pas-

418 5097 662 5153 sionibus
687 5107 920 5152 scatere.

485 5185 819 5244 Mutabilitas
846 5191 1133 5246 sententia:
1165 5193 1417 5248 humana:
1442 5211 1546 5248 non
1579 5206 1662 5250 est
1695 5197 1998 5252 attribuen-

415 5274 478 5327 da
516 5275 643 5334 Deo.
670 5271 951 5335 Nos'enim
979 5283 1031 5335 iu
1071 5283 1226 5338 nobis
1267 5285 1401 5352 ipsis
1445 5289 1771 5343 mutationes
1799 5290 1995 5345 divina:

414 5367 855 5435 dispensationis,
889 5389 1009 5443 quae
1046 5375 1204 5430 nobis
1249 5376 1370 5443 jure
1403 5378 1744 5449 contingant,
1794 5394 1992 5449 opera-

414 5471 558 5523 mur,
611 5458 738 5514 dum
777 5462 1026 5533 indignos
1058 5480 1156 5521 nos
1202 5468 1512 5537 przebemus
1561 5481 1783 5541 propter
1826 5489 1989 5544 opera

414 5551 643 5616 honore,
675 5567 836 5621 quem
872 5555 1100 5626 largitur
1132 5559 1295 5615 Deus.
1323 5560 1458 5617 Cum
1493 5558 1663 5633 igitur
1702 5565 1991 5634 repudias-

465 5684 528 5715 -'-'
558 5684 756 5740 Ezeclt.
789 5701 904 5752 xxx,
936 5688 990 5742 9.
1067 5688 1112 5720 ³⁸
1155 5695 1296 5752 Psal.
1323 5714 1380 5761 ιι,
1404 5698 1456 5754 9.

487 5843 622 5916 (82‘)
652 5845 874 5920 Confer.
919 5857 1050 5904 tom.
1084 5847 1196 5918 ΧΙΙ,
1232 5852 1334 5907 col.
1374 5851 1498 5909 991.

1553 5695 1598 5731 ³⁸
1624 5694 1827 5753 Psalm.
1856 5695 2083 5766 an,|l.

2107 4664 2255 4702 ωπον
2285 4649 2314 4700 6
2345 4647 2437 4701 τοῦ
2484 4647 2618 4700 Θεοῦ
2662 4647 2851 4718 θυμὸς,
2879 4650 2954 4710 ὡς
2970 4649 3026 4700 ὲν
3049 4645 3126 4716 τῷ
3149 4645 3456 4718 τριακοστῷ
3476 4646 3692 4716 ἑϐδόμῳ

2105 4736 2322 4808 ψαλμῷ·
2355 4738 2448 4790 καὶ
2468 4739 2654 4810 χερσὶν
2676 4739 2726 4791 οἱ
2752 4737 2989 4808 ποταμοὶ
3014 4739 3246 4808 κροτεῖν.
3277 4737 3412 4791 Οῦτε
3439 4738 3495 4790 δὲ
3521 4755 3693 4791 ποτα-

2112 4832 2230 4900 μοῖς
2268 4830 2447 4901 χεῖρές
2490 4833 2662 4894 εἰσιν,
2707 4829 2836 4884 οὔτε
2885 4829 3174 4901 πρόσωπον
3233 4829 3544 4901 ἁμαρτίαις.
3595 4831 3688 4900 Μὴ

2105 4921 2286 4974 τοίνυν
2333 4939 2418 4986 τις
2463 4921 2533 4976 τὰ
2583 4923 2914 4995 σωματικῶς
2951 4925 3082 4997 περὶ
3115 4922 3251 4976 Θεοῦ
3286 4920 3574 4991 λεγόμενα,
3611 4920 3690 4983 ὡς

2101 5013 2340 5086 ἐχώρουν
2373 5017 2423 5067 οἱ
2464 5015 2702 5079 παλαιοὶ,
2751 5017 2909 5088 σῶμα
2946 5017 3038 5074 τὸν
3081 5016 3213 5070 Θεὸν
3258 5011 3602 5085 νομίζωμεν,
3649 5013 3682 5084 ἢ

2101 5105 2288 5159 παθῶν
2312 5105 2474 5160 αὑτὸν
2507 5107 2918 5179 πεπληρῶσθαι.

2174 5199 2248 5252 Ού
2278 5200 2339 5252 τὸ
2384 5199 2845 5271 εύπερίστρεπτον
2887 5200 2987 5269 τῆς
3030 5197 3316 5270 ἀνθρώπου
3354 5197 3579 5268 γνώμης
3607 5194 3686 5266 τῷ

2102 5287 2220 5358 Θεῷ
2250 5289 2612 5359 προσαπτέον.
2651 5289 2840 5359 Ἡμεῖς
2865 5289 2974 5361 γὰρ
3000 5290 3086 5360 ἐφ’
3114 5290 3321 5344 ἑαυτῶν
3353 5292 3454 5352 τὰς
3476 5288 3686 5360 τροπάς

2099 5380 2199 5451 τῆς
2234 5378 2384 5443 θείας
2418 5379 2748 5450 οἰκονομίας,
2789 5381 2887 5445 τὰς
2914 5382 2998 5450 ἐφ’
3024 5384 3154 5454 ἡμῖν
3186 5381 3409 5445 δικαίως
3453 5380 3659 5452 συμεαι

2099 5471 2187 5524 νού
2196 5489 2292 5536 σας
2307 5469 2752 5542 ἀπεργαζόμεθα,
2769 5473 3015 5540 ἀναξίους
3036 5475 3260 5537 ἑαυτοὺς
3279 5471 3584 5536 δεικνύντες
3597 5471 3686 5525 διὰ

2099 5562 2207 5616 τῶν
2241 5562 2491 5635 πράξεων
2513 5564 2613 5634 τῆς
2660 5563 2812 5638 παρὰ
2836 5564 2929 5618 τοῦ
2976 5565 3109 5619 Θεοῦ
3141 5563 3475 5638 δωρηθείσης
3491 5565 3679 5635 τιμῆς.
