4004 6514
478 417 540 478 6|
1371 417 1935 476 SUPPLE‘MENTUM
1975 418 2027 473 At

2143 415 2432 474 ilthENlS
2469 416 2882 476 exsomnes.
3661 424 3728 480 εει
3783 391 3791 398 ’

544 539 779 594 (abimus
797 555 884 594 eos
917 538 1142 594 Domino
1165 539 1220 593 in
1252 538 1384 593 colle
1407 538 1562 601 Saul,
1585 539 1775 593 electos
1800 536 2024 592 Domino

2224 536 2360 609 τοῦ,
2389 535 2486 590 καὶ
2499 535 2869 609 ealciqu
2901 537 3011 609 (96)
3041 537 3264 605 αὐτοὺς
3305 537 3388 604 τῷ
3424 539 3622 608 Κυρίῳ
3658 539 3727 596 ἐν

476 701 538 755 ν.
580 699 638 754 8.
679 698 747 753 Et
781 700 980 766 accepit
1020 715 1114 754 res:
1154 700 1288 754 duos
1335 700 1476 768 ﬁlios
1515 698 1720 765 Resplm
1770 698 1900 768 filia'
1950 699 2049 752 Aia

542 770 848 840 concubinae
897 769 1104 834 Saulis,
1155 787 1286 840 quos
1321 767 1516 837 peperit
1575 768 1750 840 Sauli,
1805 767 2048 840 Ermothi

539 848 592 893 et
632 839 1084 906 Memphibasthe;
1127 839 1176 893 et
1212 843 1440 909 quinque
1491 840 1629 907 ﬁlios
1681 839 1862 894 Merob
1919 839 2048 909 [ilice

541 909 698 976 Saul,
716 925 848 980 quos
867 911 1061 981 peperit
1081 909 1291 965 Esdriel
1304 911 1416 978 ﬁlio
1437 909 1667 964 Berselli
1690 908 2044 964 Moulathitw.

468 1137 533 1193 ν.
574 1140 628 1196 9.
677 1141 741 1197 Et
780 1140 920 1196 dedit
968 1158 1054 1196 eos
1097 1144 1152 1196 in
1205 1143 1447 1196 manibus
1497 1139 1914 1197 Gabaonitarum
1945 1157 1963 1195 :
1996 1151 2043 1195 et

535 1211 880 1281 placaveruut
901 1229 988 1267 eos
1013 1214 1069 1266 in
1105 1224 1282 1268 mante
1300 1230 1478 1267 coram
1514 1213 1760 1266 Domino.

536 1375 596 1432 Si
627 1377 682 1431 in
715 1376 834 1432 zelo
859 1375 1024 1432 Israel
1046 1387 1101 1432 et
1123 1373 1262 1431 Juda
1291 1373 1421 1430 Saul
1454 1373 1787 1430 Gabaonitas
1815 1377 2045 1445 perdere

463 1482 756 1537 aggressus
793 1479 899 1535 est,
918 1468 1240 1538 quibuscum
1257 1467 1463 1524 l'mdera
1493 1466 1688 1521 inierat
1708 1465 1868 1521 Jesus
1898 1467 2043 1524 illius

455 1558 632 1625 .Nave,
683 1567 740 1614 et
788 1559 1078 1614 universus
1128 1559 1388 1630 populus;
1426 1567 1482 1613 et
1511 1567 1800 1629 propterea
1835 1567 2040 1628 septem

461 1649 640 1704 Saulis
678 1649 822 1718 filios
867 1650 1227 1712 sustulerunt,
1279 1649 1371 1718 qui
1423 1663 1453 1702 a
1497 1648 1712 1703 llliabus
1759 1647 1877 1718 ejus
1925 1648 2040 1702 nati

461 1743 835 1798 t'uerant:cur
859 1743 990 1814 ipsa:
1015 1743 1190 1798 tribus
1223 1757 1328 1796 non
1365 1752 1491 1797 sunt
1528 1741 1580 1795 in
1607 1740 1787 1812 culpa,
1822 1741 1914 1796 sed
1945 1741 2037 1811 qui

457 1835 589 1890 nihil
619 1835 872 1890 laeserant
903 1851 1096 1906 pinnas
1119 1834 1440 1889 luuntllloc
1465 1833 1608 1889 enim
1630 1833 1889 1904 injustum
1931 1842 2036 1889 est.

2222 607 2303 673 τῷ
2317 606 2529 672 βουνῷ
2579 607 2780 660 Σαοὺλ
2807 606 3134 676 ἐκλεκτοὺς
3171 609 3386 678 Κυρίῳ.

2152 699 2302 770 Στίχ.
2331 707 2404 771 η’.
2434 700 2542 771 Kal
2576 701 2795 755 ἔλαϐεν
2833 703 2866 754 ὀ
2903 702 3204 767 βασιλεὺς
3240 701 3385 768 τοὺς
3419 700 3530 754 δύο
3561 702 3730 770 υἱοὺς

2231 770 2476 840 Ῥεσφὰ,
2507 772 2798 840 θυγατρὸς
2845 772 2960 826 me
2982 771 3307 840 παλλακῆς
3343 771 3543 825 Σαοὺλ
3574 811 3589 834 ,
3625 773 3728 840 οὓς

2215 841 2383 895 ἔτεκε
2419 841 2501 907 τῷ
2526 841 2759 906 Σαοὺλ,
2789 841 2897 895 τὸν
2952 842 3191 910 Ἑρμωθὶ
3225 842 3323 895 καὶ
3358 842 3464 895 τὸν
3499 845 3726 910 Μεμφι-

2221 911 2424 975 ϐοσθὲ,
2472 911 2740 978 καὶτοὺς
2774 911 2954 965 πέντε
2994 912 3164 979 υἱοὺς
3196 911 3309 979 τῆς
3335 912 3532 980 Μερὸϐ
3551 916 3728 981 θυγα-

2215 983 2354 1051 τρὸς
2380 981 2581 1036 Σαοὺλ
2599 1021 2616 1044 ,
2653 983 2761 1048 οὓς
2799 983 2966 1037 ἔτεκε
3001 981 3082 1049 τῷ
3119 981 3400 1051 Ἐσδριὴλ
3431 981 3540 1048 υἱῷ
3585 984 3728 1050 Βερ-

2217 1050 2378 1112 ζὲλλὶ
2413 1051 2494 1118 τῷ
2521 1053 2846 1108 Μοουλαθί.

2149 1145 2298 1215 Στίχ.
2325 1144 2389 1215 θ’.
2417 1143 2530 1197 Kal
2555 1143 2778 1215 ἔδωκεν
2806 1141 3035 1215 αὐτοὺς
3047 1142 3125 1215 ἐν
3145 1139 3317 1215 χερσὶ
3348 1141 3467 1215 τῷν
3491 1143 3729 1215 F9690)-

2212 1211 2428 1269 νὶτῶν·
2479 1213 2578 1267 καὶ
2616 1213 2915 1278 ἐξίλασαν
2952 1213 3062 1284 (97)
3108 1211 3329 1279 αὐτοὺς
3382 1212 3454 1266 ἐν
3485 1211 3566 1278 τῷ
3606 1212 3727 1281 ὄρει

2214 1284 2492 1339 ἐναντίον
2521 1285 2765 1352 Κυρίου.

2217 1378 2280 1431 El
2335 1377 2396 1430 ὲν
2430 1376 2510 1449 τῷ
2543 1376 2690 1448 ζήλῳ
2738 1376 2833 1430 τοῦ
2900 1376 3116 1448 Ἰσραὴλ
3166 1377 3262 1431 καὶ
3310 1374 3404 1430 τοῦ
3461 1376 3632 1430 Ἰούδα
3696 1376 3727 1429 δ

2145 1467 2316 1522 Σαοὺλ
2339 1468 2465 1533 τοὺς
2493 1467 2838 1531 Γαϐαωνίτας
2853 1468 3060 1522 ἀνελεῖν
3089 1468 3412 1540 ἐπεχείρησε
3438 1507 3454 1533 ,
3499 1467 3617 1539 μεθ’
3649 1460 3728 1522 ὧν

2145 1557 2419 1628 συνθήκας
2445 1558 2738 1628 ἐποιήσατο
2774 1557 2982 1628 Ἰησοῦς
3012 1560 3041 1612 ὁ
3073 1557 3169 1611 τοῦ
3204 1557 3357 1628 Ναυῆ
3383 1597 3397 1620 ,
3432 1557 3527 1611 καὶ
3562 1558 3673 1621 πᾶς
3695 1557 3728 1611 ὁ

2143 1651 2302 1715 λαὸς,
2335 1651 2427 1704 καὶ
2461 1650 2550 1704 διὰ
2575 1649 2731 1704 τοῦτο
2773 1650 2912 1704 ἑπτὰ
2936 1649 3032 1704 τοῦ
3080 1650 3250 1703 Σαοὺλ
3287 1649 3648 1724 ἀνῃρέθησαν,
3673 1652 3726 1705 οἱ

2141 1741 2251 1794 ἀπὸ
2272 1740 2382 1796 τῶν
2405 1740 2719 1814 θυγατέρων
2742 1740 2905 1794 αὑτοῦ
2928 1740 3312 1812 γεγεννημένοι
3327 1758 3340 1770 ο
3372 1739 3514 1803 τίνος
3534 1739 3726 1793 ἕνεκεν

2141 1832 2240 1904 οὐχ
2264 1833 2320 1886 αἱ
2346 1832 2510 1903 φυλαί
2544 1833 2682 1886 εἰσιν
2711 1833 2768 1885 ὲν
2797 1831 3018 1896 αἰτίαις,
3051 1831 3166 1885 ἀλλ’
3195 1833 3244 1884 0i
3275 1831 3440 1903 μηδὲν
3469 1830 3724 1900 ἠδικηκό-

456 1922 574 1980 Nisi
607 1927 651 1980 si
682 1926 805 1996 quis
830 1895 996 1993 dicat,
1026 1926 1245 1981 Saulem
1295 1941 1477 1995 regem
1526 1940 1630 1980 non
1678 1895 1923 1996 potuisse
1948 1927 2027 1980 ad-

2143 1895 2240 1989 re;
2262 1895 2422 1998 δίκην
2440 1923 2705 1978 δεδώκασι
2729 1941 2744 1990 ;
2771 1924 2942 1978 Τοῦτο
2979 1925 3087 1996 γὰρ
3123 1895 3507 1994 samo}an
3552 1895 3627 1976 εἰ⁷
3645 1923 3720 1993 μή

454 2017 665 2072 versari
695 2026 751 2074 et
784 2017 1046 2074 lsraelitis
1086 2027 1140 2073 et
1171 2018 1333 2072 tribui
1365 2016 1525 2084 Juda,
1559 2033 1660 2073 nec
1691 2017 1901 2074 solvere
1934 2017 2037 2072 lm-

455 2109 584 2162 tlera
611 2118 826 2178 patrum
871 2124 993 2165 cum
1039 2108 1365 2165 Gabaonitis
1409 2110 1564 2166 inita.
1612 2109 1727 2181 Ego
1779 2124 1909 2164 vero
1940 2109 2036 2164 ad-

457 2201 647 2256 derem
697 2202 820 2257 istis
851 2211 907 2257 et
947 2202 1049 2258 boc
1079 2219 1094 2256 :
1126 2201 1334 2256 Divinm
1375 2202 1802 2274 dispensationis
1837 2201 2030 2268 fuisse,

456 2303 516 2346 ut
537 2309 706 2364 genus
723 2293 854 2350 Saul
877 2296 1192 2351 universum
1217 2294 1487 2362 interiret,
1509 2304 1772 2366 quantum
1794 2295 2033 2365 suspicio

450 2403 574 2444 c-sse
627 2397 859 2457 poterat,
885 2398 948 2442 ut
979 2388 1276 2459 aliquando
1318 2390 1424 2446 sibi
1465 2391 1670 2460 regiam
1714 2389 2030 2460 dignitatem

450 2496 700 2538 asserere
730 2481 1024 2549 niteretur,
1053 2499 1119 2539 ac
1148 2495 1438 2555 propterea
1462 2484 1514 2538 in
1539 2483 1800 2540 Davidem
1837 2500 2032 2542 exsur-

445 2583 620 2642 geret,
667 2573 891 2647 ejusque
916 2575 1136 2631 liberos.
1185 2575 1315 2630 Illud
1375 2591 1552 2632 vero:
1587 2575 1896 2632 [molarum
1938 2595 2026 2636 eos

449 2663 760 2720 Gabaonita’
806 2683 988 2720 coram
1031 2666 1258 2722 Domino
1299 2667 1356 2722 in
1399 2676 1598 2734 monte,
1651 2668 1887 2738 positum
1941 2681 2030 2728 est

447 2771 568 2824 pro,
596 2755 913 2812 interfectos
941 2773 1046 2812 non
1075 2758 1428 2828 sepelierunt,
1448 2760 1542 2815 sed
1568 2759 1815 2815 siverunt
1839 2759 2028 2832 jacere

447 2849 550 2902 sub
575 2847 770 2906 solem.
800 2846 870 2901 Et
901 2848 1150 2904 dissoluti
1179 2860 1323 2914 sunt,
1358 2850 1552 2920 inquit,
1579 2860 1627 2905 et
1655 2852 1776 2906 tulit
1797 2870 1884 2907 eos
1905 2852 2024 2908 Dan

444 2938 591 3008 ﬁlius
625 2937 731 2993 Joa
769 2955 835 2996 ea:
881 2941 1158 3010 nepotibus
1201 2943 1475 3013 gigantum
1494 2945 1563 2999 “.
1597 2944 1751 3014 Quod
1799 2947 2024 3000 omnino

443 3027 739 3098 signitlcat,
774 3043 870 3085 eos
905 3031 996 3100 qui
1027 3031 1126 3086 soli
1159 3033 1391 3104 expositi
1427 3043 1587 3090 erant
1615 3035 1893 3106 accepisse
1935 3035 2022 3106 gi-

444 3125 682 3187 gantem.
714 3127 771 3178 et
797 3119 1090 3181 abstulisse
1131 3123 1424 3180 dissolutos
1449 3124 1559 3195 jam
1599 3141 1630 3182 a
1656 3127 1824 3183 solari
1857 3135 2016 3183 testu.

512 3392 674 3452 [latio
694 3394 1116 3456 Gabaonitarum
1135 3397 1366 3456 obscura
1387 3399 1583 3454 mansit
1610 3420 1623 3456 :
1649 3400 1751 3455 nisi
1777 3401 1915 3458 forte
1938 3402 2019 3458 di-

438 3500 652 3549 camus,
671 3487 811 3554 quod
836 3489 1053 3558 quando
1079 3488 1596 3548 manebatinGabee
1618 3503 1677 3547 ut
1702 3493 1900 3548 bellum
1925 3511 2020 3566 ge-

438 3583 609 3642 reret,
630 3577 761 3631 etin
785 3576 965 3646 fugam
991 3579 1510 3651 vertitalienigenas
1540 3583 1692 3651 Saul,
1722 3587 2018 3654 perdiderit

436 3683 563 3724 cum
609 3668 720 3728 illis
748 3669 913 3725 etiam
945 3669 1300 3726 Gabaonitas.
1343 3671 1535 3728 Exstat
1570 3691 1732 3745 porro
1775 3679 2018 3733 narratio

437 3757 492 3812 in
517 3757 800 3814 tricesimo
824 3761 1089 3825 secundo,
1105 3769 1160 3814 et
1174 3759 1448 3816 tricesimo
1477 3763 1636 3818 tertio
1656 3779 1882 3819 numero
1901 3764 2014 3836 (95)

435 3848 635 3917 prioris
649 3849 846 3920 Regni,
867 3861 923 3908 et
948 3852 1000 3908 in
1033 3852 1311 3909 tricesimo
1331 3853 1590 3924 septimo,
1619 3855 1710 3910 ubi
1743 3855 1912 3912 dicit:
1946 3856 2016 3912 Et

435 3939 664 3994 bellabat
692 3942 748 3997 in
775 3943 1000 3998 circuitu
1030 3961 1212 4000 omnes
1240 3946 1483 4000 inimicos
1513 3962 1636 4001 suos
1651 3946 2015 4015 “,etc.Quod

433 4041 614 4089 autem
645 4033 823 4094 littera
861 4035 963 4106 ait,
989 4039 1132 4094 hunc
1163 4039 1331 4094 habet
1359 4053 1579 4094 sensum
1600 4055 1621 4094 »:
1647 4038 1777 4095 Saul
1812 4041 2014 4112 injuste

431 4133 623 4178 contra
658 4140 781 4181 eum
819 4128 974 4198 egit;
1001 4139 1056 4185 et
1084 4145 1153 4188 ex
1191 4131 1354 4189 domo
1389 4133 1538 4190 illius
1577 4133 1725 4190 facta
1767 4144 1854 4190 est
1880 4135 2014 4190 ultio

431 4215 644 4284 injuriae
668 4217 752 4272 vel
781 4234 880 4289 pro
904 4218 1054 4276 .lesu.

503 4397 618 4454 Non
645 4399 958 4460 adiciuntur
986 4419 1116 4461 vero
1142 4405 1339 4477 injuria
1367 4407 1570 4467 sublati
1599 4423 1722 4464 cum
1745 4407 2010 4479 principio

431 4505 530 4546 suo
571 4493 605 4547 ii
634 4495 724 4563 qui
758 4495 827 4555 ab
860 4496 951 4552 illo
987 4499 1318 4556 exstantiam
1351 4514 1506 4554 suam
1530 4502 1813 4558 consecuti
1839 4511 2005 4566 sunt;

2136 2036 2221 2083 τις
2247 2017 2413 2081 εἴποι,
2441 2017 2613 2072 Σαοὺλ
2655 2017 2878 2086 βασιλέα
2917 2018 3050 2072 ὄντα
3081 2018 3358 2079 ἀδυνάτως
3393 2015 3536 2086 ἔχειν
3571 2016 3721 2069 ἀντι-

2139 2108 2328 2180 στῆναι
2359 2107 2454 2162 καὶ
2479 2109 2594 2170 τοῖς
2624 2108 2986 2179 Ἰσραηλίταις
3017 2107 3110 2161 καὶ
3130 2110 3194 2179 τῇ
3223 2106 3360 2178 φυλῇ
3390 2107 3559 2161 ’ἰούδα
3577 2148 3592 2172 ,
3626 2107 3725 2160 καὶ

2139 2199 2213 2270 μὴ
2263 2198 2421 2252 λῦσαι
2469 2197 2570 2261 τάς
2621 2196 2895 2269 συνθήκας
2938 2197 3046 2251 τῶν
3094 2199 3383 2270 πατέρων,
3429 2197 3529 2260 τὰς
3582 2196 3722 2266 πρὸς

2133 2293 2259 2356 τοὺς
2304 2292 2674 2356 Γαϐαωνίτας.
2727 2290 2870 2362 Ἐγὼ
2899 2292 2958 2344 δὲ
2999 2291 3339 2362 προσθοίμην
3398 2290 3464 2343 ἂν
3508 2287 3722 2351 τούτοις

2131 2385 2224 2439 τόδ
2252 2382 2359 2438 Τοῦ
2397 2384 2532 2438 Θεοῦ
2561 2382 2875 2454 οἰκονομίας
2923 2377 3063 2435 εἶναι
3110 2381 3172 2434 τδ
3215 2381 3375 2450 γένος
3407 2377 3501 2432 τοῦ
3545 2376 3722 2430 Σαοὺλ

2131 2476 2473 2548 ἀναλωθῆναι
2504 2479 2634 2542 πᾶν,
2667 2477 2792 2531 ὅσον
2823 2474 3114 2529 ὑπώπτευε
3144 2473 3366 2529 πώποτε
3419 2471 3718 2525 ἀντιποιεῖ-

2132 2570 2257 2624 σθαι
2277 2569 2372 2624 τοῦ
2401 2569 2678 2642 βασιλικοῦ
2701 2568 3032 2640 ἀξιώματος,
3052 2567 3140 2621 διά
3157 2583 3216 2619 τε
3233 2565 3392 2619 τοῦτο
3406 2563 3717 2636 ἐπαναστή-

2131 2661 2317 2716 σεσθαι
2334 2660 2410 2733 τῷ
2421 2661 2602 2728 Δαυτδ,
2620 2661 2848 2725 καὶτοῖς
2868 2659 3056 2714 τούτου
3079 2657 3256 2713 παισί.
3283 2657 3356 2710 Τὸ
3369 2657 3426 2710 δὲ
3441 2655 3720 2724 Ἐξηλία-
3795 2731 3801 2737 .

2128 2768 2251 2808 σαν
2277 2754 2500 2821 αὐτοὺς
2519 2757 2572 2809 οἱ
2602 2753 2972 2810 Γαϐαωνῖται
2999 2751 3277 2805 ἐναντίον
3295 2749 3518 2817 Kvplov
3540 2748 3612 2802 ἐν
3635 2747 3717 2814 τῷ

2127 2847 2270 2912 ὄρει,
2306 2847 2430 2900 ἀντὶ
2459 2845 2586 2911 τοῦ,
2628 2845 3040 2918 Ἀναιρεθέντας
3071 2844 3172 2896 οὐκ
3196 2841 3422 2908 ἔθαψαν,
3455 2839 3570 2893 ἀλλ’
3600 2839 3717 2893 eia-

2127 2956 2228 2994 σαν
2278 2938 2386 2991 ὑπὸ
2423 2938 2516 2991 τὸν
2559 2937 2710 3008 ἥλιον
2759 2937 2994 2992 κεῖσθαι.
3066 2934 3512 3000 Ἐξελύθησαν,
3555 2931 3712 3002 φησὶ,

2123 3031 2224 3086 καὶ
2248 3031 2467 3086 ἐλαϐεν
2499 3029 2723 3097 αὐτοὺς
2749 3030 2870 3083 Δὰν
2895 3029 3027 3094 υίὸς
3069 3027 3198 3081 Ἰωὰ
3240 3025 3358 3079 τῶν
3397 3024 3715 3093 ἀπογόνων

2121 3122 2244 3178 τῶν
2271 3123 2582 3194 γιγάντων.
2609 3123 2835 3186 Πάντως
2859 3139 2961 3176 που
2989 3119 3236 3192 βούλεται
3255 3117 3452 3186 λέγειν,
3477 3117 3559 3170 ὅτι
3584 3117 3713 3179 τοὺς

2124 3214 2231 3270 ὑπὸ
2271 3215 2363 3268 τὸν
2409 3214 2558 3286 ἥλιον
2608 3213 2865 3278 τεθέντας
2913 3212 3091 3266 λαϐὼν
3137 3213 3168 3264 ὁ
3211 3210 3376 3280 γίγας
3398 3249 3414 3272 ,
3469 3207 3715 3262 ἀνείλετο

2123 3306 2517 3378 ἐκλελυμένους
2553 3306 2655 3380 ἥδη
2685 3305 2791 3360 ὑπὸ
2819 3306 2922 3374 τῆς
2950 3304 3181 3376 ἡλιακῆς
3207 3301 3425 3373 φλογός.

2198 3399 2258 3453 '0
2287 3400 2464 3470 λόγος,
2503 3401 2533 3453 ὁ
2567 3399 2710 3454 κατά
2728 3399 2856 3462 τοὺς
2882 3395 3248 3458 Γαϐαωνίτας,
3276 3393 3552 3463 ἄγνωστος
3579 3389 3714 3448 καθ-

2123 3491 2390 3564 έστηκεν
2429 3494 2479 3546 εί
2516 3494 2588 3563 μή
2645 3491 2748 3545 πού
2781 3509 2846 3562 γε
2879 3490 3154 3560 εἴπωμεν,
3187 3489 3270 3541 ὅτι
3301 3486 3467 3558 ἡνίκα
3503 3483 3710 3553 ὲκάθη-

2119 3600 2181 3636 το
2206 3584 2264 3636 ὲν
2297 3582 2469 3636 Γαὸεὲ
2494 3581 2589 3636 τοῦ
2627 3581 2887 3653 πολεμεῖν
2907 3622 2922 3646 ,
2960 3581 3054 3634 καὶ
3081 3577 3432 3652 ὲτροπὼσατο
3455 3575 3581 3639 τοὺς
3614 3573 3711 3627 ἀλ·-

2118 3674 2382 3745 λοφύλους
2413 3677 2441 3728 ὁ
2474 3673 2664 3738 Σαοὺλ,
2687 3675 2782 3728 καὶ
2806 3672 3054 3727 ἀπώλεσε
3090 3671 3207 3744 μετ’
3236 3669 3414 3723 αὐτῶν
3449 3667 3546 3721 καὶ
3582 3665 3709 3729 τοὺς

2119 3767 2489 3831 Γαϐαωνίτας.
2525 3766 2634 3820 Καὶ
2663 3766 2780 3819 ἔστι
2806 3765 2868 3818 τὸ
2887 3765 3132 3836 διήγημα
3167 3764 3225 3816 ὲν
3257 3757 3564 3833 τριακοστῷ
3589 3757 3709 3810 δευ-

2116 3860 2260 3934 τέρῳ
2293 3861 2388 3915 καὶ
2417 3857 2727 3932 τριακοστῷ
2771 3858 2940 3930 τρίτῳ
2973 3855 3192 3930 ἀριθμῷ
3219 3853 3321 3925 τῆς
3352 3849 3576 3924 πρώτης
3610 3850 3706 3919 βα-

2119 3952 2362 4018 σιλείας,
2408 3952 2504 4006 καὶ
2552 3949 2856 4021 τριακοστῷ
2907 3949 3153 4021 ἑϐδόμῳ·
3191 3945 3320 4000 ἔνθα
3363 3943 3534 4014 φησί’
3589 3941 3700 3995 Kal

2114 4043 2393 4114 ἐπολέμει
2420 4045 2626 4112 κύκλῳ
2651 4041 2885 4111 πάντας
2901 4041 3043 4110 τοὺς
3066 4039 3318 4111 ἐχθροὺς
3347 4036 3556 4100 αὑτοῦ,
3605 4034 3704 4087 καὶ

2114 4132 2181 4187 τὰ
2225 4131 2372 4204 ἑξῆς.
2413 4134 2478 4188 Ὃ
2525 4133 2585 4187 δὲ
2619 4131 2766 4203 λέγει
2805 4133 2870 4187 τὸ
2917 4133 3101 4204 ῥητὸν,
3136 4130 3295 4185 τοῦτό
3331 4131 3448 4182 ἐστι
3471 4144 3484 4153 ·
3531 4123 3706 4179 Σαοὺλ

2111 4224 2337 4296 ἠδίκησε
2369 4226 2492 4281 κατ’
2523 4226 2692 4280 αὑτοῦ
2723 4225 2816 4279 καὶ
2849 4227 2914 4278 ἐκ
2943 4223 3039 4278 τοῦ
3084 4224 3237 4278 οῐκου
3266 4220 3433 4275 αὐτοῦ
3479 4218 3706 4289 γεγένη-

2110 4336 2202 4373 ται
2235 4320 2270 4391 ἡ
2302 4318 2585 4392 ἐκδίκησις
2615 4319 2715 4390 τῆς
2741 4318 2956 4383 ἀδικίας
2981 4316 3016 4388 ἢ
3044 4317 3138 4371 ἐπὶ
3171 4313 3399 4387 Ἰησοῦν.

2186 4415 2302 4468 Οὐκ
2345 4414 2657 4471 ἀδικοῦνται
2704 4414 2764 4475 δὲ
2805 4410 3286 4484 συναναιρούμενοι
3329 4406 3437 4461 τῶν
3479 4404 3593 4473 (98)
3643 4406 3703 4459 ὲν

2109 4505 2252 4579 ἀρχῇ
2275 4505 2324 4557 οἱ
2352 4504 2412 4572 ἐξ
2445 4505 2652 4558 ἐκείνου
2685 4504 2746 4560 τὸ
2768 4499 2906 4561 εἶναι
2943 4501 3198 4573 λαχόντες
3217 4517 3232 4531 ο
3259 4499 3380 4553 ὅθεν
3432 4496 3540 4568 γὰρ
3572 4495 3699 4564 ἔσχε

429 4583 574 4637 unde
601 4587 931 4640 exstantiam
963 4587 1292 4655 habuerunt,
1326 4591 1453 4646 inde
1497 4600 1558 4646 ut
1588 4606 1695 4646 non
1730 4601 2009 4647 exstarent

2146 4596 2174 4649 ὸ
2205 4591 2376 4661 εἶναι,
2407 4596 2658 4650 ἐντεῦθεν
2692 4594 2754 4648 τὸ
2786 4595 2862 4666 μὴ
2896 4591 3036 4648 εἶναι
3070 4593 3286 4664 ἔχοντες
3309 4606 3325 4622 ·
3372 4593 3420 4645 εί
3460 4591 3518 4644 δέ
3550 4606 3698 4652 τινος

431 4676 765 4746 accipientes
795 4697 811 4734 :
845 4681 889 4734 si
913 4680 1097 4751 aliquo
1122 4682 1266 4740 bono
1303 4698 1402 4756 per
1437 4698 1500 4740 se
1522 4683 1627 4755 ipsi
1656 4683 1803 4755 digni
1829 4694 2008 4751 erant,

428 4768 557 4827 illud
581 4780 767 4840 postea
798 4775 1104 4834 consecuti.

504 4945 593 5004 "l
619 4949 754 5025 Reg.
789 4974 905 5026 xxi,
937 4961 1022 5020 10.
1135 4958 1182 4994 ιδ
1214 4961 1391 5030 lReg.
1417 4976 1528 5026 xw,
1563 4960 1649 5014 47.

491 5105 606 5175 (95)
642 5106 878 5190 Attende
905 5107 1017 5179 jam
1051 5124 1082 5165 a
1114 5113 1450 5182 temporibus
1491 5112 1744 5186 Origenis
1772 5116 1999 5172 divisio-

417 5187 537 5228 nem
561 5187 704 5233 sacri
726 5189 924 5234 textus.

484 5244 597 5314 (96)
631 5247 772 5320 L038
795 5249 1173 5326 ὲξηλιάσομεν,
1201 5265 1249 5312 et
1280 5265 1430 5313 verte
1463 5255 1826 5311 insalabimus.

2115 4687 2326 4756 ἀγαθοῦ
2357 4687 2426 4740 δι’
2463 4687 2691 4753 ἑαυτοὺς
2720 4684 2861 4761 ἦσαν
2884 4686 3024 4754 ἄξιοι
3043 4726 3057 4751 ,
3099 4686 3324 4758 ὕστερον
3348 4682 3505 4738 τοῦτο
3533 4699 3696 4753 κομιο

2119 4773 2358 4845 ζόμενοι.

2179 5114 2293 5188 (97)
2332 5113 2772 5188 ,Ἐξηλίασανλυι
2807 5116 2943 5170 infra
2971 5124 3024 5170 et
3067 5115 3121 5188 in
3150 5113 3270 5188 cod.
3311 5113 3468 5188 Alc}.

2181 5187 2292 5256 (98)
2329 5183 2492 5243 Forte
2524 5187 2622 5257 τῷ.
2657 5185 2778 5242 Mox
2815 5187 3027 5243 videtur
3075 5184 3357 5255 legendum
3402 5183 3586 5256 ἔσχον.
