4016 6518
465 366 538 422 55
1344 372 1904 431 SUPPLEMENTUM
1944 375 2037 430 AD
2071 375 2395 437 ORIGENIS
2434 379 2845 439 EXEGETICA.
3637 384 3708 441 56

471 494 560 539 tus
589 492 674 540 est
708 483 1036 552 hominibus,
1067 488 1524 556 quemadmodum
1559 499 1615 544 et
1641 490 1896 560 reliquas,
1917 492 2022 547 her-

2137 492 2303 547 ἔδωκε
2333 496 2443 558 τοῖς
2474 493 2797 578 ἀνθρώποις,
2831 495 3020 569 ὥσπερ
3041 496 3104 569 δὴ
3139 496 3233 550 καὶ
3260 495 3359 561 τὰς
3383 495 3549 562 ἄλλας
3571 538 3586 562 ,
3615 499 3710 552 καὶ

466 574 566 631 bas
593 592 809 648 quoque
842 579 954 646 ipse
985 580 1053 634 de
1092 590 1236 635 terra
1283 584 1589 651 germinare
1617 584 1806 639 edixit.
1841 584 2032 639 Sciunt

469 677 648 724 tamen
689 669 1068 734 nihilominus,
1120 671 1252 726 nihil
1297 689 1456 743 posse
1489 675 1818 730 medicorum
1859 685 2033 730 artem

469 758 579 814 Deo
627 760 842 816 nolente
865 765 906 828 ,l
953 763 1048 816 sed
1101 771 1311 819 tantum
1362 780 1543 835 posse,
1586 776 1846 836 quantum
1892 767 2033 822 Deus

465 851 600 904 vult.
630 849 944 907 Jeroboami
1001 867 1162 920 porro
1205 853 1400 911 domus
1423 857 1792 914 omnimodum
1843 858 2035 914 interi-

363 991 366 996 .
467 949 582 996 tum
609 943 869 998 sustinuit
903 944 1056 1014 juxta
1089 946 1495 1014 praedictionem
1528 949 1709 1004 Achize
1759 950 2029 1008 Silonitae.

471 1031 744 1088 Percussit
769 1050 1026 1108 namque,
1055 1039 1151 1102 ait,
1185 1037 1365 1092 Baasa
1393 1056 1485 1094 rea:
1523 1039 1694 1095 Israel
1730 1052 1896 1096 totam
1937 1043 2034 1096 do-

461 1141 605 1179 mum
627 1125 938 1191 Jeroboam,
1001 1139 1049 1183 et
1087 1146 1187 1183 non
1223 1131 1434 1200 reliquit
1461 1147 1666 1186 onmem
1694 1134 2032 1200 spirationem

461 1217 518 1269 in
541 1215 846 1285 Jeroboam,
891 1221 1056 1273 donec
1103 1221 1351 1290 funditus
1403 1224 1642 1292 perderet
1682 1223 1791 1284 ipse
1831 1239 2029 1288 omnes,

456 1304 613 1370 juxta
655 1309 864 1362 verbum
926 1308 1164 1373 Domini,
1215 1313 1354 1379 quod
1398 1313 1606 1366 loculus
1655 1322 1734 1368 est
1771 1314 1827 1367 in
1869 1330 2030 1368 manu

459 1396 594 1450 servi
621 1399 704 1450 sui
725 1398 904 1456 Acilia:
936 1399 1176 1457 Silonitw
1205 1402 1273 1456 “.
1297 1403 1494 1458 Eadem
1523 1419 1717 1474 passus
1744 1416 1826 1462 est
1859 1405 2030 1462 Baasa

461 1503 699 1559 quoque.
751 1491 1010 1547 Eamdem
1055 1495 1200 1549 enim
1232 1505 1290 1550 et
1331 1496 1432 1552 iste
1467 1497 1803 1567 impietatem
1832 1508 1886 1555 et
1925 1500 2030 1555 iui-

459 1579 722 1648 quitatem
763 1583 1046 1652 amplexus
1074 1595 1180 1652 est,
1214 1586 1454 1658 llelaque
1481 1588 1600 1658 eius
1635 1590 1780 1646 lilius
1804 1605 1833 1646 a
1865 1591 2028 1646 Zam-

459 1673 541 1726 hri
575 1673 770 1727 vulnus
802 1677 1031 1745 accepit.
1065 1678 1174 1733 Iste
1206 1692 1333 1735 vero
1377 1683 1674 1737 secundum
1721 1685 2028 1753 praedictio—

458 1778 581 1820 nem
632 1763 854 1833 factam,
899 1769 1093 1822 iterum
1128 1782 1348 1825 omnem
1401 1769 1585 1829 Baasa:
1633 1775 1881 1830 dissolvit
1925 1777 2026 1830 do-

2132 585 2230 650 τὰς
2257 585 2484 656 βοτάνας
2520 587 2680 652 αὐτὸς
2722 591 2786 642 ἐκ
2825 588 2926 658 τῆς
2958 589 3061 660 γῆς
3113 588 3410 658 βλαστῆσαι
3444 599 3710 660 προσετα-

2134 674 2244 740 ξεν.
2277 678 2454 730 Ἴσασι
2483 677 2540 730 δὲ
2573 678 2720 748 ὅμως
2741 718 2756 742 ,
2785 678 2862 741 ὡς
2889 678 3040 730 οὐδὲν
3075 678 3247 748 ἰσχύει
3278 677 3384 731 τῶν
3430 677 3628 750 ἰατρῶν
3672 679 3708 748 ἡ

2130 767 2326 838 τέχνη,
2360 767 2432 839 μὴ
2461 768 2778 841 βουλομένου
2807 768 2943 822 Θεοῦ
3013 769 3150 823 ἀλλὰ
3191 769 3424 823 τοσαῦτα
3463 768 3707 831 δύναται,

2131 859 2231 912 ὅσα
2266 860 2428 922 αὐτὸς
2469 859 2735 930 βούλεται.
2783 859 2889 914 Τοῦ
2940 861 2998 913 δὲ
3043 860 3324 931 Ἰεροὸοὰμ
3363 862 3393 913 6
3429 855 3578 923 οἶκος
3611 859 3709 928 τὴν

2131 951 2505 1024 πανωλεθρίαν
2567 945 2825 1024 ὑπέμεινε
2873 952 3011 1006 κατὰ
3055 952 3152 1024 τὴν
3199 953 3501 1024 πρόρρησιν
3553 951 3711 1021 Ἀχιᾶ

2129 1041 2224 1094 τοῦ
2248 1042 2564 1114 Σηλωνίτου.
2609 1042 2892 1107 Ἐπάταξε
2928 1042 3059 1114 γὰρ,
3092 1043 3260 1113 φησὶ,
3291 1043 3501 1096 Βαασὰ
3525 1043 3709 1107 ,ϐασι-

2129 1133 2277 1201 λεὺς
2321 1134 2568 1202 Ἰσραὴλ
2600 1134 2747 1188 ὅλον
2774 1134 2880 1188 τὸν
2912 1130 3081 1187 οἷκον
3115 1133 3432 1202 ’1εροὸοὰμ,
3463 1133 3563 1186 καὶ
3592 1133 3708 1202 οὐχ

2129 1227 2484 1282 ὑπελείπετο
2524 1225 2731 1282 πᾶσαν
2767 1225 2967 1294 πνοὴν
3010 1227 3079 1279 ἐν
3120 1225 3200 1291 τῷ
3237 1224 3559 1294 Ἱεροϐοὰμ,
3595 1225 3708 1290 ἓως

2130 1318 2236 1373 τοῦ
2275 1317 2701 1387 ἑξολοθρεῦσιιι
2741 1317 2928 1371 αὑτὸν
2959 1316 3220 1383 πάντας,
3255 1316 3408 1370 κατὰ
3446 1317 3510 1369 τὸ
3540 1312 3708 1385 ῥῆμα

2129 1411 2347 1480 Κυρίου
2388 1409 2420 1463 ὅ
2457 1409 2759 1477 ἐλάλησεν
2795 1409 2866 1462 ἐν
2908 1409 3058 1476 χειρὶ
3102 1407 3208 1461 τοῦ
3251 1407 3476 1461 δούλου
3519 1407 3706 1461 αὐτοῦ

2143 1497 2299 1564 Ἆχιὰ
2320 1497 2425 1551 τοῦ
2449 1497 2811 1565 Σηλωνίτου.
2832 1494 3017 1549 Ταῦτα
3041 1495 3098 1548 δέ
3119 1494 3214 1548 καὶ
3240 1493 3423 1548 Βαασά
3450 1493 3702 1548 πέπονθε.

2129 1590 2240 1662 Τὴν
2284 1590 2393 1660 γὰρ
2427 1588 2596 1659 αὐτὴν
2629 1589 2725 1641 καὶ
2757 1580 2908 1649 οὗτος
2942 1586 3195 1640 ἀσέϐειαν
3229 1586 3324 1640 καὶ
3359 1586 3704 1659 παρανομίαν

2127 1681 2428 1752 ἠσπάσατο.
2464 1680 2574 1734 Καὶ
2618 1678 2752 1732 Ἠλὰ
2775 1679 2830 1732 δέ
2865 1679 2893 1731 6
2925 1677 3113 1731 τούτου
3147 1680 3274 1741 παῖς
3313 1678 3464 1750 παρὰ
3489 1676 3706 1748 Ζαμϐρὶ

2129 1775 2341 1842 ἐδέξατο
2363 1774 2459 1847 τὴν
2493 1774 2726 1846 πληγήν.
2753 1765 2921 1836 Οὗτος
2952 1770 3007 1825 δὲ
3040 1771 3180 1825 κατὰ
3203 1772 3303 1843 τὴν
3333 1770 3704 1841 γεγενημένην

453 1873 626 1914 tnum.
658 1857 793 1913 Cum
821 1853 1053 1929 populus
1078 1857 1298 1915 Zambri
1329 1879 1504 1932 regem
1541 1875 1799 1930 creasset,
1831 1866 2022 1922 obses-

2133 1832 2436 1939 πρύῤῥησιν
2465 1832 2627 1920 πάλίν
2662 1832 2673 1846 ’
2696 1864 2875 1918 πάντα
2902 1832 3018 1917 ’τὸν
3081 1863 3174 1917 τοῦ
3213 1832 3424 1917 Baucida
3473 1832 3703 1918 κατέλυ-

452 1967 550 2007 sus
579 1952 801 2008 Zamhri
849 1956 1067 2008 domum
1098 1955 1150 2009 in
1175 1971 1282 2026 qua
1329 1957 1558 2028 degebat
1598 1959 1925 2024 combussit,
1970 1967 2025 2016 et

449 2057 579 2098 cum
631 2043 725 2098 illa
763 2054 992 2099 exustus
1028 2044 1279 2114 oppetiit.
1318 2047 1397 2101 Ex
1434 2046 1518 2102 his
1543 2061 1707 2116 porro
1735 2047 2022 2113 docemur,

451 2149 547 2188 eos
597 2135 689 2205 qui
737 2138 930 2191 eadem
967 2137 1155 2193 vivunt
1202 2140 1495 2209 pravitate,
1530 2139 1815 2194 Dominum
1853 2139 2022 2197 Deum

453 2225 615 2281 alium
652 2242 749 2295 per
793 2227 956 2282 alium
999 2231 1211 2298 punire,
1262 2240 1318 2286 et
1365 2233 1586 2287 tradere
1624 2232 1880 2302 nequiori
1923 2248 2022 2288 ne-

450 2333 635 2389 quam,
663 2320 815 2390 quasi
847 2321 1171 2390 quibusdam
1214 2323 1571 2380 carniﬁcibus
1610 2331 1851 2380 utentem
1893 2323 2020 2379 illis.

517 2593 788 2660 Quoniam
837 2609 967 2651 vero
1008 2595 1254 2652 nonnulli
1299 2608 1570 2666 quaerunt,
1606 2601 1880 2655 undenam
1913 2597 2017 2654 Sa-

451 2687 664 2741 maritae
696 2687 838 2742 hanc
893 2688 1313 2758 appellationem
1355 2691 1677 2756 habuerint,
1709 2705 1774 2746 ex
1819 2706 2017 2761 propo-

451 2778 556 2832 sita
589 2779 816 2834 historia
855 2781 958 2835 hoc
989 2781 1274 2836 addiscere
1315 2797 1543 2850 pronum
1585 2791 1691 2839 est.
1726 2783 2017 2854 Acquisivit

445 2871 616 2938 enim,
644 2871 842 2942 inquit,
893 2871 1108 2926 Zambri
1161 2885 1390 2927 montem
1413 2873 1662 2929 Semeron
1705 2893 1736 2929 a
1783 2874 2019 2930 Semmer

445 2964 662 3018 domino
689 2965 804 3035 ejus
835 2976 1058 3035 argento
1083 2971 1248 3019 duum
1277 2967 1614 3031 talentorum,
1641 2976 1689 3021 el
1731 2966 2016 3034 aediﬁcavit

443 3067 698 3118 montem,
722 3067 769 3110 et
797 3057 1078 3126 appellavit
1111 3073 1301 3112 nomen
1329 3057 1440 3128 ejus
1466 3059 1680 3120 montis,
1708 3074 1861 3128 quem
1883 3057 2017 3111 tedi-

445 3150 719 3218 ﬁcaverat,
747 3149 811 3202 de
836 3155 1042 3204 nomine
1071 3147 1308 3204 Semmer
1343 3151 1543 3204 domini
1578 3154 1791 3215 montis,
1837 3148 2018 3204 Seme-

445 3256 544 3293 ron
566 3237 635 3294 ".
663 3238 744 3293 Ex
779 3250 963 3294 monte
994 3241 1195 3296 civitas
1225 3241 1476 3296 Samaria
1512 3241 1655 3295 dicta
1685 3251 1790 3296 est.
1827 3241 2019 3296 Sama-

445 3333 522 3385 ria
558 3346 720 3400 porro
747 3327 854 3396 est,
887 3347 1006 3399 qua:
1055 3349 1197 3387 nunc
1248 3332 1475 3388 Sebaste
1501 3343 1747 3387 vocatur.
1792 3329 1869 3388 lhi
1900 3343 2020 3388 erat

445 3427 592 3494 regia
636 3425 824 3479 decem
859 3423 1120 3479 tribuum.
1159 3426 1231 3480 At
1269 3425 1460 3480 decem
1517 3425 1769 3481 tribubus
1816 3429 1869 3481 in
1925 3441 2021 3482 ca-

443 3514 744 3584 ptivitatem
800 3514 1067 3580 abductis,
1105 3525 1162 3572 et
1209 3524 1357 3571 terra
1392 3515 1481 3570 illa
1535 3517 1726 3572 ell‘ecta
1758 3518 2015 3584 deserta;

443 3605 692 3660 translati
735 3618 861 3661 sunt
901 3607 1124 3675 quidam
1171 3607 1237 3664 de
1291 3607 1648 3666 orientalibus
1681 3611 1924 3680 partibus
1963 3610 2018 3664 in

436 3708 503 3748 ea
536 3695 731 3765 uppida
760 3693 830 3750 ab
855 3697 1207 3766 Assyriorum
1264 3699 1503 3771 regibus.
1541 3700 1633 3757 Isti
1682 3713 1812 3770 ergo
1852 3713 1884 3755 a
1915 3699 2018 3755 Sa-

443 3788 614 3842 maria
649 3787 780 3844 dicti
811 3798 938 3843 sunt
978 3787 1281 3845 Samaritae.

513 3972 606 4029 llis
637 3973 705 4028 de
736 3971 959 4028 Zambri
1013 3972 1271 4038 narratis,
1322 3973 1390 4028 ad
1438 3971 1630 4027 ludam
1683 3974 1921 4037 transiit,
1959 3983 2011 4028 et

438 4065 743 4120 admiratus
772 4074 857 4120 est
881 4064 1260 4133 Josaphatum.
1297 4063 1442 4119 Inter
1481 4065 1586 4118 alia
1621 4063 1819 4132 inquit,
1843 4065 2013 4134 ipsum

447 4158 635 4227 fecisse
671 4156 810 4226 quod
838 4165 1040 4210 rectum
1064 4165 1179 4209 erat
1211 4172 1388 4210 coram
1427 4156 1652 4211 Domino
1679 4157 1753 4211 ⁸⁸.
1782 4161 2015 4224 Questus

441 4258 626 4301 tamen
675 4254 761 4302 est
818 4247 885 4301 de
936 4262 1021 4310 eo,
1055 4246 1204 4316 quod
1235 4261 1340 4302 non
1367 4247 1654 4303 abstulerit
1682 4249 1891 4303 cultum
1919 4249 2011 4317 qui

399 4343 402 4347 ’
437 4340 493 4393 in
528 4339 665 4394 locis
695 4337 855 4395 editis
883 4341 1282 4405 exercebatur;
1313 4340 1443 4409 quin
1483 4349 1538 4396 et
1581 4339 1791 4397 Achabi
1836 4334 2014 4394 ³11ὶοί-

439 4441 604 4487 tatem
628 4431 968 4501 amplexatus
994 4433 1089 4488 sit.
1125 4432 1251 4488 llaec
1285 4449 1449 4503 porro
1476 4433 1808 4492 luculentius
1847 4433 2014 4488 Para-

2134 1974 2226 2011 σεν
2270 1953 2434 2012 οἷκον.
2461 1956 2570 2011 Τοῦ
2626 1954 2685 2009 δέ
2727 1954 2858 2009 λαοῦ
2909 1955 3001 2010 τὸν
3034 1955 3249 2028 Ζαμὸρὶ
3297 1958 3708 2026 χειροτονήσαν-

2129 2067 2221 2114 τος
2255 2048 2504 2120 βασιλέα,
2549 2047 3001 2120 πολιορκούμενος
3032 2049 3060 2102 6
3090 2048 3304 2119 Ζαμόρὶ
3333 2047 3422 2100 τὸν
3465 2043 3614 2100 οἶκον
3646 2047 3706 2100 ἐν

2128 2133 2173 2210 ᾧ
2197 2141 2380 2212 διῆγεν
2408 2140 2704 2211 ἐνέπρησε,
2730 2138 2824 2194 καὶ
2857 2140 2953 2193 σὺν
2986 2138 3179 2208 ἐκείνῳ
3209 2137 3430 2200 καυθεὶς
3461 2135 3706 2191 τετελεύ-

2129 2250 2285 2304 τηκε.
2318 2232 2691 2303 Διδασκόμεθα
2713 2232 2770 2286 δὲ
2801 2231 2888 2286 διὰ
2916 2231 3120 2287 τούτων
3150 2232 3329 2302 ἡμεῖς,
3350 2230 3425 2294 ὡς
3453 2230 3578 2293 τοὺς
3608 2247 3705 2283 πο-

2128 2325 2292 2396 νηρίᾳ
2323 2324 2598 2388 συζῶντας
2618 2324 2685 2378 δι’
2710 2323 2952 2396 ἀλλήλων
2983 2323 3293 2392 ὁΔεσπότης
3315 2320 3530 2385 κολάζει
3548 2319 3702 2384 Θεὸς,

2127 2417 2222 2469 καὶ
2258 2415 2336 2487 τῷ
2377 2415 2724 2488 πονηροτέρῳ
2759 2415 2852 2468 τὸν
2891 2415 3127 2486 πονηρὸν
3167 2411 3560 2485 παραδίδωσιν,
3592 2407 3704 2466 οἷόν

2125 2525 2236 2563 τισι
2267 2507 2482 2578 δημίοις
2512 2507 2848 2579 κεχρημένος
2875 2506 3076 2570 αὐτοῖς.

2207 2599 2425 2670 Ἐπειδὴ
2474 2597 2532 2651 δέ
2572 2615 2716 2661 τινες
2765 2595 3018 2668 ζητοῦσι,
3063 2594 3229 2649 πόθεν
3265 2593 3316 2648 οἱ
3363 2589 3702 2663 Σαμαρεῖται

2123 2689 2281 2764 τήνδε
2304 2689 2400 2762 τὴν
2432 2689 2797 2762 προσηγορίαν
2825 2691 3151 2760 ἐσχήκασιν,
3176 2688 3242 2740 ἐκ
3268 2686 3366 2758 τῆς
3405 2681 3703 2756 προκειμέ-

2123 2801 2221 2855 νης
2255 2781 2490 2854 ἱστορίας
2523 2781 2681 2835 τοῦτο
2714 2781 2903 2851 μαθεῖν
2931 2778 3176 2842 εὐπετές.
3218 2778 3547 2846 Ἐκτήσατο
3567 2774 3700 2846 γὰρ,

2124 2878 2278 2948 φησὶ,
2317 2873 2536 2945 Ζειμὸρὶ
2568 2874 2635 2928 τὸ
2682 2872 2818 2942 ὄρος
2851 2871 2916 2926 τὸ
2943 2869 3213 2940 Σεμέρων
3253 2871 3411 2938 παρά
3455 2867 3700 2937 Σεμμὴρ

2123 2966 2230 3021 τοῦ
2265 2967 2472 3033 κυρίου
2514 2963 2699 3019 αὑτοῦ
2742 2962 2851 3018 δύο
2880 2961 3192 3016 ταλάντων
3223 2959 3509 3029 ἀργυρίου
3531 2997 3548 3020 ,
3599 2958 3700 3011 καὶ

2122 3057 2467 3129 ᾠκοδόμησε
2498 3056 2563 3110 τὸ
2593 3055 2750 3125 ὅρος,
2793 3055 2892 3108 καὶ
2918 3053 3247 3108 ἐπεκάλεσε
3284 3050 3351 3105 τὸ
3381 3050 3567 3119 ὄνομα
3595 3051 3702 3103 αὑ-

2121 3151 2227 3204 τοῦ
2253 3150 2430 3219 ὅρους
2448 3145 2520 3205 οὗ
2539 3147 2944 3217 ᾠκοδόμησεν,
2967 3145 3067 3198 ἐπὶ
3096 3143 3176 3210 τῷ
3197 3142 3439 3212 ὀνόματι
3461 3141 3700 3222 Σεμμὴρ

2121 3239 2226 3294 τοῦ
2252 3241 2461 3310 κυρίου
2487 3238 2592 3293 τοῦ
2621 3239 2815 3308 ὄρους,
2845 3233 3134 3306 Σεμέρων.
3173 3235 3304 3286 Ἀπὸ
3325 3234 3384 3287 δὲ
3415 3233 3508 3286 τοῦ
3539 3233 3699 3303 ὅρους

2121 3335 2154 3404 η
2186 3334 2338 3396 πόλις
2366 3331 2667 3404 Σαμάρεια.
2697 3329 2980 3401 Σαμάρεια
3012 3325 3069 3380 δέ
3103 3328 3249 3378 ἐστιν
3272 3325 3306 3395 ἡ
3329 3324 3425 3378 νῦν
3455 3323 3698 3393 Σεϐαστὴ

2120 3421 2656 3495 προσαγορευομένη.
2699 3421 2787 3473 Ἐν
2829 3421 2964 3490 αὐτῇ
3015 3417 3072 3471 δὲ
3113 3412 3181 3487 ἦν
3224 3413 3332 3468 τῶν
3379 3412 3587 3466 δώδεκα
3619 3411 3698 3482 (‘2)

2119 3513 2300 3583 φυλῶν
2328 3514 2397 3568 τὰ
2423 3513 2688 3584 βασίλεια.
2719 3507 3336 3584 Ἐξανδραποδισθεισῶν
3353 3505 3411 3559 δὲ
3437 3504 3544 3559 τῶν
3566 3503 3700 3560 δέκα

2119 3604 2299 3674 φυλῶν
2323 3643 2338 3669 ,
2372 3605 2465 3657 καὶ
2503 3603 2604 3674 τῆς
2641 3601 2746 3674 γῆς
2782 3603 2998 3673 ἐκείνης
3050 3603 3257 3673 ἐρήμου
3303 3597 3698 3670 γεγενημένης,

2121 3697 2456 3769 μετέστησαν
2481 3713 2633 3760 τινας
2661 3697 2727 3749 ἐκ
2750 3694 2858 3748 τῶν
2880 3692 3031 3764 ἑῴων
3059 3692 3241 3764 μερῶν
3263 3693 3344 3754 εἱς
3365 3690 3579 3755 ἐκείνας
3600 3691 3701 3753 τὰς

2116 3789 2300 3854 πόλεις
2338 3789 2444 3843 τῶν
2489 3786 2786 3858 Ἀσσυρίων
2826 3787 2874 3838 οἱ
2912 3782 3167 3856 βασιλεῖς.
3203 3776 3364 3837 Οὗτοι
3395 3782 3452 3836 δὲ
3491 3784 3556 3835 ἐκ
3597 3780 3701 3851 τῆς

2116 3880 2427 3952 Σαμαρείας
2457 3877 2851 3951 ὠνομάσθησαν
2882 3877 3237 3948 Σαμαρεῖται.

2186 3969 2372 4024 Ταῦτα
2400 3970 2528 4041 περὶ⁹
2553 3966 2646 4023 τοῦ
2694 3968 2908 4039 Ζαμϐρὶ
2941 3965 3178 4038 εἰρηκὼς
3203 4005 3218 4030 ,
3250 3965 3342 4019 ἐπὶ
3369 3963 3461 4017 τὸν
3497 3961 3702 4016 Ἰούδαν

2118 4062 2342 4134 μετέϐη,
2367 4062 2464 4115 καὶ
2493 4059 2804 4129 τεθαύμακε
2828 4058 2918 4111 τὸν
2953 4057 3240 4128 Ἰωσαφάτ.
3278 4057 3366 4109 Ἐν
3385 4057 3494 4118 τοῖς
3519 4053 3700 4116 ἄλλοις

2115 4153 2219 4226 ἔφη
2248 4153 2435 4208 αὐτὸν
2471 4152 2538 4206 τὸ
2562 4149 2734 4216 εὐθὲς
2756 4149 3012 4204 ἐνώπιον
3033 4149 3256 4218 Κυρίου
3285 4143 3698 4212 πεποιηκέναι.

2127 4245 2446 4317 Ἐμέμψατο
2471 4244 2527 4297 δὲ
2566 4243 2642 4307 ὡς
2668 4241 2766 4314 τὴν
2810 4243 2868 4296 ἐν
2897 4244 3012 4305 τοῖς
3057 4241 3281 4312 ὑψηλοῖς
3323 4237 3577 4308 λατρείαν
3623 4235 3700 4306 μὴ

2114 4337 2405 4392 παύσαντα
2425 4377 2442 4404 ,
2490 4334 2626 4389 ἀλλὰ
2671 4335 2766 4389 καὶ
2811 4333 2908 4386 τοῦ
2959 4331 3161 4402 Ἀχαὰϐ
3205 4329 3304 4402 τὴν
3372 4328 3699 4398 συγγένειαν

2115 4426 2522 4497 ἀσπασάμενον.
2591 4423 2776 4478 Ταῦτα
2835 4424 2893 4477 δὲ
2948 4422 3278 4493 σαφέστερον
3334 4419 3443 4474 τῶν
3499 4422 3697 4484 Παρα-

438 4523 748 4593 lipomenou
774 4523 912 4578 liber
937 4524 1170 4582 edocuit.
1211 4526 1380 4593 Cujus
1408 4527 1482 4581 rei
1520 4527 1693 4596 gratia
1731 4535 1788 4580 et
1806 4526 1900 4596 qui
1931 4525 2012 4580 hi-

2125 4517 2488 4588 ,ὶειπομένιιη-
2517 4517 2552 4588 ή
2590 4515 2772 4586 βιόλος
2809 4514 3063 4580 ἐδίδαξεν.
3106 4507 3184 4568 Οῦ
3222 4512 3287 4583 δὴ
3333 4511 3494 4581 χάριν
3541 4509 3637 4564 καὶ
3669 4511 3698 4563 6

435 4617 662 4670 storiam
694 4617 1042 4688 conscripsit,
1075 4621 1144 4675 ad
1179 4619 1328 4675 illum
1363 4635 1464 4675 nos
1496 4619 1726 4674 remisit.

505 4794 726 4852 Tertius
756 4805 947 4866 regnat
972 4797 1144 4852 Baasa
1182 4798 1235 4852 in
1289 4798 1473 4853 Israel.
1503 4797 1682 4852 Nubat
1721 4795 1866 4852 enim
1903 4796 2014 4852 lilio

432 4887 721 4942 Jeroboam
756 4899 1023 4960 regnante
1053 4899 1179 4959 post
1211 4901 1443 4958 patrem,
1466 4891 1799 4946 interﬁcitur
1831 4889 1900 4944 ab
1921 4905 2008 4955 eo,

432 4990 488 5031 et
521 4979 637 5046 ipse
669 4993 896 5049 regnum
925 4981 1226 5048 usurpavit.
1250 4979 1408 5036 Cura:
1438 4996 1601 5049 porro
1627 4981 1730 5034 fuit
1761 4980 2006 5035 historian

431 5069 643 5120 auctori
674 5069 923 5122 narranti
949 5085 1012 5123 ea
1041 5084 1164 5138 quae
1191 5070 1244 5124 iu
1281 5071 1389 5124 vita
1426 5071 1536 5124 Asa
1560 5071 1925 5135 obvenerant,
1952 5071 2006 5124 in

432 5160 670 5215 medium
717 5161 967 5230 proferre
1015 5163 1202 5216 Baasze
1252 5177 1561 5232 personam.
1616 5163 1696 5216 Ac
1745 5163 2008 5232 deinceps

429 5267 553 5305 cum
601 5253 903 5323 hyperbato
941 5255 1183 5324 procedit
1214 5255 1479 5309 narratio.
1513 5253 1568 5307 lu
1612 5253 1766 5309 libris
1801 5253 2008 5326 Regum

429 5360 538 5398 non
571 5345 800 5401 all'ertur
827 5347 1135 5404 Jerohoami
1167 5362 1349 5412 mors,
1398 5347 1493 5402 sed
1526 5347 1580 5401 in
1623 5349 1866 5405 secundo
1905 5351 2007 5404 Pa-

431 5438 1083 5507 ralipomenonJiabetur,
1114 5437 1260 5508 quod
1293 5448 1598 5503 persecutus
1627 5449 1707 5492 est
1730 5440 1868 5493 Abia
1888 5449 2007 5509 post

428 5527 738 5598 Jeroboam,
789 5541 838 5586 et
884 5533 1157 5602 prwripuit
1215 5531 1280 5584 ab
1338 5529 1431 5582 illo
1480 5531 1716 5584 civitates
1769 5531 1905 5584 hanc
1956 5541 2003 5584 et

2119 4612 2218 4684 τὴν
2253 4610 2492 4682 ἱστορίαν
2525 4607 2923 4680 συγγεγραφὼς
2966 4607 3047 4669 εἱς
3084 4604 3300 4675 ἐκείνην
3335 4604 3484 4675 ἡμᾶς
3522 4600 3698 4673 παρέ-

2120 4703 2354 4774 πεμψεν.

2191 4798 2268 4866 (5)
2291 4795 2486 4866 Τρίτος
2522 4793 2619 4864 μὲν
2651 4789 2926 4862 βασιλεύει
2973 4787 3162 4843 Βαασὰ
3189 4788 3283 4840 ἐπὶ
3320 4785 3555 4857 Ἰσραήλ.
3587 4785 3696 4838 Τοῦ

2118 4892 2225 4964 γὰρ
2265 4888 2454 4944 Ναόὰτ
2485 4887 2602 4940 υἱοῦ
2643 4884 2921 4957 Ἰεροϐοὰμ
2962 4881 3376 4953 βασιλεύσαντος
3421 4878 3558 4948 μετὰ
3607 4877 3698 4930 τὸν

2119 4981 2331 5052 πατέρα
2355 5020 2370 5045 ,
2405 4978 2783 5032 ἀποκτείνεται
2813 4975 2903 5028 ὑπ’
2949 4973 3114 5027 αὐτοῦ
3135 4989 3148 5003 ·
3187 4971 3348 5032 αὐτὸς
3373 4971 3430 5023 δὲ
3463 4969 3563 5040 τὴν
3596 4968 3694 5038 βα-

2121 5072 2322 5126 σιλείαν
2355 5072 2696 5144 ὑφήρπασεν.
2737 5066 3070 5120 Ἑσπούδασε
3108 5065 3166 5118 δὲ
3205 5065 3233 5116 6
3284 5061 3696 5133 ἱστοριογράφος

2116 5163 2186 5218 τὰ
2222 5165 2280 5217 ἐν
2308 5165 2374 5234 τῇ
2407 5160 2518 5232 ζωῇ
2562 5161 2656 5213 τοῦ
2702 5157 2834 5212 Ἀσὰ
2878 5157 3177 5226 γιγνόμενα
3223 5155 3422 5224 λέγων,
3467 5171 3695 5226 παρεισ-

2117 5259 2356 5325 ενεγκεῖν
2379 5253 2471 5308 τοῦ
2490 5250 2674 5305 Βαασὰ
2697 5249 3003 5322 πρόσωπον.
3028 5248 3139 5301 Καὶ
3168 5246 3354 5300 λοιπὸν
3391 5247 3508 5316 μεθ’
3536 5246 3699 5316 ὑπερ-

2116 5348 2282 5403 ϐατοῦ
2313 5346 2534 5416 γέγονεν
2567 5345 2601 5416 ή
2643 5341 2920 5412 ἐξήγησις.
2953 5340 3040 5392 Ἐν
3071 5341 3191 5401 ταῖς
3218 5336 3561 5401 Bac/lelan
3598 5336 3695 5406 μὲν

2114 5439 2215 5492 οὐκ
2259 5436 2555 5508 ἐμφέρεται
2597 5435 2625 5485 6
2673 5430 2901 5494 θάνατος
2943 5429 3039 5482 τοῦ
3081 5427 3396 5500 Ὶεροὸοάμ*
3442 5426 3499 5477 ὲν
3529 5425 3585 5478 δὲ
3627 5427 3692 5496 τῇ

2112 5529 2339 5601 δευτέρᾳ
2371 5527 2477 5582 τῶν
2504 5522 3042 5594 Παραλειπομὲνων
3071 5520 3414 5594 περιέχεται,
3447 5519 3531 5574 ὅτι
3562 5535 3696 5572 κατ-

500 5669 545 5699 ⁸⁶
577 5667 641 5722 lll
671 5669 804 5735 ειυς.
834 5685 922 5736 xv,
953 5668 1044 5724 29.
1121 5667 1161 5699 ³⁷
1187 5668 1405 5737 lllllcg.
1431 5661 1642 5736 “1,93.
1671 5669 1716 5701 ⁸³
1767 5669 1806 5724 ll
1843 5669 2018 5725 Paral.
2059 5686 2150 5728 xx.

501 5805 580 5875 (ἓ)
612 5805 772 5857 Δέκα.

2195 5799 2269 5873 (3)
2308 5797 2429 5856 limc
2459 5810 2748 5872 sequentes
2780 5816 2966 5858 versus
2991 5797 3307 5871 respiciunt.
