4004 6544
537 423 606 477 59
1443 408 2007 470 SUPPLEMENTUM
2047 407 2140 463 AD
2174 406 2503 466 ORIGENIS
2534 402 2949 461 EXEGETICA.
3727 392 3791 448 60

539 556 658 594 rens
706 537 963 608 deglutire
989 536 1211 606 aliquem
1234 535 1301 593 ".
1335 533 1499 589 Venit
1549 549 1681 605 ergo
1722 542 1778 589 et
1810 533 1956 588 circa
1994 530 2109 593 Joh,

2229 546 2336 593 rat,
2369 527 2557 595 ζητῶν
2593 525 2903 580 καταπιεῖν
2950 538 3103 577 τινα.
3163 514 3369 573 Ἦλθεν
3408 510 3504 569 οὖν
3549 513 3644 569 καὶ
3677 516 3795 586 περὶ

538 630 728 685 volens
753 631 945 684 eadem
972 628 1171 682 facere.
1204 626 1396 682 Postea
1427 635 1649 696 accepta
1688 626 1970 691 facultate,
2001 623 2118 677 hsec

539 722 688 778 fecit.
725 722 832 777 Sed
856 726 981 790 quia
1003 722 1185 775 omnia
1213 719 1636 775 circummunita
1660 725 1817 774 erant
1848 718 1951 787 (sic
1972 716 2116 770 enim

538 810 806 878 reputavit
852 824 921 863 ex
966 822 1033 861 eo
1086 808 1234 878 quod
1268 809 1574 878 prohibitus
1608 807 1768 875 fuit);
1805 822 1926 861 cum
1960 805 2119 860 vellet

537 901 805 968 perﬁcere
837 916 900 956 ea
925 916 1047 971 qua:
1075 901 1143 956 de
1167 899 1307 958 Jobo
1332 913 1512 968 erant,
1536 901 1711 971 inquit
1735 920 1749 957 :
1780 899 1858 954 Tu
1893 901 2119 954 circum-

535 991 754 1044 munisti
787 992 1043 1044 interiora
1071 989 1187 1059 ejus
1219 1003 1267 1045 et
1301 994 1566 1047 exteriora
1603 992 1716 1062 ejus
1748 991 1813 1045 ⁸⁸.
1854 989 2117 1044 Universe

537 1077 723 1147 igitur,
749 1092 1023 1148 quatenus
1053 1100 1159 1141 non
1190 1083 1427 1139 traditur
1454 1081 1770 1146 diabolo,tu
1800 1080 2118 1135 circummu-

535 1170 684 1225 nisti.

535 1263 602 1321 V.
644 1264 728 1319 18.
765 1266 953 1318 Adlruc
988 1267 1086 1319 ista
1115 1266 1377 1328 loquente.
1416 1266 1554 1319 alius
1586 1266 1804 1318 nuntius
1833 1263 1999 1317 adest.
2029 1263 2115 1316 di-

606 1352 725 1388 cens
744 1334 881 1389 Jobo
904 1352 923 1389 :
959 1335 1116 1389 Filiis
1145 1338 1252 1389 tuis
1284 1348 1331 1389 et
1356 1337 1569 1405 ﬁliabus
1592 1337 1699 1389 tuis
1727 1334 2116 1390 comedentibus

606 1415 652 1458 et
688 1407 1003 1471 bibentibus,
1026 1408 1169 1475 apud
1194 1407 1417 1475 fratrem
1445 1423 1599 1460 suum
1621 1407 1922 1469 seniorem;
2048 1474 2051 1475 ν
2100 1432 2101 1435 η

534 1589 600 1644 ν.
640 1590 705 1645 19
757 1589 981 1655 Repente
1016 1599 1197 1644 uentus
1231 1606 1451 1655 magnus
1486 1587 1780 1653 superuenit
1827 1602 1855 1639 e
1888 1586 2109 1646 deserto,

602 1673 649 1713 et
690 1663 858 1723 tetioit
892 1669 1121 1729 quatuor
1158 1660 1380 1725 angulos
1409 1660 1619 1719 domus,
1652 1656 1902 1729 gceeidit
1928 1656 2114 1707 donius

603 1747 762 1798 super
786 1724 982 1798 ﬁliolus
1014 1743 1152 1786 tuos.
1176 1724 1447 1782 etmortui
1473 1738 1615 1781 sunt.
1644 1724 1805 1781 Evasi
1826 1737 1997 1779 autem
2020 1740 2113 1793 ego

604 1805 771 1864 solus,
797 1814 842 1853 et
866 1800 983 1853 ueni
1010 1810 1066 1854 ut
1094 1801 1451 1853 renuntiarent
1488 1799 1605 1852 tibi.

607 1960 862 2016 Cameios
890 1975 1012 2016 esse
1056 1959 1184 2014 fecit
1230 1959 1282 2013 in
1314 1968 1581 2028 potestate
1622 1956 1889 2028 equitum,
1932 1958 2115 2012 asinos

532 2065 589 2110 et
608 2054 736 2124 juga
788 2054 953 2121 boum
1009 2053 1062 2106 in
1094 2062 1369 2121 potestate
1401 2050 1833 2121 captivantium,
1877 2065 2009 2106 oves
2054 2065 2115 2103 o-

539 2147 635 2200 dio
673 2145 888 2200 habuit.
935 2143 1227 2215 PrOptcrea
1275 2143 1451 2214 ignem
1494 2157 1660 2210 super
1696 2141 1842 2211 ipsas
1867 2140 2109 2194 deduxit.

532 2237 675 2305 Quin
709 2239 873 2293 etiam
904 2237 1094 2293 liberis
1139 2237 1368 2292 insidias
1414 2236 1635 2299 struxit,
1661 2243 1872 2303 tempus
1904 2248 2115 2302 quxre-

530 2331 627 2385 hat
670 2345 767 2386 eos
814 2329 1096 2399 perdendi.
1149 2329 1207 2385 Si
1246 2328 1548 2384 invenisset
1584 2325 1851 2397 legentes,
1894 2325 2110 2380 domum

534 2423 726 2490 utique
773 2436 879 2476 non
923 2420 1210 2491 tetigisset,
1259 2435 1437 2481 neque
1480 2419 1658 2474 locum
1686 2417 1963 2472 habuisset
1993 2415 2113 2470 illos

530 2514 918 2571 interﬁciendi.
948 2513 1005 2568 Si
1050 2513 1352 2568 invenisset
1380 2510 1614 2567 orationi
1657 2517 1949 2573 vacantes,
1976 2506 2113 2562 nihil

530 2606 805 2676 potuisset
834 2613 1023 2659 contra
1059 2618 1156 2659 eos
1184 2602 1383 2657 facere.
1423 2602 1532 2657 Sed
1573 2601 1702 2670 quia
1729 2600 2112 2669 opportunita-

531 2708 642 2753 tem
699 2696 925 2764 reperit,
979 2694 1284 2765 praevaluit.
1315 2692 1639 2763 Cuiusmodi
1682 2691 1851 2762 igitur
1897 2700 2112 2756 tempus

529 2791 690 2846 erat?
738 2790 987 2845 Ebrietas
1016 2799 1157 2854 erat,
1208 2787 1517 2842 convivium
1558 2796 1700 2841 erat.
1734 2783 1888 2852 Quod
1912 2766 2114 2838 ventus

534 2881 769 2952 angulos
806 2880 1000 2935 domus
1044 2879 1317 2950 tetigerit;
1348 2878 1487 2933 scito
1518 2876 1663 2947 quod
1702 2876 1755 2931 in
1787 2874 2109 2945 angulorum

531 2973 725 3043 plateis
774 2971 1075 3044 hypocrita:
1109 2977 1320 3026 stantes
1372 2978 1553 3025 orant.
1607 2968 1934 3038 Quicunque
1979 2979 2111 3020 vero

430 3056 435 3065 ’
532 3081 640 3120 non
667 3074 749 3120 est
777 3064 1054 3135 ingressus
1075 3073 1279 3118 rectam
1307 3064 1476 3124 viam,
1500 3061 1713 3133 angulis
1729 3059 1918 3114 utitur.
1943 3057 2109 3113 Latus

527 3166 709 3213 autem
741 3157 992 3228 angulus,
1019 3163 1103 3212 est
1133 3153 1304 3210 multa
1340 3169 1406 3212 ac
1437 3154 1702 3211 dissoluta
1725 3151 2069 3225 improbitas.

1195 3336 1352 3393 CAP.
1395 3335 1459 3390 ll.

590 3430 649 3485 V.
682 3434 738 3486 ‘2.
779 3431 847 3486 Et
880 3432 1016 3486 dixit
1044 3430 1298 3485 Dominus
1324 3429 1539 3483 diabolo
1571 3445 1589 3483 :
1621 3427 1773 3483 Unde
1795 3437 1852 3481 tu
1876 3427 2067 3482 uenis?

603 3583 972 3654 Prospiciebat
1012 3587 1173 3648 Deus.
1208 3595 1270 3641 ut
1295 3585 1558 3642 confusus
1580 3583 1975 3652 delatigaretur
2006 3583 2110 3638 Sa-

534 3686 711 3731 tanas.
734 3677 968 3743 Quando
997 3687 1176 3733 autem
1201 3679 1546 3747 interrogans
1563 3675 1711 3730 novit
1741 3674 2109 3730 insensibile»

531 3782 677 3833 esse,
729 3777 859 3824 tunc
906 3769 1348 3825 malefacientem
1413 3768 1618 3838 arguit,
1670 3765 1814 3822 sicut
1854 3774 2113 3837 arguerat

531 3856 785 3913 Cainntn.

536 3951 599 4005 ν.
633 3953 688 4007 9.
725 3950 979 4023 Tempore
1005 3961 1181 4006 autent
1205 3949 1540 4021 procedente,
1570 3951 1705 4005 dixit
1732 3952 1784 4007 ei
1812 3967 1950 4006 uxor
1973 3950 2110 4017 eius.

578 4107 738 4187 .Vide
779 4108 1066 4164 malitiam.
1093 4110 1226 4166 Cum
1252 4109 1481 4165 multum
1513 4118 1730 4178 tempus
1753 4106 2109 4175 prmterisset,

534 4212 663 4259 tunc
701 4204 932 4272 impetit.
951 4201 1103 4259 Tunc
1126 4204 1272 4258 enim
1301 4203 1537 4258 maxime
1559 4203 1758 4255 virtute
1783 4202 2110 4259 inﬁrmatur.

535 4292 652 4347 Duo
680 4302 840 4347 erant
864 4309 983 4362 qum
1006 4293 1364 4348 inﬁrmiorem
1397 4292 1645 4369 facere”
1672 4310 1685 4347 :
1724 4301 1835 4347 tum
1866 4293 1992 4362 quia
2031 4292 2111 4348 fe-

539 4384 708 4440 rendo
737 4384 1045 4456 languidior
1071 4386 1405 4441 reddebatur
1431 4384 1793 4439 diuturnitate
1830 4387 2112 4455 temporis,

533 4486 649 4530 tum
670 4475 794 4544 quia
811 4476 985 4544 magis
1008 4476 1374 4546 despondebat
1395 4475 1658 4529 animum.
1680 4473 1747 4528 Et
1771 4474 1929 4543 paulo
1951 4486 2067 4543 post
2090 4490 2111 4529 :

2217 621 2313 674 τὸν
2372 620 2513 685 Ἰὼϐ,
2572 619 2893 690 βουλόμενος
2938 614 3007 668 τὰ
3054 612 3195 667 αὐτὰ
3249 610 3494 680 ποιῆσαι.
3537 608 3795 675 ’Ὕστερον

2217 711 2397 767 λαϐὼν
2425 712 2696 777 ἐξουσίαν,
2728 709 2900 765 ταῦτα
2928 706 3214 777 πεποίηκε.
3250 703 3362 756 Καὶ
3393 702 3475 753 ὅτι
3499 700 3678 753 πάντα
3709 716 3798 751 πε-

2220 802 2641 875 ριπεφραγμένα
2662 797 2751 874 ἢν,
2785 800 2881 854 καὶ
2916 796 3088 852 ταῦτα
3119 796 3319 867 νοήσας
3344 794 3409 846 ὲκ
3438 790 3534 845 τοῦ
3564 789 3799 843 κεκωλύ-

2221 893 2364 949 σθαιο
2404 893 2728 966 βουλόμενος
2756 893 2930 944 ποιεῖν
2960 889 3027 942 τὰ
3065 887 3193 959 περὶ
3221 884 3315 939 τοῦ
3361 881 3502 947 Ἰὼϐ,
3535 876 3676 934 εἷπε·
3718 880 3797 934 Σὺ

2218 985 2614 1055 περιέφραξας
2637 985 2710 1038 τὰ
2728 983 2851 1038 ἔσω
2876 978 3064 1035 αὐτοῦ
3088 978 3186 1032 καί
3200 976 3273 1031 τὰ
3295 975 3412 1040 ἔξω
3429 974 3638 1030 αὑτοῦ.
3667 973 3798 1026 Πάν·

2215 1093 2287 1131 τα
2326 1073 2420 1130 οὖν
2469 1076 2557 1146 ἐφ’
2593 1074 2719 1129 ὅσον
2757 1074 2819 1127 οὐ
2869 1072 3066 1126 δίδοται
3097 1069 3176 1140 τῷ
3218 1066 3467 1138 διαϐόλῳ,
3494 1066 3579 1122 σὺ
3605 1068 3793 1135 περιέ-

2217 1163 2463 1233 φρσξαςο

2217 1258 2308 1311 Στ.
2330 1264 2422 1329 ιη’.
2451 1259 2583 1338 Ἔτι
2592 1258 2808 1312 τούτου
2827 1253 3185 1334 λαλοῦντος,
3210 1251 3402 1316 ἄλλος
3417 1247 3794 1329 ἄγγελοςμθ)

2284 1327 2479 1382 λέγων
2512 1347 2593 1382 τω
2629 1327 2766 1382 Ἰώϐ-
2810 1329 2933 1380 Των
2961 1327 3106 1378 vlo»-
3133 1338 3250 1376 σου
3284 1322 3383 1375 καὶ
3410 1337 3528 1373 των
3550 1318 3793 1382 θυγατέ-

2284 1335 2479 1399 λέγων
2512 1335 2593 1394 τῷ
2629 1335 2766 1382 Ἰὼϐ·
2810 1335 2933 1380 Των
2961 1335 3106 1378 vlo»-
3133 1338 3250 1376 σου
3284 1335 3383 1375 και
3410 1337 3528 1373 των
3550 1335 3793 1387 mirare-

2278 1414 2406 1466 ρων
2419 1414 2536 1453 σου
2556 1398 2884 1453 ἐσθιόντων
2906 1393 3350 1466 καὶ-πινόντων,
3362 1389 3521 1459 παρὰ
3537 1387 3617 1454 τῷ
3630 1387 3799 1442 ἁδελ-

2285 1468 2378 1537 φῷ
2407 1467 2607 1524 αὐτῶν
2624 1465 2706 1534 τῷ
2728 1463 3128 1535 πρεσϐυτέρῳ,

2215 1561 2307 1636 Στἶ
2343 1559 2428 1636 ιθ’.
2489 1560 2808 1636 Ἐξαίφηης
2840 1555 3078 1636 πνεῦμα
3107 1553 3269 1636 μέγα.
3296 1550 3565 1620 ἐπῆλθεν
3586 1548 3661 1629 ἐκ
3688 1546 3798 1629 τῇς

2283 1629 2529 1698 ἐρήμου,
2564 1622 2667 1683 διαί
2710 1622 2910 1696 ἥψατο
2938 1622 3057 1698 τῶν
3081 1622 3395 1698 recedent?
3432 1622 3660 1698 τωτξῶν
3690 1622 3792 1686 τῆς

2285 1689 2634 1767 vigilandi
2665 1689 2888 1754 ἕοίὲσεν
2922 1697 2960 1762 ἡ
3003 1695 3159 1767 οἰκία
3176 1689 3285 1767 ἐπὶῗ
3304 1691 3383 1767 ζει
3405 1689 3612 1767 παιδία
3659 1705 3795 1767 σου,

2280 1770 2379 1824 καί
2431 1759 2853 1836 ἐτελεύτησαν.
2901 1759 3167 1832 Ἐσώθην
3196 1763 3264 1817 δὲ
3293 1762 3407 1833 ἐγὼ
3434 1761 3645 1831 μόνος,
3697 1759 3797 1813 καί

2283 1839 2476 1912 ἦλθον
2504 1839 2611 1894 τοῦ
2643 1836 3001 1908 ἀπαγγεῖλαί
3015 1851 3135 1889 σοι.

2285 1931 2400 2003 (11)
2430 1931 2542 1995 Τὰς
2567 1930 2665 2003 μὲν
2696 1926 2789 1984 οὖν
2821 1927 3097 2000 καμήλους
3118 1924 3384 1994 πεποίηκε
3411 1919 3665 1990 γενέσθαι
3694 1918 3799 1971 ὑπὸ

2213 2024 2341 2087 τοὺς
2370 2008 2579 2084 ἱππεῖς.
2610 2022 2738 2083 τοὺς
2785 2016 3018 2082 ϐνουςδὲ
3051 2016 3147 2070 καὶ
3192 2014 3263 2068 τὰ
3306 2010 3474 2083 ζεύγη
3515 2010 3625 2064 τῶν
3660 2010 3799 2081 βοῶν

2214 2114 2320 2169 ὑπὸ
2371 2113 2498 2177 τοὺς
2539 2110 3053 2189 αἰχμαλωτίζοντας·
3089 2106 3158 2162 τὰ
3208 2104 3457 2178 πρόϐατα
3501 2103 3558 2157 δὲ
3592 2102 3794 2173 ἐμίσει.

2213 2205 2312 2260 Διά
2339 2204 2499 2259 τοῦτο
2530 2203 2644 2278 πῦρ
2679 2206 2763 2257 ἐπ’
2793 2202 2934 2258 αὐτὰ
2979 2202 3313 2273 κατήγαγεν.
3358 2196 3518 2251 Ἀλλὰ
3561 2196 3656 2250 καὶ
3687 2197 3800 2259 τοῖς

2213 2301 2352 2363 υἱοῖς
2379 2295 2762 2359 ἐπεϐούλευσε,
2796 2293 2985 2366 καιρὸν
3017 2294 3198 2365 ἐζήτει
3233 2289 3327 2345 τοῦ
3372 2289 3568 2351 αὐτοὺς
3600 2286 3799 2341 ἀπολέ-

2215 2409 2327 2446 σαι.
2367 2392 2431 2444 Εί
2462 2389 2687 2462 εὑρήκει
2719 2385 3209 2457 ἀναγινώσκοντας,
3244 2384 3345 2437 οὐκ
3384 2383 3450 2438 ἂν
3482 2380 3658 2451 ἥψατο
3695 2380 3799 2449 τῆς

2211 2480 2412 2546 οἰκίας,
2460 2478 2584 2533 οὐδὲ
2631 2477 2795 2532 τόπον
2834 2471 2946 2548 εἶχε
2985 2473 3080 2528 τοῦ
3119 2472 3315 2537 αὐτοὺς
3352 2472 3691 2526 ἀποκτεῖναι.
3738 2469 3802 2522 Εἰ

2212 2573 2438 2644 εὑρήκει
2471 2568 2960 2642 προσευχομένους,
2994 2563 3147 2619 οὐδὲν
3175 2562 3407 2633 ἠδύνατο
3436 2561 3659 2632 ποιῆσαι
3679 2558 3800 2612 κατ’

2212 2665 2413 2720 αὐτῶν.
2453 2664 2593 2717 Ἀλλ’
2615 2664 2703 2717 ὅτε
2728 2661 2839 2732 (19.)
2873 2653 3031 2732 εὗρεν
3064 2655 3369 2728 εὐκαιρίαν,
3399 2653 3605 2724 ἴσχυσε.
3641 2653 3800 2715 Ποῖος

2209 2752 2304 2811 οὖν
2332 2757 2363 2811 ό
2403 2754 2628 2828 καιρός;
2669 2752 2827 2823 Μέθη
2857 2746 2948 2822 ἦν,
2985 2747 3286 2820 συμπόσιον
3320 2742 3408 2819 ἦν.
3435 2745 3530 2810 Τὸ,
3559 2743 3668 2797 τῶν
3690 2760 3801 2812 τωο

2210 2848 2339 2904 νιῶν
2377 2847 2475 2919 τῆς
2506 2844 2686 2909 οἰκίας
2719 2840 2961 2914 ἅψασθαι
2991 2840 3054 2895 τὸ
3091 2839 3330 2910 πνεῦμα,
3367 2836 3682 2907 ἐπίστησον,
3716 2834 3801 2888 δτι

2211 2941 2270 2995 ὲν
2300 2941 2421 3003 ταῖς
2450 2937 2557 2991 τῶν
2588 2934 2798 3006 γωνιῶν
2833 2934 3114 2998 πλατείαις
3140 2935 3189 2987 οί
3233 2928 3524 3001 ὑποκριταὶ
3561 2925 3800 2989 ἑστῶτες

2211 3029 2626 3105 προσεύχονται⁶
2659 3029 2767 3091 πᾶς
2795 3028 2852 3081 δὲ
2892 3030 2921 3082 ό
2947 3026 3021 3099 μὴ
3041 3021 3387 3095 ἐπιϐεϐηκὼς
3414 3018 3629 3083 εὐθείας
3655 3016 3800 3080 ὁδοῦ,

2209 3125 2333 3188 ταῖς
2364 3122 2588 3192 γωνίαις
2620 3119 2908 3193 κέχρηται.
2962 3118 3198 3172 Πλατεῖα
3235 3115 3293 3169 δὲ
3335 3112 3507 3184 γωνία
3546 3112 3581 3183 ἡ
3628 3107 3800 3180 πολλὴ

2135 3218 2180 3281 C
2211 3216 2307 3270 καὶ
2326 3212 2584 3286 ἀνειμένη
2606 3212 2793 3266 κακία.

2876 3302 3033 3357 ΚΕΦ.
3065 3301 3143 3354 Β¹.

2211 3399 2325 3473 (15)
2357 3398 2504 3471 Στίχ.
2540 3397 2603 3469 β’.
2638 3393 2749 3451 Καὶ
2778 3390 2950 3473 εἶπεν
2974 3395 3018 3473 ’ὁ
3044 3392 3258 3473 [(ὐριος
3286 3386 3366 3453 τῷ
3395 3384 3669 3450 διαϐόλῳ·
3693 3385 3805 3437 Πό-

2386 3490 2393 3496 ‘
2453 3463 2486 3471 "
2540 3463 2551 3469 ⁷
2782 3467 2888 3519 θεν
2919 3463 3001 3517 σὺ
3044 3463 3231 3531 ἐρχῃ;

2295 3555 2473 3633 Ἐὡρα
2497 3560 2526 3612 ό
2546 3558 2698 3622 Θεὸς,
2721 3558 2870 3621 ὅπως
2901 3553 3214 3628 αἰσχυνθεὶς
3245 3552 3544 3606 διεπονεῖτο
3566 3549 3595 3600 ό
3625 3548 3800 3599 Eata-

2211 3655 2328 3718 νᾶς.
2372 3655 2539 3707 Ὅταν
2583 3652 2640 3705 δὲ
2696 3649 2990 3722 ἐπερωτῶν
3035 3648 3122 3720 ἴδῃ
3179 3642 3620 3715 ἀγνωμονοῦντα,
3677 3639 3802 3693 τότε

2212 3746 2426 3817 ἐλέγχει
2458 3742 2891 3813 κακουργοῦντα,
2921 3741 2997 3805 ὡς
3024 3738 3217 3811 ἦλεγξε
3241 3737 3332 3790 τὸν
3351 3735 3508 3790 Κάῖν.

2214 3924 2324 3998 (14)
2345 3926 2438 3982 Στ.
2466 3924 2531 3979 θ’.
2561 3923 2792 3993 Χρόνου
2817 3922 2885 3977 δὲ
2907 3921 3363 3998 προϐεϐηκότος,
3383 3914 3554 3973 εἶπεν
3582 3914 3745 3983 αὐτῷ
3764 3917 3803 3986 ἠ

2819 3992 2975 4064 γυνὴ
2992 3990 3198 4046 αὐτοῦ.

2286 4088 2429 4158 Ὅρα
2443 4086 2504 4140 τὸ
2518 4084 2847 4155 κακοῦργον.
2886 4084 3015 4137 Ὅτε
3043 4081 3210 4145 πολὺς
3232 4079 3414 4152 διῆλθε
3443 4078 3657 4151 χρόνος,
3679 4075 3801 4131 τότε

2213 4176 2535 4231 ἐπιτίθεται·
2564 4176 2685 4229 τότε
2727 4174 2838 4246 γὰρ
2875 4172 3110 4245 μάλιστα
3138 4171 3240 4242 τῆς
3259 4158 3542 4241 δυνάμεως
3576 4166 3804 4233 ἐξασθε-

2213 4272 2314 4325 νεῖ.
2357 4268 2534 4322 Διπλᾶ
2565 4266 2637 4321 τὰ
2668 4268 2768 4339 τῆς
2814 4263 3100 4328 ἀσθενείας
3133 4258 3224 4334 ἦν,
3265 4261 3345 4334 τῷ
3370 4278 3429 4315 τε
3453 4260 3545 4314 τὸν
3567 4260 3803 4332 φέροντα

2216 4358 2609 4431 ἀσθενέστερον
2632 4355 2886 4427 γενέσθαι
2911 4354 2990 4426 τῷ
3026 4352 3304 4426 μήκειτοῦ
3339 4352 3553 4425 χρόνον,
3591 4352 3687 4405 καὶ
3727 4351 3805 4423 τῷ

2215 4450 2314 4521 τὴν
2355 4448 2548 4502 ἐλπίδα
2590 4445 3016 4517 ἀπογνωσθῆναι
3044 4444 3264 4516 μᾶλλον.
3303 4443 3415 4497 Kal
3440 4443 3570 4512 μετ’
3602 4443 3800 4511 ὀλίγα·

535 4567 613 4620 Ne
647 4567 813 4638 igitur
849 4534 1197 4623 attendamus
1223 4566 1350 4638 quia
1375 4583 1514 4620 uxor
1542 4576 1681 4627 erat.
1710 4534 1804 4622 sed
1827 4534 1961 4638 quid
1978 4582 2109 4622 cono

2229 4541 2307 4612 ι’Ῑὴ
2344 4539 2523 4594 τοίνυν
2550 4538 2708 4593 τοῦτο
2746 4538 2968 4609 ἴδωμεν,
2997 4537 3078 4591 ὅτι
3106 4536 3265 4607 γυνὴ,
3299 4534 3437 4590 ἀλλὰ
3476 4534 3530 4587 τί
3564 4534 3806 4605 συμϐου-

533 4658 696 4715 sulat.
729 4659 843 4715 Hoc
894 4666 949 4714 et
988 4670 1187 4715 nostra:
1216 4659 1393 4714 anatis
1424 4659 1735 4714 hominibus
1770 4674 1992 4723 moneo,
2039 4672 2108 4714 ne

529 4750 599 4804 ad
623 4766 976 4821 personarum
1005 4750 1297 4823 dignitates
1328 4751 1649 4821 respiciant,
1676 4751 1768 4806 sed
1803 4751 1870 4804 ad
1892 4751 2109 4807 consilii

532 4841 776 4897 modum.
812 4842 959 4898 Uxor
984 4852 1090 4910 est,
1127 4851 1186 4897 ut
1215 4842 1460 4913 adjuvet,
1486 4859 1593 4898 non
1630 4852 1689 4897 ut
1713 4843 2042 4912 suppiantet.

620 5007 687 5062 ν.
718 5006 773 5063 9.
812 5005 960 5062 Dixit
988 5008 1039 5062 ei
1066 5023 1202 5063 uxor
1232 5006 1351 5079 ejus
1376 5023 1396 5063 :
1431 5006 1681 5073 Quandiu
1706 5006 1988 5062 sustinebis
2012 5005 2038 5059 ?

487 5198 491 5203 τ
599 5161 854 5220 Omnium
880 5163 1304 5232 praecedentium
1345 5165 1724 5221 machinarum
1753 5163 2103 5219 fortissimam

2213 4633 2381 4687 λεύει.
2424 4631 2595 4686 Τοῦτο
2638 4632 2735 4685 καὶ
2778 4633 2892 4696 τοῖς
2918 4628 3016 4685 νῦν
3048 4628 3361 4702 ἀνθρώποις
3405 4624 3680 4699 παραινῶ,
3728 4626 3804 4699 μὴ

2211 4725 2350 4796 πρὸς
2371 4723 2441 4778 τά
2460 4723 2568 4777 τῶν
2594 4722 2900 4795 προσώπων
2926 4721 3214 4792 ἀξιώματα
3233 4720 3472 4791 βλέπειν,
3494 4717 3633 4772 ἀλλὰ
3668 4717 3806 4790 πρὸς

2209 4818 2302 4871 τὸν
2334 4816 2534 4888 τρόπον
2580 4816 2679 4887 τῆς
2731 4814 3063 4886 συμϐουλῆς.
3103 4814 3245 4886 Γυνή
3292 4814 3441 4866 ἐστιν
3479 4812 3565 4866 ἴνα
3607 4809 3803 4883 βοηθῇ,

2212 4910 2310 4981 οὐχ
2339 4910 2425 4963 ἵνα
2446 4906 2801 4980 ὑποσκελίςῃ.

2214 5001 2324 5073 (15)
2353 5001 2444 5053 Στ.
2482 4998 2548 5054 θ’.
2581 4994 2772 5054 Εἶπεν
2792 4993 2953 5061 αὐτῷ
2988 4996 3026 5062 ἠ
3065 4992 3220 5073 γυνὴ
3263 4991 3470 5048 αὐτοῦ·
3501 4991 3692 5062 Μέχρι
3721 4992 3806 5046 τί-

2724 5084 2832 5132 νος
2863 5065 3254 5135 καρτερήσεις
3271 5081 3290 5128 ;

2281 5163 2357 5218 Τὸ
2386 5161 2605 5216 πάντων
2652 5155 3066 5230 μηχανημάτων
3106 5155 3215 5209 τῶν
3250 5154 3631 5228 προλαϐόντων
3662 5154 3806 5223 ἰσχυ-

529 5265 808 5325 postremo
856 5254 977 5311 loco
1021 5255 1270 5312 diabolus
1311 5257 1551 5312 adhibet.
1608 5255 1828 5313 Utinam
1866 5265 1923 5311 et
1963 5255 2107 5312 hanc

2229 5254 2428 5326 >6tspov
2471 5251 2697 5322 ὕστερον
2726 5251 2755 5303 ό
2795 5247 3041 5311 διάϐολος
3071 5247 3361 5320 προσάγει.
3394 5246 3521 5301 Eme
3547 5247 3644 5302 καὶ
3667 5246 3805 5299 ταύ-

531 5346 873 5416 arcepisses!
907 5345 1130 5402 Utinam
1163 5362 1288 5404 cum
1319 5348 1505 5404 liberis
1528 5348 1839 5404 obruisses!
1873 5345 2102 5415 Quidam

2229 5363 2304 5418 ῖην
2334 5343 2556 5407 ἕλαϐεςί
2587 5341 2714 5395 Εἴθε
2737 5338 2875 5412 μετὰ
2901 5337 3010 5395 τῶν
3037 5339 3245 5395 παίδων
3264 5340 3612 5411 κατέχωσαςῐ
3640 5339 3801 5403 Τινὲς

530 5453 663 5492 vero
696 5438 902 5501 dicunt.
928 5453 1035 5493 non
1076 5453 1199 5497 esse
1244 5440 1439 5497 uxoris
1470 5455 1534 5495 ea
1583 5442 1770 5509 verba,
1800 5441 1894 5497 scd
1927 5440 2102 5510 ipsum

2229 5437 2265 5491 ῐὲ
2290 5452 2453 5507 φασιν
2480 5433 2601 5487 οὐδὲ
2614 5432 2714 5504 τῆς
2738 5431 3000 5502 γυναικὸς
3018 5426 3158 5486 εἶναι
3184 5432 3254 5487 τά
3283 5433 3526 5505 ῥήματα,
3555 5431 3672 5487 ἀλλ’
3706 5432 3803 5485 αὑ-

605 5556 649 5588 “
677 5555 693 5609 Ι
726 5554 875 5610 Petr.
911 5571 965 5622 v,
984 5556 1038 5612 8.
1117 5559 1165 5592 ⁵³
1191 5559 1294 5616 Job
1346 5578 1385 5627 ι,
1416 5562 1505 5617 10.

603 5673 1151 5750 (Ιολῦεοει-ἒρχεται
1179 5673 1442 5750 vel-7110:.
1471 5680 1537 5732 Hi
1585 5680 1694 5737 duo
1737 5695 1926 5737 versus
1982 5687 2107 5736 sunt

531 5762 595 5800 cx
626 5742 750 5798 cod.
785 5742 1032 5798 Νηπήιιίιὸ
1058 5742 1415 5813 (,‘ommeniar.
1441 5751 1495 5803 in
1521 5750 1646 5807 Job.

607 5813 718 5888 (li)
742 5814 963 5888 gonfer.
999 5828 1037 5870 t.
1069 5815 1179 5888 XII,
1207 5820 1312 5875 col.
1342 5820 1501 5876 1051.

607 5886 720 5957 (19.)
742 5884 904 5943 Forte
923 5885 1024 5942 ὃτι.

2291 5676 2407 5740 (15)
2442 5674 2519 5730 Ex
2550 5674 2739 5728 eodem
2766 5674 2890 5730 cod.
2914 5671 3084 5742 Nam,
3109 5671 3199 5728 ubi
3231 5671 3573 5738 inscribitur,
3613 5671 3799 5744 Ὀλυμ·

2220 5745 2509 5818 πιοδῴρου,
2556 5745 2884 5818 Ὠριγενους.

2290 5811 2403 5881 (Hi
2428 5817 2501 5868 Ex
2534 5811 2655 5872 coli.
2860 5828 2971 5869 xxt.
2999 5811 3202 5884 Confer
3228 5822 3283 5867 et
3313 5812 3690 5884 Olympiodor.

2293 5887 2405 5957 (15)
2436 5886 2511 5942 Es
2540 5887 2662 5944 cod.
2698 5883 2889 5941 Venet.
2926 5882 3030 5938 558
