4004 6514
280 440 337 495 Μ
1521 441 1966 496 ENARIiATION
1975 442 2057 500 ES
2091 444 2160 500 IN
2197 446 2340 504 JOB.
3472 449 3543 504 62

276 552 364 608 τὸν
388 554 470 617 είς
498 552 670 625 αὐτὴν
694 553 1014 610 τυπωθέντα
1041 554 1211 609 ταῦτα
1229 555 1585 625 φθέγγεσθαι·
1608 556 1731 609 οὐδὲ
1755 556 1841 626 γάι

1968 575 2088 614 eam
2121 570 2602 630 repraesentantem
2655 562 2771 615 hac
2821 560 2987 615 fuisse
3040 558 3321 625 locutum;
3367 576 3545 630 neque

273 640 341 717 ἦν
371 647 474 716 τήν
495 649 727 715 γυναῖκα
752 646 848 700 τοῦ
887 647 1005 702 ’1ὼὸ
1034 650 1291 719 τοιαύτην
1321 643 1480 700 εἶναι·
1514 648 1656 719 πλὴν
1697 647 1751 701 εἴ
1775 665 1862 711 τις

272 738 443 807 λέγοι,
477 739 731 809 συμφορᾷ
751 742 1207 811 περιτραπεῖσαν,
1232 740 1487 811 τοιαύτην
1508 740 1677 811 αὐτὴν
1710 740 1861 807 γενέ-

272 830 420 885 σθαι.
452 829 563 884 Καὶ
595 832 723 900 μετ’
748 831 941 900 ὀλιγαο
979 832 1141 894 Εἰκὸς
1182 831 1243 884 οὐ
1276 830 1482 902 ταύτην
1515 829 1739 902 πρώτην
1768 846 1861 899 γε·

268 920 538 991 γενῆσθαι
568 921 667 993 τὴν
694 921 1023 994 συμϐουλὴν,
1068 921 1206 976 ἀλλά
1236 922 1494 985 πολλάκις
1523 920 1694 975 πολλά
1738 922 1861 975 τού-

267 1030 381 1066 των
431 1011 667 1067 ἀκοῦσαι
707 1005 1066 1087 χαλεπώτερα
1102 1013 1252 1086 παρά
1279 1015 1378 1084 τῆς
1408 1014 1685 1083 γυναικός.
1718 1015 1859 1086 Ὅρα

265 1106 585 1177 διαϐολικὴν
599 1107 838 1178 ἀπάτην.
872 1106 1151 1179 Ἐνενόησε
1167 1106 1267 1178 τὴν
1290 1107 1454 1162 Εὔαν.
1475 1107 1665 1173 Τοῦτο,
1702 1107 1855 1179 φησί,

264 1198 363 1252 τὸν
396 1199 612 1271 πρῶτον
640 1202 979 1270 κατήνεγκεν
1016 1199 1324 1270 ἄνθρωπον·
1349 1198 1508 1253 τοῦτο
1536 1200 1633 1253 καὶ
1663 1199 1855 1253 τούτου

264 1289 655 1362 περιγενέσθαι
694 1292 1001 1362 δυνήσεται.
1048 1290 1210 1356 Ἀλλ’,
1241 1284 1287 1345 ὧ
1319 1290 1470 1346 άθλιε
1499 1291 1595 1345 καὶ
1623 1291 1850 1362 ἀνόητεί

238 1372 475 1431 ’ἐκεῖνον
502 1380 701 1449 ἥττονα
724 1378 960 1450 γαστρὸς
988 1378 1244 1451 εὑροῦσα,
1270 1379 1347 1433 ἰὸν
1364 1378 1587 1451 ἔσπειρε
1614 1380 1705 1433 τὸν
1730 1381 1855 1433 ἐαυ-

259 1470 385 1540 τῆς.
427 1468 629 1523 Τοῦτον
667 1470 725 1523 δέ
766 1472 899 1542 ὁρᾷς
932 1469 1350 1540 φιλοσοφοῦντα,
1385 1468 1480 1522 καὶ
1507 1470 1677 1540 αὐτῆς
1700 1488 1856 1541 περι-

256 1562 558 1633 γενόμενον
602 1562 701 1634 τῆς
756 1562 991 1633 φύσεως.
1024 1563 1139 1617 Οὐκ
1171 1563 1493 1634 ἐπέκαμψεν
1522 1562 1688 1617 αὐτὸν
1715 1581 1851 1635 χρη-

257 1651 457 1723 μάτων
497 1651 764 1716 ἀπώλεια,
798 1653 919 1707 οὑδέ
968 1652 1174 1705 παίδων
1209 1651 1436 1714 θάνατος
1479 1649 1677 1721 ἄωρος,
1728 1651 1851 1704 οὐδὲ

255 1742 501 1813 βάσανος
526 1743 779 1815 σώματος
813 1736 1267 1815 ἀπαραμύθητος,
1303 1742 1426 1796 οὐδὲ
1459 1742 1653 1813 χρόνου
1677 1742 1851 1813 μῆκος

249 1835 536 1891 τοσοῦτον.
572 1836 684 1891 Καὶ
712 1837 805 1891 τὸν
838 1837 944 1890 ὑπὸ
980 1836 1320 1909 πραγμάτων
1352 1836 1451 1905 οὐχ
1479 1834 1697 1900 ἁλόντα,
1723 1833 1847 1888 τοῦ·

248 1946 349 1982 τον
383 1928 495 1983 ὑπὺ
520 1928 694 1997 λόγων
721 1928 1028 2001 προσδοκᾷς
1061 1926 1456 1999 χειρώσασθαι;

870 2020 982 2075 Τοῦ
1035 2021 1243 2074 αὐτοῦ.
1529 2020 1537 2029 ’

323 2112 397 2165 Τί
413 2112 511 2165 τὸν
536 2111 777 2184 ἀθλητὴν
816 2111 1060 2178 ἐκλύεις;
1090 2112 1158 2165 Τί
1186 2110 1573 2175 καταστέλλείς
1604 2110 1705 2173 τὰς
1734 2112 1845 2179 χεῖ-

248 2222 391 2275 ρας;
424 2204 545 2258 δέον
564 2206 742 2259 εἰπεῖν
777 2204 920 2259 κατά
949 2204 1042 2259 τὸν
1083 2201 1425 2258 ’Δπόστολον-
1463 2205 1585 2257 Ἔτι
1603 2202 1841 2273 μικρὸν,

243 2298 337 2351 ἔτι
353 2286 602 2366 μίκρόν.

245 2392 342 2447 Στ.
379 2390 448 2447 θ’.
494 2389 647 2445 Ἀλλ’
672 2384 850 2444 εἶπόν
896 2389 1158 2514 τιδέεῆμα
1196 2390 1309 2462 (16)
1348 2392 1436 2457 εἰς
1465 2391 1704 2458 Κύριον,
1744 2387 1844 2442 καὶ

914 2478 948 2514 τ
1054 2477 1186 2514 υτα.

914 2477 1186 2515 rusum.

317 2549 488 2604 Μετά
504 2549 569 2603 τὸ
596 2551 695 2623 τὴν
708 2550 1015 2623 τραγῳδίαν
1042 2550 1287 2623 ἀκριϐῶς
1316 2552 1697 2623 διηγήσασθαι,
1721 2555 1841 2608 τότε

242 2644 347 2715 τὴν
376 2644 735 2714 ἀναίσχυντον
782 2644 1033 2713 ἐπιφέρει
1077 2643 1409 2715 συμϐουλήν.
1442 2646 1553 2699 Καὶ
1587 2646 1707 2699 οὐδὲ
1746 2648 1844 2701 αὑ-

242 2734 323 2805 τῷ
358 2735 617 2808 φανερῶς
636 2731 781 2800 εἷπε,
810 2736 1229 2808 Βλασφήμησον.
1254 2737 1315 2789 Oi
1341 2736 1448 2809 γὰρ
1471 2739 1682 2810 πονηρά
1705 2757 1843 2811 συμ-

242 2828 603 2892 ϐουλεύοντες
652 2831 713 2881 οὐ
762 2828 1036 2900 τολμῶσιν
1093 2829 1623 2902 ἀνακεκαλυμμένην
1685 2832 1839 2886 εἰσά-

242 2936 366 2988 γειν
405 2920 509 2992 τὴν
544 2919 875 2991 συμϐουλήν.
918 2920 983 2973 Τί
1021 2919 1221 2988 λέγεις,
1254 2914 1299 2973 ῶ
1328 2920 1519 2989 γύναις
1554 2922 1683 2977 Δέον
1728 2922 1840 2989 ἐξι-

242 3008 583 3074 λεῶσασθαι,
618 3010 736 3063 δέον
766 3008 1116 3076 καταλλάξαι,
1140 3010 1439 3079 παροξῦναι
1470 3012 1668 3083 μᾶλλον
1699 3031 1841 3086 παρ-

239 3104 453 3168 αινεῖς,
507 3102 572 3154 Εἰ
602 3100 711 3173 γὰρ
752 3103 781 3155 ὁ
816 3102 949 3166 Θεὸς
980 3101 1155 3154 ταῦτα
1187 3103 1435 3173 ἐποίησε,
1463 3104 1840 3176 παρακαλέσαι

236 3194 429 3259 αὑτὸν,
472 3194 535 3247 οὐ
583 3194 973 3266 βλασφημῆσαι
1004 3194 1104 3249 δεῖ.
1142 3193 1311 3248 Πόθεν
1348 3195 1405 3249 δὲ
1430 3195 1611 3266 δῆλον,
1641 3198 1724 3250 ὃτι
1747 3198 1840 3252 καὶ

1963 650 2106 705 enim
2136 660 2350 721 poterat
2397 668 2535 708 uxor
2561 651 2680 707 .Iobi
2715 667 2838 706 esse
2876 651 3207 721 hnjnsmodi.
3256 650 3370 704 Nisi
3418 652 3542 720 quis

1962 740 2133 806 dicat,
2162 742 2478 798 calamitate
2516 751 2798 810 mutatam,
2837 758 2958 797 eam
2991 742 3151 796 talem
3175 743 3439 798 evasisse.
3475 742 3540 795 Et

1960 842 2075 902 post
2102 850 2274 902 pauca
2300 849 2317 886 :
2346 834 2577 888 \‘idetur
2603 850 2709 888 non
2744 834 2852 888 hoc
2899 834 3132 903 primum
3164 832 3332 888 fuisse
3360 834 3539 887 cousi-

1959 924 2117 991 lium,
2142 925 2237 981 sed
2270 940 2416 995 sepe
2456 926 2621 979 multa
2658 926 2782 979 istis
2811 926 3063 995 graviora
3097 925 3166 978 ab
3193 940 3362 979 uxore
3385 925 3542 978 inau-

1958 1016 2181 1073 divisse.
2216 1018 2451 1073 Attende
2481 1016 2802 1072 diabolieam
2827 1017 3223 1072 seductionem.
3249 1015 3536 1084 Recogita-

1957 1109 2037 1163 vit
2074 1108 2263 1163 Evam.
2308 1109 2444 1174 Hoc,
2473 1110 2672 1178 inquit,
2700 1111 2935 1177 primum
2971 1107 3335 1178 praecipitavit
3364 1106 3539 1160 homi-

1957 1214 2121 1254 nem:
2155 1200 2257 1256 hoc
2306 1201 2470 1255 istum
2523 1216 2745 1271 quoque
2786 1217 3047 1271 superare
3097 1201 3313 1268 poterit.
3350 1200 3538 1263 Sed,o

1957 1290 2125 1345 miser
2146 1300 2203 1345 et
2234 1290 2463 1345 stolide!
2503 1287 2657 1345 illum
2692 1294 2871 1347 ventri
2907 1292 3203 1347 obnoxium
3231 1300 3407 1352 nacta,
3442 1305 3535 1343 ve-

1956 1396 2153 1435 nenum
2178 1381 2465 1449 inspiravit
2496 1397 2680 1437 suum.
2712 1384 2784 1437 At
2825 1384 2971 1437 hunc
3002 1383 3155 1437 vides
3193 1382 3379 1435 virtuti
3410 1395 3537 1448 ope-

1956 1486 2071 1525 ram
2094 1472 2335 1538 dantem,
2368 1483 2423 1526 et
2447 1473 2736 1542 ipsammet
2758 1485 3102 1543 superantem
3128 1482 3396 1527 naturam.
3416 1470 3531 1525 Non

1953 1577 2076 1617 eum
2129 1562 2341 1618 inﬂexit
2394 1562 2709 1619 facultatum
2769 1565 3014 1629 amissio,
3065 1580 3170 1618 non
3232 1564 3525 1619 liberorum

1953 1667 2103 1706 mors
2132 1652 2447 1720 immatura,
2472 1669 2580 1708 non
2600 1656 2849 1724 corporis
2873 1664 3080 1708 tortura
3102 1655 3532 1717 iuconsolabilis,

1951 1756 2053 1797 nec
2103 1744 2371 1813 temporis
2417 1752 2568 1799 tanta
2625 1746 2978 1800 diuturnitas.
3021 1746 3237 1815 Ergone
3284 1762 3406 1799 eum
3440 1746 3532 1814 qni

1954 1836 2114 1889 rebus
2145 1835 2276 1905 ipsis
2311 1837 2492 1893 victus
2523 1852 2626 1893 non
2669 1838 2795 1905 fuit,
2821 1838 3005 1894 verbis
3035 1848 3089 1894 te
3120 1840 3329 1894 huncce
3373 1842 3537 1892 suta-

1882 1912 1923 1968 Β
1952 1936 2168 1981 cturum
2210 1927 2537 1984 existimas?

2604 2018 2883 2089 Ejusdem.

2022 2110 2162 2177 Quid
2197 2112 2461 2167 athletam
2492 2111 3268 2179 labefactas?Quidcontrahis
3307 2123 3521 2172 manus,

1950 2218 2073 2256 cuni
2113 2211 2391 2272 oporteret
2419 2204 2600 2257 dicere
2643 2218 2767 2257 cum
2810 2202 3072 2273 Apostolo
3100 2220 3115 2257 :
3148 2203 3333 2255 Adhuc
3360 2202 3529 2255 modi-

1949 2311 2092 2357 cum,
2123 2296 2297 2348 adhuc
2324 2296 2589 2349 modicum
2621 2295 2780 2348 "'“?

1951 2386 2016 2441 ν.
2038 2389 2092 2443 9.
2119 2386 2225 2442 Sed
2245 2388 2334 2441 dic
2357 2387 2568 2453 aliquod
2592 2389 2802 2442 verbum
2829 2404 2882 2440 ιη
2908 2386 3214 2451 Dominum,
3240 2396 3286 2438 et
3305 2399 3529 2440 morere.

2020 2538 2312 2615 Postquam
2336 2544 2639 2600 luctuosum
2661 2554 2915 2599 eventum
2942 2544 3234 2615 diligenter
3256 2541 3530 2611 exposuit,

1953 2645 2083 2692 tunc
2115 2636 2403 2708 impudens
2453 2636 2663 2708 profert
2688 2636 3003 2693 consilium.
3055 2636 3241 2707 Neque
3266 2635 3315 2689 ei
3349 2634 3529 2687 mani»-

1954 2730 2093 2785 feste
2116 2730 2255 2785 dixit
2275 2748 2288 2785 :
2310 2729 2771 2802 Blasphema.Qui
2791 2731 2936 2785 enim
2961 2728 3193 2797 maligna
3214 2726 3524 2781 consulunt.

1947 2839 2056 2879 non
2090 2825 2288 2879 audent
2333 2834 2581 2897 apertum
2630 2824 2826 2878 allerre
2853 2821 3166 2878 consilium.
3196 2819 3334 2885 Quid
3362 2818 3464 2880 ais,
3496 2833 3531 2868 ο

1948 2917 2124 2973 uxor?
2147 2916 2280 2972 Cum
2323 2931 2549 2972 necesse
2582 2916 2763 2987 petins
2791 2922 2939 2970 esset
2970 2912 3244 2981 placatum
3275 2908 3525 2969 reddere,

1946 3024 2071 3065 cum
2104 3024 2329 3064 necesse
2357 3017 2506 3062 esset
2542 3006 2873 3069 conciliare,
2920 3002 3138 3057 irritare
3177 3000 3355 3071 potius
3402 3012 3528 3051 sua-

1947 3102 2079 3158 des?
2103 3100 2160 3156 Si
2196 3102 2342 3155 enim
2377 3101 2492 3155 lure
2526 3100 2669 3154 Deus
2721 3098 2878 3161 fecit,
2917 3109 3151 3150 exorare
3198 3092 3372 3158 illum,
3419 3106 3525 3143 non

1946 3194 2335 3263 blasphemare
2355 3200 2590 3260 oportet.
2620 3189 2774 3244 Unde
2808 3198 2988 3241 autem
3034 3186 3226 3253 liquet,
3257 3180 3399 3252 quod
3431 3180 3519 3233 ubi

238 3287 525 3358 ἐρώμενον
566 3288 678 3358 (17)
713 3288 1054 3358 τελευτήσω;
1082 3285 1227 3357 Πλὴν
1259 3287 1361 3358 ὂρα
1393 3288 1543 3351 ὅπως
1568 3284 1682 3359 εἶχε
1714 3291 1841 3362 περὶ

1949 3292 2264 3340 exsecratus
2283 3282 2459 3348 fuero,
2486 3282 2691 3337 moriar
2710 3281 2735 3335 τ
2757 3279 3142 3333 Verumtamen
3172 3274 3389 3328 attende
3419 3288 3525 3341 qua

236 3379 339 3449 τῆς
374 3378 727 3449 βλασφημίας
754 3380 789 3451 ἡ
842 3380 1002 3451 γυνή.
1044 3381 1255 3450 Ὥσπερ
1299 3379 1643 3451 παραχρῆμα
1672 3381 1842 3452 αὐτὴν

237 3470 477 3525 θάνατον
504 3471 734 3540 ἐπάγειν
770 3470 963 3542 ἱκανὴν
996 3474 1206 3543 ἡγεῖτο.

236 3561 358 3632 (18)
388 3561 483 3615 Στ.
514 3568 568 3615 ι’.
605 3562 674 3616 El
704 3562 776 3616 τὰ
807 3563 998 3632 ἀγαθὰ
1028 3563 1357 3633 ἐδεξάμεθα
1388 3564 1455 3618 ἐκ
1490 3565 1690 3633 χειρὸς
1722 3567 1839 3619 Κυ-

539 3633 702 3700 ρίου,
732 3633 803 3686 tie
840 3633 993 3687 κακὰ
1029 3636 1142 3704 οὐχ
1168 3635 1502 3703 ὑποίσομεν
1520 3650 1539 3698 ;

316 3725 383 3779 Ὀ
422 3724 535 3797 γὰρ
589 3726 859 3797 μακάριος
899 3720 1075 3790 οὗτος,
1120 3726 1455 3797 πανταχόθεν
1491 3725 1836 3797 βαλλόμενος,

235 3817 651 3890 ἀσφαλέστερον
682 3820 887 3884 ἵστατο,
919 3820 1014 3875 καὶ
1048 3820 1217 3893 μυρία
1244 3820 1371 3893 βέλη
1402 3821 1713 3892 δεχόμενος,
1739 3820 1840 3873 οὐκ

236 3906 497 3961 ἐνεδίδου.
543 3908 681 3961 Ἀλλ’
706 3910 939 3963 ἐκένωσε
973 3910 1071 3982 μὲν
1101 3910 1194 3964 τοῦ
1224 3910 1472 3965 διαῦόλου
1499 3909 1598 3981 τὴν
1626 3908 1840 3980 βελοθή-

235 4014 365 4067 κην,
396 3996 562 4061 αὐτὸς
584 3997 639 4051 δὲ
662 3999 723 4051 οὐ
760 4000 1081 4066 κατέπεσεν,
1107 4002 1227 4054 οὐδὲ
1252 4000 1639 4071 ὑπεσκελίσοη.
1686 4000 1839 4053 Ἀλλ’

234 4087 431 4161 ὥσπερ
463 4087 688 4158 ἀριστος
716 4089 1220 4163 κυϐερνήτης,οὖτε
1256 4092 1590 4163 μαινομένης
1613 4092 1711 4162 τῆς
1749 4091 1839 4145 θα-

233 4178 475 4250 λάσσης,
509 4180 605 4233 καὶ
642 4181 751 4243 τῶν
774 4182 1034 4257 κυμάτων
1060 4183 1472 4255 διεγειρομένων
1516 4186 1837 4237 κατεποντί-

234 4272 384 4335 (sto,
424 4271 552 4326 οὔτε
584 4273 828 4347 γαλήνης
850 4273 1019 4347 οὔσης
1040 4275 1410 4348 ρᾳθυμότερος
1431 4276 1660 4344 ἐγίνετο.
1695 4276 1836 4330 Ἀλλ’

236 4366 295 4418 ἐν
328 4366 576 4438 ἑκατέρᾳ
604 4368 669 4438 τῇ
713 4367 821 4420 τῶν
854 4368 1066 4440 καιρῶν
1098 4368 1334 4439 διαφορᾷ
1366 4368 1488 4439 ῐσην
1515 4369 1615 4439 τὴν
1639 4369 1833 4423 ἑαυτοῦ

231 4458 439 4529 τέχνην
470 4456 782 4529 διετήρησε.
812 4458 923 4511 Καὶ
938 4457 1061 4511 οὒτε
1096 4457 1325 4522 πλοῦτος
1347 4459 1538 4513 ἑαυτὸν
1565 4460 1675 4531 (19)
1713 4460 1837 4529 ees-

1944 3374 2214 3431 sententia
2245 3383 2393 3429 esset
2441 3374 2628 3428 isthmc
2665 3372 2861 3427 mulier
2896 3370 3074 3440 quoad
3114 3364 3522 3436 blasphemiam.

1943 3468 2248 3540 Reputabat
2278 3467 2488 3523 scilicet
2509 3482 2628 3521 eam
2650 3481 2810 3536 posse
2832 3465 3014 3520 statim
3037 3471 3264 3517 mortem
3300 3458 3524 3513 inferre.

1943 3562 2009 3617 V.
2045 3560 2132 3616 10.
2161 3561 2219 3615 Si
2266 3561 2402 3614 bona
2438 3560 2765 3627 suscepimus
2804 3557 2867 3609 de
2907 3571 3067 3627 ntauu
3110 3551 3348 3617 Domini,
3380 3548 3523 3602 mola

2462 3647 2566 3683 non
2594 3626 3012 3682 sustinebimus?

2019 3722 2225 3778 Beatus
2256 3723 2356 3777 iste
2380 3722 2618 3790 undique
2638 3717 3120 3788 eircumpulsatus,
3148 3713 3396 3769 securius
3410 3720 3525 3766 sta-

1940 3816 2056 3882 bat,
2092 3825 2147 3871 et
2185 3815 2394 3869 infinita
2447 3814 2751 3883 suscipiens
2794 3811 2923 3875 tela,
2975 3825 3079 3864 non
3116 3807 3362 3861 cedebat.
3416 3805 3525 3859 Sed

1938 3908 2226 3965 evacuavit
2258 3906 2478 3975 quidem
2503 3904 2704 3959 diaboli
2745 3903 3084 3973 pharetram,
3125 3898 3242 3967 ipse
3269 3910 3398 3950 vero
3426 3910 3524 3947 ne-

1939 4013 2208 4068 quaquam
2237 3995 2498 4061 concidit,
2529 4009 2705 4063 neque
2743 3993 3043 4047 subversus
3075 3999 3181 4045 est.
3210 3988 3317 4041 Sed
3354 3986 3521 4039 veluti

1937 4090 2179 4159 optimus
2230 4097 2471 4158 proreta,
2503 4100 2678 4151 neque
2735 4084 2949 4137 furente
3000 4082 3116 4135 salo
3163 4078 3525 4144 excitatisque

1938 4176 2192 4231 ﬂuctibus
2226 4176 2716 4246 submergebatur;
2748 4187 2921 4242 neque
2950 4171 3231 4224 obtinente
3263 4166 3519 4232 malacia,

1938 4269 2298 4341 negligentior
2331 4278 2468 4323 erat.
2511 4266 2616 4321 Sed
2656 4267 2707 4320 in
2758 4275 2987 4331 utraque
3034 4273 3341 4330 temporum
3379 4259 3522 4323 vice,

1936 4364 2203 4433 :equaleut
2243 4373 2419 4417 artem
2453 4376 2607 4415 suam
2644 4358 3026 4414 conservabat.
3066 4356 3132 4410 Et
3173 4366 3350 4422 neque
3382 4350 3523 4405 divi-

1939 4457 2029 4510 tia:
2058 4455 2204 4509 illurn
2240 4453 2521 4518 inﬂavere,
2564 4467 2738 4520 neque
2766 4460 3062 4521 paupertas
3091 4447 3286 4518 dejecit
3313 4444 3521 4503 animo,

234 4563 428 4618 σησεν,
466 4546 590 4600 οὕτε
615 4547 776 4600 πενία
808 4548 1188 4609 ἐταπείνωσεν,
1213 4547 1357 4610 οὔτε,
1399 4548 1541 4603 κατὰ
1568 4549 1694 4620 ῥοῦν
1725 4550 1834 4604 τῶν

1949 4563 2115 4618 neque
2155 4563 2328 4618 prono
2373 4548 2529 4600 alveo
2579 4548 2747 4600 rebus
2776 4544 2890 4599 suis
2930 4540 3257 4600 liuentibus,
3290 4535 3522 4606 supinus

235 4613 587 4709 πραγμάτων
609 4640 950 4710 φερομένων,
966 4638 1157 4703 ῦπτιος
1184 4635 1252 4711 ἦν
1280 4640 1374 4693 καὶ
1395 4613 1828 4705 ἀναπεπτωκὼς,

1949 4613 2059 4696 erat
2091 4613 2401 4712 et-segues.
2443 4638 2699 4707 Quinimo
2752 4652 2819 4690 ne
2870 4644 2981 4688 tota
2998 4632 3215 4702 quidem
3241 4639 3523 4698 propemo-

232 4729 384 4792 οὗτε,
415 4729 549 4801 ὅλης
580 4730 769 4801 σχεδὸν
795 4731 895 4801 τῆς
926 4732 1134 4795 οἰκείας
1157 4732 1269 4800 (ΞΟ)
1292 4732 1717 4803 ἀνατραπείσης,
1738 4734 1833 4787 καὶ

234 4819 604 4890 πανολεθρίας
637 4820 957 4891 γενομένης,
985 4820 1334 4893 διεταράχθη,
1362 4822 1457 4875 καὶ
1480 4822 1579 4894 τήν
1611 4822 1832 4894 ἀνδρίαν

233 4910 431 4982 ήλεγξε
459 4910 558 4982 τὴν
590 4910 805 4966 ἑαυτοῦ.
852 4911 1223 4966 Ἀκουέτωσαν
1256 4911 1521 4976 πλούσιοι,
1556 4913 1830 4967 ἀκουέτω-

236 5014 339 5057 adv
370 4998 628 5069 πένητεςο
664 4998 949 5066 ἑκατέροις
999 4998 1109 5069 γὰρ
1151 5000 1213 5053 τὸ
1246 5000 1489 5073 διήγημα
1538 5004 1829 5074 χρήσιμον,

236 5090 332 5143 καὶ
378 5090 548 5143 πᾶσιν
582 5088 892 5159 ἀνθρώποις
924 5092 957 5162 ὴ
996 5090 1209 5162 ἱστορία
1242 5091 1549 5163 λυσιτελήςο
1580 5094 1677 5149 καὶ
1718 5097 1831 5158 τοῖς

234 5183 292 5234 ἐν
322 5180 622 5254 εὐημερίᾳ,
671 5183 765 5235 καί
797 5186 911 5246 τοῖς
951 5184 1012 5236 ἐν
1043 5187 1371 5254 συμφοραῖς.
1420 5185 1691 5257 Ἐκάτερα
1722 5189 1829 5259 γὰρ

234 5275 302 5327 τὰ
334 5273 476 5327 ἃπλα
502 5273 893 5344 μεταχειρίσας
924 5276 953 5326 ὁ
977 5274 1076 5343 τῆς
1104 5274 1386 5338 εὐσεϐείας
1424 5275 1750 5349 ἀγωνιστὴς,
1800 5281 1830 5332 ὁ

234 5365 334 5434 τῆς
352 5364 685 5435 οἰκουμένης
707 5363 1052 5436 στεφανίτης,
1080 5366 1138 5417 ἐν
1160 5365 1443 5435 ἑκατέροις
1480 5366 1542 5419 τὸ
1570 5368 1830 5439 τρόπαιον

236 5454 451 5526 ἔστησε·
506 5457 605 5510 καὶ
662 5454 801 5525 πρὸς
850 5457 957 5509 πᾶν
984 5451 1124 5519 εἶδος
1163 5456 1403 5527 πολέμου
1440 5456 1535 5510 τοῦ
1578 5459 1829 5530 δαίμονος

306 5594 423 5625 ⁸³·’δ
453 5579 623 5648 llebr.
652 5607 707 5657 ι,
735 5591 825 5648 57.

310 5713 421 5777 (16)
450 5711 589 5768 Cod.
635 5713 811 5782 Ὦριγ.
839 5713 918 5775 εἰς
938 5712 1014 5766 τό’
1059 5712 1223 5767 Ἀλλ’
1244 5706 1418 5765 εἶπόν
1447 5727 1495 5763 τι
1515 5707 1703 5777 ῥῆμα.

312 5784 419 5850 (17)
453 5783 618 5855 Forte
650 5780 954 5855 ἀρῶμενον.

314 5855 421 5913 118)
456 5854 532 5906 Ex
563 5850 704 5906 cod.‘
736 5850 871 5906 Nan.
911 5854 997 5905 ubi
1050 5853 1239 5908 titulus
1274 5852 1682 5923 Χρυσοστὸμου,
1738 5850 1819 5901 Ὡ-

242 5938 346 5994 ριγ.
387 5923 771 5994 Chrysostomi
798 5923 976 5996 potius
1011 5925 1241 5990 vidctur,
1270 5926 1335 5980 de
1366 5925 1518 5993 cujus
1543 5932 1815 5979 commcn-

1936 4735 2062 4789 dum
2097 4748 2289 4788 eversa
2323 4733 2507 4797 domo,
2540 4740 2593 4783 et
2618 4729 2839 4782 interitu
2886 4724 3258 4793 contingente,
3295 4727 3523 4773 contur-

1937 4824 2095 4877 batus
2122 4832 2230 4886 est,
2260 4832 2315 4875 et
2348 4836 2459 4875 sua:
2494 4819 2711 4873 virtutis
2744 4814 3023 4870 luculenta
3068 4810 3239 4865 edidit
3270 4808 3519 4863 testimo-

1936 4912 2046 4966 nia.
2073 4912 2351 4965 Audiunto
2381 4908 2599 4973 divites,
2632 4906 2894 4960 audiunto
2932 4916 3199 4973 pauperes
3230 4917 3243 4952 :
3272 4897 3520 4963 utrisque

1934 5001 2082 5054 enim
2109 5001 2353 5053 narratio
2386 4998 2654 5067 perutilis,
2690 5006 2746 5050 et
2784 4995 3037 5050 omnibus
3082 4989 3391 5045 hominibus
3424 4985 3510 5037 hi-

1936 5092 2111 5145 storia
2136 5101 2219 5145 est
2246 5092 2511 5158 prolicua,
2540 5090 2653 5143 sive
2677 5089 2728 5142 in
2754 5086 3114 5156 prosperitate
3142 5081 3276 5142 sint,
3309 5078 3425 5131 sive
3454 5074 3509 5129 in

1933 5184 2361 5242 calamitatibus.
2396 5184 2638 5253 Utraque
2658 5182 2805 5236 cnim
2836 5195 2986 5232 arma
3014 5176 3276 5229 adhibens
3298 5170 3386 5224 hic
3410 5167 3519 5237 pie-

1936 5279 2063 5333 tatis
2090 5279 2366 5347 agonista.
2401 5279 2490 5333 hic
2521 5277 2669 5331 orbis
2695 5282 2989 5330 coronatus
3013 5267 3212 5322 athleta
3236 5304 3252 5329 ,
3280 5265 3331 5317 in
3359 5264 3519 5316 utris-

1931 5386 2038 5440 que
2099 5379 2361 5441 tropazum
2409 5372 2585 5425 erexit
2618 5387 2633 5424 :
2664 5380 2721 5423 et
2771 5368 2836 5420 ad
2885 5379 3046 5420 omne
3084 5374 3254 5431 genus
3289 5356 3413 5412 belli
3445 5356 3515 5408 ir-

1934 5473 2127 5519 ruente
2158 5465 2401 5518 dzemone
2425 5464 2537 5527 illo,
2562 5472 2756 5517 contra
2794 5459 2975 5515 omnia
3004 5456 3057 5512 in
3085 5452 3258 5509 aciein
3284 5450 3510 5531 descen-

1935 5708 2093 5761 tariis
2126 5707 2178 5759 iu
2214 5705 2410 5760 Jobum
2436 5706 2655 5761 censuie
2678 5707 2755 5762 sis
2792 5716 2993 5765 nostra:
3020 5704 3162 5763 Bibl.
3195 5714 3326 5759 lout.
3380 5697 3511 5767 Vill,

1932 5796 1984 5849 p.
2014 5778 2231 5849 2i5,et
2258 5780 2463 5849 proleg.
2522 5779 2746 5834 Ibidem.

2002 5847 2111 5916 (ιο)
2141 5847 2329 5899 Αὐτόν.

1999 5920 2111 5988 (20)
2140 5917 2341 5981 Οἰκίας.
