4004 6532
493 427 568 486 63
1397 427 1958 486 SUPPLEMENTUM
1997 426 2090 481 AD
2128 424 2455 483 ORIGENIS
2493 392 2902 483 EXEGETICA.
3679 424 3753 477 64

495 540 598 604 dit,
621 548 677 595 et
706 540 759 595 in
787 541 1043 597 omnibus
1067 541 1243 597 victor
1270 545 1751 613 pronuntiabatur.
1784 546 1863 599 Ac
1896 543 2061 599 veluti

2201 541 2484 607 πελθόντος
2503 541 2733 605 ἐκείνου,
2766 541 2903 613 πρὸς
2927 540 3142 594 ἅπαντα
3177 537 3537 610 παρετάξατο,
3568 537 3660 591 καὶ
3693 541 3754 591 ἐν

498 628 655 684 miles
682 644 998 699 generosus,
1036 631 1127 700 qui
1162 631 1328 688 sciret
1354 647 1595 703 pugnare
1623 644 1806 699 noctu,
1834 634 1901 689 de
1932 648 2063 689 mm-

502 720 681 787 nibus,
726 720 871 776 inter
924 724 1154 793 pedites,
1190 724 1333 779 inter
1360 726 1629 794 epibatas,
1661 741 1789 780 arcu
1832 727 2062 794 sagittas

497 811 770 879 emittere,
802 814 1015 868 hastam
1041 824 1293 883 quatere,
1320 815 1505 871 fundis
1531 826 1586 871 et
1610 818 1769 873 vallis
1795 819 1893 881 uti,
1923 832 1986 872 ac
2012 818 2065 871 in

497 903 646 956 omni
669 919 867 971 genere
893 921 1087 976 pugnat-
1110 921 1377 976 superare
1400 907 1763 973 adversarios,
1789 918 1844 963 et
1871 908 2069 978 ubique

497 994 744 1050 vincere;
764 994 833 1049 ita
867 996 1111 1065 profecto
1135 1008 1190 1051 et
1216 1014 1518 1066 generosus
1539 999 1631 1055 ille
1657 1015 1869 1056 onmem
1897 1006 2070 1054 tenta-

499 1082 702 1139 tionem
725 1098 849 1137 cum
879 1084 1049 1138 multa
1081 1085 1204 1141 tulit
1236 1087 1581 1155 fortitudine,
1611 1089 1967 1144 tentationem
1987 1090 2070 1143 in-

496 1189 663 1240 quam
696 1177 1055 1244 paupertatis,
1088 1177 1274 1242 famis,
1304 1180 1500 1247 morbi,
1541 1180 1766 1246 doloris,
1817 1180 2070 1235 interitus

499 1263 735 1321 ﬁliorum
769 1284 783 1318 :
821 1269 1176 1325 tentationetn
1202 1270 1270 1325 ab
1295 1270 1506 1333 amicis,
1534 1271 1601 1323 ab
1630 1271 1977 1335 adversariis,
2000 1272 2069 1327 ab

501 1370 692 1420 uxore,
730 1370 761 1411 a
796 1357 1134 1415 domesticis.
1176 1359 1362 1429 Neque
1396 1361 1541 1415 enim
1586 1359 1687 1415 fuit
1716 1363 1949 1418 humana
1982 1376 2074 1417 ca-

500 1442 740 1511 lamitas,
790 1462 913 1517 qua:
945 1449 997 1502 in
1021 1464 1220 1519 corpus
1260 1452 1378 1517 ejus
1419 1449 1594 1506 elInsa
1639 1466 1743 1506 non
1773 1452 1861 1507 sit.
1892 1451 2075 1509 Nihilo

500 1550 633 1589 vero
667 1538 851 1593 minus
875 1540 1011 1594 retia
1041 1542 1223 1595 omnia
1252 1544 1554 1612 superavit,
1578 1559 1641 1598 ac
1660 1545 1949 1600 sublimior
1974 1544 2075 1600 fuit

498 1628 701 1682 diaboli
739 1629 967 1685 calamis
1014 1630 1149 1703 (2t).
1181 1632 1312 1689 Illud
1350 1649 1485 1690 vero
1536 1650 1647 1704 prae
1692 1639 1904 1693 cateris
1953 1649 2069 1694 stu-

500 1719 758 1786 pendum,
783 1722 927 1789 quod
958 1724 1141 1777 omnia
1169 1724 1268 1794 ipsi
1293 1726 1647 1793 contigerint,
1663 1738 1720 1783 et
1739 1728 1923 1783 omnia
1953 1745 2074 1784 cum

498 1825 756 1876 excessu,
790 1823 847 1867 et
870 1812 1052 1866 omnia
1092 1813 1144 1867 in
1187 1830 1375 1868 unum.
1416 1815 1603 1885 Neque
1623 1818 1770 1873 enim
1807 1819 1859 1874 id
1900 1827 2078 1875 atten-

2172 635 2336 688 πᾶσιν
2374 634 2792 706 ἀνεκηρύττετο,
2821 634 2931 687 Καὶ
2970 631 3592 704 mila-impotentiam;
3622 648 3753 699 γενς

2168 729 2338 791 ναῖος,
2374 727 2469 780 καὶ
2503 726 2659 790 εἰδὼς
2681 728 3066 798 νυκτομαχεῖν,
3111 725 3478 795 τειχομαχεῖν,
3512 723 3757 793 πεζομα-

2169 818 2305 886 χεῖν,
2350 819 2672 887 ναυμαχεῖν,
2707 816 2801 869 καὶ
2844 816 3104 882 τοξεύειν,
3158 815 3253 868 καὶ
3283 815 3409 885 δόρυ
3443 814 3629 876 σείειν,
3659 814 3757 867 καὶ

2172 906 2487 975 σφενδόναις
2525 907 2621 960 καὶ
2676 906 2968 970 ἀκοντίοις,
3012 906 3106 958 καὶ
3149 906 3311 958 παντὶ
3350 905 3537 977 τρόπῳ
3574 904 3755 976 μάχης

2168 997 2541 1069 περιγίνεσθαι
2588 998 2685 1067 τῆς
2721 998 2833 1067 (22)
2868 996 3125 1051 ἐναντίων
3171 996 3267 1050 καὶ
3314 995 3590 1066 πανταχοῦ
3620 1014 3758 1066 κρα-

2169 1090 2301 1141 τεῖν·
2332 1085 2474 1139 οὕτω
2516 1085 2579 1157 δὴ
2606 1088 2701 1140 καὶ
2724 1088 2753 1140 ὀ
2786 1090 3033 1156 γενναῖος
3058 1090 3265 1153 ἐκεῖνος
3305 1090 3525 1144 ἅπαντα
3565 1108 3761 1161 πειρα-

2174 1179 2312 1249 σμὸν
2355 1177 2495 1248 μετὰ
2528 1178 2731 1248 πολλῆς
2751 1179 2949 1249 ἤνεγκε
2982 1180 3080 1250 τῆς
3119 1180 3365 1252 ἀνδρίας,
3392 1180 3484 1233 τὸν
3514 1179 3624 1233 ἀπὸ
3655 1196 3760 1233 πε-

2173 1271 2311 1335 νίας,
2360 1269 2453 1323 τὸν
2485 1270 2595 1324 ἀπὸ
2623 1269 2806 1341 λιμοῦ,
2856 1271 2949 1326 τὸν
2990 1271 3099 1325 ἀπὸ
3134 1272 3312 1335 νόσου,
3342 1274 3433 1326 τὸν
3459 1272 3519 1336 ἐξ
3543 1271 3759 1340 ὀδύνης,

2173 1366 2265 1419 τὸν
2292 1366 2400 1420 ἀπὸ
2446 1364 2653 1418 παίδων
2694 1362 2994 1427 ἀπωλείας,
3031 1362 3123 1416 τὸν
3157 1364 3265 1418 ἀπὸ
3304 1364 3411 1417 τῶν
3439 1364 3628 1433 φίλων,
3669 1359 3765 1417 τὸν

2173 1458 2282 1513 ἀπὸ
2313 1457 2422 1511 τῶν
2457 1456 2690 1528 ἐχθρῶν,
2721 1456 2813 1509 τὸν
2845 1456 2955 1510 ἀπὸ
2980 1458 3081 1528 τῆς
3104 1456 3381 1525 γυναικὸς,
3403 1457 3492 1509 τὸν
3525 1456 3634 1511 ἀπὸ
3653 1457 3764 1510 τῶν

2173 1550 2424 1605 οἰκετῶν,
2477 1550 2552 1601 (ιὺ
2586 1550 2693 1619 γὰρ
2726 1544 2795 1618 ἦν
2840 1547 3157 1619 ἀνθρωπίνη
3196 1548 3472 1621 συμφορὰ,
3503 1550 3537 1618 ἢ
3567 1548 3642 1620 μὴ
3684 1551 3767 1612 είς

2175 1642 2236 1695 τὸ
2284 1641 2442 1709 σῶμα
2493 1639 2796 1711 ἐξεκενώθη
2843 1640 3074 1694 ἐκείνου.
3123 1640 3263 1694 Ἀλλ’
3314 1642 3465 1712 ὅμως
3509 1640 3771 1694 ἁπάντων

2176 1733 2521 1806 ὑπερηνέχθη
2548 1732 2657 1786 τῶν
2677 1732 2930 1798 δικτύων,
2961 1734 3056 1787 καὶ
3075 1733 3405 1807 ὑψηλότερος
3444 1736 3639 1803 γέγονε
3658 1734 3771 1787 τῶν

2180 1824 2273 1879 τοῦ
2304 1824 2556 1878 διαϐόλου
2608 1825 2898 1895 καλάμων,
2939 1826 3052 1879 Καὶ
3088 1826 3151 1879 τὸ
3184 1825 3249 1897 δὴ
3304 1826 3771 1897 θαυμαστότερον,

502 1902 623 1966 das,
651 1905 795 1972 quod
834 1914 979 1958 tanta
1008 1919 1199 1973 passus
1231 1905 1402 1961 fuerit
1428 1925 1441 1961 :
1471 1909 1565 1963 sed
1602 1908 1764 1977 adde,
1809 1927 1913 1965 non
1945 1927 2078 1981 pau-

2199 1917 2264 1969 Ξτι
2285 1916 2379 1970 καὶ
2410 1917 2587 1971 πάντα
2618 1893 2788 1987 αὐτῷ,
2815 1915 2910 1969 καὶ
2947 1915 3124 1970 πάντα
3159 1893 3278 1987 μεθ’
3314 1893 3773 1989 ὑπε-ρϐολῆςξκαὶ

503 1994 679 2059 latim,
708 2010 813 2050 non
841 2010 907 2049 ex
939 1995 1251 2065 intervallo;
1275 1999 1370 2053 sed
1401 2016 1503 2055 una
1537 2010 1591 2055 et
1632 2002 1815 2058 simul.
1852 2001 1968 2059 Non
1995 2014 2078 2060 est

501 2099 635 2139 vero
665 2085 783 2140 hinc
811 2085 1498 2145 mediocristentationum
1533 2093 1800 2148 accessio.
1832 2092 2079 2149 Caetero-

504 2191 625 2230 l'lllll
655 2191 890 2246 namque
920 2178 1196 2234 hominum
1225 2178 1455 2249 quilibet
1508 2182 1686 2251 primo
1714 2185 1898 2241 nullus
1926 2186 2076 2242 inve.

506 2267 687 2324 nietur
710 2274 803 2340 qui
834 2272 1016 2326 omnia
1040 2272 1201 2327 simul
1230 2275 1555 2329 sustinuerit
1578 2291 1593 2329 :
1618 2277 1713 2331 sed
1741 2277 1787 2331 si
1813 2292 1932 2332 cum
1956 2294 2083 2347 pau-

511 2369 723 2428 pertate
748 2360 1006 2431 luctatur,
1035 2372 1093 2418 at
1116 2365 1347 2421 sanitate
1376 2367 1608 2437 gaudet;
1643 2369 1685 2423 si
1713 2377 1769 2423 et
1794 2379 2083 2438 pauperta-

508 2464 562 2510 te
581 2466 636 2511 et
662 2459 869 2514 morbis
891 2470 1119 2516 vexatus
1135 2470 1238 2525 est,
1264 2471 1321 2516 at
1352 2479 1521 2520 uxore
1548 2479 1924 2536 saepenumero
1951 2466 2082 2520 frui-

512 2557 602 2605 tus
632 2561 736 2619 est,
761 2568 881 2624 quae
907 2555 1247 2611 calamitates
1273 2558 1636 2624 solaretur,et
1659 2576 1780 2629 quae
1810 2576 1906 2631 pro
1922 2571 2082 2630 portu

511 2655 659 2700 esset
689 2646 789 2701 illi.
824 2647 881 2702 Si
906 2664 1009 2705 nec
1032 2664 1202 2703 uxore
1230 2647 1426 2705 fruitus
1453 2661 1537 2707 est
1558 2652 1888 2719 hujusmodi,
1908 2662 1963 2707 at
1985 2668 2085 2708 nec

509 2750 632 2805 quae
648 2747 756 2792 tam
786 2742 1092 2809 perniciosa
1124 2745 1453 2811 consuleret,
1486 2760 1549 2800 ac
1574 2760 1676 2800 nec
1716 2745 1919 2801 liberos
1958 2744 2086 2814 jun-

507 2829 841 2887 ctimamisit
873 2834 1193 2902 universos;
1227 2835 1520 2906 sijnnctim
1550 2837 1857 2902 universos,
1889 2847 1943 2892 at
1979 2854 2085 2893 non

510 2923 607 2980 tali
655 2940 855 2995 genere
887 2928 1111 2995 mortis;
1142 2929 1187 2984 si
1242 2929 1333 2983 tali
1386 2945 1588 3000 genere
1621 2930 1838 2996 mortis,
1867 2940 1922 2985 at
1951 2930 2089 2985 ami-

508 3033 607 3074 cos
638 3018 827 3074 habuit
856 3022 1250 3089 consolatores,
1275 3031 1331 3076 at
1362 3038 1539 3092 neque
1565 3022 1638 3077 ita
1667 3022 1813 3077 illum
1832 3032 2090 3094 appeten-

512 3117 637 3168 tes:
677 3114 822 3181 quod
881 3114 925 3169 si
971 3122 1025 3169 et
1061 3124 1398 3185 appetentes,
1433 3127 1490 3170 at
1536 3131 1640 3171 non
1680 3116 1843 3173 etiam
1897 3118 2089 3173 dome-

513 3203 652 3260 ticos
679 3204 1040 3272 lacessentes;
1066 3207 1110 3262 si
1134 3207 1303 3261 etiam
1328 3207 1684 3273 lacessentes,
1709 3219 1766 3263 at
1795 3225 1900 3265 non
1924 3210 2089 3265 etiam

512 3295 567 3349 in
598 3294 792 3350 faciem
818 3312 970 3352 suam
997 3308 1283 3368 Spuentes;
1312 3299 1356 3353 si
1384 3300 1549 3353 etiam
1579 3299 1632 3354 in
1666 3299 1863 3356 faciem
1888 3316 2092 3371 spuen-

512 3396 615 3452 tes,
644 3396 699 3441 at
748 3402 855 3442 non
903 3405 1120 3459 quoque
1157 3391 1348 3446 morbo
1383 3400 1532 3445 tanto
1575 3393 1987 3461 conficiebatur,
2038 3404 2095 3450 at

508 3479 729 3534 domum
776 3490 1091 3551 tectumque
1124 3482 1383 3549 habebat,
1415 3498 1513 3537 nec
1541 3482 1594 3536 in
1634 3484 1978 3553 sterquilinio
2008 3500 2096 3540 se—

510 3568 701 3636 debat;
731 3570 875 3640 quod
899 3571 943 3626 si
961 3570 1125 3625 etiam
1159 3571 1212 3626 in
1253 3573 1595 3640 sterquilinio
1622 3575 1865 3639 sedebat,
1893 3584 1948 3628 at
1976 3592 2094 3629 nia-

512 3675 642 3714 nunt
674 3662 907 3717 habebat
950 3664 1327 3734 porrigentes;
1359 3666 1401 3718 si
1453 3680 1628 3735 neque
1661 3681 1879 3719 manuni
1914 3666 2094 3735 porri-

511 3762 725 3822 gentes,
755 3764 810 3808 at
839 3770 948 3810 non
979 3756 1145 3811 etiam
1176 3755 1230 3810 in
1266 3771 1324 3812 se
1358 3756 1648 3811 irruentes.
1682 3755 1788 3812 lste
1820 3771 1951 3812 vero
1978 3774 2097 3812 oin-

514 3844 603 3899 nia
630 3845 817 3902 istltzec
848 3847 1093 3916 pertulit.

2184 2007 2363 2061 πάντα
2411 2008 2501 2078 ὑφ’
2522 2007 2609 2079 ἐν.
2637 2008 2730 2080 Μὴ
2758 2009 2867 2080 γὰρ
2898 2007 3056 2061 τοῦτο
3089 2009 3226 2081 ῐδῃς,
3260 2009 3342 2062 ὅτι
3374 2008 3613 2062 τοσαῦτα
3643 2008 3774 2062 ἐπα-

2184 2098 2297 2153 θεν·
2349 2099 2485 2153 ἀλλὰ
2539 2098 2792 2171 πρόσθες,
2830 2099 2911 2153 ὅτι
2958 2100 3078 2153 οὐδὲ
3104 2098 3246 2153 κατὰ
3283 2100 3508 2171 μικρὸν,
3542 2100 3665 2153 οὐδὲ
3709 2102 3775 2152 ἐκ

2183 2190 2570 2263 διαστήματος.
2602 2190 2719 2245 ἀλλ’
2755 2190 2888 2261 ὑφέν
2925 2191 3021 2245 καὶ
3049 2190 3207 2263 ὁμοῦ.
3246 2191 3321 2244 υύ
3354 2190 3604 2263 μικρὰδέ
3630 2189 3773 2261 αὕτη

2186 2282 2504 2357 πειρασμῶν
2535 2283 2839 2356 προσθήκη.
2869 2283 2991 2337 Τῶν
3022 2283 3120 2354 μὲν
3157 2282 3268 2355 γὰρ
3323 2281 3499 2336 ἄλλων
3539 2272 3777 2345 ἕκαστος

2186 2372 2487 2446 ἀνθρώπων
2507 2373 2723 2445 πρῶτον
2758 2374 2857 2445 μὲν
2888 2374 3064 2438 οὐδεὶς
3086 2372 3157 2428 ἂν
3175 2372 3422 2445 εὑρεθείη
3452 2374 3633 2428 πάντα
3650 2374 3779 2426 ὑπο-

2192 2465 2379 2537 μείνας
2402 2464 2561 2535 ὀμοῦ,
2594 2464 2706 2518 ἀλλ’
2740 2467 2789 2518 εί
2816 2465 2912 2518 καὶ
2941 2465 3103 2536 πενία
3142 2464 3385 2528 παλαίει,
3405 2464 3557 2534 ὅμως
3582 2463 3779 2532 ὑγείας

2188 2554 2475 2611 ἀπολαύει·
2499 2556 2549 2609 εί
2570 2555 2629 2610 δέ
2658 2556 2753 2609 καὶ
2788 2556 2949 2629 πενίᾳ.
2977 2555 3071 2611 καὶ
3103 2556 3243 2628 νόσῳ
3273 2552 3781 2631 περιεπάρη,⁵’ἀλλὰ

2189 2648 2448 2715 γυναικὸς
2460 2646 2719 2711 πολλάκις
2751 2647 3033 2719 ἀπήλαυσε
3062 2648 3386 2720 παραμυθου
3396 2649 3561 2719 μένης
3584 2649 3653 2701 τὰ
3672 2649 3784 2702 δει-

2190 2740 2279 2804 νὰ,
2308 2740 2402 2793 κα)⁹
2428 2740 2549 2793 ἀντὶ
2570 2738 2788 2810 λιμένος
2815 2738 2962 2810 αὐτῷ
2994 2739 3303 2810 γινομένης.
3321 2740 3385 2792 El
3409 2740 3465 2792 δὲ
3502 2740 3576 2810 μὴ
3599 2756 3786 2807 γυναι-

2193 2832 2288 2898 κὸς
2332 2832 2610 2904 ἁπήλαυσε
2644 2832 2916 2904 τοιαύτης,
2960 2832 3076 2887 ἀλλ’
3108 2833 3206 2903 οὐχ
3249 2831 3393 2886 οὕτω
3444 2832 3783 2903 συμϐουλευ-

2194 2926 2382 2997 θείσης
2428 2925 2666 2997 ὀλέθρια,
2714 2925 2829 2979 ἀλλ’
2885 2925 3005 2995 οὐχὶ
3052 2925 3148 2978 καὶ
3186 2925 3313 2989 τοὺς
3358 2924 3556 2987 παῖδας
3585 2923 3786 2996 ἁθρόον

2196 3016 2480 3073 ἀπώλεσεν
2507 3016 2771 3079 ἅπαντας·
2801 3018 2850 3069 εί
2875 3016 2929 3069 δὲ
2958 3016 3053 3069 καὶ⁵
3071 3015 3286 3088 ἀθρόον,
3328 3014 3444 3069 ἀλλ’
3470 3015 3532 3069 ού
3555 3014 3787 3086 τοιούτῳ

2193 3107 2381 3180 τρόπῳ
2396 3107 2671 3179 τελευτῆς·
2707 3107 2756 3159 εἰ
2784 3107 2841 3161 δὲ
2858 3106 2951 3160 καὶ¹
2968 3104 3197 3176 τοιούτῳ
3233 3104 3466 3177 [τρόπῳ]
3499 3104 3785 3176 τελευτῆς,

2198 3201 2337 3257 ἀλλὰ
2363 3200 2551 3271 φίλους
2574 3200 2699 3271 ἔσχε
2729 3198 3202 3272 παρακαλοῦντας·
3238 3200 3287 3252 εί
3319 3199 3376 3252 δέ
3399 3199 3498 3252 οὐκ
3530 3198 3659 3268 ἔσχε
3685 3216 3790 3251 πα-

2202 3293 2595 3369 ρακαλοῦντας,
2630 3294 2745 3348 ἀλλ’
2768 3292 2889 3363 οὐχὶ
2921 3292 3016 3345 καὶ
3050 3290 3224 3355 οὕτως
3256 3290 3707 3361 ἐπεμϐαίνοντας·
3737 3292 3789 3343 εἰ

2198 3388 2256 3441 δέ
2304 3388 2401 3442 καὶ⁸
2439 3385 2893 3458 ἐπεμϐαίνοντας,
2923 3384 3038 3437 ἀλλ’
3062 3383 3185 3454 ούχὶ
3209 3384 3305 3436 καὶ
3348 3382 3563 3445 οἰκέτας
3596 3382 3792 3435 ὀνειδί-

2200 3479 2413 3545 ζοντας·
2440 3481 2489 3532 εἰ
2522 3480 2579 3533 δὲ
2621 3479 2714 3533 καὶ
2748 3477 3125 3542 ὀνειδίζοντας,
3167 3475 3282 3529 ἀλλ’
3319 3475 3441 3545 οὐχὶ
3470 3475 3565 3528 καὶ
3594 3476 3674 3537 είς
3725 3475 3792 3527 τὸ

2200 3572 2492 3643 πρόσωπον
2525 3570 2690 3623 αὐτοῦ
2722 3568 3087 3641 ἐμπτύοντας·
3125 3569 3174 3621 εί
3205 3568 3263 3622 δέ
3294 3567 3388 3622 καὶ
3419 3568 3499 3630 είς
3524 3566 3587 3620 τὸ
3614 3568 3792 3639 πρόσ-

2196 3677 2343 3715 ωπον
2363 3659 2723 3730 ἐμπτύοντας,
2758 3659 2871 3712 ἀλλ’
2906 3658 3027 3729 οὐχὶ
3059 3658 3154 3712 καὶ
3186 3657 3326 3728 νόσῳ
3358 3656 3581 3729 τοιαύτῃ
3606 3676 3793 3729 περιε-

2198 3754 2364 3824 πάρει
2395 3751 2529 3823 (2'5),
2549 3750 2684 3804 ἀλλὰ
2710 3749 2985 3820 δωματίου
3010 3748 3105 3802 καὶ
3122 3747 3332 3819 σκέπης
3353 3748 3661 3820 ἁπὴλαυσε,
3696 3750 3794 3802 καὶ

2196 3846 2299 3898 οὐκ
2348 3844 2440 3896 ἐπὶ
2484 3842 2582 3912 τῆς
2624 3840 2859 3913 κοπρίας
2919 3838 3174 3909 ἐκάθητο·
3222 3841 3271 3892 εἰ
3309 3839 3366 3893 δὲ
3413 3840 3508 3893 καὶ
3556 3840 3651 3893 ἐπὶ
3689 3839 3793 3909 τῆς

511 3941 745 4013 κοπρίας
776 3943 1037 4017 ἐκάθητο,
1092 3945 1206 3999 ἀλλ’
1241 3944 1367 4017 ἔσχε
1393 3945 1520 4008 τοὺς
1569 3947 1728 4016 χεῖρα
1764 3945 2074 4018 ὀρέγοντας·
2124 3944 2174 3997 εί
2217 3941 2273 3994 δὲ
2341 3939 2417 4011 μὴ
2466 3936 2591 4009 ἐσχε
2628 3936 2756 4000 τοὺς
2812 3937 2972 4007 χεῖρα
3037 3933 3349 4007 ὀρέγοντας,
3388 3932 3501 3989 ἀλλ’
3538 3932 3660 4003 οὐχὶ
3696 3932 3793 3985 καὶ

515 4035 969 4107 ἐπεμϐαίνοντας.
998 4021 1165 4101 Οὗτος
1186 4037 1230 4091 δ’
1263 4038 1483 4092 ἅπαντα
1499 4037 1672 4091 ταῦτα
1701 4038 2032 4108 ὑπήνεγκεν.

520 4131 703 4205 ναι.
735 4133 1070 4205 Advenerat!
1090 4136 1310 4205 quisque
1340 4150 1405 4188 ea:
1427 4135 1644 4205 propria
1677 4135 1883 4205 regione
1929 4134 1997 4187 ad
2030 4132 2097 4187 il-

587 4202 720 4267 lum,
760 4202 989 4271 Eliphaz
1014 4202 1420 4259 Tltazmanorum
1447 4220 1558 4266 rex,
1591 4202 1797 4257 Baldad
1823 4203 2094 4259 Saucheo-

590 4288 708 4324 rum
740 4284 1019 4342 tyrannus,
1051 4274 1264 4343 Saphar
1296 4273 1613 4329 Minworum
1641 4289 1751 4328 rex.

595 4428 777 4483 Amica
826 4430 1112 4499 praesentia
1164 4440 1279 4497 tua,
1320 4430 1496 4485 amica
1530 4438 1584 4485 et
1632 4429 1954 4484 admonitio.
1985 4429 2099 4484 Eli-

521 4521 660 4589 phaz
687 4530 793 4588 est,
824 4521 965 4575 Deus
994 4538 1077 4576 me
1108 4523 1499 4585 disseminavit,
1525 4530 1641 4587 aut,
1668 4521 1763 4575 Dei
1788 4523 1887 4575 mei
1913 4532 2102 4575 contu-

520 4614 697 4668 melia.
741 4615 1023 4677 Tharman,
1082 4617 1317 4683 defectus
1366 4632 1568 4669 eorum.
1628 4613 1861 4683 Sophar,
1889 4631 2100 4682 scapus,

522 4706 630 4769 vel,
684 4707 1026 4762 contumelia.
1075 4706 1298 4772 Baldad,
1343 4706 1673 4775 inveteratio,
1721 4715 1779 4761 et
1815 4703 2099 4775 gloriosus.

522 4796 931 4862 Sanctia-urunt,
960 4797 1251 4866 garrulitas
1276 4814 1484 4852 eorum.

528 4906 590 4961 V.
624 4908 709 4962 ll.
747 4909 1029 4965 Audientes
1052 4921 1229 4971 autem
1256 4924 1365 4965 tres
1395 4913 1552 4965 amici
1585 4913 1699 4982 ejus
1727 4910 1869 4965 mala
1920 4910 2097 4964 omnia

592 4996 713 5052 quia
746 4992 1150 5052 supervenerant
1193 4986 1271 5047 ei,
1298 4982 1587 5051 adfuerant
1621 4984 1838 5052 quisque
1883 4997 1949 5036 ex
1978 4997 2103 5040 ura-

592 5051 710 5119 pria
736 5051 944 5119 regione
969 5054 1037 5104 ad
1075 5052 1248 5106 illum.

596 5188 653 5243 Si
682 5189 805 5259 quis
843 5196 1052 5259 quaerat
1083 5203 1185 5243 cur
1224 5196 1344 5257 post
1379 5196 1591 5243 tantum
1648 5186 1909 5259 temporis
1942 5184 2104 5240 amici

528 5283 874 5349 advenerim,
924 5283 1125 5352 cogitet
1180 5281 1415 5351 primum
1442 5281 1661 5347 quidem
1713 5296 1808 5337 cos
1854 5281 2106 5336 diversas

532 5376 825 5431 incoluisse
864 5378 1131 5447 regiones,
1155 5394 1220 5434 ac
1250 5386 1369 5447 post
1397 5376 1688 5447 plurimum
1710 5385 1925 5445 tempus
1950 5372 2106 5427 multi

529 5466 767 5521 fortasse
823 5468 1173 5523 audiverunt.
1227 5466 1591 5522 lnfortuuium
1616 5466 1759 5521 ultra
1795 5462 2108 5535 Opinionem

2201 4127 2354 4197 Στίχ.
2386 4123 2476 4179 ια’.
2514 4118 3299 4197 Παρεγένοντο-ξκαᾳζροςρέκ
3339 4114 3448 4184 τῆς
3482 4115 3658 4197 lsi/ag;
3676 4115 3794 4183 χώ-

2265 4187 2382 4267 ,ρῖις
2427 4187 2828 4267 πρὸς’ᾳιᾷζὸγ,
2885 4189 3144 4267 ἐΕλιφήὰζ
3180 4192 3213 4244 ό
3261 4187 3571 4267 βαιμανῶν
3588 4187 3796 4267 ἐϐωυγ-

2273 4257 2421 4332 ίλεῦς
2444 4257 2741 4329 [Βὰλόὰδ
2794 4264 2827 4332 ὁ
2875 4257 3158 4331 Σαυχέων
3204 4260 3496 4327 τύραννος
3518 4296 3533 4321 ,
3580 4257 3796 4325 Σωφὰρ

2276 4341 2334 4393 Μ
2337 4331 2541 4390 wale
2566 4331 2891 4399 βασιλεὺς.

2280 4428 2391 4500 (24)
2422 4425 2614 4496 Φιλικὴ
2645 4423 2743 4495 μὲν
2774 4424 2808 4494 ἡ
2843 4419 3111 4493 παρουσία
3142 4416 3450 4489 committin
3479 4417 3536 4470 δὲ
3570 4418 3603 4490 ἡ
3640 4435 3790 4489 παρ-

2202 4520 2428 4582 αἱνεσις.
2485 4514 2738 4584 Ἐλιφάζ·
2794 4513 2938 4578 Θεός
2982 4528 3059 4580 με
3111 4508 3472 4577 διέσπειρεν.
3518 4508 3599 4577 ἢ,
3640 4507 3797 4561 Θεοῦ

2201 4628 2320 4681 μου
2345 4606 2707 4678 φαυλισμός.
2749 4603 2987 4675 Θαιμὰν,
3009 4603 3283 4669 ἔκλειψις
3327 4596 3543 4654 αὐτῶν.
3565 4596 3791 4669 Σωφὰρ,

2208 4700 2460 4766 σκοπὸς,
2512 4697 2546 4769 ἦ
2598 4695 2962 4766 φαυλισμός.
3004 4692 3236 4757 natm,
3274 4692 3645 4755 παλαίωσις,
3702 4690 3801 4743 καὶ

2134 4829 2179 4885 D
2209 4791 2508 4857 ἐπίδοξος.
2545 4784 3190 4859 Σαυχαίων,ἀδολεσχία
3216 4779 3435 4884 αὐτῶν.

2204 4883 2492 4957 (25)-.Στίχ.
2519 4880 2606 4957 ια’.
2645 4879 3042 4957 ’ᾼκούσανςτες
3064 4873 3387 4957 δὲῌοὶερεῖς
3415 4871 3580 4957 flia

2276 4944 2348 5007 id
2414 4944 2570 5007 θὶἱυιὰ
2625 4947 2844 5011 πάντα,
2887 4947 2961 5001 τὰ
2998 4945 3333 4999 ἐπελθόντα
3380 4944 3561 5011 αὐτῷ,
3618 4954 3802 5011 παρε-

2277 5022 2525 5094 γένοντο
2588 5008 2846 5085 ἕκαστος·
2894 5018 2965 5070 ἐκ
3016 5015 3129 5085 τῆς
3194 5013 3349 5080 ιδίας
3404 5010 3600 5081 χώρας
3645 5008 3801 5077 πρὸς

2277 5094 2484 5148 αὐτόν.

2290 5184 2415 5237 Ἐάν
2446 5200 2529 5246 τις
2561 5180 2720 5253 ζητῇ,
2744 5178 2833 5233 διὰ
2870 5178 2923 5231 τί
2958 5176 3099 5249 μετὰ
3134 5175 3389 5230 τοσοῦτον
3420 5172 3611 5245 χρόνον
3638 5172 3690 5223 οἱ
3716 5171 3802 5241 φί·

2204 5276 2287 5330 λοι
2324 5274 2798 5346 παραγεγόνασιν,
2847 5269 3100 5323 ἐννοείτω
3146 5267 3365 5339 πρῶτον
3398 5265 3518 5337 μὲν,
3558 5264 3642 5316 ὅτι
3680 5262 3801 5315 δια-

2207 5367 2411 5439 φόρους
2451 5364 2630 5435 ῷκουν
2678 5362 2894 5433 χώρας,
2960 5360 3054 5413 καὶ
3119 5359 3258 5430 μετὰ
3305 5357 3555 5411 πλεῖστον
3605 5353 3802 5425 χρόνον

2210 5458 2396 5513 πολλοὶ
2427 5458 2525 5529 μὲν
2548 5457 2785 5527 ἤκουσαν
2810 5455 2973 5519 ἴσως,
3034 5452 3096 5507 τὸ
3123 5453 3181 5506 δὲ
3205 5449 3505 5523 παράδοξον
3526 5446 3627 5516 τῆς
3656 5461 3802 5514 συμ-

529 5572 595 5612 ac
617 5556 779 5612 fidem
815 5570 937 5613 esse
964 5559 1269 5627 videbatur,
1304 5560 1351 5618 si
1371 5561 1537 5620 etiam
1565 5560 1621 5616 in
1643 5532 1989 5629 sterquilinio
2009 5552 2084 5610 Jol

2214 5551 2387 5623 φορᾶς
2418 5548 2514 5603 καὶ
2543 5548 2771 5603 ἄπιστον
2811 5546 3010 5611 ἐδόκει,
3045 5547 3094 5599 εί
3118 5543 3211 5598 καὶ⁵
3233 5542 3327 5595 ἐπὶ
3350 5537 3582 5611 κοπρίας
3608 5539 3636 5591 ὀ
3682 5532 3805 5589 Ἰὼϐ

606 5738 722 5812 (2t)
755 5736 1263 5812 Ehrasegaucnﬁi.

607 5809 723 5878 (22)
754 5807 915 5863 Forte
947 5808 1080 5865 τῶν.

610 5880 724 5951 (25)
755 5880 1093 5952 Περιεπάρη.

2296 5726 2387 5795 (24
2442 5727 2517 5781 lux
2543 5727 2665 5782 cod.
2691 5725 2812 5781 558.

2297 5728 2412 5870 Q5;
2444 5798 2521 5856 Ex
2547 5799 2667 5857 cod.
2701 5797 2867 5863 Nan,
2898 5792 2990 5851 ubi
3045 5788 3339 5849 ascribitur
3377 5785 3553 5858 Ὠριγ.
3604 5784 3620 5805 ’

2289 5781 2412 5922 ἐξ)
2444 5798 2521 5856 Ex
2547 5781 2667 5857 ωδ.
2698 5797 2867 5879 μω,
2898 5792 2990 5851 ubi
3045 5788 3339 5849 ascribitur
3377 5785 3553 5858 Ὠριγ.
3604 5781 3805 5853 ὀλυμο

2225 5885 2288 5924 πι
2352 5906 2368 5923 ο
