4004 6512
272 378 337 434 65
1504 381 2039 441 ENARRATIONES
2072 381 2141 439 IN
2173 382 2316 441 108.
3443 395 3516 443 eo

267 494 358 548 καὶ
400 495 831 568 ἀνεπικούρητος
886 498 1140 569 κάθηται.
1193 501 1304 555 Καὶ
1367 505 1692 574 περιέμενον
1751 502 1835 558 διὰ

1943 503 2180 567 sederet,
2232 513 2289 558 et
2318 503 2690 560 inauxiliatus.
2739 500 2924 574 Itaque
2961 512 3418 574 exspectaverunt
3456 519 3516 564 ut

266 582 523 636 πλειόνων
555 585 929 639 πιστώσασθαι
963 587 1060 658 τὴν
1106 587 1295 660 ἀκοὴν,
1345 591 1379 663 ἢ
1436 592 1532 644 καὶ
1563 592 1842 662 ἐκπέμψαι

263 673 356 727 καὶ
378 673 530 737 ἰδεῖν,
552 676 602 728 εί
629 675 724 728 καὶ
748 675 920 748 ἀληθῆ
943 676 1012 730 τὰ
1043 677 1331 750 λεγόμενα.
1385 682 1473 734 Ἐν
1513 681 1724 745 τούτοις
1749 678 1844 737 οὖν

261 765 290 816 δ
325 763 520 834 χρόνος
551 764 813 835 ἐτρίϐετο.
860 768 1004 839 Πρὸς
1046 770 1110 841 δὴ
1155 770 1382 835 τούτοις,
1433 773 1521 825 ὅτε
1552 772 1614 826 τὸ
1644 773 1844 844 ἀληθὲς

258 855 530 924 ἔγνωσαν,
573 856 820 926 βασιλεῖς
864 859 1015 924 ὄντες
1075 862 1170 916 καὶ
1223 862 1481 934 ἐκδημεῖν
1536 865 1840 936 μέλλοντες,

259 941 508 1012 ἀνάγκην
549 938 694 1014 εἶχον
733 947 996 1018 πρότερον
1041 945 1099 1002 εὖ
1147 950 1411 1006 διαθεῖναι
1447 953 1515 1007 τὰ
1556 955 1698 1008 κατά
1749 955 1842 1008 τὸν

254 1028 441 1096 οἷκον,
490 1034 587 1087 καὶ
644 1035 936 1105 ἐπιστῆσαι
987 1041 1101 1103 τοῖς
1165 1040 1490 1112 ἀρχομένοις
1551 1045 1676 1108 τοὺς
1723 1045 1841 1100 ἀνθ’

254 1123 491 1178 ἑαυτῶν.
536 1125 723 1180 Ταῦτα
767 1127 946 1183 πάντα
988 1131 1187 1195 αὐτοὺς
1225 1135 1545 1206 ἀπησχόλει,
1584 1137 1679 1191 καὶ
1721 1139 1842 1192 ἐνε-

254 1213 539 1284 δράδυνον.
565 1216 673 1269 Καὶ
701 1218 749 1270 εί
778 1219 852 1290 μὴ
887 1220 1092 1291 σφόδρα
1115 1239 1179 1290 γε
1207 1225 1484 1297 ἀγαπητοί
1515 1244 1662 1292 τινες
1697 1225 1839 1300 ἦσαν

253 1302 352 1356 καὶ.
381 1303 599 1368 δίκαιοι,
632 1307 732 1361 οὐκ
758 1306 844 1372 ἂν,
877 1309 973 1373 τάς
1003 1312 1210 1377 οίκείας
1248 1315 1628 1381 καταλιπόντες
1659 1318 1841 1390 χώρας

237 1393 352 1446 ’καὶ
379 1393 678 1463 βασιλείας,
713 1398 1038 1466 ἀφικνοῦντο
1069 1401 1206 1474 πρὸς
1237 1405 1336 1477 τὴν
1366 1407 1670 1479 ἐπίσκεψιν,
1707 1411 1842 1468 ἀλλά

249 1483 318 1537 διῖ
360 1485 569 1557 ἑτέρων
607 1488 708 1559 τὴν
753 1490 942 1560 χρείαν
977 1493 1271 1565 ἐπλήρουν.
1322 1498 1478 1552 Ἔστι
1515 1499 1571 1554 δὲ
1609 1503 1834 1567 ἐννοεῖν,

247 1574 326 1668 iis;
353 1578 451 1629 καὶ
475 1579 754 1649 οἰκονομία
775 1598 860 1644 τις
890 1577 959 1653 ἦν
985 1583 1103 1637 θεία
1135 1586 1234 1657 τῆς
1257 1588 1547 1664 ἀφίξεωςή
1575 1593 1835 1668 ἀναϐολή.

259 1667 486 1740 Ἐπειδὴ
510 1670 619 1741 γάρ
638 1672 775 1741 ὁμοῦ
806 1675 872 1744 τῇ
901 1673 1008 1730 τῶν
1041 1677 1212 1746 φίλων
1241 1679 1472 1748 διαλέξει
1510 1684 1604 1737 καλ⁵
1632 1686 1694 1739 τὺ
1728 1667 1840 1742 πᾶν

243 1755 345 1809 τοῦ
377 1757 591 1824 ἀγῶνος
618 1759 803 1830 ἐλύθη,
828 1762 921 1815 τοῦ
954 1764 1088 1818 Θεοῦ
1117 1771 1576 1840 χρηματίσαντος,
1607 1777 1702 1829 καὶ
1742 1777 1837 1833 τὸν

243 1846 462 1902 δίκαιον
500 1849 945 1924 ἀνακτησαμένου
1001 1858 1099 1911 καὶ
1136 1861 1596 1931 στεφανώσαντας,
1641 1869 1840 1924 οἰκονο-

246 1939 352 2008 μία
392 1957 480 2004 τις
535 1941 729 2010 γέγονε
780 1945 919 2010 Θεία,
964 1948 1296 2021 ἐμϐραδῦναι
1330 1956 1456 2018 τοὺς
1501 1956 1706 2024 φίλους,
1751 1960 1840 2015 ἵνα

245 2031 546 2104 παραταθῇ
584 2032 651 2086 τά
703 2033 795 2086 τοῦ
838 2039 1175 2108 νοσήματος,
1227 2045 1322 2098 καὶ
1359 2044 1622 2116 μειζόνως
1667 2050 1837 2122 ἀθλή-

247 2138 351 2214 σας
409 2125 439 2177 δ
487 2125 715 2190 δίκαιος,
791 2127 1122 2204 δικαιότερον
1199 2135 1479 2210 ἀναρρηθῇ
1537 2141 1688 2214 παρά
1743 2143 1840 2197 τοῦ

246 2212 411 2268 Θεοῦ.

246 2304 363 2375 (26)
388 2306 537 2391 Στίχ.
570 2314 656 2363 ια’.
679 2312 794 2391 ~Kal
821 2314 1214 2391 παρετένςοντο
1245 2318 1598 2391 πρὸς-αὐτὸν
1625 2323 1838 2391 ὁμοθυ-

537 2419 552 2442 ,
601 2379 708 2434 τοῦ
766 2376 1180 2450 παρὰκὰλέσαι
1235 2376 1332 2441 arcti
1368 2376 1838 2461 ’ἐπισκέψασθαι

331 2538 398 2590 ’0
442 2540 738 2613 Σύμμαχος
772 2543 945 2610 οὕτως
986 2546 1216 2612 ἐξέδωκε
1237 2566 1253 2582 ⁸
1289 2553 1702 2618 Συνετάξαντο
1727 2554 1838 2626 γὰρ

249 2633 410 2703 ἐμοῦ
441 2635 725 2704 ἐλθόντες
765 2642 1160 2711 συμπαθῆσαι
1203 2645 1384 2711 αὐτῷ,
1425 2647 1522 2701 καὶ
1569 2664 1838 2719 παραμυ-

250 2723 564 2791 θήσασθαι
593 2729 800 2784 αὐτόν.
834 2731 976 2803 Ὅρα
1008 2733 1101 2786 καί
1126 2732 1397 2798 ἐντεῦθεν,
1428 2735 1505 2799 ὡς
1532 2738 1627 2790 καὶ
1652 2737 1839 2809 ἕτερος

248 2817 503 2888 παρῆλθε
531 2820 741 2890 χρόνος,
783 2821 886 2886 ἕως
918 2823 1028 2886 ὅτε,
1061 2823 1196 2894 πρὸς
1237 2824 1496 2896 ἀλλήλους
1530 2827 1839 2899 διαπεμψά-

254 2927 435 2980 μενοι,
463 2911 565 2982 τὴν
597 2913 690 2966 ἐπὶ
723 2913 783 2966 τὸ
810 2913 940 2968 αύτὸ
989 2914 1202 2970 σύνοδόν
1233 2934 1294 2970 τε
1322 2917 1417 2972 καὶ⁸
1443 2918 1623 2989 ἄφιξιν
1655 2923 1840 2996 ἐποιή-

252 3017 424 3054 σαντο
431 3045 445 3056 .

249 3091 367 3163 (27)
416 3094 570 3166 Στίχ.
617 3095 704 3150 ιϐ’.
745 3097 854 3151 Kal
919 3098 1402 3178 καταπασιξμενοι
1437 3102 1555 3172 γῆν
1600 3104 1697 3158 ἐπὶ
1731 3106 1839 3173 τὰς

779 3173 1045 3236 κεφαλὰς
1087 3173 1304 3224 αὐτῶν.

1945 592 2186 662 pluribus
2213 593 2630 648 conﬁrmaretur
2686 595 2858 660 fama;
2891 594 2975 650 vel
3022 597 3188 649 etiam
3220 605 3276 649 ut
3321 599 3513 651 mitte-

1943 695 2066 739 rent
2097 699 2161 738 ac
2195 683 2459 749 viderent,
2483 686 2526 740 si
2559 687 2778 755 quidem
2805 702 2933 744 vera
2972 686 3140 740 relata
3183 697 3390 742 essent.
3426 687 3512 740 In-

1943 782 2090 828 terea
2123 774 2286 844 igitur
2310 784 2525 844 tempus
2556 776 2853 830 terehatnr.
2887 777 2968 830 Ad
3002 777 3146 837 haec,
3180 777 3268 830 ubi
3320 791 3509 831 verum

1942 878 2061 919 esse
2084 863 2455 929 resciverunt;
2486 880 2609 919 cum
2638 883 2794 937 reges
2821 876 3021 932 essent,
3053 883 3114 922 ac
3145 883 3368 938 peregre
3387 884 3485 936 pro

1942 951 2159 1017 lecturi,
2185 969 2406 1010 necesse
2440 955 2747 1010 habuerunt
2781 957 2929 1025 prius
2972 973 3058 1014 res
3088 973 3216 1012 snas
3251 960 3510 1013 domesti-

1941 1057 2034 1096 cas
2072 1054 2218 1098 recte
2245 1045 2554 1115 disponere,
2582 1062 2646 1101 ac
2693 1047 2970 1118 pra-licere
3013 1049 3244 1104 subditis
3277 1050 3510 1104 vicarius

1939 1145 2088 1187 suos.
2144 1132 2272 1190 Haec
2318 1137 2501 1190 omnia
2535 1137 2680 1206 ipsos
2712 1147 3004 1208 occupatos
3032 1141 3304 1205 tenebant,
3337 1152 3392 1196 et
3421 1156 3509 1195 re-

1942 1222 2310 1280 morabuntur.
2347 1228 2426 1282 Ac
2459 1229 2562 1282 nisi
2596 1227 2946 1284 vehementer
2973 1229 3154 1284 dilecti
3194 1230 3422 1286 fuissent
3453 1245 3510 1287 et

1936 1312 2094 1384 justi,
2129 1330 2236 1369 non
2268 1317 2455 1386 utique
2479 1319 2670 1374 domos
2693 1335 2818 1374 suas
2852 1321 3238 1391 relinquentes,
3266 1323 3512 1394 regiones

1940 1421 2004 1462 ac
2064 1421 2250 1478 regna,
2284 1409 2567 1464 venissent
2597 1412 2664 1464 ad
2695 1411 3030 1466 inviscndntn
3078 1415 3248 1480 illum,
3277 1416 3369 1471 sed
3416 1431 3512 1485 per

1940 1497 2075 1552 alios
2109 1499 2209 1553 hoc
2239 1498 2471 1554 cilicium
2515 1501 2907 1569 implevissent.
2939 1503 3295 1573 Cogitandnm
3329 1493 3507 1559 autem

1939 1600 2045 1657 est,
2077 1591 2355 1660 cujusdam
2389 1593 2554 1646 etiam
2611 1594 2810 1649 divinae
2859 1594 3281 1664 dispensationis
3317 1596 3507 1664 fuisse,

1939 1695 2000 1738 ut
2033 1685 2296 1739 adventus
2320 1699 2508 1738 eorum
2537 1685 2861 1740 differretur.
2899 1685 3034 1754 Quia
3062 1689 3204 1742 enim
3238 1705 3340 1742 una
3369 1705 3491 1744 Clllll

1942 1773 2242 1828 amicorum
2278 1773 2644 1844 disputatione
2679 1777 2843 1830 etiam
2895 1789 3168 1832 certamen
3198 1780 3507 1834 universum

1869 1853 1911 1909 Β
1940 1863 2266 1933 diremptutn
2293 1873 2397 1927 est,
2425 1866 2785 1932 respondente
2835 1866 2942 1921 Deo
2962 1906 2977 1931 ,
3023 1878 3074 1921 et
3107 1867 3310 1938 justum
3366 1869 3508 1924 hunc

1943 1955 2156 2008 l'ovente
2187 1963 2242 2009 et
2271 1966 2604 2022 coronante;
2635 1957 2814 2011 divina
2860 1959 3130 2028 quazpiam
3172 1961 3507 2026 providentia

1940 2043 2061 2110 fuit,
2102 2053 2162 2099 ut
2195 2060 2375 2100 moras
2421 2049 2706 2102 traherent
2753 2049 2936 2112 amici,
2979 2064 3089 2118 qno
3139 2049 3514 2105 intenderetur

1939 2137 2184 2202 morbus,
2216 2149 2270 2191 et
2297 2136 2482 2205 justus
2536 2139 2622 2192 vir
2677 2139 2943 2194 illustrius
2988 2155 3258 2211 pugnans,
3309 2144 3510 2212 potiori

1933 2225 2057 2296 jure
2083 2241 2112 2280 a
2150 2227 2259 2282 Deo
2297 2228 2472 2283 victor
2498 2229 2950 2299 proclantaretur.

1940 2319 2005 2376 Υ.
2043 2322 2128 2378 11.
2175 2322 2244 2376 lit
2283 2333 2528 2394 venerunt
2558 2324 2626 2376 ad
2662 2322 2814 2376 illum
2845 2327 3192 2394 concorditer,
3224 2338 3280 2381 ut
3317 2343 3508 2383 conso-

2305 2393 2541 2446 larentur
2561 2403 2608 2447 et
2636 2394 2914 2447 inviserent
2944 2395 3120 2451 illum.

2010 2541 2368 2612 Symmachus
2417 2543 2489 2596 ita
2512 2545 2720 2600 edidit:
2769 2544 3126 2603 Gaudia-erant
3155 2551 3315 2614 enim,
3346 2563 3400 2605 ut
3429 2553 3506 2607 si-

1937 2636 2050 2689 mul
2089 2639 2351 2690 venientes
2380 2647 2804 2706 cempatsrentur
2823 2641 2890 2701 ei,
2936 2651 2986 2695 et
3015 2644 3417 2697 consolarentur
3442 2645 3512 2697 il-

1939 2727 2071 2783 lum.
2102 2727 2233 2783 Vide
2265 2740 2320 2785 et
2348 2731 2502 2795 hinc,
2533 2730 2627 2799 qui
2655 2731 2800 2787 aliud
2833 2735 2995 2789 etiam
3023 2736 3346 2803 praeterierit
3371 2747 3508 2791 tent-

1939 2833 2070 2887 pus;
2102 2821 2275 2875 donec
2303 2822 2369 2876 ad
2403 2839 2462 2877 se
2493 2823 2726 2878 invicem
2762 2825 3062 2894 mittentes,
3083 2842 3406 2884 concursum
3436 2830 3516 2884 si-

1940 2912 2049 2968 mul
2074 2921 2129 2968 et
2155 2913 2446 2969 adventum
2483 2915 2752 2974 fecerunt.

2014 3091 2076 3148 V.
2119 3093 2203 3148 12.
2238 3091 2306 3146 Et
2337 3105 2639 3166 spargentes
2663 3107 2858 3150 terram
2888 3112 3046 3164 super
3069 3097 3244 3166 cupita
3273 3115 3372 3152 sna
3397 3135 3413 3151 .

245 3253 402 3326 Στίχ.
457 3262 548 3325 ιγ’.
600 3258 1014 3331 Παρεκιίᾷισᾳν
1063 3259 1222 3324 αὐτῷ
1260 3261 1408 3316 ἑπτὰ
1448 3261 1692 3331 ἡμέρας,
1734 3264 1835 3318 καὶ

1941 3243 2005 3300 ν.
2041 3248 2129 3304 l5.
2165 3247 2422 3303 διάει-νηί
2453 3265 2590 3315 apud
2635 3249 2802 3314 ipsum
2847 3261 3040 3318 septem
3078 3252 3210 3316 dies,
3238 3262 3286 3306 et
3315 3263 3512 3321 septem

831 3328 981 3382 ἑπτὰ
1029 3331 1274 3397 νύκτας.

317 3416 444 3468 Οὐκ
488 3411 609 3470 εἷπε
664 3417 721 3471 δὲ
776 3420 809 3490 ή
857 3420 1070 3492 Γραφὴ,
1127 3421 1210 3474 δτι
1258 3420 1642 3494 παρεκάθηντο
1696 3423 1837 3479 ἐπτά

244 3505 468 3576 ἡμέρας
502 3508 740 3579 πρωῖθεν
776 3507 877 3574 ἕως
909 3511 1164 3584 ἑσπέρας,
1194 3511 1313 3565 οὐδὲ
1346 3512 1484 3566 έπτὰ
1512 3513 1710 3578 νύκτας
1741 3515 1835 3585 ἀφ’

244 3595 497 3667 ἑσπέρας
531 3598 691 3670 μέχρι
721 3600 888 3672 πρωϊ.
932 3601 1100 3671 Δῆλον
1135 3598 1248 3667 οὖν,
1288 3603 1392 3667 ὅτι,
1430 3605 1491 3657 τὸ
1520 3604 1700 3658 πλεῖον
1734 3607 1836 3678 τῆς

244 3688 468 3759 ἡμέρας
500 3689 1025 3763 παρακαθεζόμενοι,
1057 3692 1373 3767 ὑπεχώρουν
1407 3694 1506 3759 τάς
1529 3696 1835 3764 ἀναγκαίας

244 3775 703 3847 ὲκπληρώσοντες
741 3780 930 3852 χρείας
952 3798 965 3810 ·
1003 3782 1095 3835 καὶ
1125 3782 1286 3836 πάλιν
1316 3785 1703 3854 ἐπανήκοντες,
1739 3785 1834 3856 μέ-

244 3883 334 3937 χρι
393 3865 592 3923 πολλοῦ
633 3871 733 3942 τῆς
790 3871 982 3935 νυκτὸς
1033 3873 1486 3944 παρεκαθέζοντο,
1533 3877 1627 3930 καὶ
1679 3873 1834 3942 αὖθις

243 3959 525 4025 ἀπιόντες,
573 3963 734 4016 πάλιν
770 3962 1037 4036 ὧρθριζον
1087 3965 1223 4036 πρὸς
1275 3967 1457 4021 αὐτόν.
1509 3969 1575 4022 Ὀ
1617 3968 1681 4040 δὴ
1724 3970 1832 4022 τῶν

245 4053 641 4122 mammith
677 4054 769 4108 καὶ
803 4054 1266 4125 συμπαθεστάτων
1297 4057 1465 4126 φίλων
1495 4058 1642 4113 ἴδιον.
1673 4060 1751 4131 Τῇ
1776 4060 1832 4114 δὲ

245 4145 404 4214 κοινῇ
437 4143 694 4216 συνηθείᾳ
722 4147 976 4219 χρωμένη
1009 4149 1042 4218 ή
1079 4147 1290 4219 Γραφὴ,
1337 4146 1511 4212 οὕτως
1549 4149 1832 4215 ἀπολύτως

245 4229 397 4287 εἶπε·
433 4235 860 4304 Παρεκάθισαν
899 4237 1058 4304 αὐτῷ
1091 4238 1242 4292 ἑπτὰ
1287 4239 1511 4309 ἡμέρας
1554 4241 1650 4294 καὶ
1682 4242 1834 4296 ἑπτὰ

242 4327 497 4392 νύκτας.
535 4328 688 4381 Ἐπεὶ
715 4329 809 4382 καὶ⁸
833 4331 920 4384 ὅτε
941 4330 1089 4398 λέγει
1112 4331 1204 4384 τὸν
1243 4331 1435 4384 Ἰακὼϐ
1459 4332 1831 4404 δεκατέσσαρα

243 4416 340 4490 ἔτη
413 4417 732 4483 δουλεῦσαι,
783 4421 878 4474 καὶ
931 4423 1282 4491 συγκαίεσθαι
1338 4423 1418 4494 τῷ
1467 4423 1686 4478 καύσονι
1732 4427 1832 4497 τῆς

238 4508 462 4579 ἡμέρας
486 4508 580 4562 καὶ
615 4507 694 4579 τῷ
720 4509 940 4579 παγετῷ
988 4511 1086 4582 τῆς
1130 4512 1345 4575 νυκτὸς,
1396 4507 1505 4582 ἆρα
1554 4511 1660 4565 ὑπὸ
1711 4512 1830 4566 στέ-
1861 4537 1905 4593 D

239 4615 343 4671 γην
401 4600 504 4655 οὐκ
555 4600 725 4672 εἰσῄει
783 4601 946 4668 ποτέ;
998 4598 1108 4674 ἆρα
1160 4603 1418 4674 οὐδεμιᾶς
1470 4602 1827 4668 ἀναπαύσεως

241 4691 436 4764 ἔτυχεν
461 4691 571 4763 ὅλῳ
597 4692 676 4764 τῷ
703 4693 914 4764 χρόνῳ;
946 4693 1130 4749 Ταῦτα
1169 4696 1268 4765 μὲν
1318 4691 1410 4748 οὖν
1456 4695 1548 4748 καὶ
1579 4693 1829 4750 λεπτολο-

240 4785 359 4848 γεῖν
396 4781 662 4854 φλύαρον.
716 4783 802 4846 Ὠς
835 4784 943 4855 γάρ
965 4783 1122 4856 ἔφην,
1164 4786 1198 4855 ή
1231 4785 1270 4837 Γ
1276 4784 1421 4857 ραφὴ
1463 4789 1615 4857 κοινῇ
1663 4804 1828 4858 συνη-

242 4871 362 4945 θείᾳ
400 4874 629 4944 χρῆται.
699 4874 914 4945 Ἐπειδὴ
961 4874 1018 4928 δέ
1065 4894 1243 4943 τινες,
1287 4875 1674 4948 κωμῳδοῦντες
1725 4878 1827 4950 τὴν

240 4963 492 5035 Γραφὴν,
521 4965 619 5018 καὶ
638 4964 886 5018 ἐντεῦθεν
913 4965 1082 5037 αὐτὴν
1113 4965 1187 5029 ὡς
1221 4965 1394 5036 ψευδῆ
1441 4965 1790 5038 διασύρουσιν
1810 4982 1824 4996 ⁶

251 5054 504 5126 Ὠςβγ)
539 5055 649 5126 γὰρ
679 5056 768 5120 ἂν,
805 5056 987 5125 φασὶν,
1012 5057 1185 5110 ἄσιτοι
1209 5055 1477 5109 διετέλουν
1504 5056 1596 5109 καὶ
1636 5057 1829 5111 ἄϋπνοι

241 5148 333 5200 ἐπὶ
353 5148 647 5211 τοσαύταις
687 5148 954 5220 ήμέραις;
989 5147 1412 5218 ἠναγκάσθημεν
1438 5145 1616 5203 αὐτῶν
1667 5165 1828 5202 συνα-

243 5239 521 5311 παχθῆναι
551 5241 618 5310 τῇ
647 5239 860 5310 ἀκαίρῳ
895 5239 1245 5311 στενοχωρίᾳ.

908 5422 1066 5475 ΚΕΦ.
1102 5421 1152 5473 Γ·
1166 5462 1180 5477 .

322 5513 430 5587 ἧὲὃ)
459 5515 601 5568 Ἀλλ’
631 5517 690 5568 ὲν
709 5516 917 5579 τούτοις
934 5514 1031 5586 μὲν
1054 5514 1113 5566 τὸ
1144 5513 1391 5586 δεύτερον
1411 5513 1634 5585 ἧνυσται
1658 5511 1828 5582 κεφά-

243 5619 415 5661 Amor
441 5610 532 5662 τοῦ
561 5607 747 5683 τρίτου
779 5607 835 5660 δὲ
883 5605 1225 5678 προθεωρίαν
1257 5603 1593 5675 ποιούμενοι,
1625 5603 1825 5674 φαμὲν,

314 5748 430 5814 (Ξῦ)
457 5748 591 5800 tlnd.
623 5745 812 5798 eodeni
852 5743 933 5796 tit.
968 5743 1228 5814 ascrlpto.

315 5817 428 5875 (Ξῖ)
455 5817 590 5872 Ibid.
627 5816 817 5871 eodem
850 5815 1027 5868 titulo.

2623 3331 2818 3372 "Of-(£8.

2005 3409 2122 3467 Non
2153 3411 2289 3466 dixit
2317 3425 2444 3466 vero
2470 3409 2780 3478 Scriptura,
2800 3411 2942 3482 quod
2966 3413 3270 3468 assederint
3297 3424 3510 3484 septem

1937 3504 2078 3570 dies,
2107 3519 2136 3556 a
2165 3518 2325 3557 mane
2358 3518 2530 3572 usque
2561 3503 2624 3556 ad
2650 3518 2952 3573 vesperam,
2974 3520 3148 3574 neque
3169 3516 3375 3576 septem
3405 3521 3507 3561 no-

1936 3603 2073 3659 ctes,
2097 3609 2126 3648 a
2159 3610 2382 3664 vespera
2425 3593 2491 3647 ad
2552 3609 2730 3648 mane.
2773 3593 2968 3664 Liquet
2997 3610 3148 3666 ergo,
3199 3598 3343 3666 quod
3381 3612 3512 3653 cum

1937 3687 2226 3741 maximam
2258 3685 2362 3738 diei
2391 3691 2597 3753 partem
2644 3685 3014 3752 assedisseut,
3043 3688 3371 3740 recedebant
3409 3702 3512 3740 ne-

1934 3779 2186 3834 cessariis
2215 3779 2400 3832 usibus
2435 3778 2719 3844 explendis
2752 3792 2768 3830 :
2802 3791 2866 3832 ac
2900 3777 3101 3831 iterum
3150 3787 3508 3841 revertentes,

1935 3886 2106 3940 usque
2169 3871 2234 3925 ad
2281 3871 2504 3926 multam
2562 3881 2773 3927 noctem
2825 3871 3163 3936 assidebam,
3207 3880 3264 3924 et
3308 3868 3506 3922 iterum

1933 3958 2215 4026 abeuntes,
2267 3978 2456 4016 rursus
2503 3978 2660 4017 tnane
2707 3963 2998 4016 veniebant
3033 3960 3099 4013 ad
3148 3976 3296 4014 enm.
3352 3959 3509 4025 Quod

1933 4067 2065 4106 Stttte
2086 4051 2487 4106 vcrissimornm
2513 4052 3190 4120 aﬂ'ectunsissimorumqne
3209 4049 3506 4104 amicorum

1932 4141 2207 4210 proprium
2237 4141 2638 4197 est.Cotnmnni
2672 4152 2852 4196 autem
2919 4141 3310 4194 consuetudine
3350 4148 3509 4192 utens

1934 4231 2238 4302 Scriptura,
2286 4232 2354 4286 ita
2393 4233 2642 4289 absolute
2693 4235 2871 4287 locuta
2917 4241 3037 4286 est:
3069 4229 3328 4286 Sedernnt
3369 4229 3511 4298 apud

1933 4324 2101 4393 ipsum
2132 4333 2328 4392 septem
2353 4325 2484 4391 dies,
2501 4334 2548 4378 et
2572 4335 2764 4394 septem
2799 4334 2995 4376 noctes.
3034 4322 3301 4389 Quoniam
3343 4321 3506 4374 etiam

1931 4412 2147 4482 quando
2179 4412 2336 4477 dicit,
2371 4411 2635 4468 Iacobum
2667 4413 3080 4484 quatuordecint
3110 4427 3282 4465 annos
3307 4411 3510 4465 servis-

1933 4519 2012 4569 se,
2048 4514 2103 4558 et
2154 4515 2404 4559 exustum
2436 4503 2631 4572 {fuisse
2690 4513 2824 4560 aestu
2870 4503 3001 4566 diei,
3050 4514 3104 4556 et
3140 4503 3262 4572 gelu
3295 4501 3506 4564 noctis;

1935 4597 2174 4665 nunquid
2207 4605 2405 4651 tectum
2442 4611 2718 4666 nunquam
2757 4595 3014 4650 subibat?
3037 4593 3277 4662 nunquid
3306 4593 3508 4647 nullam

1934 4685 2126 4740 habuit
2151 4687 2398 4757 requiem
2429 4694 2543 4741 toto
2575 4685 2664 4739 illo
2696 4685 2979 4754 tempore?
3014 4684 3090 4738 De
3125 4683 3209 4737 his
3237 4683 3513 4736 subtiliter

1934 4785 2287 4846 pertractare,
2340 4775 2686 4848 nugatorium
2734 4784 2901 4831 esset.
2952 4773 3020 4830 Ut
3081 4774 3226 4827 enim
3278 4771 3509 4834 aiebam.

1935 4867 2214 4939 Scriptura
2249 4867 2528 4924 comnnmi
2564 4867 2956 4921 consuetudine
3012 4865 3201 4918 utitur.
3243 4862 3510 4929 Quoniam

1935 4975 2064 5014 vero
2091 4960 2312 5031 quidam
2364 4962 2720 5032 suggillantes
2766 4947 3130 5028 Scripturatn,
3161 4955 3241 5010 vel
3278 4955 3404 5008 hinc
3432 4953 3512 5021 ip-

1935 5066 2052 5105 sam
2077 5065 2175 5105 cen
2205 5053 2519 5104 mendacem
2557 5052 2848 5105 traducunt
2874 5065 2887 5101 :
2918 5046 3202 5114 Quomodo
3229 5043 3398 5106 enim,
3422 5042 3512 5095 di-

1935 5150 2084 5206 cunt,
2132 5141 2249 5194 sine
2299 5140 2422 5194 cibo
2462 5147 2955 5212 perseveraverunt
2995 5145 3050 5190 et
3089 5136 3365 5190 insomnes
3417 5147 3516 5200 per

1939 5240 2018 5285 tot
2061 5231 2212 5285 dies?
2243 5231 2416 5285 coacti
2472 5246 2660 5287 sumus
2714 5243 2902 5285 eorum
2953 5241 3054 5282 nos
3099 5223 3516 5280 accommodare

1936 5322 2260 5393 importuna:
2285 5321 2598 5378 subtilitati.

2587 5409 2741 5466 CAP.
2777 5407 2866 5464 Ill.

2005 5507 2084 5561 Ac
2111 5503 2163 5558 in
2199 5503 2284 5559 his
2313 5503 2532 5572 quidem
2565 5503 2863 5558 secundum
2893 5507 3056 5571 caput
3085 5497 3508 5554 absolutnmest.

1935 5596 2105 5654 Tertii
2145 5611 2276 5650 vero
2305 5594 2592 5665 quemdam
2627 5594 2790 5650 veluti
2823 5602 3168 5665 prospectum
3216 5591 3505 5654 facientes,

1999 5731 2323 5804 (27‘)_Forte
2354 5730 2457 5800 leg.
2485 5729 2630 5795 Πῶς.

2004 5799 2113 5876 ('38)
2144 5799 2276 5858 lbid.
2307 5799 2430 5859 cod.
2476 5806 2560 5858 tit.
