4004 6536
505 378 575 433 67
1406 370 1970 433 δυρΡιΕΜΕΝτωι
2007 369 2100 424 AD
2135 367 2462 426 ORIGENIS
2504 367 2921 425 EXEGETICA.
3691 364 3762 417 08

504 497 768 564 dicimus,
819 495 963 567 quod
991 495 1133 554 dolet
1160 494 1379 566 quidem
1412 509 1499 549 νιν
1542 494 1743 563 justus,
1770 500 1827 547 et
1864 491 1933 546 de
1977 490 2066 543 ltot

2179 484 2255 549 ὡς
2292 485 2449 555 ἀλγεῖ
2483 486 2584 557 μὲν
2615 487 2646 540 6
2681 485 2908 551 δίκαιος,
2953 484 3050 540 καὶ
3070 484 3173 539 οὐκ
3210 482 3277 539 ἀν
3315 499 3401 546 τις
3428 481 3760 553 ἀρνήσαιτο⁶

506 605 666 646 nemo
693 591 905 646 inficias
927 592 1031 646 iret
1061 608 1076 646 :
1117 604 1226 644 non
1257 588 1403 643 enim
1430 588 1829 643 insensatorutn
1852 593 1936 641 est
1965 587 2080 639 vir-

467 718 479 759 ε
507 691 616 747 tus,
640 683 736 738 sed
765 697 956 759 eorum
998 684 1103 752 qui
1125 681 1180 736 in
1209 680 1560 750 passionibus
1584 680 1652 734 ad
1684 694 1805 739 eam
1839 677 2081 733 studiose

504 757 865 829 contendunt.
903 771 1059 827 Dolet
1087 786 1241 838 vero,
1275 779 1600 840 apparenter
1619 768 1862 837 quidem,
1893 781 1924 821 a
1953 780 2080 820 cor-

506 869 676 938 porali
707 868 861 939 plaga
890 866 1205 923 acutissime
1226 865 1578 931 stimulatus;
1614 872 1671 917 at
1705 858 2080 917 intellectuali-

505 969 612 1024 ter,
642 970 895 1030 tanquam
917 962 1099 1027 justus
1128 969 1181 1014 et
1210 958 1304 1014 Dei
1327 972 1537 1020 amans,
1569 955 1664 1026 qui
1691 955 1913 1010 videbat
1943 966 2080 1007 non—

503 1054 682 1110 nolles
713 1054 1113 1109 scandalizatos
1161 1061 1386 1124 propter
1410 1036 1713 1120 passiones
1752 1061 1904 1110 suas,
1944 1053 2003 1099 ut
2030 1044 2077 1099 si

503 1144 596 1200 Dei
626 1144 811 1215 gloria:
838 1145 892 1198 in
926 1144 1046 1214 ipso
1070 1143 1471 1206 detraheretur,
1486 1140 1636 1210 justo
1663 1138 1781 1197 haec
1805 1135 2079 1192 sustinen-

502 1245 575 1291 te.
610 1236 746 1291 Cum
775 1237 918 1291 enim
949 1235 1123 1290 dicit:
1163 1231 1362 1303 thuid
1409 1230 1632 1302 posuisti
1672 1245 1752 1283 me
1786 1227 2075 1282 obviantem

502 1330 596 1385 tibi
625 1329 708 1383 ⁸⁸2
744 1344 851 1385 non
881 1330 996 1399 ipse
1036 1330 1145 1383 Deo
1180 1325 1441 1387 obviavit.
1463 1323 1637 1380 absit!
1671 1322 1757 1378 cui
1794 1321 1939 1377 enim
1980 1334 2076 1390 po-

502 1431 646 1478 terat
690 1420 949 1476 obviare?
992 1418 1102 1475 Sed
1146 1419 1290 1488 quod
1322 1415 1498 1479 dicit,
1535 1414 1668 1469 illud
1706 1421 1830 1469 est:
1873 1409 2074 1480 thuid

500 1524 724 1583 propter
754 1527 862 1576 me,
910 1510 1156 1578 Domine,
1203 1525 1398 1566 nomen
1434 1517 1585 1563 tuum
1631 1503 2078 1577 blasphematur?

498 1601 775 1655 Turbatur
831 1610 1007 1656 tamen
1058 1600 1415 1656 nihilominus
1463 1608 1520 1656 et
1560 1606 1776 1664 azstuat,
1810 1611 1878 1652 ne
1932 1595 2075 1651 forte

494 1692 720 1746 omnino
750 1707 781 1747 a
831 1693 941 1747 Deo
975 1692 1224 1746 desertus
1255 1690 1470 1746 fuisset.
1500 1687 1645 1744 Nihil
1691 1687 1837 1743 enim
1888 1695 2074 1740 tanto-

2178 577 2243 630 οὐ
2270 576 2379 649 γὰρ
2404 576 2513 632 τῶν
2559 577 2900 650 ἀναισθήτων
2936 579 2970 648 ἡ
2990 575 3200 649 ⁴ἀρετὴ,
3238 574 3376 630 ἀλλὰ
3405 574 3516 628 τῶν
3554 575 3616 629 ὲν
3649 575 3769 638 τοίς

2181 669 2379 723 πάθεσι
2430 668 2882 740 φιλοσοφούντων.
2931 670 3007 723 Οὑ
3048 668 3273 724 δύναται
3322 666 3434 738 (29)
3483 665 3566 732 δὲ,
3621 671 3764 721 κατά

2184 762 2281 832 μὲν
2311 761 2374 815 τὸ
2405 762 2745 833 φαινόμενον,
2772 760 2879 816 ὑπὸ
2909 762 3007 833 τῆς
3037 762 3096 814 ὲν
3130 761 3296 834 σαρκὶ
3329 758 3543 830 πληγῆς
3567 757 3764 830 δριμυ-

2177 854 2354 919 τάτως
2386 853 2768 925 κεντούμενος·
2813 853 3046 909 κατάηδὲ
3086 853 3148 908 τὸ
3185 851 3495 924 νοούμενα,
3542 844 3631 905 οἷα
3676 849 3761 904 δί-

2181 962 2333 1012 καιος
2357 946 2452 1001 καὶ
2487 946 2731 1017 φιλόθεος
2770 946 2911 1019 ἀνὴρ
2949 946 3093 1019 ὁρῶν
3134 962 3288 1010 τινας
3331 943 3760 1016 σκανδαλιζομέ-

2178 1056 2303 1104 νους
2350 1040 2444 1093 ἐπὶ
2478 1041 2592 1104 τοῖς
2636 1038 2815 1093 αὑτῶν
2853 1038 2964 1110 (30)
3013 1038 3350 1110 παθήμασιν,
3395 1036 3472 1101 ὠς
3511 1036 3617 1107 τῆς
3661 1034 3760 1091 τοῦ

2177 1131 2314 1187 Θεοῦ
2364 1131 2523 1204 δόξης
2588 1132 2676 1186 ἐπ’
2722 1132 2872 1203 αὐτῷ
2911 1130 3331 1202 διασυρομένης,
3384 1131 3434 1182 εί
3480 1131 3510 1185 6
3551 1129 3761 1193 δίκαιος

2176 1223 2349 1281 ταῦτα
2374 1224 2652 1296 ὑπομένει.
2682 1224 2795 1278 Kal.
2810 1225 2918 1296 7&9
2942 1225 3033 1278 ὅτε
3058 1222 3235 1291 λέγει·
3271 1224 3396 1278 Ἵνα
3423 1222 3484 1276 τί
3510 1220 3654 1277 Mai)
3674 1237 3757 1291 με

2176 1320 2306 1373 κατ’
2331 1317 2661 1386 ἐντευκτήν
2688 1318 2798 1389 (31)
2831 1332 2983 1380 σου;
3002 1316 3101 1369 οὐκ
3127 1315 3292 1379 αὑτδς
3322 1313 3467 1368 κατὰ
3496 1313 3592 1368 τοῦ
3617 1312 3758 1368 Θεοῦ

2176 1410 2458 1483 ἐτύγχανε,
2493 1412 2566 1486 μὴ
2609 1412 2846 1481 γένοιτοί
2889 1410 2995 1464 τίνι
3032 1409 3139 1483 γὰρ
3184 1403 3330 1480 εἶχεν
3367 1406 3756 1478 ὲντυγχάνεινς

2188 1504 2350 1559 Ἀλλά
2372 1504 2532 1559 τοῦτό
2559 1508 2704 1560 ἐστιν
2722 1505 2751 1557 ὅ
2780 1518 2960 1576 φησιν’
2999 1503 3116 1556 Ἵνα
3136 1500 3188 1554 τί
3215 1500 3285 1554 δι’
3320 1500 3443 1572 ἐμὲ,
3481 1500 3754 1566 Δέσποτα,

2173 1597 2236 1652 τὸ
2275 1598 2445 1670 δνομά
2493 1615 2587 1651 σου
2630 1595 3064 1668 βλασφημεῖται;
3122 1593 3444 1667 Θορυόεῖται
3495 1592 3554 1647 δὲ
3600 1592 3758 1647 οὐδὲν

2172 1687 2335 1763 ἦττον
2411 1690 2506 1745 καὶ
2562 1690 2766 1761 ίλιγγιᾷ
2785 1728 2801 1751 ,
2863 1689 3056 1760 μήπως
3105 1686 3305 1752 πλείως
3372 1685 3759 1756 ὲγκατάλειψιν

496 1797 626 1851 pere
647 1780 927 1837 excruciat
948 1782 1184 1837 animam
1211 1781 1302 1836 Dei
1326 1789 1698 1847 amantent,ut
1725 1778 1989 1848 suspicari
2013 1790 2066 1832 se

2175 1783 2383 1854 ὑπέστη
2417 1782 2567 1856 παρά
2589 1781 2745 1836 Θεοῦ.
2786 1781 2921 1835 Οὐδὲ
2948 1779 3056 1851 γάρ
3084 1777 3227 1832 οὕτω
3250 1780 3572 1850 τιμωρεῖται
3603 1776 3755 1850 ψυχὴ

495 1890 526 1927 a
559 1874 666 1928 Deo
705 1887 827 1928 esse
852 1872 1175 1929 desertam:
1207 1873 1337 1942 quin
1392 1872 1654 1927 inlluities
1700 1870 1841 1931 mori
1867 1868 2066 1933 mallet,

2176 1853 2439 1945 φιλόθεος,
2464 1853 2540 1938 ὡς
2559 1872 2621 1927 τὸ
2646 1871 2756 1942 (52)
2785 1868 3112 1925 ὑποπτεύειν
3155 1867 3575 1939 καταλελεῖφθαι
3600 1867 3757 1941 παρὰ

412 1984 415 1987 ·
494 1981 656 2034 quam
689 1981 812 2020 cum
839 1963 1140 2034 angoribus
1164 1973 1218 2018 et
1246 1963 1556 2034 suspicione
1584 1961 1901 2030 huiusmodi
1927 1960 2074 2015 inter

492 2057 643 2111 vivos
694 2056 987 2111 recenseri.
1033 2055 1217 2126 Itaque
1241 2067 1460 2127 propter
1488 2056 1862 2125 jumentorum
1902 2057 2073 2111 amis-

491 2147 725 2209 sionem,
746 2154 803 2201 et
831 2146 1061 2201 ﬁliorum
1089 2146 1394 2201 confertam
1421 2156 1681 2214 mortem,
1715 2147 1905 2216 quales
1931 2147 2071 2202 emi-

492 2241 629 2296 serit
665 2240 853 2312 plenas
888 2240 1191 2311 gratiarum
1231 2239 1465 2295 actionis
1512 2256 1677 2297 voces
1720 2241 2068 2296 audivimus:

489 2333 765 2401 quomodo
798 2332 963 2387 etiam
1021 2349 1247 2389 uxorem
1276 2332 1565 2395 erudierit,
1609 2347 1732 2403 qua:
1785 2332 2069 2403 indignant

491 2425 675 2479 nescio
724 2426 869 2494 quod
895 2425 961 2479 de
1009 2426 1238 2481 Domino
1272 2433 1621 2494 reputaverat
1657 2443 1673 2480 :
1708 2424 1890 2495 qualia
1937 2424 2070 2481 item

374 2574 378 2578 _
489 2520 615 2578 post
645 2514 1001 2568 tentationetn
1026 2524 1081 2569 et
1106 2513 1540 2570 exinanitionem
1561 2513 1926 2585 acerbamque
1951 2529 2071 2584 pas-

467 2592 698 2661 ‘sionetn
740 2608 1200 2675 pronuntiaverit,
1237 2617 1292 2663 et
1339 2622 1449 2678 quo
1489 2616 1647 2677 pacto
1696 2607 1850 2663 illum
1886 2607 2070 2664 nullus

459 2699 852 2754 vhumanorum
884 2709 1176 2771 eventuum
1217 2699 1637 2771 perturbaverit.
1680 2698 1909 2767 Quando
1938 2714 2069 2755 vero

487 2791 649 2846 amici
679 2791 1038 2855 advenerunt,
1072 2791 1320 2862 homines
1360 2790 1493 2859 justi
1536 2800 1595 2846 et
1625 2790 1930 2855 aﬂectuosi,
1965 2805 2068 2859 op-

489 2893 781 2952 portunum
811 2884 1110 2938 arbitratus
1134 2891 1242 2949 est,
1275 2883 1678 2938 videnseorutn
1716 2880 2066 2936 tolerantiam

486 2986 543 3031 ct
597 2975 946 3031 dilectionem
981 2990 1111 3046 erga
1159 2990 1245 3040 se,
1282 2989 1547 3030 enarrare
1595 2984 1762 3043 atque
1791 2987 2066 3045 exponere

485 3066 651 3122 animi
674 3067 755 3122 sui
787 3066 1026 3129 dolores.
1064 3067 1294 3136 illosque
1326 3065 1591 3122 historice
1619 3064 1826 3121 referre
1851 3066 2066 3135 putavit

2175 1967 2343 2022 Θεοῦ·
2393 1967 2487 2022 καὶ
2530 1964 2788 2038 μυριάκις
2829 1964 3066 2035 αἱρεῖται
3106 1964 3198 2019 τδν
3252 1962 3501 2029 θάνατον,
3541 1961 3576 2034 ἢ
3615 1961 3758 2034 μετά

2172 2060 2481 2132 ἀλγηδόνων
2502 2059 2594 2114 καὶ
2613 2058 2870 2130 τοιαύτης
2897 2057 3134 2128 ὑποψίας
3178 2058 3291 2120 τοῖς
3319 2053 3485 2122 ζῶσιν
3521 2055 3756 2125 ἐγκατα-

2171 2151 2444 2221 λέγεσθαι.
2487 2152 2610 2205 Ἐπὶ
2655 2150 2754 2223 μὲν
2794 2146 2888 2204 οὖν
2916 2153 2983 2222 τῇ
3018 2148 3129 2203 τῶν
3170 2146 3465 2220 κτημάτων
3504 2144 3758 2219 ἀπωλείᾳ
3808 2204 3813 2207 τ

2172 2246 2267 2300 καὶ
2303 2247 2371 2317 τῇ
2412 2244 2520 2299 τῶν
2550 2243 2755 2297 παίδων
2790 2240 2963 2315 ἀθρόᾳ
2997 2242 3220 2314 τελευτῇ
3258 2241 3374 2305 οῖας
3420 2240 3601 2312 ἀφῆκε
3648 2258 3756 2311 χα-

2175 2338 2481 2411 ριστηρίους
2506 2335 2688 2407 φωνὰς
2722 2333 3056 2407 ἠκούσαμεν,
3087 2334 3183 2389 καὶ
3218 2335 3367 2398 ὅπως
3393 2332 3490 2406 τὴν
3515 2334 3755 2403 γυναῖκα

2171 2425 2547 2495 έξεπαίδευσεν
2575 2427 2821 2501 ἀπρεπές
2844 2444 2897 2480 τι
2926 2427 3054 2498 περὶ
3083 2425 3178 2479 τοῦ
3232 2425 3505 2480 Δεσπότου
3535 2425 3757 2495 λογισα-

2174 2523 2364 2593 μένην,
2394 2521 2488 2575 καὶ
2513 2524 2639 2574 ποῖα
2674 2519 2813 2592 μετά
2841 2522 3034 2592 πεῖραν
3066 2520 3161 2573 καὶ
3194 2518 3540 2585 ὲξουδένωσιν
3570 2519 3668 2573 καὶ
3689 2518 3754 2572 τδ

2167 2615 2332 2686 δριμὺ
2361 2612 2531 2677 πάθος
2557 2611 2877 2683 ἐφθέγξατο,
2912 2612 3005 2667 καὶ
3032 2612 3108 2676 ὡς
3145 2610 3297 2666 οὐδὲν
3328 2611 3489 2666 αὑτὸν
3523 2610 3633 2666 τῶν
3657 2611 3756 2664 άν-

2169 2705 2454 2778 θρωπίνων
2493 2704 2910 2776 συμπτωμάτων
2934 2703 3349 2777 διεθορύϐησεν·
3378 2704 3454 2768 ὼς
3484 2702 3543 2757 δὲ
3570 2702 3622 2756 οἱ
3658 2700 3753 2773 φί-

2165 2794 2248 2849 λοι
2290 2794 2649 2866 παρεγένοντο
2683 2794 2877 2866 ἀνδρες
2910 2795 3109 2850 δίκαιοι
3151 2797 3247 2849 κα)⁵
3285 2793 3612 2866 συμπαθεῖς,
3655 2791 3753 2847 εὖ·

2168 2900 2358 2955 καιρον
2398 2882 2574 2955 ᾠήθη,
2610 2882 2829 2956 θεωρῶν
2859 2883 3039 2937 αὐτῶν
3072 2883 3171 2956 τὴν
3201 2874 3479 2955 ὑπομονὴν
3516 2883 3611 2937 καὶ
3647 2881 3751 2954 τὴν

2165 2974 2385 3045 ἀγάπην
2413 2975 2499 3027 ἐπ’
2529 2974 2709 3028 αὐτῶν
2747 2974 2881 3043 (55),
2911 2976 3086 3029 εἰπεῖν
3123 2975 3219 3030 καὶ
3260 2974 3617 3047 δημοσιεῦσαι
3647 2974 3752 3040 τὰς

2165 3067 2307 3123 κατά
2322 3067 2501 3139 ψυχὴν
2526 3067 2846 3138 ἀλγηδόνας,
2874 3068 2969 3122 καὶ
2995 3066 3291 3138 φθέγγεται
3326 3067 3424 3138 μὲν
3456 3067 3578 3122 καθ’
3612 3068 3753 3121 ἱστο-

483 3173 605 3214 esse
630 3160 751 3214 sine
774 3160 1033 3229 periculo.
1065 3158 1297 3215 Unicum
1326 3173 1561 3228 namque
1589 3169 1707 3217 erat
1730 3158 1929 3214 diaboli
1952 3167 2065 3212 stu-

2167 3159 2289 3233 ρίαν
2333 3159 2632 3215 ἀκίνδυνον.
2684 3163 2781 3215 Ἒν
2815 3161 2924 3233 γὰρ
2950 3157 3018 3232 ἦν
3057 3160 3150 3215 τοῦ
3191 3160 3439 3215 διαϐόλου
3483 3160 3546 3213 τὸ
3574 3160 3749 3215 σποῦ-

484 3249 654 3313 dium,
682 3249 895 3305 ellicere
923 3259 984 3304 ut
1008 3249 1189 3320 justus
1219 3250 1322 3304 iste
1349 3248 1516 3302 Deum
1547 3248 1971 3319 blaspltemaret.
1995 3249 2065 3304 At

2168 3250 2369 3324 δασμα,
2413 3252 2473 3306 τὸ
2513 3252 2925 3321 παρασκευάσαι
2968 3252 3058 3305 τὸν
3098 3252 3308 3306 δίκαιον
3352 3251 3746 3324 βλασφημῆσαι

481 3355 611 3396 vero
636 3340 943 3395 nullatenus
976 3349 1201 3411 apparet
1237 3354 1362 3393 eum
1401 3338 1544 3393 istud
1574 3338 1788 3403 fecisse,
1815 3340 1945 3410 quin
1972 3353 2066 3409 po—

483 3432 590 3486 tius
618 3432 960 3486 henedixissc
986 3440 1040 3485 et
1071 3432 1373 3501 gratiarum
1406 3432 1644 3487 actionis
1674 3440 1841 3486 testes
1876 3441 2066 3499 protu—

481 3520 610 3576 lisse
654 3536 839 3576 voces.
876 3521 1154 3576 Maledicit
1202 3530 1382 3575 autem
1441 3522 1585 3576 diem
1636 3522 1956 3582 nativitatis.
2010 3532 2065 3578 et

481 3620 717 3667 mortem
762 3612 1075 3675 desiderat,
1124 3621 1346 3681 propter
1385 3612 1636 3680 superius
1669 3612 1863 3668 allatas
1896 3613 2065 3667 ratio-

480 3720 598 3760 nes.
620 3704 690 3758 At
721 3705 882 3758 rebus
925 3704 993 3757 ad
1028 3713 1267 3758 mentem
1299 3702 1510 3766 relatis,
1552 3704 1814 3775 mysteria
1850 3703 2060 3774 eloqui-

481 3807 609 3853 tur:
641 3805 698 3851 et
748 3796 815 3851 de
865 3796 931 3850 iis
965 3796 1187 3866 quidem
1230 3811 1354 3865 qua:
1393 3795 1505 3865 jam
1553 3806 1717 3850 antea
1741 3808 2058 3865 evenerant,

478 3888 927 3957 philosolthatur;
978 3889 1046 3943 de
1098 3888 1302 3942 futuris
1361 3903 1489 3943 vero
1544 3887 1812 3944 certiores
1858 3889 2056 3947 reddit.

478 3979 793 4050 Hnjttsmodi
839 3982 986 4037 enim
1018 3997 1235 4052 semper
1258 3993 1388 4038 sunt
1417 3991 1732 4036 sanctorum
1761 3982 2058 4053 prOpIteta-

476 4088 594 4126 rum
634 4073 798 4127 dicta.
833 4073 914 4126 Ad
941 4073 1055 4143 ipsa
1098 4072 1264 4143 igitur
1301 4075 1466 4129 verba
1501 4075 1849 4137 accedentes,
1879 4074 2060 4128 decla-

477 4177 659 4219 rentus
693 4180 914 4237 sensum
959 4180 1172 4230 eorum,
1200 4181 1266 4221 eo
1312 4165 1378 4219 ad
1422 4166 1924 4234 interpretationem
1960 4184 2059 4225 nos

475 4256 802 4323 deducente,
850 4257 944 4326 qui
996 4268 1247 4311 sanctum
1298 4256 1462 4311 etiatu
1510 4256 1612 4311 Job
1645 4256 1715 4310 ad
1755 4258 2057 4314 certamina

472 4344 775 4403 roboravit.

715 4440 778 4494 Υ.
819 4439 867 4495 l.
906 4439 1032 4494 Post
1067 4441 1165 4494 hoc
1194 4440 1402 4510 aperuit
1431 4440 1534 4495 Job
1561 4457 1619 4494 os
1644 4457 1821 4493 suum.

541 4530 679 4599 Quia
704 4532 884 4601 justus
911 4548 975 4586 os
1004 4532 1204 4603 aperit,
1249 4547 1357 4585 non
1396 4532 1866 4586 iuconsideranter
1892 4547 2054 4602 opor-
2085 4547 2130 4604 ι)

472 4630 550 4677 tet
581 4622 822 4677 animum
857 4623 923 4677 iis
953 4638 1074 4692 qua:
1100 4625 1360 4678 dicuntur
1385 4625 1696 4687 advertere,
1729 4624 1822 4678 sed
1867 4624 2051 4690 requi-

473 4728 595 4768 rere
618 4713 759 4783 quod
811 4728 877 4769 ex
931 4716 1114 4769 verbis
1155 4717 1339 4785 prodit
1385 4715 1835 4772 emolumentum.
1881 4714 2048 4769 Plena

468 4804 613 4858 enim
648 4818 868 4873 semper
904 4815 1030 4859 sunt
1090 4806 1345 4861 utilitatis
1383 4805 1691 4871 huiusmodi
1734 4811 2047 4860 sanctorum

468 4897 614 4951 dicta
642 4914 655 4951 :
684 4906 740 4952 et
761 4899 1019 4967 aperiens
1043 4899 1223 4970 justus
1251 4917 1335 4965 os,
1354 4900 1599 4954 occultos
1624 4897 1901 4968 depromit
1930 4900 2050 4954 the-

465 5006 680 5044 sauros.
714 4990 898 5060 Itaque
934 5002 988 5046 et
1019 5008 1114 5047 vas
1153 4991 1435 5048 electionis
1463 4992 1662 5046 Paulus
1693 4992 1939 5046 scribens
1962 4992 2046 5046 di-

464 5082 541 5136 nit
574 5104 586 5137 :
618 5080 690 5136 0s
722 5099 894 5137 meum
931 5084 1135 5151 aperuit
1166 5100 1222 5138 se
1258 5084 1327 5137 ad
1362 5101 1471 5148 vos,
1494 5081 1755 5147 Corinthii
1778 5084 1846 5138 ".
1883 5083 1948 5137 Et
1977 5085 2044 5140 de

465 5174 696 5231 Dotuitto
714 5176 990 5246 scriptum
1017 5185 1102 5230 est
1124 5193 1139 5230 :
1166 5176 1418 5245 Aperieus
1449 5192 1506 5229 os
1535 5192 1710 5238 suum,
1737 5176 1953 5230 docebat
1972 5176 2032 5229 ⁸⁷.
2062 5236 2071 5246 _

464 5267 543 5317 Ac
570 5266 892 5336 simpliciter
926 5267 994 5321 de
1020 5281 1086 5321 eo
1122 5267 1492 5321 testimonium
1522 5265 1867 5335 perhibetur,
1896 5270 2039 5336 quod

462 5373 525 5414 os
564 5362 794 5428 aperiat,
827 5359 921 5431 qui
972 5359 1173 5416 silentii
1211 5360 1402 5413 modus
1448 5368 1609 5414 antea
1651 5360 1875 5414 edoctus
1911 5362 2035 5416 fuit.

463 5448 646 5521 Itaque
669 5464 725 5506 et
748 5451 850 5508 Joh
871 5468 933 5508 os
979 5454 1156 5524 aperit
1183 5463 1369 5525 postea
1393 5472 1408 5509 :
1434 5456 1487 5509 id
1527 5462 1611 5509 est
1637 5463 1756 5524 post
1788 5469 2040 5524 maguum

528 5589 574 5620 "
605 5586 704 5641 Job
735 5602 832 5651 νη,
861 5588 953 5642 20.
1027 5589 1075 5621 ⁸⁸
1107 5585 1148 5644 ll
1176 5587 1301 5642 Cor.
1337 5587 1519 5656 vt.ll.
1594 5588 1638 5621 ⁸⁷
1668 5586 1858 5644 Matth.
1892 5604 1942 5655 ν,
1964 5587 2017 5644 2.

533 5680 644 5751 (29)
682 5682 985 5752 Legendunt
1016 5682 1293 5740 όδυνᾶται.

532 5756 646 5820 (30)
675 5753 834 5807 Furte
860 5752 1047 5807 αὑτοῦ.

527 5827 612 5898 (51
624 5843 642 5894 )
668 5826 1103 5895 Κατεντευκτήν,

2165 3342 2319 3399 Θεόν.
2355 3345 2412 3400 ’0
2445 3345 2502 3399 δὲ
2527 3345 2780 3418 οὐδαμῶς
2806 3346 3054 3416 φαίνεται
3082 3344 3242 3398 τοῦτο
3282 3344 3748 3417 διαπραξάμενος,

2165 3437 2300 3493 ἀλλά
2322 3438 2418 3492 καὶ
2453 3438 2651 3510 μᾶλλον
2680 3439 3023 3511 εὑφημήσας.
3065 3439 3160 3491 καὶ
3190 3436 3576 3509 χαριστηρίους
3613 3435 3751 3490 ἀναο

2166 3527 2388 3599 πέμψας
2437 3529 2641 3598 φωνάς.
2705 3528 3027 3600 Καταρᾶται
3092 3527 3149 3580 δὲ
3209 3526 3309 3598 τὴν
3372 3524 3590 3597 ἡμέραν
3642 3523 3749 3595 τῆς

2164 3620 2491 3691 γεννήσεως,
2528 3619 2743 3673 καὶτὸν
2773 3618 2999 3673 θάνατον
3036 3615 3306 3681 ἐπιποθεῖ,
3347 3615 3436 3669 διὰ
3471 3614 3573 3678 τάς
3612 3616 3753 3669 ἀνω-

2161 3710 2307 3783 τέρω
2346 3711 2631 3782 λεχθείσας
2667 3710 2867 3774 αἰτίας.
2905 3709 3049 3782 Πρὸς
3094 3707 3151 3761 δὲ
3191 3707 3429 3762 διάνοιαν
3470 3707 3749 3778 μυστήρια

2161 3804 2313 3859 λαλεῖ
2333 3822 2346 3835 ·
2398 3805 2493 3858 καὶ
2530 3805 2659 3876 περὶ
2696 3802 2803 3856 τῶν
2846 3802 2946 3874 ήδη
2987 3801 3394 3874 προγεγονότων
3439 3798 3745 3868 φιλοσοφεῖ,

2160 3899 2255 3951 καὶ
2292 3897 2629 3968 πληροφορεῖ
2666 3894 2729 3948 τὸ
2779 3894 2994 3966 μέλλον.
3038 3891 3298 3947 Τοιαῦται
3349 3892 3457 3964 7&9
3506 3891 3594 3945 ἀεὶ
3633 3890 3748 3944 τῶν

2161 3987 2329 4057 ἁγίων
2355 3987 2652 4059 προφητῶν
2690 3988 2747 4040 αἱ
2788 3987 2992 4058 ῥήσεις.
3031 3986 3155 4039 Ἐπὶ
3186 3985 3244 4039 δὲ
3278 3983 3461 4040 αὐτῶν
3502 3984 3611 4038 τῶν
3648 3982 3744 4036 λέ-

2162 4080 2296 4146 ξεων
2341 4080 2644 4152 γενόμενοι,
2691 4079 3081 4151 σαφηνίσωμεν
3125 4079 3226 4151 τὴν
3274 4078 3535 4142 διάνοιαν,
3570 4076 3743 4131 αὐτοῦ

2159 4171 2520 4244 ποδηγοῦντος
2547 4171 2683 4243 πρὸς
2713 4171 2812 4243 τὴν
2841 4170 3160 4241 ἑρμηνείαν,
3196 4168 3291 4222 τοῦ
3326 4168 3422 4224 καὶ
3450 4169 3542 4224 τὸν
3583 4169 3744 4237 ἅγιον

2169 4263 2290 4320 Ἰὼϐ
2325 4264 2461 4337 πρὸς
2496 4263 2623 4328 τοὺς
2651 4262 2869 4333 ἀγῶνας
2909 4261 3313 4333 ένισχύσαντος.

2156 4442 2304 4514 Στίχ.
2328 4448 2394 4497 a'.
2417 4442 2579 4496 Μετὰ
2598 4441 2774 4496 τοῦτο
2795 4441 3042 4512 ἤνοιξεν
3076 4438 3199 4495 Ἰὼϐ
3214 4441 3282 4495 τὸ
3311 4442 3504 4508 στόμα
3523 4438 3736 4494 αὐτοῦ.

2231 4537 2353 4588 Ὅτι
2384 4535 2592 4597 δίκαιος
2618 4535 2822 4604 ἀνοίγει
2851 4535 2912 4587 τὸ
2943 4533 3140 4605 στόμα,
3177 4534 3275 4605 οὑχ
3310 4532 3497 4597 ἁπλῶς
3534 4531 3737 4586 οὑτωσὶ⁵

2152 4628 2418 4700 προσήκει
2446 4626 2733 4699 προσέχειν
2764 4628 2879 4690 τοῖς
2911 4625 3246 4697 λεγομένοις,
3276 4625 3411 4679 ἀλλά
3437 4625 3505 4679 τὰ
3534 4625 3645 4695 (54)
3670 4626 3737 4679 ἐκ

2150 4720 2261 4773 τῶν
2291 4719 2466 4788 λόγων
2494 4718 2782 4790 ἀναζητεῖν
2809 4718 3098 4788 ὠφέλειαν.
3132 4717 3325 4772 Μεστά
3350 4717 3460 4790 7&9
3483 4717 3569 4771 ἀεὶ
3591 4716 3737 4786 ὡφε-

2150 4810 2299 4874 λείας
2330 4809 2398 4864 τά
2428 4808 2650 4864 τοιαῦτα
2687 4811 2908 4883 ῥήματα
2959 4810 3069 4863 τῶν
3114 4810 3317 4879 ἀγίων·
3363 4810 3457 4863 καὶ
3500 4808 3737 4877 ἀνοίγων

2148 4901 2211 4955 τὸ
2253 4901 2425 4973 στόμα
2452 4901 2679 4969 δίκαιος,
2722 4901 3144 4974 κεκρυμμένους
3186 4900 3500 4973 δημοσιεύει
3536 4899 3739 4971 θησαυ-

2151 4990 2296 5063 ρούς.
2332 4992 2424 5046 Διὸ
2453 4992 2549 5047 καὶ
2584 4993 2646 5046 τὸ
2684 4993 2877 5056 σκεῦος
2910 4993 3010 5064 τῆς
3041 4991 3271 5063 ἐκλογῆς
3300 4994 3329 5046 6
3355 4988 3564 5055 Παῦλος
3607 4992 3734 5045 ὲπι-

2148 5084 2380 5139 στέλλων
2410 5085 2569 5157 φησί’
2612 5084 2682 5140 Τὸ
2720 5085 2916 5154 στόμα
2956 5103 3077 5154 μου
3121 5083 3343 5155 ἀνέῳγε
3375 5083 3525 5151 πρὸς
3551 5083 3732 5153 ὑμᾶς,

2144 5174 2460 5245 Κορίνθιοι.
2521 5176 2634 5230 Kal.
2687 5174 2815 5247 περὶ
2860 5175 2956 5229 τοῦ
3021 5175 3230 5248 Κυρίου
3284 5175 3597 5247 γέγραπται
3649 5176 3733 5230 ὅτι

2156 5267 2422 5334 Ἆγοίξας
2458 5267 2528 5322 τὸ
2560 5269 2758 5338 στόμα
2796 5267 2985 5321 αὐτοῦ
3031 5267 3334 5323 ἐδίδασκε.
3384 5267 3494 5321 Καὶ
3541 5266 3736 5332 ἁπλῶς

2143 5361 2349 5424 ἐκεῖνος
2383 5363 2736 5431 μαρτυρεῖται
2763 5359 2939 5432 στόμα
2970 5361 3228 5430 ἀνοίγειν,
3260 5362 3290 5414 6
3316 5360 3525 5432 σιωπῆς
3556 5360 3734 5433 μέτρα

2148 5453 2409 5527 πρότερον
2431 5452 2718 5524 διδαχθείς.
2744 5453 2955 5509 Οὐκοῦν
2979 5453 3074 5509 καὶ
3111 5452 3229 5507 Ἰὼϐ
3246 5452 3529 5523 ἁνοίγειτδ
3552 5452 3731 5525 στόμα

2220 5677 2333 5748 (5‘2)
2368 5676 2477 5748 Τῷ.

2220 5745 2332 5818 (55)
2371 5745 2534 5818 Forte
2572 5745 2714 5799 αὑτό·

2223 5819 2334 5891 (54)
2372 5817 2529 5873 Ι⁴ὐιίε
2557 5819 2676 5889 τήν.
