4004 6506
518 360 580 416 τι
1403 356 1970 414 SUPPLEMENTUM
2008 359 2100 413 AD
2138 359 2464 418 ORIGENIS
2497 361 2914 424 EXEGETICA.
3703 375 3771 430 ἠ

514 470 846 541 supponitls.
882 483 970 525 me
999 477 1222 541 propter
1249 478 1474 540 peccata
1505 470 1622 525 haec
1661 470 1796 540 pati.
1833 473 1914 526 An
1954 487 2082 543 ergo

2200 474 2552 544 λαμϐάνεται,
2593 477 2676 531 δτι
2706 465 2808 532 διὰ
2834 479 2902 532 τὰ
2927 479 3300 553 ἁμαρτήματα
3335 484 3508 540 ταῦτα
3545 489 3767 561 πάσχω·

513 562 801 634 oportebat
837 577 934 616 vos
963 561 1140 615 meita
1171 559 1520 616 contumeliis
1545 563 1914 631 exciperetis?
1938 563 2091 630 Apud

515 671 596 708 me
630 663 806 707 niuem
843 653 984 721 degit
1021 669 1163 707 erro.
1198 653 1266 707 Et
1311 651 1357 708 si
1393 666 1490 723 per
1519 654 1942 722 suppositionem
1976 656 2093 711 haec

517 745 788 809 fecissem,
829 760 950 814 qua:
995 759 1101 798 non
1135 751 1295 799 erant
1336 741 1580 799 facienda
1611 762 1626 798 :
1657 746 1757 800 etsi
1786 744 2091 814 lmjusmodi

516 837 770 902 fuissem;
816 851 885 887 an
941 851 1045 891 non
1093 836 1376 905 oportebat
1405 849 1502 889 vos
1548 838 1822 891 intuentes
1856 834 2088 906 ﬂagella,

517 928 725 990 tabum,
783 941 1012 993 vermes,
1057 927 1324 982 bonorum
1383 927 1755 994 amissionem,
1809 929 2093 984 revereri?

515 1015 900 1071 Verumtamen
929 1016 1213 1087 appetistis
1241 1033 1327 1074 me
1355 1033 1462 1072 non
1490 1018 1812 1075 miserantes
1835 1022 1963 1088 mei,
1995 1037 2092 1078 ne-

513 1125 622 1177 que
646 1110 1044 1178 compatientes
1068 1111 1204 1165 meis
1229 1110 1662 1165 calamitatibus.

512 1200 580 1255 Υ.
609 1199 665 1256 5.
697 1196 831 1274 Esto
869 1209 1080 1274 autent,
1129 1202 1254 1269 quia
1293 1212 1479 1274 contra
1525 1217 1604 1255 me
1650 1203 2089 1274 magni/immitti,

814 1270 1085 1324 insultatis
1115 1281 1291 1324 autem
1313 1272 1445 1324 mihi
1468 1270 1808 1327 contumelia.

581 1358 699 1414 Non
725 1361 1072 1414 mediocriter
1102 1360 1232 1414 mihi
1263 1362 1676 1429 conviciamini,
1705 1364 1801 1418 sed
1827 1364 1920 1419 alii
1953 1363 2090 1422 alios

512 1452 848 1521 excipientes
881 1450 1200 1506 insultatis:
1240 1462 1496 1522 tanquam
1545 1453 1818 1510 irruentes
1865 1465 1918 1510 et
1955 1471 2090 1510 cou—

513 1541 782 1596 culcantes
806 1557 891 1596 me
926 1541 1333 1598 conviciamini.

552 1633 614 1687 ν.
638 1632 694 1688 6.
734 1633 1086 1688 Munitionem
1111 1645 1287 1689 autem
1314 1651 1465 1689 suam
1492 1652 1650 1705 super
1671 1652 1754 1689 me
1783 1634 2048 1690 exultavit.

583 1726 866 1795 Tanquam
913 1728 1015 1781 sub
1055 1743 1270 1780 murum
1305 1727 1635 1782 calamitatis
1677 1743 1797 1782 sum
1831 1728 2085 1790 munitio,

2194 562 2284 638 ἆρ’
2308 563 2402 622 οὖν
2425 570 2597 641 ὲχρῆν
2629 571 2774 642 ὑμᾶς
2797 572 2942 626 οὕτω
2966 591 3055 644 μοι
3101 573 3418 644 ὁνειδίζειν;
3462 583 3609 651 [Iap'
3646 583 3771 650 ἐμοι

2192 658 2262 712 δὲ
2279 660 2577 722 αὐλίζεται
2607 663 2863 731 πλάνος.
2890 666 2953 719 Εἰ
2988 667 3084 721 καὶ.
3117 668 3239 722 καθ’
3271 671 3525 725 ὑπόθεσιν
3553 674 3771 730 τοιαῦτα

2193 751 2567 824 ἐπεποιήκειν,
2604 750 2694 808 οἷα
2738 757 2840 810 οὐκ
2885 757 3025 810 ἔδει·
3076 760 3126 811 εἰ
3174 761 3269 815 καὶ
3321 762 3564 827 τοιοῦτος
3604 767 3769 838 ήμην,

2193 839 2283 915 ἆρ’
2317 845 2416 898 οὐκ
2438 847 2604 918 ἐχρῆν
2626 849 2773 919 ὑμᾶς
2815 848 3112 918 βλέποντας
3145 854 3436 923 μάστιγας,
3476 858 3602 921 τοὺς
3647 858 3770 928 ἰχῶο

2197 953 2316 1007 ρας,
2350 938 2476 1000 τοὺς
2502 938 2812 1010 σκώληκας,
2834 943 2935 1012 τὴν
2961 943 3237 1000 ἀπώλειαν
3261 946 3370 1000 τῶν
3393 949 3768 1020 ὑπαρχόντων,

2190 1027 2529 1099 αἰδεσθῆναι;
2573 1030 2734 1084 Ἀλλὰ
2763 1035 3214 1104 προσεπιϐαίνετὲ
3247 1056 3337 1110 μοι
3377 1040 3452 1112 μὴ
3499 1041 3771 1107 ὲλεοῦντές

2195 1133 2285 1188 με,
2313 1119 2446 1190 μηδὲ
2481 1122 2895 1192 συμπαθοῦντες
2922 1143 3025 1196 μου
3055 1131 3122 1200 τῇ
3147 1131 3488 1201 περιστάσει.

2189 1212 2305 1284 (42)
2339 1213 2488 1284 Στίχ.
2529 1213 2589 1294 ε’ἶ
2634 1216 2752 1294 ’βα
2787 1215 2876 1294 δὲ,
2922 1217 3012 1294 ᾄζι
3043 1219 3137 1273 ἐπ’
3173 1221 3312 1294 ᾲέμοί
3344 1225 3769 1294 μεγαλύνει-οε,

2563 1283 2898 1342 ἐνάλλεσθε
2929 1288 2997 1342 δέ
3020 1308 3124 1358 μοι
3151 1283 3386 1346 ductas}.

2257 1373 2332 1426 Οὐ
2382 1373 2620 1444 μετρίως
2684 1393 2773 1446 μοι
2832 1378 3158 1446 ὀνειδίζετε,
3217 1382 3332 1436 ἀλλ’
3387 1383 3767 1457 ἐναλλόμενοι·

2189 1465 2432 1538 ὡσπερεὶ
2503 1467 2878 1538 ἐπιϐαίνοντες
2912 1474 3008 1527 καὶ
3049 1475 3491 1542 καταπατοῦντες
3528 1496 3596 1550 με
3630 1480 3771 1534 ὀνει-

2187 1557 2383 1620 δίζετε.

2189 1647 2302 1718 (45)
2329 1649 2477 1720 Στίχ.
2501 1649 2577 1715 ς’.
2613 1653 2912 1722 Ὁχύρωμα
2943 1653 3012 1707 δὲ
3041 1656 3227 1710 αὑτοῦ
3253 1657 3348 1711 ἐπ’
3373 1657 3480 1728 ἐμὲ
3498 1659 3768 1728 ὕψωσεν.

2258 1742 2434 1794 Οἰονεί
2459 1741 2564 1795 ὑπὸ
2599 1745 2776 1813 τεῖχος
2807 1744 2908 1814 τῆς
2940 1747 3312 1816 περιστάσεώς
3337 1751 3451 1821 εἰμι
3483 1751 3768 1823 ὀχύρωμα,

509 1835 672 1889 quam
705 1834 810 1872 non
839 1833 1056 1888 possum
1085 1820 1340 1884 evadere,
1369 1819 1543 1875 donec
1571 1819 1782 1890 jndicet
1825 1819 1970 1876 Deus
1994 1819 2080 1875 di-

2200 1830 2210 1882 ι
2237 1831 2298 1884 οὐ
2327 1831 2558 1904 δύναμαι
2594 1834 2833 1904 φεύγειν,
2858 1835 2963 1900 ἕως
2986 1830 3048 1891 οὗ
3085 1841 3262 1910 κρινεί
3291 1841 3320 1893 ὁ
3345 1817 3480 1907 θεὸς
3515 1817 3770 1898 διαδελετν

512 1923 676 1963 ruere
712 1909 884 1964 illam.

692 1999 754 2054 V.
793 1999 846 2054 7.
879 1999 1015 2054 Ecce
1042 2000 1186 2055 rideo
1214 2001 1467 2065 conuicio,
1497 2009 1544 2056 et
1573 2017 1677 2055 non
1702 2001 1920 2069 loquar.

583 2092 699 2148 lluc
735 2093 866 2148 illud
905 2103 990 2148 est
1023 2114 1036 2149 :
1074 2093 1238 2148 Vince
1260 2095 1314 2147 in
1349 2095 1482 2148 bona
1516 2092 1715 2146 malum
1736 2095 1802 2149 “.

483 2183 498 2198 ’
583 2180 862 2250 Ejusdem.
912 2181 1053 2238 Ecce
1110 2183 1164 2237 in
1213 2184 1462 2239 convicio
1514 2193 1695 2239 vestro
1744 2185 1942 2250 ridere,
1979 2200 2086 2241 non

512 2272 661 2344 loqui
685 2275 953 2330 arbitror.

1146 2364 1298 2420 CAP.
1339 2364 1460 2420 XX.

511 2456 579 2512 ν.
607 2457 662 2516 6.
691 2457 754 2513 Si
787 2457 1078 2511 ascendant
1106 2459 1163 2511 in
1191 2457 1377 2529 caelum
1407 2459 1524 2526 ejus
1553 2457 1694 2512 dona
1714 2501 1730 2525 ,
1761 2459 2085 2529 sacri/icium

908 2540 1085 2582 autem
1115 2529 1260 2582 illius
1285 2528 1445 2582 nubes
1472 2539 1679 2596 tangat.

580 2616 734 2687 lmpii
759 2617 804 2672 si
843 2619 1142 2672 ascendant
1179 2617 1320 2672 dona
1366 2618 1420 2673 in
1453 2621 1674 2684 cretum,
1701 2620 1746 2675 si
1773 2623 2083 2677 .admodum

509 2711 814 2775 eleventur,
840 2710 886 2764 si
916 2709 1248 2764 sacriﬁcium
1279 2710 1424 2765 illius
1457 2712 1629 2766 nubes
1663 2721 1866 2784 tangat.
1897 2716 2085 2780 Quan-

510 2799 796 2867 docunque
837 2801 1081 2854 oraverit
1117 2799 1430 2866 haereticus,
1455 2802 1889 2873 quandocuuque
1907 2807 2086 2861 sacri-

513 2891 694 2944 licium
731 2892 878 2946 illius
925 2893 1230 2948 ascenderit
1259 2908 1326 2946 ex
1355 2895 1634 2964 superbia,
1663 2899 2084 2968 quandocunqne

508 2980 752 3034 videatur
787 2982 951 3049 fuisse
987 2983 1334 3048 conﬁrmatus
1362 2983 1435 3050 “,
1459 2993 1582 3038 tunc
1597 2987 1836 3050 funditus
1880 2989 2076 3043 interit.

2187 1925 2340 1982 αὑτό.

2185 2016 2336 2088 Στίχι
2369 2016 2434 2083 ζ’.
2481 2018 2625 2073 Ἰδοὺ
2657 2019 2809 2090 τελῶ
2838 2021 3052 2078 ὀνείδει
3081 2024 3214 2096 (44),
3243 2027 3341 2081 καὶ
3381 2030 3455 2083 οὐ
3493 2028 3766 2097 λαλήσω.

2256 2108 2428 2162 Τοῦτό
2455 2110 2572 2163 ἐστι
2600 2111 2661 2164 τό
2680 2128 2694 2142 ’
2721 2115 2875 2166 Νίκα
2907 2115 2977 2167 ἐν
3007 2115 3088 2182 τῷ
3116 2118 3317 2186 ἀγαθῷ
3345 2119 3413 2173 τὸ
3447 2122 3659 2176 κακόν.

2260 2203 2370 2257 Τοῦ
2407 2205 2615 2259 αὐτοῦ.
2652 2207 2786 2262 Ἰδοὺ
2824 2209 2916 2263 ἐπὶ
2946 2210 3024 2282 τῷ
3060 2212 3253 2265 ὀνείδει
3289 2214 3443 2285 ὑμῶν
3474 2215 3660 2288 γελᾷν,
3705 2216 3768 2270 οὐ

2197 2294 2379 2349 λαλεῖν
2412 2295 2730 2368 νομίζομαι.

2838 2393 2995 2446 ΚΕΦ.
3025 2395 3113 2451 K'.

2185 2479 2297 2552 (45)
2322 2479 2472 2560 ξτίχ.
2505 2479 2579 2560 ς’.
2627 2482 2768 2560 Ziata?
2804 2483 2998 2560 ἀναϐῇ
3038 2488 3126 2560 εἰς
3163 2487 3423 2560 οἰφανὸν
3463 2489 3652 2546 αὐτοῦ
3696 2492 3769 2545 τὰ

2326 2551 2516 2618 δῶρα·
2547 2555 2586 2620 ἠ
2617 2552 2686 2605 δὲ
2714 2555 2897 2608 θυσία
2927 2551 3114 2609 αὑτοῦ
3151 2551 3350 2626 regetur
3387 2559 3632 2628 ἅψηται.

2252 2640 2360 2694 Τοῦ
2393 2642 2624 2708 ἀσεϐοῦς
2647 2645 2742 2700 ἐὰν
2765 2646 2940 2717 ἀναϐῇ
2979 2645 3048 2700 τὰ
3083 2647 3232 2720 δῶρα
3274 2651 3354 2713 εἰς
3394 2650 3488 2702 τὸν
3513 2650 3767 2722 οὐρανὸν,

2182 2733 2277 2788 ἐὰν
2305 2734 2447 2788 πάνυ
2473 2736 2683 2808 ὑψωοῇ.
2731 2737 2827 2791 ἐὰν
2859 2740 2892 2810 ἡ
2927 2738 3086 2793 θυσία
3128 2741 3292 2796 αὐτοῦ
3325 2741 3501 2810 νεφῶν
3535 2743 3766 2813 ἅψηται.

2191 2828 2311 2881 Ὄτ’
2349 2828 2416 2882 ἂν
2457 2828 2680 2900 εὔξηται
2707 2830 2736 2882 ὁ
2769 2831 3063 2902 αἱρετικδς,
3099 2833 3174 2886 ὅτ’
3224 2833 3290 2886 ἂν
3329 2836 3362 2904 ὴ
3399 2835 3559 2890 ουσία
3599 2837 3768 2890 αὐτοῦ

2183 2918 2354 2992 ἀναϐῇ
2375 2923 2445 2992 τῇ
2465 2921 2757 2994 ὑψηγορίᾳ,
2780 2924 2862 2978 ὅτ’
2886 2922 2963 2978 ἂν
2985 2925 3136 2994 δοκῇ
3156 2929 3608 2996 κατεστηρίχθαι
3628 2929 3767 3002 (46)·

2180 3011 2315 3064 τότε
2345 3015 2433 3078 εἰς
2461 3012 2636 3079 τέλος
2658 3015 2987 3071 ἀπολεῖται.
3027 3018 3088 3072 Ἡ
3119 3019 3228 3087 γὰρ
3257 3017 3408 3088 εὐχὴ
3443 3020 3633 3074 αὐτοῦ
3663 3024 3769 3074 ,ιο-

511 3070 701 3124 Oratio
735 3074 876 3126 enim
922 3072 1072 3130 illius
1110 3086 1390 3144 reputatur
1436 3077 1485 3131 ei
1517 3077 1574 3131 in
1613 3089 1906 3148 peccatum,
1928 3089 1978 3133 et
2002 3090 2080 3136 est

2200 3101 2393 3169 Γίζὲται
2411 3070 2584 3169 ἀὑτῷ
2612 3070 2699 3170 εἰς
2720 3070 3520 3178 ἁμαρτίαν,γκα”ἰήέστι;

507 3164 623 3228 ipsa
646 3169 818 3220 oratio
833 3165 947 3236 ejus
977 3169 1032 3221 in
1061 3179 1334 3237 peccatum
1356 3169 1424 3222 ".

511 3259 574 3314 γ.
605 3259 660 3314 7.
696 3259 1130 3330 Quandocunqne
1155 3263 1292 3316 enim
1327 3263 1574 3316 rideatur
1597 3263 1763 3333 fuisse
1794 3264 2082 3320 conﬁrma-

909 3342 1015 3395 tus,
1047 3344 1172 3385 tunc
1199 3335 1254 3386 in
1281 3333 1437 3396 linem
1461 3336 1660 3388 interit.

574 3420 786 3487 Simile,
821 3422 1036 3476 Inimici
1080 3433 1256 3476 autem
1294 3423 1508 3477 Domini
1548 3425 1708 3478 simul
1741 3436 1894 3495 atque
1919 3428 2081 3498 glori-

505 3510 650 3576 ﬁcati
676 3521 725 3564 et
747 3513 966 3567 exaltati
996 3513 1217 3582 fuerint,
1234 3514 1533 3582 deﬁcientes
1559 3516 1693 3569 sicut
1727 3521 1904 3586 fumus
1928 3520 2076 3589 defc-

504 3613 685 3656 cerunt
705 3604 773 3656 “.

582 3693 648 3748 V.
689 3695 746 3750 ’1.
789 3696 896 3762 Qui
934 3707 1110 3751 autem
1142 3699 1381 3754 viderant
1407 3717 1524 3754 cum
1553 3702 1754 3771 dicent,
1784 3701 1880 3759 Ubi
1907 3713 2024 3762 est!

577 3787 678 3854 Qui
704 3799 831 3842 sunt
864 3791 954 3858 qui
987 3791 1242 3847 viderant
1263 3794 1422 3848 eum?
1449 3794 1816 3853 Ecclesiastici
1847 3801 2078 3873 nos,qui

503 3876 750 3933 videntes
775 3894 963 3935 eorum
998 3896 1237 3952 errores,
1264 3886 1540 3942 dicemus:
1570 3886 1672 3943 Ubi
1704 3890 1870 3944 sunt?

507 3971 567 4026 V.
599 3969 655 4026 8.
695 3971 970 4044 Tanquam
1031 3978 1308 4061 somnium.
1362 3980 1702 4049 explicatum,
1747 3999 2078 4054 nequaquam

1139 4063 1446 4106 inveniatur.

576 4133 955 4192 Somniatores
987 4137 1406 4208 linjusmodi,et
1431 4143 1523 4213 qui
1561 4145 1662 4200 sibi
1698 4145 2078 4214 phantasmata

501 4223 779 4296 eilingunt,
817 4243 1160 4299 nequaquam
1187 4234 1413 4290 veritate
1439 4246 1673 4292 mentem
1702 4237 1928 4293 lulciunt
1952 4254 2076 4292 cum

502 4315 867 4383 decipiantur,
892 4324 1135 4392 lluntque
1159 4334 1407 4394 tanquam
1432 4330 1694 4382 somnium
1723 4331 2075 4402 explicatum,

498 4404 639 4471 quod
669 4420 772 4458 non
807 4407 1134 4465 inveniatur.

745 4495 808 4550 V.
852 4497 939 4553 10.
984 4497 1155 4555 Filios
1181 4503 1298 4572 ejus
1325 4505 1548 4574 perdant
1586 4508 1843 4565 minores.
1863 4511 1875 4521 '

569 4582 733 4640 Filios
756 4603 820 4644 ac
856 4590 1150 4662 discipulos
1171 4595 1290 4665 ejus
1321 4598 1411 4665 qui
1446 4597 1562 4653 haec
1593 4599 1801 4654 docuit.

611 4678 671 4733 ν.
713 4681 800 4736 10.
842 4682 1038 4739 Manus
1060 4696 1235 4742 autem
1271 4689 1388 4759 ejus
1428 4691 1706 4748 incendant
1728 4693 1962 4750 dolores.

566 4841 757 4899 Manus
779 4844 916 4914 eius,
947 4847 1213 4918 inquit,id
1237 4862 1320 4908 est
1341 4869 1510 4924 opera
1541 4854 1705 4925 illius,
1739 4858 2072 4916 succendeut

494 4936 546 4989 ei
574 4936 938 5003 punitionem.

567 5026 760 5081 Manus
796 5039 972 5084 autem
1003 5031 1137 5100 ejus.
1189 5033 1342 5105 lmpii
1393 5035 1552 5108 hujus
1576 5050 1630 5096 et
1660 5041 1890 5107 seducti,
1915 5043 2068 5113 cujus

492 5121 664 5173 oratio
700 5129 978 5187 reputatur
1009 5122 1062 5175 in
1091 5137 1402 5194 peccatum;
1441 5130 1597 5198 cujus
1640 5133 1966 5200 sacri/icium
2018 5137 2066 5187 si

493 5212 744 5266 ascendat
789 5214 843 5268 in
887 5215 1097 5285 caelum,
1128 5229 1176 5273 et
1206 5221 1366 5276 nubes
1405 5233 1616 5296 tangat,
1638 5235 1764 5281 tunc
1794 5229 1850 5283 in
1901 5230 2064 5299 ﬁnem

2181 3191 2370 3245 αὑτοῦ
2394 3191 2667 3260 ἁμαρτία.

2181 3282 2330 3354 Στίχ.
2361 3283 2428 3349 ζ’.
2466 3286 2642 3338 Ὅταν
2675 3285 2819 3363 ’γὰρ’
2844 3286 3002 3363 δοκῇ
3037 3288 3570 3363 ἤδηᾼέστηρίχθαι,
3623 3294 3766 3348 τότε

2638 3358 2726 3424 εὶς
2755 3357 2930 3424 τέλος
2972 3357 3302 3414 ἀπολεῖται.

2253 3445 2500 3517 Ὅμοιον,
2538 3450 2603 3501 οι
2631 3447 2699 3502 δὲ
2722 3449 2921 3517 ἐχθροὶ
2955 3450 3061 3504 τοῦ
3091 3453 3313 3520 Κυρίου
3334 3452 3454 3521 ἅμα
3479 3453 3562 3520 τῷ
3583 3453 3767 3520 δοξα-

2179 3535 2514 3603 σθῆναικαί
2540 3535 2871 3606 ὑψωθῆναι,
2917 3537 3301 3606 ἐκλείποντες
3346 3539 3489 3596 ὡσεὶ
3528 3542 3766 3609 καπνὸς

2179 3626 2486 3692 ἐξέλιπον.

2215 3718 2364 3790 Στίχ.
2400 3717 2464 3783 ζ’.
2487 3722 2553 3772 Oi
2578 3719 2646 3773 δὲ
2667 3721 2897 3787 ἰδόντες
2913 3722 3101 3776 αὑτὸν
3123 3722 3348 3790 ἐροῦσι⁶
3378 3725 3499 3780 Ποῦ
3531 3727 3730 3790 ἕστιν;

2247 3810 2406 3873 Τίνες
2431 3811 2482 3863 οἱ
2515 3809 2712 3874 ἰδόντες
2740 3812 2900 3865 αὐτόν
2931 3813 3074 3884 (47);
3119 3815 3182 3868 Οἰ
3214 3815 3674 3887 ὲκκλησιαστικοὶ,
3710 3819 3764 3871 οἰ

2179 3900 2378 3964 ἰδόντες
2410 3899 2632 3954 ἐκείνων
2657 3901 2726 3954 τὰ
2759 3901 3067 3972 σφάλματα,
3102 3903 3350 3975 ἐροῦμεν·
3390 3905 3500 3958 Ποῦ
3528 3905 3718 3974 ἔστινς

2247 3990 2404 4062 Στίχ.
2430 3996 2500 4062 η’.
2537 3991 2763 4060 ’Ὠσπερ
2797 3992 3086 4118 heusinger
3106 3995 3475 4050 ἐκπετασθὲν
3503 4001 3578 4053 οὑ
3599 3999 3688 4069 μὴ

2841 4080 2980 4118 ευοε
3019 4083 3079 4118 n-

2841 4080 3079 4133 ευρευῃ,

2249 4149 2314 4203 0i
2363 4151 2592 4206 τοιοῦτοι
2646 4151 3128 4226 ἐνυπνιαζόμενοι,
3175 4155 3270 4210 καὶ
3321 4157 3764 4225 ἀναπλάσσοντες

2177 4243 2556 4316 φαντάσματα,
2591 4246 2651 4300 οὐ
2697 4249 2765 4318 τῇ
2792 4248 3023 4321 ἀληθείᾳ
3053 4249 3153 4320 τὴν
3185 4251 3421 4307 διάνοιαν
3450 4253 3764 4324 ἐπερείδον-

2177 4351 2262 4388 σιν
2311 4336 2705 4407 σφαλλόμενοι,
2762 4338 2859 4392 καὶ
2911 4339 3152 4408 γίνονται
3204 4340 3409 4412 ὥσπερ
3465 4344 3762 4399 ἐνύπνιον

2174 4426 2565 4491 ἐκπετασθὲν,
2602 4427 2634 4482 ὃ
2667 4431 2738 4483 οὐ
2766 4428 2853 4499 μὴ
2883 4429 3114 4499 εὑρεθῇ.

2103 4500 2156 4560 Ι)
2234 4515 2381 4587 Στίχ.
2409 4523 2459 4570 ι’.
2486 4518 2632 4585 Τοὺς
2660 4521 2830 4586 υἱοὺς
2853 4518 3040 4576 αὑτοῦ
3065 4522 3399 4578 ὀλέσαισαν
3424 4527 3692 4607 ἣττονες.

2245 4609 2386 4672 Τοὺς
2413 4611 2559 4674 υἱοὺς
2589 4612 2682 4665 καὶ
2717 4613 2965 4684 μαθητὰς
2994 4613 3087 4667 τοῦ
3123 4615 3297 4669 ταῦτα
3319 4617 3649 4685 διδάξαντος.

2177 4698 2288 4771 (48)
2327 4700 2476 4770 Στίχ.
2511 4700 2561 4758 ι’.
2595 4706 2664 4758 Ai
2705 4703 2775 4756 δὲ
2816 4704 3013 4828 χέἔρες
3062 4705 3250 4760 αὑτοῦ
3291 4712 3758 4777 πυρσεύσαισαν

2916 4793 3083 4828 υναο.

2916 4793 3083 4841 υνας.

2244 4863 2310 4916 Ai
2339 4865 2519 4935 χεῖρες
2543 4863 2728 4933 αὑτοῦ,
2758 4866 2946 4937 φησὶν,
2974 4869 3250 4926 τουτέστιν
3273 4872 3330 4926 αἰ
3358 4872 3606 4944 πράξεις,
3628 4875 3757 4942 ἐξά-

2173 4956 2366 5028 ψουσιν
2402 4955 2551 5027 αὑτῷ
2583 4957 2826 5012 κόλασιν.

2246 5046 2358 5118 (49)
2418 5048 2482 5102 Αἰ
2512 5047 2580 5102 δὲ
2601 5049 2796 5118 χεῖρες
2817 5050 3026 5104 αὑτοῦ.
3057 5051 3165 5105 Τοῦ
3187 5053 3418 5118 ἀσεϐοῦς
3440 5057 3632 5110 τούτου
3663 5058 3757 5112 καὶ

2172 5140 2532 5213 ὲσφαλμένου,
2569 5138 2643 5197 οὗ
2694 5144 2732 5211 ἠ
2778 5143 3085 5212 προσεταὴ
3128 5146 3416 5216 λογίζεται
3457 5151 3545 5214 εἰς
3573 5151 3756 5220 ἀμαρ-

2170 5233 2326 5299 τίαν,
2362 5227 2436 5286 οὗ
2467 5233 2507 5302 ἡ
2533 5233 2716 5287 θυσία
2742 5232 2851 5302 ἐὰν
2876 5233 3070 5305 ἀναϐῇ
3098 5239 3186 5304 εἰς
3214 5238 3496 5308 οὐρανὸν,
3527 5241 3624 5295 καὶ
3656 5260 3755 5296 νε-

561 5391 607 5424 ⁵⁹
638 5391 794 5449 Rom.
819 5412 915 5464 xu,
939 5397 1030 5456 2|.
1111 5402 1156 5434 “
1174 5403 1276 5463 Job
1298 5421 1392 5472 xx,
1412 5408 1466 5464 7.
1489 5411 1532 5444 “
1559 5411 1702 5470 Psal.
1731 5429 1883 5482 cvm,
1915 5415 1966 5473 7.
2040 5418 2084 5452 ⁸²
2111 5419 2255 5477 Psal.
2288 5436 2481 5486 xxxvn,
2510 5420 2601 5476 20.

711 5557 844 5636 god.
872 5572 1116 5636 uterque.

560 5628 676 5702 (ξᾷ)
714 5631 850 5702 ροιι.
893 5628 1145 5702 uterque.

713 5699 889 5778 Forte
909 5698 1084 5778 ὀνείδη
1114 5724 1234 5778 cum
1263 5713 1384 5768 cod.
1411 5715 1565 5771 Alex.

560 5769 673 5838 (45)
713 5768 769 5824 In
793 5776 912 5828 cod.
946 5793 1036 5830 ut
1066 5768 1276 5836 etNun.
1307 5813 1375 5828 -—
1656 5798 1694 5846 ι.
1727 5787 1820 5847 ΧΙΙ
1853 5791 1981 5856 ibid.

2396 5583 2484 5665 An
2511 5587 2957 5665 κατηστερὶχθαι,
2984 5591 3055 5644 nd
3094 5603 3236 5646 nstra
3265 5593 3603 5663 pervenisse?

2249 5655 2363 5720 (47)
2396 5653 2520 5708 'l'ria
2565 5653 2678 5711 lucc
2713 5653 2875 5714 verba
2911 5653 3106 5716 desunt
3143 5665 3195 5720 in
3235 5653 3358 5720 cod.
3386 5665 3528 5720 Nan.

2392 5726 2530 5803 god;
2553 5737 2804 5798 uterque,
2843 5739 2903 5803 et
2922 5730 3135 5803 Olytup.

2240 5794 2354 5858 (49)
2389 5794 2586 5850 Confer
2608 5794 2769 5861 supra
2797 5815 2848 5852 ν.
2877 5801 2930 5855 6.
