4004 6546
495 442 566 504 75
1381 432 1938 494 SUPPLEMENTUM
1972 431 2063 485 AD
2100 427 2424 488 ORIGENIS
2458 429 2867 488 EXEGETICA.
3676 439 3739 496 76

795 559 863 614 ν.
905 561 995 614 22.
1037 558 1268 626 Ningere
1296 557 1348 609 in
1380 573 1498 609 eum
1529 553 1757 608 dolores.

562 654 707 713 Loco
736 654 877 708 nivis
904 652 1122 706 dolores
1151 651 1367 704 venient
1391 648 1442 700 in
1485 646 1664 700 virum
1700 641 2026 709 huiusmodi.

700 745 767 802 ν.
806 744 898 798 24.
942 743 1009 796 Et
1034 758 1138 796 non
1168 742 1400 795 salvetur
1430 755 1457 792 ε
1484 754 1644 791 manu
1678 735 1833 806 ferri.

558 836 786 894 Ferrum
816 851 924 889 non
960 834 1093 889 dicit
1117 833 1222 887 hoc
1251 830 1534 896 sensibile,
1568 829 1662 884 sed
1687 827 2063 882 scindentissi-

486 945 633 984 mum
661 929 991 984 sermonem.

526 1038 600 1099 ν.
641 1040 731 1095 25.
776 1038 1121 1094 Pertranseat
1147 1046 1320 1089 autem
1349 1049 1440 1102 per
1462 1048 1648 1102 corpus
1683 1033 1798 1102 ejus
1831 1026 2016 1086 telum.

475 1217 478 1220 .
538 1175 690 1233 Tela
722 1172 1034 1242 huiusmodi
1071 1171 1237 1241 ignita
1271 1169 1560 1224 vulnerant
1585 1183 1730 1224 eum.

619 1269 686 1325 V.
728 1269 821 1323 25.
862 1267 1148 1322 Devorabit
1173 1281 1289 1319 eum
1313 1265 1448 1332 ignis
1468 1280 1570 1318 non
1595 1265 1929 1320 comburens.

543 1360 870 1432 Mysterium
915 1357 1188 1426 quoddam
1239 1352 1571 1408 addiscimus
1628 1355 1696 1408 de
1735 1369 1893 1425 paena
1943 1371 2063 1427 qua:

481 1461 764 1510 reservata
791 1457 894 1513 est,
930 1458 991 1502 ut
1016 1460 1310 1502 caveamus
1336 1460 1453 1500 eam
1481 1444 1612 1514 pati.
1645 1446 1826 1516 Ignem
1857 1448 1934 1502 ait
1954 1465 2061 1505 non

477 1545 897 1604 comburentem
932 1541 1319 1596 devoraturum
1349 1538 1464 1592 fore
1515 1539 1761 1607 impium.
1799 1540 1898 1598 Hic
1922 1542 2061 1612 ignis

483 1637 625 1707 apud
664 1651 762 1690 nos
793 1632 1111 1696 materialis,
1151 1646 1257 1686 non
1283 1641 1366 1686 est
1394 1631 1534 1700 ignis
1562 1647 1666 1687 non
1705 1633 2056 1690 comburens:

468 1725 728 1782 'videmus
788 1725 930 1781 enim
968 1723 1169 1793 ipsum.
1201 1721 1270 1776 At
1313 1722 1457 1793 ignis
1499 1723 1588 1778 ille
1623 1723 1912 1780 invisibilis
1953 1733 2059 1792 est,

468 1822 574 1892 "qui
619 1826 937 1890 peccatores
983 1816 1208 1881 invadit,
1263 1816 1353 1886 qui
1387 1816 1528 1870 intra
1584 1815 1706 1871 illos
1738 1819 1937 1872 exurit.
1971 1817 2061 1874 In-

2095 556 2142 612 Α
2397 551 2545 620 Στίχ.
2573 550 2676 604 κ6’.
2728 553 2911 620 Νίψαι
2936 551 3028 604 ἐπ’
3054 552 3240 606 αὐτόν
3270 554 3509 621 ὀδύνας.

2254 644 2399 696 Ἀντὶ
2426 642 2646 711 νιφετοῦ
2674 643 2856 696 ὀδύναι
2884 643 3134 715 ἔρχονται
3167 646 3259 699 ἐπὶ
3297 646 3389 700 τὸν
3414 649 3670 702 τοιοῦτον.

2142 756 2146 761 ·
2169 734 2258 805 (56
2265 753 2281 802 )
2305 737 2453 806 Στίχ.
2487 734 2585 787 κδ’.
2611 737 2721 790 Kal
2751 738 2822 788 οὺ
2850 734 2928 804 μὴ
2953 736 3118 804 σωθῇ
3141 738 3209 791 ἐκ
3238 738 3435 807 χειρὸς
3468 739 3738 808 σιδήρου.

2235 829 2461 900 Σίδηρον
2487 830 2547 882 οὐ
2581 829 2726 897 λέγει
2759 828 2950 882 τοῦτον
2986 829 3077 881 τὸν
3131 830 3408 900 αίσυητὸν,
3440 832 3575 886 ἀλλὰ
3599 851 3740 905 τμη-

2164 919 2463 973 τικὼτατον
2503 921 2680 990 λόγον.

2125 1056 2135 1072 ,
2167 1010 2276 1082 (57)
2327 1011 2476 1082 Στίχ.
2525 1019 2622 1065 κε’.
2658 1012 2957 1078 Διςξέλθοι
3011 1013 3080 1065 δὲ
3120 1013 3217 1068 διὰ
3255 1014 3528 1084 σώματος
3559 1016 3741 1071 αὐτοῦ

2852 1085 3063 1149 βέλος.

2235 1174 2318 1228 Τὰ
2343 1173 2473 1245 βέλη
2499 1172 2674 1226 ταῦτα
2720 1173 2788 1226 τὰ
2826 1174 3200 1246 πεπυρωμένα
3231 1175 3524 1248 τιτρώσκει
3558 1178 3737 1233 αὐτόν.

2165 1264 2277 1336 (58)
2322 1265 2468 1336 Στίχ.
2515 1272 2613 1319 κε’.
2661 1264 2977 1320 Κατέδεται
3022 1267 3210 1321 αὐτόν
3261 1269 3380 1337 πῦρ
3413 1269 3738 1327 ἄκαυστον.

2233 1357 2545 1429 Μυστήριόν
2585 1374 2637 1410 τι
2671 1357 3014 1428 μανθάνομεν
3055 1359 3182 1429 περὶ
3211 1360 3310 1430 τῆς
3343 1361 3615 1426 κολάσεως
3644 1363 3740 1434 τῆς

2163 1449 2554 1519 ἀποκειμένης,
2590 1447 2676 1500 ἵνα
2717 1447 3114 1519 φυλασσώμεθα
3156 1449 3324 1521 αὐτὴν
3369 1450 3580 1505 παθεῖν.
3623 1452 3742 1524 Πῦρ

2141 1536 2314 1594 ,εἶπεν
2346 1540 2614 1594 ἄκαυστον
2646 1539 2965 1593 κατέδεσθαι
2993 1539 3084 1592 τὸν
3114 1539 3315 1610 ἀσεὸῆο
3356 1541 3514 1594 τοῦτο
3541 1542 3602 1596 τὺ
3630 1540 3742 1614 πῦρ

2161 1633 2222 1687 τὸ
2255 1633 2383 1705 παρ’
2417 1635 2544 1704 ἡμῖν
2573 1633 2753 1687 ὑλικὸν
2787 1633 2886 1686 οὐκ
2912 1631 3057 1685 ἔστιν
3083 1631 3351 1685 ἄκαυστον
3381 1632 3519 1705 πῦρ·
3549 1633 3744 1704 βλεπὸ-

2156 1741 2326 1798 ’μενον
2344 1723 2461 1795 ’γὰρ
2499 1724 2647 1778 αὑτό.
2697 1726 2901 1777 Ἐκεῖνο
2925 1723 2982 1776 δὲ
3007 1723 3236 1795 ἀόρατόν
3271 1725 3384 1777 ἐστι
3421 1723 3482 1776 τὸ
3513 1724 3645 1796 πῦρ,
3681 1726 3743 1780 τὸ

2163 1816 2255 1868 ἐπὶ
2277 1817 2401 1879 τοὺς
2431 1815 2786 1885 ἁμαρτωλοὺς
2805 1814 3116 1886 ἐρχόμενον,
3139 1814 3167 1867 ὂ
3189 1814 3332 1869 ἔνδον
3352 1816 3550 1880 αὐτοὺς
3575 1816 3738 1871 καίει.

481 1911 806 1969 tellectualis
842 1921 927 1965 est
950 1917 1006 1964 et
1029 1905 1358 1980 puniens.Si
1392 1905 1473 1960 vis
1499 1906 2054 1977 imaginem'accipere

2169 1909 2373 1979 Νοητόν
2414 1910 2529 1960 ἐστι
2562 1909 2656 1962 καὶ
2696 1906 2941 1970 κολάζον.
2985 1906 3110 1960 Ἐὰν
3145 1907 3304 1980 Θέλῃς
3335 1909 3517 1963 εἰκόνα
3558 1927 3741 1982 παρα·-

481 2003 628 2059 illius
685 2002 844 2072 ignis,
899 1999 1079 2070 cogita
1119 1997 1249 2051 mihi
1287 1981 1564 2051 hominem
1616 1996 1930 2050 immaniter
1985 1997 2060 2052 le-

463 2093 776 2160 '1trieutem,
811 2105 866 2150 et
925 2093 992 2147 ab
1047 2106 1113 2145 eo
1165 2090 1290 2158 igne
1328 2095 1602 2142 exustum.
1653 2084 1770 2142 Non
1813 2087 2060 2142 invenies

481 2190 676 2242 obtutu
708 2188 885 2255 ignem
919 2185 973 2239 in
1007 2184 1141 2239 illo:
1177 2183 1363 2237 subest
1398 2190 1606 2244 tamen,
1633 2187 1690 2234 et
1727 2179 1907 2235 exurit
1939 2177 2061 2248 ejus

465 2281 710 2334 'viscera.
740 2277 894 2332 llaud
925 2275 1084 2330 aliter
1123 2287 1152 2327 a
1196 2271 1437 2343 peccatis
1477 2270 1714 2326 febriens
1752 2269 1874 2338 quis
1925 2283 2058 2326 eu-

481 2373 641 2424 ritur.
1045 2356 1058 2368 ’

544 2463 602 2516 V.
634 2461 726 2517 25.
767 2459 927 2514 Malis
958 2467 1135 2513 autem
1159 2457 1372 2527 afﬁciat
1404 2457 1603 2511 advena
1626 2455 1838 2509 domum
1871 2453 2006 2524 ejus.

553 2555 658 2622 Qui
682 2564 871 2609 contra
903 2551 1158 2623 populum
1187 2551 1337 2605 illum
1362 2551 1584 2621 gerebat
1604 2547 1827 2614 bellum,
1851 2549 2060 2602 advena

480 2657 602 2699 erat
637 2651 692 2698 et
747 2659 853 2697 non
901 2641 1228 2713 proselytus.
1279 2641 1378 2707 Qui
1418 2639 1576 2694 malis
1622 2637 1802 2694 all‘ecit
1835 2639 2056 2693 domum

465 2735 630 2806 'ejus,
677 2733 978 2789 dissolvens
1003 2734 1148 2804 quod
1181 2734 1319 2788 tanti
1355 2731 1520 2786 [iebat
1563 2729 1962 2796 sanctuarium,
2003 2739 2060 2784 et

465 2832 788 2896 ‘civitatem,
812 2845 975 2901 quam
1010 2828 1353 2899 appellabant
1377 2836 1645 2882 sanetam.

586 2923 656 2981 ν.
694 2923 784 2978 27.
829 2920 1034 2978 Revelet
1069 2931 1246 2977 autent
1275 2919 1461 2974 calum
1494 2918 1797 2986 iniquitates
1821 2915 1955 2986 ejus.

456 3098 461 3103 ’
551 3085 681 3150 Pro,
711 3091 762 3138 et
801 3098 866 3136 ex
918 3079 1026 3134 Deo
1056 3085 1105 3132 et
1131 3091 1194 3131 ea:
1234 3074 1360 3130 creto
1395 3073 1677 3129 sustinebit
1728 3071 1899 3126 mala.
1936 3068 2063 3124 Haec

451 3186 662 3233 ‘autem
693 3175 850 3241 dixit,
887 3173 1012 3242 quia
1045 3185 1167 3225 cum
1199 3167 1430 3222 dixisset
1455 3166 1561 3222 Job
1592 3181 1624 3220 a
1652 3165 1763 3220 Deo
1792 3178 1852 3218 se
1893 3162 2062 3218 fuisse

2161 2000 2343 2054 λαϐεῖν
2369 1998 2576 2053 ἐκείνου
2613 1998 2705 2051 τοῦ
2735 1999 2924 2070 πυρὸς,
2954 1997 3062 2052 νόει
3088 2015 3178 2068 μοι
3206 1999 3296 2052 τὸν
3323 2001 3402 2063 είς
3436 2000 3743 2073 ὑπερϐολὴν

2163 2091 2518 2163 πυρέσσοντα,
2553 2091 2648 2143 καὶ
2684 2089 2787 2143 ὑπὸ
2828 2091 3000 2162 πυρὸς
3049 2089 3394 2162 φλεγόμενον.
3431 2092 3542 2163 Οΰχ
3573 2094 3741 2165 εὑρή-

2161 2199 2276 2245 σεις
2308 2181 2428 2252 ὄψει
2459 2181 2520 2234 τὸ
2547 2180 2655 2252 πῦρ
2691 2182 2748 2234 ἐν
2774 2179 2954 2251 αὐτῷ,
2992 2181 3278 2236 ὑπόκειται
3303 2181 3384 2248 δὲ,
3415 2183 3508 2236 καὶ
3529 2185 3745 2238 ἐκκαίει

2161 2271 2324 2326 αὐτοῦ
2371 2272 2438 2326 τὰ
2479 2271 2782 2344 σπλάγχνα.
2830 2273 3017 2338 Οὕτως
3047 2273 3154 2326 ἀπὸ
3185 2273 3293 2326 τῶν
3329 2275 3745 2347 ἁμαρτημάτων

2163 2361 2444 2432 πυρέττων
2475 2379 2559 2428 τις
2584 2363 2886 2417 ὲκκαίεται.

2160 2454 2310 2524 Στίχ.
2344 2460 2437 2507 κε’.
2468 2453 2742 2510 Κακὼσαι
2770 2454 2838 2508 δὲ
2867 2455 3053 2510 αὑτοῦ
3081 2454 3383 2523 ἐπήλυτος
3421 2458 3529 2512 τὸν
3553 2459 3742 2513 οἷκον.

2242 2547 2301 2598 '0
2331 2546 2642 2617 πολεμήσας
2677 2546 2766 2600 τὸν
2812 2545 2936 2600 λαὸν
2973 2549 3176 2601 ἐκεῖνον
3219 2550 3483 2621 ἐπήλυτος
3513 2546 3603 2621 ἦν,
3650 2552 3746 2604 καὶ

2161 2637 2222 2690 οὐ
2250 2637 2586 2708 προσήλυτος
2604 2654 2619 2668 ο
2649 2636 2710 2700 ὃς
2733 2638 3012 2692 ἐκάκωσεν
3037 2639 3203 2692 αὑτοῦ
3238 2642 3329 2695 τὸν
3369 2636 3539 2706 οἷκον,
3571 2660 3745 2696 κατα-

2162 2728 2302 2782 λύων
2334 2730 2394 2782 τὸ
2422 2729 2772 2801 νομιζόμενον
2801 2731 3069 2804 ἁγίασμα,
3105 2733 3196 2786 καὶ
3227 2733 3324 2804 τὴν
3358 2734 3510 2788 πόλιν
3534 2735 3599 2806 ἣν
3625 2733 3746 2787 ἕλε-

2161 2838 2258 2890 γον
2291 2817 2430 2875 εἶναι
2464 2821 2641 2891 ἁγίαν.

2163 2913 2278 2987 (59)
2312 2914 2461 2985 Στίχ.
2492 2915 2594 2980 κζ’.
2641 2917 3044 2986 Ἆνακαλύψαι
3077 2918 3145 2973 δὲ
3175 2918 3364 2975 αὐτοῦ
3408 2922 3440 2973 ό
3484 2920 3750 2988 οὐρανὸς

2744 2988 2852 3054 τὰς
2875 2989 3147 3059 ἀνομίας.

2248 3078 2392 3131 Ἀντὶ
2422 3075 2540 3142 τοῦ,
2565 3078 2675 3132 Καὶ
2695 3078 2764 3133 ἐκ
2789 3080 2937 3135 Θεοῦ
2970 3081 3069 3135 καὶ
3095 3081 3164 3146 ἐξ
3196 3080 3452 3151 οὐρανοῦ
3478 3083 3748 3151 ὑποστή-

2164 3185 2334 3226 σεται
2369 3171 2441 3226 τὰ
2465 3171 2649 3226 δεινά.
2682 3171 2866 3228 Ταῦτα
2887 3174 2944 3228 δὲ
2973 3173 3099 3245 ἔφη,
3122 3175 3309 3248 ἐπειδὴ
3335 3178 3364 3229 ό
3401 3174 3542 3240 Ἰὼϐ,
3567 3179 3751 3248 φήσας

476 3271 842 3333 vulneratum,
874 3261 1564 3330 commemoraveratquod
1606 3267 1662 3314 et
1699 3258 1768 3313 ab
1816 3255 2048 3312 homini-

2169 3265 2260 3318 ὕπὸ
2285 3264 2421 3318 Θεοῦ
2459 3264 2788 3337 πεπλῆχθαι,
2820 3267 3156 3338 ἐμνημόνευε
3181 3269 3276 3323 καὶ
3300 3269 3376 3332 ὼς
3400 3267 3505 3324 ὑπὸ
3531 3267 3751 3340 ἀνθρώ-

450 3363 584 3418 “bus
617 3360 809 3429 injuria
858 3356 1087 3411 ati'eetus
1119 3354 1317 3409 fuerat.
1349 3351 1554 3406 Nititur
1588 3350 1750 3420 igitur
1781 3348 2052 3410 evincere,

479 3454 606 3523 quia
644 3449 827 3504 omnia
862 3458 1085 3515 propter
1105 3453 1322 3514 peccata
1347 3443 1402 3496 in
1437 3456 1561 3497 eum
1590 3440 1808 3493 inducta
1832 3435 2051 3492 fuerint.

643 3535 719 3591 Ὗ.
748 3534 840 3587 2Ἶ.
866 3531 1035 3586 Terra
1055 3541 1225 3585 autem
1254 3530 1494 3600 insurgat
1524 3539 1708 3582 contra
1736 3541 1873 3579 eum.

549 3630 665 3697 Ipsa
700 3635 844 3680 terra
883 3625 1118 3694 insurgit
1148 3624 1408 3678 adversus
1441 3618 1695 3690 populum
1725 3617 1896 3674 illum.

473 3725 582 3806 έν.
614 3723 810 3785 29.Ἐι
840 3726 1096 3799 possessio
1123 3722 1442 3794 facultatum
1470 3723 1572 3792 ipsi
1610 3721 1674 3774 ab
1704 3721 2016 3789 inspectore.

521 3887 814 3963 ’lntélligis
837 3889 1267 3961 quis‘inspector
1295 3886 1383 3942 hic
1424 3886 1736 3939 nominatus
1759 3882 1882 3938 est?
1915 3882 2055 3938 Deus

450 3989 760 4059 'inspector
788 3984 970 4039 dictus
1015 3991 1136 4049 est,
1173 3988 1228 4034 et
1273 3977 1515 4046 episcopi
1551 3976 1710 4030 'illius
1767 3974 2052 4044 imaginem

451 4080 628 4136 "omni
654 4078 835 4144 modo,
864 4075 908 4130 si
946 4073 1072 4129 boni
1102 4070 1364 4142 probique
1391 4066 1685 4133 sint,'ferre
1709 4068 2052 4120 annituntur.

477 4173 547 4228 Et
578 4172 718 4226 sicut
740 4170 830 4240 qui
863 4167 1108 4221 imitatur
1146 4162 1439 4232 imaginem
1474 4160 1703 4230 regiam,
1751 4161 2056 4214 honoratur

473 4276 543 4316 ex
592 4273 657 4314 eo
707 4257 850 4326 quod
901 4253 1126 4323 pulchre
1185 4250 1431 4303 imitatus
1483 4247 1577 4312 sit,
1617 4249 1894 4314 etiamque
1927 4244 2051 4313 quia

470 4365 598 4406 eam
625 4349 841 4405 ornavit
874 4361 885 4396 :
915 4345 988 4398 ita
1047 4344 1238 4397 beatus
1291 4338 1603 4406 episcopus,
1650 4335 1743 4404 qui
1792 4334 2053 4402 recogitet

445 4449 448 4453 '
475 4455 665 4495 verum
698 4440 1034 4508 episcopum,
1061 4446 1294 4500 eumque
1329 4430 1636 4491 aemulatur,
1665 4436 1720 4480 et
1743 4425 1932 4479 evadit
1953 4439 2048 4480 ceu

473 4535 620 4588 inter
651 4530 895 4586 homines
925 4528 1067 4582 Deus
1093 4543 1108 4579 :
1137 4524 1221 4578 vel
1241 4521 1342 4592 qui
1368 4521 1529 4576 habet
1566 4519 1878 4587 episcOpum
1899 4532 2045 4580 eum,

2159 3375 2275 3410 πων
2324 3358 2673 3430 ἠδικημένος.
2718 3359 3135 3424 Κατασκευάζει
3166 3355 3280 3426 οὖν,
3329 3360 3412 3414 ὅτι
3448 3360 3628 3414 πάντα
3675 3358 3749 3412 δι’

2157 3449 2436 3522 ἁμαρτίας
2466 3450 2628 3502 αὐτὸν
2657 3451 2949 3522 ἐπηνέχθη.
3391 3515 3398 3526 ⁸

2307 3540 2417 3611 (60)
2452 3541 2598 3612 Στίχ.
2634 3542 2735 3607 κζ’.
2769 3542 2860 3612 Γῆ
2890 3542 2957 3596 δὲ
2983 3543 3357 3610 ἐπανασταίη
3389 3541 3570 3608 αὐτῷ.

2227 3632 2374 3704 Αὐτὴ
2406 3635 2439 3702 ἡ
2462 3632 2534 3703 γῆ
2569 3633 2928 3688 ἐπανίσταται
2964 3635 3156 3707 ἐκείνῳ
3189 3635 3267 3706 τῷ
3304 3633 3438 3706 λαῷ.

2231 3724 2344 3795 (61)
2379 3726 2530 3795 Στίχ.
2585 3725 2688 3782 κθ¹.
2735 3727 2844 3799 Kal
2887 3727 3089 3799 ,κτῆμα
3143 3729 3542 3799 ὑπαρχόντων
3583 3727 3749 3796 αὐτῷ

2615 3797 2775 3866 παρὰ
2809 3797 2912 3852 τοῦ
2933 3799 3290 3853 ἐπισκόπου.

2225 3886 2502 3942 Μανθάνει
2556 3887 2668 3960 (62)
2711 3890 2795 3954 τίς
2834 3891 3131 3956 ἐπίσκοπος
3183 3891 3371 3946 ἐνθάδε
3401 3891 3744 3963 ζώνομάσθης

2155 3979 2238 4031 ὅτι
2270 3977 2402 4042 Θεὸς
2456 3981 2757 4045 ἐπίσκοπος
2787 3981 3023 4054 εἴρηται,
3063 3983 3156 4036 καὶ
3198 3984 3248 4036 οἱ
3275 3982 3566 4036 ἐπίσκοποι
3593 3980 3743 4036 ἐκεί-

2156 4084 2248 4121 νου
2303 4071 2401 4139 τὴν
2444 4069 2629 4122 εἰκόνα
2659 4070 2823 4124 πανίεῖ¹
2871 4073 2950 4143 τῷ
2993 4073 3180 4144 τρόπῳ
3227 4070 3660 4144 φιλοτιμοῦνται,
3688 4071 3744 4124 οἱ

2156 4159 2308 4212 καλοὶ
2335 4160 2430 4213 καὶ
2463 4160 2678 4228 ἁγαθοὶ,
2709 4166 2914 4233 φορεῖν.
2946 4165 3055 4217 Kal.
3071 4164 3261 4235 ὥσπερ
3289 4166 3318 4218 ό
3358 4163 3743 4235 μιμησάμνος

2155 4250 2342 4304 εἰκόνα
2375 4251 2659 4324 βασιλικὴν
2689 4257 2916 4326 τιμᾶται
2946 4255 3038 4308 ἐπὶ
3065 4255 3126 4308 τὸ
3151 4254 3332 4320 καλῶς
3359 4253 3739 4326 μιμήσασθαι,

2155 4345 2379 4413 τιμᾶται
2411 4343 2468 4396 δέ
2503 4346 2596 4397 καὶ
2636 4346 2728 4398 ἐπὶ
2771 4345 2850 4417 τῷ
2883 4347 3050 4419 αὐτὴν
3079 4345 3478 4418 κεκοσμηκέναι
3500 4362 3514 4375 ο
3565 4342 3742 4408 οὕτως

2158 4434 2426 4504 μακάριος
2463 4437 2786 4500 ἐπίσκοπος,
2825 4439 2854 4492 ό
2886 4439 3086 4509 νοήσας
3109 4439 3201 4492 τὸν
3225 4436 3474 4509 ἀληθινὸν
3510 4436 3740 4489 ἐπίσκο-

2155 4541 2276 4589 πον,
2310 4525 2404 4578 καὶ
2439 4525 2615 4596 ζηλῶν
2635 4527 2818 4591 αὑτὸν,
2837 4529 2930 4583 καὶ
2956 4529 3236 4599 γινόμενος
3258 4528 3334 4591 ὡς
3356 4530 3413 4581 ἐν
3429 4525 3742 4596 ἀνθρώποις

472 4625 568 4694 qui
607 4624 781 4692 ipsum
811 4620 939 4675 fecit
968 4631 1156 4673 revera
1188 4617 1240 4670 in
1268 4615 1488 4670 Christo
1526 4610 1654 4666 Jesu
1684 4609 1998 4680 episcopum
2032 4628 2046 4663 :

2169 4615 2317 4680 θεός·
2349 4618 2382 4684 ἢ
2411 4594 2548 4688 ἔχων
2584 4618 2882 4672 ἐπίσκοπον
2914 4594 3005 4674 τόν
3034 4594 3291 4675 ποιοῦντα
3328 4620 3488 4673 αὑτὸν
3521 4594 3742 4689 άληθῶς

471 4715 561 4769 cui
620 4713 790 4782 gloria
857 4724 912 4766 et
963 4709 1251 4780 imperium
1341 4707 1394 4759 in
1453 4701 1649 4759 saecula
1701 4701 2046 4757 saeculorum.

443 4807 514 4862 ’Ἀ
526 4822 666 4859 men.

1100 4886 1254 4944 CAP.
1284 4885 1425 4942 XXI.

589 4986 651 5042 V.
683 4985 736 5040 5.
768 4984 1037 5038 lntuentes
1061 4983 1117 5036 in
1143 4997 1243 5047 me,
1287 4979 1694 5032 admirationem
1732 4977 1938 5031 habete.

523 5091 526 5094 ‘
547 5078 744 5134 Dicitis
771 5090 890 5130 esse
912 5075 1208 5144 sapientes,
1242 5080 1298 5125 et
1319 5070 1461 5125 scire
1484 5070 1672 5138 utquid
1697 5070 1808 5122 haec
1847 5068 2045 5136 patior,

472 5176 731 5238 tanquam
761 5165 873 5222 Deo
907 5181 1013 5218 non
1045 5161 1408 5218 indormien'te
1456 5159 1695 5229 peccatis
1743 5159 2045 5214 hominum.

470 5259 543 5312 Et
580 5260 697 5313 ausi
732 5257 866 5314 estis
904 5242 1086 5312 dicere
1122 5270 1208 5310 me
1235 5262 1576 5324 peccatorem
1622 5265 1764 5317 esse,
1812 5263 1866 5305 et
1906 5251 2050 5320 juSte

468 5350 530 5405 in
561 5351 675 5405 hiec
703 5349 1036 5420 pervenisse.

652 5441 716 5497 V.
748 5443 802 5496 7.
829 5441 1256 5496 Inueteraverunt
1289 5448 1465 5492 autem
1488 5446 1536 5492 et
1564 5437 1621 5490 in
1655 5437 1870 5491 divitiis.

543 5535 659 5590 Non
685 5544 812 5589 sunt
839 5548 1008 5604 nuper
1038 5532 1236 5586 divites
1269 5531 1475 5597 cllecti,
1525 5529 1618 5584 sed
1653 5528 1850 5584 multos
1882 5545 2048 5586 annos

438 5659 442 5663 ’
546 5653 662 5721 (56)
682 5650 813 5705 Cod.
844 5661 1092 5718 uterque.

544 5723 658 5790 (57)
695 5722 950 5790 Uterque.

544 5730 635 5789 (57
696 5730 950 5790 Uterque.

414 5781 480 5868 ,β
542 5730 658 5868 «ssi
686 5794 887 5868 εέοειίεν
915 5805 976 5868 ει,
997 5795 1212 5868 οιγηιρ,ο

415 5862 446 5895 ῖ¹
537 5862 657 5934 {59)
691 5862 842 5918 Unus
881 5864 1001 5920 cod.
1041 5862 1230 5920 tribuit
1258 5862 1636 5934 PolycltrOnio.

533 5935 657 6007 {60)
678 5936 807 5993 Cod.
837 5951 949 5991 ut.

461 6046 508 6056 *κ

2153 4711 2213 4762 ἐν
2240 4709 2460 4780 Χριστῷ
2492 4711 2668 4780 Ἰησοῦ
2704 4712 3029 4764 ἐπίσκοπον·
3065 4706 3170 4782 ᾧὴ
3209 4711 3338 4779 δόξα
3368 4712 3462 4765 καὶ
3503 4710 3566 4764 τὸ
3604 4710 3741 4781 κρά-

2154 4820 2246 4868 τος
2267 4805 2348 4868 είς
2373 4805 2499 4868 τοὺς
2525 4803 2726 4868 αἰῶνας
2749 4804 2858 4857 τιῖιν
2879 4802 3118 4861 αἰώνων.
3154 4805 3348 4876 Ἀμήν.

2787 4896 2943 4950 ΚΕΦ.
2967 4895 3100 4950 KA'.

2157 4986 2268 5058 (65)
2303 4987 2450 5059 Στίχ.
2483 4986 2544 5042 ε’.
2570 4987 3021 5056 Εὶσϐλέψαντες
3055 4992 3142 5056 εὶς
3165 4987 3271 5058 ἐμὲ
3303 4985 3498 5055 θαῦμα
3528 4983 3736 5054 σχέτε.

2152 5155 2155 5157 _
2225 5079 2365 5132 Φατέ
2400 5079 2554 5150 σοφοὶ
2583 5075 2742 5147 εἶναι,
2791 5079 2883 5132 καὶ
2928 5080 3125 5135 εἰδέναι
3180 5079 3268 5132 διὰ
3316 5081 3370 5131 τί
3414 5077 3586 5130 ταῦτα
3635 5077 3742 5128 πά-

2158 5189 2291 5243 σχω,
2319 5172 2395 5236 ὡς
2436 5171 2530 5225 τοῦ
2563 5171 2699 5225 Θεοῦ
2749 5171 2824 5244 μὴ
2869 5173 3215 5244 κοιμωμένου
3261 5171 3355 5224 ἐπὶ
3398 5172 3511 5233 τοῖς
3554 5170 3740 5238 ἁμαρ-

2156 5264 2364 5334 τήμασι
2392 5261 2502 5316 τῶν
2546 5261 2871 5334 ἀνθρώπων.
2926 5264 3040 5316 Καὶ
3079 5262 3414 5336 ἐτολμήσατέ
3459 5278 3526 5332 με
3560 5259 3740 5329 λέγειν

2158 5351 2478 5424 ἁμαρτωλὸν
2509 5347 2670 5416 εἶναι,
2705 5352 2799 5406 καὶ
2826 5353 3051 5420 δικαίως
3083 5357 3165 5420 εἰς
3203 5355 3378 5409 ταῦτα
3414 5351 3738 5422 ἐφθακέναι.

2194 5442 2304 5513 (64)
2336 5441 2485 5512 Στίχ.
2523 5441 2588 5507 ς’.
2619 5444 3073 5500 Πεπαλαίωνται
3107 5446 3178 5499 δὲ
3208 5445 3304 5499 καὶ
3336 5445 3407 5498 ὲν
3437 5443 3700 5510 πλούτῳ.

2227 5534 2342 5586 Οὐκ
2401 5533 2507 5586 εἰσὶ
2556 5533 2888 5603 νεόπλουτοι,
2949 5537 3088 5593 ἀλλὰ
3152 5537 3322 5592 πολλὰ
3371 5537 3466 5606 ἐτη
3506 5534 3724 5604 πεποιὴο

2227 5647 2340 5722 (ﬁt)
2371 5647 2583 5722 gonlerg
2604 5649 2831 5722 AOlymp.

2249 5717 2339 5786 62)
2378 5717 2540 5773 Forte
2565 5717 2818 5776 Μανδάνε
2828 5739 2896 5786 ις.

2249 5723 2339 5786 62)
2378 5723 2540 5773 Forte
2565 5723 2785 5775 Μανθάν

2211 5723 2340 5859 κὲϐᾅ)
2370 5789 2504 5859 Cod.
2534 5799 2785 5859 uterque.

2226 5854 2338 5935 (Si?)
2371 5854 2690 5935 Coti-“{3}.-
2723 5862 2879 5921 Alius
2932 5861 3126 5920 tribuit
3167 5857 3384 5932 Joanni.
3414 5885 3483 5899 —-
3533 5854 3726 5916 Confer

2144 5939 2190 5984 t.
2221 5927 2333 5997 XII,
2367 5929 2468 5986 col.
2503 5928 2660 5986 1055.
