4004 6514
357 437 428 491 ’Π
1554 436 2092 496 ENARRATIO‘NES
2128 440 2195 496 ΙΝ
2234 442 2374 499 JOB.
3542 449 3607 502 78

351 577 484 619 mat
540 558 913 625 πλουτοῦντες,
948 560 1042 613 καὶ
1102 561 1189 613 ἀεὶ
1231 557 1322 612 τὸν
1375 558 1601 612 πλοῦτον
1654 559 1905 624 αὔξοντες

2038 561 2423 631 impenderunt
2471 563 2820 629 ditescentes,
2877 578 3204 636 semperque
3253 566 3472 622 divitias
3516 580 3615 624 au-

495 739 643 810 Στίχ.
669 739 737 811 η’.
778 740 832 790 '0
880 739 1108 808 σπόρος
1143 738 1342 793 αὐτῶν
1383 739 1533 793 κατὰ
1557 741 1787 810 ψυχήν.

419 830 531 884 τοῦ
585 832 684 902 μὲν
714 831 924 885 δικαίου
972 834 1002 885 ὁ
1059 832 1259 904 σπόρος
1309 832 1451 886 κατὰ
1505 831 1727 904 πνεῦμά
1779 835 1922 886 ἐστι’

349 923 588 991 Σπειρει
619 921 728 996 γὰρ
758 924 845 989 εἰς
874 921 940 976 τὸ
965 921 1222 992 πνεῦμα,
1254 923 1348 976 καί
1369 922 1439 976 ἐκ
1465 922 1570 978 τοῦ
1594 927 1931 993 πνεύματος

350 1013 559 1083 θερίζει
577 1013 731 1082 ζωὴν
747 1013 1025 1068 αἰώνιονο
1059 1014 1168 1068 τῶν
1201 1013 1258 1067 δὲ
1289 1014 1566 1078 τοιούτων,
1601 1015 1724 1068 ἐπεὶ
1749 1018 1929 1085 ψυχι-

348 1105 458 1171 κὸς
481 1104 795 1174 ἅνθρωπος
815 1104 887 1158 οὐ
907 1101 1139 1171 δέχεται
1169 1103 1240 1156 τὰ
1272 1102 1377 1155 τοῦ
1404 1103 1741 1171 πνεύματος
1763 1119 1775 1131 ·
1811 1120 1929 1171 μω-

338 1195 448 1264 ρία
470 1198 582 1264 γὰρ
604 1193 767 1260 αὐτῷ
797 1194 995 1248 ἐστιν·
1022 1195 1051 1247 ό
1077 1195 1276 1265 σπόρος
1291 1195 1350 1247 οὑ
1378 1193 1520 1247 κατὰ
1542 1191 1776 1263 πνεῦμα,
1792 1193 1928 1249 ἀλλὰ

343 1286 492 1341 κατὰ
515 1287 716 1358 ψυχὴν,
747 1286 810 1339 τὸ
836 1285 1243 1355 ὑποδεέστερον.

455 1377 607 1447 Στέχ.
636 1383 704 1446 η’.
737 1374 816 1429 Τὰ
839 1375 906 1431 δὲ
933 1376 1112 1429 τέκνα
1137 1374 1335 1429 αὐτῶν
1366 1377 1435 1428 ἐν
1465 1378 1809 1447 ὀφθαλμοῖς.

419 1469 608 1522 Πάντα
632 1470 733 1522 ὅσα
766 1467 1008 1522 ποιοῦσιν
1027 1507 1040 1530 ,
1078 1467 1227 1535 πρὸς
1258 1468 1322 1521 τό
1351 1467 1628 1536 θεαθῆναι
1653 1471 1770 1525 ὑπὸ
1802 1472 1920 1527 τῶν

346 1557 675 1627 ἀνθρώπιον
697 1556 930 1610 ποιοῦσι.
955 1557 1130 1610 Τέκνα
1155 1557 1262 1628 γὰρ
1280 1557 1347 1610 τὰ
1375 1557 1509 1627 ἔργα
1535 1560 1780 1616 ἑκάστου.
1805 1560 1917 1615 Οὐκ

343 1652 465 1704 ἔστι
494 1650 664 1704 τέκνα
697 1649 809 1702 τῶν
844 1648 1162 1721 ἑτεροδόξων
1204 1651 1262 1703 ὲν
1291 1651 1507 1722 καρδίᾳ,
1542 1652 1601 1703 ὲν
1641 1651 1916 1724 λογισμοῖς

344 1740 597 1810 ἀγαθοῖς,
628 1741 742 1794 ἀλλ’
773 1742 832 1794 ὲν
854 1739 1181 1810 ὀφθαλμοῖς,
1211 1741 1360 1810 πρὸς
1388 1743 1455 1796 τὸ
1488 1743 1765 1811 θεαθῆναι
1795 1748 1913 1802 ὑπὸ

346 1832 469 1888 τῶν
501 1833 845 1902 ἀνθρώπων.

484 1927 597 1997 (65)
629 1927 773 1997 Στίχ.
807 1927 872 1982 θ’.
908 1929 973 1982 οι
1000 1923 1150 1981 οἴκοι
1177 1927 1374 1982 αὐτῶν
1394 1927 1776 1994 εὐθηνοῦσιν.

422 2018 536 2072 Ὀτ’
571 2017 637 2071 ἂι
681 2017 927 2089 εἰσέλθῃς
971 2019 1050 2081 εἰς
1097 2017 1413 2088 συναγωγὴν
1452 2017 1772 2088 αἰρετικῶν,
1821 2019 1913 2070 καὶ

339 2111 464 2183 ῖδῃς
491 2113 609 2164 ἐκεῖ
649 2110 852 2181 πλῆθος
892 2111 1292 2180 συναγομένων,
1329 2109 1511 2179 βλέπε,
1554 2112 1632 2163 ὅτι
1678 2114 1731 2164 οἰ
1762 2106 1912 2164 οἴκοι

336 2201 545 2258 αὐτῶν
575 2202 963 2270 εὐθηνοῦσιν.

691 2289 838 2360 Στίχ.
865 2289 931 2345 θ’.
968 2290 1155 2356 Φόϐος
1186 2290 1256 2344 δὲ
1275 2291 1561 2361 οὐδαμοῦ.

411 2378 642 2448 Ἀφοϐοἰ
697 2380 856 2434 εἰσιν.
894 2380 970 2433 Οὐ
1019 2380 1309 2450 φοϐοῦνται
1336 2381 1428 2434 τὸν
1455 2381 1610 2445 Θεὸν,
1643 2399 1912 2451 καταφρο-

328 2472 486 2526 νοῦσι
518 2473 621 2544 τῆς
661 2474 924 2544 Θεότητος
951 2493 963 2505 ⁸
996 2475 1220 2529 τοιαῦτα
1247 2475 1495 2545 λέγοντες
1522 2477 1649 2548 περὶ
1679 2475 1832 2539 Θεοῦ,
1847 2478 1910 2532 οὐ

329 2563 651 2633 φοϐοῦνται,
690 2566 772 2619 ὅτι
809 2567 940 2638 περὶ
964 2565 1100 2620 Θεοῦ
1135 2568 1407 2623 λαλοῦσιν.

327 2656 485 2728 Στίχ.
521 2656 588 2709 θ’.
622 2656 858 2722 Μάστιξ
888 2657 956 2710 δὲ
1005 2659 1417 2747 παρὰδκυρίου
1461 2661 1571 2713 οὐκ
1604 2658 1777 2712 ἐστιν
1818 2655 1908 2706 ἐπ’

1013 2746 1237 2795 αυτοις.

404 2819 518 2875 Τοῦ
573 2821 783 2875 αὑτοῦ.
825 2821 949 2876 Ἐὰν
999 2821 1115 2894 ἰδῃς
1164 2819 1448 2892 ἄνθρωπον
1507 2821 1728 2876 τοιαῦτα
1773 2818 1914 2872 κατὰ

321 2909 466 2965 Θεοῦ
497 2911 782 2977 λαλοῦντα,
817 2912 1129 2982 ὑγιαίνοντα
1157 2912 1235 2984 τῷ
1274 2911 1505 2984 σώματι,
1533 2913 1909 2985 βλέποντα,τὰ

323 3003 668 3076 αἰσθητήρια
700 3004 961 3073 σώζοντα,
991 3005 1084 3059 καὶ
1103 3004 1362 3060 δοκοῦντα
1394 3006 1566 3060 ἐνίοτε
1587 3007 1682 3060 καὶ
1709 3009 1768 3061 ὲν
1792 3009 1910 3069 τοίς

323 3101 620 3168 κωμικοῖς
644 3099 919 3170 εὐτυχεῖν·
947 3099 1073 3170 ὅρα,
1106 3099 1187 3151 ὅτι
1213 3097 1568 3170 πεπλήρωται
1616 3099 1703 3152 ἐπ’
1741 3096 1906 3153 αὐτοῦ

318 3190 561 3256 ἀσεϐοῦς
603 3191 755 3257 ὄντος
786 3191 880 3246 τό’
939 3191 1176 3257 Madch
1226 3190 1296 3244 δὲ
1322 3190 1482 3260 παρὰ
1535 3192 1754 3258 Κυρίου
1793 3193 1903 3245 οὐκ

326 3280 506 3338 ἔστιν
533 3284 628 3338 ἐπ’
661 3284 885 3351 αὐτοῖς.
1189 3281 1195 3284 ”

461 3379 613 3450 Στίχ.
652 3377 707 3432 ι’.
744 3380 808 3436 Ἠ
841 3378 1000 3446 ,βοῦς
1038 3379 1236 3434 αὐτῶν
1257 3381 1370 3433 οὐκ
1399 3377 1762 3448 ώμοτόκησε.

400 3469 517 3525 Τοῦ
575 3471 780 3526 αὑτοῦ.
825 3472 882 3525 ὐ
933 3471 1058 3542 βοῦς
1105 3470 1244 3536 ζῶόν
1287 3473 1406 3524 ἐστι
1453 3471 1776 3542 γεωργικὸν,
1814 3473 1906 3524 καὶ

317 3562 619 3632 συμπνέων
652 3566 734 3626 εἰς
756 3565 1051 3635 γεωργίαν.
1070 3564 1181 3618 Καὶ
1206 3564 1359 3617 αὐτοὶ
1377 3561 1698 3634 γεωργοῦσι.
1733 3563 1906 3634 Γεωρ-

313 3650 480 3718 γοῦσι
525 3651 584 3704 δὲ
621 3651 830 3724 Σόδομα
879 3651 975 3706 καὶ
1022 3651 1296 3723 Γόμορρα,
1332 3650 1668 3722 γεωργοῦσιν
1700 3651 1905 3719 Αἴγυπ-

310 3757 431 3794 τον.
480 3741 725 3808 Ήβοῦς
780 3743 982 3797 αὐτῶν
1028 3743 1142 3796 οὐκ
1173 3740 1588 3810 ὠμοτόκηο-εν·
1629 3740 1765 3794 ἀλλὰ
1808 3744 1902 3796 καὶ

312 3831 459 3900 αὐτὴ
484 3830 789 3902 ἀπεκύησε,
814 3833 908 3886 καὶ
937 3829 1194 3901 ἐγέννησε
1224 3829 1432 3894 τέκνον,
1469 3831 1555 3884 ἵνα
1589 3831 1899 3902 γεωργῆται

308 3921 502 3978 αὐτῶν
526 3924 560 3992 ἠ
587 3922 800 3994 πονηρὰ
836 3923 930 3994 γῆ.

309 4007 466 4078 Στὶχ.
507 4007 560 4064 ι’.
585 4009 843 4078 Διεσώθη
875 4009 944 4063 δὲ
971 4010 1169 4065 αὐτῶν
1187 4012 1255 4064 ἐν
1288 4010 1500 4080 γαστρὶ
1525 4010 1776 4078 ἔχουσα,
1799 4013 1896 4064 καὶ

881 4083 992 4135 οὐκ
1034 4081 1325 4150 ἔσφηλεν.
1477 4107 1480 4111 ~

385 4172 530 4223 Ὅσα
563 4171 1019 4243 συλλαμϐάνουσι,
1050 4173 1222 4228 ταῦτα
1255 4174 1349 4226 καὶ
1390 4174 1630 4237 κύουσιν,
1659 4174 1760 4226 οὐκ
1788 4173 1894 4226 ἀπὸ

307 4261 404 4313 τοῦ
439 4261 607 4330 φόϐου
645 4262 780 4316 Θεοῦ
813 4264 1306 4336 συλλαμϐάνοντες,
1358 4265 1470 4318 ἀλλ’
1499 4266 1607 4318 ἀπὸ
1651 4265 1748 4336 τῆς
1797 4282 1894 4318 κα-

307 4355 458 4419 κίας.
502 4357 647 4411 Ἰδοὺ
687 4356 990 4428 ὠδίνησεν
1034 4360 1294 4424 ἀδικίαν,
1337 4359 1636 4414 συνέλαϐε
1680 4361 1888 4425 πόνον,

304 4450 406 4501 καί
435 4449 644 4504 ἔτεκεν
669 4453 945 4522 ἀνομίαν.

374 4546 524 4617 Στίχ.
557 4545 646 4600 ια’.
673 4547 940 4602 Μένουσι
961 4546 1029 4601 δὲ
1063 4546 1265 4617 ὥσπερ
1293 4549 1557 4617 πρόϐατα
1589 4547 1816 4605 αἰώνια.

376 4637 537 4702 Ποίος
568 4636 693 4701 νοῦς
721 4639 837 4690 ἐστι
863 4637 959 4690 τοῦ
979 4655 991 4667 ·
1023 4636 1320 4706 μενοῦσιν
1342 4637 1423 4702 ὡς
1452 4637 1714 4704 πρόϐατα
1751 4633 1887 4688 αἰώ-
1915 4621 1967 4681 D

302 4747 444 4794 sua;
473 4730 614 4800 Περὶ
642 4721 717 4786 ὧν
750 4746 916 4801 φησιν
957 4731 986 4782 ὁ
1032 4729 1300 4801 Χριστός·
1348 4727 1425 4783 Τὰ
1471 4727 1585 4797 ἐμὰ
1623 4727 1888 4794 πρόϐατα

300 4821 417 4888 τῆς
449 4821 603 4891 ἐμῆς
634 4820 838 4890 φωνῆς
863 4821 1180 4885 ἀκούουσι,
1207 4821 1305 4874 καί
1334 4819 1450 4890 ἐγὼ
1466 4817 1618 4886 ζωὴν
1649 4816 1888 4872 αἰώνιον

302 4912 515 4982 δίδωμι
539 4911 765 4978 αὐτοῖς,
791 4913 885 4964 καί
910 4914 978 4964 τὰ
1023 4909 1153 4980 ἑξῆς
1172 4927 1185 4940 ο
1218 4909 1390 4963 ταῦτά
1436 4911 1552 4962 ὲστι
1587 4906 1657 4961 τὰ
1689 4906 1887 4960 αἰώνια

304 5005 578 5076 πρόϐατα.
629 5004 780 5057 Ἐπεὶ
812 4999 906 5057 οῦν
952 5003 1106 5073 μῖμοί
1150 5005 1286 5056 εἰσιν
1332 5003 1381 5054 οἱ
1438 4999 1755 5073 ἑτερόδοξοι,
1791 5000 1887 5052 καὶ

303 5097 550 5150 ἐθέλουσι
582 5095 870 5167 μιμεῖσθαι
909 5096 1010 5168 τὴν
1048 5095 1286 5165 ποίμνην
1327 5090 1420 5145 τοῦ
1450 5088 1710 5162 Χριστοῦ,
1769 5089 1887 5140 ἐπι-

301 5189 544 5252 σκόπους
568 5188 784 5252 ἑαυτοῖς
819 5187 1267 5260 χειροτονοῦντες,
1315 5183 1740 5257 πρεσϐυτέρους,
1769 5180 1887 5234 δια-

299 5281 509 5345 κόνους,
565 5280 938 5346 διδασκάλους,
979 5279 1127 5344 λαὸν,
1179 5276 1639 5349 κατηχουμένους,
1686 5271 1880 5346 μιμού-

304 5390 455 5444 μενοι
475 5373 548 5427 τὰ
569 5372 764 5429 αἰώνια
797 5373 1061 5447 πρόϐατα,
1087 5370 1353 5443 πληροῦσι
1371 5369 1462 5423 τόο
1507 5367 1776 5423 Μένουσι
1814 5366 1882 5420 δὲ

298 5464 378 5530 ὡς
412 5465 682 5534 πρόϐατα
725 5464 954 5519 αἰώνια.
1001 5466 1116 5519 Οὐκ
1149 5464 1256 5516 εἰσὶ
1298 5462 1356 5516 δὲ
1384 5460 1632 5534 πρόϐατα
1663 5458 1878 5522 αἰώνια,

298 5555 436 5611 ἀλλὰ
457 5559 758 5627 μένουσιν
792 5558 872 5624 ὡς
909 5557 1172 5626 πρόϐατα
1206 5552 1431 5608 αἰώνια.

2031 663 2240 724 gentes.

2190 745 2255 800 V.
2295 748 2348 802 8.
2381 745 2638 802 Sementis
2669 764 2851 804 eorum
2875 751 3163 804 secundum
3191 751 3447 828 animum.

2100 836 2237 893 Justi
2263 838 2484 909 quidem
2533 841 2795 896 sementis
2847 850 2933 898 est
2976 842 3276 898 secundum
3329 843 3606 913 spiritum.

2030 927 2266 985 Seminat
2307 933 2453 988 enim
2485 933 2542 986 in
2569 932 2843 1002 spiritum,
2871 945 2919 988 et
2952 951 3016 988 ex
3043 936 3235 1004 spiritu
3263 933 3413 990 metit
3442 935 3608 1002 vitam

2027 1036 2279 1078 aeternam
2303 1025 2368 1079 “.
2395 1025 2629 1082 Istorum
2672 1040 2826 1091 vero,
2858 1027 2986 1097 quia
3022 1027 3269 1082 animalis
3302 1028 3458 1082 homo
3500 1044 3610 1084 non

2026 1119 2243 1187 suscipit
2274 1135 2388 1188 qua:
2421 1128 2541 1173 sunt
2569 1119 2787 1189 spiritus
2834 1117 3102 1182 ;stultitia
3123 1129 3200 1174 est
3233 1120 3368 1173 enint
3398 1120 3500 1189 ipsi
3515 1117 3558 1150 ⁸³
3589 1135 3604 1182 ;

2025 1208 2287 1265 sementis
2317 1225 2422 1266 non
2467 1218 2553 1268 est
2595 1210 2892 1266 secundum
2939 1211 3215 1281 spiritum,
3266 1212 3363 1266 sed
3409 1225 3605 1266 secun-

2025 1300 2152 1356 dum
2181 1303 2441 1370 animam,
2482 1305 2626 1375 quod
2659 1305 2882 1375 sequius
2908 1305 3165 1373 quiddam
3199 1313 3302 1359 est.

2281 1394 2346 1450 ν.
2373 1393 2427 1449 8.
2457 1392 2590 1450 Filii
2633 1405 2809 1450 autem
2849 1411 3031 1450 eorum
3055 1395 3108 1449 in
3139 1395 3325 1449 oculis.

2091 1487 2442 1559 Quaecunque
2471 1487 2702 1553 faciunt,
2734 1487 2940 1548 faciunt
2965 1496 3022 1541 ut
3046 1488 3323 1542 videantur
3343 1487 3408 1541 ab
3431 1486 3604 1541 horni-

2022 1582 2174 1636 nibus
2194 1581 2258 1636 “.
2285 1581 2410 1636 Filii
2437 1596 2598 1652 porro
2629 1590 2758 1636 sunt
2819 1595 2983 1649 opera
3015 1578 3298 1651 cujusque.
3333 1579 3450 1633 Non
3473 1584 3605 1634 sunt

2020 1673 2118 1728 lilii
2152 1673 2607 1729 heterodoxorum
2644 1674 2697 1728 in
2721 1673 2907 1738 corde,
2956 1673 3011 1728 in
3040 1673 3367 1744 cogitatibus
3399 1671 3599 1740 bonis;

2019 1767 2113 1821 sed
2142 1766 2195 1820 in
2226 1764 2422 1832 oculis,
2446 1773 2502 1818 ut
2529 1765 2805 1820 videantur
2833 1765 2896 1818 ab
2921 1764 3243 1820 hominibus.

2368 1923 2432 1979 V.
2462 1924 2518 1980 9.
2550 1923 2750 1978 Domus
2779 1938 2960 1977 eorum
2993 1923 3242 1993 gliscunt.

2089 2015 2146 2073 Si
2170 2016 2496 2088 ingrediaris
2530 2030 2860 2087 synagogam
2889 2013 3295 2076 haereticorum,
3329 2018 3385 2066 et
3406 2008 3597 2066 viden

2013 2110 2088 2168 ibi
2119 2110 2525 2165 multitudinem
2558 2116 3053 2177 cougregatorum;
3087 2103 3292 2172 aspice,
3329 2101 3454 2170 quia
3495 2097 3594 2154 do-

2013 2215 2131 2254 mus
2154 2216 2338 2255 eorum
2358 2200 2608 2268 gliscunt.

2392 2291 2457 2346 ν.
2488 2291 2542 2346 9.
2571 2289 2755 2343 Timor
2781 2303 2899 2342 vero
2941 2286 3210 2354 nuspiam.

2084 2381 2217 2437 Sine
2256 2382 2449 2438 timore
2480 2389 2632 2438 sunt.
2659 2379 2775 2434 Non
2808 2378 3000 2433 timent
3023 2375 3214 2442 Deum,
3239 2381 3594 2429 contemnunt

2015 2475 2362 2531 Divinitatem
2391 2490 2406 2539 ;
2439 2474 2554 2528 haec
2575 2471 2819 2528 dicentes
2846 2471 2910 2525 de
2939 2470 3069 2536 Deo,
3096 2483 3203 2523 non
3231 2469 3420 2521 timent
3445 2463 3591 2534 quod

2013 2569 2079 2623 de
2110 2567 2220 2624 Deo
2249 2567 2564 2638 loquuntur.

2014 2659 2078 2715 V.
2113 2659 2166 2716 9.
2197 2657 2496 2732 Flagellum
2514 2670 2685 2714 autem
2708 2675 2740 2710 a
2765 2657 2986 2710 Domino
3018 2671 3120 2708 non
3147 2662 3224 2707 est
3254 2666 3408 2721 super
3427 2651 3583 2719 ipsos.

2084 2795 2360 2865 Ejusdem.
2399 2793 2458 2849 Si
2489 2794 2673 2849 videas
2724 2791 3000 2849 hominem
3034 2788 3160 2843 talia
3191 2796 3381 2842 contra
3414 2785 3580 2839 Deum

2011 2886 2342 2956 loquentem,
2401 2902 2592 2942 sanum
2630 2898 2880 2955 corpore,
2918 2884 3034 2937 acie
3075 2879 3361 2952 praeditum
3398 2876 3584 2932 oculo-

2012 2994 2151 3048 rum,
2185 2981 2436 3036 sensibus
2486 2978 2785 3043 valentem,
2830 2977 2922 3046 qui
2975 2975 3224 3030 videatur
3257 2970 3586 3042 quandoque

2009 3074 2172 3129 etiam
2207 3074 2258 3128 in
2292 3074 2580 3129 mundanis
2608 3074 2768 3128 rebus
2816 3085 3074 3140 prospere
3110 3081 3292 3138 agere,
3339 3063 3584 3128 attende,

2010 3166 2284 3236 impletum
2314 3167 2480 3221 fuisse
2508 3169 2558 3220 in
2591 3181 2657 3220 eo
2684 3167 2883 3235 quippe
2908 3162 3090 3231 impio,
3114 3159 3382 3230 ﬂagellum
3411 3168 3584 3212 autem

1935 3267 1976 3323 ο
2011 3276 2039 3310 a
2069 3258 2290 3312 Domino
2321 3275 2425 3313 non
2457 3269 2528 3312 est
2560 3273 2718 3326 super
2749 3259 2909 3325 ipsos.

2153 3349 2216 3404 γ.
2246 3349 2331 3403 10.
2369 3345 2539 3404 Vacca
2575 3365 2755 3402 eorum
2779 3349 3057 3400 immature
3081 3361 3184 3399 non
3219 3343 3436 3413 peperit.

2081 3439 2356 3510 Ejusdem.
2391 3439 2494 3495 Bos
2530 3437 2733 3494 animal
2776 3447 2861 3492 est
2889 3435 3133 3492 colendae
3178 3443 3338 3488 terrae
3370 3441 3580 3501 aptum,

2006 3535 2258 3602 quodque
2283 3532 2337 3586 in
2368 3531 2757 3602 agriculturam
2789 3529 3088 3599 conspirat.
3137 3527 3203 3582 Et
3243 3525 3348 3594 ipsi
3377 3532 3580 3580 terram

2006 3625 2193 3680 colunt
2230 3642 2244 3678 :
2275 3625 2373 3680 sed
2419 3623 2605 3680 colunt
2653 3622 2890 3678 Sodoma
2935 3629 2989 3676 et
3023 3619 3353 3684 Gomorrha,
3397 3615 3581 3672 colunt

2003 3715 2316 3788 Egyptum.
2361 3714 2529 3770 Vacca
2560 3731 2742 3770 eorum
2765 3716 3044 3769 immature
3085 3730 3186 3766 non
3213 3711 3409 3780 peperit
3434 3723 3454 3761 :
3484 3709 3578 3763 sed

2002 3817 2056 3862 et
2095 3808 2208 3877 ipsa
2239 3806 2485 3876 concepit
2519 3816 2574 3860 et
2604 3805 2809 3876 peperit
2842 3804 3034 3869 illium,
3067 3813 3124 3857 ut
3151 3802 3360 3856 colatur
3388 3814 3575 3855 eorum

2002 3900 2238 3970 maligna
2281 3899 2458 3956 tellus.

2003 3991 2066 4043 V.
2096 3990 2179 4044 lO.
2209 3989 2427 4044 Suluata
2455 3999 2530 4043 est
2555 4000 2724 4110 auter:
2750 3987 2934 4109 illisin
2969 3997 3115 4040 utero
3157 3985 3374 4050 habens,
3399 3993 3445 4036 et
3472 3999 3576 4037 non

2650 4075 2681 4110 a
2720 4069 2872 4110 ortm
2901 4094 2916 4110 .

2650 4069 2916 4111 abortmt.

2069 4155 2416 4224 Quaecunque
2469 4151 2817 4222 concipiunt,
2876 4150 2992 4204 haec
3039 4149 3093 4202 in
3144 4157 3300 4202 utero
3352 4158 3570 4218 gerunt,

1997 4263 2103 4302 non
2146 4262 2212 4302 ex
2259 4247 2353 4301 Dei
2391 4247 2585 4301 timore
2610 4243 3008 4312 concipientes,
3048 4242 3142 4296 sed
3181 4255 3250 4295 ex
3280 4241 3566 4309 pravitate.

1995 4339 2132 4395 Ecce
2162 4338 2412 4409 parturiit
2427 4335 2766 4407 injustitiam,
2784 4336 3014 4406 concepit
3031 4333 3284 4398 laborem,
3298 4342 3346 4385 et
3373 4331 3568 4399 peperit

1991 4433 2316 4498 iniquitatem
2335 4431 2399 4484 ⁸⁷.

2118 4526 2180 4580 ν.
2214 4527 2298 4580 ll.
2330 4524 2545 4580 Manent
2579 4518 2753 4576 autem
2787 4530 3040 4590 tanquam
3068 4534 3184 4574 ores
3209 4527 3440 4572 a'lermc.

2063 4620 2197 4686 Quis
2231 4633 2423 4674 sensus
2450 4626 2534 4671 est
2559 4619 2753 4670 horum
2791 4613 3108 4677 verborum,
3135 4609 3414 4663 manebunt
3449 4615 3567 4658 tan-

1991 4727 2150 4781 quam
2181 4726 2300 4767 ovee
2326 4707 2580 4762 (τιδι’ηωῖ
2615 4704 2755 4760 Sunt
2793 4703 2918 4768 ῑιιω,
2951 4703 3016 4756 de
3050 4700 3247 4770 quibus
3291 4696 3368 4750 ait
3402 4692 3563 4748 Chri-

1991 4813 2150 4859 stus:
2184 4801 2311 4855 Mea:
2341 4817 2458 4855 oves
2490 4814 2659 4852 meam
2695 4811 2868 4850 vocem
2900 4793 3148 4858 audiunt,
3195 4801 3241 4844 et
3275 4805 3368 4859 ego
3403 4787 3565 4840 vitam

1991 4907 2241 4950 (uernam
2271 4896 2340 4948 do
2369 4894 2442 4947 eis
2459 4892 2526 4959 ⁸⁸,
2552 4902 2659 4946 etc.
2690 4889 2783 4944 ilte
2807 4897 2933 4944 sunt
2960 4901 3089 4942 oves
3132 4891 3367 4940 :etornaz.
3422 4877 3565 4944 Quo-

1991 4990 2140 5044 niam
2168 4989 2332 5056 igitur
2360 4986 2508 5040 mimi
2538 4992 2661 5039 sunt
2685 4979 3030 5044 heterodoxi,
3060 4986 3116 5032 et
3139 4975 3331 5031 volunt
3355 4965 3561 5026 imitari

1994 5095 2212 5152 gregem
2239 5077 2465 5142 Christi,
2499 5076 2782 5146 episcOpos
2818 5072 2922 5128 sibi
2963 5070 3238 5130 ordinant,
3279 5060 3565 5134 presbyte-

1995 5189 2108 5240 ros,
2161 5173 2446 5234 diaconos,
2497 5171 2770 5234 doctores,
2823 5163 3058 5234 plebem,
3103 5156 3562 5213 catechumenos:

1994 5266 2380 5333 imitantesque
2411 5275 2542 5317 oves
2574 5270 2806 5313 aternas
2851 5252 3078 5324 implent
3121 5247 3255 5304 illud
3298 5260 3314 5299 :
3347 5242 3566 5298 Manent

1990 5367 2167 5411 autem
2210 5365 2466 5424 tanquam
2514 5367 2630 5406 oves
2661 5358 2892 5404 wternte.
2938 5344 3054 5398 Non
3090 5349 3217 5398 sunt
3257 5351 3390 5394 vero
3430 5347 3563 5390 oves

1989 5458 2226 5512 aeterna»,
2263 5446 2357 5502 sed
2380 5453 2588 5499 manent
2619 5451 2868 5509 tanquam
2899 5452 3018 5490 oves
3048 5443 3276 5490 (eterna.

367 5716 558 5774 “Gal.
590 5731 665 5780 vr,
693 5715 745 5770 8.
826 5714 872 5746 "
903 5712 1064 5771 lCur.
1094 5731 1154 5783 ιι,
1181 5714 1270 5770 li.
1347 5713 1392 5745 “
1417 5711 1607 5768 Matth.
1633 5723 1791 5778 ulli,
1815 5707 1867 5766 5.
1897 5705 1939 5740 ⁸⁷
1972 5703 2117 5763 Psal.
2157 5717 2250 5767 vn,
2285 5698 2372 5754 l5.
2447 5697 2492 5730 "
2529 5695 2688 5750 Joan.
2732 5708 2786 5756 χ,
2821 5689 2911 5754 9.7,
2937 5687 3029 5744 28.

373 5893 486 5967 (65)
509 5893 571 5950 In
601 5891 990 5966 utroquecod.
