4004 6532
463 415 530 471 ’ῑ9
1360 409 1927 466 SUPPLEMENTUM
1963 409 2052 464 AD
2092 408 2416 465 ORIGENIS
2456 407 2862 464 EX'EGETICA.
3640 411 3703 470 80

685 532 745 588 V.
784 533 870 587 11.
909 530 1098 591 Filioli
1132 540 1306 587 autem
1329 549 1506 586 eorum
1555 532 1805 587 illudunt.

605 622 670 680 V.
697 623 783 679 12.
815 624 1150 679 Assumentes
1192 624 1500 693 psalterium
1533 635 1581 678 et
1610 623 1886 677 citharam.

534 717 716 774 Nostri
740 721 1022 772 assumunt
1051 717 1366 788 psalterium
1398 725 1452 772 et
1479 717 1768 781 citharam,
1802 716 2030 770 laudan-

461 819 547 864 tes
595 809 787 875 Deum,
829 816 883 862 et
916 807 1284 878 gloriﬁcantes
1311 807 1482 862 illum.
1527 807 1749 861 Illorum
1798 824 1916 862 vero
1963 808 2033 874 ﬁ-

464 902 601 969 lioli,
631 901 724 970 qui
759 899 938 955 stolidi
967 908 1094 956 sunt
1125 900 1176 954 in
1201 899 1690 970 seipsis,illudunt,
1713 911 2033 953 assumentes

454 993 774 1062 psalterium
831 1003 878 1046 et
930 991 1208 1045 citharam.
1252 991 1716 1059 Quandocumque
1768 997 2032 1057 usurpant

467 1088 610 1143 dicta
635 1086 850 1142 Veteris
878 1083 1233 1148 Testamenti,
1263 1083 1516 1149 illudunt,
1537 1092 1592 1138 et
1635 1081 1868 1137 irrident
1903 1096 2028 1136 ora-

464 1179 586 1235 cula
613 1178 747 1248 legis
769 1192 835 1232 ac
864 1177 1272 1246 pr0phetarum.
1307 1177 1661 1230 Assumentes
1692 1173 2028 1238 harmonica,

469 1271 786 1341 psalterium
826 1284 1017 1339 nempe
1057 1268 1207 1338 legis,
1239 1276 1294 1320 et
1327 1266 1594 1321 citharam
1637 1263 2030 1335 propheticam,

469 1363 700 1418 illudunt
737 1361 861 1416 illis.

793 1543 853 1596 V.
885 1541 970 1594 12.
1000 1539 1065 1593 Et
1096 1537 1342 1592 (celantur
1365 1553 1485 1590 voce
1505 1534 1714 1604 psalmi.

541 1638 645 1708 Ipsi
699 1649 916 1706 quoque
950 1635 1138 1688 dicunt
1172 1629 1407 1698 psalmos
1455 1625 1750 1691 Valentini,
1799 1634 1856 1678 et
1903 1623 2034 1678 ollas

467 1729 741 1791 Basilidis,
776 1737 830 1782 et
859 1727 1106 1796 quaedam
1143 1719 1453 1791 huiusmodi
1509 1717 1893 1789 pronuntiant,
1938 1715 2035 1769 lae-

468 1832 646 1876 tantes
676 1835 805 1874 voce
837 1817 1048 1886 psalmi.

611 1913 674 1966 ν.
706 1911 794 1965 15.
827 1909 890 1963 1η
923 1909 1096 1978 requie
1128 1915 1304 1960 autem
1327 1903 1520 1973 inferni
1547 1901 1889 1956 dormierunt.

539 2005 595 2059 In
633 2004 820 2072 requie
847 2009 1045 2064 autem,
1076 2014 1183 2053 non
1210 1997 1356 2062 εαξη,
1411 1996 1504 2052 sed
1556 1993 1754 2048 inferni
1800 1992 2035 2047 dormie-

469 2109 619 2151 runt.
672 2095 781 2151 Nos
827 2103 1007 2149 autem
1049 2105 1287 2156 oramus,
1333 2088 1476 2143 haud
1521 2088 1575 2141 in
1613 2087 1800 2156 requie
1839 2083 2032 2139 inferni

467 2189 732 2254 dormire,
771 2188 866 2243 sed
898 2187 952 2241 in
987 2185 1081 2241 Dei
1116 2184 1304 2254 requie
1347 2182 1398 2237 in
1447 2180 1655 2236 sanctis
1699 2178 1876 2239 cmlis,
1908 2192 2032 2231 cum

465 2281 687 2337 Christo
717 2295 840 2350 rege
867 2288 1094 2343 nostro;
1132 2277 1217 2330 cui
1252 2273 1426 2345 gloria
1457 2283 1515 2328 et
1547 2272 1829 2342 imperium
1855 2269 1908 2324 in
1933 2283 2034 2323 ste-

467 2373 588 2430 cula
621 2373 958 2429 saeculorum.
1001 2372 1190 2426 Amen.

1043 2553 1267 2610 CAPUT
1293 2551 1456 2606 XXII.

456 2652 536 2706 Ὺ.
561 2651 615 2706 2.
655 2651 924 2722 Nunquid“
957 2665 1057 2702 non
1099 2647 1352 2722 Dominus
1378 2655 1476 2722 est,
1513 2643 1603 2722 qui
1641 2641 1786 2694 docet
1837 2637 2034 2692 intelli-

911 2719 1152 2788 ﬁentiam
1176 2730 1221 2771 et
1248 2716 1561 2770 scientiam?

542 2814 672 2882 Quae
703 2811 1151 2867 administrantur
1173 2825 1200 2862 a
1227 2809 1434 2878 Spiritu
1466 2815 1674 2871 sancto,
1715 2805 1874 2874 digna
1908 2811 2036 2858 sunt

473 2915 530 2960 ut
562 2905 962 2962 describantur.
985 2901 1280 2972 Propterea
1325 2898 1732 2964 describuntur,
1759 2905 1820 2950 ut
1864 2895 2037 2950 lector

449 2998 688 3068 .juvetur
717 3012 782 3052 ex
831 2996 897 3052 iis
945 3010 1064 3066 quae
1092 2993 1362 3064 leguntur.
1405 2989 1518 3046 Nisi
1555 2991 1720 3060 igitur
1754 2989 1915 3042 utiles
1947 3004 2036 3041 cs-

471 3099 592 3146 sent
623 3103 903 3144 sermones
937 3087 1128 3141 horum
1163 3086 1349 3150 trium,
1380 3083 1470 3152 qui
1496 3091 1762 3137 venerunt
1795 3081 1860 3134 ad
1909 3075 2031 3146 Job,

2063 538 2108 594 Α
2220 531 2368 602 Στίχ.
2407 531 2498 586 ια’.
2539 532 2614 586 Τὰ
2635 529 2702 583 δὲ
2733 528 2939 584 παιδία
2957 527 3154 583 αὐτῶν
3181 527 3635 597 προσπαίζουσι.

2137 623 2284 693 Στίχ.
2325 623 2411 677 ιϐ’.
2463 623 2879 688 Ἀναλαϐόντες
2927 619 3262 690 ψαλτήριον
3303 621 3401 675 καὶ
3437 621 3703 690 κιθάραν,

2201 715 2263 768 Οἱ
2295 713 2554 785 ἡμέτεροι
2593 711 3030 783 ἀναλαμϐάνουσι
3068 711 3366 784 ψαλτήριον
3411 712 3506 766 καὶ
3557 713 3708 766 κιθά-

2139 821 2256 876 ραν,
2313 803 2604 875 ὑμνοῦντες
2643 804 2732 857 τὸν
2758 803 2911 868 Θεὸν,
2940 804 3034 857 καὶ
3069 803 3477 873 δοξολογοῦντες
3524 805 3702 859 αὐτόν.

2147 897 2419 952 Ἐκείνων
2439 897 2507 951 δὲ
2533 899 2602 952 τὰ
2630 897 2856 962 παιδία,
2879 898 2932 958 οἱ
2962 897 3177 968 ἀνόητοι
3208 899 3266 952 ὲν
3298 898 3504 962 αὐτοῖς,
3521 912 3706 966 προσ-

2133 983 2446 1050 παίζουσιν
2465 1029 2479 1056 ,
2524 989 3047 1060 ἀναλαμϐάνοντες
3112 989 3450 1059 ψαλτήριον
3487 990 3586 1044 καὶ
3625 1009 3706 1044 κι-

2135 1082 2340 1150 θάραν.
2374 1082 2490 1135 Ὅτ’
2525 1083 2590 1136 ἂν
2630 1083 2938 1138 ἀναλάϐωσι
2959 1086 3086 1150 τοὺς
3127 1085 3315 1154 λόγους
3341 1087 3440 1156 τῆς
3468 1086 3706 1150 Παλαιιῖς

2135 1172 2430 1245 Διαθήκης,
2484 1175 2902 1244 προσπαίζουσι,
2944 1177 3037 1230 καί
3083 1177 3279 1246 γελῶσι
3313 1179 3382 1232 τά
3427 1179 3581 1245 λόγια
3609 1176 3706 1232 τοῦ

2135 1267 2297 1337 νόμου
2349 1266 2443 1320 καὶ
2476 1266 2583 1319 τῶν
2612 1269 2925 1339 προφητῶν.
2943 1269 3436 1340 Ἀναλαμϐάνοντες
3463 1269 3531 1324 τὰ
3551 1272 3708 1341 ἐναρ-

2140 1358 2318 1428 μόνια,
2351 1356 2650 1427 ψαλτήριον
2674 1358 2734 1410 τὺ
2767 1359 2863 1411 τοῦ
2888 1360 3073 1430 νόμου,
3108 1360 3339 1431 κιθάραν
3366 1360 3463 1431 τὴν
3493 1377 3705 1430 προφη-

2135 1449 2312 1521 τικὴν,
2348 1449 2774 1521 προσπαίζουσιν
2797 1452 2996 1516 αὐτοῖς.

2240 1539 2386 1610 Στίχ.
2439 1540 2524 1594 ιϐ’.
2555 1541 2664 1595 Kal
2693 1543 3110 1612 εὐφραίνονται
3138 1544 3309 1613 φωνῇ
3336 1545 3600 1614 ψαλμοῦ.

2207 1635 2318 1688 Καὶ
2341 1635 2493 1688 αὐτοὶ
2515 1633 2762 1704 λέγουσιν
2804 1635 3050 1708 ψαλμοὺς
3093 1637 3470 1703 Οὐαλεντίνου,
3491 1638 3586 1693 καὶ
3633 1638 3712 1692 λέ-

2136 1743 2320 1794 γουσιν
2357 1726 2502 1797 ᾠδὰς
2545 1727 2876 1792 Βασιλείδου,
2913 1730 3008 1782 καὶ
3042 1729 3263 1784 τοιαῦτά
3288 1748 3407 1785 τινα
3449 1731 3711 1802 φθέγγον-

2135 1836 2246 1886 ται,
2276 1821 2693 1892 εὐφραινόμενοι
2723 1825 2872 1894 φωνῇ
2895 1822 3130 1894 ψαλμοῦ.

2067 1890 2109 1944 Β
2141 1911 2292 1980 Στίχ.
2342 1890 2431 1980 ιγ’.
2477 1890 2574 1965 Ἐκ
2610 1911 2679 1965 δὲ
2711 1890 3048 1967 ἀναπαύσει
3091 1913 3237 1981 ᾅδου
3281 1914 3707 1984 ἐκοιμήθησαν.

2224 2002 2310 2054 Ἐν
2343 2001 2398 2054 δὲ
2438 2003 2740 2056 ἀναπαύσει
2772 2005 2871 2057 οὐκ
2911 2003 3162 2075 οὐρανοῦ,
3197 2005 3309 2059 ἀλλ’
3341 2006 3464 2076 ᾅδου
3488 2007 3714 2077 ἐκοιμή-

2141 2091 2328 2164 θησαν.
2374 2094 2562 2164 Ἦμείς
2609 2094 2664 2148 δὲ
2705 2094 2974 2166 εὐχόμεθα
3015 2096 3116 2150 οὐκ
3153 2099 3209 2150 ὲν
3239 2098 3537 2151 ἀναπαύσει
3580 2097 3709 2168 ᾅδου

2140 2185 2488 2255 κοιμηθῆναι,
2529 2185 2642 2239 ἀλλ’
2671 2187 2728 2240 ὲν
2749 2187 3050 2242 ἀναπαύσει
3080 2189 3215 2242 Θεοῦ
3245 2191 3301 2242 ὲν
3327 2193 3440 2253 τοῖς
3460 2191 3710 2260 οὐρανοῖς

2139 2278 2252 2339 τοῖς
2273 2277 2449 2345 ἁγίοις
2497 2279 2634 2347 μετά
2674 2279 2911 2350 Χριστοῦ
2952 2281 3325 2350 βασιλεύοντος
3367 2281 3553 2353 ήμῶν·
3595 2275 3643 2350 ᾧ
3675 2284 3709 2353 ἠ

2139 2367 2266 2432 δόξα
2307 2370 2399 2422 καὶ
2434 2370 2493 2422 τὸ
2548 2372 2750 2442 κράτος
2803 2374 2883 2436 εἰς
2926 2373 3050 2436 τοὺς
3093 2373 3296 2437 αἰῶνας
3338 2374 3446 2428 τῶν
3474 2373 3708 2428 αἰώνων.

2155 2457 2340 2529 Ἀμήν.

2765 2552 2924 2609 ΚΕΦ.
2964 2556 3092 2608 KB’.

2143 2642 2253 2717 (66)
2289 2645 2437 2717 Στίχ.
2480 2644 2542 2714 β’.
2577 2646 2835 2714 Πότερον
2873 2645 3012 2717 οὐχί
3050 2646 3266 2717 Κύριός
3298 2645 3466 2698 ἐστιν
3491 2645 3524 2697 ό
3552 2643 3718 2699 διδά-

2344 2716 2356 2726 ’
2419 2731 2588 2768 σκων
2627 2717 2884 2770 σύνεσιν
2921 2716 3019 2770 καὶ
3052 2715 3428 2784 ἐπιστήμην;

2213 2806 2294 2860 Τά
2330 2807 2758 2878 οἰκονομούμενα
2789 2807 2894 2861 ὑπὸ
2926 2805 3020 2861 τοῦ
3047 2807 3202 2876 ἀγίου
3233 2806 3554 2877 Πνεύματος
3587 2806 3715 2859 ἀνα⁶

2141 2898 2360 2969 γραφῆς
2387 2899 2682 2971 ἀξιωθῆναι
2715 2901 2842 2972 χρή.
2866 2899 2965 2954 Διά
2993 2899 3152 2953 τοῦτο
3175 2899 3546 2972 ἀναγράφεται
3573 2899 3718 2970 ὑπὲρ

2140 2989 2233 3042 τοῦ
2267 2991 2358 3043 τὸν
2406 2993 2803 3064 ἐντυγχάνοντα
2849 2993 3170 3062 ὠφελεῖσθαι
3207 2995 3270 3047 ὲκ
3302 2993 3408 3046 τῶν
3448 2994 3720 3060 ἀναγινω-

2143 3081 2442 3152 σκομένων.
2493 3084 2556 3136 Εἰ
2613 3084 2687 3155 μὴ
2735 3078 2827 3138 οῦν
2873 3085 3136 3156 χρήσιμοι
3160 3080 3300 3156 ἦσαν
3334 3085 3385 3136 οἰ
3428 3083 3572 3152 λόγοι
3601 3083 3717 3136 τῶν

471 3181 549 3235 ita
591 3187 648 3235 ut
673 3178 844 3233 lector
867 3177 1113 3246 accipere
1140 3175 1344 3245 aliquid
1375 3174 1541 3244 possit
1573 3171 1640 3225 ab
1679 3171 1747 3226 iis
1781 3186 1900 3241 quae
1939 3186 2035 3240 per

2142 3175 2329 3246 τριῶν,
2361 3175 2468 3229 τῶν
2503 3175 2960 3246 παραγενομένων
3008 3177 3145 3248 πρὸς
3195 3177 3286 3232 τὸν
3325 3176 3464 3242 Ἰὼϐ,
3503 3175 3578 3239 ὡς
3623 3178 3719 3230 τὸν

472 3273 594 3329 illos
620 3271 687 3326 ad
714 3267 827 3326 Iob
858 3269 1000 3325 dicta
1043 3278 1205 3331 sunt;
1246 3283 1350 3320 non
1403 3265 1587 3335 utique
1619 3264 1803 3319 divina
1853 3262 2035 3333 provi-

2142 3265 2526 3336 ἐντυγχάνοντα
2554 3265 2736 3319 λαϐεῖν
2759 3285 2811 3319 τι
2835 3267 2944 3320 ἀπὸ
2962 3267 3070 3321 τῶν
3101 3270 3402 3340 εἰρημένων
3423 3269 3512 3322 ὐπ’
3534 3269 3720 3323 αὐτῶν

466 3366 655 3423 dentia
682 3365 738 3420 in
778 3363 974 3419 librum
1006 3361 1108 3417 Job
1123 3361 1347 3416 describi
1368 3359 1581 3415 fecisset
1614 3371 1894 3412 sermones
1943 3357 2038 3410 Ιιοο

473 3474 593 3515 rum
629 3457 813 3511 trium.
848 3455 1000 3509 Licet
1032 3466 1163 3520 ergo
1195 3459 1256 3504 ut
1284 3450 1408 3519 quis
1441 3447 1865 3504 emolumentum
1915 3461 2040 3516 per-

453 3553 639 3620 Icipiat
659 3563 690 3602 a
727 3545 1066 3603 sermonibus
1095 3557 1307 3606 eorum,
1340 3541 1681 3612 dogmatibus
1712 3540 2034 3594 intendens:

470 3645 723 3700 observet
746 3654 875 3696 vero
914 3639 1104 3692 vitium
1156 3649 1471 3691 sermonum
1513 3635 1566 3689 in
1610 3649 1718 3688 uno
1754 3645 1879 3687 esse
1903 3634 2037 3685 dun-

472 3746 648 3800 taxat,
671 3734 887 3804 quoties
919 3745 1111 3801 nempe
1131 3728 1325 3786 Jobum
1365 3727 1702 3793 insimulant,
1746 3725 1849 3781 rati
1891 3724 2037 3780 illum

472 3829 582 3901 pati
613 3838 830 3898 propter
859 3840 944 3889 ea,
975 3836 1095 3893 quas
1124 3821 1430 3892 peccaverit
1457 3837 1470 3874 :
1510 3835 1616 3874 non
1658 3817 1902 3873 videntes
1925 3857 1939 3882 ,
1982 3825 2039 3872 et

455 3921 608 3976 alias
643 3931 764 3976 esse
795 3917 988 3972 multas
1025 3928 1243 3978 causas,
1269 3912 1620 3983 quamobrem
1675 3911 1818 3966 istud
1859 3911 2038 3964 homi-

474 4012 633 4067 nibus
662 4009 965 4079 contingat.
999 4004 1155 4060 Talia
1209 4013 1336 4061 sunt
1397 4018 1517 4074 quae
1566 4002 1920 4058 constitutum
1954 4011 2038 4055 est

473 4105 614 4166 ﬁeri,
640 4103 779 4157 bona
822 4102 938 4156 sive
970 4098 1220 4163 molesta,
1267 4107 1362 4152 aut
1411 4111 1751 4167 quocumque
1805 4095 2037 4150 voluerit

473 4196 595 4266 quis
627 4209 690 4248 ea
715 4194 936 4249 nomine
969 4207 1187 4248 vocare.
1226 4191 1295 4245 Et
1329 4201 1441 4257 post
1470 4206 1640 4260 pauca
1667 4205 1686 4243 :
1711 4189 1900 4244 Nonne
1927 4188 2038 4242 Do-

452 4289 643 4343 ‘minus
671 4295 768 4351 est,
824 4287 915 4356 qui
977 4286 1125 4340 docet
1180 4283 1579 4353 intelligentiam
1610 4291 1660 4336 et
1710 4281 2039 4337 scientiam?

469 4378 672 4447 Dogma
711 4393 900 4433 sanum
937 4386 1024 4433 est
1055 4395 1068 4431 :
1109 4377 1364 4448 quoniam
1399 4389 1562 4430 verus
1603 4375 1790 4429 doctor
1819 4374 2038 4428 virtutis

469 4489 575 4530 non
607 4482 789 4543 potest
840 4487 959 4528 esse
1013 4472 1192 4526 homo.
1247 4469 1352 4535 Qui
1398 4469 1545 4522 docet
1594 4467 1738 4521 enim
1773 4466 2038 4520 hominem

2140 3355 2275 3427 πρὸς
2295 3355 2385 3409 τὸν
2429 3354 2578 3409 Ἰώϐ’
2604 3357 2705 3409 οὐκ
2737 3356 2803 3410 ἂν
2837 3359 2870 3429 ἡ
2906 3359 3130 3429 πρόνοια
3164 3362 3243 3424 εἰς
3272 3359 3369 3432 τὴν
3412 3359 3591 3430 βίϐλον
3619 3360 3719 3413 τοῦ

2151 3445 2269 3498 Ἰὼϐ
2320 3447 2576 3518 ἐποίησεν
2621 3450 3006 3522 ἀναγραφῆναι
3047 3453 3142 3504 καὶ
3190 3453 3314 3516 τοὺς
3373 3452 3563 3520 λόγους
3606 3452 3722 3504 τῶν

2137 3538 2325 3609 τριῶν.
2366 3540 2554 3594 Ἔστιν
2586 3535 2680 3595 οῦν
2712 3541 3059 3612 ὠφεληθῆναι
3118 3543 3216 3614 μὲν
3260 3544 3368 3597 ἀπὸ
3407 3543 3514 3596 τῶν
3541 3543 3722 3612 λόγων

2138 3630 2302 3685 αὐτοῦ
2327 3630 2460 3706 (67),
2485 3634 2754 3704 ἐνορῶντα
2775 3639 2891 3699 τοῖς
2904 3635 3168 3707 δόγμασιν
3183 3653 3196 3666 ⁸
3228 3637 3360 3708 όρᾷν
3376 3637 3433 3690 δὲ
3454 3637 3514 3690 τὸ
3527 3636 3726 3710 ἐγκλη-

2137 3741 2227 3777 τον
2248 3722 2356 3778 τῶν
2387 3723 2560 3793 λόγων
2583 3727 2711 3797 περ).
2730 3725 2788 3780 ἓν
2819 3728 2998 3798 μόνον,
3031 3729 3119 3781 ὅτε
3147 3729 3422 3783 αἰτιῶνται
3448 3729 3540 3782 τὸν
3575 3728 3722 3796 Ἰὼϐ,

2137 3817 2370 3886 οἰόμενοι
2413 3816 2575 3870 αὐτὸν
2617 3817 2847 3888 πάσχειν
2879 3819 2967 3874 διὰ
3002 3819 3072 3873 τὰ
3125 3820 3490 3893 ἡμαρτημένα
3528 3821 3718 3891 αὐτῷ·

2137 3907 2233 3976 οὐχ
2258 3907 2514 3979 ὁρῶντες,
2543 3909 2624 3961 ὅτι
2660 3910 2753 3962 καὶ
2781 3909 2916 3962 ἀλλα
2950 3910 3122 3965 πολλὰ
3149 3912 3295 3966 αἴτιά
3318 3914 3432 3965 ἐστι
3456 3911 3548 3965 τοῦ
3582 3929 3725 3984 συμ-

2138 3998 2342 4052 ϐαίνειν
2379 3997 2706 4070 ἀνθρώποις.
2747 3999 2987 4055 Τοιαῦτά
3011 4003 3127 4056 ὲστι
3164 4005 3530 4075 νενομισμένα
3576 4001 3724 4059 εἶναι

2137 4087 2278 4141 καλά
2322 4089 2354 4160 ἢ
2412 4089 2716 4162 χαλεπά,ἢ
2769 4091 2918 4155 ὅπως
2973 4094 3103 4146 ποτὲ
3151 4093 3398 4164 βούλεταί
3442 4113 3525 4159 τις
3577 4096 3725 4149 αὐτὰ

2137 4179 2438 4252 ὀνομάζειν.
2481 4182 2591 4234 Καὶ
2627 4183 2755 4252 μετ’
2796 4185 2998 4254 ὀλίγαο
3054 4186 3314 4254 Πότερον
3347 4186 3482 4255 οὑχί
3528 4190 3561 4240 ό
3606 4189 3722 4242 K15-

2128 4273 2260 4341 ριός
2315 4273 2484 4327 ἐστιν
2515 4277 2548 4329 ό
2592 4274 2893 4330 διδάσκων
2924 4278 3180 4330 σύνεσιν
3207 4279 3304 4332 καὶ
3344 4277 3721 4348 ἐπιστήμηνς

2139 4364 2246 4436 (68)
2265 4363 2340 4419 Τὸ
2370 4365 2545 4436 δόγμα
2576 4367 2730 4435 ὐγιὲς
2788 4369 2902 4420 ἐστι
2923 4385 2936 4397 ·
2969 4369 3050 4420 ὅτι
3103 4367 3356 4438 ἀληθινὸς
3395 4369 3724 4435 διδάσκαλος

2138 4456 2336 4526 ἀρετῆς
2377 4457 2437 4508 οὐ
2485 4457 2709 4510 δύναται
2756 4455 2894 4511 εἶναι
2945 4458 3251 4530 ἄνθρωπος.
3309 4462 3372 4515 Ὀ
3415 4461 3726 4515 διδάσκω)⁸

455 4566 744 4620 scientiam
769 4567 836 4635 ⁸⁸,
862 4567 1022 4622 etiam
1047 4565 1098 4620 in
1145 4563 1374 4620 Psalmis
1399 4560 1676 4626 scribitur,
1709 4575 1815 4614 non
1871 4560 2033 4613 alium

2142 4547 2245 4615 γὰρ
2269 4548 2585 4615 ἄνθρωπον
2619 4550 2864 4620 γνῶσιν,
2901 4552 2994 4605 καὶ
3026 4553 3082 4605 ὲν
3106 4556 3219 4618 τοῖς
3246 4554 3496 4627 Ψαλμοῖς
3521 4555 3725 4624 ἁναγέο

466 4671 610 4727 esse,
640 4672 801 4728 quam
827 4655 1013 4712 Deum.
1039 4655 1277 4724 Et,Doce
1291 4670 1392 4720 me,
1421 4648 1893 4722 inquitPropheta,
1904 4650 2034 4718 jura

2142 4655 2399 4708 γραπται,
2437 4639 2518 4692 ὅτι
2552 4641 2652 4694 οὐκ
2678 4640 2834 4705 ἄλλος
2869 4645 3018 4696 ἐστὶν
3057 4645 3090 4715 ἦ
3118 4645 3270 4709 Θεός.
3303 4646 3435 4708 Καὶ,
3456 4644 3722 4710 Δίδαξόν

453 4757 563 4804 tua
593 4747 682 4803 ":
738 4749 915 4804 sciens
941 4747 1111 4803 Deum
1147 4763 1267 4803 esse
1291 4746 1571 4802 doctorem
1595 4759 1782 4800 verum
1825 4752 1880 4798 et
1907 4757 2033 4813 per-

2142 4746 2226 4797 με,
2259 4729 2529 4800 φησὶν,τὰ
2541 4731 2901 4800 δικαιώματά
2923 4751 3058 4799 σου,
3075 4736 3103 4788 ὁ
3132 4737 3610 4810 Προφήτης,εἰδὼς
3634 4738 3722 4792 δι-

467 4840 688 4895 fectum.
721 4838 886 4896 Docet
909 4853 1040 4895 vero
1067 4838 1228 4905 Deus,
1261 4835 1525 4908 effulgens
1553 4837 1749 4890 anima:
1775 4834 2033 4890 discentis

2142 4819 2399 4872 δάσκαλον
2437 4816 2578 4874 εἶναι
2623 4823 2798 4894 ἀληθῆ
2849 4826 2940 4878 καὶ
2978 4826 3184 4879 τέλειον
3220 4828 3312 4880 τὸν
3355 4828 3508 4880 Θεόν.
3561 4829 3724 4883 Διδά-

451 4933 540 4988 υειί)
567 4934 707 5002 ipso,
737 4941 792 4990 et
814 4939 1049 4987 mentem
1065 4931 1158 4985 illu
1169 4932 1378 4986 minans
1399 4929 1620 4995 lumine,
1640 4927 1818 4982 veraci
1839 4940 2032 4994 nempe

2142 4928 2252 4965 σκει
2275 4913 2332 4966 δὲ
2358 4915 2386 4966 ό
2420 4914 2554 4980 Θεὸς
2585 4916 2879 4988 ἐλλάμπων
2916 4921 2982 4989 τῇ
3017 4918 3161 4990 ψυχῇ
3205 4918 3299 4972 τοῦ
3353 4919 3725 4990 μανθάνοντος

455 5028 636 5082 πνοι-δυ
669 5041 786 5082 suo.
827 5025 1006 5092 Quare
1035 5025 1200 5078 etiam
1231 5023 1480 5078 homines
1515 5021 1646 5092 justi
1675 5021 1872 5074 docent
1908 5032 2026 5084 n0s,

453 5118 560 5189 ‘qui
594 5118 822 5174 docendi
858 5121 1088 5187 gratiam
1115 5125 1463 5185 acceperunt.

646 5283 710 5337 ν.
737 5283 792 5335 4.
843 5280 909 5335 Et
941 5281 1263 5352 ingredietur
1284 5289 1447 5332 tecum
1478 5277 1529 5328 in
1565 5276 1846 5343 judicium.

536 5368 824 5424 Rationem
854 5369 1062 5424 habens
1106 5368 1246 5422 Deus
1273 5368 1411 5437 ejus,
1449 5367 1536 5436 qui
1579 5365 1718 5419 illius
1748 5366 2029 5419 ordinatur
2056 5421 2064 5430 ,

464 5458 829 5529 providentia,
852 5459 1030 5527 arguit
1057 5472 1200 5511 eum.
1232 5455 1297 5508 Et
1321 5457 1640 5525 ingredietur
1663 5465 1832 5510 tecum
1860 5457 1912 5509 in
1944 5456 2031 5522 iu-

459 5552 679 5602 dicium.
711 5547 865 5617 Saepe
893 5549 1147 5614 diximus,
1181 5549 1226 5600 si
1255 5549 1472 5616 quando
1512 5547 1750 5601 occurrit
1777 5547 1878 5602 hoc
1932 5547 2030 5602 do-

533 5645 578 5676 "
608 5641 755 5698 Psal.
789 5657 944 5706 xcnt,
970 5643 1060 5697 10.
1167 5637 1210 5676 ’θ
1237 5643 1380 5698 Psal.
1414 5660 1604 5711 οιιγιιι,
1646 5643 1729 5699 12.

531 5758 645 5832 (69>)
676 5758 816 5832 Cod.
841 5769 1085 5828 uterque.
1113 5759 1248 5814 Hinc
1269 5759 1446 5815 hausit
1474 5759 1780 5832 Olympiod.

527 5829 641 5896 (67)
669 5829 878 5881 Αὐτῶν.

525 5897 638 5970 (ιε)
665 5898 747 5955 cr.
785 5909 822 5956 t.
850 5896 960 5966 xu,
1003 5900 1107 5956 col.
1146 5899 1300 5954 ιοδδ.

2131 5006 2224 5058 ὑπ’
2256 5008 2444 5069 αὐτοῦ,
2481 5011 2574 5063 καὶ
2612 5010 2708 5082 τὴν
2757 5012 2992 5065 διάνοιαν
3041 5011 3290 5080 φωτίζων
3326 5012 3402 5083 τῷ
3442 5013 3601 5082 φωτὶ,
3639 5013 3724 5084 τῷ

2129 5097 2368 5171 ἀληθινῷ
2397 5100 2542 5172 λόγῳ
2574 5102 2760 5155 αὐτοῦ.
2787 5103 2896 5174 (69)
2921 5102 3131 5155 Οὐκοῦν
3163 5104 3257 5155 καὶ
3297 5103 3487 5173 ἀνδρες
3518 5103 3723 5158 δίκαιοι

2133 5189 2274 5258 ἡμᾶς
2309 5190 2622 5244 διδάσκουσι
2665 5191 3055 5263 διδασκαλικὴν
3077 5191 3359 5261 εἰληφότες
3390 5193 3550 5264 χάριν
3575 5192 3718 5262 (70).

2135 5277 2248 5349 (71)
2281 5279 2424 5349 Στίχ.
2449 5280 2509 5332 δ’.
2542 5281 2653 5334 Καὶ
2681 5283 3216 5335 συνεισελεύσεταί
3242 5298 3339 5335 σοι
3365 5284 3452 5348 εἰς
3493 5284 3719 5350 κρίσιν.

2204 5367 2374 5437 Λόγον
2408 5370 2725 5440 ποιούμενος
2745 5375 2773 5424 ό
2801 5371 2931 5435 Θεὸς
2949 5372 3042 5425 τοῦ
3078 5371 3472 5446 προνοουμένου
3501 5373 3592 5426 ὐπ’
3616 5373 3723 5426 αὐ-

2135 5461 2250 5527 τοῦ,
2296 5462 2509 5534 ὲλέγχει
2537 5464 2722 5518 αὐτόν.
2761 5468 2871 5521 Kal
2906 5469 3442 5524 συνεισελεύσεταί
3483 5482 3581 5522 σοι
3626 5470 3723 5536 εἰς

2140 5555 2362 5622 κρίσιν.
2394 5555 2661 5622 Πολλάκις
2688 5558 2937 5631 εἴπομεν,
2969 5562 3148 5615 εἴποτε
3190 5563 3412 5616 ἐνέπεσε
3448 5561 3512 5616 τὸ
3535 5560 3722 5630 δόγμα

2210 5761 2320 5831 {69)
2354 5761 2407 5815 In
2436 5764 2556 5818 cod.
2581 5764 2980 5821 Nauiadditur.

2206 5832 2321 5909 (7}!)
2351 5831 2577 5909 lieliqua
2606 5850 2786 5909 usque
2815 5839 2881 5891 ad
2912 5839 3069 5909 χάριν
3104 5839 3311 5909 γίνεται
3341 5845 3399 5893 ut
3447 5836 3500 5893 in
3527 5835 3715 5892 editis.

2213 5889 2327 5974 (τι)
2363 5889 2562 5960 aonie:
2597 5889 2790 5976 Cbr'ys.
2821 5889 3094 5975 b56676.
