4004 6514
281 394 340 447 si
1534 389 2062 447 ENARRATIONES
2098 391 2165 448 ΙΝ
2203 393 2342 450 JOB.
3466 398 3534 454 8‘2

280 509 440 568 τοῦτο
472 511 530 565 ὲν
571 511 757 574 ἄλλαις
789 509 1014 575 λέξεσιν,
1049 511 1131 563 ὃτι
1158 508 1334 570 οὕτως
1358 507 1504 562 ἐστὶν
1531 510 1558 561 ὁ
1585 509 1716 573 Θεὸς
1742 509 1862 578 φιλ-

1993 525 2095 579 gma
2143 511 2197 564 in
2227 511 2349 566 aliis
2377 511 2560 578 dictis,
2597 511 2761 568 Deum
2790 527 2909 568 esse
2937 513 3069 569 adeo
3126 514 3440 585 benignum,
3478 526 3537 571 ut

285 603 594 673 ἅνθρωπος,
634 600 796 663 ὥστε,
850 602 944 654 καὶ
986 602 1236 672 χρηστῶς
1288 599 1491 670 κρίνων
1523 601 1692 670 ἡμᾶς,
1746 601 1865 652 ὲπι-

285 697 481 768 τρέπει
509 693 684 762 λέγειν
714 694 861 764 ἡμᾶς
891 693 1027 765 πρὸς
1053 693 1237 756 αὑτὸν,
1277 702 1355 754 ὡς
1386 691 1702 762 κρινόμενον
1747 691 1865 763 μεθ’

287 786 466 857 ἡμῶν,
501 784 625 856 περὶ
659 778 734 838 ὧν
769 784 1086 854 βουλόμεθα.
1125 782 1478 856 Ἐχρησάμην
1509 778 1602 836 οὖν
1631 785 1742 846 τοῖς
1764 784 1870 837 ἀπὸ

287 877 383 933 τοῦ
419 877 624 930 Ἠσαῖα
646 893 659 906 ο
686 876 885 939 Δεῦτε,
905 875 1028 928 ’καί
1077 873 1507 944 διαλεχθῶμεν,
1545 871 1709 941 λέγει
1764 873 1872 926 Κύ-

280 986 436 1038 ριος.
471 969 546 1022 Τὸ
576 968 707 1038 γὰρ,
739 965 1164 1035 διαλεχθῶμεν,
1217 964 1458 1019 τοιοῦτόν
1504 964 1680 1016 ἐστιν·
1717 963 1782 1016 Et
1820 963 1872 1016 τί

292 1081 363 1134 με
396 1062 540 1131 ἔχεις
568 1061 806 1130 ἐλέγξαι,
839 1061 932 1114 καὶ
960 1059 1059 1130 τὴν
1106 1058 1360 1130 πρόνοιάν
1391 1070 1516 1128 μου,
1561 1056 1638 1120 ὠς
1667 1056 1874 1128 ἀμελή-

291 1155 487 1217 σαντός
517 1171 608 1208 σου
638 1153 772 1225 (72),
811 1152 886 1216 ὡς
914 1152 987 1222 μὴ
1015 1151 1082 1206 τά
1101 1151 1286 1205 δέοντα
1309 1150 1686 1219 πεποιηκότος,
1711 1149 1869 1220 λέγεο

292 1244 488 1314 Κάγὼ,
515 1246 544 1299 ὃ
564 1262 617 1298 τι
659 1245 788 1298 ποτὲ
813 1244 920 1314 ἔχω
940 1243 1071 1316 ἐρῶ,
1101 1244 1275 1296 πείσω
1305 1260 1384 1307 σε,
1412 1241 1788 1306 καταδικάζων
1815 1260 1873 1297 σε

289 1337 446 1404 ἄξιον
477 1336 604 1389 ὄντα
628 1335 721 1388 τοῦ
751 1333 1236 1403 καταδικασθῆναι.

291 1427 444 1496 Στίχ.
476 1423 538 1478 ε’.
569 1425 828 1494 Πότερον
851 1427 964 1493 οὺχ
999 1425 1037 1491 ἡ
1072 1423 1251 1476 κακία
1283 1437 1398 1476 σου
1447 1421 1582 1474 ἐστι
1635 1419 1874 1486 πολλή;

367 1518 610 1581 Εἰκότως
640 1518 739 1586 οὐχ
772 1516 960 1579 ἀπλῶς
1016 1533 1160 1587 φημι
1206 1515 1319 1586 (75)
1349 1515 1632 1584 γεγονέναι
1658 1514 1839 1568 ἄδικον
1858 1532 1870 1545 ·

290 1612 420 1666 ἐπεὶ
457 1612 656 1682 πάσχει
685 1610 929 1674 τοιαῦτα,
949 1611 1106 1662 ὁποῖα
1139 1610 1312 1673 οὐδεὶς
1339 1609 1516 1662 αὐτῶν
1538 1607 1877 1679 τηλικούτοις

291 1705 611 1766 πέπτωκεν,
653 1703 787 1766 οἵοις
841 1702 925 1755 σύ.
979 1701 1139 1764 Εἰκὸς
1165 1700 1252 1754 διὰ
1281 1700 1343 1753 τὸ
1380 1699 1752 1771 ἀναρίθμητόν
1785 1717 1876 1754 σου

289 1796 406 1850 τῶν
433 1796 808 1866 πταισμάτων,
831 1794 1006 1849 ταῦτά
1036 1811 1116 1848 σοι
1147 1794 1481 1866 ἐληλυθέναι.

1967 608 2022 652 et
2058 596 2266 654 utiliter
2285 599 2538 670 judicans
2568 617 2665 657 nos
2709 603 2989 672 permittat
3021 619 3118 659 nos
3145 619 3333 659 secum
3369 605 3534 674 loqui,

1969 690 2122 759 quasi
2151 705 2376 747 causam
2403 694 2548 749 dicat
2583 693 2889 760 nobiscum,
2925 697 2991 751 de
3021 696 3087 752 iis
3119 712 3238 767 qua:
3266 697 3535 754 volumus.

1972 780 2112 836 Usus
2145 798 2262 837 sum
2289 797 2420 854 ergo
2466 787 2588 840 loco
2625 785 2771 842 Isaia:
2798 804 2812 841 :
2860 786 3059 853 Venite,
3091 798 3139 842 et
3170 788 3497 859 disputemus
3521 831 3536 856 ,

1970 876 2044 928 ait
2078 873 2334 930 Dominus
2389 878 2456 930 '“.
2495 877 2627 932 Illud
2657 879 2799 933 enim
2830 922 2844 945 ,
2901 881 3264 948 disputemus,
3299 881 3406 936 hoc
3435 882 3538 936 sibi

1973 967 2132 1022 vult:
2167 967 2222 1023 Si
2255 967 2386 1037 quid
2436 970 2605 1025 habes
2639 986 2723 1024 me
2771 987 3006 1040 arguere
3039 981 3094 1027 et
3143 973 3542 1042 providentiam

1974 1073 2170 1124 meam,
2210 1067 2462 1130 tanquam
2493 1062 2581 1130 qui
2618 1061 2945 1132 neglexerim
3002 1073 3074 1126 te,
3137 1073 3394 1132 tanquam
3448 1065 3542 1134 qui

1975 1165 2093 1220 quae
2122 1150 2366 1206 facienda
2395 1161 2548 1207 erant
2579 1168 2684 1208 non
2724 1151 2943 1208 fecerim
2965 1194 2978 1215 ,
3015 1154 3140 1219 dic;
3196 1169 3300 1222 ego
3329 1168 3545 1226 quoque

1975 1244 2238 1315 quidquid
2268 1245 2463 1313 habeo,
2495 1246 2669 1302 dicam
2701 1263 2715 1301 :
2772 1246 3112 1318 persuadebo
3146 1255 3219 1314 te,
3257 1255 3451 1302 contra
3492 1257 3543 1302 te

1976 1336 2160 1394 ferens
2181 1341 2531 1406 sententiam,
2550 1339 2692 1409 quod
2717 1339 2914 1409 dignus
2932 1339 3010 1394 sis
3031 1339 3122 1409 qui
3147 1339 3544 1394 condemneris.

2078 1430 2140 1484 ν.
2174 1429 2228 1485 5.
2266 1428 2520 1500 Nunquid
2557 1447 2659 1484 non
2686 1431 2990 1500 improbitas
3018 1440 3108 1484 tua
3140 1441 3216 1485 est
3247 1429 3459 1485 multa!

2052 1522 2242 1578 Ilerito
2272 1539 2377 1577 non
2420 1523 2744 1593 simpliciter
2775 1523 2863 1577 aio
2886 1521 3055 1577 fuisse
3107 1523 3390 1592 iujustum,
3419 1523 3550 1593 quia

1981 1615 2106 1672 talia
2137 1618 2358 1684 patitur,
2394 1616 2572 1686 qualia
2611 1630 2771 1670 nemo
2794 1615 3009 1670 illorum
3039 1615 3091 1669 in
3133 1614 3438 1682 hujusmodi
3466 1615 3551 1670 in-

1979 1707 2132 1772 cidit,
2159 1709 2301 1762 sicut
2327 1715 2402 1760 tu.
2434 1706 2646 1772 Merito,
2667 1715 2891 1776 propter
2919 1706 3344 1762 innumerabiles
3369 1706 3554 1777 lapsus

1983 1808 2124 1862 tuos,
2159 1798 2273 1853 haec
2307 1797 2403 1852 tibi
2435 1798 2740 1852 obvenisse.

368 1889 481 1959 (Ἠ)
517 1863 629 1944 Τοῦ
655 1889 861 1944 αὐτοῦ.
888 1889 964 1942 Ob
990 1863 1253 1960 πρότερον
1276 1886 1558 1958 ὠνόμασεν
1579 1885 1876 1959 ἁμαρτίαν,

2055 1890 2331 1961 Ejusdem.
2359 1888 2476 1946 Non
2510 1891 2658 1961 prius
2681 1891 2980 1946 nominavit
3009 1901 3290 1962 peccatum
3313 1931 3328 1955 ,
3355 1891 3558 1948 deinde

288 1977 417 2034 εἶτα
437 1982 536 2052 τὴν
565 1981 793 2036 κακίαν·
827 1981 942 2034 ἀλλ’
978 1979 1120 2053 ὁρῶν
1148 1979 1262 2050 τὴν·
1284 1979 1484 2034 κακίαν
1528 1979 1626 2050 τὴν
1667 1978 1879 2050 φαύλην

287 2075 433 2140 ἒξιν,
484 2069 605 2130 εἶτα
657 2074 795 2146 μετά
827 2073 986 2128 τοῦτο
1033 2072 1100 2126 τά
1151 2073 1260 2126 ἀπὸ
1312 2072 1411 2142 τῆς
1452 2071 1662 2141 φαύλης
1713 2069 1882 2136 ἕξεως

288 2166 743 2238 ἁμαρτανόμενα,
773 2165 916 2238 ἅπερ
939 2162 1091 2220 εἶπεν
1118 2164 1520 2237 ἀναριθμήτους
1541 2160 1679 2220 εἶναι
1703 2166 1882 2236 ἀμαρ-

289 2275 441 2320 τιας.

333 2349 449 2416 (75)
483 2348 634 2418 Στίχ.
665 2347 726 2404 ε’.
767 2349 1172 2418 Ἁναρίθμητοι
1200 2347 1267 2401 δέ
1301 2363 1419 2404 σου
1447 2351 1505 2404 αὶ
1545 2349 1839 2420 ἁμαρτίαι.

383 2437 787 2508 ’Υπολαμϐάνει
843 2438 1001 2492 τοῦτο
1055 2441 1084 2492 ό
1137 2436 1360 2506 Ἐλιφάζ
1415 2439 1542 2510 περὶ
1585 2438 1679 2492 τοῦ
1739 2438 1878 2493 Ἰὼϐ.

297 2530 459 2601 ᾝδει
493 2531 660 2584 αὑτὸν
686 2530 959 2595 πλούσιον,
1016 2531 1111 2583 καί
1141 2547 1304 2600 φησιν
1324 2547 1336 2560 °
1379 2530 1663 2600 Ἐνέχυρα
1702 2530 1884 2601 ἐλάμ-

293 2626 480 2690 ϐανες
507 2623 628 2677 ἀπὸ
676 2622 792 2677 τῶν
816 2623 944 2677 σῶν
973 2622 1272 2693 ἀδελφῶν,
1306 2623 1382 2687 ὼς
1429 2623 1752 2696 ὀφειλόντων
1809 2626 1884 2696 μὴ

295 2715 650 2785 ὀφειλόντων.
693 2715 767 2768 Τὸ
798 2715 926 2788 γάρ,
973 2713 1343 2786 Ἠνεχύραζες
1373 2715 1680 2785 διακενῆς,
1713 2715 1886 2769 τοιοῦ-

294 2808 396 2861 τόν
421 2810 594 2861 ἐστιν.

297 2902 418 2974 (76)
463 2901 617 2973 Στίχ.
685 2908 759 2966 ς’.
801 2900 1186 2983 Ἠνεζύραζες
1225 2901 1368 2968 τοὺς
1419 2900 1722 2970 ἀδελφούς
1768 2914 1886 2955 σου

982 2989 1242 3040 ιακενης.

380 3062 494 3118 Τοῦ
530 3063 740 3118 αὐτοῦ.
773 3063 1185 3136 Προσεπιτείνει
1229 3065 1285 3118 δὲ
1319 3065 1480 3120 πάλιν
1506 3064 1671 3136 ἄλλην
1721 3065 1886 3119 αὐτοῦ

294 3155 604 3228 ἁμαρτίαν.
633 3156 789 3208 Ἐστι
823 3156 954 3211 ποτὲ
981 3154 1164 3207 λαϐεῖν
1201 3155 1601 3226 ἀμφιάσματα;
1641 3155 1713 3207 Οὐ
1746 3171 1888 3224 γυμ-

295 3251 417 3312 νοῦ,
475 3248 614 3303 ἀλλά
664 3248 918 3302 πλουσίου
972 3248 1186 3319 ἔχοντος
1226 3248 1565 3318 ἀποκείμενα
1619 3245 1890 3315 ἐνδύματα

297 3341 477 3394 πολλὰ
505 3339 710 3392 λαϐεῖν.
745 3339 1082 3412 Τρία...(77)
1105 3338 1168 3409 δὴ
1203 3340 1231 3390 ὁ
1256 3336 1364 3391 τῶν
1391 3336 1595 3390 πολλῶν
1628 3338 1742 3389 ἐκεῖ
1771 3334 1890 3388 ἕλα-

298 3435 398 3488 6ον
435 3432 744 3504 ἀμφίασιν·
799 3430 936 3485 ἀλλά
979 3429 1209 3501 γυμνοῦ,
1253 3429 1389 3485 ἀλλά
1435 3421 1710 3482 πλουσίου.
1767 3427 1890 3481 Ἐἀν

301 3525 493 3598 μέντοι
513 3541 578 3592 γε
601 3521 807 3594 χιτῶνά
827 3539 910 3586 τις
939 3521 1037 3594 ἔχῃ
1066 3521 1180 3585 ἕνα,
1215 3521 1307 3574 καὶ
1330 3519 1516 3572 τοῦτον
1547 3519 1636 3572 τὸν
1668 3519 1888 3588 χιτῶνα,

300 3615 691 3688 προφάσειτώ
725 3617 972 3670 ἀπαιτεῖν
1001 3615 1063 3668 τὸ
1093 3613 1244 3684 ἐμὸν,
1286 3611 1517 3677 ὲκδύσω,
1555 3609 1628 3681 μὴ
1663 3609 1892 3677 ἐλεήσας

300 3712 516 3765 ἐκεῖνον
542 3709 635 3761 τὸν
669 3709 895 3778 γυμνὸν,
923 3705 1188 3776 ἁμφίασιν
1214 3703 1310 3758 τοῦ
1337 3703 1546 3774 γυμνοῦ
1568 3701 1888 3772 ἀφειλόμην.

301 3801 488 3854 Πολλὰ
515 3800 572 3853 δὲ
619 3798 864 3864 τοιαῦτα,
907 3799 964 3851 ὲν
998 3799 1126 3868 ἡμῖν
1165 3796 1393 3865 γίνεται,
1433 3795 1509 3848 ὅτ’
1544 3793 1610 3847 ἂν
1647 3792 1894 3856 δανείζω-

305 3911 430 3964 μεν,
458 3895 537 3948 ὅτ’
564 3893 630 3946 ἂν
653 3891 789 3963 πρὸς
819 3889 1099 3959 ὀφειλέτας
1125 3887 1432 3960 ὲρχώμεθα.
1460 3886 1727 3949 Πολλάκις
1747 3887 1895 3950 ὀφει-

304 3987 470 4055 λέτης
515 3983 674 4055 ἡμῶν
709 3985 787 4047 εἰς
829 3980 1136 4053 ὑπερϐολὴν
1181 3981 1426 4055 πένεται,
1482 3980 1554 4050 μὴ
1600 3978 1895 4049 δυνάμενος

306 4074 639 4131 ἀποδοῦναι’
677 4076 772 4126 καὶ
809 4074 990 4143 ἡμεῖς,
1025 4071 1092 4124 τὰ
1139 4051 1423 4139 σπλάγχνα
1455 4067 1610 4141 ἡμῶν
1643 4068 1895 4121 ἀποκλεί-

304 4182 525 4229 σαντες,
559 4163 804 4234 ἀνηλεεῖς
838 4163 932 4217 καί
971 4161 1116 4232 ὠμοὶ
1158 4159 1442 4230 γινόμεθα,
1498 4161 1572 4230 μὴ
1608 4158 1896 4228 βλέποντες

305 4260 393 4312 ὃτι
435 4259 676 4327 γυναῖκα
715 4255 904 4328 τρέφει
947 4254 1042 4308 καὶ
1080 4252 1266 4317 τέκνα,
1303 4253 1397 4305 καὶ
1445 4251 1595 4322 μόλις
1639 4250 1895 4322 τρέφεται

312 4350 430 4404 ἀπὸ
458 4348 569 4403 τῶν
609 4345 982 4418 ποριζομένων
1017 4342 1166 4414 αύτῷ
1207 4343 1403 4410 ὀλίγων
1435 4339 1658 4394 ὀϐολῶν.
1719 4340 1898 4394 Ἀπαιο

305 4443 516 4513 τοῦμεν
555 4439 768 4512 πικρῶς
813 4439 926 4492 ἔσθ’
971 4439 1060 4491 ὅτε
1093 4437 1184 4489 καὶ
1229 4434 1464 4507 περισσά
1514 4433 1727 4503 ἔχοντες
1767 4435 1896 4504 παρ’

1983 1983 2174 2036 vitium
2206 2001 2218 2036 :
2256 1983 2350 2038 sed
2403 1983 2594 2036 videns
2627 1983 2818 2036 vitium
2864 1983 3064 2038 malum
3097 1996 3219 2038 esse
3250 1983 3502 2038 habitum
3533 2020 3551 2046 ,

1983 2077 2175 2130 deinde
2199 2085 2382 2144 postea
2414 2090 2532 2144 quae
2557 2084 2684 2129 sunt
2707 2088 2738 2128 a
2765 2074 2907 2129 malo
2929 2074 3120 2129 habitu
3155 2084 3379 2144 peccata
3403 2088 3555 2144 :qua

1983 2169 2118 2224 dixit
2149 2167 2562 2223 innumerabilia
2595 2184 2716 2225 esse
2751 2175 2994 2239 pteccata.
3088 2165 3093 2168 ’

2158 2354 2224 2407 ν.
2253 2353 2311 2407 5.
2338 2351 2756 2406 Innumerabilia
2787 2363 2963 2406 autem
3002 2361 3216 2419 peccata
3259 2361 3374 2404 tua.

2062 2444 2328 2515 Supponit
2358 2446 2460 2500 hoc
2488 2443 2712 2513 Eliphaz
2743 2446 2808 2500 de
2838 2442 2959 2498 Job.
3010 2441 3180 2498 Norat
3229 2457 3350 2496 eum
3388 2439 3562 2497 fuisse

1987 2540 2290 2603 divitetn,et
2319 2538 2396 2591 ait
2420 2556 2434 2593 :
2456 2533 2690 2607 Pignora
2714 2537 3002 2605 accipiebas
3021 2552 3051 2588 a
3070 2535 3325 2605 fratribus
3359 2533 3466 2587 tuis
3487 2533 3559 2598 ",

1989 2639 2246 2699 tanquam
2282 2627 2558 2682 debitores
2606 2635 2814 2687 essent,
2841 2627 2932 2695 qui
2981 2626 3114 2680 nihil
3163 2625 3459 2682 debebant.
3490 2622 3560 2678 ll-

1987 2715 2078 2770 lud
2113 2714 2282 2780 enim,
2308 2712 2544 2786 Pignora
2588 2711 2892 2784 postulabas
2932 2713 3184 2782 inaniter,
3218 2714 3557 2770 tantumdem

1987 2806 2278 2878 signiﬁcat.

2059 2921 2124 2975 ν.
2155 2920 2210 2976 6.
2239 2919 2476 2991 Pignora
2506 2916 2818 2988 postulabas
2841 2917 3038 2986 fratres
3075 2927 3194 2974 tuos
3233 2919 3488 2975 inaniter.

2060 3034 2336 3105 Ejusdem.
2362 3033 2555 3088 Adhuc
2583 3032 2770 3102 objicit
2795 3033 2940 3088 aliud
2971 3033 3166 3088 iterum
3198 3032 3316 3104 ejus
3366 3047 3564 3103 pecca-

1992 3137 2126 3182 tum.
2174 3126 2394 3181 Licetne
2441 3141 2680 3194 unquam
2740 3126 2986 3195 accipere
3021 3127 3339 3181 indumenta
3361 3125 3395 3178 ἲ·
3443 3123 3562 3179 Non

1916 3209 1958 3265 C
1995 3221 2143 3287 nudi,
2177 3220 2272 3275 sed
2300 3219 2485 3274 divitis
2511 3219 2762 3287 accipere
2802 3217 2947 3281 licet,
2973 3219 3066 3287 qui
3093 3219 3261 3272 multa
3290 3218 3452 3272 habet
3479 3231 3565 3271 re—

1992 3313 2168 3381 posita
2203 3313 2544 3367 indumenta.
2599 3307 2850 3364 Tria.....
2886 3309 3098 3364 scilicet
3151 3309 3442 3364 multorum
3489 3307 3564 3362 ibi

1993 3405 2179 3476 accepi
2223 3406 2640 3462 indumentum:
2675 3406 2768 3462 sed
2793 3403 2955 3472 nudi,
3009 3403 3101 3458 sed
3153 3401 3359 3457 divitis.
3407 3402 3478 3455 At
3518 3402 3564 3455 si

1993 3499 2116 3567 quis
2152 3500 2388 3554 tunicam
2413 3499 2741 3570 singularem
2760 3497 2982 3560 haheat,
3007 3507 3061 3550 et
3082 3497 3182 3550 hac
3208 3495 3414 3558 tunica,
3433 3509 3569 3564 prae-

1997 3601 2148 3645 textu
2177 3591 2430 3662 exigendi
2458 3593 2600 3662 quod
2634 3605 2812 3646 meum
2841 3599 2944 3656 est,
2972 3605 3072 3660 ego
3117 3604 3240 3643 eum
3295 3588 3518 3658 spoliem
3551 3627 3567 3650 ,

1995 3697 2100 3735 non
2127 3681 2386 3736 misertus
2418 3681 2683 3740 nuditatis
2712 3680 2852 3748 ejus,
2879 3680 3273 3734 vestimentum
3307 3678 3433 3732 nudi
3454 3676 3574 3729 abs-

1997 3772 2108 3827 tuli.
2164 3771 2336 3827 Multa
2371 3772 2676 3841 hujusmodi
2704 3786 2733 3825 a
2772 3771 2929 3827 nobis
2960 3772 3116 3837 liunt,
3144 3771 3365 3838 quando
3383 3779 3572 3824 mutuo

1996 3865 2212 3930 damus,
2248 3866 2470 3934 quando
2505 3867 2571 3921 ad
2602 3865 2879 3921 debitores
2927 3864 3225 3935 pergimus.
3260 3865 3414 3931 Saepe
3445 3875 3574 3916 cou-

1999 3957 2180 4027 tingit,
2214 3967 2272 4011 ut
2294 3958 2511 4012 debitor
2546 3969 2733 4014 uoster
2773 3970 3019 4014 extrema
3073 3965 3390 4026 paupertate
3424 3952 3574 4006 labo-

1999 4062 2101 4116 ret,
2143 4050 2371 4104 reddere
2405 4067 2509 4104 nou
2551 4051 2807 4104 \valens:
2863 4057 2918 4104 et
2975 4064 3076 4104 nos
3134 4051 3346 4103 viscera
3383 4056 3571 4102 nostra

1997 4137 2329 4202 claudentes,
2368 4139 2830 4194 immisericordes
2863 4151 2919 4194 et
2942 4138 3193 4194 crudeles
3237 4136 3428 4200 limus,
3464 4152 3571 4190 non

1998 4231 2342 4284 attendentes
2370 4230 2510 4299 quod
2537 4245 2757 4285 uxorem
2783 4230 2874 4284 alit
2895 4242 2948 4286 et
2978 4230 3139 4296 tilias,
3161 4245 3224 4285 ac
3244 4230 3331 4283 vix
3355 4238 3572 4283 susten-
3605 4225 3609 4229 ’

2001 4333 2147 4378 tatur
2169 4340 2198 4378 a
2221 4325 2408 4393 paucis
2454 4340 2576 4394 quae
2625 4325 2731 4381 sibi
2769 4335 3029 4396 superant
3059 4325 3256 4380 obolis.
3290 4323 3572 4393 Exiginius

2001 4417 2206 4471 acriter
2239 4416 2554 4486 aliquando,
2581 4419 2795 4474 tametsi
2829 4417 3102 4488 superﬂua
3140 4430 3305 4486 penes
3333 4431 3433 4471 nos
3489 4430 3575 4470 re-

314 4538 556 4598 ὲαυτοῖς.
587 4533 771 4586 Ταῦτα
808 4527 901 4585 οῦν
924 4530 1072 4599 λέγει
1096 4527 1342 4596 ἐγκαλῶν
1366 4526 1444 4597 τῷ
1487 4526 1626 4590 Ίὼὸ,
1672 4527 1750 4579 ὃτι
1792 4527 1883 4596 ἀμ-

2005 4507 2297 4561 tiueamus.
2333 4505 2459 4562 llaec
2481 4507 2650 4577 igitur
2684 4507 2914 4579 culpans
2939 4509 3084 4576 apud
3115 4505 3240 4572 Job,
3269 4505 3402 4562 dicit
3428 4506 3575 4574 quod

311 4629 504 4698 φίασιν
523 4625 746 4696 γυμνῶν
768 4623 1008 4694 ἀφεῖλεν.

314 4722 462 4793 Στίχ.
494 4722 559 4786 ζ’.
587 4717 741 4772 Οὐδὲ
788 4717 951 4793 ,ὕδωρ
1002 4715 1310 4793 Δδιιῦιςῖιντας
1365 4715 1688 4793 ἐπότισας⁸
1738 4715 1899 4768 ἀλλὰ

630 4785 966 4843 πεινώντων
989 4785 1326 4853 ἐστέρησας
1357 4787 1586 4854 ψωμόν.

392 4885 506 4952 (78)
543 4884 647 4948 Εἰς
678 4881 742 4934 τὸ
792 4881 957 4934 αὐτό.
1003 4877 1211 4931 Οὐκοῦν
1249 4877 1309 4929 οὐ
1373 4876 1533 4946 μόνον
1578 4876 1637 4928 τὸ
1673 4875 1898 4938 ἀδικεῖν,

317 4977 453 5032 ἀλλά
475 4976 569 5028 καί
597 4974 658 5027 τὸ
685 4973 758 5044 μὴ
783 4972 1096 5043 εὐεργετεῖν
1121 4967 1438 5022 ὑπεύθυνον.

390 5069 507 5142 (79)
533 5066 718 5121 Ταῦτα
745 5064 922 5118 πάντα
951 5059 1381 5133 κατηγορήματά
1405 5059 1531 5120 εἱσι,
1566 5060 1658 5112 καὶ
1687 5058 1901 5129 ἀληθῶς

316 5161 518 5232 ψεκτά.
565 5158 704 5214 Ἀλλ’
742 5159 841 5211 ούκ
877 5154 1048 5226 ἀληθῆ
1100 5152 1227 5224 περὶ
1269 5150 1362 5204 τοῦ
1405 5151 1544 5215 Ἰὼϐ,
1577 5151 1695 5203 οὐδὲ
1724 5151 1901 5214 καλῶς

319 5257 541 5326 ἐλέγετο
571 5255 700 5326 περὶ
731 5251 920 5307 αὑτοῦ.

400 5348 515 5405 Τοῦ
568 5347 776 5402 αὐτοῦ.
837 5344 1076 5398 Τοιαῦτα
1123 5344 1330 5410 γίνεται
1388 5341 1444 5394 ὲν
1499 5341 1616 5401 ταῖς
1676 5340 1900 5409 πικραῖς

397 5465 444 5499 ’ί
495 5471 639 5524 lsa.l
668 5503 684 5528 ,
718 5461 804 5516 18.
883 5462 927 5492 ⁷³
966 5459 1068 5518 hic,
1099 5475 1148 5513 v.
1181 5460 1231 5512 ϐ.

399 5582 518 5654 (72)
544 5580 681 5654 (ξοιί.
712 5594 841 5654 ut,
858 5595 980 5648 μου.

405 5646 516 5714 ἱἾΞί)
548 5651 661 5706 lloc
702 5646 938 5719 φημίεξ
975 5646 1246 5719 cadant.

405 5713 514 5793 (74)
547 5722 683 5778 God.
714 5713 808 5774 iii
840 5718 1028 5772 tribuit
1064 5714 1375 5786 Olympiod.
1403 5729 1560 5784 quem
1610 5713 1732 5769 vide
1777 5730 1900 5784 pag.

330 5794 456 5849 577.

409 5863 516 5930 (75)
544 5863 598 5917 ln
630 5872 860 5930 utroque
902 5859 1020 5913 cod.

2002 4598 2378 4654 indumentum
2410 4601 2679 4657 nudorum
2711 4599 3025 4656 abstulerit.

2000 4708 2066 4764 ν.
2115 4709 2169 4765 7.
2204 4712 2312 4769 Nec
2336 4727 2474 4780 aqua
2521 4712 2759 4766 sitientes
2799 4712 3032 4781 potasti;
3069 4712 3197 4782 quin
3226 4720 3274 4765 et
3301 4706 3573 4780 famelicos

2535 4785 2750 4850 privasti
2775 4782 3028 4838 buccella.

2074 4872 2140 4927 1η
2164 4874 2324 4928 idem.
2385 4873 2530 4945 Ergo
2587 4889 2693 4928 non
2737 4875 2899 4929 tundo
2946 4872 3140 4942 injuria
3173 4870 3392 4928 allicere
3421 4910 3438 4936 ,
3485 4871 3577 4924 sed

2002 4966 2165 5020 etiam
2201 4982 2308 5021 non
2343 4965 2561 5022 allicere
2593 4966 2859 5023 beneﬁcio
2891 4967 2945 5020 in
2973 4966 3128 5036 culpa
3166 4979 3274 5021 εει.

2053 5059 2205 5116 Haec
2255 5059 2441 5116 omnia
2473 5062 2854 5117 accusationes
2897 5069 3052 5125 sunt,
3083 5068 3142 5114 et
3189 5071 3319 5112 vere
3369 5055 3581 5123 vitupe-

2006 5157 2195 5208 randa.
2225 5153 2331 5208 Sed
2365 5167 2468 5208 non
2494 5168 2619 5209 vera
2651 5155 2829 5223 quoad
2853 5153 2976 5216 Job,
3011 5165 3188 5219 neque
3213 5150 3349 5203 bene
3373 5147 3439 5202 de
3465 5147 3583 5216 ipso

2005 5245 2148 5300 dicta
2173 5257 2321 5302 sunt.

2078 5336 2354 5408 Ejusdem.
2397 5339 2521 5396 Haec
2566 5342 2889 5409 contingunt
2923 5337 2976 5390 in
3031 5329 3580 5388 acerbisexactioni-

2084 5573 2195 5642 (76)
2228 5571 2444 5627 Confer.
2479 5571 2689 5642 Qlymp.

2081 5638 2194 5714 ('77)
2227 5643 2402 5714 Locus
2424 5638 2688 5714 deﬁciens
2707 5648 2758 5693 et
2798 5638 3108 5714 impeditus.

2089 5709 2203 5782 (78')
2234 5713 2366 5767 Cod.
2408 5727 2518 5766 xxi.
2547 5710 2766 5782 Confer.
2801 5709 3015 5782 Olymp.

2091 5777 2199 5851 (79)
2219 5783 2291 5838 Ex
2321 5782 2425 5838 alio
2456 5783 2578 5837 cod.
2608 5779 2824 5836 Confer.
2860 5777 2915 5834 et
2950 5779 3038 5835 hic
3070 5777 3284 5849 Olymp.
