4016 6536
435 5883 468 5914 /

517 371 588 427 83

1387 367 1946 425 SUPPLEMENTUM
1979 367 2072 422 AD
2104 366 2428 424 ORIGENIS
2465 366 2879 426 EXEGETICA.

3682 367 3748 421 84

519 487 646 542 bus.
673 485 979 556 Aliquando
1009 485 1182 556 ipsam
1233 485 1531 540 buccellam
1580 487 1795 540 unicam
1831 488 1953 556 quis
1987 487 2072 540 ha-

2183 485 2560 558 ἀπαιτήσεσιν.
2600 487 2797 541 Ἐνίοτε
2830 485 2991 540 αὐτὸν
3018 484 3109 542 τὸν
3131 486 3321 558 ψωμὸν
3348 484 3460 556 ἔχει
3499 503 3580 550 τις
3616 486 3745 541 ἕνα·

517 575 779 631 betzetsi
821 576 1089 648 integrum
1119 590 1312 646 panem
1351 592 1460 632 non
1505 578 1738 641 habeat,
1789 577 2083 634 auferimus

517 666 590 730 ei,
625 666 869 722 dicentes
903 685 917 720 :
951 666 1020 720 At
1053 668 1266 722 debitor
1291 682 1369 723 es.

732 759 799 814 ν.
831 759 885 815 9.
927 758 1130 814 Viduas
1158 770 1333 815 autem
1376 761 1630 816 dimisisti
1657 779 1870 816 uacuas.

601 849 982 916 Attendamus,
1013 851 1058 906 si
1086 851 1246 908 vidua
1272 853 1488 910 domum
1519 863 1765 910 nostram
1815 855 2082 924 ingredia-

520 951 630 1008 tur,
679 957 745 998 ne
774 959 1012 1014 unquam
1041 960 1267 1001 vacuam
1297 962 1418 1003 eam
1455 948 1813 1004 dimittamus.
1845 947 1952 1004 Pro
1997 947 2080 1002 l‘a-

514 1035 718 1092 cultate
745 1051 846 1093 sua
875 1035 1102 1108 quisque
1130 1054 1199 1094 ex
1223 1053 1289 1095 co
1305 1040 1448 1109 quod
1471 1041 1637 1096 habet
1658 1042 1878 1110 impleat
1901 1040 2077 1095 sinum

513 1127 711 1185 viduae.
1451 1141 1453 1143 ‘

835 1223 896 1276 V.
931 1223 986 1278 9.
1017 1221 1294 1293 Orphanos
1329 1233 1504 1277 autem
1545 1224 1760 1278 vexasti.

589 1308 864 1380 Ejusdem.
919 1311 1198 1368 Neminem
1263 1326 1460 1368 vexare
1506 1323 1755 1382 oportet:
1811 1315 2080 1386 praecipue

517 1412 694 1456 autem
731 1418 954 1458 necesse
983 1413 1066 1458 est
1088 1419 1316 1473 parcere
1342 1403 1623 1474 orphanis.
1651 1405 1758 1460 Pro
1795 1405 2080 1462 animabus

513 1493 657 1550 enim
687 1493 892 1550 auxilio
914 1495 1189 1550 destitutis
1212 1496 1559 1565 pugnandum
1585 1497 1755 1550 edixit
1774 1496 1933 1552 Deus.
1960 1496 2080 1554 Prae

510 1585 863 1639 caezerisvero
882 1585 1194 1660 hominibus
1221 1624 1237 1650 ,
1285 1601 1550 1656 pauperes
1577 1628 1591 1651 ,
1639 1587 1812 1641 vidum
1834 1629 1850 1652 ,
1885 1587 2077 1658 pupilli

513 1675 718 1730 auxilio
749 1675 1014 1748 indigent.

710 1769 776 1824 ν.
806 1769 895 1828 10.
935 1769 1067 1825 Ideo
1106 1772 1565 1827 circumdederunt
1599 1784 1649 1827 te
1677 1773 1871 1844 laquei.

2185 577 2289 629 κᾶν
2315 577 2390 648 μὴ
2415 576 2512 649 ἔχῃ
2544 576 2706 649 ἄρτον
2738 577 3048 648 ὁλόκληρον,
3087 576 3427 649 ἀφαιροῦμεν
3467 577 3561 631 ἀπ’
3585 579 3748 632 αὐτοῦ

2184 667 2432 735 λέγοντες
2454 686 2468 698 ο
2509 668 2648 721 Ἀλλ’
2673 669 2906 738 ὀφείλεις
2933 669 3066 740 (80).

2323 760 2471 830 Στίχ.
2515 759 2580 814 θ’.
2618 759 2814 828 Χήρας
2841 759 2910 813 δὲ
2938 760 3373 827 ἐξαπέστειλας
3402 759 3607 827 κενάς.
3739 809 3748 819 .

2255 851 2618 922 Προσέχωμεν
2635 852 2729 906 ἐὰν
2756 854 2899 925 χήρα
2921 853 3077 924 ἡμῶν
3093 851 3308 925 εἰσέλθῃ
3331 855 3411 917 εἰς
3431 852 3527 924 τὴν
3546 853 3748 920 οἰκίαν,

2187 945 2397 1015 μήποτε
2431 944 2592 1016 κενὴν
2620 945 2788 1016 αὐτὴν
2833 945 3319 1016 ἐξαποστείλωμεν.
3370 944 3529 998 Κατὰ
3583 943 3749 999 δύνα-

2184 1052 2276 1106 μιν
2308 1033 2536 1098 ἕκαστος
2565 1034 2700 1104 πρὸς
2719 1035 2748 1088 ὃ
2785 1034 2897 1105 ἔχει
2929 1035 3270 1108 πληρωσάτω
3296 1035 3388 1088 τὸν
3417 1035 3616 1093 κόλπον
3647 1035 3748 1107 τῆς

2183 1125 2379 1197 χήρας·

2343 1214 2454 1286 (81)
2507 1216 2654 1286 Στίχ.
2695 1215 2760 1268 θ’.
2813 1216 3132 1284 Ὀρφανοὺς
3166 1215 3234 1269 δὲ
3259 1216 3590 1284 ἐκάκωσας.

2254 1306 2365 1360 Τοῦ
2396 1305 2602 1360 αὑτοῦ.
2635 1305 2842 1360 Οὐδένα
2866 1307 2963 1376 μὲν
2988 1307 3068 1359 δεῖ
3107 1305 3330 1370 κακοῦν,
3369 1306 3660 1378 ἐξαιρέτως
3690 1305 3748 1359 δὲ

2180 1396 2286 1469 χρὴ
2317 1396 2591 1464 φείδεσθαι
2623 1397 2732 1450 τῶν
2758 1398 3028 1469 ὀρφανῶν.
3065 1400 3200 1470 Περὶ
3228 1398 3337 1470 γὰρ
3365 1399 3472 1452 τῶν
3511 1397 3747 1468 ἀϐοηθή-

2178 1504 2286 1540 των
2311 1486 2498 1558 ψυχῶν
2525 1488 2784 1560 πολεμεῖν
2835 1492 2864 1542 ό
2911 1489 3044 1554 Θεὸς
3079 1491 3398 1546 ἐνετείλατο.
3446 1489 3665 1544 Μᾶλλον
3689 1490 3746 1542 δὲ

2181 1579 2332 1652 παρὰ
2358 1580 2485 1644 τοὺς
2503 1579 2694 1642 ἄλλους
2719 1581 3059 1653 ἀνθρώπους,
3098 1583 3322 1654 πτωχοὶ,
3364 1582 3552 1654 χῆραι,
3579 1581 3748 1653 ὀρφα-

2177 1670 2259 1723 νοὶ
2289 1670 2496 1724 δέονται
2526 1671 2798 1744 βοηθείας.

2280 1765 2429 1835 Στίχ.
2461 1763 2511 1816 ι’.
2542 1766 2858 1836 Τοιγαροῦν
2885 1765 3242 1820 ἐκύκλωσάν
3268 1779 3343 1818 σε
3379 1763 3644 1835 παγίδες.

583 1859 833 1930 Laqueos
865 1861 1118 1931 appellat,
1145 1876 1209 1918 ea
1239 1878 1360 1932 qua:
1387 1863 1465 1919 illi
1496 1843 1789 1920 evenerant
1815 1883 1828 1918 :
1862 1867 1915 1920 in
1937 1879 2072 1934 quos

2251 1855 2493 1923 Παγίδας
2525 1855 2671 1925 λέγει
2713 1857 2781 1910 τὰ
2813 1855 3200 1927 συμϐεϐηκότα
3237 1854 3406 1926 αὐτῷ,
3443 1856 3501 1908 ἐν
3532 1849 3622 1918 αἷς
3647 1854 3747 1924 ἐμ-

510 1952 733 2019 iucidit,
766 1955 964 2023 quibus
995 1955 1159 2009 etiam
1191 1945 1516 2025 illaqueatur
1545 1957 1688 2012 illius
1710 1958 1890 2012 anima
1910 1972 1977 2012 ex
2007 1957 2074 2012 iis

511 2058 632 2113 quae
667 2043 742 2098 illi
768 2044 1104 2099 acciderant.

830 2137 895 2192 V.
930 2139 1019 2192 ll.
1056 2137 1174 2192 Lua:
1199 2140 1291 2193 tibi
1319 2141 1542 2194 tenebrte
1565 2143 1750 2194 evasit.

580 2226 637 2280 ln
666 2227 790 2284 luce
817 2242 960 2293 eras,
992 2229 1216 2298 quando
1253 2229 1384 2300 (Spes
1420 2230 1658 2286 habebas
1685 2270 1701 2295 ,
1755 2230 1972 2301 quando
2004 2231 2071 2284 li-

507 2319 625 2375 beri
651 2320 727 2376 tui
764 2324 1088 2390 superstites
1116 2333 1297 2386 erant,
1343 2324 1564 2394 quando
1588 2339 1778 2380 sanum
1811 2335 1929 2381 erat
1950 2341 2074 2381 cor-

506 2429 609 2483 pus
636 2423 806 2470 tuum.
833 2416 985 2470 Nunc
999 2424 1180 2472 autem
1203 2418 1357 2487 quasi
1382 2418 1435 2471 in
1457 2417 1706 2474 tenebras
1722 2419 2070 2486 descendisti,

507 2509 562 2562 in
597 2508 908 2577 huiusmodi
939 2524 1131 2580 nempe
1153 2510 1514 2567 calamitates.

488 2640 493 2645 .
579 2597 648 2655 In
680 2599 839 2654 idem.
867 2599 980 2656 Hoc
1006 2611 1110 2666 est,
1142 2603 1194 2656 in
1217 2602 1528 2669 solitudine,
1565 2613 1621 2658 et
1674 2605 1777 2660 sub
1805 2604 1894 2660 dio
1927 2605 2072 2676 posi-

507 2701 615 2754 tus,
653 2691 1020 2758 errabundus,
1045 2695 1302 2758 extorris,
1335 2704 1389 2749 et
1421 2695 1539 2750 sine
1567 2695 1709 2752 lare.

644 2785 710 2839 ν.
746 2785 832 2843 1-1.
864 2785 1238 2840 Dormitantem
1275 2795 1448 2840 autem
1478 2797 1527 2842 te
1557 2806 1696 2859 aqua
1718 2790 1940 2857 operuit.

575 2875 714 2940 Hoc,
741 2878 1114 2932 dormitantem
1135 2887 1333 2947 teaqua
1358 2880 1584 2944 operuit,
1610 2880 1914 2949 significat:
1941 2894 2070 2948 ope-

504 2969 616 3023 ruit
667 2978 720 3024 te
750 2969 1029 3024 contraria
1060 2970 1254 3024 virtus.
1310 2970 1446 3038 Quia
1482 2986 1586 3025 non
1621 2971 1902 3040 vigilabas.
1939 2973 2068 3043 quia

503 3076 610 3116 non
669 3061 996 3118 dormiebas.
1059 3061 1222 3117 Novit
1265 3071 1446 3118 autem
1487 3063 1763 3132 Scriptura
1815 3079 2066 3120 somnum

2174 1947 2484 2010 πέπτωκεν,
2517 1949 2596 2011 εἰς
2619 1948 2686 2011 ἃς
2719 1947 2814 2001 καὶ
2830 1947 3178 2017 παγιδεύεται
3208 1948 3371 2002 αὐτοῦ
3397 1949 3430 2019 ὴ
3457 1947 3606 2019 ψυχὴ
3637 1947 3749 2003 ἀπὸ

2171 2035 2281 2089 τῶν
2304 2036 2730 2109 συμϐεϐηκότων
2749 2038 2916 2109 αὐτῷ.

2383 2130 2532 2201 Στίχ.
2559 2129 2651 2185 ια’.
2687 2131 2758 2186 Τὸ
2789 2131 2915 2202 ςρῶς
2939 2146 3038 2187 σοι
3065 2135 3284 2199 σκότος
3318 2131 3531 2202 ἀπέϐη.

2253 2221 2342 2275 Ἐν
2391 2224 2531 2293 φωτὶ
2563 2218 2651 2294 ἧς,
2699 2225 2787 2278 ὅτε
2830 2225 2898 2280 τὰ
2950 2225 3266 2298 ὑπάρχοντά
3306 2243 3391 2279 σοι
3428 2221 3518 2297 ἦν,
3548 2225 3639 2279 ὅτε
3676 2224 3748 2280 τὰ

2171 2312 2336 2367 τέκνα
2367 2330 2459 2367 σου
2489 2315 2702 2386 περιῆν,
2732 2316 2821 2369 ὅτε
2855 2315 3064 2384 ὑγίαινέ
3093 2334 3185 2370 σου
3228 2317 3291 2371 τὸ
3317 2316 3498 2388 σῶμα.
3545 2315 3660 2369 Νῦν
3687 2315 3748 2370 δὲ

2171 2400 2282 2460 οἷον
2331 2409 2411 2471 είς
2457 2406 2646 2471 σκότος
2689 2408 3090 2481 καταϐέϐηκας,
3131 2412 3211 2474 εἰς
3255 2408 3353 2474 τὰς
3392 2408 3745 2481 περιστάσεις

2173 2498 2397 2563 ταύτας.

2243 2589 2355 2662 (82)
2379 2593 2483 2658 Εἰς
2522 2593 2588 2646 τὸ
2616 2592 2783 2647 αὐτό.
2824 2593 3113 2647 Τουτέστιν
3153 2594 3212 2647 ἐν
3243 2592 3474 2665 ἐρημίᾳ,
3516 2592 3613 2648 καὶ
3661 2595 3746 2648 αῖ-

2170 2681 2337 2752 θριος,
2364 2684 2585 2756 ἀλήτης,
2613 2686 2708 2740 καὶ
2735 2686 2932 2756 φυγὰς,
2960 2687 3055 2738 καὶ
3091 2685 3357 2749 ἀνέστιος.

2240 2773 2352 2846 (85)
2378 2776 2524 2847 Στίχ.
2552 2784 2638 2832 ια’.
2663 2775 3027 2848 Κοιμηθέντα
3054 2776 3121 2831 δὲ
3138 2777 3292 2845 ὕδωρ
3309 2792 3382 2831 σε
3407 2775 3742 2846 ἐκάλυψεν.

2247 2867 2351 2936 Τὸ,
2399 2870 2753 2938 κοιμηθέντα
2789 2884 2863 2922 σε
2909 2868 3066 2936 ὕδωρ
3107 2867 3420 2937 ἐκάλυψεν
3439 2907 3454 2932 ,
3503 2867 3746 2924 τοιοῦτόν

2169 2967 2332 3018 ἐστιν’
2380 2961 2646 3031 Ἐκᾶλυψέ
2697 2977 2757 3013 σε
2805 2963 2840 3032 ὴ
2886 2959 3237 3031 ἀντικειμένη
3272 2959 3542 3031 ἐνέργεια.
3590 2961 3747 3013 Ἐπεὶ

2167 3058 2267 3110 οὐκ
2295 3054 2636 3129 ἐγρηγόρεις,
2668 3053 2789 3106 ἐπεὶ
2819 3053 2918 3123 οὐχ
2955 3052 3226 3115 ῦπνωσας.
3250 3047 3371 3105 Οἷδε
3397 3052 3455 3104 δὲ
3484 3053 3518 3122 ἡ
3551 3051 3745 3124 Γραφὴ

501 3153 790 3222 quemdam
819 3153 1051 3222 peccati.
1079 3154 1287 3210 Idcirco
1320 3156 1576 3225 pracepit
1634 3156 1790 3210 nobis
1826 3156 2014 3212 dicens
2045 3176 2059 3212 :

2179 3149 2338 3202 ὗπνον
2362 3148 2483 3202 τινὰ
2510 3147 2802 3218 ἁμαρτίας.
2845 3147 2937 3200 Διὸ
2962 3145 3270 3200 ἐντέταλται
3307 3147 3440 3217 ἡμῖν
3476 3143 3742 3212 λέγουσα·

505 3244 588 3302 Ne
614 3249 704 3302 des
726 3263 965 3302 somnum
995 3246 1158 3301 oculis
1183 3247 1307 3312 tuis,
1325 3264 1486 3317 neque
1505 3248 1922 3304 dormitationem
1951 3250 2070 3318 pal-

501 3342 694 3410 pebris,
723 3351 780 3395 ut
804 3345 944 3396 vivas
976 3352 1224 3411 tanquam
1259 3345 1448 3396 dorcas
1476 3358 1504 3396 e
1529 3341 1747 3412 laqueis,
1777 3353 1827 3398 et
1862 3353 1918 3397 ut
1957 3346 2070 3400 avi-

502 3435 622 3488 cula
653 3451 718 3488 ex
742 3435 926 3504 laqueo
953 3434 1022 3487 ⁷³.

621 3527 688 3584 ν.
719 3527 803 3582 12.
831 3527 1022 3582 Nonne
1043 3530 1133 3598 qui
1166 3529 1410 3582 sublimia
1439 3529 1646 3594 incolit,
1679 3531 1956 3585 intuetur?

569 3618 641 3672 At
674 3618 819 3672 enim
861 3627 1114 3687 reputas,
1172 3633 1514 3689 nequaquam
1543 3621 1730 3675 videre
1767 3636 1888 3690 quas
1936 3620 2073 3674 ﬁunt

481 3713 698 3782 _Deum,
721 3711 812 3781 qui
852 3710 909 3765 in
958 3711 1282 3768 sublimibus
1330 3712 1620 3767 inhabitat.
1651 3713 1723 3769 Ut
1755 3714 1919 3785 igitur
1945 3715 2068 3770 uni-

480 3815 659 3868 .versa
688 3800 930 3870 intuens,
956 3816 1050 3858 eos
1089 3802 1179 3872 qui
1220 3818 1288 3858 ex
1320 3803 1716 3859 contumelioso
1761 3804 1951 3860 habitu
1972 3818 2068 3860 co-

499 3892 820 3962 gitationem
856 3893 1091 3963 superbe
1133 3894 1349 3960 tollunt,
1373 3895 1675 3964 praecipites
1701 3896 1831 3966 agit.

478 3983 566 4046 ,V.
591 3983 679 4040 19..
708 3983 818 4038 Eos
844 3999 962 4040 vero
997 3985 1088 4056 qui
1113 3984 1432 4040 contumelia
1460 3986 1729 4055 feruntur,
1752 3985 2067 4041 humiliavit.

570 4124 632 4180 Si
662 4125 787 4193 quis
840 4125 1046 4179 feratur
1075 4123 1426 4191 contumelia,
1451 4132 1506 4180 et
1538 4124 1942 4196 quodammodo
1973 4127 2068 4181 ab-

499 4212 735 4282 ripiatur
753 4213 824 4284 ab
854 4215 1041 4268 habitu
1072 4215 1413 4270 conviciandi
1449 4223 1506 4272 et
1535 4225 1680 4281 actu,
1730 4217 1822 4272 hic
1866 4233 1895 4271 a
1955 4218 2067 4274 Deo

499 4305 840 4362 humiliatur.
867 4305 974 4360 Par
1003 4320 1084 4364 est
1111 4309 1296 4378 igitur,
1322 4310 1448 4379 quia
1478 4319 1531 4365 et
1550 4320 1603 4364 tu
1629 4311 1949 4364 contumelia
1982 4312 2068 4364 af-

498 4398 679 4454 fecisti
703 4397 893 4454 viduas
921 4408 976 4454 et
1011 4400 1270 4470 pupillos,
1316 4411 1368 4456 et
1422 4403 1650 4472 exegisti
1689 4404 1914 4472 pignora
1949 4404 2067 4459 ina-

2170 3239 2268 3310 Μὴ
2318 3238 2436 3305 δῷς
2481 3239 2678 3292 ὕπνον
2725 3238 2858 3305 σοῖς
2903 3237 3145 3308 ὄμμασι,
3191 3236 3349 3306 μηδὲ
3394 3238 3748 3309 νυσταγμὸν

2169 3330 2294 3396 τοῖς
2316 3329 2670 3399 βλεφάροις,
2703 3330 2803 3383 ἵνα
2827 3328 2976 3398 ζήσῃ
3010 3327 3212 3395 ὥσπερ
3243 3327 3460 3396 δορκὰς
3494 3328 3565 3382 ἐκ
3597 3329 3749 3397 βρό-

2170 3439 2312 3491 χων,
2343 3421 2442 3474 καὶ
2468 3419 2670 3489 ὥσπερ
2692 3419 2901 3488 ὄρνεον
2929 3421 2997 3473 ἐκ
3020 3419 3290 3488 παγίδος.

2173 3512 2284 3584 (84)
2311 3511 2458 3582 Στίχ.
2489 3512 2574 3564 ιϐ’.
2605 3509 2701 3578 Μὴ
2731 3511 2865 3580 οὐχὶ
2904 3513 2938 3564 ό
2969 3512 3040 3565 τὰ
3070 3509 3281 3579 ὑψηλὰ
3307 3511 3492 3564 ναίων
3519 3506 3749 3579 ἐφορᾷξ

2254 3603 2413 3657 Ἀλλὰ
2454 3603 2714 3674 νομίζεις,
2760 3601 2842 3655 ὅτι
2892 3602 2990 3672 οὐχ
3020 3603 3122 3672 ὁρᾷ
3146 3601 3216 3653 τὰ
3243 3600 3594 3672 πραττόμενα
3624 3602 3653 3652 ό
3685 3599 3748 3652 ἐν

2172 3696 2393 3768 ὑψηλοῖς
2436 3693 2703 3748 κατοικῶν
2734 3692 2886 3756 Θεός.
2929 3688 3030 3746 Οἷα
3072 3693 3250 3746 τοίνυν
3292 3694 3466 3747 πάντα
3507 3691 3744 3761 ἐφορῶν,

2168 3790 2294 3852 τοὺς
2331 3788 2434 3841 ὑπὸ
2464 3788 2562 3858 τῆς
2591 3784 2907 3857 ὑϐριστικῆς
2944 3785 3110 3850 ἕξεως
3148 3785 3492 3857 ἐπηρμένους
3520 3784 3583 3837 τὸ
3611 3783 3747 3855 φρό-

2169 3898 2232 3952 νη
2242 3898 2319 3952 μα
2347 3879 2664 3952 καταφέρει.
2815 3869 2818 3871 λ

2172 3973 2284 4045 (85)
2311 3971 2456 4044 Στίχ.
2491 3972 2576 4027 ιϐ’.
2621 3972 2771 4039 Τοὺς
2809 3972 2878 4025 δὲ
2918 3972 3080 4039 ὕϐρει
3113 3968 3476 4040 φερομένους
3511 3966 3745 4021 ἐταπεί·

2850 4057 2978 4094 νωσ
2979 4058 3066 4095 εν.

2239 4137 2307 4190 Ei
2333 4154 2416 4200 τις
2449 4135 2668 4208 φέρεται
2711 4135 2883 4206 ὕϐρει,
2914 4134 3008 4187 καὶ
3039 4132 3200 4185 οἱονεὶ
3244 4129 3608 4199 κατασύρεται
3636 4124 3748 4182 ὑπὸ

2169 4230 2488 4302 ὑϐριστικῆς
2536 4229 2702 4295 ἕξεως
2744 4228 2839 4281 καὶ
2880 4225 3151 4298 πράξεως,
3197 4219 3349 4287 οὗτος
3391 4223 3745 4277 ταπεινοῦται

2170 4323 2274 4375 ὑπὸ
2303 4321 2398 4375 τοῦ
2422 4321 2576 4375 Θεοῦ.
2606 4320 2765 4384 Εἰκὸς
2797 4315 2910 4382 οῦν,
2943 4316 3069 4372 ἐπεὶ
3097 4316 3189 4371 καὶ
3218 4316 3281 4368 σὺ
3315 4314 3542 4386 ὕϐρισας
3566 4314 3746 4384 χήρας

2168 4415 2263 4468 καὶ
2301 4414 2584 4486 ὀρφανοὺς,
2628 4413 2720 4465 καὶ
2752 4409 3094 4482 ὴνεχύρασας
3132 4407 3380 4476 διακενῆς
3425 4405 3553 4468 τοὺς
3583 4403 3743 4457 ἀδελ-

497 4489 642 4545 niter
668 4504 696 4543 a
729 4489 990 4545 fratribus
1021 4489 1165 4558 tuis;
1219 4499 1280 4545 ut
1334 4490 1541 4547 idcirco
1572 4492 1686 4546 haec
1729 4492 1982 4562 patiaris,
2011 4503 2066 4551 et

2179 4507 2304 4577 φούς
2326 4523 2452 4560 eous
2485 4504 2572 4558 διὰ
2601 4504 2759 4558 τοῦτο
2798 4502 2969 4556 ταῦτα
3011 4500 3304 4564 πέπονθας,
3354 4499 3449 4552 καὶ
3489 4496 3744 4550 τεταπεί-

495 4581 811 4638 humiliatus
841 4581 1028 4638 fueris.

742 4675 810 4730 ν.
835 4676 922 4730 15.
959 4675 1031 4730 Ει
1055 4677 1262 4746 dixisti,
1290 4676 1432 4743 Quid
1461 4679 1602 4732 novit
1637 4678 1858 4734 Fortis?
1887 4703 1890 4706 ’

565 4765 672 4821 Par
686 4774 804 4823 est:
833 4769 961 4837 quia
986 4776 1043 4822 tu
1079 4777 1253 4824 tecum
1287 4769 1492 4834 dixisti,
1523 4769 1664 4835 Quid
1688 4773 1826 4826 nouit
1842 4771 2070 4829 Fortis?

493 4859 652 4928 quasi
685 4859 910 4925 dixeris,
945 4859 1203 4916 Potestne
1232 4861 1414 4916 omnia
1446 4863 1663 4918 novisse
1698 4863 1878 4920 Deus?

785 4952 850 5008 ν.
885 4953 974 5008 13.
1013 4955 1119 5008 Aut
1151 4954 1207 5007 in
1229 4952 1457 5023 caligine
1469 4953 1776 5022 judicabit?

565 5041 835 5111 Ejusdem.
892 5042 1080 5098 Potest
1137 5051 1316 5097 autem
1348 5041 1596 5109 judicare
1645 5043 1787 5103 Deus
1812 5047 1977 5105 etiam
2007 5048 2064 5106 in

493 5135 732 5204 procella
754 5135 1037 5192 exsistens.
1648 5185 1651 5187 ,

788 5228 854 5283 ν.
887 5227 974 5282 14.
1008 5226 1078 5281 Et
1103 5226 1276 5282 orbem
1297 5225 1414 5280 σιείὶ
1441 5227 1762 5285 obambulat.

560 5319 744 5375 Ambit
765 5329 821 5375 et
849 5319 1324 5390 circumplectitur
1346 5319 1442 5376 Dei
1471 5322 1834 5392 providentia.

563 5457 610 5488 ’³
639 5455 802 5511 Prov.
835 5472 912 5523 vr,
937 5458 994 5523 4,
1017 5458 1071 5514 5.

565 5568 677 5638 (80)
705 5570 772 5624 ν.
804 5569 838 5625 8
863 5581 1040 5627 exstat
1076 5584 1207 5628 tom.
1236 5572 1360 5638 Xll,
1382 5573 1485 5629 col.
1525 5574 1683 5628 1058.

566 5640 680 5713 (81)
707 5643 776 5713 _ln
799 5641 920 5696 cod.
949 5659 1042 5696 χιι
1070 5645 1460 5713 Cbrysostomo
1481 5645 1762 5699 tribuitur.

566 5709 674 5782 (82)
695 5710 827 5782 Qod.
856 5728 968 5767 XXI.
1000 5713 1154 5768 Alius
1183 5709 1370 5769 tribuit
1400 5713 1615 5770 loanni.
1877 5725 1885 5735 '

563 5780 678 5856 (83)
702 5781 836 5839 Cod.
869 5799 962 5838 xxr
995 5783 1182 5840 tribuit
1214 5785 1428 5856 Olymp.
1455 5784 1645 5852 Aquila
1679 5795 1732 5841 ct
1768 5785 2054 5851 Thcodot.,

2171 4614 2359 4652 νωσαι.

2301 4689 2448 4759 Στίχ.
2486 4693 2572 4756 ιγ’.
2606 4686 2715 4742 Kal
2755 4681 2948 4751 εἶπας,
2985 4684 3045 4740 Ti
3069 4685 3218 4753 ἔγνω
3256 4684 3288 4735 o'
3326 4679 3635 4749 ‘Itrzvpo'c;

2238 4782 2418 4846 Εἰκὸς,
2439 4783 2516 4835 ὅτι
2545 4781 2608 4834 σὺ
2634 4780 2815 4849 ἔλεγες
2838 4777 2978 4832 κατὰ
3001 4777 3213 4838 σαυτὸν,
3237 4776 3296 4828 Τί
3311 4773 3462 4843 ἔγνω
3485 4773 3746 4840 ό,’1σχυυ

2162 4874 2273 4941 ρός
2289 4887 2308 4936 ;
2344 4866 2488 4936 Οἷον,
2524 4871 2758 4925 Δύναται
2786 4872 2959 4926 πάντα
2985 4868 3278 4938 ἐγνωκέναι
3305 4869 3334 4920 ὁ
3357 4866 3522 4931 Θεὸς;

2345 4963 2490 5034 Στίχ.
2523 4970 2608 5032 ιγ’.
2637 4966 2707 5020 Ἢ
2732 4963 2882 5017 κατὰ
2913 4960 3019 5015 τοῦ
3037 4949 3264 5031 γνόφοῠ
3295 4959 3518 5028 κρινεῒ;

2242 5055 2353 5110 Τοῦ
2384 5055 2591 5110 αὑτοῦ.
2623 5056 2852 5110 Δόναται
2885 5054 2943 5107 δὲ
2970 5053 3178 5126 κρίνειν
3201 5054 3230 5104 ὁ
3253 5051 3383 5115 Θεὸς
3410 5049 3504 5103 καὶ
3537 5051 3598 5104 ἐν
3623 5064 3746 5123 χει-

2165 5147 2305 5222 μῶνι
2335 5147 2643 5220 γενόμενος.

2264 5239 2414 5308 Στίχ.
2445 5240 2527 5295 ιδ’.
2557 5239 2668 5294 Καὶ
2706 5239 2890 5309 γῦρον
2935 5237 3194 5306 οὐρανοῦ
3231 5235 3668 5305 διαπορεύεται.

2245 5331 2686 5402 Ἐκπεριέρχεται
2714 5331 2748 5401 ἡ
2777 5331 3000 5401 πρόνοια
3022 5328 3116 5382 τοῦ
3149 5328 3304 5382 Θεοῦ.

2172 5575 2287 5648 Καὶ.
2309 5574 2508 5648 πλῆθος
2535 5576 2740 5630 ὑδάτων
2776 5579 3004 5648 καὶύψει
3035 5595 3114 5631 σε.

2264 5645 2354 5714 84)
2381 5645 2514 5702 Cod.
2547 5664 2660 5702 XXI.
2695 5649 2892 5703 Confer
2928 5645 3140 5715 Olymp.

2261 5715 2351 5787 85)
2391 5718 2567 5773 Codex
2595 5729 2820 5788 uterque
2845 5717 3034 5774 tribuit
3063 5716 3307 5790 Origcni.
