4004 6516
297 379 368 438 85
1482 370 1862 428 ENARRATK

1984 371 2021 428 s
2055 373 2120 428 lN
2158 373 2304 430 me.
3484 373 3554 430 86

462 493 614 564 Στίχ.
646 499 729 546 ιε’.
760 493 858 562 Μὴ
893 492 1094 562 τρίϐον
1121 490 1361 545 αἰώνιον
1391 489 1708 559 φυλάξῃς;

360 580 456 652 Μὴ
497 579 722 634 δύνασαι
757 581 821 633 σὺ
860 581 958 652 τὴν
1002 580 1184 652 τρίϐον
1233 579 1330 651 τὴν
1373 577 1611 643 αἰώνιον,
1656 579 1777 634 καθ’
1811 575 1879 651 ἦς
1919 579 1924 588 ’

293 668 588 741 πορεύεται
621 670 656 742 ἡ
691 669 913 740 πρόνοια
938 668 1030 721 τοῦ
1055 667 1211 732 Θεοῦ,
1245 669 1611 740 ὲπιτηρῆσαι;

361 757 474 829 (86)
510 757 657 828 Στίχ.
695 763 776 812 ιε’.
819 759 924 812 Ἢν
955 755 1270 825 ἑπάτησαν
1307 757 1523 824 ἄνδρες
1567 755 1803 810 δίκαιοι.

365 849 480 904 Τοῦ
505 848 713 904 αὐτοῦ.
743 849 854 920 Τὴν
880 848 1063 921 τρίϐον
1092 849 1191 920 τὴν
1223 847 1439 902 αἰώνιον
1472 847 1750 918 ὲπάτησαν
1780 845 1868 900 ἀν-

289 941 417 1013 δρες
465 939 682 996 δίκαιοι.
727 941 885 995 Κατά
924 940 1032 1012 γὰρ
1082 939 1268 1012 τρίϐου
1315 937 1539 1001 αἱωνίας
1579 937 1872 1008 βαίνουσιν.

302 1033 459 1086 Ἐπεὶ⁸
483 1033 661 1087 πάντα
689 1033 874 1096 αὐτοῖς
904 1034 1180 1105 πρόκειται
1213 1033 1496 1104 πράττειν,
1530 1028 1669 1082 ὥστε
1693 1031 1876 1100 τυχεῖν

287 1127 386 1182 τοῦ
415 1127 701 1200 μέλλοντος
733 1127 949 1192 αἰῶνος.
998 1128 1116 1181 Κᾶν
1151 1128 1382 1181 δοκῶσιν
1419 1123 1511 1180 οὖν
1556 1125 1752 1195 ἐπίσης
1782 1125 1877 1195 βα-

284 1220 480 1286 δίζειν,
508 1221 621 1275 ἀλλ’
656 1223 689 1292 ἡ
723 1219 870 1292 ψυχὴ
899 1219 1038 1289 αὐτὴ
1079 1219 1350 1274 ἐπιϐαίνει
1391 1217 1594 1290 τρίϐων
1622 1217 1871 1271 αἰωνίων.

449 1413 564 1485 (87)
595 1412 744 1483 Στίχ.
782 1419 878 1477 ις’.
911 1411 979 1464 Οἳ
1008 1411 1492 1480 συνελήφθησαν
1519 1412 1714 1480 ἄωροι.

355 1505 628 1569 Πολλάκις
682 1505 879 1558 δίκαιοι
941 1504 1048 1576 πρὸ
1098 1504 1293 1577 καιροῦ
1342 1505 1718 1576 ἐτελεύτησαν.
1783 1511 1874 1561 Τε-

276 1596 556 1663 λειωθείς
580 1595 690 1664 γὰρ
715 1595 807 1649 ἐπ’
843 1596 1026 1665 ὀλίγῳ
1052 1599 1084 1649 ὁ
1107 1596 1354 1664 δίκαιος,
1387 1595 1702 1664 ἐπλήρωσε
1732 1603 1871 1667 χρό-

276 1704 436 1754 νους
461 1688 761 1757 μακρούς’
790 1687 958 1758 ἀρετὴ
983 1686 1094 1758 (88)
1124 1687 1230 1758 γὰρ
1260 1690 1316 1741 ἐν
1354 1688 1430 1758 τῷ
1457 1688 1644 1759 Κυρίῳ
1669 1690 1700 1760 ἡ
1725 1689 1870 1761 ψυχὴ

275 1778 476 1833 αὑτοῦ.

277 1872 440 1942 Στίν.
476 1878 570 1936 ις’.
598 1871 868 1940 Ποταμός
913 1873 1198 1942 ἐπιρῤἐων
1235 1876 1287 1926 οί
1350 1872 1605 1942 θεμέλιοι
1651 1874 1865 1929 αὐτῶν.
1903 1852 1944 1905 Β

358 1961 476 2016 Τοῦ
517 1961 726 2017 αὑτοῦ.
775 1963 894 2016 Τῶν
927 1964 1148 2017 δικαίων
1191 1966 1240 2016 οί
1285 1964 1524 2035 θεμέλιοι
1565 1958 1675 2018 οἷόν
1708 1969 1866 2021 εἰσιν.

286 2054 408 2107 Ἀεὶ
441 2057 860 2127 προκόπτουσιν,
895 2058 982 2111 ἀεὶ
1017 2056 1273 2122 αὔξουσιν
1300 2059 1357 2109 ὲν
1383 2060 1495 2120 τοῖς
1528 2056 1771 2125 ἀγαθοῖς.

270 2144 433 2214 Στίχ.
489 2150 579 2215 ιη’.
618 2147 723 2212 Ὃς
755 2145 824 2199 δὲ
859 2146 1165 2284 ἐνῗτῶσε
1211 2146 1347 2212 τοὺς
1406 2146 1614 2212 οἴκους
1673 2148 1870 2201 αὐτῶν

1099 2234 1208 2269 ων.

1099 2234 1208 2269 ων.

355 2302 472 2356 Τοῦ
508 2304 717 2359 αὑτοῦ.
760 2304 882 2359 Τῶν
921 2305 1145 2360 δικαίων
1193 2307 1460 2379 ἐνέπλησε
1509 2311 1636 2375 τοὺς
1685 2311 1868 2376 οἴκους

268 2394 525 2464 ἀγαθῶν.
584 2391 726 2465 Ἐγὼ
765 2397 865 2452 οὐκ
905 2397 1088 2452 ἀκούω
1135 2397 1277 2465 τοὺς
1320 2400 1526 2467 οἴκους
1579 2405 1861 2470 τούτους·

269 2487 419 2541 ἀλλά
449 2489 591 2555 τοὺς
620 2489 825 2556 οἵκους
850 2489 1069 2553 αὐτῶν,
1110 2491 1236 2554 τοὺς
1270 2491 1412 2545 κατὰ
1444 2493 1504 2546 τὸ
1541 2495 1867 2566 ἡγεμονικὸν

269 2580 579 2650 ἐνέπλησεν
610 2580 848 2650 ἀγαθῶν.
882 2581 1060 2635 Ποίων
1091 2580 1343 2649 ἀγαθῶν;
1371 2583 1754 2656 Σωφροσύνης,
1787 2585 1865 2639 δι-

268 2673 597 2742 καιοσύνης,
625 2672 894 2743 ἀνδρείας,
919 2674 1251 2744 φρονήσεως,
1272 2674 1381 2728 τῶν
1403 2675 1514 2728 ἀπὸ
1531 2675 1639 2730 τῶν
1667 2676 1861 2749 ἔργων.

268 2763 540 2816 Τουτέστι
565 2763 626 2816 τὸ
655 2763 1005 2834 πληρωθῆναι
1034 2763 1216 2828 οἴκους
1251 2765 1492 2833 ἀγαθῶν.

258 2872 263 2876 ”
345 2853 502 2922 Στίχ.
534 2852 620 2906 ιθ’.
655 2854 983 2922 Ἀμεμπτος
1018 2851 1086 2905 δὲ
1116 2853 1522 2922 ὲμυκτήρισεν
1547 2859 1788 2924 αὐτούς.

256 2954 264 2966 '
347 2945 549 3008 Τίνας;
574 2943 606 3015 ἢ
637 2943 737 3015 τὴν
766 2942 958 3014 βουλὴν
982 2943 1090 2996 τῶν
1114 2943 1359 3010 ἀσεϐῶν;
1396 2941 1520 3000 Οἷον
1539 2963 1551 2976 ·
1585 2946 1864 3016 βούλονταί

266 3054 397 3090 τινα
450 3036 728 3089 διδάσκειν
771 3035 840 3088 τὰ
886 3035 1104 3088 ἐναντία
1154 3038 1219 3106 τῇ
1253 3035 1502 3110 ἀληθείᾳ,
1547 3040 1604 3092 ὲν
1647 3039 1726 3109 τῷ
1775 3039 1863 3091 λέ-

267 3140 428 3196 γειν’·
481 3127 518 3181 ἃ.
557 3126 776 3196 λέγουσι
812 3127 1057 3198 δόγματα
1099 3128 1349 3201 μοχθηρά
1388 3129 1622 3200 ἔχοντες.
1677 3131 1862 3184 Ταῦτα

268 3219 574 3289 ἄμεμπτος
598 3217 742 3290 ὁρῶν
773 3217 1110 3290 μυκτηρίζει.

267 3308 426 3380 Στίχ.
463 3309 532 3363 κ’.
567 3309 675 3365 Καὶ
713 3307 780 3362 τὸ
824 3309 1192 3391 κατάιείμμα
1237 3313 1434 3369 αὐτῶν
1466 3314 1862 3385 καταφαίνεται

998 3396 1137 3449 :zvp.

347 3469 466 3525 Τοῦ
507 3469 717 3524 αὐτοῦ.
771 3469 942 3523 Τοῦτο
993 3471 1022 3524 δ
1069 3473 1491 3528 καταλέλειπται
1546 3476 1686 3529 κατὰ
1738 3479 1864 3540 τοὺς

263 3561 518 3626 ἀσεϐεῖς,
557 3562 666 3617 τῶν
699 3562 978 3636 προτέρων
1011 3565 1408 3629 ἀποθανόντων,
1444 3568 1504 3620 τὸ
1552 3567 1664 3640 πῦρ
1698 3587 1863 3623 κατα-

268 3657 447 3726 φάγετ
457 3671 537 3709 αι.

265 3745 420 3816 Στίχ.
447 3743 557 3798 κδ’.
621 3745 841 3798 Ἐλαϐε
873 3743 942 3798 δὲ
972 3746 1054 3867 ex!
1086 3748 1382 3816 στόματος
1409 3751 1598 3805 αὐτοῦ
1649 3751 1861 3822 ἐξηγο-

999 3833 1034 3867 ο
1057 3833 1152 3867 αν.

991 3833 1152 3884 ρίαν.

332 3905 458 3971 Τὴν
478 3900 1030 3979 ἐξητορίανὲζήτουν
1053 3908 1172 3962 κατ’
1201 3909 1455 3979 ἐμαυτὸν,
1493 3911 1544 3963 τί
1581 3913 1858 3982 σημαίνει.

265 4000 381 4054 Καὶ
401 3993 565 4069 εὗρον
588 3999 644 4052 ὲν
669 3999 805 4073 ἄλλῃ
827 4000 1034 4054 ἐκδόσει
1062 4001 1174 4054 ἀντ’
1200 4002 1372 4072 αὐτῆς
1397 4003 1856 4074 ἐξομολόγησιν·

263 4090 440 4161 Φησὶν
488 4085 584 4143 οὖν
628 4089 860 4160 μᾶλλον
910 4089 1329 4162 Ἐξομολόγησαι
1374 4093 1642 4164 περὶτῶν
1675 4096 1859 4167 ἁμαρ-

262 4185 533 4254 τημάτων
569 4200 696 4236 σουι
747 4183 942 4238 ἕκλαϐε
985 4184 1094 4238 ἀπὸ
1142 4183 1238 4239 τοῦ
1285 4187 1552 4256 στόματος
1582 4186 1678 4241 τοῦ
1721 4187 1857 4240 Θεοῦ

263 4273 592 4346 είσηγορίαν
623 4275 720 4328 σὺν
746 4273 1126 4346 ἐξομολογήσει
1146 4293 1159 4306 ο
1190 4276 1426 4332 ἀνάλαϐε
1457 4278 1512 4332 δὲ
1541 4278 1608 4333 τὰ
1638 4281 1858 4351 ῥήματα

262 4365 437 4420 αὑτοῦ
484 4368 551 4420 ἐκ
597 4366 823 4437 καρδίας
864 4384 976 4419 σου.
1010 4368 1202 4424 Ταῦτα,
1226 4369 1280 4422 δὲ
1314 4369 1498 4438 ἔλεγεν
1539 4373 1568 4423 ὁ
1612 4370 1856 4440 Ἐλιφάζι

261 4457 557 4523 νουθετῶν,
588 4458 663 4521 ὡς
695 4457 851 4527 ᾣετο,
882 4459 974 4513 τὸν
1016 4458 1156 4512 Ἰώϐ.

1905 499 1957 556 Α
2055 491 2118 545 V.
2155 493 2242 548 i5.
2282 491 2537 564 Nunquid
2563 491 2802 548 semitam
2838 498 3087 547 azternam
3114 492 3426 548 custodieris
3448 495 3477 547 Γ

2049 581 2302 655 Nunquid
2329 592 2484 654 potes
2520 592 2572 638 tu
2603 585 2853 659 semitam
2893 591 3153 638 aeternam
3183 626 3198 651 ,
3254 585 3552 639 secundum

1980 691 2144 748 quam
2169 677 2348 746 pergit
2382 676 2563 731 divina
2591 674 2954 745 providentia,
2982 676 3324 731 observare?

2259 767 2326 821 V.
2358 767 2445 822 i5.
2475 767 2647 832 Quam
2673 766 2944 821 calcarunt
2985 766 3082 820 uiri
3109 765 3267 837 justi.

2051 859 2327 932 Ejusdem.
2355 859 2617 916 Semitam
2645 869 2904 914 aeternam
2937 859 3214 916 calcarunt
3244 859 3345 913 viri
3393 857 3552 926 justi.

1978 949 2082 1006 Per
2110 951 2360 1006 semitam
2401 950 2544 1004 enim
2582 960 2842 1005 aeternam
2883 951 3163 1005 incedunt.
3200 949 3553 1020 Quandoqui-

1977 1044 2097 1098 dem
2126 1047 2305 1098 omnla
2339 1043 2445 1097 illis
2471 1042 2808 1112 pr0positum
2841 1052 2927 1096 est
2952 1042 3154 1109 facere,
3188 1057 3296 1112 quo
3319 1057 3548 1111 compo-

1978 1143 2060 1191 tes
2093 1140 2227 1190 tiant
2279 1135 2446 1190 futuri
2488 1135 2695 1190 saeculi.
2746 1134 3008 1202 Quamvis
3063 1134 3228 1203 igitur
3260 1134 3548 1188 videantur

1977 1244 2099 1283 cum
2128 1229 2284 1299 vulgo
2311 1227 2596 1294 incedere,
2621 1226 2804 1282 anima
2833 1235 3016 1281 tamen
3067 1225 3282 1281 illorum
3311 1225 3551 1296 ingredi-

1977 1329 2066 1374 tur
2097 1319 2318 1374 semitas
2339 1327 2592 1373 aeternas.

2243 1411 2307 1466 ν.
2338 1410 2425 1467 16.
2460 1409 2564 1477 Qui
2593 1412 2793 1479 accepti
2824 1418 2944 1464 sunt
2972 1408 3269 1464 immaturi.

2045 1501 2200 1572 Saepe
2225 1503 2356 1572 justi
2395 1512 2523 1556 ante
2558 1513 2772 1572 tempus
2808 1500 2934 1555 fatis
2983 1509 3393 1556 concesserunt.
3448 1499 3547 1568 Ef-

1975 1599 2140 1665 fectus
2179 1597 2316 1649 enim
2341 1595 2599 1663 perfectus
2625 1595 2681 1648 in
2709 1594 2914 1646 ntodico
2927 1593 3134 1662 justus,
3167 1593 3390 1661 explevit
3416 1601 3548 1645 tem-

1973 1705 2100 1755 pora
2124 1688 2280 1756 longa
2310 1701 2327 1739 :
2365 1686 2540 1739 virtus
2570 1684 2712 1738 enim
2747 1683 2802 1737 in
2834 1681 3064 1737 Domino
3091 1682 3272 1735 anima
3314 1680 3456 1737 illius
3479 1682 3546 1735 ⁷⁸.

2101 1873 2167 1928 ν.
2207 1873 2293 1928 16.
2327 1870 2550 1926 Flavius
2589 1871 2838 1940 inﬂuens,
2870 1867 3216 1938 fundamenta
3237 1881 3438 1922 eorum.

2045 1967 2324 2040 Ejusdem.
2399 1963 2677 2018 .lustorum
2733 1960 3086 2015 fundamenta
3143 1960 3547 2029 quodammodo

1970 2071 2116 2118 sunt.
2148 2060 2374 2127 Semper
2407 2055 2722 2126 proﬁciunt,
2757 2069 2971 2124 semper
3001 2061 3259 2109 crescunt
3287 2052 3338 2106 iu
3364 2051 3540 2106 bouis.

2043 2152 2108 2210 γ.
2143 2152 2226 2208 i8.
2264 2151 2367 2206 Ille
2388 2159 2566 2204 autem
2603 2149 2834 2218 implevit
2877 2149 3059 2203 domos
3094 2162 3272 2201 eorum
3299 2145 3469 2200 bonis.

2045 2291 2322 2360 Ejusdem.
2381 2287 2664 2344 Justorum
2711 2285 2903 2341 domos
2933 2283 3182 2353 implevit
3227 2281 3406 2337 bonis.
3436 2279 3545 2350 Ego

1970 2399 2076 2440 non
2109 2384 2270 2438 audio
2341 2381 2524 2436 domos
2561 2380 2691 2434 istas
2721 2417 2736 2442 ,
2787 2378 2886 2433 sed
2935 2377 3122 2431 domus
3171 2389 3374 2430 eorum.
3431 2371 3544 2426 Has

1967 2476 2143 2547 quoad
2167 2475 2470 2544 principem
2498 2473 2667 2527 animi
2710 2471 3025 2526 facultatem
3081 2466 3310 2536 replevit
3361 2464 3538 2518 bonis.

1966 2567 2173 2635 Quibus
2198 2564 2397 2620 bonis?
2423 2562 2836 2632 Temperantia,
2862 2559 3119 2629 iustitia,
3177 2553 3498 2611 fortitudine
3525 2593 3540 2618 ,

1967 2657 2273 2728 prudentia,
2304 2656 2629 2712 actionibus.
2654 2653 2771 2709 Hoc
2803 2661 2886 2708 est
2914 2649 3128 2721 replere
3145 2649 3335 2705 domos
3357 2645 3532 2702 bonis.

2073 2841 2135 2897 V.
2157 2839 2244 2896 l9.
2265 2838 2750 2910 Irreprehensibilis.
2770 2847 2940 2890 autem
2966 2831 3306 2890 subsanuauit
3326 2845 3437 2885 eos.

2037 2933 2218 3000 Quos?
2299 2933 2381 2987 An
2418 2932 2759 2986 voluntatem.
2783 2928 3114 2998 impiorum?
3148 2925 3320 2980 Puta:
3357 2921 3544 2975 volunt

1965 3026 2276 3096 quempiam
2311 3025 2509 3081 docere
2565 3022 2842 3079 contraria
2890 3018 3136 3084 veritati,
3165 3016 3417 3070 dicendo.
3473 3017 3542 3066 At

1965 3133 2085 3189 qua:
2111 3117 2319 3184 dicunt,
2343 3119 2600 3187 dagmata
2623 3115 2826 3169 habent
2860 3111 3152 3182 ﬂagitiosa.
3191 3107 3317 3162 Haec
3352 3104 3438 3158 vir
3462 3103 3538 3156 iro

1889 3194 1931 3256 ο
1969 3208 2417 3280 reprehensibilis
2443 3208 2654 3266 videns.
2688 3207 3015 3262 subsannat.

2109 3299 2175 3356 ν.
2215 3299 2306 3353 20.
2335 3297 2401 3352 Et
2429 3298 2686 3370 reliquum
2712 3312 2892 3352 eorum
2933 3291 3200 3349 devorabit
3236 3289 3392 3360 ignis.

2037 3457 2311 3529 Ejusdem.
2338 3457 2452 3514 Hoc
2488 3456 2642 3527 quod
2688 3453 2935 3511 relictum
2991 3459 3078 3508 est
3123 3465 3191 3506 ex
3243 3446 3535 3518 impiorum

1963 3552 2203 3622 placitis,
2234 3551 2592 3607 morientibus
2614 3548 2892 3619 prioribus
2909 3544 3039 3612 illis,
3072 3542 3213 3614 ignis
3235 3537 3538 3596 dcvorahit.

2038 3733 2103 3788 V.
2137 3731 2229 3786 ιε.
2252 3732 2461 3803 Accepit
2491 3740 2665 3801 autem
2693 3746 2757 3784 ex
2787 3745 2875 3783 ore
2903 3727 3019 3796 ejus
3053 3723 3465 3779 accusationem.

2055 3890 2456 3948 decusationem
2494 3888 2806 3962 quazrebam
2836 3884 3259 3942 secundumme
3296 3877 3425 3949 quid
3452 3876 3542 3932 hic

1961 3985 2064 4040 sibi
2093 3985 2274 4040 vellet.
2303 3983 2370 4037 Et
2393 3983 2574 4038 inveni
2612 3982 2665 4036 in
2698 3980 2802 4036 alia
2828 3977 3070 4034 editione
3105 3989 3203 4044 pro
3257 3988 3319 4028 ea
3345 4013 3362 4036 ,
3415 3985 3543 4024 con-

1959 4077 2258 4146 fessionem.
2294 4074 2434 4131 Dicit
2469 4073 2635 4143 igitur
2661 4071 2842 4142 potius
2870 4091 2881 4124 :
2907 4067 3180 4126 Conﬁtere
3222 4065 3286 4124 de
3341 4076 3538 4133 pecca-

1959 4169 2030 4222 tis
2061 4167 2204 4233 tuis;
2233 4165 2419 4235 accipe
2449 4164 2517 4220 de
2551 4177 2648 4219 ore
2684 4161 2778 4218 Dei
2812 4159 3174 4232 patrocinium
3225 4170 3348 4212 cum
3400 4169 3538 4208 con-

1958 4259 2236 4326 fessione;
2295 4270 2514 4312 assume
2555 4269 2686 4310 vero
2735 4255 2902 4313 verba
2947 4251 3066 4323 ejus
3115 4264 3184 4305 ex
3225 4249 3392 4304 corde
3421 4256 3538 4302 tuo.

1959 4352 2086 4409 Haec
2107 4365 2270 4421 porro
2304 4349 2529 4419 Eliphaz
2576 4347 2734 4412 dixit,
2769 4342 3296 4407 commouefaciens,
3351 4348 3409 4394 ut
3440 4352 3542 4411 pu-

1959 4446 2142 4510 tabat,
2174 4441 2394 4507 Jobum.

2519 4640 2695 4679 coram
2724 4622 2970 4681 Domino.

261 4568 415 4639 Στίχ.
451 4573 565 4646 κγ’.
613 4567 749 4620 Ἐὰν
777 4567 1287 4646 δὲὴἐπιστραφῇς,
1330 4571 1426 4646 καί
1477 4572 1853 4642 ταπεινώσῃς

2021 4559 2084 4614 γ.
2111 4559 2205 4619 ‘25.
2239 4556 2301 4616 Si
2333 4564 2510 4610 autem
2544 4551 2964 4646 conuerLaris_,_et
2991 4549 3240 4610 humilies
3274 4547 3500 4615 teipsum

664 4638 926 4691 σεαυτὸν
956 4639 1160 4694 ἔναντι
1204 4643 1450 4709 Κυρίου.

331 4753 603 4807 Νουθετεῖ
633 4753 794 4806 αὐτὸν
819 4754 954 4826 πρὸς
986 4754 1047 4807 τὸ
1087 4755 1432 4827 ἐπιστρέψαι,
1462 4758 1708 4829 οἰόμενος
1753 4760 1852 4812 αύ-

258 4847 356 4900 τδν
383 4845 560 4898 ταῦτα
584 4845 946 4917 ἡμαρτηκότα
975 4846 1321 4901 πεπονθέναι.

262 4939 412 5008 Στεχ.
451 4939 550 4991 κδ’.
585 4938 690 4992 Καὶ
728 4938 809 5004 ὠς
847 4938 1034 5004 πέτρα
1061 4937 1382 5008 χειμάρῤου
1419 4940 1563 5010 (88⁸)
1606 4941 1846 5012 Σωφεῲ.

345 5030 444 5082 Ἐκ
467 5028 563 5081 τοῦ
586 5028 750 5081 τόπου
777 5020 838 5081 οὗ
867 5028 1072 5096 γίνεται
1101 5027 1162 5081 τὸ
1184 5030 1426 5102 χρυσίον,
1460 5033 1738 5088 ἐλεύσεται
1763 5034 1854 5088 ἐπὶ

257 5122 343 5182 σὲ,
376 5121 564 5186 οἱονεὶ,
584 5119 736 5174 ἔσται
772 5119 929 5190 λόγος
959 5138 1054 5175 σου
1097 5123 1337 5187 ποικίλος
1365 5125 1458 5178 καὶ
1496 5125 1676 5190 καλός.

423 5230 577 5300 Σιίχ.
627 5229 1138 5306 κε’.-Ἕσζαιίοῦν
1193 5250 1291 5289 σοι
1346 5239 1378 5290 ὀ
1423 5236 1850 5306 Παντοκράτωρ

719 5301 949 5368 βοηθὸς
979 5305 1098 5358 ἀπὸ
1134 5306 1385 5376 ἐχθρῶν.

344 5391 472 5447 Ἐἀν
502 5393 780 5464 ὑποτάξῃς
804 5396 1014 5462 ἑαυτὸν,
1045 5395 1140 5450 ἐὰν
1174 5396 1564 5473 ὲξομολογήσῃ.

367 5551 415 5582 τι
447 5550 580 5621 Sap.
610 5565 688 5616 tv,
721 5551 806 5605 15.

335 5707 448 5780 (ξβ)
485 5707 722 5780 Didymi,
751 5723 816 5761 ex
848 5707 971 5762 cod.
1010 5724 1120 5767 χχι.

326 5777 447 5851 (βίω⁴
471 5777 694 5851 Qrigetii
728 5788 962 5851 uterque
981 5780 1135 5851 cod-

332 5848 440 5918 (88)
475 5847 641 5905 Forte
676 5849 904 5920 ἀμστή,
935 5849 1168 5918 placens.

2025 4741 2296 4798 Admonet
2332 4741 2510 4811 ipsum
2531 4748 2586 4796 ut
2649 4723 3040 4801 convertatur,
3081 4741 3386 4789 ratuseum
3411 4743 3540 4800 pru-

1953 4847 2076 4908 pter
2111 4843 2335 4906 peccata
2371 4839 2488 4888 haec
2519 4843 2740 4901 passum
2768 4827 2960 4884 fuisse.

2223 4923 2404 4987 v.24.
2446 4922 2512 4977 Et
2538 4931 2597 4975 ut
2620 4930 2771 4991 petra
2804 4929 3059 4974 torrentes
3088 4910 3274 4982 Ophir.

2024 5021 2254 5081 Ex.loco
2280 5019 2372 5074 ubi
2405 5027 2487 5074 est
2517 5029 2733 5082 aurum,
2763 5013 2946 5068 veniet
2974 5010 3039 5064 ad
3065 5019 3117 5063 te
3142 5027 3155 5062 :
3191 5005 3351 5078 quasi
3381 5003 3534 5060 dicor

1961 5128 2064 5184 ret,
2091 5117 2208 5172 erit.
2226 5127 2408 5170 sermo
2445 5121 2572 5166 tuus
2595 5110 2780 5165 varius
2808 5117 2862 5162 et
2892 5104 3139 5176 pulcher.

1995 5230 2060 5285 ν.
2089 5230 2183 5285 ΞΒ.
2222 5227 2336 5282 Erit
2361 5227 2548 5297 'igitur
2602 5227 2694 5309 tibi
2727 5223 3073 5307 anipotens
3105 5214 3400 5270 auxiliator
3425 5211 3491 5265 ab
3525 5257 3528 5260 .

2617 5310 2864 5350 tmmtcts.

2029 5395 2089 5451 Sl
2121 5393 2383 5462 subjicias
2419 5391 2673 5460 teipsum.
2714 5387 2760 5441 si
2789 5381 3145 5444 contitearis._,

2029 5703 2164 5770 (88‘l
2213 5703 2348 5771 Lege
2374 5702 2705 5772 χειμάρρους
2753 5699 2955 5772 ξΩφείρ,

2030 5769 2142 5846 (89)
2174 5769 2420 5831 Cod..st
2452 5769 2642 5826 tribuit
2677 5769 3000 5842 l’ulycltruu.
