4016 6528
519 383 585 439 87
1397 365 1964 434 SUPPLEMENTUJI
1995 362 2089 422 AD
2126 354 2450 420 ORIGENIS
2476 350 2886 410 EXEGETICA.
3701 337 3768 394 ss

522 501 586 556 ν.
612 480 991 556 25ίΜιιηάιιηι
1030 511 1150 551 vero
1188 481 1473 558 reddet'te,
1521 482 1771 562 tanquam
1815 477 2089 557 argentum

2213 473 2338 544 Ξτίχ.
2370 477 2468 526 κε’.

1189 567 1434 644 ignitum.

592 664 796 720 Sanum
830 661 1143 732 dogma.....
1174 659 1428 730 ignitum,
1463 654 1631 710 Dens.

618 780 685 836 V.
708 781 800 836 26.
830 780 1031 834 Deinde
1051 777 1292 832 libertate
1323 777 1516 846 frueris
1546 789 1726 829 coram
1753 769 1996 826 Domino.

589 919 868 989 Ejusdem.
901 916 957 973 Si
991 915 1368 971 humiliaveris
1417 922 1470 968 te
1491 952 1506 979 ,
1540 912 1582 967 si
1615 907 1938 966 sustinueris
1969 919 2090 975 qua:

521 1013 859 1078 acciderant,
891 1010 1130 1064 libertate
1152 1007 1346 1077 frueris
1369 1021 1547 1060 coram
1580 1003 1842 1066 Domino;
1871 1000 2093 1052 liberta-

510 1117 630 1161 tem
671 1103 928 1175 loquendi
973 1101 1221 1166 habebis,
1246 1099 1445 1170 quippe
1468 1099 1559 1168 qui
1593 1093 1934 1151 abdicaveris
1963 1105 2091 1161 pec-

519 1208 668 1254 cata.

906 1285 972 1342 V.
1001 1285 1092 1340 28.
1130 1283 1195 1337 In
1219 1284 1316 1337 viis
1340 1282 1441 1334 tuis
1471 1283 1567 1334 erit
1599 1279 1712 1333 lux.

591 1381 874 1451 Ejusdem.
903 1379 961 1433 Si
989 1391 1176 1433 serves
1208 1372 1409 1429 nionita
1447 1385 1587 1433 mea,
1644 1379 1701 1426 et
1757 1367 2094 1423 converteris

519 1483 684 1544 atque
706 1471 1034 1528 conﬁtearis.
1055 1468 1255 1522 Ethaac
1269 1465 1486 1536 quidem
1512 1462 1580 1518 ad
1609 1461 1709 1517 Job
1736 1459 2091 1525 dicebantur;

521 1581 628 1621 non
659 1574 838 1620 tamen
884 1561 1005 1632 jure
1042 1558 1400 1623 dicebantur,
1433 1567 1612 1624 neque
1657 1551 1801 1608 enim
1835 1563 2095 1621 peccave-

522 1667 625 1712 rat.
661 1657 742 1713 Ad
765 1670 865 1714 nos
894 1655 940 1710 si
972 1653 1246 1716 dicantur,
1273 1649 1397 1721 jure
1427 1648 1702 1704 dicuntur.

593 1769 658 1824 ν.
698 1769 792 1824 28.
841 1767 1102 1823 Restituet
1128 1776 1302 1820 autem
1329 1763 1425 1818 tibi
1453 1761 1752 1816 institutum
1777 1753 2022 1824 iustitiae.

591 1907 670 1962 Ac
724 1904 1047 1976 simpliciter
1103 1901 1408 1973 loquendo:
1441 1898 1766 1956 Universam
1796 1893 1916 1959 tibi,
1943 1889 2097 1954 dicit,

519 2011 642 2068 quae
670 1999 848 2052 virum
876 1995 1080 2066 justum
1113 1994 1324 2058 deceat,
1349 1989 1548 2046 eﬂiciet
1601 1983 2096 2058 perseverantiam;

521 2105 693 2160 usque
723 2089 859 2145 adeo
885 2097 944 2142 ut
988 2085 1257 2158 fulgentes
1301 2085 1671 2154 gloriosasque
1723 2079 1965 2136 actiones
2005 2077 2101 2131 ha-

521 2185 673 2238 beas.

1123 2270 1276 2326 CAP.
1312 2268 1503 2324 XXIII.

621 2363 682 2419 ν.
715 2363 774 2420 2.
813 2363 1008 2418 Manus
1035 2363 1155 2434 ejus
1179 2361 1356 2434 gravis
1381 2359 1487 2429 fuit
1505 2374 1600 2426 pro
1628 2355 1831 2425 ejulatu
1860 2368 1992 2408 meo.

598 2455 816 2513 Utinam
850 2455 933 2510 tas
956 2465 1122 2522 esset,
1155 2453 1354 2524 inquit,
1387 2452 1455 2507 ad
1509 2450 1654 2520 ipsas
1696 2462 1884 2520 ptenas
1919 2448 2101 2504 calcu-

525 2549 635 2602 lum
686 2546 871 2612 ferre;
900 2557 1045 2603 esset
1076 2546 1321 2602 invenire
1353 2547 1536 2602 illum!
1569 2546 1786 2603 Utinam
1823 2542 1906 2599 fas
1955 2551 2101 2598 esset

525 2653 748 2702 causam
780 2641 987 2706 dicere,
1019 2638 1213 2709 inquit,
1243 2649 1299 2695 et
1327 2640 1482 2696 adire
1526 2654 1650 2695 eum
1689 2648 1744 2693 et
1774 2637 2097 2707 intelligere,

525 2747 771 2799 quamam
817 2733 950 2788 mihi
992 2734 1062 2789 ad
1105 2733 1220 2789 haec
1245 2734 1491 2788 dicturus
1521 2742 1701 2798 esset,
1735 2747 1854 2802 quae
1885 2731 2098 2786 locutu-

527 2837 622 2878 rus
671 2825 857 2878 eram!
893 2822 1093 2880 Viden‘
1125 2825 1402 2894 quomodo
1456 2839 1680 2895 compos
1732 2824 1909 2880 factus
1936 2823 2101 2879 merit

524 2913 661 2982 eius,
691 2917 835 2985 quod
867 2917 921 2970 in
955 2917 1096 2972 votis
1141 2917 1423 2972 habebat?
1449 2915 1562 2973 Hoc
1585 2918 1730 2972 enim
1761 2925 2098 2986 postremum

526 3005 628 3059 fuit
665 3005 719 3059 in
763 3005 966 3063 libello.
1013 3007 1216 3064 Vellem
1247 3009 1460 3064 discere
1505 3007 1632 3079 quid
1688 3008 1823 3062 mibi
1854 3009 2100 3062 dicturus

523 3109 694 3165 esset,
721 3109 778 3155 et
806 3115 872 3154 an
897 3100 1153 3156 similiter
1177 3103 1468 3172 puniturus
1491 3110 1634 3158 esset
1671 3115 1778 3156 me.
1809 3099 1937 3156 Haec
1968 3113 2099 3156 vero

524 3192 657 3260 dixi,
690 3209 797 3250 non
821 3204 1081 3267 tanquam
1113 3197 1378 3252 damnans
1401 3211 1527 3252 eum
1562 3195 1860 3268 iniustitiae.

1125 3310 1278 3368 CAP.
1304 3311 1498 3369 XXIV.

610 3398 678 3454 γ.
723 3398 776 3454 6.
821 3399 1011 3456 Suavis
1040 3403 1140 3471 fuit
1177 3419 1357 3458 eorum
1406 3404 1559 3473 panis
1591 3404 1647 3458 in
1675 3405 2007 3459 recentiores.

596 3555 774 3611 Suave
805 3567 910 3622 est,
971 3559 1166 3628 inquit,
1213 3558 1400 3628 impiis
1451 3561 1660 3615 nutrire
1701 3559 2096 3624 adolescentes,

526 3662 635 3717 quo
663 3651 874 3719 possint
898 3665 1000 3722 per
1029 3665 1126 3707 eos
1152 3650 1441 3707 violentias
1472 3650 1676 3708 facere.

1109 3815 1260 3871 CAP.
1305 3817 1398 3872 XX
1413 3815 1518 3872 VII.

666 3902 732 3958 ν.
767 3906 821 3960 2.
876 3906 1006 3962 Vivit
1037 3907 1312 3976 Dominus,
1341 3912 1432 3981 qui
1477 3911 1552 3965 sic
1581 3920 1663 3966 me
1680 3911 1958 3979 judicavit.

595 3997 825 4067 Accepit
872 4008 1192 4069 potestatem
1231 4001 1483 4057 diabolus
1516 4001 1568 4056 in
1598 4001 1720 4069 Job,
1753 4011 1810 4059 et
1861 4003 2107 4060 excussit

443 4104 455 4118 ι
528 4101 650 4142 eum
714 4099 874 4144 noctu
930 4107 994 4145 ac
1044 4092 1306 4159 interdiu,
1370 4093 1605 4164 primum
1667 4109 1764 4165 per
1821 4106 2102 4164 externos,

527 4181 721 4240 deinde
750 4199 848 4254 per
881 4201 1079 4258 corpus
1112 4187 1300 4256 ipsius,
1339 4198 1524 4257 postea
1553 4190 1718 4245 etiam
1750 4205 1848 4260 per
1877 4191 2101 4245 amicos.

531 4273 761 4343 Quando
787 4277 930 4331 enim
971 4279 1142 4346 ipsum
1190 4293 1287 4348 per
1316 4294 1543 4335 uxorem
1585 4279 1868 4351 probavit,
1899 4297 1999 4335 nec
2025 4281 2106 4333 vi-

531 4378 652 4424 ctus
689 4377 773 4424 est
797 4369 920 4433 Job,
951 4381 1063 4426 tres
1086 4375 1290 4428 amicos
1315 4374 1539 4430 adduxit
1574 4374 1847 4440 diabolus,
1883 4392 1986 4431 non
2012 4377 2106 4428 ad-

530 4461 827 4526 versarios,
853 4477 960 4516 non
985 4463 1242 4519 insidiosa
1278 4465 1530 4535 dogmata
1574 4467 1859 4536 habentes,
1884 4468 1976 4520 sed
2011 4482 2103 4520 ve-

2516 466 2792 536 Καθαρὸν
2823 461 2892 517 δὲ
2917 457 3215 536 ἀποδώᾳει
3248 470 3321 509 σε
3351 451 3554 520 ὥσπερ
3587 450 3766 520 ἀργύ-

2673 527 2810 606 ριον
2837 527 3285 599 πεπυρωμένον.

2306 633 2488 701 Ὑγιές
2517 630 2832 700 δόγμα......
2869 619 3283 694 πεπυρωμένον,
3312 617 3341 669 6
3367 612 3501 677 Θεός
3527 609 3662 685 (90).

2193 725 2303 796 (9|)
2353 724 2502 795 Στίχ.
2560 728 2672 786 κςν.
2729 715 2906 796 Εϊτιζ-
2939 707 3451 796 πᾳῤῥησιασθήσῃ
3514 702 3774 759 ἐνώπιον

2853 786 3098 841 Κυρίου.

2853 803 2940 841 rw
2983 803 3098 838 ιου.

2268 884 2377 941 Τοῦ
2413 879 2618 937 αὐτοῦ.
2674 877 2798 930 Ἐὰν
2837 803 3181 941 ταπεινώσῃς
3229 864 3443 930 σαυτὸν,
3493 859 3774 933 ὑπομένεις

2189 979 2259 1034 τὰ
2283 972 2682 1048 συμϐεϐηκότα,
2713 960 3224 1036 παρῤησιασθήσῃ
3245 955 3501 1011 ἐνώπιον
3525 952 3770 1021 Κυρίου,

2194 1067 2511 1143 παρρησίαν
2542 1063 2705 1130 ἕξεις,
2731 1061 2806 1124 ὠς
2835 1056 3170 1127 ἀποθέμενος
3210 1052 3276 1105 τὰ
3305 1048 3700 1120 ἁμαρτήματα.

2253 1252 2362 1324 (92)
2392 1249 2540 1318 Στίχ.
2575 1252 2680 1316 κη’.
2729 1242 2856 1296 Ἐπὶ
2888 1239 3008 1294 τῶν
3037 1235 3192 1292 ὁδῶν
3220 1248 3336 1288 σου
3367 1232 3537 1286 ἔσται
3569 1226 3716 1297 φῶς.

2269 1318 2378 1398 Tot"!
2425 1341 2629 1396 αὐτοῦ.
2678 1335 2804 1390 Ἐὰν
2851 1334 3097 1404 τηρήσῃς
3139 1327 3420 1383 νουθεσίαν
3468 1325 3566 1378 ἀπ’
3616 1318 3774 1392 ἐμοῦ,

2194 1438 2286 1490 καὶ
2315 1433 2647 1506 ἐπιστρέψῃς
2675 1429 2766 1484 καὶ
2785 1425 3172 1496 ἐξομολογήσῃ.
3196 1420 3379 1474 Ταῦτα
3408 1416 3505 1488 μὲν
3533 1409 3626 1468 οὖν
3641 1412 3778 1486 πρὸς

2206 1529 2324 1584 Ἰὼϐ
2350 1527 2595 1596 ἐλέγετο·
2619 1523 2679 1577 οὐ
2701 1519 2925 1581 δικαίως
2952 1517 3010 1570 δέ
3043 1515 3258 1583 ἐλέγετο
3274 1530 3286 1542 ·
3317 1511 3376 1564 οὐ
3403 1508 3512 1580 γὰρ
3534 1507 3775 1578 ἥμαρτε.

2103 1630 2105 1634 ’
2192 1618 2337 1691 Πρὸς
2365 1617 2512 1689 ἡμᾶς
2537 1615 2596 1669 δέ
2625 1612 2720 1667 ἐὰν
2750 1611 2994 1681 λέγηται,
3023 1603 3246 1668 δικαίως
3271 1601 3510 1671 λέγεται.

2195 1689 2306 1783 (93)
2359 1707 2508 1777 Στίχ.
2552 1711 2659 1775 κη’.
2719 1695 3216 1783 Ἀποκαταοςτήσῃ
3265 1693 3333 1748 δέ
3393 1708 3493 1748 σοι
3543 1689 3781 1744 δίαιταν

2777 1768 3191 1834 δικαιοσύνης.

2273 1871 2382 1926 Καὶ
2412 1867 2596 1930 ἁπλῶς
2627 1866 2800 1918 εἰπεῖν
2820 1881 2833 1893 ·
2865 1859 3115 1914 ’Ἀπασάν
3144 1875 3246 1922 σοι,
3290 1854 3445 1926 φησὶ,
3476 1851 3575 1925 τὴν
3607 1849 3781 1924 ἁρμό-

2202 1965 2397 2029 ζουσαν
2443 1959 2636 2030 δικαίῳ
2683 1955 2878 2028 πράξει
2909 1951 3200 2024 διαμονὴν,
3242 1948 3383 2002 ὥστε
3418 1963 3479 2000 σε
3518 1942 3780 2016 λαμπρὰς

2203 2057 2296 2110 καὶ
2327 2050 2607 2116 ἐπιδόξους
2635 2049 2778 2122 ἔχειν
2805 2047 2902 2111 τὰς
2932 2043 3178 2117 πράξεις.

2827 2208 2986 2263 ΚΕΦ.
3018 2205 3144 2260 KI".

2201 2309 2348 2380 Στίχ.
2378 2307 2441 2379 β’.
2481 2305 2552 2361 Ἦ
2585 2302 2716 2374 χεὶρ
2766 2298 2954 2359 αὐτοῦ
2982 2293 3200 2377 ,βαρεῖα
3251 2291 3500 2364 γέγονεν
3541 2286 3636 2341 ἐπ’
3660 2283 3782 2357 ἐμῷ

2818 2385 3150 2439 στεναγμῳ.

2274 2469 2386 2542 (θι)
2420 2469 2485 2522 Εἰ
2520 2467 2577 2522 δὲ
2621 2465 2748 2537 ἐνῆν
2773 2507 2788 2532 ,
2833 2462 2998 2534 φησὶ,
3051 2455 3308 2532 παραυτά
3348 2452 3456 2507 τῶν
3501 2446 3782 2521 τιμωριῶν

2199 2541 2297 2636 τὴν
2349 2563 2530 2633 ψῆφον
2579 2557 2865 2629 φέρεσθαι,
2913 2550 2982 2626 ἦν
3031 2553 3213 2623 εὑρεῖν
3266 2546 3448 2602 αὐτόν.
3494 2543 3624 2598 Εἴθε
3658 2541 3785 2612 ἐνῆν

2199 2633 2543 2716 δικάσασθαι,
2586 2669 2659 2722 φη
2673 2651 2759 2714 at,
2801 2648 2894 2703 κα).
2926 2646 3170 2716 ἐντυχεῖν
3203 2639 3390 2704 αὐτοῦ,
3426 2638 3521 2692 καὶ
3569 2633 3783 2707 μαθεῖν,

2201 2748 2321 2801 τίνα
2350 2743 2418 2818 ἦν
2450 2745 2486 2799 ἃ
2519 2742 2720 2815 ἧμελλέ
2761 2759 2849 2814 μοι
2884 2739 3021 2814 πρὸς
3066 2736 3242 2791 ταῦτα
3277 2733 3444 2805 ἐρεῖν,
3485 2727 3521 2783 ἃ
3553 2725 3786 2818 ήμελλον

2202 2816 2398 2910 λέγειν.
2453 2838 2619 2909 Ὀρᾷς
2657 2833 2778 2899 πῶς
2824 2832 3087 2901 ἐπέτυχεν
3137 2830 3276 2900 ὅπερ
3329 2825 3568 2898 ηῖιχετος
3614 2816 3788 2873 Τοῦτο

2203 2931 2312 3004 γὰρ
2355 2930 2582 3002 ἔσχατον
2615 2927 2841 2997 γέγονεν
2873 2927 2930 2979 ἐν
2959 2923 3038 2994 τῷ
3088 2920 3294 2992 βιϐλίῳ.
3328 2915 3558 2970 Ἥθελον
3595 2910 3788 2984 μαθεῖν

2203 3025 2256 3077 τί
2301 3041 2389 3095 μοι
2417 3021 2650 3093 ἤμελλεν
2685 3022 2852 3088 ἐρεῖν,
2898 3019 2993 3071 καὶ
3025 3017 3073 3069 εί
3111 3010 3303 3085 ἔμελλέ
3337 3026 3428 3081 μοι
3460 3005 3664 3078 ὁμοίως
3696 3020 3790 3057 κο-

2203 3115 2407 3181 λάζειν.
2452 3114 2638 3170 Ταῦτα
2667 3115 2724 3168 δὲ
2759 3109 2935 3176 εἷπον,
2965 3109 3062 3179 οὐχ
3099 3107 3174 3170 ὡς
3206 3097 3631 3170 καταγινώσκων
3669 3095 3788 3150 ἀδι-

2125 3216 2172 3279 c
2201 3209 2344 3264 κίαν.

2816 3289 2974 3344 ΚΕΦ.
3003 3287 3130 3340 ΚΔ’.

2204 3392 2316 3464 (95)
2346 3390 2494 3461 Στίχ.
2540 3394 2612 3453 ς’.
2670 3383 2926 3448 Ἡδύνθη
2973 3373 3171 3431 αὐτῶν
3212 3373 3392 3441 ἄρτος
3441 3372 3528 3438 είς
3574 3365 3788 3424 νεωτέ-

2937 3467 3066 3502 ους.

2937 3467 3008 3502 ου
3052 3487 3066 3501 .

2283 3554 2434 3615 Ἡδὺ.
2462 3550 2615 3623 φησὶ,
2652 3549 2762 3610 τοῖς
2802 3467 3046 3597 ἀσειϐείσῗ⁸
3067 3540 3127 3592 τὸ
3179 3537 3400 3611 τρέφειν
3436 3533 3789 3598 νεανίσκους,

2204 3649 2289 3718 ἐφ’
2337 3640 2382 3716 ᾧ
2429 3641 2687 3698 δύνασθαι
2741 3637 2808 3690 δι’
2857 3631 3037 3690 αὐτῶν
3084 3631 3182 3695 τὰς
3240 3627 3503 3702 ἐπηρείας
3557 3626 3790 3700 ἐργάζει-

2207 3741 2353 3794 σθαι.

2836 3819 2994 3872 ΚΕΦ.
3021 3819 3150 3870 KZ'.

2359 3919 2509 3989 Στίχ.
2536 3916 2599 3987 β’.
2636 3913 2722 3983 Ζῇ
2756 3914 2994 3980 Κύριος,
3025 3909 3094 3975 ὃς
3123 3908 3276 3962 οὕτω
3300 3924 3376 3976 με
3404 3908 3625 3977 ἔκρινε.

2279 4010 2390 4083 (96)
2440 4007 2670 4063 Ἔλαϐεν
2715 4003 2966 4072 ἐξουσίαν
3007 3999 3102 4054 τοῦ
3146 3998 3265 4053 ’Ῑὼϐ
3309 4000 3339 4052 6
3368 3999 3646 4066 διάϐολος,
3700 4003 3798 4057 καὶ

2206 4106 2402 4177 ἦτασεν
2427 4101 2589 4157 αὐτὸν
2633 4097 2826 4161 νυκτὸς
2857 4095 2952 4149 καὶ
2988 4091 3204 4166 ἡμέρας
3222 4131 3238 4156 ,
3269 4093 3533 4166 πρότερον
3563 4094 3653 4149 διὰ
3683 4094 3798 4151 τῶν

2206 4195 2384 4260 ἐκτὸς,
2423 4192 2647 4264 ὕστερον
2680 4187 2749 4241 δι’
2774 4184 2938 4240 αὐτοῦ
2966 4183 3061 4237 τοῦ
3109 4183 3378 4253 σώματος,
3427 4184 3567 4254 μετὰ
3616 4183 3799 4241 ταῦτα

2207 4289 2299 4341 καὶ
2331 4285 2420 4340 διὰ
2441 4283 2548 4337 τῶν
2575 4281 2762 4352 φίλων.
2795 4280 2924 4331 Ὅτε
2949 4275 3059 4347 γὰρ
3089 4275 3221 4328 αὐτὸ
3253 4275 3545 4345 ἐδοκίμασε
3575 4275 3663 4330 διὰ
3692 4278 3797 4348 τῆς

2207 4374 2484 4446 γυναικὸς,
2508 4372 2602 4436 καὶ
2625 4371 2686 4423 οὐ
2722 4367 3000 4436 νενίκηται
3025 4366 3054 4417 6
3086 4363 3226 4427 Ἰὼϐ,
3249 4367 3399 4434 τρεῖς
3426 4363 3616 4432 φίλους
3639 4365 3800 4436 ἧνεγ.

2208 4485 2302 4521 κεν
2328 4467 2356 4518 6
2393 4463 2656 4526 διάϐολος,
2687 4461 2788 4513 οὐκ
2821 4457 3068 4529 ἐχθροὺς,
3113 4454 3215 4507 οὐκ
3254 4454 3514 4508 ἐπίϐουλα
3545 4455 3798 4526 δόγματα

531 4565 688 4608 races
715 4554 930 4623 quidem
973 4573 1274 4622 sermones,
1309 4574 1416 4613 non
1450 4561 1589 4615 bene
1632 4569 1810 4614 tamen
1847 4570 1942 4613 ant
1967 4568 2101 4613 tein-

2213 4558 2460 4628 ἐχοντας,
2498 4553 2612 4607 ἀλλ’
2651 4549 2909 4620 ἀληθείας
2963 4547 3061 4620 μὲν
3102 4545 3324 4614 λόγους,
3374 4547 3435 4599 οὐ
3486 4545 3668 4609 καλῶς
3711 4547 3795 4612 δὲ,

530 4643 740 4711 pestive
787 4646 1050 4715 prolatos.
1082 4647 1460 4705 Contendebat
1508 4665 1672 4720 porro
1724 4649 1972 4703 diabolus
2009 4664 2106 4717 per

528 4736 696 4793 hosce
729 4739 934 4796 amicos
954 4740 1191 4810 ellicere,
1228 4752 1287 4798 ut
1312 4741 1413 4799 Job
1439 4744 1642 4814 aliquid
1678 4743 1887 4799 diceret
1911 4751 2103 4797 contra

527 4831 954 4902 providentiam,
991 4834 1217 4903 impium
1246 4837 1456 4907 aliquid
1487 4837 1855 4894 committeret
1883 4848 2108 4908 propter

528 4919 834 4987 molestias,
877 4933 932 4978 et
975 4939 1198 4994 pravum
1231 4936 1455 4996 propter
1503 4927 1746 4983 dolores.
1775 4927 1843 4981 At
1885 4937 2108 4983 sanctus

525 5009 621 5068 hic
651 5013 880 5082 athleta,
912 5031 1042 5074 vere
1073 5018 1353 5086 robustus,
1383 5019 1565 5086 fortis,
1591 5021 1812 5076 attende
1850 5021 1981 5090 quid
2025 5020 2108 5074 di-

517 5114 622 5197 Acat
652 5116 776 5176 post
805 5110 969 5164 trium
1005 5110 1222 5168 illorum
1252 5127 1554 5168 sermones.
1604 5112 1706 5169 Ubi
1734 5113 1971 5168 absolvit
1995 5111 2106 5165 Eli-

527 5195 667 5266 pbas
727 5207 838 5254 tres
899 5200 1322 5271 disputationes,
1351 5211 1408 5258 et
1460 5202 1675 5272 Sophar
1712 5203 2110 5274 disputationes

529 5289 665 5345 duas
693 5290 919 5358 (Baldad
947 5293 1348 5362 disputationes
1370 5295 1537 5366 tres):
1587 5293 2105 5362 his,inquam,abso-

529 5380 679 5446 lutis,
715 5397 838 5436 cum
870 5383 944 5438 illi
969 5385 1289 5454 tacuissent,
1318 5385 1440 5440 vide
1465 5385 1592 5455 quid
1619 5385 1969 5454 respondeat;
1986 5394 2107 5454 post

607 5581 721 5653 (90)
745 5583 828 5639 et.
856 5594 894 5640 t.
930 5585 1046 5650 xu,
1074 5587 1179 5642 col.
1208 5589 1368 5644 mss.

752 5653 812 5728 In
846 5657 968 5712 cod.
995 5673 1088 5710 XXI
1123 5658 1378 5712 tribuitur
1419 5655 1667 5728 Polychr.

599 5724 714 5793 (92)
751 5724 913 5780 Deest
945 5731 997 5780 in
1024 5729 1147 5781 cod.
1188 5745 1302 5781 ut.

740 5795 874 5876 (god:
901 5813 1015 5850 XXI.
1048 5798 1418 5876 Aliusﬂtribuit
1447 5799 1752 5876 (ilympjod.

602 5863 714 5938 (94)
747 5865 882 5922 Cod.
909 5883 1024 5923 xxi.
1065 5869 1124 5922 In
1167 5867 1273 5923 alio
1318 5863 1574 5923 tribuitur
1611 5863 1842 5923 Joanni:
1887 5865 2110 5921 Videtur

2213 4647 2334 4700 οὐδὲ
2361 4649 2418 4700 ἐν
2449 4641 2625 4715 καιρῷ
2655 4639 3114 4714 προφερομένους.
3151 4637 3262 4690 Καὶ
3289 4636 3603 4691 ἐϐουλεύετο
3623 4638 3653 4690 6
3680 4637 3799 4694 διά-

2214 4741 2367 4806 ϐολος
2401 4738 2492 4794 διὰ
2521 4739 2630 4794 τῶν
2663 4736 2832 4806 φίλων
2867 4733 3071 4789 τούτων
3099 4731 3320 4802 ποιῆσαι
3349 4731 3439 4785 τὸν
3473 4729 3592 4784 Ίὼϐ
3623 4731 3798 4802 φθέγ-

2215 4831 2408 4900 ξασθαί
2451 4849 2508 4885 τι
2564 4829 2708 4884 κατά
2757 4828 2858 4899 τῆς
2902 4823 3185 4898 Προνοίας,
3229 4821 3496 4893 ἀσεϐῆσαι
3531 4821 3621 4875 διὰ
3667 4823 3800 4888 τοὺς

2215 4927 2438 4988 πόνους,
2486 4921 2793 4991 ἐκκακῆσαι
2819 4917 2909 4973 διὰ
2936 4916 3036 4980 τὰς
3067 4914 3386 4985 ἀλγηδόνας.
3423 4913 3560 4966 Ἀλλ’
3599 4914 3632 4966 6
3661 4914 3800 4986 άλη-

2207 5018 2314 5081 θῶς
2344 5016 2606 5088 ἁνδρεῖος,
2637 5015 2666 5066 ὁ
2697 5010 3044 5085 καρτερικὸς,
3085 5010 3188 5079 ὅρα
3220 5007 3275 5060 τί
3303 5006 3450 5075 λέγει
3497 5006 3638 5076 μετὰ
3666 5009 3799 5072 τοὺς

2206 5108 2394 5178 λόγους
2446 5107 2553 5160 τῶν
2612 5104 2798 5176 τριῶν.
2845 5103 2973 5154 Ὅτε
3011 5098 3258 5152 ἐτέλεσεν
3299 5100 3330 5152 6
3373 5096 3599 5165 Ἐλιφὰζ
3642 5099 3799 5167 τρεῖς

2204 5197 2488 5263 διαλέξεις,
2523 5198 2554 5254 6
2586 5194 2788 5265 Σωφὰρ
2819 5190 2912 5245 δύο
2942 5189 3203 5254 διαλέξεις
3255 5188 3394 5260 (97)·
3441 5187 3650 5242 τούτων
3684 5188 3800 5261 γὰρ

2207 5289 2629 5360 τετελεσμένων,
2664 5283 3054 5356 σιωπησάντων
3085 5283 3328 5348 ἐκείνων,
3360 5283 3461 5354 ὅρα
3477 5281 3530 5334 τί
3561 5283 3802 5354 ἀποκρί-

2212 5402 2360 5437 νεται
2398 5383 2534 5454 μετὰ
2561 5383 2623 5434 τὸ
2648 5379 2938 5452 εἰρημένον
2961 5376 3055 5429 ἀπ’
3093 5375 3259 5431 αὑτοῦ
3286 5376 3592 5448 προοίμιον,
3621 5375 3802 5440 οὕτως

2219 5584 2504 5654 legendum
2533 5584 2666 5648 εἴθε,
2706 5594 2764 5638 ut
2792 5582 2954 5639 infra.

2285 5647 2398 5721 (95)
2426 5653 2482 5707 In
2511 5647 2786 5710 cod.’xxt.
2819 5655 2970 5708 Alius
3011 5650 3197 5704 tribuit
3218 5647 3431 5717 Olymp.

2289 5724 2399 5862 (96)
2429 5725 2619 5779 Exstat
2652 5734 2688 5779 ι.
2726 5723 2839 5789 XII,
2865 5723 2968 5776 col.
3006 5721 3163 5775 1059.

2289 5795 2375 5850 (97
2430 5795 2596 5852 Addit
2616 5796 2734 5852 cod.
2759 5811 2871 5858 ρν-χι,
2898 5796 2925 5846 6
2953 5790 3155 5845 Βαλδάδ

2282 5787 2399 5862 197)
2430 5795 2596 5852 Addit
2616 5796 2734 5852 cod.
2759 5787 2871 5858 κχί,
2898 5796 2925 5846 6
2953 5790 3155 5845 Βαλδάδ
3183 5795 3328 5864 τρεῖς
3365 5787 3648 5857 διαλέξεις.
