4004 6518
494 349 557 406 91
1384 352 1941 410 SUPl’LEMENTUM
1981 351 2073 407 AD
2109 351 2433 409 ORIGENIS
2466 350 2874 411 EXEGETICA.
3211 364 3213 366 ’
3577 352 3588 362 ’
3691 361 3758 416 92

500 466 590 523 bri
612 490 627 538 ;
647 488 809 544 super
837 474 1093 545 pleraque
1120 475 1298 530 omnia
1329 477 1497 543 entia,
1528 476 1680 532 trahe
1723 475 2048 546 sapientiam

2179 480 2248 528 τὰ
2286 474 2417 545 ἅγια
2444 474 2536 529 τοῦ
2565 476 2722 531 Θεοῦ·
2758 478 2897 551 ὑπὲρ
2929 477 3105 534 πάντα
3143 478 3312 532 πολλὰ
3339 479 3489 544 ὄντα,
3527 481 3756 537 ἕλκυσον

822 655 884 714 ν.
921 657 1011 712 21.
1056 657 1230 712 Latuit
1247 678 1450 716 omnem
1473 663 1758 718 hominem.

570 746 761 802 Latuit
800 765 1014 804 omnem
1067 751 1363 818 hominem,
1388 755 1504 809 sive
1535 759 1796 824 pr0pheta
1839 756 1931 821 sit,
1964 751 2079 811 sive

502 839 799 906 apostolus.

1093 935 1246 990 CAP.
1291 937 1481 995 XXIX.

499 1038 564 1096 ν.
609 1041 660 1097 6.
706 1044 930 1110 Quando
956 1049 1363 1117 effundebantur
1401 1055 1500 1107 via:
1529 1071 1656 1108 mem
1683 1054 1924 1124 butyrum
1973 1057 2071 1126 (9).

569 1132 854 1190 Pratlocuti
911 1153 1100 1196 sumus
1152 1142 1218 1198 de
1272 1145 1372 1200 viis
1405 1145 1527 1209 Job,
1561 1162 1694 1215 quas
1739 1148 2074 1212 ambulabat,

2180 563 2280 636 τὴν
2327 565 2539 635 σοφίαν.

2392 657 2539 726 Στίχ.
2565 662 2669 710 κα’.
2699 656 2928 724 Λέληθε
2976 652 3172 708 πάντα
3209 655 3545 725 ἄνθρωπον.

2250 747 2454 818 Λέληθε
2495 748 2670 802 πάντα
2715 747 3019 818 ἄνθρωπον,
3065 746 3168 801 κᾶν
3210 751 3610 829 προφήτηςτῇ.
3650 762 3754 819 κᾶν

2177 837 2491 902 ἀπόστολος.

2800 931 2956 994 ΚΕΦ.
2999 931 3127 985 KG’.

2248 1044 2396 1114 Στίχ.
2439 1051 2511 1108 ς’.
2551 1045 2680 1097 Ὅτε
2708 1045 2954 1114 ὲχέοντό
2971 1064 3092 1115 μου
3118 1049 3177 1100 al
3207 1047 3333 1102 ὁδοὶ
3348 1049 3672 1120 βούτυρον.

2247 1136 2662 1206 Προειρήκαμεν
2699 1136 2826 1206 περὶ
2864 1137 2973 1190 τῶν
3015 1137 3149 1191 ὁδῶν
3185 1139 3278 1193 τοῦ
3320 1139 3462 1206 Ἰὼϐ,
3491 1142 3558 1205 ἃς
3581 1143 3751 1198 ὥδευε

495 1238 591 1278 eas
629 1227 858 1284 virtutes
890 1230 1076 1287 fuisse.
1112 1234 1588 1292 Perfundebautur
1621 1255 1752 1307 ergo
1797 1242 1896 1294 vite
1931 1242 2040 1294 illiu

2178 1247 2270 1283 σεν
2302 1229 2434 1301 (10),
2468 1232 2549 1284 ὅτι
2576 1232 2766 1302 ἀρεταὶ
2785 1227 2946 1303 ἦσαν.
2985 1233 3228 1304 Ἐχέοντο
3257 1233 3350 1291 οὖν
3365 1240 3418 1291 αἱ
3452 1238 3559 1292 ὁδοὶ
3583 1240 3757 1295 αὐτοῦ’

497 1317 717 1388 butyro.
750 1320 1075 1378 Ambulabat
1108 1328 1418 1393 prudentia,
1459 1344 1524 1382 ac
1550 1333 1950 1398 quodammodo
1994 1332 2072 1386 ef-

495 1408 818 1464 fundebatur
895 1417 1204 1484 prudentia,
1237 1433 1406 1488 usque
1437 1421 1574 1474 adeo
1609 1431 1665 1475 ut
1706 1422 1854 1476 inulti
1895 1426 2069 1478 nutri-

2177 1321 2440 1393 βουτύρῳ,
2469 1321 2634 1375 ὥδευε
2663 1323 2760 1394 τὴν
2788 1325 3166 1398 σωφροσύνην,
3198 1330 3291 1381 καὶ
3325 1330 3486 1383 οἱονεὶ
3507 1332 3686 1401 ἐχεῖτο
3715 1335 3749 1404 ἠ

2177 1415 2519 1486 σωφροσύνη,
2560 1415 2636 1479 ὡς
2674 1416 2902 1482 πολλοὺς
2941 1418 3232 1490 τρέφεσθαι
3265 1422 3358 1474 καὶ
3398 1422 3506 1475 τῶν
3540 1424 3752 1493 νηπίων

495 1510 688 1554 rentur
715 1503 881 1557 etiam
919 1519 986 1558 ex
1024 1509 1270 1574 parvulis
1297 1511 1365 1564 ab
1395 1511 1509 1579 ipsa
1544 1513 1830 1581 prudentia
1861 1513 2004 1579 Jobi,
2041 1533 2049 1569 :

2175 1504 2284 1558 ἀπὸ
2316 1506 2414 1575 τῆς
2445 1505 2798 1577 σωφροσύνης
2823 1506 2918 1560 τοῦ
2959 1507 3100 1571 Ἰὼϐ,
3140 1509 3248 1562 ἀπὸ
3278 1510 3377 1581 τῆς
3406 1510 3754 1585 δικαιοσύνης

488 1591 702 1659 justitia
733 1592 876 1659 Jobi.
911 1612 941 1649 a
991 1597 1340 1656 fortitudine.
1403 1604 1551 1658 Istud
1587 1605 1730 1658 enim
1778 1606 2068 1677 signiﬁcat,

492 1679 724 1748 Quando
751 1687 1160 1756 effundebantur
1189 1693 1282 1746 vim
1320 1711 1448 1749 mea:
1471 1695 1684 1765 butyro.

585 1777 648 1833 V.
680 1777 731 1834 6.
768 1781 974 1836 Montes
1010 1795 1182 1838 autem
1214 1787 1314 1839 mei
1345 1788 1807 1855 perfundebanlur
1832 1791 1990 1848 lacte.

556 1867 904 1940 Quaecunque
953 1887 1114 1928 erant
1162 1877 1420 1934 sublimia
1469 1881 1704 1952 cogitata
1730 1894 1784 1939 et
1810 1888 2062 1955 grandia,

487 1955 606 2012 hac
640 1968 801 2013 erant
829 1972 1042 2018 montes
1080 1963 1204 2029 Job,
1237 1968 1290 2021 in
1322 1984 1458 2038 quos
1499 1974 1850 2030 ascendebat.

598 2049 657 2102 V.
697 2051 753 2104 7.
799 2052 1024 2117 Quando
1056 2055 1362 2114 incedebam
1391 2072 1598 2118 erectus
1625 2065 1680 2118 in
1721 2067 1954 2122 civitate.

558 2142 830 2195 doctrina:
881 2148 1115 2202 vacabat
1159 2161 1215 2204 et
1262 2153 1507 2220 utilitati,
1541 2157 1792 2226 loquens,
1837 2176 1944 2214 non
2004 2173 2064 2216 ut

484 2242 675 2285 amans
713 2233 819 2300 sui,
857 2238 952 2292 sed
1002 2247 1062 2294 ut
1091 2243 1400 2302 cbaritatem
1436 2245 1667 2316 habens,
1704 2265 1824 2320 qua:
1867 2255 2062 2322 quaerit

483 2339 767 2386 commune
791 2333 1011 2392 bonum.

803 2423 866 2478 V.
899 2425 951 2480 9.
983 2425 1219 2497 Digitum
1267 2431 1592 2500 imponentes
1637 2438 1738 2491 ori.

557 2511 784 2569 Videtur
813 2530 947 2571 sane
980 2529 1037 2573 et
1074 2520 1337 2576 indicium
1369 2540 1492 2580 esse
1530 2528 1730 2584 silentii
1755 2531 1877 2600 hoc,
1904 2532 2057 2605 Digi-

482 2606 592 2653 tum
635 2603 955 2674 impatientes
1003 2611 1088 2664 ori
1142 2629 1260 2667 suo.
1316 2615 1503 2672 Facile
1553 2630 1731 2676 autem
1789 2603 2055 2692 declarat,

479 2694 606 2762 quia
655 2711 845 2752 manus
882 2715 980 2770 pro
1011 2705 1268 2772 operibus
1301 2710 1590 2778 accipitur,
1619 2716 1761 2783 quod
1788 2732 1930 2786 saepe
1967 2735 2060 2774 os-

482 2786 776 2855 tendimus,
829 2792 954 2860 quia
990 2808 1127 2862 opus
1175 2811 1337 2851 suum
1391 2802 1470 2854 ori
1520 2805 1898 2872 imposuerint,
1928 2824 2054 2864 sen-

481 2877 677 2933 tientes
729 2880 781 2934 in
829 2884 1027 2954 exiguo
1068 2902 1252 2957 opere,
1295 2893 1436 2960 quod
1472 2910 1580 2948 non
1608 2907 1734 2952 sunt
1781 2901 1927 2968 digni
1963 2903 2054 2972 qui

479 2968 795 3038 loquantur,
838 2989 1108 3045 prwsente
1155 2979 1291 3048 Job,
1341 2985 1433 3053 qui
1480 3001 1642 3056 opera
1700 2991 1907 3062 majora
1957 2968 2053 3064 pa-

478 3069 558 3113 tl'a
567 3062 661 3116 vit.

584 3153 644 3210 V.
685 3155 772 3210 10.
811 3157 902 3212 Illi
940 3177 1059 3215 vero
1095 3164 1389 3232 audientes,
1430 3169 1800 3241 beati/icabant
1842 3193 1944 3234 me.

545 3244 825 3315 Ejusdem.
861 3251 1044 3322 Usque
1075 3256 1211 3311 adeo
1245 3275 1478 3330 magnus
1517 3276 1782 3322 eratcum
1820 3272 2047 3327 necdum

471 3348 788 3404 vexaretur,
820 3352 877 3395 ut
906 3347 998 3413 qui
1035 3362 1156 3399 eum
1186 3352 1488 3420 audissent,
1520 3357 1739 3414 beatum
1790 3364 2052 3432 prazdica-

471 3425 604 3482 baut
640 3429 829 3496 illum;
866 3447 918 3486 et
952 3439 1391 3507 admirabantur.
1425 3461 1662 3515 quonam
1697 3425 1856 3509 modo
1898 3464 2048 3513 tanta

473 3515 727 3588 intelligit
759 3531 817 3574 et
853 3527 1288 3600 comprehendit,
1318 3548 1382 3588 ac
1422 3544 1602 3605 potest
1645 3543 1930 3600 auditores
1954 3546 2047 3617 ju-

471 3622 536 3662 va
547 3626 622 3664 re.

651 3698 719 3759 ξ’.
759 3702 846 3758 10.
877 3703 1013 3771 Quia
1044 3709 1234 3789 lingua
1255 3731 1436 3770 eorum
1463 3722 1666 3789 gutturi
1688 3739 1872 3781 eorum

1029 3785 1364 3851 agglutinato
1387 3785 1483 3842 est.

539 3862 889 3921 Audieutium
921 3886 1029 3935 me,
1056 3884 1112 3926 et
1144 3876 1356 3932 beatum
1387 3886 1797 3950 praedicandum
1827 3903 2050 3964 propter

469 3966 531 4006 ea
565 3971 686 4025 qua:
717 3957 1004 4028 loquebar,
1040 3964 1223 4037 lingua
1253 3974 1461 4038 gutturi
1488 3957 1971 4046 agglutinatdest.

505 4045 567 4100 V.
604 4050 688 4103 11.
722 4049 859 4116 Quia
900 4056 1145 4111 auricula
1193 4062 1416 4130 audivit,
1463 4077 1510 4119 et
1530 4045 1868 4140 beatiﬁcauit
1906 4093 2007 4131 me.

540 4139 820 4206 Ejusdem.
865 4143 1021 4201 Sicut
1081 4155 1147 4205 de
1196 4152 1382 4225 Moyse
1428 4139 1697 4228 scriptum
1726 4176 1848 4232 est,
1901 4172 2046 4241 quod

464 4234 800 4287 reverebatur
822 4241 1052 4305 aspicere
1076 4254 1261 4298 contra
1297 4247 1461 4303 Deum
1491 4253 1557 4316 ⁷⁵,
1593 4267 1815 4326 prepter
1858 4234 2048 4320 δίοδο-

465 4335 584 4376 8ιιιιι
615 4325 928 4393 splendoris
962 4333 1131 4400 ipsius
1159 4354 1173 4390 :
1206 4338 1285 4391 sic
1316 4343 1527 4411 cogites
1563 4325 1745 4416 velim,
1775 4354 1917 4421 quod
1947 4370 2046 4410 ex-

465 4425 654 4467 cessus
681 4427 800 4470 erat
826 4417 944 4474 Jobi
991 4423 1270 4492 prolectus
1301 4429 1354 4483 in
1389 4435 1660 4500 sapientia
1690 4457 1704 4506 ;
1743 4417 1813 4495 ita
1853 4454 1912 4498 ut
1953 4447 2042 4515 qui

2174 1596 2266 1650 τοῦ
2305 1596 2445 1660 Ἰὼϐ,
2489 1599 2597 1652 ἀπὸ
2631 1597 2732 1668 τῆς
2766 1598 3036 1671 ἀνδρείας.
3076 1601 3248 1656 Τοῦτο
3282 1603 3390 1674 γάρ
3416 1605 3585 1658 ἐστιν’
3613 1607 3754 1661 ’Ὅτε

2173 1688 2416 1758 ἐχέοντο
2439 1692 2498 1744 al
2531 1690 2660 1745 ὁδοί
2674 1709 2794 1761 μου
2825 1692 3126 1761 βουτύρῳ.
3595 1735 3606 1740 -

2231 1781 2342 1852 (11)
2369 1782 2516 1853 Στίχ.
2556 1790 2628 1848 ς’.
2676 1783 2752 1838 Τὰ
2779 1783 2848 1837 δὲ
2881 1783 2988 1853 ὄρη
3013 1803 3132 1854 μου
3169 1785 3413 1854 ἐχέοντο
3436 1787 3714 1856 γάλακτι.

2242 1872 2383 1926 Ὅσα
2412 1869 2481 1944 ἦν
2509 1873 2686 1944 ὑψηλὰ
2705 1877 2953 1946 νοήματα
2979 1876 3072 1929 καὶ
3097 1877 3328 1946 μεγάλα,
3349 1877 3524 1932 ταῦτα
3551 1874 3621 1950 ἦν
3644 1879 3752 1951 ὄρη

2166 1962 2261 2016 τοῦ
2292 1963 2430 2029 Ἰὼϐ,
2467 1967 2550 2036 ἐφ’
2581 1965 2616 2020 ἂ
2647 1966 2947 2022 ἀνέϐαινεν.

2169 2071 2281 2142 (12)
2315 2073 2461 2144 Στίχ.
2496 2074 2560 2139 ζ’.
2597 2075 2725 2129 Ὅτε
2755 2077 3198 2148 ἐξεπορευόμην
3225 2080 3421 2148 ὄρθιος
3447 2081 3517 2135 ἐν
3545 2084 3746 2139 πόλει.

2233 2165 2561 2239 Διδασκαλίᾳ
2605 2167 2864 2239 ἐσχόλαζε
2909 2172 3002 2224 καὶ
3041 2172 3299 2245 ὠφελείᾳ,
3327 2174 3502 2245 ἐρῶν,
3538 2177 3637 2246 ούχ
3666 2178 3748 2241 ὡς

2164 2257 2441 2328 φίλαυτος,
2480 2259 2594 2314 ἀλλ’
2621 2259 2698 2325 ὡς
2726 2263 2949 2334 ἀγάπην
2989 2263 3128 2334 ἔχων
3164 2264 3432 2337 ζητοῦσαν
3481 2267 3541 2320 τὸ
3586 2273 3746 2340 κοινῇ

2164 2353 2458 2424 συμφέρον.

2199 2443 2311 2515 (15)
2344 2446 2500 2516 Στίχ.
2533 2445 2596 2500 θ’.
2628 2447 2934 2503 Δάκτυλον
2959 2448 3264 2517 ἐπιθέντες
3290 2451 3390 2505 ἐπὶ
3413 2455 3682 2523 στόματι.

2229 2536 2379 2602 Δόξει
2405 2539 2504 2608 μὲν
2529 2535 2621 2593 οὖν
2643 2541 2737 2594 καὶ
2765 2544 2987 2612 σημεῖον
3011 2538 3146 2595 εἶναι
3173 2543 3253 2606 τὸ,
3287 2543 3598 2600 Δάκτυλον
3618 2546 3743 2601 ἐπι,

2159 2626 2364 2695 θέντες
2382 2630 2480 2683 ἐπὶ
2505 2632 2752 2700 στόματι
2770 2633 2989 2697 αὐτῶν,
3023 2636 3253 2707 σιωπῆς.
3286 2637 3437 2708 Τάχα
3460 2638 3515 2690 δὲ
3546 2639 3698 2708 δηλοῖ
3720 2680 3738 2704 ,

2159 2719 2280 2773 ἐπεὶ
2310 2722 2342 2792 ἡ
2363 2721 2482 2791 χεὶρ
2497 2723 2613 2776 ἀντὶ
2631 2722 2807 2794 ἔργων
2835 2723 3190 2795 λαμϐάνεται,
3216 2727 3292 2792 ὡς
3320 2728 3580 2793 πολλάκις
3599 2731 3710 2784 ὲδεί
3724 2761 3743 2773 -

2158 2811 2363 2882 ξαμεν,
2421 2815 2502 2867 ὅτι
2547 2813 2608 2867 τὸ
2652 2815 2811 2887 ἔργον
2851 2819 3030 2872 αὐτῶν
3073 2819 3350 2892 ἐπέθηκαν
3387 2824 3480 2876 ἐπὶ
3537 2827 3741 2896 στόμα,

2157 2907 2537 2972 αἱσθανθέντες
2573 2909 2632 2961 ὲν
2686 2908 2851 2981 ὀλίγῳ
2897 2910 3063 2982 ἔργῳ,
3115 2914 3196 2966 ὅτι
3248 2915 3349 2967 οὑκ
3399 2917 3538 2971 εἰσὶν
3591 2918 3738 2984 ἄξιοι

2155 2999 2250 3052 τοῦ
2292 2999 2490 3065 λαλεῖν,
2537 3003 2803 3074 παρόντος
2844 3003 2938 3057 τοῦ
2993 3003 3133 3069 Ἰὼϐ,
3183 3005 3404 3076 μείζονα
3451 3009 3587 3080 ἔργα
3635 3028 3740 3064 πε.

2156 3092 2462 3162 ποιηκότος.

2213 3183 2322 3254 (id)
2353 3184 2501 3255 Στίχ.
2535 3192 2587 3239 ι’.
2624 3189 2687 3239 Ol
2712 3185 2777 3239 δὲ
2805 3187 3178 3256 ἀκούσαντες
3198 3190 3568 3260 ἑμακάρισάν
3575 3211 3674 3263 με.

2228 3276 2339 3332 Τοῦ
2367 3277 2575 3332 αὑτοῦ.
2607 3277 2873 3334 Τοσοῦτον
2897 3277 2964 3353 ἦν
2990 3284 3077 3335 ὅτε
3108 3283 3320 3336 οὐδέπω
3361 3285 3734 3354 ἐϐασανίζετο,

2150 3371 2290 3424 ὥστε
2313 3372 2362 3424 οἱ
2383 3371 2671 3436 ἀκούοντες
2694 3373 2858 3426 αὑτοῦ
2884 3374 3218 3447 ἐμακάριζον
3250 3379 3432 3440 αὐτὸν,
3458 3379 3553 3432 καὶ
3571 3378 3737 3434 ὲθαύ,

2153 3460 2346 3534 μαξον,
2373 3462 2493 3515 τίνα
2518 3465 2720 3534 τρόπον
2743 3463 2812 3517 τὰ
2845 3465 3082 3520 τοσαῦτα
3111 3470 3223 3521 νοεῖ
3251 3470 3345 3522 καὶ
3372 3470 3731 3541 καταλαμϐά-

2149 3571 2249 3617 νει,
2284 3555 2379 3607 καὶ
2411 3554 2632 3608 δύναται
2667 3556 2794 3621 τοὺς
2819 3557 3114 3623 ἀκούοντας
3142 3560 3388 3630 ὠφελεῖν.

2150 3737 2299 3808 Στίχ.
2329 3745 2381 3792 ι’.
2419 3738 2547 3793 Ὀτι
2583 3740 2837 3810 γλῶσσα
2872 3741 3072 3796 αὐτῶν
3107 3743 3188 3810 τῷ
3222 3745 3478 3817 λάρυγγι
3525 3747 3730 3801 αὐτῶν

2779 3813 3106 3879 ἐκολλήθη.

2813 3830 3106 3882 scaurum.

2219 3899 2665 3955 Τῶνάκουόντων
2697 3919 2798 3973 μου
2821 3905 2915 3956 καὶ
2944 3903 3356 3976 μακαριζόντων
3389 3907 3475 3976 ἐφ’
3505 3901 3588 3972 οἷς
3612 3908 3732 3965 ἐλε-

2148 3995 2316 4064 γον,ή
2343 3991 2564 4061 γλῶσσα
2584 3993 2662 4064 τῷ
2689 3993 2924 4066 λάρυγγι
2944 3995 3234 4068 ἐκολλήθη.

2148 4084 2263 4157 (15)
2287 4085 2435 4156 Στίχ.
2460 4093 2546 4139 ια’.
2575 4086 2694 4140 ’Ότι
2712 4087 2889 4142 ὠτΙον
2902 4087 3150 4157 ἤκουσε,
3173 4089 3604 4160 καὶέμακάρισέ
3625 4110 3726 4162 με.

2229 4175 2338 4232 Τοῦ
2366 4177 2573 4231 αὐτοῦ.
2599 4178 2810 4249 Ὥσπερ
2833 4178 3139 4250 γέγραπται
3164 4181 3292 4252 περὶ
3307 4180 3400 4234 τοῦ
3427 4182 3726 4247 Μωῡσὲως,

2151 4265 2234 4320 δτι
2263 4268 2581 4335 ηὑλαϐεῒτο
2615 4269 3016 4339 κατεμόλέψαι
3054 4274 3419 4326 κατενώπιον
3441 4275 3544 4328 τοῦ
3572 4275 3723 4336 Θεοῦ

2150 4364 2237 4414 διὰ
2276 4360 2376 4431 τὴν
2419 4360 2724 4433 ὑπερϐολὴν
2764 4362 2862 4432 τῆς
2901 4361 3281 4434 λαμπρότητος
3326 4366 3506 4420 αὑτοῦ·
3546 4366 3724 4430 οὕτως

2145 4453 2342 4524 νοήσας
2385 4451 2495 4524 (16)
2539 4452 2626 4518 ἃν,
2663 4454 2744 4507 ὃτι
2789 4453 3064 4526 ὑπερϐολὴ
3099 4450 3168 4526 ἦν
3215 4456 3497 4528 προκοπῆς
3536 4455 3639 4526 τῆς
3668 4458 3729 4510 ὲν

464 4501 567 4571 ipsi
600 4510 999 4577 auscultabaut,
1035 4532 1139 4571 non
1173 4533 1400 4586 possent
1442 4527 1613 4580 aciem
1665 4532 1951 4592 intendere
1970 4501 2041 4594 uin

464 4596 726 4621 θυι----μ
781 4620 792 4621 κ
876 4608 907 4621 οΔ
961 4619 966 4621 Α
1161 4615 1234 4621 ....
1401 4619 1416 4621 _

2185 4501 2338 4524 "0""
2388 4501 2493 4524 \"I
2542 4501 2626 4518 ⁷⁷⁷⁷
2668 4501 2744 4507 ⁷⁷⁷
2795 4501 3064 4526 ⁷’”⁷Γ’⁷“Ἱ
3106 4501 3160 4526 'I'
3224 4501 3494 4528 "t'"""'t'
3547 4501 3635 4526 "l‘
3668 4501 3723 4510 "

2175 4545 2311 4618 οφίᾳ
2340 4544 2434 4598 τοῦ
2476 4545 2617 4611 Ἰὼϐ,
2654 4546 2795 4600 ὥστε
2837 4546 2962 4610 τοὺς
2997 4547 3295 4612 ἀκούοντας
3322 4548 3485 4602 αὑτοῦ
3527 4549 3601 4621 μὴ
3631 4548 3727 4601 δύ-

464 4596 733 4669 fulgorem
771 4608 1105 4676 cogitaturum
1160 4615 1324 4671 illius.
1387 4619 1539 4687 Quod
1597 4639 1718 4679 cum
1776 4643 1881 4683 non
1915 4645 2041 4698 pos-

461 4701 605 4756 sent,
638 4694 836 4750 idcirco
871 4701 1219 4761 declinabant
1249 4711 1440 4767 oculos
1468 4729 1618 4779 suos,
1658 4732 1764 4773 uon
1799 4719 2040 4779 valentes

460 4791 841 4849 obsecundare
875 4796 1232 4864 profunditati
1289 4806 1641 4877 cogitationis
1695 4812 1858 4868 illius.
1901 4812 2037 4871 Pro-

459 4888 644 4950 pterea
679 4883 811 4939 dicit
838 4908 850 4942 :

590 4971 658 5032 γ.
694 4975 780 5031 11.
816 4977 1017 5034 Oculus
1043 4993 1218 5038 autem
1248 5003 1328 5040 me
1359 4989 1538 5044 ridens
1569 4995 1892 5054 declinabat.

531 5065 730 5136 Aquila
762 5079 816 5124 et
856 5069 1241 5144 Symmachus,
1281 5079 1522 5138 Testatus
1567 5099 1642 5140 est
1672 5092 1736 5143 de
1769 5108 1869 5154 nte,
1916 5096 2033 5148 edi-

457 5158 675 5214 derunt.
705 5163 807 5216 Alii
838 5179 989 5231 vero,
1024 5165 1222 5223 Oculus
1264 5184 1440 5227 autem
1477 5179 1655 5234 videns
1691 5182 2033 5245 declinabat:

458 5251 603 5320 quod
632 5264 736 5315 est.
770 5270 874 5310 non
917 5257 1095 5314 valeat
1119 5266 1518 5324 contradicere.

528 5363 575 5396 ⁷⁵
603 5363 773 5419 Exod.
813 5385 893 5435 ιιι,
922 5373 975 5425 6.

527 5479 800 5563 (Qudnest
822 5487 960 5541 κατὰ
981 5488 1271 5563 βούτυρον,
1308 5491 1515 5563 butyro.

532 5551 647 5614 (10)
681 5552 816 5607 Cod.
842 5572 952 5620 ut,
976 5551 1280 5614 διώδευσεν.

674 5623 836 5702 pnus
857 5629 995 5702 _cod.
1036 5632 1223 5702 tribuit
1251 5630 1664 5702 Cbrysostomo.

674 5693 830 5779 Qecst
857 5697 910 5777 in
951 5700 1072 5753 cod.
1106 5717 1225 5779 χιιι.
1246 5693 1454 5779 Similia
1489 5708 1631 5779 apud
1659 5707 1870 5779 Olymp.

671 5764 835 5842 pcest
856 5767 924 5842 _iu
953 5784 1063 5822 XXI.
1112 5798 1156 5842 f—
1187 5772 1386 5825 (Zoul'er
1421 5761 1552 5826 tom'.
1592 5761 1705 5842 ΧΗ,
1726 5761 1839 5835 "mi.
1862 5761 2028 5838 1059.

527 5831 641 5903 (14)
669 5834 826 5890 Deest
855 5839 907 5892 in
950 5855 1077 5896 uno.
1111 5840 1262 5896 Initio
1288 5843 1431 5911 legas
1455 5831 1723 5910 τοτοῦτοέ.

2143 4636 2337 4690 νασθαι
2378 4639 2570 4710 ὲνορᾷν
2613 4641 2679 4711 τῇ
2716 4643 3050 4713 μαρμαρυγῇ
3079 4640 3186 4695 τῶν
3208 4641 3493 4712 νοημάτων
3525 4639 3725 4705 αὐτοῦ,

2142 4730 2238 4783 καὶ
2270 4729 2344 4801 μὴ
2386 4729 2718 4801 δυναμένους
2744 4731 2832 4786 διὰ
2859 4733 3018 4788 τοῦτο
3042 4733 3311 4788 ἐκκλίνειν
3359 4734 3485 4797 τοὺς
3517 4733 3724 4802 ὀφθαλ-

2145 4823 2280 4892 μοὺς
2307 4821 2508 4889 αὐτῶν,
2545 4822 2618 4895 μὴ
2646 4824 3188 4896 παρακολουθοῦντας
3216 4827 3282 4896 τῇ
3305 4823 3578 4896 βαθυτάτῃ
3608 4823 3721 4896 (17)

2139 4913 2240 4984 τῆς
2267 4912 2505 4977 διανοίας
2527 4913 2713 4969 αὑτοῦ.
2743 4915 2844 4970 Διὰ
2868 4917 3024 4970 τοῦτο
3054 4917 3226 4986 λέγει’

2186 5005 2298 5076 (18)
2326 5005 2474 5075 Στίχ.
2507 5012 2594 5059 ια’.
2640 5006 2972 5076 Ὀφθαλμός
3000 5007 3066 5061 δέ
3088 5025 3167 5077 με
3197 5006 3338 5061 ἰδὼν
3355 5007 3688 5073 ἐξέκλινεν.

2226 5099 2284 5151 '0
2311 5097 2410 5168 μὲν
2436 5098 2666 5161 Ἀκύλας
2695 5100 2789 5152 καὶ
2807 5099 3123 5171 Σύμμαχος,
3166 5101 3568 5170 Ἐμαρτύρησε
3585 5101 3721 5170 περὶ

2142 5188 2309 5257 ἐμοῦ,
2340 5188 2715 5241 ἑκδεδώκασινο
2754 5188 2932 5260 ἕτεροι
2957 5189 3032 5252 δὲ,
3087 5191 3423 5261 Ὀφθαλμὸς
3463 5191 3532 5246 δὲ
3579 5190 3724 5246 ἰδὼν

2140 5275 2468 5341 ἐξέκλινεν,
2492 5278 2609 5330 ἀντὶ
2641 5276 2755 5330 τοῦ·
2794 5279 2905 5333 Οὐκ
2935 5280 3250 5354 ίσχύω(18“)
3279 5284 3568 5338 ἀντειπεῖν.

2217 5507 2331 5575 (15)
2366 5506 2519 5564 Deest
2558 5510 2609 5564 in
2637 5513 2756 5564 cod.
2784 5530 2896 5568 xxi.

2205 5577 2329 5659 (1
2353 5577 2399 5659 Ε
2404 5590 2524 5635 orte
2541 5582 2814 5659 νοήσεως,
2848 5586 2930 5639 vel
2962 5587 3200 5659 νοήσαις.

2215 5615 2328 5646 μυ,
2358 5615 2379 5632 .
2404 5615 2522 5635 um;
2549 5615 2618 5633 νυ.
2643 5615 2814 5647 υειυις,

2352 5648 2533 5724 Forte
2551 5615 2830 5724 βαθύτητι.

2211 5718 2409 5794 (10))10
2437 5718 2560 5776 cod.
2590 5738 2702 5785 xm,
2742 5718 2955 5794 tilymp.

2210 5789 2346 5859 (Μ’)
2375 5792 2456 5844 An
2492 5794 2666 5865 ἴσχυε,
2695 5789 2940 5850 valebat?
