4004 6518
509 362 585 422 93
1389 369 1947 429 SUPPLEMENTUM
1982 370 2074 426 AD
2107 369 2432 429 ORIGENIS
2468 370 2883 429 EXEGETICA.
3681 366 3759 422 95

512 480 682 537 Nemo
731 482 907 536 vinum
975 500 1161 539 nouum
1217 487 1273 538 in
1314 494 1456 539 utres
1525 493 1760 538 uetustos
1811 484 1955 554 ponit
2007 482 2075 537 τ’.

2205 483 2393 552 weak
2421 480 2589 540 οἶνον
2620 485 2763 539 νέον
2801 486 2889 551 είς
2928 480 3160 548 ἀσκοὺς
3193 481 3488 548 παλαιοὺς
3509 482 3732 546 ,Βάλλας

397 693 401 696 ⁴
511 615 577 668 ν.
609 616 700 671 20.
745 616 976 688 Loquar,
1022 627 1079 671 ut
1124 604 1445 687 requiescam
1483 635 1601 673 cum
1637 634 1894 690 aperuero
1914 618 2080 675 labia.

581 728 681 785 Cui
740 732 973 803 contigit
1022 732 1414 803 intelligentem
1474 732 1678 789 habere
1737 733 2081 798 auditorem,

510 838 635 878 cum
661 826 853 895 plenus
896 826 967 881 sit
1012 841 1352 893 sermonum,
1399 825 1627 896 loquens
1676 826 1989 897 requiescit,
2028 834 2087 882 et

511 916 646 972 dicit
681 918 949 992 :Loquar,
977 929 1036 975 ut
1065 922 1403 992 requiescam.

617 1005 683 1063 γ.
731 1008 820 1064 22.
870 1010 1054 1080 Neque
1092 1011 1229 1063 enim
1283 1012 1390 1064 srio
1438 1010 1621 1063 mirari
1675 1027 1980 1079 personam.

585 1097 769 1170 Neque
823 1102 963 1155 enim
1008 1103 1118 1156 scio
1165 1104 1353 1157 mirari
1403 1117 1859 1172 personam:non
1912 1101 2087 1155 habeo

511 1192 658 1247 hanc
677 1193 989 1258 scientiam,
1013 1201 1072 1248 ut
1098 1208 1386 1263 personam
1409 1194 1678 1259 admirer;
1712 1194 1807 1248 sed
1836 1192 2086 1248 homines

510 1293 823 1348 contemno,
853 1293 909 1339 et
939 1285 1199 1354 pudorem
1227 1285 1470 1341 virorum
1487 1285 1630 1353 apud
1648 1283 1816 1354 ipsos,
1844 1292 1900 1338 et
1929 1298 2085 1337 vere-

510 1375 764 1429 cundiam
793 1376 933 1445 apud
959 1376 1123 1445 ipsos.

619 1463 687 1519 ν.
710 1465 799 1519 22.
836 1464 896 1520 Si
923 1476 1097 1521 autem
1129 1483 1232 1523 non
1254 1485 1275 1535 ,°
1300 1476 1347 1522 et
1384 1485 1467 1523 me
1499 1469 1654 1525 tinete
1688 1467 1977 1522 comedent.

584 1554 654 1613 Ut
680 1556 726 1611 si
766 1558 924 1611 tinea:
946 1557 1315 1629 depascautur
1348 1574 1445 1616 eos
1482 1560 1574 1631 qui
1605 1559 1879 1629 accipiunt
1900 1570 2086 1630 perso-

509 1661 610 1703 nas
636 1648 935 1705 hominum.

1081 1742 1234 1797 CAI‘.
1287 1741 1505 1797 XXXV.

791 1832 857 1886 V.
908 1831 960 1886 6.
1022 1832 1080 1887 Si
1140 1834 1398 1902 peccasti,
1440 1834 1567 1904 quid
1597 1832 1805 1904 facies?

582 1921 639 1976 Si
671 1925 977 1991 respexeris
1004 1926 1055 1978 in
1090 1926 1311 1991 coelum,
1337 1935 1393 1980 et
1414 1925 1853 1982 consideraveris
1885 1925 2080 1992 nubes,

508 2013 773 2086 intelliges
824 2017 952 2086 quid
1007 2017 1339 2087 peccaveris.
1378 2018 1441 2072 Et
1478 2017 1606 2087 quid
1629 2026 1683 2073 te
1705 2017 1889 2073 facere
1916 2033 2081 2088 opor-

509 2109 625 2163 tet?
652 2109 1037 2164 Accedendum
1062 2119 1147 2164 est
1182 2111 1250 2165 ad
1280 2112 1594 2181 pontiﬁcem
1615 2152 1631 2177 ,
1677 2123 1733 2166 et
1776 2112 2080 2181 deprecan-

506 2200 658 2267 dum,
700 2212 757 2256 ut
786 2202 1028 2270 pontifex
1071 2201 1264 2258 oﬂ'erat
1297 2205 1573 2260 victimam
1618 2220 1717 2275 pro
1747 2214 1819 2259 te.
1868 2202 1926 2259 Si
1964 2206 2081 2275 quis

505 2294 651 2347 enim
697 2295 1005 2361 peccauerit,
1039 2296 1349 2349 adrocatum
1380 2299 1630 2351 habemus
1677 2301 1817 2366 apud
1846 2295 2079 2362 Patrem,

511 2385 690 2441 Iesum
729 2384 999 2441 Christum
1029 2388 1256 2457 justum,
1307 2397 1357 2442 et
1387 2389 1497 2460 ipse
1521 2390 1827 2460 prOpitiatio
1864 2401 1939 2446 est
1985 2408 2081 2461 pro

504 2478 730 2548 peccatis
759 2479 951 2534 nostris
987 2478 1055 2533 ⁸⁰.

508 2567 574 2623 ν.
600 2566 651 2621 6.
685 2566 746 2623 Si
779 2578 954 2623 autem
983 2581 1032 2623 et
1054 2569 1543 2708 "mult’tzcr'elleégftima
1572 2573 1749 2645 egisti,
1777 2574 1909 2645 quid
1938 2583 2082 2642 poles

576 2727 724 2783 Istud
772 2728 1013 2786 eﬂicies:
1047 2731 1314 2787 dissolves
1364 2731 1563 2788 inultas
1614 2733 2081 2804 transgressiones

506 2826 653 2876 tuas.
715 2821 923 2877 Idcirco
969 2832 1190 2894 propter
1248 2822 1616 2891 insanabilia,
1651 2839 1680 2879 a
1730 2827 1927 2894 quibus
1981 2840 2082 2880 uos

506 2926 704 2969 sanare
734 2928 839 2968 non
872 2928 1183 2984 pessumus,
1228 2914 1374 2969 venit
1404 2912 1563 2969 Jesus
1593 2914 1843 2970 Christus
1876 2917 1940 2969 de
1970 2929 2083 2969 caa-

507 3003 600 3072 iis,
652 3015 709 3060 ut
762 3006 1082 3061 insanabilia
1122 3015 1368 3070 sanaret,
1409 3006 1670 3076 ﬁeretque
1719 3007 1850 3062 illud
1883 3024 1897 3061 :
1928 3006 2081 3061 Beati

503 3115 726 3172 quorum
766 3099 996 3154 remisste
1023 3110 1146 3155 sunt
1184 3100 1487 3172 iniquitates
1507 3143 1522 3168 ,
1551 3113 1597 3156 et
1645 3117 1873 3173 quorum
1906 3112 2082 3168 operta

503 3198 626 3243 sum
656 3199 871 3257 peccata
903 3189 969 3244 ⁸⁸.

578 3278 641 3333 γ.
671 3278 723 3331 7.
754 3277 1020 3343 Quoniam
1049 3280 1415 3352 igiturjastus
1450 3297 1504 3337 es
1524 3323 1539 3345 ,
1564 3283 1693 3354 quid
1731 3282 1887 3336 dabis
1918 3283 2014 3336 ei?

574 3371 643 3423 At
664 3371 706 3424 si
728 3370 910 3440 justus
928 3386 985 3424 es
1016 3373 1424 3441 comparatione
1442 3374 1509 3427 ad
1529 3372 1722 3438 Deum,
1753 3374 1884 3444 quid
1914 3374 2083 3430 babes

512 3458 638 3514 dare
669 3464 964 3517 secundum
996 3463 1269 3534 justitiam
1310 3463 1496 3519 tuam?

574 3551 730 3617 Quod
766 3553 836 3620 si,
860 3561 919 3607 ut
950 3554 1032 3608 ais
1053 3595 1070 3617 ,
1091 3554 1273 3624 justus
1308 3570 1401 3623 es;
1429 3555 1558 3625 quid
1586 3555 1816 3626 adjicles
1841 3557 1932 3613 ei?

651 3733 712 3787 V.
761 3735 848 3790 10.
898 3735 1004 3802 Qui
1044 3738 1275 3809 disponit
1316 3742 1587 3797 custodias
1631 3752 1939 3801 nocturnas.

579 3825 835 3882 Eucomia
864 3829 981 3895 Dei,
1015 3840 1070 3886 et
1101 3830 1290 3887 laudes
1311 3875 1325 3900 ,
1351 3836 1406 3887 et
1431 3835 1939 3892 commendationes
1967 3836 2083 3904 ejus

514 3915 696 3973 aﬂert.
731 3920 839 3984 Qui
865 3922 1097 3993 disponit
1123 3926 1394 3979 custodias
1423 3936 1711 3983 nocturnas
1733 3967 1750 3995 ,
1795 3928 1914 4000 ipse
1942 3928 2084 3985 Deus

504 4019 610 4067 est.

580 4101 713 4160 Volo
764 4106 910 4163 scire
961 4108 1235 4178 quomodo
1289 4109 1431 4165 Deus
1495 4111 1748 4181 disponat
1802 4112 2083 4169 custodias

508 4208 828 4253 nocturnas.
868 4197 1041 4257 Totus
1073 4202 1159 4256 hic
1185 4204 1417 4257 mundus
1443 4219 1549 4257 nox
1581 4215 1684 4269 est,
1712 4208 1947 4261 tenebrae
1973 4216 2077 4261 est.

503 4283 621 4342 Lux
654 4301 966 4346 reservatur
993 4293 1113 4348 tibi.
1163 4295 1338 4361 Quam
1384 4297 1538 4352 vides
1580 4312 1722 4351 nunc
1754 4299 1948 4366 lucem,
1988 4314 2083 4369 per

504 4383 786 4452 speculum
846 4385 1036 4441 vides:
1077 4385 1145 4440 Et
1195 4388 1249 4441 in
1281 4387 1478 4443 lumine
1528 4399 1619 4444 tuo
1665 4391 1953 4444 videbimus
1996 4392 2083 4445 lu-

505 4490 624 4531 men
647 4474 716 4530 ⁸’.
752 4474 930 4531 Visuri
979 4493 1166 4534 sumus
1216 4479 1347 4533 illud
1397 4481 1706 4550 aliquando.
1760 4479 1932 4552 Igitur
1973 4498 2080 4537 uox

502 4574 588 4622 est
612 4567 867 4622 sarculum
912 4580 1082 4624 tomm
1112 4586 1127 4625 :
1160 4572 1288 4641 quia
1338 4587 1442 4628 nox
1479 4582 1596 4640 est,
1651 4573 1857 4628 inimici
1905 4574 2078 4643 multi,

504 4657 634 4715 fere
661 4660 842 4716 multa:
874 4661 1325 4722 circumcursaut.

575 4745 644 4803 ν.
686 4750 769 4807 ll.
809 4749 911 4817 Qui
947 4754 1227 4825 distinguit
1253 4771 1334 4809 me
1372 4772 1403 4809 a
1446 4757 1872 4825 quadrupedibus
1905 4768 2078 4813 terrae.

577 4843 635 4899 Si
666 4843 745 4900 sis
776 4856 1050 4915 peccator,
1081 4863 1184 4902 non
1211 4848 1359 4903 luisti
1389 4848 1678 4904 distinctus
1718 4865 1747 4902 a
1777 4849 2084 4920 quadrupe-

504 4936 665 4994 dibus
693 4946 849 4992 terraa
880 4955 895 4991 :
925 4938 1099 4993 Homo
1128 4943 1265 4994 enim
1301 4958 1419 4996 cum
1457 4943 1511 4995 in
1558 4941 1756 4995 honore
1781 4950 1942 5004 esset,
1976 4958 2081 4995 non

504 5027 789 5084 intellexit.
840 5028 1186 5098 Comparatus
1219 5043 1294 5087 est
1331 5034 1586 5103 jumentis
1617 5034 2005 5101 insipientibus,
2033 5043 2081 5086 et

505 5121 833 5177 assimilatas
870 5135 944 5177 est
968 5123 1094 5192 ipsis
1125 5124 1191 5178 ⁸³.
1229 5125 1285 5178 Si
1322 5126 1397 5181 sis
1452 5135 1725 5194 peccator,
1775 5140 1880 5179 nou
1922 5124 2077 5179 fuisti

509 5213 800 5272 distinctus
827 5232 857 5271 a
893 5218 1335 5288 quadrupedibus
1372 5230 1551 5286 terrae,
1585 5221 1678 5275 sed
1712 5220 1908 5275 dicitur
1939 5218 2031 5274 tibi
2065 5233 2080 5273 :

512 5304 597 5362 Ne
616 5308 823 5376 fueritis
845 5310 978 5365 sicut
1000 5327 1161 5377 equus
1188 5322 1235 5365 et
1258 5313 1456 5379 mulus,
1478 5314 1663 5384 quibus
1688 5329 1791 5368 non
1818 5322 1892 5367 est
1927 5309 2085 5366 intel—

581 5442 626 5475 "
660 5442 850 5500 Matth.
879 5461 955 5514 Ix,
992 5447 1078 5502 17.
1150 5448 1198 5481 ⁸⁸
1245 5446 1444 5505 lJoan.
1496 5466 1557 5514 ιι,
1590 5450 1643 5514 1,
1670 5449 1725 5503 2.
1804 5449 1849 5481 ⁸⁸
1902 5448 2045 5504 Psal.
2077 5465 2082 5503 ι

2213 5491 2225 5515 ,
2271 5449 2321 5501 1.
2396 5445 2442 5476 ⁸²
2493 5441 2640 5497 Psal.
2684 5457 2846 5507 xxxv,
2897 5441 2984 5497 10.

604 5555 697 5624 27)
724 5555 926 5612 Confer
966 5568 1006 5613 ι.
1038 5558 1155 5624 Xll,
1182 5561 1289 5617 col.
1322 5561 1483 5617 1040.

604 5627 695 5692 28)
735 5628 895 5682 Deest
927 5630 979 5682 in
1009 5630 1132 5685 cod.
1165 5647 1274 5686 ut.

580 5695 694 5764 (21))
726 5695 865 5767 Lege
897 5699 1122 5754 ὲπεκαλ.

587 5767 700 5840 (30)
732 5767 788 5840 lu
820 5771 943 5823 cod.
976 5786 1089 5832 ut,
1121 5770 1332 5840 Olymp.

590 5835 697 5910 (51)
731 5837 891 5893 Dect
922 5841 974 5895 iu
1017 5857 1122 5896 uno
1166 5835 1293 5898 cod;
1325 5872 1389 5883 υ-
1447 5839 1649 5898 Confer
1708 5847 1747 5895 t.
1799 5835 1914 5903 Xll,
1977 5835 2082 5892 col.

2183 575 2329 647 Στίχ.
2370 583 2437 630 κ’.
2468 576 2747 644 Λαλιῆσω,
2798 577 2898 630 ἵνα
2925 575 3353 699 ιῖἒαπαύσωμαι
3388 573 3635 642 ἀνοίξας
3685 578 3758 634 τὰ

2875 663 2942 699 γε
3009 663 3066 699 n.

2872 663 3066 715 χειλη.

2254 738 2366 809 (27)
2418 741 2475 791 '0
2516 740 2798 809 τυγχάνων
2838 730 3058 791 συνετοῦ
3093 736 3498 808 ἀκροατοῦ,καῖ
3516 735 3593 789 ὣν
3623 738 3760 811 πλήν

2187 849 2288 905 ρης
2317 831 2510 900 λόγων,
2545 828 2718 883 λαλῶν
2755 827 3107 892 ἀναπαύεται,
3140 824 3236 880 καὶ
3271 824 3437 894 λέγει·
3469 823 3754 892 Λαλήσω,

2185 922 2287 976 ἵνα
2314 921 2766 989 ἀναπαύσωμαι.
3400 986 3404 993 ,

2181 1013 2331 1085 Στίχ.
2356 1012 2460 1067 κδ’.
2492 1014 2574 1066 Οὐ
2600 1012 2708 1083 γὰρ
2727 1011 3048 1080 ἐπίσταμαι
3079 1008 3380 1080 θαυμάσαι
3410 1009 3756 1078 πρόσωπον.⁵

2254 1107 2336 1160 Οὐ
2380 1103 2489 1175 γὰρ
2539 1104 2860 1176 ἐπίσταμαι
2899 1102 3201 1174 θαυμάσαι
3251 1103 3590 1171 πρόσωπον.
3644 1099 3760 1154 Οὐκ

2182 1197 2288 1267 ἔχω
2315 1197 2518 1268 ταύτην
2537 1196 2635 1269 τὴν
2678 1198 2869 1267 ὲπιστή
2879 1213 3006 1267 μην,
3035 1196 3122 1249 ῖνα
3152 1193 3415 1266 θαυμάσω
3444 1193 3757 1265 πρόσωπον·

2181 1290 2316 1345 ἀλλὰ
2345 1289 2668 1362 καταφρονῶ
2693 1287 3015 1356 ἀνθρώπων,
3041 1287 3136 1342 καὶ
3166 1287 3266 1357 τῆς
3298 1284 3424 1358 παρ’
3454 1285 3636 1349 αὐτοῖς
3676 1284 3763 1338 αι-

2184 1381 2384 1453 σχύνης
2412 1381 2639 1453 βροτῶν,
2674 1382 2767 1434 καὶ
2792 1380 2892 1451 τῆς
2918 1381 3048 1452 παρ’
3078 1379 3262 1442 αὐτοῖς
3294 1376 3578 1449 ἐντροπῆς.

2289 1474 2437 1545 Στίχ.
2465 1474 2570 1528 κδ’.
2599 1476 2669 1528 El
2690 1471 2874 1542 δὲμὴ,
2904 1471 3003 1527 καί
3032 1471 3137 1540 ἐμὲ
3166 1468 3352 1538 σῆτες
3379 1468 3636 1522 ἔδονται.

2266 1568 2351 1630 Ὠς
2365 1567 2472 1621 τῶν
2489 1565 2666 1638 σητῶν
2695 1564 3031 1619 διεσθιόντων
3062 1563 3186 1627 τοὺς
3201 1559 3576 1633 λαμϐάνοντας
3601 1560 3769 1635 πρόσ-

2181 1674 2308 1711 ωπα
2339 1653 2660 1729 ἀνθρώπων.

2269 1931 2394 1987 Ἐἀν
2423 1931 2728 2004 ἀναϐλέψῃς
2767 1933 2847 1995 εἰς
2873 1931 2965 1985 τὸν
2994 1930 3243 2002 οὐρανὸν,
3296 1929 3390 1983 καὶ
3419 1927 3770 1999 κατανοήσῃς

2184 2024 2255 2079 τὰ
2304 2024 2461 2097 νέφη,
2504 2025 2719 2097 νοήσεις
2765 2024 2819 2078 τί
2866 2024 3129 2095 ¹ἥμαρτες.
3179 2020 3244 2075 Τί
3279 2038 3339 2075 σε
3399 2019 3601 2093 πρᾶξαι
3645 2017 3766 2082 δεῖς

2185 2118 2586 2191 Προσέρχεσθαι
2628 2117 2707 2190 τῷ
2748 2119 3012 2191 ἀρχιερεῖ,
3056 2115 3152 2169 καὶ
3192 2114 3548 2186 παρακαλεῖν,
3600 2111 3689 2164 ῖνα
3737 2111 3770 2164 ὁ

2184 2210 2470 2282 ἀρχιερεὺς
2497 2209 2824 2282 προσαγάγῃ
2852 2207 3042 2262 θυσίαν
3074 2208 3202 2278 περὶ
3226 2203 3337 2259 σοῦ.
3381 2203 3517 2257 Ἐὰν
3541 2201 3653 2273 γάρ
3675 2217 3769 2268 τις

2184 2301 2437 2373 ἁμάρτῃ,
2497 2300 2883 2371 παράκλητον
2935 2301 3155 2371 ἔχομεν
3197 2296 3347 2367 πρὸς
3383 2295 3491 2348 τὸν
3530 2292 3779 2363 Πατέρα

2198 2396 2429 2464 Ἰησοῦν
2445 2393 2705 2464 Χριστὸν
2725 2393 2978 2456 δίκαιον,
3015 2390 3114 2445 καὶ
3143 2388 3327 2455 αὐτὸς
3356 2387 3613 2458 ἱλασμός
3632 2385 3783 2440 ἐστι.

2185 2487 2317 2556 περὶ
2346 2484 2468 2541 τῶν
2479 2483 2911 2556 ἁμαρτημάτων
2938 2482 3128 2554 ἡμῶν.

2186 2578 2333 2650 Στίχ.
2366 2584 2439 2643 ς’.
2468 2578 2534 2631 El
2569 2575 2638 2631 δὲ
2660 2576 2757 2631 καὶ
2786 2575 2988 2656 πολλα
3034 2575 3373 2644 ήνόμησας,
3406 2571 3466 2626 τί
3504 2570 3771 2626 δύνασαι

2832 2662 3083 2714 ποιησαι
3099 2658 3117 2708 ;

2257 2740 2368 2811 (28)
2405 2740 2478 2793 Τὸ
2523 2738 2837 2810 τηλικοῦτον
2887 2739 3155 2809 ποιήσεις
3196 2734 3482 2798 ἀναλύσεις
3529 2750 3626 2788 σου
3665 2731 3771 2799 τὰς

2187 2833 2386 2896 πολλὰς
2412 2832 2662 2903 ἀνομίας.
2690 2832 2788 2886 Διὰ
2811 2829 2976 2886 τοῦτο
2994 2831 3085 2884 ἐπὶ
3111 2831 3225 2893 τοῖς
3260 2827 3521 2892 ἀνιάτοις,
3539 2820 3623 2890 οἷς
3641 2827 3773 2880 ἑαυ-

2186 2924 2312 2987 τοὺς
2357 2922 2610 2976 ἰάσασθαι
2653 2922 2717 2974 οὐ
2755 2919 3050 2991 δυνάμεθα,
3093 2913 3258 2990 ἦλθεν
3291 2913 3498 2988 Ἰησοῦς
3530 2914 3772 2987 Χριστὸς

2186 3014 2245 3082 ἐξ
2276 3013 2541 3086 οὐρανῶν,
2563 3012 2651 3067 ῐνα
2681 3012 2749 3067 τά
2780 3013 2974 3095 ἀνίατα
3010 3010 3251 3081 ἰάσηται,
3284 3009 3379 3063 καὶ
3408 3007 3629 3095 γίνηται
3684 3006 3767 3059 τό⁶

2185 3104 2493 3175 Μακάριοι,
2526 3099 2613 3159 ὧν
2634 3092 2948 3175 ἀφέθησαν
2988 3105 3050 3157 at
3092 3100 3352 3171 ἀνομίαι,
3391 3097 3491 3156 καί
3517 3092 3780 3154 ὦνάπε-

2110 3198 2154 3258 C.
2187 3198 2591 3267 καλύφθησαν
2611 3194 2723 3267 (29)
2755 3198 2813 3248 αὶ
2836 3192 3132 3263 ἁμαρτίαι.

2183 3290 2332 3361 Στίχ.
2374 3287 2438 3353 ζ’.
2486 3287 2720 3355 Ἐπειδὴ
2743 3281 2856 3341 οὖν
2880 3284 3111 3351 δίκαιος
3146 3278 3221 3346 εἴ,
3253 3282 3311 3336 τί
3341 3279 3554 3346 δώσεις
3571 3278 3775 3345 ain-(,3;

2266 3380 2405 3434 Ἀλλ’
2439 3381 2490 3433 εί
2529 3378 2733 3443 δίκαιος
2774 3373 2825 3431 εἱ
2850 3377 2925 3441 ὡς
2975 3378 3111 3450 πρὸς
3146 3375 3298 3441 Θεὸν,
3329 3374 3382 3428 τί
3409 3372 3554 3444 ἔχεις
3586 3369 3779 3425 δοῦναι

2182 3475 2326 3531 κατὰ
2358 3473 2455 3545 τὴν
2485 3473 2584 3545 σὴν
2602 3471 2980 3544 δικαιοσύνην;

2255 3568 2367 3640 (50)
2391 3568 2455 3622 Εἰ
2487 3567 2545 3621 δὲ
2566 3565 2662 3620 καὶ
2690 3564 2766 3628 ὡς
2795 3562 2974 3633 λέγεις
3003 3561 3209 3625 δίκαιος
3250 3554 3322 3625 ei,
3356 3557 3409 3612 τί
3442 3555 3785 3629 προσθήσεις

2185 3662 2336 3727 αὐτῷ
2355 3679 2370 3727 ;

2427 3757 2477 3805 ι’.
2523 3751 2577 3803 Ὁ
2606 3746 3004 3804 κατατάσσων
3030 3744 3306 3815 φυλακὰς
3329 3735 3701 3808 νυκτερινός.

2257 3846 2368 3918 (51)
2427 3842 2710 3914 Ἐγκώμια
2752 3839 2846 3895 τοῦ
2886 3837 3047 3903 Θεοῦ,
3092 3835 3187 3891 καὶ
3228 3835 3412 3897 αῐνους
3438 3834 3532 3887 καὶ
3566 3831 3785 3902 ὕμνους

2181 3936 2346 3993 αὐτοῦ
2365 3933 2716 4007 διεξέρχεται.
2760 3932 2812 3985 ’0
2841 3927 3240 3985 κατατάσσων
3265 3925 3543 3997 φυλακὰς
3562 3938 3781 3977 νυκτε-

2174 4030 2374 4100 ρινὰς,
2411 4028 2573 4092 αὐτὸς
2602 4030 2630 4081 ὁ
2655 4024 2786 4089 Θεός
2816 4025 2954 4077 ὲστι.

2252 4121 2361 4194 (52)
2395 4120 2546 4175 Θέλω
2580 4116 2862 4183 ῖδεῖν,πῶς
2893 4113 3249 4171 κατατάσσων
3280 4108 3428 4164 ἐστὶν
3459 4108 3489 4162 ὁ
3515 4104 3650 4170 Θεὸς
3670 4121 3779 4174 φν-

2181 4215 2353 4278 λακὰς
2384 4211 2720 4282 νυκτερινὰς.
2749 4209 2921 4271 Ὀλως
2947 4209 2975 4261 ὁ
3008 4204 3141 4261 αἰὼν
3168 4198 3323 4267 οὗτος
3346 4198 3444 4267 νύξ
3470 4199 3609 4264 ἐστι,
3648 4196 3776 4250 ostri-

2180 4324 2271 4370 τος
2286 4295 2431 4359 ἔστί.
2463 4303 2537 4358 Τὸ
2587 4302 2703 4373 φῶς
2737 4299 2983 4373 τηρεῖται
3012 4315 3115 4352 σοι.
3144 4298 3210 4351 ‘0
3253 4294 3472 4367 βλέπεις
3503 4289 3602 4345 νῦν
3630 4289 3775 4358 φῶς,

2181 4396 2248 4450 δι’
2281 4396 2546 4468 ἐσόπτρου
2578 4393 2815 4466 βλέπεις
2852 4388 2965 4447 Καὶ
2990 4389 3060 4443 ἐν
3087 4386 3167 4454 τῷ
3187 4385 3336 4457 φωτί
3361 4401 3478 4439 σου
3501 4381 3782 4450 ὀψόμεθα

2186 4488 2330 4558 φῶς.
2359 4487 2642 4558 Μέλλομέν
2679 4501 2808 4540 ποτε
2846 4482 3063 4554 βλέπειν
3095 4480 3249 4535 αὐτό.
3279 4477 3486 4534 Οὐκοῦν
3523 4474 3621 4539 νύξ
3652 4475 3789 4527 ἐστι-

2191 4583 2298 4643 πᾶς
2328 4583 2356 4633 ὁ
2394 4579 2546 4632 αἰών·
2568 4579 2691 4632 ἐπεὶ
2722 4577 2817 4645 νύξ
2850 4579 2987 4642 ἐστι,
3016 4573 3241 4639 πόλεμοι
3267 4571 3378 4643 (⁸55)
3412 4566 3617 4632 πολλοὶ,
3645 4563 3778 4619 πολ-

2189 4672 2259 4726 λὰ
2291 4670 2456 4743 θηρία
2486 4668 2857 4743 περιέρχεται.

2259 4763 2407 4833 Στίχ.
2446 4768 2533 4815 ια’.
2563 4761 2618 4814 Ὀ
2633 4760 2898 4829 διορίζων
2917 4777 2993 4831 με
3016 4759 3135 4815 ἀπὸ
3168 4752 3543 4826 ¹ιηετραθιεόδων·
3563 4747 3698 4822 τῆς.

2263 4851 2376 4922 (54)
2422 4849 2548 4905 Ἐάν
2578 4846 2646 4926 ᾗς
2691 4850 3031 4921 ἁμαρτωλὸς,
3073 4848 3133 4901 οὒ
3167 4842 3457 4918 διωρίσθης
3508 4840 3618 4895 ἀπὸ
3664 4838 3807 4895 τᾶρι’

2185 4942 2535 5016 τετραπόδων
2582 4943 2705 5014 γῆς.
2765 4943 3101 5010 Ἀνθρωπος
3130 4936 3239 5009 τὰρ
3283 4937 3354 4990 ἐν
3384 4931 3524 5005 τιμῇ
3551 4930 3658 4998 ὢν,
3702 4934 3789 4988 οὐ-

2185 5034 2436 5106 συνῆκε.
2470 5031 2983 5105 Παρασυνεϐλήθη
3019 5031 3141 5097 τοῖς
3162 5025 3410 5095 κτήνεσι
3443 5023 3566 5091 τοῖς
3593 5022 3780 5092 ἀνοή-

2185 5142 2331 5193 τοις,
2380 5126 2479 5180 xui
2505 5121 2771 5195 ὡμοιώθη
2802 5122 3026 5189 αὐτοῖς.
3069 5120 3192 5176 Ἐὰν
3219 5115 3286 5193 ᾖς
3315 5114 3658 5189 ἁμαρτωλὸς,
3714 5115 3777 5168 οὐ

2202 5219 2492 5293 διωρίσθης
2522 5221 2628 5273 ἀπὸ
2668 5219 2773 5272 τῶν
2803 5217 3142 5288 τετραπόδων
3178 5216 3274 5286 τῆς
3310 5214 3432 5284 γῆς·
3461 5210 3600 5265 ἀλλὰ
3620 5210 3781 5278 λέγε-

2202 5313 2290 5366 ταί
2312 5329 2410 5366 σοι·
2434 5312 2529 5379 Μὴ
2552 5312 2788 5381 γίνεσθε
2809 5311 2889 5376 ὠς
2912 5311 3093 5375 ἵππος
3120 5308 3218 5362 καὶ
3241 5306 3509 5378 ἡμίονος,
3538 5300 3631 5371 οἷς
3658 5306 3788 5358 οὐκ»

3059 5442 3104 5473 υ
3140 5438 3283 5496 Psal.
3320 5449 3506 5500 xum,
3554 5432 3643 5500 l5,
3677 5428 3777 5486 21.

2201 5559 2377 5699 i0:592.)
2402 5624 2486 5699 ξι
2510 5624 2632 5679 cod.
2666 5638 2791 5699 ast.
2828 5621 2884 5677 ln
2906 5602 3021 5679 alio
3064 5618 3320 5679 tribuitur
3362 5616 3783 5691 Cbrysostomo.

2270 5691 2383 5768 (55')
2402 5694 2562 5768 Eone
2594 5691 2864 5768 πολέμιοι.

2266 5759 2379 5840 (51)
2408 5764 2608 5822 Confer
2644 5773 2680 5820 t.
2715 5759 2824 5829 XII,
2858 5760 2961 5821 col.
2991 5759 3146 5817 10-“.
