4004 6518
226 417 290 471 97
1452 426 1995 487 ENARRATIONES
2031 433 2100 489 ΙΝ
2137 435 2277 492 JOB.
3413 443 3483 498 93

219 535 354 627 ἐστι
363 536 836 627 princip—Kal
846 539 973 609 μετ’
990 540 1181 613 ὀλίγα*
1200 543 1325 597 Ἐὰν
1365 538 1432 616 ᾗς
1459 544 1779 620 ἁμαρτωλὸς

1906 551 2120 621 ﬁgentia
2159 551 2371 609 “.-Et
2389 565 2503 624 post
2526 569 2734 624 pauca:
2762 554 2819 611 Si
2871 556 2949 611 sis
2987 563 3259 627 peccator,
3300 556 3346 613 si
3407 558 3484 613 sis

221 625 317 719 ὲάν
358 621 428 699 ᾗς
470 628 692 701 πόρνος,
732 629 827 684 ὲάν
875 635 1212 707 καταφερὴς,
1245 637 1307 690 οὐ
1354 635 1670 712 διορισθήσῃ
1700 639 1781 692 ἀπ

1910 641 2234 711 fornicator,
2262 647 2308 699 si
2340 621 2585 717 princeps
2610 685 2625 710 ,
2661 663 2768 701 non
2801 621 3155 719 distingueris
3175 663 3205 702 a
3242 621 3478 719 quadru-

218 718 328 772 τῶν
351 721 718 792 τετραπόδων.
749 723 945 777 Ἵπποι
981 726 1345 796 θηλυμανεῖς
1370 727 1803 798 ἐγεννήθησαν.

1907 734 2155 802 pedibus.
2201 733 2345 806 Equi
2396 736 2662 792 luxuriosi
2718 740 2830 793 nati
2882 749 3006 793 sunt
3052 740 3119 792 ⁸⁸.
3187 738 3489 809 Propterea.

217 809 495 904 ᾼιάᾲτοῢτο
516 812 734 885 θαρρῶν
757 815 926 899 λέγει,
950 818 1031 871 ὅτι
1062 818 1353 893 ἐχωρίσθη’
1372 821 1435 874 Ὃ
1457 819 1722 892 διορίζων
1728 841 1781 893 μ

1908 825 2168 881 audacter
2194 829 2361 895 dicit,
2407 829 2533 900 quia
2568 844 2883 902 segregatus
2920 841 3032 888 est:
3055 830 3162 899 Qui
3200 827 3489 904 distinguit

216 902 340 957 ἀπὸ
374 905 754 974 τετραπόδων
776 906 908 977 γῆς.

865 1001 1023 1055 ΚΕΦ.
1057 1002 1146 1055 Μ’.

1904 918 1995 971 me
2015 933 2049 971 a
2073 920 2495 990 quadrupedibus
2514 931 2689 976 terrae.

2536 1014 2688 1069 CAP.
2720 1012 2835 1070 XL.

214 1088 371 1177 Στίχ,
401 1089 626 1177 γηῃξὴ,
648 1091 807 1177 ἀλλὰ
840 1091 1017 1177 ζῶσαι
1046 1092 1432 1177 ῶσπερκὰιςὴρ
1448 1096 1563 1177 τὴν
1601 1097 1781 1177 ὀσφύι

1904 1097 2052 1177 V._3.
2086 1100 2467 1177 Nequaquam,
2483 1106 2574 1159 sed
2603 1107 2815 1177 accinge
2856 1116 2912 1162 ut
2945 1109 3026 1162 vir
3048 1109 3277 1163 lumbum
3303 1120 3473 1163 tuum.

286 1176 437 1236 σου1
461 1160 680 1236 ῥίδωμί
708 1180 807 1236 σοι
823 1165 1187 1233 παρρησίαν.
1208 1160 1369 1235 ’Ἐγώ
1381 1160 1472 1221 w0's:
1500 1160 1798 1236 ἐρωτήσω·

276 1229 367 1283 σὺ
405 1231 474 1285 δέ
485 1249 587 1301 μοι
612 1229 951 1301 ἀπόκριναιζ

284 1322 407 1391 (35)
439 1323 579 1395 Ἤδη
614 1319 779 1379 ἆθλον
825 1324 975 1396 αὐτῷ
1004 1326 1220 1382 δίδωσιν
1238 1331 1267 1383 ό
1294 1328 1445 1392 θεός.
1478 1314 1800 1401 ’Ἄνθρωπον

206 1416 416 1489 ἐρωτᾷ,
459 1416 540 1470 ὅτι
571 1416 899 1473 πυνθάνεται
937 1419 1126 1483 αὑτοῦ,
1162 1421 1245 1474 ὅτι
1295 1420 1510 1475 δίδωσιν
1550 1420 1797 1487 ἐξουσίαν

202 1505 307 1577 τῆς
335 1505 701 1577 ἀποκρίσεως.
720 1508 783 1562 Εἰ
807 1508 881 1579 μὴ
896 1503 968 1580 ἦν
988 1510 1308 1582 νενικηκὼς,
1337 1511 1437 1564 οὐκ
1463 1510 1530 1565 ἂν
1555 1510 1797 1582 ἐλάμϐα-

203 1616 319 1652 νενο
355 1601 405 1653 εἰ
456 1601 530 1672 μὴ
582 1596 651 1672 ἦν
704 1600 1026 1671 ὑπομείνας,
1079 1602 1179 1655 οὐκ
1221 1600 1285 1656 ἂν
1332 1603 1552 1674 ἢκουσε·
1597 1601 1796 1656 Ζῶσαι

200 1692 415 1763 ὥσπερ
430 1692 589 1762 ἀνὴρ
613 1694 730 1763 τὴν
749 1694 952 1763 ὀσφύν
981 1709 1118 1750 σου.
1153 1693 1457 1763 Ἐρωτήσω
1492 1694 1561 1748 δέ
1582 1709 1674 1749 σε·
1713 1694 1794 1747 σὺ

200 1783 270 1837 δέ
283 1802 396 1853 μοι
427 1784 768 1853 ἀπόκριναι.

1972 1170 2056 1226 Do
2096 1174 2191 1227 tibi
2222 1170 2472 1251 loquendi
2497 1177 2722 1251 ueniam.
2753 1170 2882 1251 'Ego
2920 1188 2971 1233 te
3011 1180 3344 1249 interrogabo
3367 1194 3386 1232 :
3414 1188 3474 1233 tu

1970 1253 2148 1297 autem
2179 1239 2308 1297 mihi
2334 1239 2610 1313 resporide.

1970 1330 2090 1388 iam
2113 1342 2388 1390 certamen
2417 1335 2468 1390 ei
2500 1336 2593 1391 dat
2628 1336 2796 1394 Deus.
2831 1337 3115 1395 Hominem
3148 1341 3475 1409 interrogat,

1900 1425 2027 1496 quia
2045 1427 2316 1497 dignoscit
2337 1426 2512 1493 illum,
2540 1428 2662 1497 quia
2689 1430 2877 1487 tribuit
2902 1431 3218 1488 facultatem
3252 1447 3477 1502 respon-

1897 1519 2080 1573 dendi.
2108 1519 2163 1574 Si
2191 1534 2298 1575 non
2320 1519 2560 1585 vicisset,
2587 1523 2771 1591 utique
2792 1539 2898 1580 non
2923 1525 3255 1594 accepisset:
3291 1525 3336 1579 si
3368 1538 3477 1581 non

1900 1612 2118 1669 tulisset
2151 1615 2450 1685 patienter,
2496 1636 2604 1676 non
2637 1623 2826 1691 utique
2874 1619 3215 1675 audivisset:
3249 1618 3477 1689 Arcinge

1896 1715 1953 1757 ut
1978 1705 2059 1759 vir
2099 1707 2330 1761 lumbum
2357 1719 2505 1765 tuum
2541 1729 2560 1767 :
2604 1714 2947 1785 interrogabo
2974 1723 3151 1767 autent
3170 1721 3250 1776 te,
3277 1722 3335 1765 tu
3355 1726 3477 1767 vero

1894 1797 2023 1849 mihi
2050 1800 2325 1864 responde.

276 1876 399 1931 Τοῦ
444 1877 651 1932 αὑτοῦ.
704 1879 798 1950 Μὴ
840 1878 1105 1951 πρότερον
1158 1878 1548 1949 ἀποκρινάσθω
1581 1893 1666 1941 τις
1715 1875 1781 1947 τᾷ

1967 1887 2243 1960 Ejusdem.
2297 1890 2378 1948 Ne
2418 1894 2575 1962 prius
2614 1895 2941 1965 respondeat
3005 1895 3130 1965 quis
3176 1892 3313 1959 Deo,
3369 1893 3473 1948 nisi

199 1967 347 2038 Θεῷ,
384 1968 484 2021 ἐὰν
520 1967 616 2040 μὴ,
661 1968 951 2041 γενόμενος
979 1968 1140 2041 ἀνὴρ,
1175 1966 1626 2041 ζώσηταιῶσπερ
1655 1967 1795 2040 ἀνὴρ

196 2061 298 2133 τὴν
334 2061 514 2129 ὀσφὺν
543 2058 901 2115 αὑτοῦ.⁹οσον
931 2060 1041 2131 γὰρ
1069 2061 1101 2132 ὴ
1126 2060 1297 2130 ὀσφὺς
1325 2059 1488 2114 αὐτοῦ
1516 2058 1617 2113 οὐκ
1648 2057 1784 2124 ἔξω·

198 2169 349 2218 σται,
378 2153 514 2208 ἀλλά
561 2154 797 2219 λέλυται,
826 2155 922 2209 καὶ
948 2155 1070 2225 οὐχὶ
1113 2152 1472 2225 περιδέδεται,
1508 2152 1628 2206 οὐδὲ
1659 2168 1784 2204 συν-

195 2244 517 2315 έσφιγκται,
570 2246 631 2299 οὐ
686 2245 906 2300 δύναται
964 2245 1201 2315 εὐλόγως
1254 2234 1650 2317 ἀποκρίνασθαι
1708 2241 1786 2313 τῷ

195 2337 416 2410 Κυρίῳ.
1532 2394 1535 2399 .

194 2429 354 2500 Στίχ.
394 2435 468 2497 γ’.
511 2428 816 2499 Ἐρωτήσω
846 2429 913 2484 δέ
948 2444 1040 2484 σε’
1066 2429 1147 2484 σὺ
1169 2427 1237 2482 δέ
1278 2446 1378 2499 μοι
1413 2428 1783 2496 ἀποκρίθητι.

264 2522 357 2575 Τά
385 2523 486 2595 μὲν
510 2522 692 2577 τέλεια
717 2522 826 2577 τῶν
845 2523 1240 2594 ἀγωνισμάτων
1278 2525 1390 2585 τοῖς
1418 2521 1596 2586 καλῶς
1620 2520 1786 2593 ἀθλή-

195 2630 327 2668 σασι
366 2613 505 2685 μετά
523 2614 619 2668 τὸν
648 2614 762 2685 βίον
800 2614 1089 2668 ἀπόκειται
1115 2614 1325 2669 τοῦτον.
1358 2614 1523 2668 Οὐδὲν
1547 2613 1605 2667 δὲ
1625 2609 1786 2685 ἧττον

192 2707 291 2762 καὶ
336 2706 444 2778 ἤδη
489 2708 523 2779 ἡ
564 2705 723 2779 χάρις
777 2707 812 2778 ἡ
863 2706 958 2760 τοῦ
1002 2706 1137 2760 Θεοῦ
1182 2705 1613 2780 ἀῤῥαϐωνίζεται
1660 2704 1787 2769 τοὺς

193 2799 462 2873 ἀθλητάς.
491 2799 590 2854 Διά
604 2797 782 2864 τοῦτο,
799 2799 889 2852 ὅτε
915 2799 1221 2869 ἠγωνίσατο
1245 2798 1312 2852 τὰ
1340 2798 1615 2871 μέγισταό
1642 2796 1783 2851 Ἱώδο

192 2895 306 2958 ὅτε,
339 2891 634 2947 ἀποϐαλὼν
675 2892 747 2947 τὰ
762 2893 1097 2965 ὑπάρχοντα,
1132 2890 1346 2957 ὲδόξασε
1376 2891 1465 2946 τὸν
1496 2890 1782 2945 δεδωκότα*

191 2987 305 3051 ὅτε,
332 2986 673 3058 ἀποθέμενος
700 2985 771 3040 τὰ
789 2982 976 3051 τέκνα,
1004 2984 1373 3058 ηὐχαρίστησε
1413 2981 1492 3055 τῷ
1525 2982 1786 3056 παρειλη-

194 3082 342 3150 φότι·
372 3082 486 3144 ὅτε,
533 3081 732 3153 νοήσας
762 3081 838 3145 ὡς
874 3078 1162 3153 σκώληκας
1202 3078 1422 3148 ἀνάγειν
1464 3076 1629 3133 αὐτοῦ
1676 3076 1787 3134 ἀπὸ

192 3171 287 3241 τοῦ
323 3169 602 3242 σώματος,
634 3170 695 3224 οὐ
731 3170 1009 3242 νενίκηται
1035 3170 1144 3242 ἀπο
1166 3168 1274 3223 τῶν
1296 3169 1492 3223 πόνων·
1526 3168 1787 3241 προοίμια

191 3238 286 3318 καὶ
321 3238 622 3334 ἀρραϐῶνα
675 3260 785 3316 τῶν
826 3238 1074 3333 ἀθλητῶν
1120 3238 1337 3316 δίδωσιν
1381 3238 1589 3356 αὑτῷό
1629 3238 1781 3356 θεὸς,
1808 3295 1854 3356 c

192 3353 548 3427 χρηματίσας
577 3352 727 3425 αὐτῷ
754 3351 843 3406 διὰ
862 3352 1120 3417 λαίλαπος
1153 3352 1248 3405 καὶ
1274 3348 1475 3421 νεφῶν.
1519 3348 1783 3414 Ἀκούσας

190 3443 280 3502 οὗν
311 3448 599 3520 προτέρων
641 3447 836 3517 λόγων,
875 3447 994 3501 δέον
1021 3445 1420 3519 ἀποκρίνασθαι
1455 3444 1592 3518 πρὸς
1627 3444 1779 3509 Θεὸν,

191 3542 399 3612 σιωπᾷ,
430 3540 510 3605 ὡς
540 3540 643 3594 οὐκ
684 3540 824 3612 ἔχων
860 3540 1174 3613 παρρησίαν
1207 3537 1606 3610 ἀποκρίνασθαι
1645 3535 1782 3608 πρὸς

189 3633 376 3686 αὐτόν.
411 3630 582 3687 Οὔπω
610 3631 720 3705 γὰρ
752 3632 869 3706 ⁴ᾔδει
903 3632 964 3687 τὸ
1002 3631 1228 3704 ὕστερον
1259 3630 1645 3702 γεγραμμένον
1674 3628 1780 3683 ὑπὸ

190 3725 497 3789 Ηωῦσέως,
530 3725 608 3787 ὡς
638 3724 904 3793 Μωῠσῆς
935 3722 1160 3790 ἐλάλει,
1193 3726 1227 3778 d
1253 3722 1321 3777 δὲ
1357 3721 1502 3788 Θεὸς
1538 3720 1780 3788 ἀπεκρί-

188 3835 333 3873 νατο
362 3817 527 3884 αὐτῷ
555 3816 747 3887 φωνῇ’.
788 3817 876 3881 Ὠς
902 3815 977 3889 μὴ
1015 3815 1372 3886 ἐπιστάμενος
1392 3814 1572 3868 τοίνυν
1598 3812 1777 3873 τοῦτο,

188 3910 245 3964 οὐ
272 3909 422 3963 θέλει
443 3907 845 3982 ἀποκρίνασθαι
888 3907 1024 3982 πρὸς
1055 3908 1146 3961 τὸν
1187 3906 1341 3962 Θεόν.
1382 3906 1440 3961 '0
1465 3904 1521 3958 δὲ
1543 3904 1673 3969 Θεὸς
1701 3904 1780 3958 δί-

187 4001 349 4057 δωσιν
382 4000 537 4073 αὐτῷ
576 4000 887 4074 παρρησίαν
918 3998 1012 4055 τοῦ
1040 3998 1241 4056 λαλεῖν.
1278 3999 1391 4054 Καὶ
1419 3999 1550 4069 μεθ’
1583 3997 1774 4067 ἕτερα·

188 4093 441 4167 Τοσαύτη
476 4094 625 4147 ἐστὶν
660 4096 694 4166 ἡ
732 4091 1038 4165 χρηστότης
1089 4091 1184 4147 τοῦ
1211 4091 1369 4157 Θεοῦ,
1403 4090 1545 4145 ὥστε
1579 4090 1779 4146 ἀναλα-

187 4186 299 4243 ϐεῖν
329 4186 500 4241 αὑτὸν
533 4184 823 4258 πρόσωπον
852 4185 914 4239 οὐ
948 4183 1242 4257 κρίνοντος,
1276 4182 1412 4237 ἀλλά
1456 4183 1777 4255 κρινομένου

188 4277 325 4350 μετά
356 4276 458 4331 τοῦ
492 4275 799 4348 ἀνθρώπου.
832 4276 943 4329 Καὶ
973 4274 1163 4330 πολλαὶ
1187 4273 1344 4328 τοῦτο
1374 4272 1618 4340 ἐδίδαξαν
1637 4268 1778 4345 Γραὲ

185 4368 302 4438 Qui.
332 4366 541 4431 Δεῦτε,
587 4365 685 4419 καὶ
706 4362 1132 4434 διαλεχθῶμεν,
1172 4362 1335 4434 λέγει
1367 4364 1600 4432 Κύριος.
1642 4362 1773 4429 Καὶ,

186 4462 342 4528 Aude;
348 4478 497 4531 μου,
528 4459 728 4531 μᾶλλον
761 4458 817 4513 δὲ
841 4458 870 4511 ό
896 4457 1029 4521 Θεδς
1057 4456 1195 4529 μετὰ
1224 4455 1319 4510 τοῦ
1340 4454 1470 4511 λαοῦ
1499 4455 1777 4528 διαλεχθήυ

186 4569 359 4617 σεται,
382 4553 538 4619 λαός
551 4568 692 4621 μου,
706 4551 766 4605 τί
778 4546 1039 4617 ἐποίησά
1069 4547 1241 4616 caui)
1257 4548 1315 4601 τί
1335 4547 1777 4619 παρηνόχλησά

185 4658 276 4699 σοι
289 4662 310 4711 ;
333 4642 696 4712 ἀποκρίθητί
705 4658 826 4712 μοι,
858 4640 1042 4695 καὶτὰ
1060 4639 1207 4710 ἑξῆς.

389 4738 543 4808 Στιχ.
577 4741 647 4805 γ’.
673 4734 773 4804 Μὴ
804 4733 1098 4790 ἀποποιοῦ
1122 4751 1242 4803 μου
1268 4733 1333 4787 τὸ
1358 4732 1557 4804 κρῖμα.

249 4830 362 4902 (56)
389 4786 1181 4897 gratagzoggo..e;.
1214 4786 1283 4880 t’d
1321 4786 1520 4897 κρὲμᾌ.
1548 4786 1763 4880 Τούτου

184 4923 273 4976 τοῦ
304 4921 474 4994 ῥητοῦ
495 4920 575 4983 ὡς
597 4920 871 4992 χρησίμου
903 4918 1384 4991 μνημονεύσωμεν.
1430 4917 1568 4973 Ἀλλ’
1596 4918 1674 4973 ὅτ’
1697 4920 1764 4975 ἂν

185 5013 343 5086 κρίνῃ
366 5016 396 5066 ὁ
421 5011 559 5075 Θεὸς
598 5010 791 5065 παθεῖν
812 5028 865 5063 τι
895 5011 1061 5081 ἡμᾶς,
1087 5009 1275 5065 τέκνον
1303 5008 1618 5073 ἀποϐαλεῖν,
1665 5010 1765 5082 ἀρ·-

185 5122 345 5176 χοντα
368 5102 657 5168 ἀπολέσαι,
679 5102 902 5172 νοσῆσαι
925 5101 1067 5156 κατά
1096 5101 1158 5154 τὸ
1193 5101 1371 5172 σῶμα,
1405 5101 1433 5154 ὅ
1463 5118 1529 5155 τι
1567 5099 1766 5172 δήποτε

183 5195 384 5248 τούτων
410 5196 724 5265 ὑπομεῖναν
753 5194 908 5247 οὐδὲν
938 5193 1142 5247 τούτων
1179 5188 1288 5247 οἷόν
1319 5193 1379 5246 τέ
1419 5195 1565 5248 ἐστιν
1618 5193 1765 5266 ἡμᾶς

183 5290 395 5353 παθεῖν,
434 5289 510 5362 μὴ
552 5291 825 5361 κρίνοντος
858 5288 952 5343 τοῦ
972 5287 1128 5344 Θεοῦ.
1172 5288 1304 5342 Οὐδὲ
1340 5289 1450 5360 γὰρ
1485 5285 1764 5360 στρουθίον

184 5381 369 5435 πίπτει
397 5384 479 5445 είς
503 5381 712 5450 παγίδα
738 5383 865 5436 ἄνευ
910 5380 1070 5452 βουλή
1083 5398 1249 5452 ματος
1278 5376 1371 5451 τοῦ
1405 5380 1636 5452 Πατρὸς,
1670 5379 1765 5434 τοῦ

184 5474 238 5525 ὲν
259 5475 370 5537 τοῖς
394 5473 665 5546 οὐρανοῖς.
702 5473 856 5527 Ἐπεὶ
890 5469 983 5528 οὖν
1011 5472 1161 5526 οὐδὲν
1192 5472 1396 5528 τούτων
1420 5472 1628 5541 γίνεται
1660 5490 1767 5543 χω-

189 5565 267 5633 Ρὶς
304 5567 576 5637 κρίματος
616 5560 711 5620 τοῦ
763 5564 920 5633 θεοῦ,
963 5565 1180 5636 λέγεται
1215 5565 1352 5638 πρρς
1377 5565 1469 5619 τὸν
1501 5564 1761 5619 παθόνταο

1887 1979 2066 2037 factus
2089 1982 2198 2048 vir,
2229 1984 2568 2040 succinxerit
2596 1995 2655 2041 ut
2684 1988 2767 2041 vir
2792 1986 3031 2041 lumbum
3055 2001 3237 2042 suum.
3273 1985 3476 2053 Quate-

1888 2086 1988 2127 nus
2009 2073 2154 2127 eiiim
2184 2073 2403 2131 lumbus
2429 2076 2574 2133 illius
2602 2092 2707 2133 non
2736 2086 2821 2133 est
2848 2080 3149 2143 accinctus,
3171 2077 3267 2133 sed
3294 2078 3473 2131 disso-

1887 2165 2054 2227 lutus,
2077 2179 2181 2222 nec
2209 2166 2637 2226 circumcinctus
2657 2211 2674 2237 ,
2711 2184 2892 2240 neque
2922 2171 3090 2227 etiam
3139 2171 3473 2225 constrictus

1889 2254 2009 2321 fuit,
2036 2271 2143 2309 non
2179 2266 2360 2327 potest
2405 2261 2806 2320 rationabiliter
2844 2263 3179 2336 respondere
3214 2260 3466 2316 Domino.

1892 2441 1955 2496 ν.
2002 2443 2056 2499 '5.
2102 2443 2449 2516 Interrogabo
2474 2457 2651 2501 autem
2676 2458 2725 2502 Ie
2752 2457 2846 2503 :tu
2876 2464 2997 2503 vero
3037 2450 3166 2503 mihi
3191 2448 3465 2517 responde.

1956 2532 2199 2590 Perfecta
2245 2537 2601 2593 certaminum
2640 2539 2862 2609 praemia
2906 2540 2972 2595 iis
3009 2541 3099 2609 qui
3125 2539 3264 2595 bene
3289 2549 3467 2595 certa-

1887 2636 2082 2681 verunt
2104 2637 2227 2698 post
2245 2627 2392 2683 hanc
2415 2628 2581 2684 vitam
2609 2639 2883 2685 reservata
2904 2640 3049 2686 sunt.
3077 2630 3258 2686 Nihilo
3279 2637 3463 2686 tamen

1888 2718 2070 2773 minus
2099 2717 2212 2787 jam
2246 2722 2412 2775 etiam
2443 2720 2618 2792 gratia
2652 2720 2746 2776 Dei
2788 2723 2943 2791 quasi
2990 2723 3213 2776 arrham
3258 2723 3465 2791 pra-bet

1888 2810 2128 2867 athletis.
2158 2810 2455 2883 Propterea
2480 2813 2696 2882 quando
2719 2815 2955 2869 maxima
2976 2814 3272 2870 certamina
3299 2814 3468 2869 susti-

1889 2901 2155 2968 nuitJob;
2190 2905 2408 2973 quando
2433 2904 2693 2959 amittens
2738 2903 3029 2961 facultates
3059 2905 3306 2961 datorem
3341 2906 3459 2959 lau-

1888 2994 2074 3058 davit;
2129 2995 2348 3066 quando
2377 2995 2599 3051 amissis
2638 2996 2828 3052 liberis
2865 2998 3076 3069 gratias
3119 2999 3230 3069 egit
3276 2998 3325 3054 ei
3369 2998 3464 3067 qui

1887 3086 2222 3154 abstulerat;
2285 3090 2502 3158 quando
2547 3089 2990 3145 animadvertens
3030 3089 3188 3159 quasi
3240 3103 3467 3145 vermes

1889 3190 2237 3233 succrescere
2262 3179 2329 3234 de
2353 3194 2584 3251 corpore
2616 3179 2756 3249 ejus,
2787 3194 2892 3233 non
2933 3177 3035 3233 fuit
3056 3179 3233 3234 victus
3254 3194 3284 3233 s
3312 3178 3463 3234 labo-

1890 3266 2078 3334 ribus;
2126 3268 2400 3337 primitias
2453 3268 2716 3339 quasdam
2773 3279 2827 3323 et
2860 3267 3080 3323 arrham
3132 3269 3459 3324 certantium

1885 3358 2097 3414 dedirei
2129 3358 2288 3424 Deus,
2317 3359 2589 3414 allocutus
2616 3373 2741 3413 eum
2765 3373 2863 3430 per
2884 3358 3149 3414 turbinem
3179 3370 3234 3414 et
3263 3361 3456 3417 nubes.

1882 3448 2016 3504 Cum
2050 3449 2217 3521 igitur
2246 3451 2459 3519 priores
2481 3465 2763 3506 sermones
2791 3450 3050 3516 audisset,
3082 3467 3203 3507 cum
3234 3463 3462 3522 oporte-

1885 3552 1968 3596 ret
2006 3544 2334 3614 respondere
2369 3544 2518 3607 Deo,
2569 3543 2717 3611 silet,
2770 3543 2923 3613 quasi
2973 3543 3283 3598 facultatem
3350 3560 3456 3599 non

1881 3633 2086 3691 habens
2143 3634 2393 3705 loquendi
2458 3651 2583 3692 cum
2637 3636 2750 3693 illo.
2798 3635 3049 3692 Nondum
3098 3639 3245 3693 enim
3293 3652 3459 3696 norat

1880 3726 2022 3793 quod
2056 3735 2241 3796 postea
2272 3726 2535 3798 scriptum
2563 3736 2648 3785 est
2691 3744 2721 3783 a
2754 3727 2942 3801 Moyse
2979 3751 2991 3785 :
3026 3730 3235 3801 Moyses
3272 3731 3456 3802 loque-

1881 3817 2059 3882 batur,
2090 3816 2230 3872 Deus
2265 3834 2383 3874 vero
2419 3820 2767 3889 respondebat
2800 3820 2847 3873 ei
2880 3835 3006 3873 voce
3049 3818 3119 3874 ⁸⁸.
3170 3817 3458 3890 Tanquam

1880 3909 2045 3980 igitur
2074 3911 2163 3980 qui
2196 3908 2297 3967 hoc
2327 3912 2607 3976 nesciret,
2663 3926 2770 3966 non
2805 3910 2920 3965 vult
2961 3912 3287 3980 respondere
3321 3910 3453 3965 Deo.

1876 4002 1948 4056 At
1972 4000 2114 4057 Deus
2140 4001 2330 4057 tribuit
2361 4002 2410 4056 ei
2452 4002 2708 4073 loquendi
2744 4003 2980 4059 veniam.
3047 4002 3116 4057 Et
3155 4015 3273 4073 post
3306 4004 3455 4061 alia:

1879 4092 2051 4148 Tanta
2081 4103 2165 4149 est
2195 4093 2290 4150 Dei
2317 4095 2652 4167 benignitas,
2690 4104 2751 4150 ut
2793 4095 2986 4177 induat
3014 4109 3304 4165 personam
3344 4110 3450 4150 non

1871 4177 2188 4246 iudicantis,
2217 4180 2314 4236 sed
2337 4196 2560 4237 causam
2586 4181 2822 4238 dicentis
2854 4197 2978 4237 cum
3011 4183 3266 4253 homine,
3288 4184 3456 4255 idque

1877 4269 2057 4324 multa:
2087 4268 2383 4341 Scriptura!
2412 4270 2732 4329 docuerunt.
2768 4270 2983 4339 Venite,
3020 4281 3072 4329 et
3105 4274 3451 4343 disputamus,

1876 4364 2004 4417 dicit
2044 4362 2298 4419 Dominus
2354 4364 2421 4418 ³⁷.
2467 4363 2569 4432 Et,
2632 4363 2837 4434 Popule
2880 4380 3053 4432 meus,
3103 4374 3267 4435 atque
3314 4366 3453 4422 adeo

1878 4458 2022 4513 Deus
2059 4472 2182 4511 cum
2236 4456 2433 4528 populo
2482 4455 2803 4527 disputabit,
2848 4457 3039 4526 popule
3088 4473 3270 4521 meus,
3320 4460 3450 4529 quid

1879 4550 1980 4619 feci
2004 4549 2122 4613 tibi,
2149 4559 2239 4603 aut
2265 4549 2395 4620 quid
2423 4547 2730 4604 conturbavi
2760 4548 2901 4602 tibi!
2925 4549 3181 4618 responde
3219 4550 3348 4603 mihi
3379 4549 3450 4611 ",

1802 4634 1849 4691 D
1876 4651 1931 4696 et
1960 4651 2180 4697 caetera.
3338 4664 3339 4667 η

2089 4732 2154 4789 V.
2213 4734 2267 4788 '5.
2320 4730 2405 4789 Ne
2457 4733 2702 4803 repudies
2731 4732 2995 4803 judicium
3037 4748 3233 4787 meum.

1943 4825 2026 4882 Ne
2067 4828 2308 4895 repudies
2358 4828 2459 4880 hoc
2505 4827 2778 4895 judicium
2835 4842 3031 4879 meum.
3089 4824 3258 4895 llujus
3314 4825 3447 4880 dicti

1871 4929 2131 4990 tanquam
2180 4918 2330 4974 utilis
2383 4916 2813 4971 meminerimus.
2859 4917 2931 4971 At
2981 4918 3204 4987 quando
3237 4914 3447 4985 judicat

1871 5011 2013 5067 Deus
2035 5019 2092 5065 ut
2114 5010 2325 5080 aliquid
2355 5010 2651 5080 patiamur,
2689 5018 2749 5064 ut
2785 5008 2953 5063 filium
2986 5010 3337 5075 amittamus,
3384 5014 3445 5060 ut

1869 5105 2123 5176 princeps
2157 5104 2408 5169 intereat,
2439 5112 2495 5155 ut
2524 5116 2752 5171 corpore
2773 5111 3123 5171 :egrotemus,
3159 5112 3252 5153 aut
3273 5099 3446 5168 quod-

1870 5209 2091 5265 cunque
2138 5194 2283 5249 aliud
2343 5193 2651 5260 huiusmodi
2717 5193 3126 5248 sustineamus:
3160 5189 3280 5245 ﬁeri
3333 5204 3444 5247 non

1870 5297 2048 5361 potest
2077 5297 2137 5341 ut
2170 5286 2447 5357 quidpiam
2492 5288 2685 5341 horum
2727 5300 2826 5341 nos
2852 5285 3148 5354 patiamur,
3186 5281 3296 5336 Deo
3333 5296 3439 5337 non

1863 5380 2163 5452 iudicante.
2213 5379 2399 5449 Neque
2445 5378 2590 5432 enim
2638 5376 2849 5432 avicula
2895 5375 3041 5430 cadit
3093 5374 3148 5428 in
3188 5372 3442 5443 laqueum

1869 5473 1990 5530 sine
2017 5472 2298 5524 voluntate
2332 5468 2533 5532 Patris,
2559 5468 2650 5534 qui
2685 5466 2740 5519 in
2766 5465 2920 5520 ctelis
2949 5472 3055 5519 est.
3098 5462 3234 5532 Quia
3274 5465 3445 5537 igitur

1869 5562 2004 5620 nihil
2037 5562 2229 5617 borum
2262 5558 2324 5612 fit
2371 5558 2489 5612 sine
2533 5555 2740 5624 judicio
2774 5554 2910 5620 Dei,
2955 5553 3154 5612 dicitur
3205 5553 3275 5612 ad
3314 5566 3443 5612 eum

250 5747 301 5783 ⁸⁸
326 5748 474 5806 Psal.
504 5763 660 5816 xxxx,
709 5748 765 5806 9.
839 5748 1108 5822 “.Jerem.
1144 5766 1195 5820 ν,
1238 5751 1305 5823 8.⁵
1365 5749 1413 5783 ⁸⁸
1454 5749 1628 5808 Exod.
1661 5764 1780 5819 xu,

1889 5790 1902 5803 .
1978 5746 2022 5778 "
2058 5741 2249 5804 lsai..l.
2279 5740 2366 5797 l8.
2441 5739 2488 5772 ⁸⁸
2512 5738 2671 5797 MiclI.
2708 5753 2784 5806 τι,
2815 5737 2870 5791 5.

255 5904 367 5977 (35)
389 5903 595 5962 Confer
615 5901 921 5975 Olympiod.

1944 5850 2059 5973 (56)
2098 5897 2299 5958 Confer
2328 5895 2586 5985 eumdem
2607 5890 2915 5967 Olympici.
