4004 6526
575 411 649 469 S9

1470 390 2036 455 S‘UPPLEMENTUM
2077 389 2167 444 AD
2208 386 2534 444 ORIGENIS
2575 385 2979 443 EXEGETICA.

3720 386 3814 442 £00

574 529 665 596 qui
693 525 900 595 patitur
924 521 1052 577 talia
1089 536 1104 574 :
1145 518 1227 574 Ne
1252 517 1493 584 repudies
1513 515 1774 583 judicium
1801 525 1993 574 meum,
2041 511 2143 561 hoc
2172 556 2176 565 ,

2256 507 2342 572 Μὴ
2366 505 2664 559 ἀποποιοῦ
2683 524 2804 575 μου
2833 507 2900 560 τὸ
2946 504 3143 573 κρῖμα,
3188 505 3262 576 μή
3317 504 3536 575 ἀπαρνῇ
3580 503 3714 573 (57),
3741 505 3818 557 ὅτι

573 630 679 684 est,
711 633 777 671 ne
809 614 1100 685 negaveris
1123 628 1212 667 me
1250 611 1317 665 de
1350 618 1402 663 te
1426 609 1719 677 judicasse.

577 710 636 768 ν.
677 711 730 764 5.
785 710 1071 763 Arbitraris
1116 721 1265 767 vero,
1315 719 1396 756 me
1449 700 1606 753 aliter
1652 699 1746 751 tibi
1790 695 2141 764 respondisse,

981 773 1142 846 quam
1165 786 1220 828 ut
1244 787 1494 841 apparens
1515 771 1696 838 justus
1710 768 1736 821 .9

641 871 958 940 Apologiam
1007 870 1081 922 tui
1120 867 1281 922 facio.
1314 864 1503 918 Justus
1533 878 1614 925 es,
1657 870 1711 914 at
1744 874 1848 913 non
1885 873 1944 913 es
1967 856 2144 911 mani-

571 963 762 1018 festus.
794 961 1068 1015 Patienter
1111 959 1302 1013 tulisti.
1353 955 1649 1027 Oportebat
1681 969 1765 1007 me
1797 967 1981 1005 ansam
2008 965 2143 1017 prze-
2179 945 2185 954 ’

572 1055 723 1120 bere,
750 1069 857 1122 quo
891 1063 977 1106 tua
1008 1050 1268 1120 patientia
1304 1050 1552 1120 fulgeret.
1587 1045 1833 1101 Habuisti
1866 1042 2144 1098 fortitudi-

571 1163 722 1209 nem,
767 1147 860 1202 sed
903 1147 955 1200 in
1003 1157 1053 1200 te
1093 1145 1488 1199 occultaliatur.
1534 1141 1636 1208 Qui
1679 1140 1774 1194 tibi
1803 1139 2142 1192 obvenerunt

572 1237 803 1299 labores,
852 1237 1206 1292 ostenderunt
1263 1235 1640 1290 fortitudinem
1698 1240 1863 1285 tuam.
1906 1227 1974 1280 Et
2026 1235 2142 1296 post

460 1371 480 1391 ,
573 1340 744 1394 pauca
770 1342 791 1376 :
820 1323 1224 1378 Meminerimus
1245 1324 1435 1376 horum
1476 1331 1715 1390 tempore
1751 1317 2139 1381 calamitatum,

573 1416 984 1484 videbimurque
1007 1416 1193 1470 audire
1215 1415 1382 1470 Deum
1417 1422 1734 1484 praesentem
1760 1421 1923 1480 atque
1950 1410 2140 1464 dicen-

572 1512 682 1559 tem
731 1505 929 1559 nobis:
960 1505 1252 1559 Arbitraris
1296 1521 1438 1568 vero,
1474 1520 1556 1558 me
1590 1502 1746 1557 aliter
1786 1502 1881 1556 tibi
1928 1517 2141 1571 respon-

2251 594 2446 668 ἔκρινα
2469 613 2538 648 πε
2546 597 2601 667 pl.
2634 596 2747 650 σοῦ,

2249 687 2396 758 Στίχ.
2427 694 2495 756 γ.
2528 687 2647 740 Οἴει
2670 686 2738 759 δέ
2768 704 2845 759 με
2873 686 3084 759 ἄλλως
3106 701 3206 759 σοι
3230 689 3745 756 κεχρηματικέναι,
3781 689 3818 759 ἢ

2665 756 2778 810 ἵνα
2804 756 3122 825 ἀναφανῇς
3154 757 3422 823 δίκαιος;

2333 847 2727 918 Ἀπολογοῦμαί
2766 866 2868 901 σοι.
2900 850 3114 912 Δίκαιος
3143 845 3232 920 ἧς,
3268 849 3383 902 ἀλλ’
3425 850 3525 902 οὐκ
3559 844 3626 920 ἧς
3663 867 3820 918 φανε-

2250 939 2362 1010 ρός.
2406 941 2711 1011 ’Υπομονὴν
2751 938 2915 1011 εἶχες·
2963 942 3069 996 ἔδει
3112 960 3178 1014 με
3226 943 3478 1014 ἀφορμὴν
3524 947 3820 1014 παρασχεῖν

2247 1033 2341 1085 τοῦ
2364 1033 2571 1104 λάμψαι
2611 1052 2702 1088 σου
2730 1034 2828 1106 τὴν
2859 1036 3155 1106 ὑπομονήν.
3200 1031 3361 1105 Εἴχες
3403 1035 3674 1107 ἀνδρείαν·
3711 1037 3820 1090 ἀλλ’

2247 1124 2550 1196 ἐκέκρυπτο
2603 1127 2661 1179 ὲν
2695 1127 2794 1179 σοι’
2827 1128 2874 1180 οἱ
2905 1127 3309 1199 συμϐεϐηκότες
3331 1128 3482 1181 πόνοι
3512 1128 3718 1195 ἐδειξάν
3735 1144 3822 1181 σου

2245 1218 2342 1290 τὴν
2366 1219 2636 1289 ἀνδρείαν.
2696 1218 2807 1272 Καὶ
2825 1221 2950 1288 μετ’
2984 1221 3182 1290 ὀλίγα*
3221 1221 3666 1292 Μνημονεύωμεν
3703 1218 3820 1274 τού-

2245 1326 2352 1362 των
2378 1311 2435 1362 ἐν
2471 1312 2583 1372 τοῖς
2625 1309 2999 1380 περιστάσεων
3055 1313 3286 1382 καιροῖς,
3331 1310 3424 1363 καὶ
3465 1309 3705 1376 δόξωμεν
3732 1309 3821 1363 τοῦ

2241 1402 2378 1456 Θεοῦ
2419 1403 2638 1456 ἀκούειν
2672 1402 2957 1473 παρόντος,
2990 1405 3084 1456 καὶ
3127 1403 3374 1471 λέγοντος
3414 1406 3567 1474 ἡμῖν·
3621 1401 3824 1458 Οῑειδέ

2240 1513 2316 1565 με
2357 1494 2555 1562 ἄλλως
2585 1509 2685 1549 σοι
2742 1495 3255 1564 κεχρηματικέναι,
3298 1494 3336 1562 ἢ
3379 1496 3480 1547 ἵνα
3513 1493 3825 1564 ἀναφανῇς

568 1595 729 1655 disse.
767 1613 924 1667 quam
965 1608 1020 1650 ut
1064 1597 1243 1666 justus
1279 1598 1576 1667 apparens?
1622 1593 1738 1649 Non
1781 1607 2141 1664 appareamus

2256 1586 2506 1652 leatoc,’
2534 1587 2624 1658 Μὴ
2653 1585 3018 1656 ἀναφανῶμεν
3052 1587 3246 1651 ἄδικοι,
3282 1586 3416 1658 μηδὲ
3443 1585 3708 1681 ἁσεϐεῖς.³

569 1687 774 1759 iniusti,
809 1702 986 1758 neque
1023 1689 1196 1760 impii.

774 1777 839 1832 ν.
875 1778 927 1832 5.
954 1779 1173 1833 Assume
1198 1794 1325 1832 sane
1348 1778 1708 1833 celsitudinem
1730 1787 1776 1831 et
1811 1777 1933 1831 vim.

2388 1771 2538 1843 Στίχ.
2574 1780 2634 1826 ε’.
2679 1773 2956 1828 Ἀνάλαϐε
2987 1771 3064 1841 δὴ
3098 1772 3256 1841 ὕψος
3280 1771 3378 1825 καὶ
3406 1771 3685 1841 δύναμιν.

634 1868 802 1940 Cinge
836 1879 889 1923 te
917 1885 1142 1935 corona,
1176 1869 1340 1924 indue
1365 1869 1620 1938 gloriam,
1665 1868 1828 1922 indue
1859 1867 2143 1922 honorem.

2321 1863 2694 1931 Στεφάνωσαι,
2725 1863 2941 1918 ἔνδυσαι
2970 1862 3148 1927 δόξαν,
3181 1862 3394 1916 ἔνδυσαι
3425 1863 3612 1932 τιμήν.

575 1960 636 2016 ν.
659 1961 714 2016 6.
752 1960 905 2016 Mitte
935 1974 1110 2017 autem
1147 1961 1362 2031 angelos
1401 1963 1482 2015 ira
1511 1978 1528 2014 :
1563 1975 1768 2014 omnem
1796 1976 1915 2014 vero
1953 1971 2138 2014 contu-

1083 2034 1355 2086 meliosum
1383 2031 1625 2085 humilia.

848 2127 914 2182 ν.
945 2127 999 2180 7.
1033 2124 1424 2194 Superbientem
1451 2140 1570 2178 vero
1595 2123 1886 2194 exstingue.

641 2216 1081 2274 Contumeliosus
1121 2217 1580 2272 militaviteontra
1614 2225 1690 2271 te.
1715 2216 1862 2270 Dixit
1889 2215 2019 2270 mihi
2047 2214 2144 2269 ali-

569 2311 788 2380 quando
814 2311 1258 2377 contumeliosus,
1289 2309 1442 2364 Mitte
1465 2324 1679 2362 manum
1709 2317 1857 2362 tuam
1883 2308 1928 2340 ⁸³
1966 2321 1982 2360 :
2006 2308 2142 2362 dixit

567 2402 725 2468 mihi,
781 2403 958 2473 Tange
992 2404 1167 2458 omnia
1186 2419 1302 2474 qua:
1339 2404 1490 2457 ltabet
1521 2403 1606 2456 ’°:
1639 2401 1778 2457 dixit
1806 2401 1934 2456 mihi
1967 2401 2032 2456 de
2064 2410 2139 2466 te,

571 2495 714 2565 quod
739 2494 922 2562 utique
943 2494 996 2548 in
1024 2494 1214 2561 facient
1246 2493 1517 2548 benedices
1569 2509 1649 2548 me
1675 2494 1743 2546 ".
1775 2493 1846 2546 At
1871 2493 2014 2548 enim
2057 2495 2140 2546 vi-

569 2586 720 2640 cisti.
749 2584 1038 2654 Pr0pterea
1065 2585 1184 2640 dico
1208 2584 1302 2638 tibi
1337 2603 1350 2639 :
1384 2583 1556 2640 Macte
1586 2591 1702 2638 esto
1727 2602 1740 2637 :
1771 2584 1990 2639 omnino
2014 2599 2141 2638 vero

571 2677 1024 2734 contumeliosum
1075 2675 1320 2739 humilia,
1375 2686 1428 2732 et
1463 2675 1684 2746 angelos
1740 2674 1856 2744 ejus
1893 2675 2138 2729 humilia.

568 2766 665 2822 ille
687 2777 875 2836 contra
924 2776 976 2822 te
1011 2768 1276 2836 superbus
1311 2766 1412 2822 fuit
1461 2784 1476 2821 :
1524 2775 1582 2820 at
1613 2776 1667 2820 tu
1719 2766 2010 2835 superbum
2042 2780 2138 2820 ex-

569 2860 807 2930 stingue.
853 2860 1052 2929 Impius
1096 2859 1185 2914 ille
1227 2867 1419 2915 contra
1457 2869 1552 2925 te;
1586 2867 1643 2913 at
1693 2868 1749 2913 tu
1770 2857 1994 2912 fulmina
2033 2857 2138 2912 int-

568 2954 688 3022 pios
715 2961 979 3007 actutum.

643 3042 707 3099 V.
730 3043 783 3098 8.
810 3041 997 3098 Facies
1029 3052 1200 3097 autem
1240 3042 1473 3112 ipsorum
1510 3040 1799 3112 ignominia
1849 3040 2065 3110 repleto.

640 3137 840 3192 Evince
864 3150 958 3192 eos
983 3150 1105 3192 esse
1140 3143 1476 3206 peccatores,
1501 3149 1597 3190 eos
1620 3144 1935 3204 peccatores
1955 3145 2138 3190 osten-

2247 1954 2394 2024 Στίχ.
2421 1963 2494 2020 ς’.
2532 1956 2914 2012 Ἀπόστειλον
2940 1956 3010 2009 δὲ
3045 1955 3338 2024 ἀγγέλους
3353 1951 3520 2024 ὁργῇο
3548 1953 3746 2007 πάντα
3759 1949 3825 2008 δὲ

2680 2027 2976 2097 ὑϐριστὴν
2998 2027 3390 2081 ταπείνωσον.

2511 2120 2657 2190 Στίχ.
2695 2121 2760 2186 ζ’.
2797 2120 3202 2190 Ὑπερήφανον
3230 2118 3297 2173 δὲ
3327 2119 3573 2173 σϐέσον.

2331 2209 2387 2262 '0
2421 2210 2679 2283 ὑϐριστὴς
2707 2212 3104 2284 ἐστρατεύσατο
3129 2211 3270 2265 κατὰ
3298 2209 3412 2264 σοῦ.
3440 2206 3576 2263 Εἷπέ
3609 2210 3704 2279 μοί
3733 2227 3823 2262 πο·

2246 2320 2305 2356 τε
2333 2305 2361 2355 ὁ
2399 2302 2680 2375 ὑϐριστὴς,
2743 2304 3124 2357 Ἀπόστειλον
3152 2302 3268 2369 τὴν
3305 2300 3472 2370 χεῖρὰ
3517 2318 3656 2356 σου·
3708 2299 3822 2355 εἶπέ

2247 2413 2358 2467 μοι,
2392 2396 2567 2463 "Ayz-at
2592 2395 2834 2448 πάντων
2874 2389 2960 2448 ὧν
2998 2394 3142 2462 ἔχει’
3169 2391 3290 2446 εἶπέ
3326 2411 3414 2464 μοι
3447 2395 3578 2465 περὶ
3602 2392 3720 2458 σοῦ,
3751 2392 3822 2456 ὡς

2246 2487 2352 2559 ἄρα
2381 2490 2467 2552 είς
2496 2487 2819 2555 πρόσωπόν
2840 2504 2917 2556 με
2937 2487 3315 2557 εὐλογήσεις.
3356 2487 3494 2540 Ἀλλ’
3520 2483 3613 2540 οὖν
3642 2505 3709 2556 γε
3739 2505 3822 2540 νε-

2246 2579 2495 2648 νίκηκας.
2540 2578 2637 2631 Διά
2674 2577 2828 2631 τοῦτὸ
2863 2596 2946 2632 σοι
2968 2578 3131 2647 λέγω·
3171 2579 3374 2651 Θάρρει
3398 2595 3412 2608 °
3439 2580 3546 2632 πᾶν
3588 2577 3645 2631 δὲ
3673 2579 3822 2650 ὑϐρι-

2251 2668 2381 2740 στὴν
2408 2668 2760 2732 ταπείνωσον,
2791 2669 2884 2722 καὶ
2910 2670 3034 2733 τοὺς
3066 2669 3330 2738 ἀγγέλους
3362 2669 3524 2723 αὑτοῦ
3559 2671 3823 2723 ταπείνω-

2249 2778 2360 2814 σον.
2403 2761 2781 2833 Ὑπερήφανος
2821 2763 3024 2825 ἐκεῖνος
3060 2761 3350 2832 γεγένηται
3379 2761 3518 2816 κατά
3546 2761 3665 2815 σοῦ·
3694 2762 3824 2816 ἀλλὰ

2249 2851 2311 2904 σὺ
2341 2852 2686 2924 ὑπερήφανον
2731 2852 2940 2906 σϐέσον.
2988 2852 3213 2924 Ἀσεϐὴς
3260 2854 3465 2916 ἐκεῖνος
3516 2851 3663 2908 κατά
3710 2852 3820 2907 σοῦ·

2245 2942 2381 2995 ἀλλὰ
2400 2944 2463 2995 σὺ
2491 2942 2694 3014 σκῆψον
2721 2943 2934 3008 ἀσεϐεῖς
2972 2945 3329 3016 παραχρῆμα.

2144 3032 2170 3052 ’⁸
2245 3033 2390 3104 Στίχ.
2412 3041 2483 3105 η’.
2513 3035 2595 3089 Τὰ
2605 3034 2673 3088 δὲ
2687 3035 2976 3104 πρόσωπα
3004 3035 3204 3090 αὐτῶν
3222 3036 3458 3106 ἀτιμίας
3473 3034 3821 3103 πλήρωσον.

2322 3123 2574 3194 Ἐλεγξον
2603 3127 2977 3199 ἁμαρτωλοὺς,
2995 3127 3207 3192 δεικνὺς
3221 3129 3418 3192 αὑτοὺς
3446 3126 3821 3200 ἁμαρτωλούς.

566 3228 724 3284 dens.
756 3227 984 3298 Repleto
1024 3204 1193 3284 facies
1221 3243 1408 3283 eorum
1441 3227 1757 3299 ignominia,
1801 3235 2027 3298 propter
2056 3241 2143 3282 re-
2169 3235 2176 3274 1

2256 3217 2538 3290 [Ιλὴρωσον
2566 3219 2634 3273 τὰ
2670 3219 2937 3290 πρόσωπα
2973 3220 3153 3276 αὐτῶν
3187 3221 3411 3292 ἀτιμίας
3438 3219 3526 3274 διὰ
3548 3219 3643 3272 τοῦ
3675 3204 3826 3288 ἐλέγ-

566 3319 942 3388 tlargutionem
971 3334 1091 3387 qua:
1114 3329 1200 3374 est
1229 3319 1282 3373 in
1310 3327 1382 3374 te.

571 3406 635 3461 ν.
665 3409 754 3464 10.
787 3409 1032 3465 Sedenim
1063 3425 1179 3463 ecce
1217 3409 1358 3477 [eras
1391 3410 1531 3475 apud
1567 3420 1633 3462 te.
1673 3406 1881 3462 Fenum
1928 3408 2144 3476 perinde

1016 3489 1171 3548 atque
1208 3483 1357 3532 boues
1397 3481 1690 3532 comedunt.

639 3569 793 3624 Ferae
817 3577 944 3624 sunt
976 3570 1267 3624 contrariae
1316 3570 1567 3632 virtutes,
1613 3583 1714 3638 pro
1743 3569 1942 3638 quibus
1967 3571 2145 3624 oravit

573 3660 841 3731 Propheta
871 3661 1054 3716 dicens
1085 3679 1098 3714 :
1128 3660 1212 3714 Ne
1240 3663 1425 3717 tradas
1452 3661 1576 3723 feris
1613 3662 1848 3714 animam
1885 3662 2145 3728 conﬁten-

571 3767 674 3808 tem
706 3755 802 3808 tibi
826 3755 892 3808 ".
923 3754 1123 3810 Bestia:
1154 3763 1285 3810 sunt
1314 3755 1604 3809 contrariae
1631 3755 1878 3819 virtutes,
1911 3771 2142 3824 quorum

573 3847 854 3916 accepisti,
894 3861 928 3901 ο
984 3847 1166 3909 homo,
1219 3855 1564 3916 potestatem.
1613 3843 1669 3900 Si
1711 3845 1819 3900 Deo
1865 3847 2141 3914 servieris,

571 3955 729 4009 super
751 3939 986 4008 aspidem
1022 3950 1070 3994 et
1097 3940 1398 3998 basiliscstm
1433 3940 1684 3995 ascendes
1717 3939 1784 3995 ”.

817 4121 885 4178 Ἴ.
911 4122 995 4179 10.
1028 4123 1272 4178 Sedenim
1297 4140 1411 4178 ecce
1443 4124 1634 4178 bestias
1663 4124 1805 4193 apud
1829 4133 1901 4178 te.

648 4213 919 4284 Ejusdem.
962 4215 1116 4285 Apud
1146 4225 1195 4268 te
1235 4213 1457 4279 Jobum,
1507 4214 1644 4283 apud
1673 4229 1892 4270 omnem
1936 4228 2142 4270 memo-

576 4321 711 4371 rem,
735 4309 874 4374 apud
899 4319 1112 4359 omnem
1135 4304 1416 4360 victorem.

681 4393 746 4449 V.
782 4393 869 4447 10.
906 4392 1106 4447 Fenum
1138 4393 1351 4461 perinde
1377 4403 1530 4462 atque
1554 4393 1702 4448 boves
1727 4393 2029 4447 comedunt.

644 4487 719 4542 De
750 4487 1022 4541 vermibus
1049 4485 1311 4554 loquitur,
1336 4484 1430 4553 qui
1461 4499 1528 4539 ex
1559 4485 1678 4552 ipso
1706 4485 1810 4538 orti
1838 4485 2012 4554 ipsum
2042 4499 2141 4539 co-

2243 3328 2340 3381 χου
2369 3310 2461 3364 τοῦ
2484 3313 2542 3364 ὲν
2577 3310 2680 3366 σοί.

2245 3402 2392 3472 Στίχ.
2428 3409 2478 3456 ι’.
2519 3403 2696 3458 Ἀλλὰ
2715 3404 2792 3472 δὴ
2813 3403 2942 3458 ἰδοὺ
2960 3404 3132 3471 θηρία
3160 3404 3319 3472 παρὰ
3338 3405 3440 3458 σοί
3446 3421 3458 3433 ο
3477 3405 3702 3473 χόρτον
3725 3400 3827 3459 ἶσα

2516 3511 2519 3514 -
2805 3475 3034 3540 βουσὶν
3047 3476 3255 3528 ἐσθίει.

2317 3563 2489 3638 Θηρία
2512 3567 2592 3620 ἀἱ
2623 3567 2991 3638 ἀντικείμεναι
3023 3566 3282 3638 δυνάμεις
3308 3567 3433 3632 εἰσὶ,
3471 3568 3596 3638 περὶ
3623 3562 3704 3622 ὧν
3729 3566 3824 3640 ηὖ-

2247 3655 2376 3720 ξατο
2403 3659 2432 3710 ὁ
2465 3661 2755 3731 Προφήτης
2795 3659 2985 3728 λέγων·
3023 3659 3118 3728 Μὴ
3149 3658 3423 3726 παραδῷς
3444 3660 3568 3725 τοῖς
3597 3662 3827 3729 θηρίοις

2243 3748 2359 3818 τὴν
2378 3749 2590 3818 ψυχὴν
2621 3749 3180 3820 ἐξομολογουμένην
3202 3767 3322 3804 σοι.
3365 3749 3540 3822 Θηρία
3575 3753 3720 3804 εἰσιν
3771 3753 3824 3804 αἱ

2244 3841 2612 3913 ἀντικείμεναι
2643 3841 2922 3914 δυνάμεις,
2957 3837 3033 3902 ὧν
3056 3843 3305 3914 εἴληφας,
3341 3836 3386 3895 ὦ
3427 3843 3706 3914 ἄνθρωπε,
3732 3845 3826 3916 τὴν

2243 3933 2508 3998 ἐξουσίαν.
2548 3935 2671 3988 Ἐὰν
2686 3935 2806 4006 Θεῷ
2827 3935 3136 4007 δουλεύσῃς,
3170 3935 3264 3988 ἐπ’
3288 3936 3519 3990 ἀσπίδα
3582 3938 3683 3991 καὶ
3713 3939 3828 4003 ,Βα-

2243 4027 2528 4081 σιλίσκον
2573 4026 2854 4095 ἐπιϐήσῃ.

2394 4118 2539 4190 Στίχ.
2567 4125 2617 4172 ι’.
2651 4119 2826 4173 Ἀλλὰ
2862 4118 2937 4188 δὴ
2965 4119 3094 4173 ἰδοὺ
3135 4121 3309 4200 θηρία
3340 4122 3502 4190 παρὰ
3545 4123 3668 4176 σοΙ.

2293 4207 2426 4264 ’Τοῦ
2460 4208 2662 4264 αὐτοῦ.
2698 4211 2858 4282 Παρὰ
2887 4214 2969 4265 σοὶ
3000 4213 3077 4284 τῷ
3118 4214 3262 4277 Ἰὼϐ,
3304 4215 3455 4287 παρὰ
3489 4215 3652 4268 παντὶ
3689 4219 3824 4271 ὑπο-

2236 4302 2694 4376 μνηστικῷ,παρὰ
2719 4305 2884 4358 παντὶ
2914 4304 2994 4374 τῷ
3025 4307 3352 4377 νενικηκότι.

2465 4395 2611 4465 Στίχ.
2637 4402 2688 4449 ι’.
2715 4399 2943 4465 Χόρτον
2975 4395 3081 4455 ἶσα
3104 4400 3333 4464 ,ϐουσὶν
3366 4399 3572 4454 ἐσθίει.

2314 4486 2451 4549 Τοὺς
2485 4485 2769 4556 σκώληκας
2808 4487 2980 4558 λέγει,
3009 4493 3133 4554 τοὺς
3165 4490 3224 4556 ἐξ
3265 4491 3429 4544 αὑτοῦ
3460 4491 3622 4545 αὑτὸν
3660 4509 3827 4547 κατε-

576 4579 882 4634 medebant.
931 4575 1192 4647 Perfectio
1235 4577 1392 4643 enim,
1441 4577 1662 4647 inquit,‘
1697 4592 1908 4632 manum
1970 4563 2176 4631 meum:

2256 4573 2512 4640 ςΘΕοντας.
2537 4577 2859 4632 Συντέλεια
2881 4581 3010 4650 γὰρ,
3044 4584 3197 4652 φησι,
3217 4582 3331 4651 τὴν
3359 4582 3526 4653 χεῖρά
3543 4601 3662 4653 μου
3705 4585 3825 4639 ὑπὸ

571 4687 605 4723 ι
639 4680 708 4736 te,
731 4680 778 4723 et
806 4685 920 4722 ecce
951 4677 1008 4722 ut
1034 4669 1212 4739 fenum
1243 4669 1476 4723 devorat.

714 4760 778 4815 γ.
806 4759 890 4813 H.
933 4759 1023 4814 Vis
1061 4771 1233 4815 autem
1265 4759 1379 4829 ejus
1412 4760 1468 4813 in
1502 4758 1747 4813 umbilico
1776 4759 1996 4815 ventris.

644 4851 767 4907 llaec
807 4851 978 4921 prima
1016 4851 1099 4904 vis
1142 4861 1332 4907 contra
1379 4853 1675 4907 hominem.
1729 4850 1865 4906 Hine
1905 4850 2140 4907 fornica-

573 4947 713 5000 rium
745 4944 923 4998 facere
953 4943 1164 5013 incipit.

643 5035 916 5103 Ejusdem.
962 5032 1033 5088 Ut
1073 5032 1349 5088 mulierem
1387 5034 1638 5106 indigitet
1683 5052 1696 5088 :
1756 5045 1816 5090 ut
1861 5037 2137 5102 ostendat,

570 5128 716 5196 quod
741 5141 847 5181 non
877 5126 1074 5180 militat
1108 5126 1282 5181 solum
1312 5136 1500 5181 contra
1543 5128 1806 5182 habentes
1840 5139 2137 5198 spermata.

2245 4667 2380 4721 σοῦ·
2408 4669 2502 4721 καὶ
2523 4668 2650 4722 ὶδοὺ
2675 4671 2756 4736 ὠς
2775 4674 2987 4740 χόρτος
3004 4673 3113 4744 (58)
3159 4676 3477 4731 κατεσθίει.

2244 4759 2390 4830 Στίχ.
2415 4767 2500 4814 ια’.
2527 4761 2586 4816 Ἡ
2597 4761 2664 4814 δὲ
2675 4763 2925 4835 δύναμις
2943 4766 3128 4820 αὐτοῦ
3142 4767 3234 4820 ἐπ’
3247 4767 3519 4837 ὀμφαλοῦ
3537 4770 3825 4837 γαστρός.

2316 4848 2425 4922 ('59)
2458 4848 2606 4923 Αὕτη
2643 4852 2831 4926 πρώτη
2873 4855 3101 4926 δύναμις
3131 4855 3274 4910 κατὰ
3307 4857 3400 4910 τοῦ
3433 4858 3639 4929 ἀνδρός.
3681 4859 3826 4933 Πόρ-

2243 4956 2332 4993 νον
2367 4945 2536 4994 ποιεῖν
2582 4941 2830 4997 ἐντεῦθεν
2866 4945 3113 5016 ἄρχεται.

2320 5032 2430 5087 Τοῦ
2471 5035 2677 5091 αὐτοῦ.
2726 5037 2840 5091 Ἵνα
2869 5037 2930 5090 τὺ
2967 5037 3098 5108 θῆλυ
3147 5039 3385 5112 σημάνῃ,
3420 5039 3506 5094 ἴνα
3539 5039 3713 5112 δείξῃ,
3741 5041 3825 5094 ὅτι

2241 5126 2591 5197 στρατεύεται
2621 5129 2680 5181 οὑ
2717 5128 2877 5199 μόνον
2911 5129 3052 5183 κατά
3081 5131 3188 5183 τῶν
3218 5131 3449 5201 ἐχόντων
3476 5131 3543 5186 τὰ
3575 5133 3828 5204 σπέρμα-

571 5217 1070 5288 Congruentissime
1109 5231 1240 5272 vero
1283 5218 1586 5272 nominavit
1618 5218 1860 5274 lumbum
1911 5220 2139 5290 loquens

2256 5235 2327 5270 :a.
2352 5219 2499 5272 Πάνυ
2517 5220 2574 5272 δὲ
2595 5219 3010 5291 εὑπρεπέστατα
3043 5223 3321 5293 ὠνόμασεν
3348 5225 3516 5292 ὀσφὺν
3547 5223 3640 5276 ἐπὶ
3660 5223 3826 5296 ἄρρε-

571 5311 638 5364 de
670 5311 910 5376 homine,
945 5318 999 5364 et
1029 5308 1348 5364 umbilicum
1392 5311 1601 5365 ventris
1626 5313 1693 5366 de
1728 5311 1927 5367 femina
1957 5335 1968 5368 :
2001 5312 2138 5368 Ecce

570 5417 700 5454 sane
736 5403 988 5470 potentia,
1033 5400 1238 5454 lumbus
1289 5399 1398 5470 ejus
1431 5401 1486 5454 in
1524 5402 1756 5470 potentia
1785 5403 1918 5474 :-vis
1959 5411 2134 5456 autent

2256 5401 2420 5469 ἰσχὺς
2469 5401 2667 5470 ὀσφὺς
2706 5402 2891 5458 αὐτοῦ
2921 5404 2992 5456 ἐν
3026 5406 3210 5473 ισχύῖ⁸
3239 5408 3277 5476 ἠ
3307 5406 3376 5461 δὲ
3418 5407 3670 5478 δύναμις
3713 5411 3827 5464 αὑ-

2238 5495 2344 5550 τοῦ
2379 5495 2472 5550 ἐπ’
2503 5497 2774 5567 ὀμφαλοῦ
2788 5501 3060 5568 γαστρός.

569 5496 684 5562 ejus
712 5494 766 5547 in
799 5493 1043 5547 umbilico
1070 5494 1263 5547 uentris
1292 5492 1359 5546 ".

2239 5327 2347 5371 νος,
2371 5310 2466 5363 καὶ
2495 5309 2735 5380 ὀμφαλὸν
2767 5311 3000 5382 γαστρὸς
3040 5313 3131 5366 ἐπὶ
3151 5315 3429 5382 γυναικός·
3479 5313 3626 5368 Ἰδοὺ
3673 5313 3748 5368 δὲ
3784 5317 3824 5384 ἡ

642 5610 686 5641 ⁸⁹
731 5605 850 5663 Job.
901 5623 942 5673 I,
992 5607 1076 5670 Η.
1109 5606 1197 5662 12.
1272 5608 1341 5648 ’θ-
1375 5609 1506 5665 ibid.
1583 5609 1628 5643 ⁹¹
1687 5609 1816 5666 ibid.
1894 5609 1938 5643 ”
1985 5609 2127 5670 Psal.
2169 5627 2176 5668 1

2256 5625 2363 5678 tm,
2393 5611 2479 5668 19.
2553 5612 2599 5647 ’³
2634 5605 2772 5676 Ρέειῐ.
2795 5629 2888 5676 xc,
2912 5617 2998 5671 l3.
3078 5617 3135 5649 “~
3176 5618 3284 5690 hic,
3319 5633 3372 5672 γ.
3399 5619 3488 5674 Η.

640 5745 754 5890 ἱόἴ)
786 5745 949 5802 Forte
979 5745 1222 5816 ἀπαρνοῦ
1259 5749 1339 5804 vel
1363 5751 1673 5827 ἀπαρνήσῃ.

660 5817 754 5890 58)
778 5817 940 5874 Forte
961 5815 1169 5887 χόρτον.

660 5815 754 5890 58)
778 5817 940 5874 Forte
961 5815 1169 5887 χόρτον.

2310 5754 2423 5828 (59)
2455 5756 2614 5815 Deest
2637 5756 2691 5814 in
2718 5741 2841 5818 cod.
2873 5773 2989 5815 ut.
3013 5758 3231 5822 Confer.
3261 5761 3474 5835 Olymp.

3851 5593 3875 5638 (ο
