4004 6516
259 427 360 488 101
1503 426 1833 482 ΕΝΑιιΒΑΤ

1948 427 2041 481 ES
2076 425 2141 480 IN
2179 427 2317 483 JOB.
3430 427 3534 481 102

258 539 420 612 Στίχ.
454 545 552 592 κε’.
588 539 1004 606 Μεριτεύονται
1048 537 1117 592 δὲ
1163 540 1311 593 αὐτὸ
1359 541 1648 594 Φοινίκων
1687 541 1830 606 ἔθνη

1963 539 2024 591 ν.
2067 540 2153 594 25.
2193 538 2510 594 Purtiuntur
2553 536 2729 595 autem
2779 540 2930 594 illum
2975 538 3283 594 Phoenicum
3332 552 3532 610 gentes.

227 653 244 717 ι
334 633 448 702 (40)
491 632 646 684 Ἐπεὶ
680 631 914 704 πονηρία
945 632 1157 704 μεγάλῃ
1187 631 1568 688 διαϐάλλονται
1588 638 1636 688 οἱ
1669 635 1835 686 Χανα‹

2025 633 2162 698 Quia
2209 633 2477 702 pravitate
2524 648 2721 702 magna
2794 634 3156 687 traducuntur
3213 632 3530 698 Cbauanwi,

254 725 422 786 vniat,
451 724 501 776 οἱ
523 722 616 775 καὶ
637 722 900 786 Φοίνικες·
929 722 1018 776 διὰ
1049 722 1208 778 τοῦτό
1229 741 1381 796 φησι·
1412 724 1765 793 Μεριοῦνται
1782 724 1835 777 δὲ

1951 724 2040 792 qui
2071 733 2124 777 et
2159 723 2462 788 Phil-uices,
2490 736 2775 794 propterea
2800 726 2932 780 dicit
2968 742 2983 778 :
3022 725 3330 778 Partientur
3355 731 3534 779 autent

255 813 451 868 αὑτὸν
476 812 767 865 Φοινίκων
790 812 957 880 ἔθνη.
993 813 1263 876 Ἕκαστος
1306 812 1470 883 μέρος
1502 830 1553 864 τι
1583 811 1849 882 λαμϐάνει

255 900 371 954 ἀπὺ
416 901 511 954 τοῦ
560 901 873 973 δράκοντος,
909 901 1006 956 ἐὰν
1049 897 1172 974 ᾗτὸ
1214 905 1367 972 γένος
1399 904 1699 965 Χαναναῖος
1754 901 1850 954 καὶ

255 994 463 1061 Φοῖνιξ.

256 1086 415 1158 Στίχ.
453 1093 565 1152 κς¹.
598 1084 817 1158 Πᾶνῗδὲ
842 1085 1083 1140 πλωτὸν
1120 1086 1422 1158 συνενρθύν
1451 1085 1636 1158 οὐίμὴ
1678 1086 1846 1158 ἐνέπα-

536 1170 684 1210 κωσι
707 1157 955 1224 βύρσαν
972 1157 1122 1225 μίαν
1156 1155 1342 1225 οὐρᾶς
1371 1157 1576 1213 αὑτοῦ.

332 1247 445 1319 (41)
472 1248 554 1302 Τὰ
582 1249 864 1302 τελευταῖα
897 1247 991 1301 τοῦ
1016 1247 1308 1320 δράκοντος
1328 1250 1421 1303 καὶ
1453 1248 1520 1302 τὰ
1555 1248 1754 1320 ἔσχατα
1783 1250 1844 1303 οὐ

252 1340 516 1394 δύνανται
549 1341 819 1413 νεκρῶσαι
845 1341 1022 1395 πάντα
1058 1343 1176 1412 ἅμα
1203 1341 1408 1396 πλωτά.
1451 1343 1514 1396 Oi
1545 1342 1842 1415 ἄνθρωποι,

253 1434 465 1498 πλοίοις
485 1433 756 1505 χρώμενοι
786 1437 897 1498 τοῖς
929 1435 1198 1505 σώμασιν,
1233 1436 1294 1489 οὐ
1319 1434 1572 1490 δύνανται
1600 1439 1843 1506 ἐνεγκεῖν

254 1527 466 1598 βύρσαν
499 1529 627 1597 μίαν
658 1528 824 1598 οὐρᾶς
859 1525 1044 1580 αὑτοῦ.
1076 1527 1236 1579 Αὐτοὶ
1269 1525 1390 1580 καθ’
1421 1527 1645 1591 ἑαυτοὺς
1677 1528 1738 1581 οὐ
1755 1527 1844 1581 δύ-

251 1637 466 1675 νανται·
500 1619 649 1683 Θείας
684 1620 742 1673 δὲ
777 1621 1061 1690 δυνάμεως
1105 1619 1529 1691 ἐπισκοπούσης,
1565 1619 1840 1692 δυνάμεθα

249 1712 314 1766 οὐ
351 1713 513 1784 μόνον
554 1712 756 1787 βύρσαν
794 1713 922 1784 μίαν
965 1714 1133 1785 οὐρᾶς
1184 1711 1372 1777 αὐτοῦ,
1398 1711 1532 1767 ἀλλὰ
1575 1713 1670 1766 καὶ
1720 1713 1840 1768 ὅλον

249 1807 419 1861 αὐτὸν
455 1807 701 1876 κομίσαι,
752 1805 848 1858 καὶ
894 1806 1014 1858 ὅλον
1067 1806 1230 1860 αὑτὸν
1267 1804 1561 1876 νεκρῶσαι.
1598 1804 1840 1876 Νεκροῦ-

1949 815 2098 868 illum
2148 811 2458 868 Plitenicum
2498 825 2698 886 gentes.
2741 815 2982 884 Quisque
3027 827 3238 886 partem
3288 816 3527 884 aliquam

1948 907 2150 976 accipit
2175 924 2203 960 a
2227 909 2486 973 dracone,
2517 908 2562 961 si
2587 909 2658 961 sit
2687 923 2886 978 genere
2915 909 3258 964 Chaunuqu
3283 917 3339 962 et
3366 905 3532 976 Rha:-

1949 1013 2062 1050 lllX.

1949 1087 2013 1144 Υ.
2054 1087 2145 1144 26.
2184 1087 2348 1159 Omne
2384 1099 2557 1142 autem
2603 1089 2897 1159 navigabile
2947 1089 3279 1150 conveniens,
3333 1104 3529 1159 nequa-

2121 1175 2279 1228 quam
2308 1157 2481 1226 ferant
2517 1157 2738 1212 corium'
2761 1176 2926 1212 unum
2961 1161 3146 1212 cauda:
3187 1160 3351 1213 illius.

2017 1248 2272 1304 Extrema
2308 1265 2670 1320 supremaque
2703 1251 2957 1305 draconis
2990 1266 3094 1305 non
3130 1259 3354 1320 possunt
3385 1266 3530 1304 mor-

1948 1341 2158 1396 tiﬁcare
2190 1343 2372 1396 omnia
2405 1343 2565 1396 simul
2613 1343 2962 1412 navigabilia.
3019 1341 3281 1398 Homines
3307 1353 3526 1412 utentes

1945 1433 2265 1502 corporibus
2312 1449 2411 1488 ceu
2459 1434 2724 1504 navigiis,
2792 1446 3067 1504 nequeunt
3125 1435 3268 1490 ferre
3303 1411 3527 1493 'corium

1946 1541 2112 1580 unum
2142 1527 2326 1581 caudae
2351 1526 2513 1580 illius.
2553 1527 2658 1595 Ipsi
2682 1543 2778 1594 per
2799 1542 2859 1582 se
2890 1537 3163 1598 nequeunt
3193 1546 3206 1582 :
3247 1539 3303 1583 at
3333 1529 3522 1584 divina

1946 1617 2160 1674 favente
2188 1619 2408 1686 virtute,
2445 1636 2731 1690 possumus
2773 1637 2879 1676 non
2911 1622 3083 1676 solum
3113 1622 3326 1677 corium
3356 1638 3524 1676 unum

1944 1711 2128 1766 cauda:
2159 1711 2323 1776 illius,
2355 1714 2450 1765 sed
2485 1721 2540 1766 et
2573 1721 2742 1765 totum
2775 1713 2950 1782 ipsum
2985 1723 3226 1782 portare,
3259 1722 3312 1766 et
3347 1723 3520 1767 totum

1945 1801 2119 1872 ipsum
2171 1804 2525 1857 mortiﬁcare.
2599 1802 2988 1859 Mortiﬁcamus
3033 1815 3215 1858 autem
3270 1805 3521 1875 quisque.

252 1915 357 1970 μεν
382 1898 441 1952 δὲ
472 1899 718 1961 ἕκαστος,
745 1898 808 1952 τὸ
837 1899 961 1952 ὅσον
990 1899 1076 1969 ἐφ’
1109 1897 1306 1969 ἑαυτῷ,
1329 1898 1419 1950 τὸν
1448 1897 1712 1963 διάϐολον,
1743 1916 1835 1952 κα-

1948 1907 2201 1964 quautum
2251 1896 2304 1949 in
2353 1911 2412 1949 se
2452 1907 2556 1960 est,
2621 1896 2923 1958 diabolum,
2975 1895 3129 1965 juxta
3185 1899 3328 1963 quod
3381 1897 3523 1964 apud

247 1989 321 2043 τὰ
356 1988 419 2041 τὸ
462 1987 752 2059 εἰρημένον
805 1987 954 2059 παρὰ
993 1988 1071 2060 τῷ
1127 1987 1453 2058 Ἀποστόλῳ’
1505 1987 1567 2040 '0
1601 1985 1670 2039 δὲ
1697 1987 1841 2055 Θεὸς

247 2081 583 2149 συντρίψω
612 2079 719 2133 τὸν
747 2078 1023 2136 Σατανᾶν
1056 2079 1175 2135 ὑπὸ
1207 2079 1350 2146 τοὺς
1371 2079 1560 2146 πόδας
1578 2079 1743 2150 ὑμῶν
1771 2085 1841 2134 ἐν

249 2172 445 2242 τάχει.

892 2266 1051 2320 ΚΕΦ.
1067 2265 1204 2320 MA'.

248 2355 399 2426 Στέχ.
459 2357 522 2410 δ’.
586 2357 682 2424 Τίς
725 2357 1120 2444 ἀποκαλύψει
1159 2357 1485 2425 πρόσωπον
1536 2355 1840 2422 ἐνδύσεως

935 2445 1124 2482 αυτου
1142 2444 1161 2491 ;

313 2519 414 2572 Διὰ
445 2519 496 2572 τί
517 2521 618 2573 οὐκ
641 2515 779 2574 εἷπε·
821 2520 917 2585 Τίς
941 2520 1277 2592 ἀποκαλύψει
1307 2522 1596 2594 πρόσωπον
1637 2519 1836 2588 αὑτοῦ;

245 2611 311 2665 Τί
325 2615 474 2665 ποιεῖ
486 2613 672 2667 ἐνθάδε
691 2614 836 2685 καὶὴ
865 2613 1147 2682 ἐνδυσις;
1174 2615 1268 2682 Τίς
1292 2615 1399 2688 γὰρ
1432 2617 1836 2685 ἀποκαλύψει,

243 2703 404 2774 φησι,
427 2705 755 2771 πρόσωπον
795 2704 1096 2772 ἐνδύσεως
1125 2707 1345 2770 αὐτοῦ;
1397 2706 1511 2760 Ἵνα
1557 2707 1721 2779 νοηθῇ
1778 2706 1839 2759 τὸ

245 2792 561 2867 λεγόμενον,
592 2795 996 2868 παραδείγματι
1041 2797 1373 2869 χρησώμεθα
1407 2797 1514 2850 τῶν
1561 2797 1838 2869 περιτιθε-

249 2889 428 2961 μένων
458 2888 837 2961 προσωπείων,
867 2890 961 2944 καὶ
992 2889 1421 2962 μὴφαινομένων
1439 2890 1594 2944 τοῦτο
1624 2891 1652 2944 ὃ
1679 2892 1835 2953 εἰσιν,

244 2981 383 3036 ἀλλὰ
417 2981 630 3036 θέλουσι
657 2983 851 3037 δοκεῖν.
879 2983 1344 3055 Ἀναλαμὸἁνουσι
1366 2984 1474 3055 γὰρ
1495 2985 1835 3055 προσωπεῖα,

248 3077 380 3148 φέρε
415 3077 613 3139 εἰπεῖν,
639 3071 782 3131 οὗτοι
815 3079 872 3130 ὲν
908 3080 1029 3140 ταῖς
1069 3077 1330 3148 θυμέλαις
1363 3075 1674 3148 ὑποκριταὶ,
1705 3075 1837 3128 ποτὲ

251 3170 354 3241 μὲν
409 3168 750 3241 ἡγουμένων,
809 3169 939 3223 ποτὲ
989 3169 1047 3221 δὲ
1079 3167 1252 3223 ἄλλων
1295 3168 1579 3239 βασιλέων,
1611 3167 1741 3220 ποτὲ
1779 3166 1837 3219 δὲ

1941 1985 2255 2054 Apostolum
2302 1988 2506 2042 dicitur
2537 2005 2551 2042 :
2587 1987 2728 2041 Deus
2777 2000 2953 2042 autem
2995 2000 3230 2044 conterat
3266 1988 3523 2044 Satanam

1941 2076 2034 2128 sub
2063 2077 2220 2145 pedes
2248 2087 2440 2132 vestros
2464 2080 2518 2132 in
2543 2081 2810 2134 celeritate
2834 2080 2904 2134 ".
3147 2060 3154 2065 1

2566 2260 2716 2316 (ΞΜ).
2765 2259 2895 2315 XLI.

2086 2369 2148 2426 V.
2182 2371 2238 2427 ὃ.
2278 2373 2407 2438 Quis
2435 2384 2624 2442 releget
2661 2374 2849 2443 facient
2887 2376 3180 2430 indumenti
3211 2376 3326 2441 eius
3350 2377 3376 2429 ?

2009 2511 2120 2569 Cur
2153 2527 2260 2568 non
2308 2511 2466 2577 dixit,
2501 2510 2636 2578 Quis
2687 2520 2898 2583 releget
2936 2511 3131 2567 faciem
3177 2513 3334 2581 ejus?
3377 2515 3518 2582 Quid

1939 2600 2074 2656 facit
2120 2602 2209 2657 hic
2252 2612 2306 2657 et
2362 2603 2782 2657 indumentum?
2824 2604 2953 2670 Quis
2983 2603 3128 2658 enim
3167 2615 3376 2675 releget,
3419 2605 3518 2671 ait,

1940 2691 2126 2761 faciem
2152 2693 2444 2748 indumenti
2464 2694 2622 2762 ejus?
2658 2693 2728 2750 Ut
2768 2697 2912 2764 quod
2937 2695 3140 2750 dicitur
3169 2696 3517 2768 intelligatur,

1939 2794 2156 2839 utamur
2185 2786 2432 2857 exemplo
2467 2787 2746 2842 larvarum
2782 2804 2923 2859 quas
2957 2789 3210 2852 induunt,
3246 2804 3346 2845 nec
3378 2805 3522 2845 com-

1937 2886 2131 2946 parent
2178 2878 2321 2946 quod
2355 2890 2504 2942 sunt,
2544 2879 2638 2933 sed
2682 2880 2828 2949 quod
2870 2880 3042 2934 videri
3085 2881 3290 2936 volunt.
3345 2881 3517 2937 Assu-

1939 2978 2094 3023 munt
2130 2969 2275 3023 enim
2317 2969 2498 3025 larvas
2531 2972 2832 3041 generatim
2884 2972 2919 3026 ii
2967 2973 3060 3042 qui
3098 2973 3152 3028 in
3189 2975 3370 3028 scenis
3398 2989 3521 3044 per-

1939 3073 2128 3114 sonam
2169 3058 2407 3128 aliquam
2446 3060 2730 3128 simulant,
2764 3061 3060 3132 aliquando
3104 3063 3330 3127 ducum,
3387 3063 3521 3119 alia.

1940 3147 2169 3203 aliorum
2211 3164 2437 3219 regum,
2487 3165 2873 3220 nonnunquam
2914 3151 3228 3206 mulierum.
3269 3153 3348 3208 Ac
3383 3168 3514 3222 pro-

241 3240 542 3331 γυναικῶν.
583 3262 694 3314 Καὶ
712 3260 774 3314 τὸ
814 3261 912 3332 μὲν
955 3261 1087 3314 ῐδιον
1111 3260 1290 3315 αὐτῶν
1313 3261 1602 3332 πρόσωπον
1638 3259 1835 3314 ἀποκέ-

1948 3241 2058 3312 pria
2093 3241 2312 3312 quidem
2347 3255 2536 3297 eorum
2563 3240 2731 3297 facies
2769 3241 3094 3309 occultatur,
3126 3251 3182 3298 et
3209 3244 3354 3313 quod
3395 3251 3523 3298 sunt

243 3373 508 3427 κρυπται,
539 3356 635 3410 καὶ
658 3356 686 3408 ὅ
720 3357 855 3408 εἰσιν
876 3355 937 3407 οὐ
969 3353 1265 3423 φαίνονται’
1295 3353 1324 3406 ὃ
1352 3353 1409 3406 δὲ
1433 3352 1669 3417 δοκοῦσι,
1708 3352 1831 3423 βλέ-

242 3465 462 3502 πονται.
492 3445 746 3510 Τοιοῦτός
777 3448 924 3499 ἐστιν
948 3447 977 3498 6
1000 3445 1235 3516 δράκων.
1280 3443 1548 3498 Οὐδέποτε
1576 3443 1636 3498 τὸ
1667 3445 1835 3515 πρόσ-

236 3557 394 3594 ωπον
415 3539 586 3594 αὑτοῦ
606 3539 894 3592 δείκνυσινο
931 3535 1067 3590 ἀλλὰ
1100 3538 1147 3588 εἰ
1181 3535 1292 3607 (42)
1332 3536 1624 3608 πρόσωπον
1653 3534 1832 3589 λαϐὼν

237 3633 322 3694 εἰς
354 3630 576 3700 ἀπάτην
594 3630 702 3683 τῶν
731 3626 1056 3702 ἀνθρώπων,
1088 3629 1264 3680 ἐκεῖνο
1299 3625 1413 3698 (45)
1441 3627 1660 3698 χρῆται.
1721 3627 1834 3679 Καὶ

237 3721 357 3793 ἔχει
388 3739 455 3791 γε
495 3723 525 3773 ὁ
551 3721 743 3793 ἐχθρὸς
785 3715 942 3784 οὗτος
975 3718 1146 3772 πολλὰ
1191 3720 1536 3790 προσωπεῖα,
1579 3719 1675 3772 καὶ
1709 3718 1834 3771 καθ’

239 3813 483 3885 ἑκάστην
512 3813 710 3868 κακίαν
736 3814 1026 3885 πρόσωπον
1040 3811 1306 3884 λαμϐάνει
1336 3809 1681 3881 ἀρετῆς.Καὶ
1706 3810 1836 3879 μετ’

237 3908 416 3977 ὀλίγα
432 3909 524 3973 είς
552 3907 617 3960 τὸ
635 3906 802 3975 ἑξῆς.

387 4003 468 4056 Τὰ
511 4003 816 4056 ὑπόλοιπα
841 4001 948 4055 τοῦ
976 3999 1423 4071 προγραφέντος
1451 3999 1690 4068 στίχου.

306 4093 426 4164 (44)
457 4093 532 4147 Τὸ
566 4093 858 4164 πρόσωπον
887 4093 916 4146 ὃ
947 4093 1230 4147 ἐνεδύσατο
1257 4093 1341 4156 τίς
1373 4091 1555 4153 ἱκανὸς
1585 4089 1835 4158 ὲλέγξαις

239 4188 322 4252 τίς
348 4187 534 4252 ἱκανὸς
556 4187 904 4257 ἀποκαλύψαι
942 4187 1036 4241 καὶ
1075 4187 1232 4258 λῆξαι
1263 4185 1372 4257 (45)
1395 4185 1423 4237 6
1454 4201 1507 4237 τι
1541 4183 1686 4236 ἔνδον
1710 4183 1842 4254 δρά-

239 4297 350 4333 κων
383 4281 537 4345 ὲστί;
573 4278 817 4333 Τοιοῦτοί
839 4279 943 4332 εἰσί
977 4295 1121 4342 τινες
1151 4279 1245 4331 καὶ
1282 4277 1432 4332 ἄλλοι
1469 4274 1709 4347 μαθηταὶ
1743 4276 1839 4327 αὑ-

240 4372 354 4435 τοῦ,
409 4373 642 4438 Οῗτινες
690 4371 966 4442 ἔρχονται
1021 4371 1172 4439 πρὸς
1213 4367 1375 4438 ὑμᾶς
1409 4368 1480 4421 ἐν
1541 4366 1836 4436 ἐνδύμασι

240 4465 578 4534 προϐάτων,
597 4464 846 4518 ἔνδοθεν
867 4463 933 4517 δέ
961 4466 1078 4517 εἱσι
1104 4463 1280 4516 λύκοι
1320 4461 1600 4529 ἅρπαγες.

239 4557 644 4629 Στίχ.δ’.Ειςδὲ
659 4557 815 4622 πτύξ
820 4575 875 4610 ιν
885 4554 1146 4624 θώρακος
1160 4552 1344 4609 αὑτοῦ
1361 4553 1451 4618 τίς
1467 4551 1542 4604 ἂν
1556 4550 1836 4611 εἱσέλθοι;

1937 3347 2046 3387 non
2079 3342 2434 3401 comparent;
2481 3335 2626 3401 quod
2681 3347 2811 3387 vero
2844 3334 3014 3388 videri
3046 3333 3254 3398 volunt,
3285 3349 3522 3388 cernun-

1938 3436 2046 3481 tur.
2105 3425 2251 3480 Talis
2297 3435 2384 3480 est
2427 3435 2484 3480 et
2533 3427 2720 3480 draco.
2772 3425 3060 3496 Nunquam
3114 3426 3310 3481 faciem
3365 3442 3520 3481 suam

1936 3518 2173 3573 ostendit
2211 3537 2224 3572 :
2261 3518 2358 3573 sed
2385 3519 2589 3573 larvam
2614 3535 2898 3576 assumens
2929 3522 2998 3574 ad
3043 3520 3392 3589 decipiendos
3423 3519 3522 3574 ho-

1937 3612 2130 3677 mines,
2164 3611 2251 3664 illa
2281 3613 2470 3666 utitur.
2500 3611 2685 3667 Habet
2715 3628 2876 3680 porro
2905 3613 3252 3668 adversarius
3278 3611 3379 3666 iste
3410 3611 3523 3666 lar-

1936 3719 2033 3758 vas
2066 3703 2287 3768 multas,
2333 3714 2389 3758 et
2424 3704 2492 3758 ad
2526 3706 2801 3773 quodlibet
2834 3705 3022 3760 vitium
3071 3705 3276 3758 larvam
3307 3705 3522 3760 virtutis

1939 3795 2186 3850 assumit.
2229 3795 2293 3849 Et
2321 3809 2438 3866 post
2466 3814 2638 3866 pauca
2676 3798 2734 3852 in
2775 3797 2832 3851 id
2869 3798 3012 3868 quod
3051 3799 3304 3868 sequitur.

2305 3979 2584 4050 Reliquum
2619 3981 2918 4050 praescripti
2952 3995 3150 4033 versus.

2010 4071 2239 4126 Larvam
2266 4087 2430 4142 quam
2465 4073 2658 4135 induit,
2709 4072 2832 4140 quis
2857 4073 3115 4128 evincere
3140 4070 3350 4140 possit?
3383 4069 3520 4137 Quis

1937 4165 2109 4233 possit
2137 4165 2388 4234 detegere
2415 4179 2478 4218 ac
2507 4164 2800 4220 ostendere
2847 4164 2976 4234 quid
3013 4163 3180 4218 draco
3220 4163 3369 4218 intus
3416 4163 3522 4217 sit?

1940 4257 2100 4312 Tales
2130 4266 2258 4312 sunt
2287 4267 2342 4311 et
2375 4255 2571 4326 reliqui
2614 4255 2868 4324 discipuli
2915 4255 3054 4324 ejus,
3078 4256 3168 4324 qui
3213 4257 3421 4309 veniunt
3449 4255 3518 4307 ad

1939 4365 2030 4403 vos
2058 4350 2111 4401 in
2145 4349 2460 4404 vestimentis
2499 4350 2692 4415 avium,
2725 4351 2868 4403 intus
2901 4361 3077 4403 autem
3114 4359 3234 4403 sunt
3273 4348 3386 4415 lupi
3429 4365 3519 4400 ra-

1938 4460 2092 4513 paces
2117 4445 2183 4496 “.
2702 4458 2704 4460 '

1941 4538 2005 4594 ν.
2029 4538 2083 4590 4.
2110 4535 2174 4590 In
2192 4537 2382 4604 plicam
2403 4553 2520 4590 vero
2552 4535 2792 4588 thoracis.
2805 4533 2922 4604 ejus
2951 4534 3070 4604 quis
3098 4533 3303 4604 ingredi
3327 4529 3523 4601 queat?

319 4628 520 4722 Ὅρᾷς;
579 4648 762 4721 Θώραξ
791 4642 946 4713 οὗτος
975 4645 1322 4719 ὀνομάζεται,
1365 4645 1458 4698 καὶ
1495 4642 1705 4714 στῆθοςσ
1733 4639 1826 4692 καὶ

2003 4630 2227 4686 Viden"!
2279 4631 2473 4685 thorax
2533 4631 2634 4684 iste
2689 4630 3024 4691 nominatur,
3083 4637 3139 4679 et
3193 4634 3382 4694 pectus
3420 4632 3522 4676 :et

243 4741 442 4816 θώραξ.
475 4744 611 4796 ὅπου
644 4742 760 4794 ἐστὶ
805 4741 864 4795 τὸ
886 4739 1224 4813 ἡγεμονικόν.
1261 4739 1371 4807 Οὐχ
1401 4734 1606 4798 ἁπλοῦς
1627 4735 1774 4786 ἐστιν
1803 4733 1832 4785 6

243 4833 420 4906 θώραξ
453 4833 641 4888 αὑτοῦ.
673 4833 838 4888 Οὐδὲν
868 4832 980 4904 ἔχει
1010 4830 1234 4886 ἁπλοῦν.
1265 4827 1448 4892 Δόλιός
1476 4828 1643 4889 ἐστιν,
1666 4827 1833 4878 ἐπτυ-

1934 4723 2260 4789 thorax,uhi
2299 4733 2382 4778 est
2433 4722 2765 4777 moderatrix
2817 4723 3014 4776 animae
3063 4719 3316 4774 facultas.
3368 4717 3521 4772 llaud

1935 4814 2167 4886 simplex
2207 4825 2291 4870 est
2320 4816 2511 4872 thorax
2543 4815 2708 4870 illius.
2737 4813 2886 4868 Nihil
2919 4814 3082 4869 habet
3109 4812 3361 4881 simplex.
3418 4809 3521 4862 Do-

243 4897 438 4999 γμένοξ
474 4929 648 4982 ἐστίν.
681 4929 784 4993 Εἰς
817 4897 1049 4993 οὖν-τὴν
1082 4922 1302 4987 πτύειν
1337 4919 1600 4990 θώρακος
1644 4914 1830 4971 αὑτοῦ

1953 4921 2081 4960 osus
2105 4915 2208 4972 est,
2242 4905 2472 4974 plicatus
2501 4915 2604 4960 est.
2639 4905 2702 4958 In
2725 4904 2925 4975 plicam
2961 4903 3128 4973 igitur
3159 4901 3386 4955 thoracis
3407 4897 3520 4968 ejus

246 5023 330 5086 τίς
347 5020 424 5074 ἂν
440 5020 748 5083 εὶσέλθοι;
776 5020 965 5086 ’Ἄγιος
1005 5017 1060 5070 δὲ
1102 5015 1344 5086 ἐλέγχειν
1378 5011 1538 5066 αὐτὸν
1580 5010 1828 5071 δύναται,

246 5113 334 5167 καὶ
357 5113 557 5179 δεῖξαι,
588 5112 670 5164 ὅτι
697 5111 959 5164 ἕπτυκται
985 5107 1148 5162 αὑτοῦ
1181 5110 1209 5162 ὁ
1242 5105 1443 5178 Θώραξ·
1478 5101 1572 5157 τοῦ
1595 5102 1650 5155 δὲ
1671 5100 1828 5170 ἁγίου

249 5201 342 5254 οὐκ
368 5201 657 5254 ἓπτυκται.

233 5279 242 5290 ’
319 5294 465 5366 Στίχ.
503 5293 569 5350 ε’.
599 5295 809 5360 Πύλας
833 5290 1156 5361 προσώπου
1179 5287 1365 5343 αὑτοῦ
1395 5285 1487 5352 τίς
1512 5281 1776 5346 ἀνοίξει;

318 5387 567 5458 Κρύπτει
615 5385 685 5438 τὰ
732 5385 878 5438 ἔνδον
919 5383 1278 5453 ἀποκείμενα.
1335 5379 1432 5444 Τίς
1464 5372 1565 5430 οὖν
1594 5373 1830 5437 ἀνοίξει

250 5481 347 5548 τὰς
367 5482 571 5546 πύλας
603 5478 712 5532 τοῦ
739 5475 1068 5546 προσώπου
1093 5472 1281 5528 αὐτοῦ
1309 5487 1327 5534 ;
1350 5470 1446 5535 Τίς
1472 5461 1625 5530 οὗτός
1655 5466 1827 5529 ἐστιν,

351 5621 396 5652 ’³
416 5618 698 5682 Rom.xv1,
727 5615 820 5671 20.
897 5615 943 5649 "
968 5613 1155 5670 Matth.
1190 5628 1285 5677 vu,
1319 5611 1406 5666 t5.

452 5772 894 5854 (_Ionfer_0lym_p.

318 5832 424 5922 ltili
458 5832 629 5922 [)eest
659 5832 1013 5922 inconixxr.
1032 5841 1129 5899 Hic
1153 5852 1368 5913 quoque
1392 5835 1580 5895 confer
1606 5832 1820 5906 Olymp.

318 5915 422 5994 (te)
454 5919 627 5978 Forte
657 5915 770 5972 ἀλλ’
805 5915 924 6006 ἀει..

1931 4999 2050 5068 quis
2074 4998 2279 5067 ingredi
2327 4998 2524 5067 queat?
2582 4996 2816 5051 Sanctus
2865 5008 3098 5064 arguere
3145 5005 3268 5046 eum
3318 4999 3516 5059 potest,

1937 5100 2100 5158 atque
2123 5089 2411 5144 ostendere
2436 5089 2691 5158 plicatutn
2723 5103 2845 5143 esse
2875 5081 3322 5154 thoracemejus,
3349 5079 3520 5135 sancti

1915 5189 2068 5235 vero
2100 5194 2206 5234 non
2229 5194 2349 5234 esse
2379 5179 2660 5248 plicatam.

2151 5271 2216 5326 V.
2256 5271 2310 5326 5.
2354 5242 2542 5326 ρονιαε
2575 5270 2731 5339 faciei
2769 5242 2886 5339 ejui
2908 5267 3024 5338 quis
3065 5263 3312 5330 aperiet?

2011 5364 2268 5420 Occultat
2299 5379 2422 5434 qua:
2448 5365 2596 5418 intus
2623 5365 2855 5433 reposita
2896 5367 3043 5413 sunt.
3080 5357 3209 5421 Quis
3247 5369 3376 5425 ergo
3400 5367 3522 5417 ape-

1938 5462 2235 5528 rietportas
2273 5459 2433 5526 [aciei
2482 5457 2595 5527 ejus
2627 5459 2650 5511 ?
2681 5456 2813 5522 Quis
2859 5454 2960 5508 iste
3008 5461 3117 5517 est,
3148 5459 3204 5503 ut
3233 5457 3425 5520 arguat
3466 5457 3523 5504 et

2003 5754 2116 5825 (45)
2150 5751 2289 5825 Lese
2317 5747 2530 5825 ὲκεὲνφ·

2012 5813 2125 5895 (ιι)
2150 5813 2256 5895 [lic
2283 5813 2497 5895 etAintra
2525 5815 2712 5874 confer
2736 5813 2952 5885 Olymp.

2032 5888 2122 5967 45)
2146 5892 2308 5950 Forte
2339 5888 2529 5958 δεῖξαι.
