4004 6520
526 442 551 493 1
561 441 627 494 05

1405 432 1968 490 SUPPLEMENTUM
2010 431 2099 486 AD
2139 428 2462 487 ORIGENIS
2495 424 2906 483 EXEGETICA.

3678 422 3778 477 ut

524 557 795 621 ostendat,
845 562 1101 625 quantam
1152 552 1422 616 fraudem,
1479 561 1745 622 quantum
1805 567 2138 616 venenum”

2231 548 2336 600 me
2362 543 2576 614 ἐλέγξαι
2598 543 2689 596 καὶ
2709 540 2877 606 δεῖξαι
2896 541 3018 594 ὅσον
3045 538 3214 604 δόλον,
3240 535 3366 592 ὅσον
3393 537 3491 604 ἰὸν,
3513 538 3615 592 ὅσα
3638 541 3785 592 κακὰ

525 661 728 725 quanta
755 649 891 704 mala
924 648 1116 702 habeat
1149 645 1470 700 recondita?

859 736 925 793 V.
959 737 1012 792 5.
1054 733 1208 790 Circa
1239 737 1418 789 dentes
1452 735 1566 804 ejus
1598 734 1777 790 timor.

597 833 672 887 De
718 831 913 901 quibus
945 829 1191 884 dicitur:
1241 827 1429 881 Dentes
1488 837 1819 895 peccatorum
1860 827 2099 881 contrivi-

526 927 592 981 sti
617 926 683 979 ".
720 923 806 988 Et,
839 922 1093 976 Dominus
1115 929 1340 975 conteret
1363 919 1527 974 molas
1561 920 1766 974 leonum
1786 918 1852 971 θ’,
1874 917 1988 972 Non
2019 928 2100 974 est

527 1018 634 1073 iste
671 1017 834 1071 timor
888 1015 981 1070 Dei
1019 1029 1034 1068 :
1070 1013 1165 1069 sed
1201 1013 1360 1066 timor
1387 1013 1529 1067 circa
1572 1012 1751 1066 dentes
1791 1011 1924 1080 ejus.
1955 1009 2024 1064 At
2055 1012 2098 1064 si

526 1111 782 1165 habueris
812 1108 1088 1164 Christum
1126 1108 1181 1160 in
1207 1107 1401 1177 teipso,
1434 1120 1502 1161 ne
1535 1120 1722 1160 curam
1752 1119 1908 1172 geras
1959 1104 2101 1158 illius

528 1203 741 1258 timoris
782 1220 794 1256 :
833 1201 1114 1255 Dominum
1158 1203 1298 1254 enim
1328 1198 1496 1252 Deum
1544 1208 1694 1252 tuum
1743 1197 1947 1250 timebis
1984 1212 2003 1249 :
2041 1212 2101 1249 ac

527 1307 719 1368 pratter
746 1297 1006 1367 ipsumne
1031 1294 1216 1348 timeas
1245 1293 1409 1346 alium
1440 1291 1506 1345 9°.

777 1473 841 1529 V.
883 1474 938 1531 6.
981 1473 1247 1528 Interiora
1286 1471 1400 1542 ejus
1434 1473 1641 1542 aspides
1684 1489 1855 1529 arreaz.

604 1571 953 1633 Docmnenta,
1011 1569 1245 1640 cogitata
1301 1565 1534 1622 occulta.
1590 1565 1785 1622 Omnia
1837 1581 2102 1622 venenum

531 1664 776 1733 aSpidum
822 1672 970 1729 sunt,
1003 1663 1258 1716 universa
1305 1675 1427 1730 qua:
1479 1669 1604 1714 sunt
1651 1661 1794 1714 intra
1832 1660 2001 1714 illum.
2041 1659 2106 1713 Et

530 1756 746 1826 aSpides
777 1763 936 1819 sunt,
971 1769 1076 1808 non
1134 1753 1322 1807 molles
1358 1752 1623 1822 quaedam,
1675 1751 1770 1806 sed
1821 1751 2102 1822 praedurat.

533 1847 802 1904 Pradurm
829 1847 973 1902 enim
1005 1856 1128 1900 sunt
1161 1845 1398 1916 aspides.

1031 1936 1210 1990 v.10.
1243 1935 1327 1989 Ex
1358 1950 1444 1989 ore
1478 1933 1620 2004 ejus.

609 2029 987 2100 Blasphemim,
1014 2037 1068 2083 et
1099 2041 1381 2083 sermones
1419 2027 1730 2097 impiorum,
1768 2035 1928 2097 atque
1975 2025 2110 2082 irre-

537 2123 854 2194 ligiosorum
881 2121 1188 2176 doctorum.

540 2212 606 2269 V.
634 2211 722 2272 10.
758 2209 844 2266 Ex
870 2227 959 2266 ore
989 2209 1104 2280 ejus
1135 2207 1435 2280 procedant
1466 2206 1736 2280 lampades
1763 2207 2027 2272 ardentes,
2059 2215 2109 2260 et

994 2278 1299 2335 evibrantnr
1333 2278 1436 2347 foci
1472 2278 1623 2346 ignis.

607 2438 857 2493 Arbitror
894 2435 1144 2505 equidem
1186 2433 1470 2488 universos
1518 2433 1682 2487 etiam
1734 2433 1925 2499 impios
1977 2435 2115 2487 irre-

541 2529 856 2599 ligiosorum
910 2527 1219 2595 dogmatum
1255 2523 1532 2589 doctores,
1574 2523 1792 2592 pr0prie
1820 2539 1940 2578 esse
1985 2527 2116 2578 dra-

542 2619 697 2676 conis
725 2619 964 2674 mcmbra
995 2635 1009 2670 :
1057 2633 1121 2672 ac
1151 2616 1523 2671 membrorum
1568 2616 1820 2670 draconis
1896 2617 2115 2670 nomina

543 2711 590 2767 si
625 2711 709 2765 vis
751 2709 961 2770 audire.
1007 2708 1194 2777 quales
1238 2715 1365 2762 sunt
1395 2706 1519 2760 isti?
1553 2705 1626 2761 Os
1656 2706 1912 2762 draconis
1949 2712 2120 2776 possit

540 2814 597 2860 et
626 2803 831 2873 tr0pice
869 2801 1096 2868 intelligi
1126 2812 1386 2871 praeterea
1423 2801 1495 2863 id,
1524 2801 1666 2855 unde
1694 2810 1817 2855 sunt
1839 2815 2119 2856 sermones

543 2896 856 2967 perniciosi.
894 2894 1002 2966 (Ex
1043 2911 1132 2948 ore
1169 2896 1304 2948 enim
1350 2893 1464 2963 ejus
1505 2893 1774 2960 lampades
1817 2893 2117 2960 dispereunt

542 2990 727 3061 ignis.)
767 2987 906 3054 Quia
947 3003 1010 3041 ex
1040 3002 1130 3040 ore
1173 2985 1287 3056 ejus
1337 2985 1441 3054 foci
1484 2985 1785 3055 dispereunt
1841 2986 1997 3054 ignis.
2061 2983 2118 3038 Si

545 3078 764 3147 quando
810 3076 987 3131 audivi
1035 3075 1456 3132 calumniantem
1507 3089 1812 3130 sermonem
1855 3083 2118 3144 praetextu

544 3167 983 3234 Cb-ristianismi,
1039 3155 1461 3223 calumniantem
1501 3166 1814 3222 Creatorem
1842 3204 1860 3231 ,
1904 3166 2010 3232 vel,
2062 3175 2121 3219 ut

2205 640 2317 712 ἔχει
2350 637 2691 707 ἀποκείμενα
2714 650 2730 700 ;

2381 728 2526 797 Στίχ.
2553 725 2614 779 ε’.
2637 726 2852 787 Κύκλῳ
2888 719 3152 774 ὀδόν-των
3183 715 3370 772 αὐτοῦ
3394 717 3601 785 φόϐος.

2274 819 2409 890 Περί
2441 813 2516 871 ὢν
2563 817 2817 886 λέγεται·
2867 811 3142 876 Ὀδόντας
3183 806 3547 880 ἁμαρτωλῶν
3596 806 3784 862 συνέε-

2205 911 2439 979 τριψας.
2487 908 2620 972 Καὶ,
2652 908 2866 976 Κύριος
2915 904 3235 972 συντρίψει
3274 901 3381 968 τὰς
3423 902 3626 971 μύλας
3663 898 3786 952 τῶν

2205 1002 2488 1056 λεόντων.
2523 1000 2637 1052 Οὐκ
2669 997 2815 1051 ἔστιν
2849 995 3004 1060 οὗτος
3045 997 3074 1049 ό
3102 994 3265 1064 φόϐος
3309 991 3405 1046 τοῦ
3457 991 3591 1046 Θεοῦ
3614 1008 3630 1022 °
3667 990 3782 1045 ἀλλ’

2207 1095 2240 1145 ό
2266 1091 2469 1160 φόϐος,
2507 1092 2539 1143 ό
2579 1089 2782 1154 κύκλῳ
2816 1085 2934 1140 τῶν
2961 1085 3223 1140 ὀδόντων
3243 1083 3448 1138 αὑτοῦ.
3493 1082 3635 1136 Ἀλλ’
3686 1081 3784 1136 ἐὰν

2209 1183 2336 1254 ἔχῃς
2367 1182 2457 1236 τὸν
2490 1180 2722 1253 Χριστὸν
2744 1180 2800 1233 ὲν
2835 1177 3066 1250 σεαυτῷ,
3101 1177 3174 1250 μὴ
3199 1176 3446 1250 φρόντιζε
3474 1177 3666 1230 τούτου
3689 1176 3784 1230 τοῦ

2209 1273 2392 1342 φόϐου.
2438 1273 2654 1340 Κύριον
2689 1273 2800 1340 γὰρ
2824 1263 2930 1324 τὸν
2973 1270 3120 1324 Θεόν
3163 1285 3283 1325 σου
3314 1269 3649 1341 φοϐηθήσῃ,
3685 1273 3785 1325 καί

2209 1364 2378 1432 πλὴν
2413 1361 2600 1416 αὐτοῦ
2615 1361 2701 1431 μὴ
2734 1361 2920 1431 φοϐοῦ
2948 1362 3056 1416 τὸν
3086 1362 3298 1417 ἄλλον.

2280 1455 2428 1526 Στίχ.
2483 1461 2556 1519 ς’.
2592 1454 2667 1508 Τὰ
2693 1453 2914 1523 ἔγκατα
2943 1455 3128 1510 αὐτοῦ
3159 1457 3415 1524 ἀσπίδες
3471 1460 3714 1528 χαλκαῖ.

2279 1548 2360 1601 Τά
2416 1547 2682 1617 δόγματα,
2741 1545 2809 1599 τά
2869 1548 3116 1619 νοήματα
3174 1550 3243 1605 τὰ
3293 1551 3786 1623 ἀποκεκρυμμένα.

2212 1639 2395 1693 Πάντα
2434 1639 2511 1703 ἰὸς
2539 1637 2778 1692 ἀσπίδων
2819 1639 2958 1704 ἐστὶ,
2989 1640 3165 1695 πάντα
3179 1641 3247 1694 τά
3277 1641 3423 1696 ἔνδον
3455 1642 3642 1698 αὑτοῦ.
3681 1643 3794 1698 Καὶ

2211 1731 2433 1795 ἀσπίδες
2454 1730 2590 1783 εἰσὶν
2622 1731 2719 1802 οὐχ
2742 1730 2944 1785 ἁπαλαί
2965 1749 3126 1799 τινες,
3154 1734 3288 1788 ἀλλὰ
3318 1735 3570 1808 σκληραί.
3604 1735 3793 1789 ’Δσπί-

2209 1823 2300 1887 δες
2333 1825 2441 1895 γάρ
2470 1825 2573 1876 εἰσι
2615 1823 2868 1896 σκληραί.

2535 1915 2684 1986 Στίχ.
2717 1914 2769 1972 ι’.
2807 1917 2902 1971 Ἐκ
2937 1919 3235 1988 στόματος
3275 1916 3482 1970 αὐτοῦ.

2281 2012 2344 2063 Al
2384 2009 2724 2082 βλασφημίαι
2757 2010 2850 2064 καὶ
2877 2013 2926 2064 οἰ
2949 2011 3095 2081 λόγοι
3122 2012 3231 2066 τῶν
3260 2011 3470 2065 ἀσεϐῶν
3489 2011 3584 2065 καὶ
3611 2009 3793 2064 ἀθέων

2211 2100 2571 2157 διδασκάλων.

2213 2192 2364 2268 Σντίχἒ
2381 2188 2438 2268 ι’.
2483 2192 2586 2244 Ἐκ
2631 2191 2927 2268 στόματος
2966 2187 3154 2268 αὑτοῦ
3177 2186 3601 2268 ἐκπορεύογτᾳι
3642 2188 3796 2268 ἰαμ-

2285 2254 2471 2387 ius?
2516 2254 2842 2330 καιόμεφῖαι,
2883 2254 2984 2314 zeal
3040 2254 3484 2329 διαριπτοῦνται
3533 2254 3796 2324 ἐσχάραι

2285 2348 2406 2387 πυο
2445 2354 2498 2387 c.

2285 2348 2498 2399 πυρός.

2287 2351 2604 2494 ἷῖἕῖοδίμαι
2635 2420 2734 2492 μὲν
2785 2418 2878 2472 καὶ
2909 2414 3117 2476 πάντας
3164 2409 3291 2473 τοὺς
3341 2406 3557 2467 ἀσεϐεῖς
3610 2406 3796 2459 ἀθέων

2213 2517 2500 2588 δογμάτων
2527 2513 2826 2585 εἰσηγητὰς
2851 2508 3054 2581 κυρίως
3082 2505 3149 2558 ἂν
3183 2500 3322 2557 εἶναι
3351 2501 3485 2574 μέλη
3519 2498 3614 2554 τοῦ
3663 2497 3797 2571 δράο

2216 2623 2402 2670 κοντος
2426 2621 2440 2636 ⁸
2488 2605 2582 2658 καὶ
2634 2604 2742 2656 τῶν
2782 2599 2956 2673 μελῶν
2993 2595 3088 2651 τοῦ
3133 2595 3423 2665 δράκοντος
3472 2592 3716 2664 ὀνόματα
3745 2593 3796 2643 εἰ

2217 2697 2394 2760 Θέλεις
2449 2694 2704 2759 ἀκοῦσαι,
2759 2692 2902 2746 ποῖοί
2944 2691 3083 2742 εἰσιν
3129 2680 3308 2752 obeat;
3356 2683 3432 2738 Τὸ
3483 2683 3662 2754 στόμα
3699 2681 3797 2736 τοῦ

2217 2790 2506 2861 δράκοντος
2549 2788 2634 2858 εἴη
2666 2787 2712 2841 δ’
2735 2786 2801 2840 ἀν
2828 2802 2882 2837 τι
2925 2782 3022 2838 καὶ
3062 2777 3336 2853 τροπικῶς
3357 2776 3668 2848 νοούμενον,
3703 2775 3798 2828 καὶ

2218 2878 2370 2951 παρὰ
2399 2876 2556 2931 τοῦτο
2587 2876 2709 2930 ὅθεν
2741 2877 2790 2929 οἱ
2821 2875 2968 2943 λόγοι
3006 2873 3056 2927 oi.
3095 2869 3443 2932 ἀπολλύντες.
3476 2866 3614 2939 [Ἐκ
3653 2868 3802 2922 στό-
3835 2871 3839 2874 ’

2215 2986 2403 3040 ματος
2426 2967 2535 3038 γὰρ
2566 2966 2754 3021 αὐτοῦ
2781 2963 3090 3035 λαμπάδες
3111 2961 3520 3017 ἀπολλύονται
3554 2955 3798 3028 πυρός.]

2224 3062 2343 3113 ’Ότι
2387 3059 2457 3112 ἐκ
2507 3058 2806 3127 στόματος
2855 3055 3044 3111 αὐτοῦ
3089 3052 3343 3123 ἐσχάραι
3385 3050 3801 3106 ἀπολλύον-ται

2223 3153 2431 3221 πυρός.
2468 3151 2537 3205 Ei
2586 3167 2718 3204 ποτε
2766 3151 2974 3221 ἥκουσα
3016 3147 3110 3201 τοῦ
3140 3143 3569 3218 κατηγοροῦντος
3613 3141 3800 3210 λόγου,

542 3259 711 3316 verbo
742 3261 940 3325 dicam,
966 3262 1306 3330 proﬁtentem
1345 3259 1538 3340 placita
1581 3257 1892 3324 Marcionis,
1917 3258 2116 3314 Valen-

2231 3245 2484 3316 προφάσει
2497 3240 2942 3314 Χριστιανισμοῦ,
2961 3237 3392 3310 κατηγοροῦντος
3416 3234 3509 3289 τοῦ
3527 3236 3804 3304 Δημιουρ-

543 3353 775 3422 lentini,
833 3325 1589 3424 Basilidis:quaudocunque
1646 3351 2011 3421 obloquautur
2057 3351 2125 3406 de

2231 3335 2346 3406 γοῦ,
2395 3335 2526 3406 φέρε
2548 3335 2744 3397 εἰπεῖν,
2778 3330 3172 3405 πρεσϐεύοντος
3199 3330 3269 3383 τὰ
3295 3325 3638 3400 Μαρκίωνος,
3663 3341 3807 3396 πρε-

543 3444 834 3501 Conditore
853 3445 978 3501 οωιὶ
1003 3454 1059 3500 et
1084 3455 1240 3499 terra:
1258 3462 1274 3510 ;
1293 3445 1727 3514 quandocunque
1747 3446 1930 3500 dicant
1950 3447 2124 3516 ipsum

545 3554 655 3593 non
685 3538 945 3601 existere,
1002 3553 1103 3592 nec
1131 3541 1424 3594 essentiam
1452 3539 1789 3609 spiritualem
1823 3540 2045 3602 habere,
2067 3547 2124 3592 ut

547 3629 638 3684 isti
669 3629 894 3693 dicunt;
931 3629 1140 3683 videbis
1167 3645 1232 3685 ex
1284 3645 1378 3685 ore
1415 3631 1605 3685 talium
1642 3632 1940 3700 procedere
1990 3631 2122 3685 lam»

547 3722 716 3790 pades
745 3721 1018 3787 ardentes,
1043 3731 1097 3777 et
1143 3722 1382 3776 evibrari
1432 3722 1586 3779 focos
1621 3723 1785 3794 ignis.
1828 3723 2122 3794 Propterea

550 3831 650 3873 nos
698 3817 935 3872 scientes
965 3816 1103 3880 haec,
1133 3815 1508 3872 custodiamus
1555 3832 1656 3872 nos
1703 3818 1870 3887 ipsos,
1901 3831 1967 3870 ne
2019 3831 2121 3870 un-

544 3922 712 3977 quam
762 3908 1038 3978 lampades
1079 3907 1186 3963 illa:
1218 3923 1318 3965 nos
1349 3916 1602 3974 exurant,
1644 3922 1712 3964 ne
1742 3923 1980 3978 unquam
2016 3907 2123 3966 foci

543 3998 691 4070 ignis
709 4013 810 4055 nos
840 4001 1134 4069 attingant.

760 4251 828 4307 ν.
863 4254 949 4308 15.
982 4253 1050 4309 1η
1081 4253 1218 4310 collo
1261 4265 1434 4310 autem
1466 4256 1580 4323 ejus
1616 4257 1753 4326 degit
1778 4259 1874 4313 vis.

616 4405 718 4462 ESI
745 4408 990 4477 quaedam
1014 4407 1100 4464 vis
1131 4410 1293 4464 mala.
1313 4410 1382 4464 At
1403 4411 1694 4466 inﬁrmitas
1723 4428 1883 4482 quam
1913 4429 2123 4470 assum-

543 4497 662 4566 psit
686 4508 908 4568 prapter
934 4514 1019 4554 me
1035 4498 1283 4556 Salvator
1306 4514 1459 4556 meus
1481 4509 1538 4554 et
1574 4501 1855 4564 Dominus,
1899 4517 2019 4572 quae
2043 4504 2124 4556 di-

2225 3427 2508 3490 σϐεύοντος
2553 3424 2622 3478 τά
2654 3423 3028 3486 Οὐαλεντίνου,
3078 3421 3173 3476 καὶ
3216 3419 3288 3474 τὰ
3326 3417 3663 3473 Βασιλείδουο
3720 3414 3805 3470 ὅτ’

2223 3517 2290 3570 ἂν
2345 3515 2528 3576 κακῶς
2581 3512 2811 3582 λέγωσιν
2859 3511 2948 3566 τὸν
3001 3511 3236 3583 Ποιητὴν
3266 3507 3494 3580 οὐρανοῦ
3537 3508 3632 3562 καὶ
3671 3506 3805 3576 γῆς,

2221 3609 2299 3662 ὅτ’
2332 3605 2398 3660 ἂν
2447 3605 2678 3674 λέγωσιν
2708 3603 2868 3658 αὐτὸν
2906 3602 2981 3675 μὴ
3025 3598 3183 3668 εἶναι,
3244 3601 3378 3672 μηδὲ
3422 3598 3806 3669 πνευματικῆς

2221 3698 2432 3762 οὐσίας,
2478 3697 2640 3751 ὁποῖά
2672 3713 2836 3765 φασιν
2863 3691 3041 3750 οῦτοι*
3092 3694 3219 3766 ὄψῃ,
3269 3696 3333 3747 ὲκ
3375 3692 3641 3756 στόματος
3691 3689 3806 3742 τῶν

2221 3789 2476 3844 τοιούτων
2508 3787 2817 3857 ἐξέρχονται
2855 3786 3135 3858 λαμπάδες
3163 3784 3468 3855 καιόμεναι,
3509 3782 3602 3834 καὶ
3623 3780 3807 3852 διαρι-

2224 3881 2483 3935 πτοῦνται
2525 3877 2754 3949 ἐσχάραι
2787 3879 2975 3949 πυρός.
3025 3878 3126 3931 Διὰ
3168 3876 3325 3930 τοῦτο
3353 3877 3532 3946 ἡμεῖς,
3573 3871 3805 3938 εἰδότες,

2222 3970 2477 4044 τηρῶμεν
2541 3967 2788 4032 ἑαυτοὺς,
2850 3969 3061 4039 μήποτε
3123 3968 3328 4022 ἐκεῖναι
3392 3967 3446 4018 αἱ
3519 3961 3808 4033 λαμπάδες

2221 4061 2372 4131 ἡμᾶς
2418 4056 2683 4120 καύσωσι,
2723 4056 2935 4128 μήποτε
2964 4057 3022 4110 al.
3057 4055 3285 4127 ἐσχάραι
3315 4053 3409 4108 τοῦ
3438 4053 3606 4124 πυρὸς
3639 4051 3808 4122 ἡμῶν

2224 4152 2487 4222 ἅψωνται.
2553 4198 2556 4201 ,

2223 4244 2372 4317 Στίχ.
2410 4249 2498 4312 ιγ’.
2549 4243 2650 4296 Ἐν
2695 4237 2765 4292 δὲ
2800 4234 3079 4304 τραχήλῳ
3113 4228 3302 4284 αὐτοῦ
3344 4225 3642 4287 αὐλίζεται
3694 4226 3805 4280 δύο

2905 4321 3099 4372 ναμις.

2297 4403 2454 4456 Ἐστι
2494 4418 2577 4464 τις
2628 4397 2858 4468 δύναμις
2902 4389 3132 4463 πονηρά.
3174 4387 3313 4441 Ἀλλ’
3347 4389 3380 4458 ἡ
3428 4385 3704 4448 ἀσθένεια,
3736 4385 3806 4457 ἢν

2224 4493 2451 4550 ἀνέλαϐε
2482 4492 2549 4544 δι’
2586 4491 2687 4561 ἐμὲ
2708 4486 2942 4557 όΣωτὴρ
2986 4500 3086 4555 μου
3121 4481 3215 4534 καὶ
3236 4479 3460 4550 Κύριος,
3496 4478 3616 4548 ﬂat;
3648 4476 3809 4546 λέγε-

549 4589 696 4643 citur
745 4588 1032 4646 inﬁrmitas
1085 4590 1200 4656 Dei,
1257 4595 1534 4661 superavit
1581 4595 1686 4646 vim
1747 4568 2120 4662 illiusilnﬁr-

2231 4605 2312 4641 cat
2338 4584 2591 4639 ἀσθένεια
2614 4579 2770 4644 Θεοῦ,
2807 4577 3056 4648 ἐνίκησεν
3089 4571 3298 4628 ἐκείνου
3321 4571 3419 4642 τὴν
3440 4568 3690 4640 δύναμιν.
3731 4569 3807 4625 Τὸ

545 4699 693 4737 suum
719 4684 859 4737 enim
890 4683 1004 4749 Dei,
1034 4683 1210 4755 inquit
1231 4686 1446 4758 quidem
1470 4687 1758 4755 Apostolus
1782 4728 1795 4749 ,
1827 4689 2015 4757 fortius
2046 4698 2124 4743 est

543 4773 846 4829 hominibus
875 4775 890 4805 ¹
930 4793 945 4829 :
981 4789 1081 4847 ego
1118 4775 1284 4831 etiam
1300 4776 1526 4831 dixerim
1548 4777 1739 4832 fortius
1759 4779 1811 4832 vi
1848 4779 2124 4835 draconis.

624 4932 686 4987 V.
718 4931 807 4986 Η.
834 4932 1028 4988 Carnes
1060 4944 1236 4989 autem
1280 4936 1512 5004 corporis
1550 4936 1665 5005 ejus
1700 4937 2052 4994 adharserunt.

621 5025 842 5081 Poterat
868 5026 1068 5095 dicere,
1085 5026 1294 5083 Carnes
1313 5039 1491 5083 autem
1514 5029 1760 5100 corporis
1781 5029 1943 5083 anim:
1967 5039 2122 5083 sunt:

550 5130 606 5175 at
642 5121 746 5176 hoc
777 5136 883 5176 non
906 5121 1065 5176 dixit.
1095 5122 1210 5178 Non
1235 5124 1378 5176 enim
1407 5125 1568 5179 unita
1586 5135 1748 5190 sunt;
1783 5141 1887 5178 non
1920 5125 1989 5178 ita
2018 5136 2116 5181 est.

553 5212 730 5268 Unum
765 5214 906 5284 apud
937 5213 1084 5269 illum
1129 5216 1293 5269 multa
1330 5226 1478 5280 sunt,
1513 5217 1594 5272 vel
1624 5234 1786 5271 unum
1818 5228 1967 5280 sunt.
2003 5235 2122 5288 quae

549 5303 802 5358 videntur
833 5305 1162 5372 adhaesisse;
1194 5316 1478 5376 pmpterea
1525 5309 1669 5378 quod
1709 5309 1841 5364 dicit
1886 5309 2121 5363 adhtese-

548 5406 697 5460 runt,
733 5412 838 5451 non
877 5400 1038 5454 unita:
1062 5410 1203 5454 sunt.

549 5481 616 5540 ν.
646 5486 732 5539 15.
768 5485 875 5542 Cor
901 5489 1014 5559 ejus
1039 5492 1291 5545 concrevit
1326 5503 1381 5544 ut
1413 5492 1548 5558 lapis
1576 5511 1595 5548 :
1625 5493 1761 5546 stetit
1793 5502 1964 5546 autem
1984 5493 2117 5547 sicut

1111 5562 1257 5615 incus
1279 5562 1554 5616 indomita.

620 5645 739 5701 Non
772 5652 1141 5720 exercitatus,
1188 5671 1294 5710 non
1326 5657 1634 5727 obsequens
1659 5657 1849 5722 verbo,
1890 5655 2112 5726 proprie

2226 4679 2338 4750 γὰρ
2379 4672 2635 4740 ἀσθενὲς
2682 4671 2790 4726 τοῦ
2847 4667 3019 4732 Θεοῦ,
3049 4667 3078 4720 ό
3131 4671 3228 4735 μὲν
3277 4660 3596 4724 Ἀπόστολος
3626 4659 3804 4729 λέγει,

2229 4767 2622 4837 ἰσχυρότερον
2661 4760 2779 4817 τῶν
2815 4759 3170 4826 ἀνθρώπων·
3227 4753 3339 4823 ἐγὼ
3382 4752 3439 4807 δὲ
3481 4751 3546 4806 ἂν
3590 4751 3808 4822 εἴποιμι

2232 4855 2576 4928 ἰσχυρότερον
2604 4853 2703 4922 τῆς
2727 4850 3006 4921 δυνάμεως
3027 4845 3120 4899 τοῦ
3151 4845 3460 4917 δράκοντος.

2228 4945 2378 5016 Στίχ.
2411 4943 2490 4997 ιδ’.
2517 4942 2742 5009 Σάρκες
2767 4937 2835 4992 δὲ
2856 4938 3132 5006 σώματος
3154 4932 3342 4988 αὑτοῦ
3376 4933 3803 4997 κεκόλληνται.

2317 5035 2567 5090 Ἐδύνατο
2591 5031 2869 5105 εἰρηκέναι
2889 5048 2901 5060 ·
2947 5029 3154 5100 Σάρκες
3181 5025 3237 5079 δὲ
3270 5025 3519 5096 σώματος
3545 5024 3804 5094 ἥνωνται.

2243 5129 2300 5182 Ὁ
2326 5129 2381 5180 δὲ
2415 5129 2515 5182 οὐκ
2560 5122 2743 5180 εἶπεν·
2793 5124 2854 5176 οὐ
2902 5121 3010 5192 γάρ
3038 5122 3309 5190 ἤνωνται’
3344 5118 3444 5171 οὐκ
3480 5115 3616 5170 ἐστι.
3645 5115 3720 5168 Τὸ
3747 5115 3808 5169 ἓν

2230 5221 2358 5292 παρ’
2388 5223 2582 5291 ἐκείνῳ
2602 5217 2771 5272 πολλά
2800 5219 2946 5269 ἐστιν
2966 5232 2979 5244 ο
3009 5215 3042 5286 ἢ
3066 5215 3122 5268 ἓν
3137 5212 3397 5267 δοκοῦντα
3418 5209 3803 5282 κεκολλῆσθαι,

2225 5311 2310 5365 διὰ
2342 5312 2436 5365 τοῦ
2469 5312 2715 5381 λέγοντος
2745 5310 3160 5374 κεκόλληνται,
3190 5307 3287 5376 οὐχ
3323 5305 3600 5374 ἤνωνται.

2226 5497 2374 5566 Στίχ.
2422 5502 2503 5566 ιε’.
2544 5494 2606 5546 Ἠ
2657 5490 2873 5566 καρδία
2908 5491 3092 5566 αὐτοῦ
3147 5489 3417 5566 πέπηγεν.
3471 5489 3550 5552 ὡς
3608 5488 3803 5556 λίθος,

2436 5565 2656 5631 ἕστηκε
2693 5558 2761 5615 δὲ
2787 5561 2987 5630 ὥσπερ
3028 5561 3232 5629 ἄκμων
3261 5558 3585 5626 ἀιιήλιιτος.

2296 5656 2407 5710 Οὐκ
2425 5655 2800 5725 ἐλαυνόμενος,
2820 5654 2920 5708 οὐκ
2949 5651 3252 5707 ἀκολουθῶν
3268 5651 3436 5723 λόγῳ,
3466 5651 3657 5705 οἰκεῖοι
3686 5648 3802 5722 (ιτ)

615 5798 660 5831 ³⁷
683 5797 823 5852 Psal.
865 5813 944 5864 ut,
968 5799 1023 5854 8.
1098 5801 1144 5834 ’⁸
1173 5801 1310 5860 Psal.
1352 5819 1492 5875 Lvu,
1515 5807 1568 5860 7.
1647 5809 1692 5840 ⁹⁰
1727 5807 1985 5876 Deut._vt,
2037 5801 2120 5860 l3.

2249 5799 2266 5855 1
2297 5799 2425 5856 Cor.
2453 5816 2492 5866 |,
2517 5799 2604 5854 25.

620 5913 734 5989 (46)
762 5915 1154 5992 Confer_edita.

2299 5913 2407 5987 (47)
2437 5915 2516 5970 An
2548 5911 2804 5975 οἰκείωςί
