4004 6540
289 360 388 415 105

1460 353 1825 416 EXCERPTA
1868 352 1937 412 IN
1983 354 2328 413 PSALMOS.

3420 353 3521 413 {06

278 477 335 531 δὲ
391 475 626 549 σκληρός
678 477 827 532 ἐστιν
871 477 1154 547 ἀνήλατος,
1183 475 1479 544 ἀνένδοτος.
1516 480 1628 534 Καὶ
1678 480 1731 533 εῐ
1765 496 1849 541 τις

1956 486 2134 533 autem
2172 476 2474 547 praeduros,
2527 474 2820 531 indomitus
2869 481 2975 540 est,
3025 487 3131 530 non
3182 474 3400 531 cedens.
3446 475 3527 530 Ac

276 568 388 622 ἀπὸ
409 568 656 621 διαϐόλου
682 564 966 623 ἀπέσπασε
989 569 1236 638 δύναμιν,
1260 568 1355 623 καὶ
1378 570 1569 624 τούτου
1605 569 1699 623 τοῦ
1722 568 1851 641 δρά-

277 677 489 725 κοντος,
521 660 687 724 αὐτὸς
741 659 855 731 ἔχει
901 660 999 732 τὴν
1027 660 1253 732 καρδίαν
1290 661 1575 731 ἀνήλατον,
1621 659 1717 713 καὶ
1752 660 1851 713 οὐκ

277 751 670 824 ἐλαυνομένην.
707 753 769 806 Ei
793 751 849 806 δέ
881 771 963 816 τις
1007 753 1206 826 χρυσός
1234 755 1402 819 ἐστιν,
1437 751 1743 807 ἀκολουθῶν
1773 751 1852 824 τῷ

275 844 423 916 λόγῳ
443 844 696 916 χρυσοκῷ
721 844 855 914 (48)·
885 843 1059 910 οὕτως
1088 846 1244 913 sinat,
1283 846 1387 910 ἕως
1415 844 1482 900 ἂν
1507 844 1729 916 γένηται
1756 838 1852 897 πέ-

273 937 435 991 ταλον
460 934 716 1009 χρυσοῦν,
750 935 843 989 καὶ
870 935 1087 1008 δέξηται
1110 936 1238 1002 τοὺς
1281 936 1488 999 τύπους
1526 934 1637 989 τῶν
1674 951 1853 1007 γραμ-

278 1028 469 1099 μάτων
502 1026 622 1080 τοῦ.
646 1026 804 1089 Θεοῦ,
850 1028 908 1081 ὲν
959 1027 1182 1099 Χριστῷ
1221 1025 1431 1099 ἰησοῦθ
1462 1019 1508 1096 ᾧ
1542 1028 1576 1097 ἡ
1605 1025 1735 1091 δόξα
1770 1026 1852 1089 είς

268 1119 403 1183 τοὺς
422 1118 650 1184 αἰῶνας,
675 1118 846 1191 ἀμήν.
1176 1154 1189 1167 .

908 1209 1066 1263 ΚΕΦ.
1097 1209 1230 1263 MB'.

268 1301 425 1374 Στίχ.
473 1308 527 1356 ι’.
560 1300 826 1355 Ἔδωκεν
949 1303 984 1374 d
1009 1301 1224 1374 Κύριος
1264 1297 1470 1361 διπλᾶ,
1499 1296 1616 1374 ὅσα
1644 1294 1726 1370 ἦν
1750 1299 1853 1369 ἐμο

566 1375 833 1440 προσθεν-
859 1370 979 1426 Ὶὼϐ
1008 1372 1097 1438 εὶς
1117 1369 1587 1439 διπλασιασμόν.

338 1464 454 1536 (49)
490 1463 551 1518 '0
601 1467 848 1541 γενναῖος
892 1463 1154 1536 ἀθλητὴς,
1197 1464 1293 1518 καὶ
1325 1463 1501 1518 πάντα
1542 1461 1847 1534 πειρασμὸν

264 1556 541 1623 ὑποστάς,
605 1557 978 1629 ἀνδρειότατος
1031 1556 1174 1621 Ἰὼϐ,
1242 1552 1381 1610 ἆθλα
1433 1555 1699 1626 λαμϐάνει
1751 1554 1852 1625 τῆς

263 1649 553 1719 ὑπομονῆς
582 1648 772 1715 αὐτοῦ,
803 1650 880 1713 ὡς
911 1651 945 1721 ὴ
994 1649 1035 1701 Γ
1040 1649 1185 1721 ραφή
1227 1666 1391 1721 φησιν
1410 1664 1423 1679 ·
1466 1648 1649 1702 Πάντα
1689 1646 1853 1701 διπλᾶ

263 1741 425 1812 παρά
452 1740 524 1794 τὰ
551 1741 809 1813 πρότερα.
828 1741 888 1795 '0
916 1740 973 1794 δὲ
1005 1740 1209 1810 Κύριος
1236 1737 1443 1812 Ἰησοῦς
1465 1737 1699 1811 Χριστὸς
1714 1733 1851 1793 ἆθλα

1956 572 2000 625 si
2051 572 2174 642 quis
2218 586 2247 625 a
2292 570 2506 626 diabolo
2559 570 2614 623 in
2657 584 2715 625 se
2772 567 3038 624 derivavit
3080 566 3211 629 vim,
3252 573 3416 636 atque
3456 567 3527 621 ab

1955 664 2060 719 hoc
2104 664 2337 717 dracone
2365 699 2380 724 ,
2416 660 2503 714 hic
2547 660 2713 715 habet
2761 673 2856 714 cor
2907 657 3261 721 indomitum,
3302 664 3360 712 et
3413 671 3523 711 non

1956 755 2283 811 exercitum.
2316 751 2373 808 Si
2415 751 2541 822 quis
2587 761 2767 806 autem
2803 765 2996 806 aurum
3041 760 3126 806 est
3153 789 3170 813 ,
3216 752 3527 819 obsequens

1955 846 2121 903 verbo
2148 846 2289 917 quod
2336 846 2499 901 veluti
2548 827 2741 899 aurum
2778 841 2974 901 conﬁat
2999 861 3014 897 :
3040 844 3084 899 is
3115 844 3187 898 ita
3236 843 3399 911 cedit,
3429 845 3527 898 do-

1956 955 2059 996 nec
2121 940 2214 994 liat
2251 939 2456 993 lamina
2505 953 2703 1004 aurea,
2737 946 2794 992 et
2848 938 3109 1007 suscipiat
3145 937 3350 993 formas
3376 936 3524 991 litte-

1957 1047 2139 1087 rarum
2170 1029 2264 1087 Dei
2302 1034 2355 1085 in
2399 1031 2617 1087 Christo
2660 1028 2786 1087 Iesu
2821 1048 2837 1099 ;
2890 1030 2976 1086 cui
3010 1030 3181 1100 gloria
3212 1030 3265 1085 in
3296 1028 3524 1096 sarcula,

1955 1138 2133 1178 amen.

2568 1214 2725 1270 CAP.
2755 1211 2915 1270 XLII.

1956 1308 2023 1369 Υ.
2057 1309 2140 1366 10.
2176 1308 2330 1365 Dedit
2361 1325 2478 1364 vero
2513 1308 2767 1363 Dominus
2795 1307 3027 1376 duplicia
3052 1347 3067 1371 ,
3093 1313 3347 1376 quotquot
3374 1312 3526 1359 erant

2307 1389 2463 1434 antea
2494 1378 2630 1434 Jobo
2664 1381 2720 1432 iu
2745 1379 3174 1446 duplicationem.

2027 1472 2339 1530 Generosus
2394 1472 2634 1538 athleta,
2667 1473 2870 1542 quique
2901 1486 3115 1528 omnem
3169 1471 3525 1529 tentationem

1956 1567 2232 1633 sustinuit,
2271 1565 2599 1621 fortissimus
2626 1564 2746 1632 Job,
2797 1566 3021 1635 praemia
3050 1566 3404 1636 consequitur
3430 1579 3530 1635 pa-

1959 1660 2161 1716 tientia:
2190 1674 2302 1715 sua:
2326 1700 2341 1727 ,
2380 1667 2443 1715 ut
2492 1658 2771 1728 Scriptura
2828 1658 2960 1714 dicit
2992 1675 3007 1713 :
3046 1657 3237 1713 Omnia
3293 1658 3528 1729 duplicia

1958 1766 2069 1820 prae
2096 1750 2390 1820 prioribus.
2409 1750 2480 1804 At
2510 1749 2769 1804 Dominus
2795 1747 2955 1804 Iesus
3004 1747 3254 1804 Christus
3302 1750 3529 1820 pra-mia

260 1834 487 1889 δίδωσιν
518 1835 640 1906 οὐχὶ
663 1835 1001 1899 διπλασίονα,
1026 1834 1143 1888 ἀλλ’
1178 1832 1721 1888 ἑκατονταπλασίονα.
1744 1834 1849 1904 Φη-

1955 1843 2045 1897 dat
2074 1856 2181 1898 non
2199 1842 2253 1896 in
2278 1840 2629 1911 duplum,sed
2653 1842 2707 1896 in
2733 1839 3167 1908 centuplum.Ait
3189 1841 3333 1905 enim
3361 1839 3531 1906 τρυε-

263 1925 350 1978 civ
380 1925 516 1999 γάρ·
560 1928 658 1993 Ὃς
697 1926 808 1981 ἐὰν
836 1927 1166 1996 καταλείπῃ
1188 1926 1413 1997 πατέρα
1438 1926 1477 1996 ἢ
1493 1925 1740 1997 μητέρα,
1766 1927 1851 1981 ol-

260 2016 426 2082 alar,
443 2017 769 2087 ἀδελφοὺς,
817 2019 1087 2089 ἀδελφὰς
1124 2018 1332 2074 ἕνεκεν
1366 2018 1534 2089 ἐμοῦ,
1575 2017 1609 2089 ἢ
1642 2016 1850 2072 ἕνεκεν

259 2108 370 2185 τοῦ
388 2110 785 2179 Euan-allow
803 2110 879 2175 ὡς
911 2111 1073 2183 ὲν.τῷ
1097 2110 1241 2166 κατὰ
1266 2111 1493 2183 Μάρκον
1513 2109 1843 2183 γέγραπται,

258 2200 868 2256 ἑκατονταπλασίονα
918 2202 1178 2272 λήψεται
1199 2242 1215 2268 ,
1268 2202 1367 2257 καὶ
1418 2199 1572 2272 ζωὴν
1605 2200 1846 2256 αἰώνιον

260 2291 731 2362 κληρονομήσει.
761 2293 876 2347 Οὐκ
908 2293 975 2348 ἂν
1001 2295 1255 2349 διπλάσια
1277 2294 1386 2349 τῶν
1413 2292 1692 2366 προτέρων
1721 2292 1845 2347 ἔλα-

261 2380 380 2446 ϐεν,
408 2384 461 2436 εἰ
494 2383 572 2456 μὴ
605 2385 925 2442 διπλασίονα
948 2387 1047 2461 τὴν
1076 2387 1277 2460 ἀρετὴν
1305 2384 1634 2453 ἐπεδείξατο.

1956 1950 2158 2005 cunque
2195 1932 2463 2004 reliquerit
2508 1943 2709 1996 patrem
2754 1930 2833 1985 vel
2884 1939 3127 1993 matrem,
3156 1931 3388 1996 domum,
3418 1930 3531 1997 fra-

1955 2036 2079 2091 tres,
2109 2040 2311 2079 sorores
2348 2034 2562 2093 propter
2585 2039 2686 2088 me,
2713 2022 2797 2078 vel
2829 2020 3531 2095 propter‘Evangelium‘mt

1954 2113 2008 2169 in
2064 2113 2249 2168 Marco
2295 2110 2553 2168 scribitur
2580 2151 2597 2178 ,
2644 2113 2939 2182 centuplum
2988 2114 3235 2182 recipiet,
3275 2119 3323 2166 et
3369 2111 3530 2165 vitam

1951 2218 2201 2262 cateruam
2245 2205 2571 2261 haereditabit
2602 2205 2645 2260 ³.
2678 2206 2793 2262 Νοη
2829 2207 3016 2276 utique
3044 2206 3279 2276 duplicia
3315 2213 3531 2260 antece-

1955 2298 2201 2354 dentium
2256 2298 2594 2366 accepisset,
2650 2298 2755 2354 uisi
2817 2298 3149 2370 duplicatam
3198 2297 3529 2355 ostendisset

1956 2382 2244 2438 virtutem.

270 2519 3517 2555 Mm

999 2672 1949 2812 ΩΡΙΓΕΝΟΥΣ
2034 2671 2782 2811 ΕΚΛΟΓΑΙ

1238 2916 1409 3005 ΕΙΣ
1443 2914 1734 3002 ΤΟΥΣ
1771 2907 2319 3006 ΨΑΛΜΟΥΣ
2382 2906 2532 3006 (⁵⁸)).

825 3225 1407 3321 ORIGENIS
1478 3226 2111 3328 EXCERPTA
2186 3231 2313 3320 IN
2392 3228 2970 3324 PSALMOS.

1502 3418 1600 3483 (Ex
1623 3418 1928 3471 Bibliotheca
1949 3418 2306 3486 Gallandiana.)

1064 3726 1210 3782 .9’.
1879 3715 1923 3775 C

967 3726 1080 3782 AA.
1194 3764 1210 3779 .

255 3822 411 3894 Στίχ.
441 3826 515 3893 η’.
548 3726 1001 3887 Ἠτοὶμασενῖν
1027 3726 1219 3887 inpigre
1250 3816 1359 3873 τὸν
1390 3817 1845 3887 θρόνονταὺτοῦ.

255 3911 410 3983 Στίχ.
446 3910 515 3964 θ’.
552 3908 663 3964 Καὶ
692 3906 1105 3983 Δαύτύςνκριζεῖ
1126 3906 1242 3983 τὴν
1269 3904 1634 3983 οἰκουμένην
1660 3909 1732 3963 ἐν
1761 3909 1848 3963 δι-

486 3979 806 4047 καιοσύνῃ.
839 3974 1045 4046 Κρινεῖ
1057 3977 1247 4060 λαοὺς
1268 3977 1337 4031 ἐν
1355 3974 1653 4047 εὐθύτητι.

327 4069 611 4142 Φοϐητέον
637 4068 744 4140 ἄρα
768 4067 859 4122 τὸν
886 4066 1123 4122 τοιοῦτον
1145 4067 1360 4140 κριτὴν,
1380 4067 1585 4138 ψεκτάς
1617 4087 1676 4123 τε
1705 4070 1848 4145 πρά-

257 4162 372 4229 ξεις
407 4162 507 4215 καὶ⁵
551 4160 745 4222 ἀσεϐὲς
785 4158 1051 4232 φεύγοντα
1097 4158 1371 4231 φρόνημα.
1403 4161 1742 4233 Οἰκουμένην
1791 4161 1850 4216 δὲ

258 4256 485 4326 νοήσεις
511 4251 613 4323 τὴν
646 4250 991 4322 Ἐκκλησίαν,
1040 4249 1369 4321 οἰκουμένην
1403 4250 1508 4303 ὑπό
1545 4268 1604 4304 τε
1636 4252 1853 4325 Πατρὸς

254 4348 352 4400 καὶ
376 4343 536 4409 Tia-3,
566 4342 706 4398 κατὰ
735 4342 825 4396 τόο
874 4342 1013 4413 Ἐγὼ
1045 4341 1144 4395 καὶ
1172 4344 1205 4395 ὁ
1232 4338 1434 4410 Πατήρ
1460 4360 1580 4412 μου
1606 4343 1854 4397 ἐλευσό-

248 4442 434 4508 μεθα,
464 4436 567 4490 καὶ
587 4435 787 4506 μονὴν
819 4435 952 4504 παρ’
985 4432 1145 4499 αὐτῷ
1176 4435 1577 4505 ποιησόμεθα·
1607 4434 1770 4499 λαοὺς
1791 4435 1848 4489 δὲ

252 4531 387 4594 τοὺς
412 4529 642 4591 λοιποὺς
668 4525 817 4599 παρὰ
838 4526 937 4597 τὴν
973 4525 1316 4597 Ἐκκλησίαν.

255 4621 415 4694 Στίχ.
454 4621 566 4682 ,ιϐ’.
598 4618 838 4676 unum
880 4617 962 4684 τῷ
981 4618 1214 4743 ⁴ἒίιξρίῳ,
1254 4616 1336 4684 τῷ
1372 4618 1750 4674 κατοικοῦντι
1779 4620 1851 4675 ἐν

1032 4706 1154 4742 ιων.

1032 4706 1154 4742 ιων.

2582 3726 2782 3785 PSAL.
2814 3728 2908 3784 IX.

2098 3819 2162 3874 V.
2192 3820 2246 3874 8.
2285 3814 2617 3890 Prwparauit
2647 3820 2703 3873 in
2723 3818 2929 3889 judicio
2950 3816 3193 3871 thronum
3213 3831 3389 3870 suum.

1953 3882 2017 3966 V.
2059 3909 2111 3966 9.
2143 3908 2216 3964 Et
2251 3911 2368 3981 ipse
2393 3882 2662 3981 iudicabit
2712 3882 2886 3964 orbem
2917 3918 3173 3981 terrarum
3205 3909 3260 3961 in
3291 3907 3527 3977 jastitt'a.

2232 3978 2505 4035 Iudicabit
2552 3980 2772 4050 populos
2808 3981 2862 4033 in
2901 3980 3230 4033 rectitudine.

2025 4071 2320 4128 Timeudus
2348 4080 2433 4127 est
2479 4071 2644 4143 igitur
2689 4070 2998 4141 huiusmodi
3026 4070 3215 4139 judex,
3254 4070 3346 4142 qui
3381 4070 3525 4126 vitu-

1953 4164 2224 4236 perabiles
2250 4166 2517 4230 actiones,
2543 4172 2598 4219 et
2628 4164 2791 4234 impia
2824 4163 3064 4233 cogitata"
3100 4173 3405 4221 aversatur.
3427 4163 3528 4221 0r-

1956 4259 2081 4314 bem
2113 4267 2381 4313 terrarum
2417 4255 2718 4312 Ecclesiam
2764 4255 3023 4327 intelligo,
3048 4272 3169 4325 quae
3214 4256 3468 4312 incolitur
3496 4272 3528 4312 a

1954 4347 2120 4404 Patre
2144 4355 2199 4403 et
2230 4341 2388 4410 Filio,
2423 4346 2580 4417 juxta
2624 4345 2755 4401 illud
2800 4362 2814 4400 :
2851 4342 2964 4416 Ego
3009 4355 3058 4400 et
3091 4344 3255 4401 Pater
3270 4363 3415 4402 meus
3445 4364 3529 4404 ve-

1956 4439 2156 4493 niemus
2179 4448 2227 4493 et
2250 4439 2575 4492 mansionem
2612 4437 2756 4506 apud
2794 4452 2912 4489 eum
2937 4434 3195 4505 faciemus
3223 4436 3269 4504 ⁴;
3303 4434 3530 4507 populos

1954 4542 2084 4584 vero
2113 4528 2350 4600 intellige
2380 4528 2619 4599 reliquos
2657 4539 2858 4598 praeter
2884 4528 3208 4585 Ecclesiam.

2119 4639 2186 4697 ν.
2215 4640 2303 4695 12.
2330 4639 2556 4696 Psallite
2587 4639 2816 4696 Domino
2842 4641 3105 4696 habitanti
3129 4642 3184 4695 in
3210 4640 3361 4696 Sion.

327 4784 454 4837 Καὶ
482 4780 662 4845 ἄλλως
682 4780 770 4834 δέ’
825 4782 884 4835 ἐν
912 4781 1064 4853 πάσῃ
1084 4782 1229 4854 ψυχῇ
1261 4781 1399 4835 Σιὼν
1427 4780 1561 4853 οὔσῃ
1601 4781 1696 4835 καὶ
1719 4798 1847 4835 σκο-

2021 4776 2088 4831 Ει
2119 4776 2281 4832 aliter
2310 4790 2477 4833 vero:
2517 4777 2571 4832 in
2596 4777 2744 4832 omni
2771 4777 2952 4831 anima
2979 4791 3101 4846 quae
3139 4775 3268 4829 Sion
3299 4784 3384 4831 est
3414 4775 3529 4829 sive

255 4874 554 4946 πευτηρίῳ
581 4873 715 4937 Θεὸς
746 4876 1009 4928 κατοικεῖ.
1054 4873 1304 4946 Ἐκζητεί
1329 4875 1387 4929 δὲ
1414 4875 1481 4929 τὰ
1505 4876 1711 4946 αἵματα
1737 4874 1845 4928 τῶν

1955 4866 2194 4937 specula,
2246 4867 2391 4922 Deus
2451 4867 2683 4925 habitat.
2715 4867 2961 4939 Requirit
3010 4875 3189 4922 autem
3233 4867 3527 4937 sanguines

252 4966 437 5021 ἐθνῶν
465 4966 906 5020 ἀποκτεινάντων
941 4966 1112 5031 αὐτὰ,
1145 4968 1238 5020 καὶ
1270 4968 1632 5038 μιμνήσκεται
1667 4966 1847 5021 αὐτῶν

1955 4960 2191 5029 gentium
2235 4959 2683 5016 interﬁcientium
2712 4975 2828 5027 eos,
2866 4970 2922 5015 et
2952 4959 3272 5016 recordatur
3315 4972 3526 5019 earum.

254 5057 507 5121 ἀναστὰς
535 5058 697 5112 αὐτά.
752 5057 963 5111 Οὐκοῦν
994 5060 1055 5111 τό
1076 5074 1089 5088 ·
1133 5057 1419 5114 Ἀπώλετο
1449 5057 1518 5111 τὸ
1534 5058 1849 5128 μνημόσυ-

1955 5053 2287 5107 resuscitans
2319 5067 2435 5108 eos.
2453 5051 2622 5123 Igitur
2645 5052 2801 5117 illud,
2825 5051 2993 5106 Periit
3021 5048 3323 5105 memoriale
3344 5064 3525 5102 eorum

252 5168 373 5204 νον
397 5149 606 5206 αὐτῶν
625 5150 755 5220 μετ’
776 5149 954 5220 ἤχου,
990 5150 1080 5204 ἐπὶ
1120 5151 1220 5215 τὰς
1254 5151 1528 5223 ῥομφαίας
1557 5150 1848 5223 άνενεχθή-

1955 5164 2072 5201 cum
2101 5164 2228 5202 sono
2254 5149 2298 5215 ⁵,
2318 5150 2384 5203 ad
2417 5148 2625 5218 gladios
2652 5147 2843 5203 referri
2871 5157 3106 5218 oportet.
3135 5146 3334 5200 Eorum
3366 5158 3526 5213 porro

258 5258 445 5295 σεται.
491 5240 751 5295 Ἐκείνων
773 5241 832 5294 δὲ
865 5240 1160 5313 μέμνηται,
1182 5235 1259 5295 ὧν
1281 5241 1496 5311 ἐγένετο
1536 5240 1846 5313 καταφυγή.

1957 5240 2224 5306 meminit,
2255 5255 2487 5309 quorum
2522 5241 2625 5296 fuit
2659 5241 2948 5313 refugium.

253 5334 415 5405 Στίχ.
442 5334 548 5408 λγν.
580 5332 910 5408 Ἀνάστηθιῇ.
936 5336 1130 5408 Κύριε,
1151 5337 1184 5389 ὀ
1214 5336 1360 5408 Θειξς
1375 5349 1524 5405 μου·
1550 5333 1849 5408 ὑψωθήτω

1958 5327 2023 5384 ν.
2052 5330 2140 5383 33.
2183 5329 2381 5408 Surge,
2407 5331 2627 5408 Domine
2646 5332 2789 5386 Deus
2819 5346 2967 5384 meus
2991 5344 3010 5383 :
3039 5326 3308 5408 exaltetur
3340 5344 3528 5381 manus

328 5398 393 5473 τῖ’
439 5398 573 5475 χὲίρ
620 5419 775 5459 σου*
817 5398 914 5474 ’μὴ
954 5398 1211 5475 simae“
1255 5398 1685 5474 τῶἶπενήτὼν
1730 5398 1848 5459 dav

326 5479 427 5542 εὶς
454 5474 656 5542 τέλος.

2026 5413 2159 5465 tua;
2187 5417 2251 5454 ne
2275 5398 2603 5456 obliviscaris
2627 5416 2917 5471 pauperum
2956 5408 3169 5479 tuorum
3190 5400 3247 5454 in
3272 5398 3454 5469 ﬁnem.

342 5567 449 5620 Ἐκ
472 5565 530 5620 δὲ
549 5565 662 5620 τῶν
693 5561 968 5619 δυσσεϐὦν
1001 5560 1204 5617 τούτων
1235 5562 1495 5635 ῥημάτων
1531 5559 1773 5625 ἀνιαθεὶς
1817 5561 1848 5615 ὁ

2026 5559 2108 5616 Ex
2138 5561 2316 5632 impiis
2344 5560 2524 5617 verbis
2560 5561 2681 5618 istis
2713 5561 2903 5620 dolore
2957 5560 3184 5619 aﬂ'ectus
3228 5560 3524 5633 Propheta,

349 5661 375 5695 ’
416 5657 595 5715 Marc.
640 5672 698 5724 ι,
723 5655 816 5712 29.
897 5653 918 5685 ³
955 5652 1149 5708 Matth.
1203 5668 1326 5721 xix,
1356 5652 1449 5711 29.
1526 5652 1728 5728 ‘Joan.
1758 5665 1849 5708 xxv

1955 5650 1997 5707 5.
2074 5654 2096 5685 ⁸
2130 5669 2178 5708 v.
2219 5652 2275 5706 8.

334 5750 462 5831 (αξξ)
491 5749 659 5831 [forte
682 5746 1053 5831 χροσηρχοῖκῷ.
1216 5815 1256 5831 ﬁ
1351 5818 1365 5831 ο
2025 5745 2136 5821 (50)
2162 5746 2244 5804 Ex
2264 5749 2383 5806 cod.
2408 5749 2613 5809 Veneto
2635 5766 2768 5809 xvn.

333 5815 461 5892 {49)
497 5815 926 5876 nuntiarentei:
943 5815 1014 5873 ab
1031 5817 1193 5874 editis
1216 5815 1388 5876 Buaei.

594 5918 867 5979 ΡΑτιιοι..
893 5913 1013 5979 Gn.
1043 5910 1243 5977 XVII.

2248 5882 2249 5885 γ
3127 5907 3185 5964 ἢ.
