4016 6562
520 374 622 434 I07

1375 380 1929 438 SUPPLEMENTUM
1965 383 2055 436 AI)
2095 383 2417 443 ORIGENIS
2447 387 2856 446 EXEGETICA.

3659 375 3770 456 tos

517 504 712 558 iterum
742 507 998 561 orat-haec
1020 506 1234 570 dicens;
1258 507 1587 574 experientia
1609 506 1920 562 ostenderet
1939 522 2084 576 quie-

2192 513 2493 582 προφήτης,
2544 513 2704 566 πάλιν
2746 513 2959 585 εὔχεται
3007 513 3183 584 λέγων
3225 517 3418 584 ταῦτα,
3467 520 3634 590 δεῖξαι
3688 527 3755 596 τῇ

519 609 644 649 rens
681 595 850 660 Deus,
897 611 954 651 se
1018 596 1245 651 necdum
1289 595 1516 650 oblitum
1553 595 1723 652 fuisse
1767 611 2087 666 pauperum.

515 686 877 754 Quinetiam
930 688 1275 759 blasphemiae
1323 689 1472 760 impii
1515 689 2088 746 commemorationem

516 779 645 836 fecit
687 781 966 852 inquiens:

517 870 585 926 V.
631 872 721 928 58.
763 868 1093 928 Desiderium
1134 889 1422 941 pauperum
1474 873 1770 935 exaudiui,
1820 873 2085 928 Domine:

590 943 966 1014 prttpnrationi
993 944 1168 998 cordis
1203 959 1380 999 eorum
1411 945 1600 998 adhibe
1624 959 1807 999 aurem
1845 953 2012 998 tuam.

589 1101 982 1158 Desiderabant
1038 1102 1180 1158 enim
1239 1111 1298 1156 ut
1351 1110 1723 1158 contereretur
1800 1099 2084 1156 brachium

519 1194 841 1263 peccatoris,
876 1208 940 1249 ac
967 1195 1310 1264 eriperentur
1333 1194 1399 1248 de
1438 1194 1723 1265 tyrannide
1761 1193 1916 1262 ejus:
1941 1194 2086 1262 quod

520 1291 576 1339 et
621 1283 864 1353 contigit.
909 1283 1246 1340 Desiderium
1303 1297 1468 1352 porro
1520 1282 1675 1336 bona:
1742 1280 2086 1350 cogitationis

520 1377 714 1432 ellicax
747 1385 830 1432 est
861 1376 1055 1432 oratio.
1088 1375 1259 1442 Quam
1297 1377 1488 1429 videns
1536 1373 1785 1443 cognitor
1808 1373 2080 1441 cordiutn,

520 1469 781 1539 implevit.
813 1468 1071 1525 Paratum
1101 1468 1243 1523 enim
1281 1465 1553 1522 habebant
1582 1479 1680 1520 eor
1709 1473 1768 1520 ut
1809 1465 2088 1520 salvaren-

522 1571 721 1628 tur,‘et
746 1561 999 1633 promissi
1026 1560 1176 1632 regni
1199 1567 1474 1630 compotes
1505 1559 1717 1615 tierent.

1115 1651 1311 1710 PSAL.
1347 1649 1487 1705 XIII.

518 1747 584 1806 ν.
624 1749 678 1805 2.
721 1749 977 1804 Dominus
1007 1745 1070 1800 tle
1099 1745 1224 1798 caelo
1252 1744 1518 1813 prospexit
1547 1757 1702 1810 super
1744 1739 1884 1813 ﬁlios
1920 1740 2086 1813 homi-

2191 603 2355 676 πείρᾳ
2384 605 2476 660 τὸν
2501 604 2632 660 Θεδν
2665 606 2849 672 αἰτῶν,
2874 609 2950 672 ὡς
2982 610 3164 664 οὐκέτι
3199 612 3451 685 λέλησται
3473 616 3582 668 τῶν
3615 634 3760 672 πτω-

2188 693 2317 837 χὲὑν.
2343 695 2453 748 Καὶ
2483 693 2585 766 τῆς
2602 695 2697 750 τοῦ
2731 697 2961 762 ἀσεϐοῦς
2989 700 3048 753 δὲ
3087 701 3434 777 βλασφημίας
3473 708 3756 782 ὑπέμνησε

2249 801 2380 854 γων·

2189 877 2337 947 Στίχ.
2368 876 2469 949 λη’.
2502 879 2630 952 ίΤὴν
2667 881 2987 952 ἐπιθυμίαν
3026 880 3144 935 τῶν
3183 881 3457 952 πενήτων
3485 881 3760 948 εἰσήκου-

2257 961 2394 1022 σας,
2427 951 2631 1022 Κύριε·
2672 951 2748 1022 τῇ
2787 950 3100 1022 ἑτοιμασίᾳ
3136 950 3248 1020 τῆς
3288 952 3536 1020 καρδίας
3560 952 3758 1006 αὐτῶν

2258 1021 2519 1088 πρόσεχε
2543 1021 2608 1074 τὸ
2635 1017 2744 1087 οὖς
2763 1017 2921 1076 σου.’
3072 1017 3081 1019 ’
3197 1017 3206 1020 “
3359 1017 3374 1020 ’
3407 1075 3412 1079 .
3509 1017 3524 1020 ἡ
3764 1027 3774 1086 1

2267 1107 2600 1178 Ἐπεθύμουν
2640 1109 2750 1183 γὰρ
2794 1113 3144 1185 συντριϐῆναι
3186 1113 3282 1168 τοῦ
3309 1112 3636 1186 ἀμαρτωλοῦ
3667 1114 3761 1170 τὸν

2191 1200 2468 1273 βραχίονα,
2498 1202 2592 1255 καὶ
2621 1204 2722 1274 τῆς
2749 1205 2913 1258 αὑτοῦ
2954 1204 3264 1277 τυραννίδος
3293 1205 3758 1278 ὲλευθερωθῆναι·

2187 1291 2216 1343 ὃ
2268 1289 2332 1362 δὴ
2373 1292 2466 1344 καὶ
2507 1291 2745 1362 γέγονεν.
2788 1295 3084 1366 Ἐπιθυμία
3135 1295 3194 1348 δὲ
3257 1296 3492 1360 διανοίας
3541 1298 3753 1368 ἀγαθῆς

2187 1380 2416 1452 ἐνεργής
2446 1383 2560 1434 ἐστι
2587 1385 2886 1455 προσευχὴ.
2919 1387 3021 1439 Ἦν
3061 1384 3182 1440 ἰδὼν
3231 1388 3259 1440 ὁ
3301 1387 3760 1460 καρδιογνώστης,

2185 1474 2516 1546 ἐπλήρωσεν.
2544 1477 2685 1531 Ἓτοί
2692 1496 2799 1551 μην
2823 1480 2930 1551 γὰρ
2951 1476 3094 1550 εἶχον
3127 1481 3262 1553 πρὸς
3289 1482 3350 1535 τὸ
3368 1483 3604 1552 σωθῆναι
3624 1501 3762 1556 καρ-

2183 1564 2319 1633 δίαν,
2342 1566 2436 1620 Stal
2461 1568 2559 1639 τῆς
2579 1569 2995 1642 ἐπηγγελμένης
3022 1555 3294 1642 βασιλείας
3319 1578 3522 1645 τυχεῖν.

2793 1661 2937 1714 ΨΑΛ
2952 1702 2964 1716 .
3023 1662 3122 1715 Il".

2185 1745 2348 1826 Erix._
2371 1747 2432 1818 β’.
2485 1749 2720 1826 Kripr
2747 1751 2837 1826 eae
2859 1751 2990 1826 eoin
3021 1753 3299 1826 apparati
3328 1753 3620 1826 διέκυψεν
3661 1756 3760 1812 ἐπὶ

3770 884 3779 962 l

589 1837 734 1910 n‘um,
765 1829 821 1873 ut
875 1817 1068 1874 videret
1102 1817 1148 1868 si
1192 1810 1270 1869 est
1335 1814 1652 1884 intelligens,
1695 1812 1772 1866 uel
1815 1810 2082 1882 requirens

2257 1810 2400 1910 {ob};
2417 1887 2428 1903 ‘
2445 1810 2634 1910 1210120.
2650 1810 2767 1910 £9.»
2793 1810 3151 1910 ﬁrﬂecbxtt‘djr",
3197 1824 3303 1879 τοῦ
3337 1825 3485 1880 ιδεῖν
3506 1810 3592 1880 ἐι
3627 1810 3765 1882 ἔστι

587 1891 777 1945 Deum.

585 1984 933 2051 Quzecunque
973 1976 1328 2049 corporaliter
1371 1978 1438 2031 de
1487 1975 1806 2045 incorporeo
1847 1970 1957 2028 Deo
1985 1972 2090 2028 dici

515 2075 742 2146 possint,
762 2088 827 2128 eo
856 2073 1014 2126 modo
1043 2068 1394 2140 intelligenda
1423 2067 1658 2136 suntqui
1687 2066 1852 2119 Deum
1881 2064 2085 2118 deceat.

516 2165 688 2231 Puta,
720 2163 776 2220 in
816 2162 970 2218 cmlis
999 2159 1202 2216 dicitur
1244 2157 1517 2220 habitare,
1548 2169 1647 2211 ceu
1697 2151 1898 2223 templo
1931 2163 2089 2208 utens

515 2256 713 2313 divinis
761 2253 1123 2324 potestatibus
1168 2265 1290 2320 quae
1335 2250 1390 2304 in
1431 2248 1568 2305 coelo
1615 2255 1764 2303 sunt.
1815 2245 1908 2302 Sic
1941 2245 2086 2300 enim

515 2357 780 2406 vocantur
817 2361 915 2419 per
959 2341 1486 2416 cognominationem
1529 2357 1596 2396 ex
1642 2339 1779 2396 locis
1805 2340 1858 2394 in
1892 2340 2088 2409 quibus

513 2450 661 2507 sunt,
719 2448 778 2494 ut
812 2448 868 2494 et
896 2437 1172 2502 homines,
1216 2435 1345 2489 dum
1380 2443 1525 2488 terra
1562 2433 1811 2489 audiunt.
1854 2431 2086 2487 Sicutin

513 2534 646 2589 illo:
672 2532 857 2586 Omnis
888 2541 1030 2585 terra
1062 2528 1280 2582 adorent
1304 2539 1357 2581 te
1384 2527 1425 2582 °.
1462 2524 1548 2588 Et,
1583 2524 1768 2579 Omnis
1792 2534 1930 2578 terra
1970 2523 2086 2578 cla-

512 2631 623 2678 met
639 2639 755 2676 cum
779 2621 1016 2676 lwtitia'.
1042 2618 1098 2673 In
1111 2617 1433 2688 coelisporro
1450 2614 1830 2669 habitatetiam
1855 2614 1977 2668 dum
2000 2621 2086 2669 est

513 2716 569 2771 in
599 2714 906 2771 hominibus
930 2711 1022 2782 qui
1047 2717 1260 2781 portant
1285 2708 1564 2778 imaginem
1586 2707 1803 2761 ccelestis
1824 2706 1866 2761 ⁸.
1886 2706 2082 2761 Verum

520 2809 686 2866 etiam
730 2806 1027 2863 creationis
1075 2817 1138 2858 ac
1182 2799 1541 2870 providentiae
1570 2798 1799 2864 ratione,
1839 2797 1894 2851 in
1935 2797 2084 2852 omni

523 2909 771 2957 creatura
797 2896 1027 2955 exsistit.
1063 2893 1218 2962 Quod
1262 2907 1331 2948 ex
1383 2889 1763 2962 pulcherrimis
1793 2888 1912 2942 istis
1950 2887 2085 2943 locis

519 2993 722 3062 liquldo
749 2999 1008 3062 apparet:
1039 2987 1200 3041 Pater
1235 2992 1409 3042 noster
1460 2981 1550 3053 qui
1581 2997 1633 3034 es
1657 2980 1732 3050 in]
1752 2979 1954 3036 caelis”.
1978 2979 2082 3033 Et:

512 3085 654 3140 Deus
681 3084 735 3138 in
753 3081 878 3137 ccelo
905 3095 1064 3150 supra
1084 3078 1152 3132 ιο.
1189 3075 1327 3144 Quin
1352 3073 1514 3129 etiam
1547 3072 1731 3127 multis
1755 3071 1809 3125 in
1837 3071 1971 3125 locis
1998 3071 2082 3124 di-

511 3180 652 3234 vinae
700 3173 1082 3236 institutionis,
1108 3169 1232 3224 coeli
1267 3164 1676 3222 nomenclatura
1707 3161 1974 3232 signiﬁcat
2008 3161 2086 3217 in-

513 3269 871 3326 tellectualem
903 3263 1215 3325 essentiam,
1251 3259 1306 3315 in
1334 3273 1441 3328 qua
1477 3257 1713 3312 maxime
1741 3255 1909 3310 Deum
1929 3269 2081 3324 quaa-

511 3377 634 3418 rere
661 3367 898 3431 oportet.
936 3355 1136 3410 Caelum
1161 3350 1305 3407 enim
1333 3349 1448 3428 caeli
1473 3346 1700 3402 Domino
1720 3345 1759 3376 "
1797 3362 1810 3398 :
1836 3344 1961 3399 inde
1985 3358 2082 3413 per

511 3449 1060 3510 condescendentiam
1103 3447 1326 3517 respicit
1377 3457 1472 3498 eos
1520 3442 1613 3510 qui
1661 3437 1900 3510 sequiori
1954 3447 2082 3492 sunt

513 3545 852 3608 conditione,
879 3541 946 3596 Ut
972 3541 1145 3596 uideat
1195 3539 1241 3593 si
1275 3537 1391 3607 quis
1423 3543 1502 3590 est
1532 3532 1784 3602 prudens,
1809 3528 2078 3600 requirens

515 3639 705 3691 Deum.
742 3633 964 3691 Scilicet
999 3642 1059 3688 ut
1090 3646 1213 3687 eum
1243 3628 1525 3685 inveniens
1554 3625 1870 3694 participem
1913 3622 2082 3677 faciat

512 3731 779 3784 bonorum
805 3741 1047 3784 suorum.
1080 3725 1149 3778 At
1183 3723 1327 3777 enim
1359 3719 1658 3788 ‘contingit,
1682 3726 1742 3770 ut
1775 3716 1925 3771 vitiis
1955 3730 2077 3770 cum
2115 3756 2125 3761 -

515 3819 796 3890 impietate
826 3813 1195 3872 obtinentibus
1231 3812 1465 3874 dicatur,
1498 3805 1625 3861 Non
1669 3815 1744 3860 est
1774 3805 2078 3858 misericor-

510 3912 624 3976 dia,
652 3925 814 3980 neque
847 3909 1054 3972 ueritas,
1093 3920 1252 3973 neque
1275 3902 1502 3974 cognitio
1529 3901 1627 3954 Dei
1661 3913 1818 3967 super
1843 3908 1985 3951 terra
2004 3897 2074 3961 η,

509 4014 565 4059 et
583 4018 705 4074 quae
729 4011 1049 4071 sequuntur.
1081 3999 1218 4054 Cum
1251 3995 1500 4051 homines
1527 4006 1699 4063 usque
1744 3988 1880 4045 adeo
1904 3989 2078 4045 vitiati
2112 4043 2121 4074 ξ

508 4104 713 4161 essent,
745 4091 1014 4162 quomodo
1045 4105 1151 4146 non
1182 4087 1499 4160 oportebat,
1534 4095 1597 4139 ut
1638 4085 1812 4139 bonus
1842 4082 2077 4152 sospita-

508 4195 595 4240 tor
621 4184 976 4256 prospiceret,
1006 4197 1112 4252 quo
1151 4187 1469 4251 argumento
1495 4176 1676 4246 aliquo
1709 4173 2078 4245 intelligentia:
2114 4239 2118 4247 ἱ

507 4282 746 4343 reperto,
777 4273 881 4326 hoc
913 4271 1301 4340 rnultiplicaret
1321 4278 1675 4339 augeretque,
1710 4279 1766 4321 et
1795 4265 2079 4335 requiren-

509 4364 654 4419 tibus
687 4377 747 4418 se
787 4362 1136 4418 manifestum
1177 4359 1415 4416 faceret?
1455 4358 1769 4428 Manifestat
1793 4359 1934 4412 enim
1966 4371 2078 4411 sese

509 4457 595 4522 iis,
633 4457 721 4521 qui
753 4472 855 4510 non
879 4465 1000 4510 sunt
1026 4452 1288 4508 increduli
1311 4452 1412 4521 ipsi
1434 4450 1499 4507 ¹³.

2261 1887 2508 1952 συνιὼν,
2541 1888 2580 1957 ἡ
2609 1889 2864 1958 ἐκζητῶν
2883 1887 2990 1945 τὸν
3030 1887 3198 1949 Θεόν.
3770 1929 3775 1960 ς

2265 1981 2404 2035 Ὅσα
2441 1982 2764 2053 σωματικῶς
2815 1984 3108 2056 ἀσωμάτου
3151 1988 3504 2059 τυγχάνοντος
3552 1989 3766 2060 λέγοιτο

2191 2073 2319 2145 περὶ
2360 2071 2454 2126 τοῦ
2502 2072 2659 2138 Θεοῦ,
2689 2073 3008 2148 θεοπρεπῶς
3056 2078 3372 2136 ἀκουστέον.
3404 2075 3549 2147 Οἴον,
3586 2085 3645 2137 ὲν
3671 2084 3767 2136 οὺ-

2191 2167 2374 2236 ρανοῖς
2424 2165 2638 2234 λέγεται
2680 2171 2976 2236 κατοικεῖν,
3034 2169 3110 2234 ὡς
3154 2171 3267 2242 ναῷ
3321 2171 3602 2245 χρώμενος
3639 2176 3764 2239 ταῖς

2188 2257 2359 2322 Θείαις
2404 2257 2681 2328 δυνάμεσι,
2729 2261 2849 2323 ταῖς
2895 2260 2953 2314 ὲν
2999 2260 3229 2333 οὐρανῷ.
3293 2263 3598 2317 Καλοῢνται
3651 2264 3763 2334 γὰρ

2187 2342 2490 2419 ὁμωνύμως
2528 2351 2640 2412 τοῖς
2664 2349 2720 2402 ἐν
2745 2343 2826 2412 οἷς
2856 2349 2960 2402 εἰσι
2987 2351 3201 2415 τόποιςο
3243 2351 3319 2417 ὡς
3349 2355 3442 2408 καὶ
3485 2353 3766 2426 ἄνθρωποι

2185 2441 2255 2511 γῆ
2275 2439 2723 2513 χρηματίζοντες.
2757 2441 2843 2506 Ὦς
2864 2443 2920 2494 ὲν
2944 2441 3056 2514 τῷο
3100 2442 3275 2498 Πᾶσα
3305 2444 3343 2513 ἡ
3383 2444 3459 2516 γῆ
3494 2459 3764 2514 προσκυ-

2184 2530 2547 2598 νησάτωσάν
2585 2547 2682 2587 σοι
2698 2575 2714 2600 ,
2745 2533 2861 2587 καί’
2892 2532 3068 2590 Πᾶσα
3088 2535 3126 2604 ή
3156 2533 3232 2604 Tn"
3256 2533 3377 2602 ,βοᾷ
3392 2537 3520 2606 μετ’
3544 2539 3765 2607 εὐφρο-

2185 2624 2400 2691 σύνης.
2440 2624 2530 2677 Ἐν
2559 2624 2808 2694 οὐρανοῖς
2845 2625 2903 2678 δὲ
2948 2628 3086 2680 οίκέἶ
3108 2629 3203 2681 καὶ
3231 2629 3290 2681 ὲν
3321 2628 3632 2701 ἀνθρώποις
3663 2629 3762 2696 ὢν,

2183 2718 2295 2778 τοῖς
2325 2712 2580 2785 φοροῦσι
2629 2716 2744 2786 τὴν
2784 2719 2988 2774 εἰκόνα
3035 2719 3143 2774 τοῦ
3184 2719 3566 2788 ἐπουρανίου.
3601 2721 3766 2775 Ἀλλὰ

2184 2806 2276 2859 καὶ
2306 2806 2381 2870 ὡς
2411 2807 2769 2880 δημιουργίας
2819 2807 2961 2880 λόγῳ
3006 2810 3102 2863 καὶ
3145 2812 3398 2882 προνοίας
3431 2815 3490 2867 ὲν
3519 2812 3672 2886 πάσῃ
3691 2815 3762 2885 τῇ

2182 2897 2357 2952 κτίσει
2379 2901 2755 2972 τυγχάνοντος.
2800 2902 2894 2954 Ἐκ
2921 2901 3028 2955 τῶν
3055 2903 3356 2958 καλλίστων
3384 2905 3543 2958 τοῦτο
3568 2904 3762 2977 δηλοῦ-

2183 3005 2272 3041 ται
2308 2989 2516 3062 μερῶν·
2553 2991 2610 3044 ἐν
2632 3009 2691 3044 τε
2719 2990 2816 3062 τῷ,
2848 2991 3037 3061 Πάτερ
3060 2993 3228 3063 ἡμῶν
3260 2997 3293 3050 ό
3315 2995 3386 3050 ἐν
3409 2996 3532 3062 τοῖς
3575 2998 3757 3065 οὐρα-

2184 3081 2330 3147 νοῖς
2363 3082 2478 3148 καὶ,
2511 3083 2655 3150 Θεὸς
2691 3085 2763 3138 ἐν
2789 3082 2869 3150 τῷ
2888 3084 3122 3153 οὐρανῷ
3146 3085 3288 3139 ἅνω.
3329 3086 3486 3140 Ἀλλὰ
3513 3089 3608 3142 καὶ
3634 3089 3764 3144 πολ-

2186 3169 2348 3242 λαχοῦ
2381 3175 2478 3245 τῆς
2499 3174 2650 3238 Θείας
2685 3173 3019 3238 παιδεύσεως
3046 3177 3078 3247 ἡ
3109 3175 3200 3230 τοῦ
3224 3177 3452 3249 ούρανοῦ
3486 3195 3766 3250 προσηγο-

2189 3264 2276 3334 ρία
2295 3264 2443 3336 δηλοί
2461 3265 2560 3337 τὴν
2581 3267 2772 3337 νοητὴν
2798 3265 3005 3330 οὐσίαν,
3027 3267 3082 3319 ὲν
3179 3267 3411 3338 μάλιστα
3435 3268 3566 3323 Θεὸν
3592 3287 3765 3342 προσ-

2183 3357 2304 3428 ήκει
2366 3355 2565 3429 ζητεῖν.
2636 3357 2688 3409 '0
2749 3357 3004 3426 οὐρανὸς
3043 3358 3151 3430 γὰρ
3215 3359 3323 3412 τοῦ
3369 3359 3630 3428 οὐρανοῦ
3679 3360 3764 3427 τῷ

2183 3449 2396 3516 Κυρίῳ.
2440 3449 2533 3501 Ἐκ
2575 3448 2764 3504 τούτου
2806 3449 3155 3521 συμϐατικῶς
3189 3451 3480 3505 ἐπισκοπεῖ
3501 3453 3630 3516 τοὺς
3657 3453 3760 3524 τῆς

2182 3540 2572 3612 ὑποδεεστέρας
2597 3540 3000 3607 καταστάσεως,
3038 3542 3148 3597 Τοῦ
3190 3542 3356 3607 ἰδεῖν,
3389 3543 3445 3597 εἲ
3493 3543 3586 3610 τίς
3623 3543 3760 3599 ἐστι

2183 3630 2459 3697 συνετὸς,
2483 3629 2743 3698 ἐκζητῶν
2788 3631 2895 3685 τὸν
2924 3634 3104 3686 Θεόν·
3162 3633 3237 3697 ὼς
3280 3634 3346 3688 ἂν
3379 3633 3555 3706 εὑρὼν
3600 3624 3760 3706 τύχοι

2181 3721 2288 3774 τῶν
2317 3724 2448 3792 παρ’
2496 3721 2658 3775 αὑτοῦ
2701 3722 2936 3793 δωρεῶν.
2987 3724 3197 3779 Γίνεται
3237 3726 3295 3779 δὲ
3325 3725 3506 3791 τοῦτο,
3557 3727 3763 3791 κακίας

2184 3818 2279 3870 σὺν
2329 3811 2557 3886 ἀσεϐείᾳ
2599 3815 2928 3886 κρατούσης,
2963 3816 3038 3880 ὼς
3079 3816 3366 3887 λεχθῆναι’
3420 3821 3543 3872 Οὐκ
3585 3819 3763 3872 ἐστιν

2181 3907 2376 3972 ἕλεος,
2399 3905 2542 3960 οὐδὲ
2594 3906 2866 3974 ἀλήθεια,
2909 3907 3052 3960 οὐδὲ
3095 3909 3418 3977 ἐπίγνωσις
3457 3911 3606 3965 Θεοῦ
3657 3911 3762 3966 ἐπὶ

2179 3997 2290 4068 τῆς
2318 3997 2448 4069 γῆς,
2476 3999 2572 4053 καὶ
2601 3998 2668 4053 τὰ
2698 4000 2791 4052 ἐπὶ
2815 3999 3045 4063 τούτοις.
3085 3999 3240 4053 Οὕτω
3294 4001 3402 4055 τῶν
3451 4001 3762 4073 ἀνθρώπων

2183 4087 2508 4158 βλαϐέντων.
2537 4087 2652 4152 πῶς
2677 4088 2777 4142 οὐκ
2805 4089 2913 4142 ἔδει
2939 4089 3028 4142 τὸν
3064 4089 3264 4158 ἀγαθὸν
3297 4089 3591 4160 ἐπιϐλέψαι
3632 4093 3755 4144 Σωο

2179 4182 2340 4253 τῆρα,
2371 4181 2445 4245 ὡς
2473 4181 2559 4247 ἂν,
2593 4181 2850 4252 ἀφορμήν
2881 4199 3001 4234 τινα
3027 4181 3292 4244 συνέσεως
3319 4180 3515 4253 εὑρὼν,
3550 4183 3761 4255 ταύτην

2182 4273 2448 4347 πληθύνῃ,
2496 4273 2728 4337 καὶτοῖς
2779 4272 3100 4344 ἐκζητοῦσιν
3129 4274 3472 4344 ὲμφανίσειεν
3518 4275 3756 4342 ὲαυτόν;

2194 4363 2594 4435 Ἐμςςανιζεται
2635 4362 2746 4434 γὰρ
2788 4363 2910 4429 τοῖς
2930 4363 3016 4432 μὴ
3047 4363 3415 4417 ἀπιστοῦσιν
3457 4361 3641 4430 αὐτῷ.

508 4547 574 4601 ν.
595 4548 666 4628 ἓν.
711 4545 1314 4628 Omnes'declinauerunt
1335 4560 1353 4597 :
1377 4559 1484 4597 una
1513 4541 1726 4595 inutiles
1749 4541 1916 4608 effecti
1933 4547 2073 4628 sunt:

2192 4545 2339 4628 Στίχ.
2383 4551 2456 4628 γ’.ε
2505 4542 2733 4622 Πάντες
2762 4540 3107 4628 ἐξέκλινανο
3152 4539 3271 4608 ἅμα
3310 4539 3756 4628 ᾐχρςιώθησειν.

581 4616 705 4672 Non
755 4627 832 4671 est
891 4618 1088 4684 faciens
1142 4615 1449 4679 bonitatem,
1515 4628 1620 4664 non
1666 4621 1742 4664 est
1785 4625 1948 4680 usque
2005 4610 2072 4660 ad

580 4704 760 4740 unum.

576 4777 920 4834 Vaticinatur
961 4777 1316 4832 mutationem
1357 4777 1595 4846 gentium
1624 4775 1677 4828 in
1706 4769 2074 4826 mansuetudi-

503 4883 631 4925 nem
662 4877 716 4925 et
741 4869 1014 4939 pietatem.
1066 4867 1272 4922 Idcirco
1327 4867 1492 4922 etiam
1552 4867 1870 4933 interrogat,
1903 4860 2071 4915 Num-

503 4975 631 5016 nam
662 4960 982 5015 adveniente
1011 4958 1240 5014 Domino
1271 4957 1650 5026 temperabunt
1675 4970 1704 5008 a
1729 4953 1902 5008 l'erina
1933 4952 2066 5016 vita,

504 5063 558 5110 et
593 5055 896 5124 cogniturae
925 5053 1032 5108 sint
1075 5051 1398 5108 Deum?Ait
1432 5051 1577 5105 enim
1605 5061 1824 5118 quoque
1856 5046 2024 5101 Isaias
2051 5062 2065 5100 :

2241 4607 2557 4737 ggx'éa'tt
2594 4611 2779 4666 ποιῶν
2829 4607 3226 4680 χρηστότητα,
3275 4607 3598 4670 οὐκέστιν
3642 4607 3760 4677 ἕως

2345 4705 2396 4737 0.

2345 4705 2396 4750 ς.

2252 4775 2588 4848 Προφητεύει
2622 4774 2921 4846 μεταϐολὴν
2954 4773 3062 4827 τῶν
3113 4773 3282 4827 ἐθνῶν
3311 4774 3392 4835 είς
3433 4760 3764 4844 ἦμερότητα

2181 4870 2274 4922 καὶ
2322 4867 2623 4924 εὐσέϐειαν.
2647 4866 2737 4919 Διὸ
2766 4867 2860 4920 καὶ
2906 4867 3106 4937 ἐρωτᾷ,
3150 4863 3262 4934 Μὴ,
3295 4862 3390 4916 τοῦ
3421 4865 3632 4934 Κυρίου
3661 4864 3763 4918 ἐλ-

2176 4961 2381 5025 θόντος,
2403 4959 2462 5013 οὐ
2497 4958 2797 5011 παύσονται
2824 4955 2918 5009 τοῦ
2971 4953 3266 5025 θηριώδους
3311 4952 3446 5023 βίου,
3487 4954 3582 5006 καὶ
3634 4955 3766 5009 ὲπι-

2174 5051 2471 5120 γνώσονται
2501 5049 2593 5103 τὸν
2626 5047 2859 5118 Κύριον;
2883 5045 3040 5113 Λέγει
3085 5042 3192 5114 γὰρ
3221 5044 3314 5096 καὶ
3355 5044 3585 5108 Ἡσαΐας
3604 5061 3619 5076 ·
3649 5042 3764 5115 Οἷς

506 5146 708 5212 Quibus
744 5161 850 5199 non
886 5145 1060 5214 fuerat
1106 5141 1406 5196 nuntiatum
1435 5143 1500 5194 de
1544 5140 1662 5205 illo,
1694 5138 1940 5193 videbunt
1972 5150 1992 5189 :
2020 5145 2070 5191 et

2192 5146 2283 5197 n'm
2314 5140 2616 5212 ἀνηγγέλη
2659 5142 2790 5207 περὶ
2816 5135 3004 5191 αὐτοῦ
3051 5135 3321 5202 ὄψονται·
3353 5134 3412 5187 οἳ
3449 5137 3561 5189 οὐκ
3596 5136 3762 5206 ἀκη-

502 5238 590 5306 qui
626 5253 731 5291 non
757 5237 1060 5300 audierant,
1090 5233 1385 5301 intelligent
1410 5230 1473 5284 “‘.

504 5324 794 5394 V.5,6.Ibi
832 5332 1148 5391 expaverunt
1199 5323 1408 5384 timore,
1438 5321 1537 5394 ubi
1589 5337 1690 5394 non
1729 5330 1842 5374 erat
1888 5319 2065 5374 timor.

680 5398 822 5460 Quia
847 5390 1102 5450 Dominus
1128 5395 1185 5446 in
1214 5390 1551 5462 generatione
1583 5391 1867 5455 iustorum.
1901 5434 1904 5436 η

573 5488 691 5542 Erit
723 5487 869 5543 enim
899 5485 1205 5554 aliquando,
1234 5485 1331 5549 ait,
1359 5493 1416 5538 ut
1442 5483 1680 5553 praedicti
1708 5482 1936 5536 timeant
1958 5481 2069 5538 Do-

497 5580 734 5642 minum,
783 5590 952 5648 penes
998 5591 1135 5645 quos
1183 5589 1292 5630 non
1318 5582 1435 5628 erat
1456 5581 1611 5629 antea
1639 5573 1822 5628 timor.
1851 5572 1939 5626 Ibi
1975 5588 2070 5628 au-

570 5756 588 5785 ⁸
611 5753 754 5808 Psal.
790 5767 912 5815 va,
950 5753 1003 5805 4.

501 5823 587 5877 16.
660 5822 874 5897 “Osee
900 5836 976 5890 tv,
1008 5822 1060 5877 1.
1148 5821 1189 5852 ¹³
1218 5819 1347 5888 Sap.
1378 5837 1419 5887 ι,
1450 5822 1502 5872 ‘2.
1559 5891 1572 5898 ς
1614 5821 1656 5851 ¹¹⁸
1683 5820 1807 5874 lsui.
1844 5835 1942 5883 ιιι,
1974 5820 2064 5878 15.

1101 5749 1259 5803 7Isai.
1296 5764 1407 5814 xw,
1437 5750 1494 5803 7.
1581 5750 1642 5803 εἰ
1678 5749 1800 5802 Cor.
1838 5750 2040 5812 ".49.
2117 5753 2137 5784 θ
2164 5751 2354 5807 Mulli.
2413 5768 2486 5819 vr,
2547 5754 2602 5808 9.

2173 5235 2351 5287 κόασι
2378 5231 2779 5297 συνήσουσιν.

2180 5318 2978 5394 Στίχ.ε¹,ς’.ἰξκεῖεδειλίασαν
3000 5310 3268 5394 φόᾷξῳιοῦ
3298 5316 3411 5394 οὐκ
3436 5313 3518 5384 ἦν
3539 5315 3759 5384 φόϐος.

2494 5391 2583 5444 ὅτι
2619 5389 2830 5456 Κύριος
2861 5387 2931 5440 ἐν
2953 5385 3126 5456 γενεᾷ
3157 5385 3423 5439 δικαίων.
3685 5410 3688 5412 ν

2249 5485 2441 5538 Ἔσται
2467 5482 2594 5552 γὰρ,
2639 5480 2824 5550 φησιν,
2869 5479 2957 5530 ὅτε
2982 5480 3030 5530 οἱ
3072 5475 3474 5548 προρρηθέντες
3506 5476 3763 5550 φοϐηθή-

2181 5591 2361 5628 σονται
2409 5573 2632 5645 Κύριον,
2683 5571 2811 5642 παρ’
2864 5564 2944 5632 οἷς
2987 5567 3086 5622 οὐκ
3126 5563 3194 5637 ἦν
3251 5565 3507 5638 πρότεροι
3562 5567 3758 5637 φόϐος.

2676 5751 2747 5823 ’,ιβ
2775 5749 2939 5831 Deut.
2976 5763 3062 5829 iv,
3120 5745 3211 5806 39.
3242 5801 3250 5808 ,
3311 5746 3352 5778 ¹¹
3380 5743 3523 5802 Psal.
3591 5759 3760 5814 cxiii,

2621 5859 2628 5865 -
2660 5850 2696 5872 Α
