4004 6510
323 414 418 469 l09
926 468 929 470 .
1492 424 1859 487 EXCERPTA
1895 428 1963 484 IN
2001 420 2346 487 PSALMOS.
3477 441 3582 501 uo

327 531 559 630 Ἐκεῖδὶ
584 533 648 590 ἐν
672 537 741 610 τῇ
785 537 1060 612 μελλούσῃ
1077 537 1418 614 ’συστήπται
1456 546 1644 618 γενεᾷ,
1676 547 1806 618 περὶ
1831 542 1848 602 i

1967 595 1976 613 ,
2007 555 2137 612 tem,
2170 547 2223 602 in
2253 546 2444 623 futura,
2471 549 2734 609 consistet
2772 548 3154 626 generatione,
3183 554 3250 613 de
3277 568 3384 630 qua
3409 560 3572 617 etiam

337 625 525 696 πάγει..

2001 646 2191 708 postea
2216 639 2482 709 loquitur.

2599 735 2794 792 PSAL.
2841 733 2960 795 xv.
3593 718 3609 776 τ

548 803 700 880 ’Στίχ.
738 806 810 863 α’.
843 811 1264 880 Στηλοῃοαφία
1293 809 1387 882 ξτῷ
1438 812 1641 866 Δαϐίδ.

2379 817 2442 875 ν,
2491 823 2540 880 I.
2584 825 2958 898 Stelographia
2984 825 3194 884 Daridi.

380 898 492 961 τοῦ
513 900 693 955 Δαϐὶδ
713 902 1033 974 ἐπέγραψαν
1055 904 1104 956 oi
1129 902 1305 957 λοιποί
1325 921 1338 934 ο
1359 907 1811 975 στηλογραφίαν
1838 906 1848 958 l

2071 907 2284 985 Reliqui
2315 914 2713 987 inscripserunt
2742 921 2984 987 Davidis,
3013 923 3200 978 itidem
3225 935 3355 979 vero
3387 931 3572 980 trans-

301 997 503 1068 ὁμοίως
531 997 826 1064 ἐξέδωκαν,
857 999 937 1071 τῷ
975 1000 1250 1073 περιέχειν
1292 1002 1633 1074 προφητείαν
1671 1003 1848 1058 αἰωνίι

1999 1007 2240 1064 tulerunt
2273 1005 2720 1079 stelographiam,
2752 1025 2817 1067 eo
2853 1016 2995 1082 quod
3028 1015 3308 1070 contineat
3337 1018 3576 1086 prophe-

302 1092 526 1161 μνήμης
562 1092 742 1156 ἀξίαν.
779 1093 991 1163 Ὥσπερ
1025 1093 1134 1166 γὰρ
1166 1095 1216 1147 οί
1266 1094 1512 1166 μέγιστοι
1547 1093 1656 1148 τῶν
1691 1097 1842 1165 ἀγων

1996 1099 2124 1151 tiam
2144 1108 2348 1154 :eterna
2373 1101 2636 1156 memoria
2667 1103 2904 1172 dignam.
2931 1102 3396 1173 Quemadmodum
3423 1107 3572 1163 enim

295 1181 540 1251 ζομένων
570 1183 630 1235 ἐν
661 1181 893 1247 σταδίοις
924 1183 1155 1256 ἀθληταὶ
1199 1183 1436 1252 στήλης
1459 1184 1754 1252 ἀξιοῦνται,
1799 1204 1848 1240 κι

1994 1191 2190 1245 summi
2250 1191 2343 1262 qui
2395 1191 2446 1246 in
2489 1185 2684 1248 stadiis
2723 1202 3080 1250 certaverunt
3135 1195 3376 1261 athletae,
3420 1197 3572 1265 srele,

294 1274 404 1328 τῶν
435 1275 495 1328 ἐν
523 1274 781 1347 πολέμοις
814 1277 1262 1350 κατωρθωμένων
1288 1279 1368 1341 είς
1394 1277 1494 1348 τὴν
1543 1278 1684 1349 μετά
1718 1278 1848 1332 ταῦτ

1991 1294 2086 1334 seu
2120 1280 2373 1336 columna
2403 1281 2722 1355 dignantur,
2751 1295 2810 1340 et
2840 1298 3030 1341 eorum
3058 1285 3151 1357 qui
3185 1287 3236 1341 in
3273 1287 3426 1342 bellis
3457 1289 3571 1344 for-

294 1367 522 1439 μνὴμην
552 1367 768 1422 ἵσταται
793 1368 1055 1440 τρόπαια·
1084 1369 1226 1424 οὕτω
1245 1369 1308 1424 τὸ
1333 1371 1476 1441 μέγα
1507 1372 1770 1442 τρόπαιον
1793 1391 1848 1427 το

1994 1373 2120 1427 liter
2159 1372 2499 1444 feliciterque
2553 1387 2956 1446 pugnaverunt,
3004 1379 3072 1433 ad
3122 1377 3199 1434 rei
3251 1380 3569 1435 memoriam

289 1459 570 1530 Σωτῆρος,
607 1459 744 1531 ὅπερ
760 1460 953 1532 ἦγειρε
981 1460 1225 1515 καθελὼν
1257 1461 1351 1516 τὸν
1376 1462 1437 1515 τὸ
1466 1463 1668 1533 κράτος
1697 1463 1848 1536 ἔχοντ

1993 1470 2196 1532 tropaea
2228 1463 2548 1536 eriguntur:
2575 1467 2717 1522 baud
2758 1467 2925 1522 aliter
2970 1484 3225 1539 magnum
3268 1468 3572 1525 SalVatoris

284 1548 384 1602 τοῦ
421 1548 680 1612 θανάτου,
729 1549 976 1621 Γραφαίς
1006 1549 1215 1605 ἄνωθεν
1243 1550 1638 1619 eammeam;
1675 1567 1848 1622 rrpocpr

1991 1563 2277 1624 tropaeum,
2320 1557 2466 1625 quod
2498 1560 2697 1622 erexit,
2731 1557 3020 1629 proﬂigato
3053 1573 3118 1614 eo
3147 1559 3242 1630 qui
3281 1560 3569 1628 imperiutn

284 1642 492 1704 τικαῖς.
535 1640 628 1692 Διὸ
657 1639 754 1694 καὶ
798 1641 1025 1712 Πέτρος,
1044 1639 1152 1694 τῶν
1183 1641 1241 1693 ἐν
1280 1639 1433 1710 αύτῷ
1477 1640 1848 1712 μνημονεύσας

1988 1645 2226 1702 habebat
2267 1648 2480 1715 mortis,
2521 1649 2827 1720 scripturis
2878 1658 2958 1704 tot
2993 1659 3123 1706 ante
3164 1651 3362 1706 srecula
3409 1645 3566 1721 quasi

282 1733 575 1803 ἐπήγαγεν
600 1749 614 1762 ·
647 1750 668 1784 ε
706 1731 931 1804 ’Ἄνδρες
956 1731 1196 1802 ἀδελφοὶ,
1223 1730 1342 1796 ἐξὸν
1369 1731 1541 1787 εἰπεῖν
1573 1731 1712 1804 μετὰ
1743 1734 1848 1805 παῤ

1985 1736 2165 1791 ειειαὶε
2237 1737 2580 1793 nobilitatum
2623 1749 2709 1795 est
2766 1741 3124 1810 prOpheticis.
3187 1741 3566 1809 Quamobrem

283 1826 488 1897 ρησίας
519 1825 658 1896 πρὸς
690 1825 836 1897 ὑμᾶς
880 1825 1010 1896 περὶ
1053 1823 1149 1878 τοῦ
1195 1824 1534 1898 πατριάρχου
1584 1822 1770 1888 Δαὸὶδ,
1798 1825 1848 1879 ὅτ

1984 1828 2150 1884 etiam
2188 1827 2407 1889 Petrus.
2432 1829 2578 1885 facta
2625 1833 2906 1888 mentione
2960 1848 3152 1890 eorum
3193 1851 3314 1905 qua:
3351 1835 3404 1890 in
3449 1835 3567 1905 ipso

281 1919 378 1972 καί⁵
403 1918 726 1990 ἐτελεύτησε
754 1918 849 1977 καὶ
873 1917 1069 1988 ἐτάφη,
1104 1918 1200 1971 καὶ
1231 1916 1292 1970 τὸ
1323 1916 1512 1988 μνῆμα
1541 1915 1706 1970 αὐτοῦ
1733 1915 1848 1970 ἔστι

1985 1919 2353 1986 continentur,
2383 1919 2631 1988 adjunxit
2661 1937 2677 1978 :
2712 1939 2730 1973 ι
2765 1922 2872 1977 Viri
2915 1923 3132 1987 fratres,
3161 1923 3243 1979 Ias
3271 1931 3354 1980 est
3385 1925 3568 1981 dicere

279 2013 338 2064 ἐν
382 2012 521 2082 ἡμῖν
571 2008 702 2081 ἄχρι
759 2009 864 2079 τῆς
891 2009 1132 2081 ἡμέρας
1171 2007 1397 2080 ταύτης.
1452 2008 1748 2080 Προφήτης
1785 2003 1846 2063 οῦ

1989 2021 2112 2064 cum
2144 2010 2396 2066 libertate
2437 2011 2576 2082 apud
2615 2027 2711 2068 vos
2744 2015 2810 2070 de
2849 2014 3161 2084 patriarcha
3209 2014 3398 2080 David,
3421 2016 3566 2084 quod

278 2104 572 2176 ὑπάρχων,
603 2104 697 2157 κα).
734 2101 911 2168 εἰδὼς,
943 2103 1026 2156 ὅτι
1059 2103 1208 2174 ὅρκῳ
1233 2100 1451 2173 ὤμοσεν
1481 2097 1632 2171 αὖτῷ
1660 2101 1688 2153 ὁ
1719 2098 1848 2164 Θεὸς

1987 2083 2046 2156 ei
2084 2112 2330 2158 mortuus
2369 2113 2457 2159 est
2497 2113 2551 2159 et
2586 2083 2864 2174 sepultus,
2882 2113 2937 2161 et
2966 2115 3378 2163 monumentum
3419 2083 3566 2162 illius

276 2197 342 2249 ἐκ
367 2193 593 2268 καρποῦ
622 2195 720 2266 τῆς
742 2193 943 2265 ὀσφύος
973 2193 1137 2248 αὐτοῦ
1172 2193 1233 2246 τὸ
1264 2193 1406 2248 κατά
1435 2192 1614 2264 σάρκα
1642 2193 1847 2266 ἀναστή

1985 2204 2167 2251 exstat
2201 2196 2345 2252 inter
2395 2211 2496 2252 nos
2540 2211 2712 2268 usque
2759 2196 2811 2252 in
2851 2208 3172 2269 praesentem
3223 2198 3391 2254 diem.
3425 2198 3562 2254 Cum

275 2307 395 2345 σειν
455 2291 548 2345 τὸν
598 2287 835 2362 Χριστὸν
881 2285 1103 2342 καθίσαι
1150 2285 1243 2340 ἐπὶ
1301 2284 1392 2339 τὸν
1439 2283 1630 2355 θρόνον
1672 2281 1838 2338 αὑτοῦ

1986 2287 2156 2358 igitur
2193 2289 2458 2358 propheta
2497 2299 2664 2355 esset,
2708 2289 2983 2358 sciretque
3029 2289 3171 2358 quod
3204 2286 3563 2359 jurejurando

271 2383 522 2456 προϊδὼν
561 2383 621 2437 δέ
653 2381 884 2454 ἐλάλησε
913 2380 1042 2450 περὶ
1079 2379 1180 2450 τῆς
1231 2377 1578 2441 ἀναστάσεως
1614 2376 1710 2430 τοῦ
1738 2377 1845 2448 Χρι

1975 2376 2262 2447 iuraverat
2292 2378 2342 2433 ei
2383 2380 2551 2444 Deus,
2592 2393 2661 2435 ex
2698 2380 2878 2434 fructu
2907 2379 3073 2434 lumbi
3101 2377 3220 2447 ejus
3261 2377 3562 2435 secundum

274 2474 434 2540 στοῦ,
470 2477 554 2528 ᾶτι
596 2473 721 2527 οὕτε
761 2469 1155 2543 ἐγκατελείφθη
1203 2472 1282 2534 είς
1322 2469 1478 2542 ᾅδην,
1513 2467 1640 2524 οὗτε
1670 2470 1704 2541 ἠ
1735 2466 1848 2540 σὰρέ

1979 2482 2201 2523 carnem
2245 2475 2622 2526 surrecturum
2661 2469 2961 2532 Christum,
2989 2468 3080 2538 qui
3136 2470 3352 2524 sederet
3399 2483 3564 2539 super

269 2564 447 2620 αὐτοῦ
476 2562 585 2618 εἶδε
612 2563 927 2635 διαφθοράν.
960 2561 1162 2614 Τοῦτον
1191 2559 1282 2613 τὸν
1325 2558 1533 2630 Ἰησοῦν
1569 2559 1848 2631 ἀνέστησεε

1981 2559 2174 2614 throno
2212 2554 2355 2616 illius
2389 2561 2734 2632 :prmvidens
2778 2569 2959 2614 autem
3003 2559 3216 2614 locutus
3264 2569 3348 2614 est
3380 2559 3447 2614 de
3475 2571 3564 2614 re-

270 2659 300 2710 δ
327 2658 492 2723 Θεὸς,
515 2649 578 2710 οὗ
603 2656 805 2720 πάντες
839 2657 1000 2728 ἡμεῖς
1027 2655 1194 2725 ἐσμεν
1218 2653 1514 2725 μάρτυρες.
1544 2671 1563 2704 ι

1976 2649 2317 2706 surrectione
2353 2649 2578 2719 Christi,
2614 2650 2743 2720 quia
2803 2662 2984 2718 neque
3037 2648 3332 2704 derelictus
3369 2655 3454 2702 est
3502 2648 3558 2702 in

269 2749 515 2815 inferno,
545 2762 725 2820 neque
756 2762 889 2805 caro
927 2745 1050 2817 ejus
1109 2745 1248 2801 vidit
1285 2745 1719 2816 corruptionem.
1766 2743 1923 2800 Hunc
1971 2740 2155 2800 Jcsum
2215 2745 2563 2800 resuscitavit
2607 2745 2768 2809 Deus,
2812 2741 2965 2814 cujus
3005 2757 3195 2798 omnes
3239 2756 3338 2798 nos
3371 2755 3560 2798 sumus

265 2850 446 2898 testes
465 2842 533 2895 ¹⁸.
564 2860 585 2895 ι

943 716 1112 775 ΨΛΛ.
1158 719 1261 774 IE'.

909 2937 1079 2992 ΨΑΑ.
1121 2937 1242 3004 ις’.

2570 2927 2764 2984 PSAL.
2807 2925 2948 2984 XVI.

265 3029 422 3103 Στίχ.
444 3030 511 3084 δ’.
558 3032 676 3103 Διά
704 3030 848 3098 τοὺς
868 3032 1110 3103 ,λόγους
1145 3030 1267 3085 τῶν
1294 3029 1545 3103 χειῴέων
1582 3042 1722 3094 σου,
1749 3026 1848 3097 erit

1971 3025 2039 3084 ν.
2079 3026 2132 3080 4.
2180 3024 2406 3096 PrOpter
2428 3023 2986 3103 sermonesjabiorum
3017 3033 3253 3087 tuorum,
3287 3036 3380 3093 ego
3406 3035 3549 3091 prc-

654 3093 930 3171 ἐφύλαξα
969 3093 1150 3168 ὄδοῦς
1177 3093 1474 3168 σκλὴράς.
1708 3093 1713 3094 ί
1788 3093 1800 3097 ⁷

2289 3093 2298 3096 ⁷
2524 3097 2640 3148 cavi
2671 3095 2784 3149 υἱαε
2816 3093 3002 3146 duras.

343 3193 756 3265 ’Υπογραμμὸν
785 3196 918 3266 ἡμῖν
947 3193 1043 3247 καὶ
1075 3191 1164 3246 διὰ
1205 3191 1410 3252 τούτων
1439 3189 1657 3244 δίδωσιν
1687 3190 1716 3243 δ
1747 3188 1860 3242 Σω-

261 3283 387 3357 τὴρ,
425 3285 503 3356 μὴ
531 3288 746 3356 φρονεῖν
763 3287 846 3354 ἐφ’
876 3287 1089 3348 ὲαυτοῖς
1120 3283 1396 3355 δεομένοις
1419 3283 1518 3354 τῆς
1543 3281 1699 3353 παρά
1725 3280 1862 3334 Θεοῦ

263 3377 545 3450 βοηθείας.
560 3377 749 3449 Τρίὸοι
781 3376 839 3429 δὲ
863 3375 1069 3448 Κυρίου
1091 3375 1201 3427 τῶν
1238 3372 1466 3427 ἐντολῶν
1490 3372 1546 3424 αἱ
1567 3372 1830 3443 τηρήσεις
1847 3387 1862 3401 ·

265 3471 475 3541 μᾶλλον
501 3470 559 3522 δέ
586 3471 644 3523 αἱ
671 3469 796 3524 κατ’
819 3467 1020 3541 ἀρετὴν
1054 3467 1347 3538 ἐνέργειαι,
1363 3463 1566 3536 ὁμαλαὶ
1600 3463 1697 3518 καὶ
1721 3463 1862 3516 λεῖαι

259 3564 562 3635 δειχθεῖσαι
594 3564 659 3616 ἐκ
704 3559 799 3615 τοῦ
829 3559 1068 3631 συνεχῶς
1099 3558 1388 3613 πατεῖσθαι
1423 3557 1559 3628 πρὸς
1588 3556 1697 3611 τῶν
1731 3556 1864 3625 φθά-

262 3669 352 3707 σαι
408 3652 754 3707 σπευδόντων
787 3652 880 3704 ἐπὶ
901 3650 963 3704 τὸ
1001 3649 1152 3714 τέλος
1204 3647 1406 3713 αὐτῶν,
1445 3648 1584 3718 ὅπερ
1631 3647 1779 3700 ἐστὶν
1826 3646 1860 3717 ή

263 3745 635 3817 μακαριότης,
683 3743 778 3798 καὶ
810 3743 919 3796 τῶν
952 3740 1291 3811 ἐπαγγελιῶν
1335 3742 1369 3812 ὴ
1404 3739 1681 3802 ἀπόδοσις.
1717 3736 1863 3808 Δρά-

263 3854 463 3908 μωμεν
495 3836 676 3889 τοίνυν
700 3837 819 3888 κατ’
852 3833 1069 3898 αὐτοὺς,
1094 3832 1156 3886 ού
1185 3831 1573 3902 σφαλλομένων
1599 3829 1708 3882 τῶν
1741 3827 1859 3882 δια-

257 3929 529 4000 δημάτων
556 3929 734 4001 ήμῶν,
764 3930 812 3981 εί
834 3927 1040 3998 Κύριος
1069 3925 1211 3979 αὐτὰ
1233 3921 1613 3994 καταρτίσειεν
1646 3922 1705 3974 ἐν
1733 3921 1857 3984 ταῖς

254 4020 477 4093 τρίϐοις
509 4019 696 4074 αὐτοῦ.
726 4021 945 4090 Ταύτης
967 4021 1066 4090 τῆς
1097 4021 1366 4090 αἰτήσεως
1388 4020 1416 4070 ὁ
1441 4014 1620 4087 τυχών
1655 4029 1852 4085 φησιν·

259 4111 441 4165 Ἄνευ
474 4111 728 4182 ἀνομίας
765 4111 1030 4180 ἔδραμον
1066 4111 1167 4164 καί
1210 4111 1591 4177 κατηύθυνα”
1623 4109 1720 4162 καὶ
1762 4106 1845 4171 τὸ,

267 4203 454 4257 Ὀδὸν
488 4202 754 4257 ἐντολῶν
780 4217 897 4258 σου
922 4203 1207 4275 ἔδραμον,
1253 4202 1352 4256 ὅτε
1398 4200 1476 4255 ἂν
1504 4198 1853 4266 ἐπλάτυνας

255 4292 375 4364 τὴν
403 4293 666 4363 καρδίαν
694 4311 836 4363 μου.

901 4390 1072 4444 ΨΑΛ.
1109 4388 1209 4444 IZ'.

250 4483 404 4557 Στίχ.
437 4489 515 4549 ς’.
560 4481 968 4557 ᾮδῖνες-ᾄδου
1009 4476 1504 4557 περιεκύφςλοᾘάν
1559 4489 1669 4547 με’
1708 4485 1852 4544 προ·

571 4547 850 4623 έφθαοίάν
880 4569 956 4622 με
991 4547 1240 4622 παγίδες
1258 4547 1540 4606 θανάτου.

327 4645 596 4718 Ἀρμόσει
626 4646 684 4700 δὲ
705 4643 879 4723 ταῦτα
913 4645 1007 4698 καὶ
1039 4642 1118 4714 τῷ
1149 4641 1385 4714 Σωτῆρι,
1416 4641 1610 4712 ἔχοντα
1642 4637 1843 4710 πολλὴν

245 4735 565 4807 οἰκειότητα
593 4733 731 4805 πρὸς
760 4733 842 4798 τὸ,
873 4733 1002 4787 Νῦν
1037 4733 1076 4800 ἡ
1109 4729 1281 4800 ψυχή
1318 4747 1438 4800 μου
1457 4728 1839 4798 τετάρακταιδ

246 4827 362 4890 καὶ,
397 4826 742 4895 Περίλυπός
762 4824 934 4880 ἐστιν
959 4825 998 4893 ἡ
1040 4823 1211 4893 ψυχή
1243 4842 1362 4893 μου
1389 4823 1500 4890 ἕως
1546 4820 1804 4877 θανάτου
1825 4861 1839 4875 .

246 4919 398 4989 Στίχ.
425 4915 500 4988 η’.
531 4917 642 4989 Kal
673 4917 1020 4989 ἐσαλεύθη,
1057 4917 1162 4989 gcal
1183 4916 1470 4989 ἔντρομος
1512 4913 1768 4989 ἐγενήθη
1801 4915 1840 4983 ἡ

316 4979 420 5058 .
452 4979 569 5041 Καὶ
623 4987 696 5042 τὰ
734 4979 1128 5058 θεμέ.1ια’τῷν
1176 4979 1370 5054 ὀρέων
1393 4979 1838 5058 ἐταράχθησαν,

313 5053 420 5113 καί
452 5053 900 5125 ἐσαλεύθησαν,
942 5056 1032 5110 ὅτι
1059 5057 1320 5126 ὠργίσθη
1351 5053 1557 5119 αὐτοῖς
1592 5056 1626 5107 ό
1670 5053 1835 5118 Θεός.

312 5151 615 5224 Προδὴλως
638 5150 880 5204 δείκνυσι
911 5150 1006 5204 τοῦ
1033 5148 1170 5204 Θεοῦ
1204 5149 1304 5220 τὴν
1338 5145 1640 5205 κατάϐασιν
1666 5144 1754 5198 διὰ
1769 5143 1838 5198 τὰ

245 5242 650 5317 προειρημένα,
682 5243 777 5295 τόν
826 5260 885 5296 τε
925 5240 1153 5296 θάνατον
1199 5240 1297 5294 καὶ
1341 5236 1442 5304 τὰς
1489 5237 1686 5301 ὠδῖνας
1740 5234 1835 5290 τοῦ

239 5333 393 5405 ᾅδου.
433 5332 529 5398 Ἐξ
552 5326 616 5386 οῦ
643 5333 700 5386 δὲ
725 5332 1086 5396 καταϐάντος,
1115 5330 1260 5386 κατά
1293 5331 1387 5386 τὸν
1427 5329 1683 5394 Ἀκύλαν,
1711 5329 1835 5382 ἐκι-

240 5426 405 5494 νήθη
442 5424 546 5477 καὶ
579 5423 831 5492 ἐσείσθη
859 5424 897 5492 ἠ
930 5421 1027 5493 γῆ.
1055 5423 1214 5476 Πᾶσα
1235 5421 1345 5494 γὰρ
1376 5419 1517 5491 ἀκοὴ
1551 5417 1838 5490 Ἑλληνικὴ

237 5519 334 5571 καὶ
365 5516 647 5589 βάρϐαρος
671 5513 974 5586 ἐπληροῦτο
997 5515 1096 5585 τῆς
1122 5514 1250 5587 περὶ
1275 5512 1440 5567 αὐτοῦ
1467 5512 1674 5582 φήμης.
1707 5508 1840 5579 Γῆν

235 5608 348 5679 γὰρ
404 5605 511 5678 ἔφη
567 5607 696 5679 τοῦς
759 5607 853 5659 ἐπὶ
905 5605 1030 5677 γῆς.
1066 5604 1280 5673 Ὀρέων
1321 5599 1400 5666 δὲ,
1447 5598 1556 5655 τῶν
1600 5597 1839 5654 ἀντικει-

456 5677 738 5770 δυνάμέων
758 5715 771 5728 ·
808 5697 865 5751 αἳ
888 5699 957 5769 τῇ
991 5696 1168 5767 πλάνῃ
1199 5695 1309 5750 τῶν
1331 5693 1565 5748 εἰδώλων
1589 5693 1718 5756 τοὺς
1744 5693 1838 5745 ἀν-

2043 3186 2435 3242 Documentum
2472 3185 2628 3240 nobis
2660 3185 2826 3240 etiam
2856 3201 2954 3256 per
2997 3186 3110 3240 haec
3144 3185 3240 3238 dat
3273 3184 3550 3248 Salvator,

1969 3290 2025 3334 ut
2062 3279 2113 3334 in
2144 3277 2303 3334 nobis
2329 3276 2429 3346 ipsi
2457 3291 2564 3331 non
2597 3277 2704 3331 alte
2725 3276 3026 3344 sapiamus,
3059 3277 3260 3346 quippe
3289 3275 3380 3345 qui
3405 3275 3553 3330 indi-

1967 3387 2193 3443 geamus
2245 3373 2430 3428 divino
2492 3371 2719 3427 auxilio.
2764 3369 2876 3428 Viae
2923 3386 3088 3442 porro
3146 3370 3362 3428 Domini
3421 3379 3552 3427 sunt

1966 3466 2346 3521 mandatorum
2397 3464 2808 3520 observationes
2841 3481 2856 3517 :
2888 3471 3051 3534 atque
3103 3465 3238 3518 adeo
3290 3464 3551 3518 virtuosm

1964 3557 2308 3627 Operationes
2329 3597 2345 3625 ,
2377 3571 2497 3626 qua:
2536 3555 2710 3624 plana:
2765 3569 2830 3610 ac
2857 3555 3019 3611 laeves
3056 3553 3354 3609 redduntur
3383 3569 3449 3609 ex
3479 3567 3548 3608 eo

1964 3650 2109 3718 quod
2136 3646 2340 3720 iugiter
2367 3644 2649 3704 calcentur
2681 3649 2750 3703 ab
2790 3648 2857 3702 iis
2903 3648 2994 3718 qui
3032 3647 3296 3702 festinant
3331 3646 3546 3716 pertin-

1962 3755 2092 3811 gere
2125 3741 2192 3794 ad
2231 3741 2396 3795 linem
2434 3755 2616 3805 suum,
2644 3755 2765 3810 qua:
2797 3749 2882 3794 est
2914 3739 3213 3804 beatitudo,
3241 3749 3294 3795 et
3318 3738 3549 3809 promis-

1961 3831 2175 3886 sionum
2227 3831 2525 3886 assecutio.
2567 3830 2869 3887 Curramus
2895 3830 3064 3900 igitur
3100 3847 3222 3886 cum
3277 3827 3406 3896 illis,
3437 3842 3546 3886 non

1961 3923 2350 3978 aberrantibus
2377 3923 2659 3992 gressibus
2685 3922 2907 3986 nostris,
2933 3922 2978 3978 si
3028 3923 3244 3991 quidem
3285 3921 3546 3976 Dominus

1957 4029 2051 4070 eos
2077 4014 2344 4084 aptaverit
2374 4015 2426 4068 in
2477 4015 2688 4069 semitis
2719 4013 2854 4067 suis.
2897 4014 3000 4080 Qui
3035 4013 3197 4083 hujus
3227 4010 3545 4081 postulatio-

1958 4107 2042 4160 nis
2075 4107 2131 4158 lit
2165 4120 2407 4175 compos,
2440 4105 2575 4158 dicit
2612 4121 2626 4157 :
2657 4105 2788 4160 Sine
2833 4105 3110 4174 iniquitate
3145 4104 3358 4158 cucurri
3385 4113 3432 4157 et
3457 4103 3544 4156 di-

1955 4199 2072 4252 rexi
2095 4198 2159 4250 ¹⁶.
2201 4197 2447 4267 ltemque
2487 4195 2619 4252 illud
2655 4213 2670 4248 :
2703 4195 2853 4250 Viam
2901 4198 3277 4251 mandatorum
3325 4206 3538 4250 tuorum

1955 4291 2191 4357 cucurri,
2216 4293 2638 4361 quandocunque
2669 4287 2909 4344 dilatasti
2943 4305 3035 4344 cor
3065 4299 3237 4344 meum
3257 4289 3322 4342 ".

2533 4381 2731 4438 PSAL.
2783 4379 2949 4438 XVII.

1955 4473 2018 4530 V.
2060 4473 2114 4529 6.
2152 4473 2372 4529 Dolores
2404 4475 2603 4545 inferni
2634 4473 3093 4546 circumdederunt
3122 4491 3204 4530 me
3226 4492 3245 4529 :
3269 4491 3537 4546 prazoccu-

2345 4555 2599 4614 paverunt
2626 4560 2705 4598 me
2727 4545 2896 4612 laquei
2933 4547 3141 4600 mortis.

2023 4636 2342 4707 Congruent
2381 4638 2498 4692 hzec
2537 4636 2706 4692 etiam
2733 4637 3032 4702 Salvatori,
3065 4652 3189 4692 cum
3240 4636 3532 4707 plurimum

1953 4728 2287 4783 conveniant
2344 4744 2470 4784 cum
2538 4728 2691 4784 illis:
2728 4728 2890 4782 Nunc
2932 4729 3112 4782 anima
3165 4743 3279 4782 mea
3319 4729 3534 4783 turbata

1953 4832 2027 4876 εει
2053 4821 2119 4875 ¹⁸.
2146 4821 2210 4876 Ει
2238 4839 2252 4875 :
2285 4820 2475 4876 Tristis
2503 4830 2578 4876 εει
2607 4822 2786 4876 anima
2820 4836 2934 4874 mea
2955 4821 3202 4889 usquead
3226 4830 3442 4874 mortem
3463 4823 3530 4876 ".

1957 4916 2021 4973 V.
2065 4915 2119 4970 8.
2161 4914 2226 4968 Et
2252 4915 2456 4984 agitata
2479 4923 2578 4977 est,
2609 4923 2656 4968 et
2687 4923 2911 4984 tremens
2940 4912 3126 4980 e/fecta
3153 4921 3228 4965 est
3260 4921 3424 4965 terra.
3462 4909 3530 4963 Et

2019 4983 2373 5056 fundamenta
2409 4985 2667 5038 montium
2712 4983 2928 5056 turbata
2978 4992 3122 5046 sunt,
3171 4990 3221 5034 et
3270 4996 3530 5034 concussa

2020 5051 2164 5118 ειιηι,
2199 5057 2324 5124 quia
2358 5053 2528 5106 iratus
2556 5063 2634 5107 est
2674 5055 2747 5107 eis
2773 5051 2937 5105 Deus.

2018 5143 2304 5199 Manileste
2333 5143 2574 5199 ostendit
2605 5142 2701 5196 Dei
2742 5143 3070 5197 descensura
3111 5155 3208 5209 per
3233 5138 3527 5209 praedicta;

1947 5246 2177 5292 mortem
2215 5235 2460 5299 item,~et
2489 5232 2707 5289 dolores
2751 5231 2972 5288 inferni.
3019 5230 3098 5284 Ex
3147 5244 3256 5298 quo
3307 5229 3529 5284 descen-

1946 5326 2127 5389 dente,
2175 5325 2472 5380 secundum
2509 5321 2792 5392 Aquilam,
2823 5328 3082 5374 commota
3115 5327 3190 5372 εει
3233 5328 3280 5370 ει
3308 5321 3524 5373 tremuit

1949 5421 2090 5467 terra
2113 5414 2180 5467 '°.
2215 5412 2406 5470 Omnis
2435 5415 2579 5468 enim
2620 5413 2839 5466 auditus
2885 5409 3112 5465 Graecus
3154 5421 3210 5465 et
3258 5409 3527 5464 barbarus

1947 5506 2255 5576 replebatur
2280 5505 2422 5560 fatua
2448 5505 2516 5561 de
2551 5507 2667 5562 illo.
2710 5505 2884 5560 Porro
2913 5512 3110 5556 terram
3159 5501 3397 5572 appellat
3431 5516 3526 5556 eos

1945 5601 2038 5668 qui
2079 5607 2208 5653 sunt
2252 5598 2305 5652 in
2359 5607 2526 5653 terra.
2566 5597 2775 5652 Montes
2830 5602 2959 5651 sunt
3010 5593 3252 5649 adversa:
3282 5601 3526 5664 potesta-

1947 5701 2045 5758 tes,
2086 5707 2208 5762 quaa
2254 5705 2446 5747 errore
2489 5689 2759 5745 idolorum
2815 5687 3067 5744 homines
3137 5683 3520 5750 conﬁciebant,

309 5817 358 5848 "
384 5817 591 5888 Aemi,
625 5819 719 5886 29,
747 5818 838 5874 52.
917 5819 960 5852 “
991 5816 1136 5875 Psal.
1171 5831 1325 5885 ινιιι,
1360 5815 1414 5870 5.
1486 5814 1526 5846 ¹⁷
1557 5812 1704 5872 Psal.
1739 5825 1933 5880 cum,
1954 5813 2044 5870 5?.
2115 5815 2158 5846 ³⁸
2188 5813 2469 5880 Joan.xu,
2490 5809 2583 5868 27.
2661 5810 2704 5843 “
2735 5808 2925 5867 Matth.
2955 5823 3108 5869 nm.
3134 5807 3222 5864 58.
3300 5805 3345 5838 ⁸ο
3371 5802 3517 5873 Ρεεξε

241 5902 380 5954 ull,
409 5887 468 5944 8.
