4004 6508
470 377 568 434 ιιι

1317 345 1872 415 SUPPLEMENTUM
1914 340 2003 396 AD
2040 334 2363 395 οιιιεΕΝιδ
2397 328 2813 387 EXEGETICA.

3612 322 3716 376 {1‘2

474 505 671 552 erectae
706 493 896 542 contra
937 481 1028 536 Dei
1066 476 1458 548 cognitionem.
1504 469 1891 526 Fundamenta,
1928 472 2048 529 qua:

2164 453 2400 527 iptbmu;
2422 450 2697 515 ἐνέμοντο,
2717 446 2815 516 τῆς
2834 443 2927 497 τοῦ
2951 440 3085 496 Θεοῦ
3109 437 3577 509 κατεπαιρόμεναι
3592 436 3726 505 γνὼ-

2336 545 2394 552 __.
2445 546 2464 552 -
2551 537 2604 552 ο-
2793 538 2804 552 l
2875 537 2888 552 ο
2920 535 2945 552 n
2991 534 3016 552 Λ
3050 537 3074 552 ς
3137 532 3461 552 h,-,\-__._._-‘_
3535 530 3691 552 ..Ι-ΔΑ.

475 593 601 641 sunt
633 575 913 651 profunda:
950 571 1304 640 cogitationes
1332 606 1347 631 ,
1389 570 1515 619 dum
1563 558 1805 615 sentiunt
1833 549 2044 607 Domini

477 646 792 747 potentiam,
817 667 1107 736 indignatae
1133 660 1441 716 turbantur.
1458 646 1665 722 Quib'us
1692 653 2046 705 succensente

480 769 609 832 Deo,
631 761 872 820 ascendit
896 758 1043 813 velut
1066 754 1246 811 fumus
1275 753 1339 806 de
1375 759 1554 813 torre;
1589 740 1873 799 exstinctis
1898 751 2050 792 nem-

477 875 545 931 pe
572 858 682 912 illis
719 864 775 910 et
800 869 829 907 a
858 848 1232 907 combustione
1259 835 1618 904 cessantibus,
1649 848 1755 906 qua
1802 830 2048 886 homines

477 948 794 1005 exurebant.
834 942 990 997 Hunc
1033 952 1165 993 vero
1213 934 1394 1005 ignem
1445 929 1707 985 exstinxit
1759 924 1882 994 igne
1926 935 2047 976 suo.

478 1041 756 1110 Tanquam
801 1036 936 1107 ignis
970 1044 1277 1086 consumens
1303 1025 1348 1056 “
1378 1024 1559 1078 dictus
1600 1029 1683 1074 est
1717 1016 1858 1071 Deus
1909 1012 2051 1083 apud

477 1106 721 1203 Moysen.
755 1106 833 1183 Et,
852 1128 906 1183 in
933 1122 1162 1181 Psalmis
1190 1137 1207 1173 ι
1236 1118 1381 1188 Ignis
1417 1129 1593 1168 coram
1620 1111 1731 1179 ipso
1768 1106 2046 1175 praecedet,

478 1235 526 1281 et
556 1202 906 1293 inﬂammnbit
942 1218 995 1271 in
1025 1230 1153 1289 gyro
1186 1210 1429 1266 inimicos
1465 1206 1576 1276 ejus
1594 1207 1664 1258 “.
1703 1202 1770 1257 Et
1798 1203 1995 1255 iterum
2033 1214 2048 1252 :

479 1318 622 1373 Deus
653 1314 928 1383 conspicuo
959 1308 1121 1365 veniet
1156 1322 1174 1360 :
1216 1304 1359 1359 Deus
1393 1308 1589 1362 noster,
1614 1305 1663 1351 et
1695 1311 1800 1348 non
1843 1291 2052 1346 silentio

480 1381 788 1480 prwteribit.
817 1402 964 1474 Ignis
994 1415 1173 1455 coram
1224 1396 1338 1464 ipso
1381 1389 1748 1450 succendetur,
1779 1392 1828 1439 et
1855 1385 1909 1437 in
1947 1381 2053 1436 circ

483 1473 627 1553 cuitu
669 1495 782 1565 ejus
820 1473 1048 1562 procella
1093 1488 1358 1541 vehemens
1405 1483 1474 1537 ³³.
1520 1480 1754 1548 ideoque
1802 1473 2055 1529 Salvator

484 1563 701 1647 dicebat
734 1605 749 1641 :
798 1585 974 1656 Ignem
1014 1581 1127 1636 veni
1171 1578 1429 1649 projicere
1468 1575 1523 1629 in
1559 1585 1775 1627 terram.
1820 1567 1888 1621 Et
1926 1563 2054 1635 quid

482 1683 599 1738 volo
625 1721 641 1747 ,
670 1679 716 1734 si
738 1678 857 1748 jam
932 1688 1182 1728 accensus
1208 1681 1282 1725 est
1323 1667 1369 1700 “
1393 1668 1416 1721 ?
1444 1665 1569 1720 llzec
1606 1663 1735 1718 fecit
1782 1658 2056 1713 inclinans

484 1782 542 1829 et
577 1768 934 1834 descendens,
966 1780 1074 1819 non
1110 1776 1275 1816 unum
1310 1758 1469 1813 modo
1495 1754 1718 1819 coelum,
1746 1750 1839 1806 sed
1865 1759 2054 1803 omnes

485 1870 839 1934 quotcunque
880 1831 1045 1923 sunt;
1076 1849 1367 1909 inclinandi
1402 1847 1571 1902 verbo
1601 1843 1919 1899 ostendente
1957 1840 2057 1892 hu-
2089 1831 2128 1886 Β

485 1953 845 2010 miliationem
872 1945 1209 2004 celsitudinis
1238 1940 1355 2011 ejus
1381 1981 1397 2005 ,
1429 1948 1484 1993 et
1524 1934 1947 1993 exinanitionem
1971 1929 2055 1985 di-

486 2044 751 2102 vinitatis.
780 2040 1143 2097 Providentiae
1171 2049 1299 2090 vero
1327 2032 1444 2104 ejus
1465 2028 1731 2086 occultam
1762 2034 2058 2081 secretam-

486 2155 596 2212 que
645 2137 908 2193 rationem
960 2129 1201 2186 tenebris
1233 2136 1289 2184 et
1316 2126 1514 2181 nebula
1559 2121 1824 2178 declarat.
1854 2115 2058 2173 Deinde

487 2243 650 2298 super
689 2224 974 2285 cherubim
1009 2228 1316 2290 assumptus
1350 2227 1434 2272 est
1464 2255 1481 2282 ,
1516 2211 1763 2284 quamvis
1793 2225 1914 2265 cum
1947 2206 2057 2262 illis

488 2341 595 2381 non
620 2318 1009 2378 descendisset.
1039 2315 1209 2382 Quem
1240 2326 1364 2366 cum
1411 2320 1641 2378 corpore
1670 2301 2056 2358 ascendentem

486 2418 686 2475 divinae
730 2412 939 2469 intuitu:
997 2419 1181 2464 essent
1229 2411 1561 2474 potestates,
1617 2396 2058 2467 agglomerantes

488 2511 565 2566 illi
599 2507 873 2576 stipabant
916 2500 1034 2571 ejus
1061 2498 1325 2560 reditum,
1358 2494 1606 2550 dicentes
1640 2509 1653 2544 :
1690 2486 1881 2542 Tollite
1928 2499 2055 2554 por-

490 2614 573 2658 tas
598 2640 614 2666 ,
638 2616 667 2654 ο
700 2596 960 2668 principes
981 2633 997 2657 ,
1038 2602 1237 2646 vestras
1263 2598 1347 2643 :et
1372 2584 1879 2651 extollimini,portaz
1906 2589 2059 2633 teter-

489 2709 594 2758 nw,
619 2700 668 2746 et
700 2687 1027 2760 ingredietur
1053 2681 1165 2737 Rex
1193 2680 1376 2752 gloria:
1398 2680 1463 2731 ’⁸.
1500 2675 1631 2744 Quae
1662 2675 1881 2745 quidem
1917 2682 2047 2726 tunc

490 2783 635 2837 laeta
663 2788 807 2842 sunt,
826 2774 1142 2848 quando,‘ut
1175 2774 1225 2828 in
1253 2771 1404 2826 Actis
1431 2767 1795 2840 apostolorum
1829 2762 2057 2819 relatum

489 2884 605 2941 est,
645 2871 936 2928 videntibus
978 2868 1085 2922 illis
1115 2866 1343 2921 elevatus
1374 2873 1491 2927 est,
1536 2870 1585 2915 et
1620 2857 1779 2913 nubes
1829 2851 2058 2923 suscepit

490 2980 609 3021 sum
633 2962 697 3017 ab
730 2960 895 3016 oculis
921 2972 1105 3013 eorunt
1142 2954 1211 3010 “.

500 3149 560 3204 ν.
589 3146 678 3204 12.
720 3142 789 3198 Et
832 3141 1002 3212 posuit
1033 3136 1280 3212 tenebras
1322 3128 1715 3212 absconsionem
1757 3136 1906 3178 suam
1945 3136 1963 3175 :
2002 3120 2059 3174 in

768 3195 991 3267 circuitu
1026 3209 1169 3261 illius
1201 3199 1593 3258 tabernaculum
1626 3195 1758 3265 ejus.

569 3312 706 3367 Eum
735 3307 827 3379 qui
860 3306 912 3360 in
944 3297 1293 3358 tabernaculo
1321 3303 1443 3362 est,
1476 3291 1598 3362 quis
1623 3280 1802 3343 videat
1832 3284 1935 3339 nisi
1983 3283 2065 3337 in-

502 3413 593 3460 tus
618 3377 828 3456 fuerit?
869 3397 963 3453 Sic
988 3407 1166 3462 neque
1199 3391 1392 3453 Deum,
1429 3383 1531 3440 nisi
1577 3381 1700 3453 quis
1729 3377 2067 3449 ingrediatur

498 3499 641 3553 intra
673 3490 853 3547 velum
878 3480 1390 3555 incomprensionis.
1426 3476 1638 3546 Moyses
1673 3482 1907 3539 namque
1935 3465 2069 3521 cali-

499 3587 682 3657 ginem
712 3582 902 3644 subiit,
934 3578 1028 3634 ubi
1060 3583 1180 3631 erat
1225 3571 1386 3626 Deus.
1438 3567 1702 3622 lnsislens
1732 3561 1876 3618 enim
1905 3557 2069 3613 mini-

500 3673 669 3731 sterio
712 3672 856 3725 circa
884 3667 1053 3721 Deum
1086 3664 1311 3734 ejusque
1357 3653 1732 3729 providentia},
1776 3651 1919 3706 intra
1953 3648 2069 3703 haec

499 3764 772 3822 intellexit
798 3757 1066 3817 contineri
1101 3756 1290 3811 Deum.
1326 3749 1611 3807 Paululum
1650 3744 1918 3816 siquidem
1948 3756 2067 3797 eam

499 3855 819 3926 adaperiens
841 3893 857 3919 ,
895 3850 1045 3906 illum
1075 3847 1228 3917 cuius
1268 3851 1352 3899 est
1394 3842 1571 3909 imago
1591 3878 1608 3906 ,
1636 3852 1704 3892 ex
1729 3850 1793 3889 eo
1826 3833 1967 3904 quod
2001 3831 2068 3887 ad

496 3947 789 4019 imaginem
814 3952 953 4007 erat,
979 3937 1247 3997 intellexit
1283 3957 1295 3993 :
1335 3945 1498 4005 atque
1518 3946 1582 3987 ex
1611 3926 1832 4001 opiﬁcio
1859 3933 1916 3980 et
1944 3936 2070 3994 pro-

498 4018 758 4104 videntia,
790 4033 1038 4107 opilicem
1064 4040 1119 4087 et
1148 4026 1507 4099 provisorem.
2032 4018 2035 4019 ⁷

1088 4119 1284 4178 PSAL.
1320 4113 1487 4172 XXII.

879 4219 947 4275 γ.
976 4218 1032 4272 3.
1065 4213 1293 4282 Propter
1315 4224 1503 4265 nomen
1524 4221 1698 4261 suum.

500 4313 567 4369 ν.
605 4313 660 4366 4.
693 4311 834 4366 Nam
865 4309 961 4362 etsi
989 4304 1321 4360 nmbulavero
1350 4302 1403 4351 in
1427 4298 1598 4351 medio
1640 4293 1838 4348 umbrae
1863 4289 2069 4355 mortis,

712 4396 818 4434 non
859 4378 1045 4432 timebo
1075 4373 1240 4436 mala,
1284 4371 1407 4440 quia
1436 4379 1493 4420 tu
1539 4381 1739 4419 mecum
1779 4380 1856 4418 es.

2147 564 2303 610 σεως.
2334 545 2409 599 Τὰ
2432 537 2690 612 θεμέλια,
2722 538 2814 592 καὶ
2840 537 2891 590 οἱ
2918 534 3102 608 βαθεῖς
3132 532 3497 601 διαλογισμοὶ,
3529 530 3725 584 αισθα-

2146 641 2345 711 νόμενα
2396 635 2494 705 τῆς
2545 632 2639 687 τοῦ
2688 630 2892 704 Κυρίου
2959 627 3274 696 δυνάμεως,
3340 621 3728 694 ἐταράχθησαν

2146 730 2440 802 ἀχθόμενα.
2474 721 2570 790 Alc
2627 724 2740 794 (51)
2788 719 3132 805 οργισθέντος
3188 718 3281 771 τοῦ
3339 716 3475 770 Θεοῦ
3502 754 3517 780 ,
3561 715 3725 786 ἀνέϐη

2147 820 2353 883 καπνὸς
2397 815 2648 886 καθάπερ
2703 813 2796 866 ἐπὶ
2829 811 3021 866 δαλοῦ·
3077 808 3452 880 σϐεννυμένων
3501 807 3597 860 καὶ
3632 805 3725 859 τοῦ

2151 908 2320 981 πυρὸς
2351 878 2733 977 παυσαμένων,
2763 897 2808 972 ᾧ
2843 903 2970 967 τοὺς
3010 878 3330 972 ἀνθρώπους
3374 878 3741 966 κατέφλιεγον.⁵

2150 1003 2223 1056 Τὸ
2273 1001 2385 1075 πῦρ
2421 999 2478 1053 δὲ
2516 998 2675 1052 τοῦτο
2730 995 3028 1051 κατέσϐεσε
3088 992 3166 1064 τῷ
3215 992 3330 1062 ἰδίῳ
3372 990 3529 1062 πυρί.
3579 985 3732 1042 Καθὸ

2150 1092 2268 1160 πῦρ
2301 1088 2744 1144 καταναλίσκον
2767 1085 2981 1156 εἴρηται
3017 1083 3149 1147 Θεὸς
3184 1080 3338 1152 παρά
3370 1078 3449 1150 τῷ
3494 1077 3729 1147 Μωῡσῇ.

2149 1182 2263 1234 Καὶ
2303 1181 2360 1234 ὲν
2389 1178 2638 1248 Ψαλμοῖς
2674 1193 2689 1206 ·
2713 1174 2839 1242 Πῦρ
2863 1172 3144 1227 ἐναντίον
3190 1169 3375 1223 αὑτοῦ
3405 1165 3735 1235 προπορεύ-

2150 1285 2317 1325 σεται
2335 1310 2351 1335 ,
2376 1267 2477 1321 καὶ
2515 1263 2751 1336 geloer
2793 1263 2996 1324 κύκλῳ
3040 1259 3183 1324 τοὺς
3227 1256 3480 1328 ἐχθροὺς
3517 1251 3732 1308 αὐτοῦ.

2151 1362 2261 1415 Καὶ
2289 1360 2450 1415 πάλιν
2468 1375 2482 1390 ·
2529 1360 2593 1410 ’0
2643 1354 2787 1421 Θεὸς
2816 1351 3092 1423 ἐμφανῶς
3118 1351 3272 1419 ἥξει,
3307 1353 3339 1403 ό
3365 1347 3512 1413 Θεὸς
3541 1343 3733 1414 ἡμῶν,

2151 1453 2249 1508 καὶ
2271 1454 2341 1507 οὐ
2366 1449 2909 1519 παρασιωπήσεται.
2942 1444 3071 1513 Πῦρ
3097 1441 3355 1498 ἐνώπιον
3379 1437 3568 1494 αὐτοῦ
3590 1452 3738 1490 καυ-

2152 1545 2424 1613 θήσεται,
2459 1543 2558 1597 acati
2586 1542 2790 1607 κύκλῳ
2822 1536 3006 1592 αὑτοῦ
3035 1533 3301 1605 scatat-rit;
3344 1527 3599 1600 σφοδρά.
3643 1527 3739 1579 Διὸ

2154 1640 2247 1693 καὶ
2278 1637 2514 1708 ἔφασκεν
2541 1634 2569 1686 ὁ
2596 1633 2789 1704 Σωτήρ
2813 1648 2827 1662 ·
2870 1629 2996 1698 Πῦρ
3032 1624 3223 1699 ἦλθον
3236 1622 3458 1689 ,ϐαλεῖν
3487 1620 3585 1674 ἐπὶ
3615 1617 3734 1686 τὴν

2154 1731 2291 1802 τῆν.
2320 1730 2430 1784 Καὶ
2460 1728 2519 1782 τί
2546 1725 2717 1790 θέλω,
2744 1726 2798 1779 ei
2835 1721 2951 1792 ἤδη
2986 1719 3269 1789 dﬂigam];
3295 1714 3482 1769 Ταῦτα
3512 1711 3738 1783 ἐποίησε

2157 1801 2342 1885 κλίνας
2386 1821 2480 1874 καὶ
2523 1815 2766 1879 κατειδὼς
2812 1814 2911 1885 οὐχ
2960 1812 3057 1866 ἕνα
3088 1810 3246 1882 μόνον
3295 1805 3522 1877 οὐρανὸν
3545 1842 3561 1866 ,
3602 1801 3741 1856 ἀλλά

2158 1915 2395 1979 πάντας,
2440 1912 2555 1966 ὅσοι
2587 1907 2717 1963 ποτέ
2758 1908 2895 1960 εἰσιν
2919 1922 2932 1937 ·
2962 1902 3057 1958 τοῦ
3093 1902 3270 1957 κλῖναι
3302 1899 3592 1972 δηλοῦντος
3637 1896 3738 1966 τὴν

2158 2005 2486 2062 ταπείνωσιν
2520 2000 2614 2056 τοῦ
2644 1998 2811 2070 ὕψους
2852 1996 3051 2059 αὐτοῦ,
3085 1994 3179 2049 καὶ
3221 1992 3317 2064 τὴν
3366 1990 3595 2044 κένωσιν
3635 1982 3740 2057 τῆς

2158 2099 2430 2169 θεότητος.
2456 2096 2567 2167 Τῆς
2595 2094 2651 2148 δὲ
2693 2089 3009 2161 οἰκονομίας
3055 2084 3221 2141 αὑτοῦ
3270 2083 3332 2137 τὸ
3371 2081 3593 2153 λεληθὸς
3645 2077 3743 2135 καὶ

2157 2193 2489 2264 ἀπόκρυφον,
2516 2187 2593 2258 τῷ
2621 2185 2806 2256 γνόφῳ
2840 2183 2931 2237 καὶ
2962 2183 3032 2252 τῇ
3064 2177 3264 2251 ὁμίχλῃ
3280 2175 3450 2247 δηλοῖ.
3484 2169 3615 2226 Εἶτα
3648 2170 3765 2231 ἐπὶ,

2144 2281 2249 2339 τοῦ
2279 2281 2544 2356 χερουϐὶμ
2574 2276 2846 2348 ἀνελήφθη
2868 2316 2883 2341 ,
2923 2274 3102 2328 καίτοι
3140 2272 3215 2342 μὴ
3256 2270 3354 2323 σὺν
3387 2264 3535 2337 αὐτῷ
3568 2280 3742 2317 κατα-

2159 2380 2277 2444 6ἀς.
2310 2379 2405 2431 ’ον
2441 2374 2577 2448 μετά
2623 2372 2873 2444 σώματος
2926 2368 3285 2424 ἀναϐαίνοντα
3323 2364 3380 2418 αἱ
3432 2362 3574 2416 θεῖαι
3609 2359 3744 2413 θεω-

2161 2472 2350 2545 ροῦσαι
2376 2468 2652 2539 δυνάμεις,
2679 2466 2955 2534 γεγονυῖαι
2982 2461 3112 2532 περὶ
3142 2457 3335 2521 αὑτὸν,
3378 2451 3741 2525 ἐδορυφόρουν

2159 2542 2322 2618 αὐτοῦ
2348 2560 2447 2632 τὴν
2487 2557 2699 2623 ἄνοδον,
2735 2554 3084 2622 ὲπιλέγουσαι
3107 2568 3121 2582 ·
3168 2550 3381 2617 Ἀρατε
3419 2545 3654 2609 πύλας,
3688 2542 3744 2594 οἱ

2158 2655 2469 2725 ἄρχοντες,
2526 2648 2713 2721 ὑμῶν,
2755 2648 2851 2702 καὶ
2899 2644 3195 2713 ὲπάρθητε
3217 2682 3232 2706 ,
3267 2640 3451 2694 πύλαι
3495 2633 3743 2696 αὶώνιοι,

2300 2744 2712 2800 εἰσελεύσεται
2751 2743 2783 2795 ὁ
2837 2736 3139 2802 Βασιλεὺς
3168 2733 3282 2802 τῆς
3321 2731 3524 2798 δόξης.
3574 2728 3642 2779 "A
3678 2723 3747 2796 δὴ

2146 2841 2418 2911 ,γέγονεν,
2469 2837 2667 2909 ἡνίκα,
2716 2832 2792 2897 ὡς
2838 2833 2896 2884 ὲν
2942 2831 3063 2892 ταῖς
3114 2826 3354 2899 Πράξεσι
3407 2825 3582 2876 κεῖται
3632 2817 3746 2871 τῶν

2160 2931 2489 2994 ἀποστόλων,
2516 2923 2874 2993 βλεπόντων
2904 2919 3101 2976 αὐτῶν
3119 2916 3369 2985 ἐπήρθη,
3393 2913 3492 2968 καὶ
3510 2912 3744 2982 νεφέλη

2160 3020 2463 3077 ὑπέλαϐεν
2491 3016 2678 3071 αὐτὸν
2704 3012 2822 3068 ἀπὸ
2852 3009 2969 3064 τῶν
3001 3004 3325 3078 ὀφθαλμῶν
3353 3002 3572 3058 αὐτῶν.

2160 3113 2310 3184 Στίχ.
2345 3110 2436 3164 ιϐ’.
2470 3107 2580 3184 Καὶ
2616 3105 2788 3184 edere
2836 3102 3060 3184 σκᾴτος
3093 3095 3457 3184 ἀποκρυςίὴν
3516 3093 3742 3148 αὐτοῦ’

2476 3180 2682 3241 κύκλῳ
2699 3172 2886 3228 αὐτοῦ
2911 3172 2949 3240 ἠ
2977 3165 3177 3238 σκηνὴ
3202 3165 3410 3221 αὐτοῦ.
3757 3170 3762 3189 ⁵

2237 3273 2342 3326 Τὸν
2375 3271 2432 3323 ὲν
2466 3270 2636 3339 σκηνῇ
2679 3265 2761 3327 τίς
2802 3262 2903 3316 οὐκ
2948 3259 3061 3331 (52)
3107 3256 3296 3326 ὄψεται
3343 3254 3416 3327 μὴ
3455 3253 3750 3323 γενόμενος

2168 3365 2349 3429 ἔνδον;
2379 3362 2565 3424 Οὕτως
2595 3358 2716 3412 οὐδὲ
2757 3354 2848 3409 τὸν
2895 3351 3028 3406 Θεὸν
3050 3392 3065 3417 ,
3100 3351 3149 3402 si
3180 3349 3250 3420 μή
3276 3364 3361 3411 τις
3393 3343 3623 3399 εἰσέλθοι
3649 3342 3747 3397 τοῦ

2165 3457 2263 3529 τῆς
2281 3449 2717 3522 δυσκαταληψίας
2737 3446 2881 3501 ἔνδον
2903 3440 3420 3529 παραπετάσματος.
3449 3436 3559 3488 Καὶ
3579 3435 3750 3488 Μωΰ-

2170 3522 2268 3619 σῆς
2293 3545 2402 3616 γὰρ
2433 3545 2512 3606 εἰς
2530 3542 2620 3595 τὸν
2640 3538 2837 3608 γνόφον
2860 3532 3105 3604 εἰσῆλθεν
3122 3570 3137 3595 ,
3175 3522 3237 3583 οὗ
3262 3524 3331 3600 ἦν
3351 3530 3380 3582 ὀ
3402 3525 3554 3590 Θεός.
3595 3526 3751 3578 Ἐπι-

2169 3615 2502 3710 στήσαςίγὰρ
2525 3635 2590 3705 τῇ
2615 3631 2743 3703 περὶ
2771 3626 2906 3682 Θεοῦ
2932 3620 3266 3698 δημιουργίᾳ
3290 3637 3353 3673 τε
3378 3619 3470 3672 καὶ
3498 3615 3746 3687 προνοίᾳ,

2169 3705 2299 3784 εἴσω
2346 3705 2549 3782 τούτων
2606 3724 2747 3792 ἔγνω
2788 3716 3141 3793 περιέχεσθαι
3185 3712 3279 3766 τὸν
3320 3710 3473 3764 Θεόν.
3537 3705 3751 3775 Ὀλίγον

2168 3819 2276 3892 γὰρ
2303 3818 2472 3889 αὐτὴν
2492 3813 2781 3879 διανοίξας,
2817 3811 2909 3864 τὸν
2937 3803 2996 3862 οὗ
3028 3808 3174 3860 ἐστιν
3197 3800 3382 3881 είκῲν,
3410 3803 3474 3854 ὲκ
3500 3796 3593 3852 τοῦ
3627 3798 3748 3849 κατ’

2170 3878 2353 3964 εἰκόνα
2385 3878 2700 3981 μεμάθηκεν
2721 3921 2736 3936 ο
2767 3905 2832 3956 ὲκ
2861 3900 2918 3954 δὲ
2959 3898 3059 3969 τῆς
3097 3878 3458 3967 δημιουργίας
3491 3889 3585 3943 καὶ
3617 3903 3755 3957 προ-

2169 4004 2318 4067 νοίας
2342 4002 2433 4056 τὸν
2455 3995 2786 4072 δημιουργὸν
2818 3992 2914 4048 καὶ
2940 3987 3267 4062 προνοητήν.

2766 4086 2938 4140 ΨΑΛ.
2984 4081 3113 4136 KB'.

2381 4186 2473 4239 Στ.
2506 4188 2576 4251 γ’.
2619 4181 2862 4237 Ἕνεκεν
2876 4173 2982 4230 τοῦ
3004 4172 3296 4242 ὀνόματος
3323 4164 3534 4222 αὐτοῦ.

2172 4280 2300 4350 Στίχ
2346 4279 2411 4333 δ’.
2445 4275 2585 4350 Ἐὰν
2616 4262 3140 4350 γὴρῃκαὶιπορευθῶ
3171 4259 3431 4350 tamen)
3451 4253 3626 4343 σκιᾶς
3648 4254 3753 4339 θατ

2238 4318 2421 4474 iniice;
2446 4318 2578 4471 ζ
2625 4318 3054 4413 ‘sé'Zeieheéﬂni
3103 4318 3291 4387 κακά’*
3342 4318 3433 4383 die
3483 4325 3566 4379 σὺ
3602 4318 3611 4320 ⁷
3623 4318 3751 4394 μετ’

2269 4436 2387 4489 μου
2417 4434 2446 4470 ε
2476 4456 2488 4469 .

570 4539 707 4594 Ilinc
758 4538 825 4592 ad
856 4535 1023 4590 Deum
1056 4530 1331 4587 convertit
1382 4528 1708 4584 orationem.
1758 4520 1858 4589 Qui
1903 4518 2060 4589 igitur

2243 4483 2354 4582 (ἐὸ)
2383 4503 2657 4560 Ἐντεῦθεν
2683 4501 2817 4574 πρὸς
2842 4497 2974 4561 Θεὸν
3003 4491 3331 4566 ἀποστρέφει
3362 4489 3452 4543 τὸν
3482 4486 3657 4556 λόγον.
3696 4483 3755 4538 '0

505 4631 657 4687 sedet
694 4631 749 4684 in
783 4630 971 4682 umbra
1002 4624 1220 4689 mortis,
1263 4622 1454 4676 ﬁrmus
1479 4627 1561 4673 est
1583 4618 1637 4672 in
1672 4614 1790 4681 illa,
1827 4612 2067 4669 obdura-

506 4735 593 4777 tus
607 4723 658 4777 in
674 4718 910 4790 ﬂagitiis,
928 4716 1282 4787 indigensque
1298 4712 1501 4767 lumine
1516 4708 1658 4781 quod
1676 4722 1740 4763 ex
1759 4703 2070 4760 misericor-

505 4813 591 4866 dia
624 4811 819 4867 oritur.
854 4811 924 4861 At
954 4806 1047 4876 qui
1091 4802 1335 4859 ambulat
1357 4840 1373 4866 ,
1402 4796 1848 4871 prtetergreditur
1875 4811 1891 4861 ;
1927 4806 2068 4863 quo-

501 4918 628 4959 cum
673 4901 836 4956 etiam
890 4897 1090 4953 incedit
1134 4895 1414 4950 Dominus.
1458 4890 1532 4946 De
1573 4889 1824 4945 sessione
1866 4885 2069 4940 dictum

503 5008 587 5051 est
619 5015 632 5050 :
663 4992 971 5048 Sedentibus
996 4991 1049 5044 in
1074 4990 1283 5059 regione
1305 4994 1354 5040 et
1386 4985 1573 5039 umbra
1605 4981 1807 5048 mortis,
1837 4976 1933 5031 ius:
1954 4983 2070 5030 orta

500 5100 575 5143 est
611 5088 684 5142 eis
716 5086 785 5140 ³⁷.

504 5202 567 5256 ν.
597 5202 651 5256 4.
687 5198 849 5272 Virga
866 5209 981 5266 tua,
996 5204 1044 5251 et
1072 5192 1291 5250 baculus
1312 5199 1454 5256 tuus,
1473 5188 1585 5243 haec
1603 5199 1684 5239 me
1708 5168 2069 5238 evocaverunt.

482 5318 487 5321 ⁷
577 5329 819 5400 Utraque
845 5331 899 5385 in
936 5290 1183 5399 ﬂagellis,
1221 5324 1378 5395 juxta
1427 5319 1557 5375 illud
1590 5336 1607 5372 :
1644 5314 1702 5370 Si
1740 5311 2074 5368 deseruerint

503 5420 601 5489 ﬁlii
630 5424 706 5475 tui
740 5422 903 5493 legem
937 5434 1128 5486 meam,
1165 5428 1213 5475 et
1250 5410 1633 5488 judiciis.meis
1661 5424 1765 5462 non
1805 5404 2073 5469 incedant,

2181 4577 2278 4673 μὲν
2293 4577 2384 4653 οὗν
2405 4594 2766 4666 καθεζόμενος
2789 4593 2847 4645 ὲν
2865 4590 2992 4660 σκιᾷ
3008 4585 3263 4649 θανάτου,
3283 4582 3493 4653 ἵδρυται
3514 4581 3569 4631 ὲν
3591 4577 3753 4646 αὐτῇ,

2178 4666 2493 4763 θεὸαιωθεὶς
2521 4687 2578 4739 ὲν
2608 4682 2797 4753 κακίᾳ,
2832 4680 2927 4735 καλ¹
2944 4677 3194 4748 δεόμενος
3216 4669 3322 4725 τοῦ
3341 4670 3403 4736 ἐξ
3423 4669 3602 4728 ἐλέους
3620 4666 3755 4719 ἀναν

2175 4750 2455 4841 τέλλοντος
2482 4773 2677 4845 φωτόςο
2713 4750 2828 4825 eos
2857 4764 3221 4838 πορευόμενος
3246 4758 3599 4832 παρατρέχει*
3636 4750 3755 4824 μεθ’

2177 4867 2238 4927 οὒ
2272 4871 2368 4925 καὶ
2394 4843 2718 4924 συνοδεύει-ὁ
2746 4860 2969 4933 Κύριος.
3000 4856 3135 4928 Περὶ
3163 4854 3220 4907 δὲ
3246 4852 3346 4921 τῆς
3380 4848 3649 4909 καθίσεως
3680 4843 3756 4898 st-

2183 4981 2339 5039 ρηται
2361 4980 2374 4993 ο
2415 4956 2784 5028 Καθτυιένοις
2822 4953 2892 5005 ἐν
2938 4948 3098 5019 χώρᾳ
3136 4946 3235 5001 καὶ
3288 4940 3433 5010 σκιᾷ
3471 4936 3755 5001 θανάτου,

2181 5056 2307 5127 φῶς
2337 5053 2641 5109 ἀνέτειλεν
2664 5044 2886 5111 αὐτοῖς.

2183 5114 2332 5216 icti.
2357 5144 2418 5198 δν.
2447 5143 2508 5200 Ἡ
2529 5139 2915 5216 ῥαϐδοςοσου,
2940 5130 3038 5185 καὶ
3056 5130 3094 5199 ἠ
3109 5126 3408 5196 βακτηρία
3428 5137 3567 5189 σου,
3580 5114 3761 5176 αὗται

2247 5211 2324 5286 με
2350 5211 2793 5282 παρεκάλεσαν.

2264 5305 2573 5377 Ἀμφότεροι
2599 5300 2690 5354 ἐπὶ
2715 5295 3012 5371 μαστίγων,
3044 5290 3188 5350 κατὰ
3219 5288 3279 5344 τό
3298 5307 3311 5319 ·
3355 5289 3497 5343 Ἐὰν
3516 5284 3761 5352 eruam-

2182 5374 2442 5455 λίπωσιν
2466 5374 2520 5451 ol
2538 5392 2658 5449 υἱοί
2683 5406 2798 5446 σου
2826 5387 2933 5442 τὸν
2960 5385 3147 5455 νόμον
3161 5398 3301 5454 μου,
3333 5379 3431 5433 καὶ
3477 5376 3603 5443 τοῖς
3636 5374 3749 5443 κρι.

584 5552 629 5584 “
662 5552 821 5607 Deut.
845 5569 924 5617 tv,
950 5552 1041 5607 24.
1120 5552 1165 5582 "
1198 5548 1339 5606 Psal.
1370 5561 1511 5612 xc",
1542 5544 1596 5599 5.
1675 5542 1723 5575 ”
1753 5538 1896 5595 Psal.
1924 5552 2060 5591 xux.

2213 5532 2261 5564 “
2291 5530 2420 5587 Luc.
2455 5546 2564 5597 xu,
2589 5528 2658 5583 49
2759 5525 2805 5559 “
2832 5520 2977 5579 Psal.
3015 5534 3156 5576 χχιιι
3179 5557 3194 5583 ,
3220 5517 3276 5583 7,
3312 5515 3366 5569 9.
3404 5519 3425 5571 t
3511 5514 3559 5547 ¹⁶
3627 5511 3748 5567 Act.

508 5635 549 5688 ι,
575 5622 630 5677 9.
719 5623 762 5653 ’⁷
804 5623 930 5677 lsai.
958 5640 1035 5689 Ix,
1062 5621 1137 5697 2..

719 5732 1029 5895 (geduttdat'
1052 5801 1281 5885 οὐκ-,λεὶ
1305 5800 1365 5855 οὐ
1393 5796 1825 5872 postponendum
1860 5800 1966 5851 est.

2183 5716 2375 5849 seu(E5)
2404 5714 2500 5773 llic
2530 5725 2585 5772 et
2611 5711 2756 5769 infra
2799 5707 2985 5767 confer
3037 5714 3170 5764 tom.
3200 5660 3339 5772 XII,”
3366 5702 3470 5760 col.
3511 5698 3652 5756 1259
3704 5701 3763 5751 et
