4004 6516
316 484 418 538 113

1486 464 1853 538 exemp“
1895 481 1959 536 lN
1994 480 2333 538 PSALMOS.

3463 480 3575 535 ΗΑ

293 595 444 668 μιισί
466 613 590 666 μου
604 595 691 665 μὴ
714 595 1092 665 πορευθῶσιν
1107 611 1120 626 '
1145 595 1255 651 ἐὰν
1276 596 1348 652 τὰ
1388 596 1750 669 δικαιιῖιματά
1769 618 1868 670 μοι

1995 601 2041 653 si
2065 600 2197 668 jura
2235 615 2349 653 mea
2379 614 2483 653 non
2517 596 2858 654 custodierint
2889 612 2909 652 :
2943 595 3166 652 visitabo
3198 593 3254 649 in
3283 595 3427 664 uirga
3463 594 3566 647 ini-

290 689 376 760 μὴ
405 688 765 759 φυλάξωσιν
782 706 797 721 ’
829 689 1235 760 ἐπισκέψομαι
1266 691 1338 743 ἐν
1369 690 1572 758 ῥάϐδῳ
1602 690 1709 759 τὰς
1753 694 1868 748 ἀνο

1993 689 2217 757 quitates
2252 705 2454 753 eorum,
2487 698 2536 742 et
2561 689 2616 743 in
2646 689 2873 759 ﬂagellis
2915 698 3129 759 peccata
3161 702 3366 743 eorum.
3410 684 3567 739 Mise-

289 781 433 852 μίας
458 778 661 834 αὐτῶν
679 819 693 843 ,
721 777 820 834 καὶ
849 780 920 833 ὲν
940 779 1188 849 μάστιγι
1216 781 1325 848 τὰς
1347 781 1637 851 ἁμαρτίας
1663 782 1880 838 αὐτῶν.

298 871 369 928 Τὸ
407 870 478 925 δὲ
504 872 679 939 ἔλεός
718 889 840 941 μου
885 873 958 927 οὐ
980 871 1069 942 μὴ
1101 872 1479 929 διασκεδάσαι
1517 876 1618 930 ἀπ’
1662 876 1881 933 αὐτῶν,

292 963 368 1015 0'3
389 962 771 1018 διεσκέδασται
802 963 911 1037 γὰρ
934 964 995 1017 τὸ
1022 964 1163 1019 θεῖον
1183 965 1330 1030 ἔλεος
1357 966 1467 1020 ἀπὸ
1493 966 1588 1021 τοῦ
1616 967 1685 1022 δι’
1705 969 1885 1041 ἀμαρ-

289 1054 414 1119 τίας
460 1053 880 1127 μαστιζομένου.
939 1057 1013 1110 Οὐ
1048 1055 1162 1128 (54)
1208 1058 1317 1130 γὰρ
1377 1058 1758 1132 ἁμαρτάνοντα
1808 1060 1883 1132 μὴ

291 1146 574 1217 μαστίξειε
598 1188 615 1213 ,
669 1147 730 1202 οὐ
787 1148 1187 1221 παραδέχεταιο
1241 1151 1550 1222 μαστιγῶν
1620 1152 1755 1208 υἱὸν
1811 1153 1883 1208 ὃν

287 1238 706 1307 παραδέχεται.
732 1239 868 1312 Περὶ
893 1233 968 1293 ὧν
997 1240 1052 1295 δὲ
1088 1242 1165 1313 μὴ
1201 1242 1452 1317 μαστίζει
1472 1281 1489 1309 ,
1524 1241 1743 1312 λέγεται
1783 1244 1844 1297 τό
1864 1262 1877 1274 ·

299 1331 476 1401 Έμοῦ
496 1330 565 1384 δὲ
584 1331 744 1401 παρὰ
753 1333 973 1403 μικρὸν
990 1333 1417 1402 ἐσαλεύθησαν
1431 1337 1485 1389 oi
1507 1335 1688 1403 πόδες
1706 1353 1720 1365 ·
1744 1336 1880 1404 παρ’

284 1422 501 1492 ὀλίγον
528 1422 786 1493 ἐξεχύθη
814 1425 887 1479 τὰ
910 1424 1243 1494 διαϐήματά
1256 1443 1396 1494 μου.
1421 1427 1549 1481 Ὅτι
1578 1429 1691 1482 οὐκ
1710 1426 1881 1482 ἔστιν

283 1510 619 1579 ἀνάνευσις
651 1512 724 1566 ἐν
764 1513 848 1580 τῷ
883 1512 1116 1577 θανάτῳ
1156 1512 1376 1579 αὐτῶν,
1434 1515 1530 1569 καὶ
1578 1516 1880 1585 στερέωμα

280 1603 352 1658 ἐν
388 1603 468 1675 τῇ
488 1604 738 1677 μάστιγι
773 1605 993 1662 αὐτῶν.
1052 1606 1157 1661 Διὰ
1193 1606 1371 1660 τοῦτο
1407 1606 1742 1677 ἐκράτησεν
1779 1610 1879 1665 αὐ-

280 1696 430 1763 τοὺς
481 1698 521 1765 ἡ
554 1698 962 1767 ὑπερηφανία·
1017 1698 1439 1768 περιεϐάλοντο
1496 1700 1734 1754 ἀδικίαν
1775 1700 1874 1755 καὶ

279 1787 571 1843 ἀσέϐειαν
602 1789 851 1844 ἑαυτῶν.
907 1789 1032 1846 Ἐὰν
1086 1791 1184 1862 μὲν
1234 1785 1327 1845 οὖν
1463 1809 1547 1856 τις
1606 1775 1876 1862 πρόϐατον

279 1881 643 1953 ἁμαρτωλὸν,
702 1881 883 1954 ῥάϐδῳ
935 1883 1268 1955 πλήσσεταν
1320 1884 1416 1937 ἐὰν
1462 1883 1519 1937 δὲ
1566 1883 1869 1955 ἄνθρωπος,

1994 778 2279 833 ricordiam
2338 790 2514 833 autem
2567 796 2733 833 meam
2793 797 3125 852 nequaquam
3175 778 3444 844 dissipabo
3498 779 3565 831 ab

1992 871 2065 924 eis
2104 871 2168 922 ’⁸.
2206 870 2323 925 Non
2353 881 2438 927 est
2465 873 2614 926 enim
2660 874 2918 945 dissipata
2952 872 3134 927 divina
3185 868 3566 927 misericordia

1991 962 2059 1016 ah
2094 977 2161 1018 eo
2205 963 2296 1034 qui
2347 976 2571 1037 propter
2616 976 2837 1037 peccata
2886 965 3209 1035 ﬂagellatur.
3243 964 3565 1021 Peccantem

1990 1053 2135 1108 enim
2198 1070 2304 1109 non
2369 1057 2637 1126 suscipit,
2697 1058 2798 1112 nisi
2855 1056 3204 1127 ﬂagellaverit
3240 1073 3254 1111 :
3292 1056 3564 1126 ﬂagellans

1988 1145 2155 1215 [ilium
2181 1164 2331 1215 quem
2366 1150 2583 1219 suscipit
2609 1151 2675 1205 ".
2705 1151 2779 1206 De
2806 1151 2874 1205 iis
2902 1164 3035 1205 vero
3063 1164 3200 1220 quos
3239 1164 3344 1202 non
3372 1147 3561 1218 ﬂagel-

1989 1236 2064 1291 lat
2087 1238 2283 1293 dicitur
2310 1238 2440 1293 illud
2475 1258 2489 1294 :
2531 1239 2638 1295 Mei
2658 1248 2833 1295 autem
2856 1256 2986 1309 pene
3023 1241 3202 1311 quassi
3227 1248 3348 1293 sunt
3378 1238 3561 1307 pedes,

1985 1330 2358 1399 propemodum
2390 1332 2546 1402 e/fusi
2571 1345 2694 1387 sunt
2718 1349 2928 1402 gressus
2972 1333 3094 1387 mei.
3140 1332 3280 1398 Quia
3331 1348 3434 1385 non
3486 1338 3563 1383 est

1986 1422 2210 1476 arrectio
2241 1421 2297 1476 in
2329 1433 2495 1478 morte
2530 1441 2736 1492 eorum,
2763 1437 2811 1481 et
2838 1426 3235 1495 ﬁrmamentum
3262 1425 3319 1479 in
3349 1423 3563 1495 ﬂagello

1983 1526 2188 1571 eorum.
2231 1509 2522 1583 Propterea
2583 1516 2812 1569 obtinuit
2855 1531 2943 1569 eos
2981 1514 3263 1569 insolentia
3293 1513 3561 1567 :circum—

1983 1592 2164 1657 amicti
2201 1615 2326 1657 sunt
2368 1605 2649 1674 iniquitate
2670 1616 2718 1660 et
2763 1606 3033 1675 impietate
3053 1620 3152 1660 sua
3192 1604 3259 1657 ⁸⁸.
3295 1602 3354 1658 Si
3398 1602 3562 1656 fuerit

1983 1709 2113 1764 ergo
2139 1696 2263 1767 quis
2295 1696 2414 1752 ovis
2444 1710 2701 1765 peccans,
2735 1696 2888 1767 virga
2919 1696 3237 1764 vapulabit;
3272 1705 3330 1748 at
3363 1695 3407 1749 si
3439 1693 3559 1747 fue-

1984 1786 2049 1842 rit
2083 1787 2265 1852 homo,
2294 1787 2511 1851 baculo,
2541 1790 2836 1842 secundum
2875 1786 3223 1842 Salomonem
3258 1804 3271 1840 :
3307 1784 3411 1851 Qui
3431 1803 3556 1852 par-

1980 1876 2065 1932 cit
2092 1878 2302 1946 baculo,
2337 1880 2447 1934 odit
2477 1879 2647 1947 [ilium
2686 1896 2841 1934 suum
2877 1880 2945 1934 ".
2975 1878 3100 1934 Haec
3133 1893 3298 1950 porro
3328 1885 3559 1933 evocant

281 1969 562 2043 βακτηρίᾳ
580 2012 594 2036 ,
621 1972 761 2027 κατὰ
785 1972 849 2025 τὺ
871 1973 1214 2044 Σολομῶντος
1235 1991 1249 2005 ·
1298 1974 1361 2027 '0
1389 1973 1741 2044 φειδόμενος
1769 1972 1868 2043 τῆς

1983 1972 2328 2042 vapulantem
2378 1989 2393 2028 :
2438 1986 2737 2044 persuasus
2784 1981 2867 2028 est
2913 1972 3100 2040 enim,
3148 1973 3275 2043 quia
3321 1962 3558 2043 ﬂagellat

275 2061 619 2130 βακτηρίας
637 2063 811 2132 μισεῖ
827 2063 935 2117 τὸν
959 2063 1177 2119 ἑαυτοῦ
1201 2065 1355 2120 υἱόν.
1398 2064 1580 2119 Ταῦτα
1619 2064 1675 2118 δὲ
1704 2083 1881 2137 παρα-

278 2153 444 2206 καλεῖ
474 2153 566 2207 τὸν
600 2155 967 2226 τυπτόμενον⁵
1000 2157 1293 2210 πέπεισται
1332 2157 1475 2229 γὰρ,
1507 2157 1582 2222 ὡς
1598 2158 1887 2230 μαστιγοῖ

278 2245 484 2299 πάντα
514 2246 648 2302 υἱὸν
670 2246 745 2303 ὃν
771 2249 1189 2320 παραδέχεται.

938 2343 1108 2396 ΨΑΛ.
1144 2343 1250 2395 ΚΡ
1261 2383 1275 2398 .

284 2422 289 2425 ’
346 2426 507 2499 Στίχ.
540 2426 605 2499 β’.
636 2430 747 2483 Καὶ
783 2430 881 2484 ἐπὶ
922 2430 1202 2503 ποταμῶν
1234 2435 1563 2506 ἡτοίμασεν
1591 2437 1801 2505 αὐτήν.

346 2518 468 2591 (55)
520 2519 631 2574 Kal.
659 2520 834 2585 ἄλλως
870 2523 925 2577 δέ
981 2524 1088 2595 πρὸ
1148 2526 1248 2596 τῆς
1303 2526 1595 2599 ἐπιδημίας
1639 2529 1874 2601 Χριστοῦ

274 2609 552 2677 γνωστὸς
578 2610 743 2681 ἐντῇ
784 2612 1032 2682 Ἰουδαίᾳ
1068 2615 1233 2687 μόνον
1266 2612 1334 2688 ἦν
1366 2623 1399 2673 ό
1425 2618 1601 2686 Θεός·
1633 2625 1752 2691 μετ’
1779 2622 1876 2676 αὑ-

273 2698 373 2770 τὴν
423 2699 503 2766 δὲ,
544 2701 652 2755 τοῦ
680 2704 904 2771 Κυρίου
929 2706 967 2774 ἠ
994 2704 1093 2775 γῆ.
1153 2706 1290 2761 Ἀλλ’
1305 2709 1426 2763 οὐδὲ
1444 2709 1717 2783 πλήρωμα
1768 2714 1874 2787 πρὸ

274 2791 489 2864 ταύτης
516 2790 586 2865 ἦν
619 2796 677 2850 ὲν
714 2795 863 2871 πάσῃ
891 2800 957 2869 τῇ
998 2801 1107 2879 γῇ·
1159 2801 1332 2872 μεστά
1375 2802 1433 2857 δὲ
1474 2798 1542 2875 ἦν
1589 2806 1760 2878 αὐτῆς
1803 2807 1871 2862 τὰ

184 2924 191 2929 .
273 2882 505 2937 πλεῖστα
546 2886 865 2959 κακότητος.
918 2890 1054 2944 Μετ’
1082 2892 1251 2965 αὐτὴν
1297 2894 1353 2947 δὲ
1392 2895 1577 2949 πολλοὶ
1620 2895 1728 2951 τῶν
1771 2916 1870 2953 πε-

271 2978 652 3032 πιστευκότων
684 2979 913 3035 ἐθνικῶν
946 2981 1151 3038 εἴποιεν
1186 2984 1253 3040 ἄν
1276 3002 1290 3016 ·
1353 2988 1453 3042 Ἐκ
1493 2989 1598 3043 τοῦ
1637 2991 1872 3059 πληρώ-

268 3086 461 3138 ματος
485 3070 675 3125 αὺτοῦ
712 3072 882 3141 ἡμεῖς
914 3072 1140 3142 πάντες
1183 3076 1497 3147 ἐλάϐομεν.
1544 3081 1740 3153 Διόπερ
1775 3083 1871 3136 αὖ·

272 3158 364 3212 τοῦ
404 3161 505 3213 καὶ
546 3160 820 3234 πλήρωμα
864 3163 1126 3234 λέγοιντο.
1184 3168 1322 3221 Ἀλλ’
1352 3170 1451 3240 οὐχ
1496 3171 1546 3225 οἱ
1590 3172 1734 3225 κενοὶ
1771 3173 1870 3245 τῆς

271 3251 643 3325 εὑαηελικῆς
673 3254 966 3321 πολιτείας.
1001 3258 1160 3312 Ἀλλὰ
1194 3260 1286 3314 καὶ
1319 3262 1376 3313 ἐν
1407 3262 1600 3333 ἐρήμῳ
1625 3264 1654 3316 ὁ
1688 3264 1868 3335 ἁμαρ-

268 3343 443 3407 τωλὸς
484 3349 765 3399 κατοικεί³
818 3348 1146 3420 οἰκουμένην
1200 3350 1278 3415 δὲ,
1313 3354 1343 3405 ό
1385 3352 1483 3423 τὴν
1544 3353 1867 3417 Ἐκκλησίαν

269 3434 439 3489 οἰκῶν
480 3437 927 3510 πεπληρωμένην
980 3444 1081 3509 τῆς
1128 3443 1289 3511 ἁγίας
1316 3444 1573 3515 Τριάδος·
1610 3446 1704 3500 καὶ
1754 3446 1868 3501 ἐστι

269 3527 359 3580 τοῦ
397 3529 635 3600 Κυρίου.
680 3529 818 3583 Ἀλλ’
850 3532 946 3602 οὐχ
973 3532 1001 3584 ὁ
1026 3535 1422 3606 γεγεννημένος
1458 3537 1525 3590 ὲκ
1561 3536 1655 3590 τοῦ
1688 3537 1869 3592 διαϐό-

270 3617 386 3685 λου,
425 3622 523 3673 καὶ
549 3620 709 3693 μερὶς
742 3623 952 3677 ἐκείνου
988 3625 1297 3697 γενόμενος.

267 3706 420 3792 Στίχ.
449 3716 519 3779 γ’.
546 3711 642 3792 τίς
663 3712 1025 3792 ἀναϐήσεται
1048 3719 1137 3792 είς
1156 3711 1219 3792 τῦ
1257 3717 1394 3792 ὄρος
1405 3719 1520 3792 τοῦ
1536 3722 1759 3789 Κυρίου
1781 3739 1799 3785 ;
1826 3721 1864 3792 ἦ

335 3779 438 3846 τίς
464 3779 757 3847 στήσεται
789 3779 859 3835 ἐν
882 3785 1041 3849 τόπῳ
1069 3779 1214 3855 ἁγίῳ
1244 3779 1467 3854 aliter);

338 3869 460 3941 (56)
494 3872 567 3924 Ἤ
598 3874 692 3926 καὶ
721 3873 846 3945 ὅρος
872 3875 1076 3948 Κυρίου
1098 3878 1157 3931 τὸ
1178 3879 1390 3934 τελικὸν
1425 3882 1626 3952 ἀγαθὸν
1652 3886 1745 3939 καὶ
1776 3886 1866 3941 τὸν

266 3959 398 4014 θεὸν
429 3962 624 4031 Λόγον.
662 3963 893 4029 Σπάνιος
925 3967 1033 4038 γὰρ
1058 3970 1086 4022 ό
1119 3970 1255 4040 πρὸς
1298 3972 1398 4044 τὴν
1429 3973 1737 4047 ἀκρώρειαν
1765 3976 1863 4029 αὑ⁸

265 4052 357 4107 τοῦ
385 4053 481 4107 διὰ
517 4057 800 4128 προκοπῆς
828 4057 1095 4130 ἀναϐῆναι
1135 4061 1450 4135 δυνάμενος.

324 4226 521 4307 (57),⁹Ο
536 4227 645 4299 γὰρ
659 4230 986 4298 τελειωθεὶς,
1006 4234 1203 4305 μηκέτι
1222 4241 1527 4315 περαιτέρω
1543 4249 1738 4316 χωρεῖν
1752 4241 1865 4314 οἷός

264 4335 320 4371 τε
355 4318 459 4385 ὢν,
488 4319 703 4375 ἵσταται
735 4320 971 4392 βέϐαιος,
998 4327 1091 4379 καὶ
1114 4330 1466 4401 χρηματίζων
1509 4335 1663 4405 διγιος
1699 4339 1863 4403 τόπος

263 4408 426 4465 Θεοῦ.
476 4411 685 4465 ὐπίσω
723 4412 835 4487 γὰρ
874 4416 1081 4486 Κυρίου
1126 4422 1522 4495 πορευόμενος,
1549 4426 1858 4484 ἀναϐαίνειο

263 4500 382 4553 τῶν
416 4500 539 4570 μὲν
577 4501 830 4557 ὄπισθεν
875 4506 1424 4581 ἐπιλανθανόμενος
1443 4557 1456 4578 ,
1515 4516 1639 4584 τοῖς
1662 4517 1731 4571 δὲ
1756 4519 1859 4589 ἔμ-

263 4596 538 4658 προσθεν
590 4593 1115 4665 ἐπεκτεινόμενος,
1168 4601 1320 4667 τέλος
1371 4606 1510 4677 ἔχων
1573 4608 1635 4663 τὸ
1669 4610 1860 4681 στῆναι

1984 2081 2185 2120 omnem
2211 2065 2384 2135 ﬁlium
2411 2083 2563 2135 quem
2583 2067 2800 2136 suscipit
2833 2064 2921 2137 ³⁸η

2544 2334 2740 2392 PSAL.
2782 2335 2825 2392 Χ
2840 2336 2976 2391 Χιιι.

2050 2426 2061 2439 ’
2174 2427 2235 2483 V.
2267 2428 2321 2481 Ξ.
2354 2426 2421 2482 Et
2450 2430 2503 2483 in
2533 2428 2839 2500 ﬂuminibus
2868 2429 3185 2500 pra’paravit
3223 2443 3360 2483 eam.

2048 2516 2222 2575 Aliter
2258 2538 2270 2573 :
2302 2530 2428 2576 ante
2475 2521 2765 2578 adventum
2808 2520 3010 2578 Christi
3067 2530 3220 2575 notus
3252 2520 3305 2574 in
3352 2518 3549 2574 Judwa

1978 2612 2245 2669 duntaxat
2280 2624 2398 2669 erat
2443 2614 2579 2669 Deus
2612 2616 2656 2647 ³³
2691 2634 2705 2670 :
2748 2622 2804 2669 at
2834 2625 2958 2682 post
2986 2612 3302 2677 adventum,
3339 2609 3553 2664 Domini

1973 2716 2050 2760 est
2075 2717 2217 2761 terra
2250 2706 2312 2763 ’⁸.
2347 2706 2453 2762 Sed
2486 2704 2662 2778 neque
2689 2705 2969 2778 plenitudo
2997 2714 3124 2760 ante
3149 2704 3315 2760 illum
3343 2717 3459 2762 erat
3499 2709 3550 2761 in

1972 2799 2227 2856 universa
2279 2807 2426 2854 terra
2472 2818 2486 2854 :
2536 2799 2780 2869 quinimo
2828 2799 2990 2870 plena
3040 2810 3159 2855 erat
3207 2814 3305 2868 pro
3359 2800 3550 2870 majori

1972 2900 2130 2963 parte
2162 2890 2510 2962 ﬂagitiorum.
2544 2890 2671 2948 Post
2705 2891 2858 2946 illum
2893 2905 3024 2946 vero
3050 2931 3065 2956 ,
3100 2892 3253 2946 multi
3300 2890 3553 2949 ethnico-F

1974 2997 2092 3035 rum
2121 2980 2212 3050 qui
2241 2981 2597 3037 crediderunt
2620 3021 2635 3046 ,
2680 2983 2863 3037 dicere
2909 2992 3175 3050 possunt:
3212 2980 3287 3035 De
3326 2982 3553 3046 plenitu-

1971 3072 2091 3126 dine
2134 3072 2248 3140 ejus
2288 3088 2380 3126 nos
2418 3089 2598 3128 omnes
2637 3074 2933 3140 accepimus
2966 3072 3032 3125 ³⁸.
3083 3071 3262 3139 Quare
3295 3072 3458 3128 etiam
3498 3080 3554 3126 et

1968 3161 2175 3219 Christi
2226 3162 2508 3233 plenitudo
2555 3165 2661 3219 dici
2713 3173 2941 3234 queunt.
2979 3161 3086 3217 Sed
3122 3180 3228 3217 non
3262 3164 3354 3234 qui
3387 3165 3545 3217 vacui

1969 3263 2099 3313 sunt
2129 3256 2441 3327 evangelica
2476 3255 2690 3310 vivendi
2723 3258 2954 3313 ratione.
2992 3258 3132 3323 Quin
3162 3256 3338 3325 petius
3371 3256 3422 3309 in
3449 3256 3549 3310 de-

1971 3355 2120 3403 scrto
2142 3357 2395 3417 peccator
2422 3348 2651 3403 habitat.
2697 3347 2898 3403 Contra
2938 3358 3120 3403 autem
3145 3334 3330 3403 orbem
3372 3357 3553 3402 terra-

1973 3456 2092 3495 rum
2120 3440 2333 3507 incolit,
2356 3441 2450 3511 qui
2495 3441 2686 3497 incolit
2727 3439 3025 3497 Ecclesiam
3061 3439 3319 3510 repletam
3355 3450 3547 3493 sancta

1972 3528 2262 3599 Trinitate,
2298 3542 2491 3602 estque
2518 3531 2752 3587 Domini.
2788 3530 2909 3586 Non
2939 3533 3069 3586 item
3094 3531 3186 3603 qui
3227 3546 3294 3585 ex
3333 3528 3555 3587 diabolo

1970 3632 2133 3681 natus
2163 3633 2270 3687 est.
2300 3632 2394 3678 aut
2424 3638 2555 3693 pars
2586 3623 2734 3679 illius
2757 3622 2983 3680 elfectus
3018 3623 3141 3679 fuit.

2023 3714 2090 3769 γ.
2122 3717 2177 3770 5.
2210 3714 2341 3781 Quis
2369 3716 2611 3770 ascendet
2640 3716 2696 3770 in
2726 3728 2951 3770 montem
2989 3716 3234 3770 Domini?
3276 3716 3355 3769 vel
3375 3717 3493 3786 quis

2358 3788 2515 3839 stabit
2542 3789 2597 3840 in
2628 3790 2740 3838 loco
2774 3800 2956 3839 sancto
2999 3786 3160 3856 ejus?

2043 3874 2135 3929 Vel
2170 3876 2333 3931 etiam
2370 3878 2748 3948 interpreteris
2774 3885 3011 3932 montem
3056 3879 3266 3931 Domini
3297 3875 3548 3944 perfecti-

1920 3990 1927 3996 ι
1969 3983 2095 4021 vum
2123 3968 2346 4034 bonum,
2383 3978 2433 4023 et
2468 3970 2756 4038 ipsummet
2778 3970 2945 4025 Deum
2977 3964 3235 4021 Verbum.
3265 3967 3441 4022 Rarus
3461 3975 3548 4021 est

1969 4059 2117 4113 enim
2162 4058 2258 4129 qui
2298 4060 2364 4114 ad
2408 4060 2668 4115 verticem
2700 4059 2816 4129 ejus
2846 4074 2912 4115 ex
2960 4057 3202 4129 profectu
3251 4058 3547 4113 ascendere

1965 4160 2153 4222 queat.

2039 4242 2141 4310 Qui
2172 4245 2315 4298 enim
2342 4252 2754 4299 consummatus
2779 4252 2877 4305 est,
2912 4258 3018 4297 non
3050 4242 3283 4314 amplius
3320 4241 3549 4296 ulterius

1966 4336 2219 4407 progredi
2252 4335 2457 4400 valens,
2486 4347 2593 4392 stat
2626 4336 2837 4404 ﬁrmus,
2869 4347 2923 4393 et
2956 4350 3184 4393 vocatur
3210 4346 3436 4392 sanctus
3461 4336 3544 4393 lo-

1965 4446 2064 4487 cus
2094 4430 2209 4485 Dei.
2246 4429 2392 4486 Pone
2431 4430 2575 4486 enim
2603 4431 2888 4485 Dominum
2931 4432 3212 4497 incedens,
3248 4430 3494 4485 ascendit
3524 4445 3543 4485 :

1966 4539 2145 4578 eorum
2167 4539 2284 4594 qua:
2309 4533 2450 4576 retro
2490 4532 2631 4584 sunt,
2666 4522 2900 4589 oblitus;
2932 4522 3001 4576 ad
3033 4539 3096 4576 ea
3124 4539 3241 4576 uero
3278 4537 3395 4591 quw
3422 4530 3547 4575 sunt

1967 4622 2109 4677 ante,
2131 4612 2284 4667 enixe
2316 4613 2637 4665 contendens
2662 4612 2727 4677 ³⁸,
2754 4611 2913 4668 linem
2940 4609 3041 4667 sibi
3070 4624 3377 4682 proponens
3396 4619 3547 4663 stare

265 4681 405 4749 μετὰ
434 4681 573 4735 Θεοῦ
600 4686 659 4737 ὲν
687 4684 838 4756 τόπῳ
868 4686 1008 4758 ἁγίῳ
1042 4690 1206 4744 αὑτοῦ
1228 4711 1242 4723 ο
1267 4695 1354 4764 ἐφ’
1379 4695 1438 4748 ὃν
1475 4697 1558 4751 δεῖ
1589 4698 1858 4769 ἀναϐῆναι

1979 4719 2092 4759 tum
2138 4702 2250 4758 Deo
2300 4705 2353 4758 in
2399 4702 2520 4757 loco
2564 4712 2754 4758 sancto
2799 4704 2912 4771 ejus
2945 4721 2958 4758 :
2996 4681 3083 4756 ad;
3112 4717 3273 4772 quem
3326 4710 3545 4771 oportet

261 4773 355 4825 καὶ
392 4773 593 4843 στῆναι
632 4774 722 4828 τὸν
766 4778 1250 4853 εὐαγγελιζόμενον
1284 4788 1348 4858 τῇ
1398 4789 1566 4855 Σιὼν,
1607 4792 1745 4864 πρὸς
1798 4794 1857 4847 ὃν

261 4871 525 4939 meum
573 4874 653 4946 τῷ
699 4877 906 4950 Μωῦσῇ
951 4897 1113 4952 φησιν
1165 4883 1193 4935 ό
1248 4882 1417 4946 Θεός*
1452 4883 1537 4937 Σὺ
1567 4883 1635 4937 δὲ
1668 4884 1857 4940 αὑτοῦ

261 4962 443 5030 στῆθι
473 4967 608 5032 μετ’
644 4967 811 5036 ἐμοῦ.
854 4969 1018 5023 Ἀλλὰ
1047 4972 1138 5024 καὶ
1168 4974 1477 5042 Ἕστησεν
1504 4974 1604 5027 ἐπὶ
1633 4974 1856 5044 πέτραν

262 5056 406 5123 τοὺς
435 5058 632 5126 πόδας
677 5078 827 5129 μου,
859 5062 934 5127 ὡς
970 5065 1055 5133 ἐφ’
1087 5064 1275 5137 ἓτερον
1316 5067 1569 5137 ἀγίασμά
1599 5085 1764 5136 φασιν
1805 5070 1853 5122 οι

262 5147 563 5218 προφῆται.
617 5149 776 5204 Ἐπεὶ
800 5150 987 5220 πέτρα
1016 5148 1092 5222 ἦν
1118 5157 1152 5207 ό
1187 5156 1461 5223 Χριστός.
1517 5155 1677 5210 Ἀλλὰ
1715 5157 1798 5220 τίς
1826 5158 1854 5209 ό

260 5235 371 5291 τῶν
397 5240 746 5309 ἐπαγγελιῶν
777 5243 982 5298 τούτων
996 5245 1336 5318 τευξόμενος,
1362 5248 1575 5320 εἴρηται
1599 5248 1853 5304 τελεώτε-

266 5348 357 5402 ρον
390 5335 451 5386 ἐν
484 5334 564 5405 τῷ
596 5337 1177 5412 τεσσαρεσκαιδεκάτῳ
1198 5340 1418 5413 ψαλμῷ.

1968 4797 2232 4851 ascendat
2267 4805 2320 4851 et
2348 4806 2455 4850 stet
2486 4797 2578 4865 qui
2627 4795 2968 4865 evangelizat
3015 4794 3168 4860 Sion,
3199 4804 3254 4849 et
3277 4793 3344 4845 ad
3381 4808 3541 4861 quem

1966 4904 2133 4958 quum
2164 4889 2500 4958 pervenisset
2546 4887 2761 4958 Moyses
2782 4927 2797 4952 ,
2828 4887 2903 4942 ait
2936 4887 3009 4940 illi
3036 4884 3180 4941 Deus
3210 4902 3223 4938 :
3255 4883 3333 4937 Tu
3364 4893 3542 4936 autem

1964 4980 2036 5033 ibi
2068 4990 2149 5033 sta
2189 4964 2390 5032 mecum
2424 4979 2490 5032 ³⁷.
2522 4976 2662 5044 Quin
2702 4979 2865 5032 etiam
2888 5016 2902 5041 ,
2923 4973 3125 5031 Statuit
3150 4991 3308 5043 super
3337 4981 3542 5038 petram

1963 5074 2118 5142 pedes
2164 5087 2306 5125 meos
2349 5069 2418 5135 ³⁸,
2464 5080 2721 5139 tanquam
2765 5081 2929 5137 super
2981 5067 3124 5120 aliud
3170 5061 3541 5119 sanctuarium

1963 5162 2151 5215 dicunt
2207 5161 2513 5231 prophetae.
2581 5158 2744 5213 Petra
2793 5169 2967 5211 autem
3012 5166 3124 5210 erat
3176 5153 3417 5207 Christus
3471 5150 3538 5206 ".

1960 5250 2079 5306 Jam
2117 5266 2244 5306 vero
2281 5251 2404 5320 quis
2442 5251 2633 5305 harum
2683 5247 3105 5321 promissionum
3154 5256 3374 5313 compos
3421 5241 3539 5308 ﬁat,

1959 5344 2161 5398 dictum
2192 5352 2278 5397 est
2309 5342 2500 5396 melius
2536 5344 2586 5397 io
2622 5342 2830 5411 psalmo
2856 5340 3069 5395 decimo
3103 5346 3320 5408 quarto.

324 5559 381 5633 ’ξ
400 5559 541 5633 Psal.
582 5578 822 5617 Lxxxvm
847 5603 861 5626 ,
900 5565 1000 5630 5i,
1039 5566 1127 5620 54.
1189 5568 1233 5601 ²⁹
1267 5567 1427 5622 llehr.
1466 5584 1567 5630 xu,
1608 5568 1661 5623 6.
1746 5568 1792 5599 ³ο
1822 5568 1868 5620 P:

1999 5584 2165 5629 van,
2198 5569 2253 5624 2.
2290 5568 2347 5633 4,
2375 5569 2428 5623 6.
2514 5568 2557 5598 ³¹
2591 5565 2876 5628 Prov.xm,
2908 5563 2999 5617 24.
3063 5564 3107 5595 ³³
3151 5563 3321 5633 Hebr.
3348 5578 3446 5633 ιιι,
3482 5561 3540 5619 6.

264 5626 312 5659 ⁸³
354 5629 501 5683 Psal.
546 5648 710 5692 Lxxv.
746 5633 803 5687 2.
887 5633 933 5665 ³⁸

267 5714 459 5764 xxxix,
481 5703 535 5756 5.
618 5702 663 5735 ³⁸
689 5703 853 5760 lCor.
879 5719 937 5768 ιι,
963 5705 1018 5759 4.

488 5857 653 5929 Forte
684 5861 732 5911 εἰ
772 5875 869 5929 pro
891 5860 974 5914 οὐ.

340 5926 456 5999 (55)
497 5928 697 5985 Confer
718 5938 757 5984 t.
776 5926 902 5998 ιω,
931 5932 1033 5986 loc.
1059 5930 1153 5984 cit.

1045 5636 1187 5695 Psal.
1220 5654 1375 5706 χχιιι,
1415 5642 1461 5698 l.
1556 5628 1600 5672 ³⁸
1633 5639 1785 5694 Joau.
1823 5654 1863 5703 ι,

2063 5639 2107 5669 ³⁸
2138 5628 2370 5707 Philipp.
2400 5654 2483 5703 ιιι,
2523 5638 2603 5695 95.
2691 5634 2734 5664 ³⁷
2773 5635 2945 5688 Exod.
2981 5649 3167 5701 xulv,
3192 5633 3247 5689 2.
3307 5632 3354 5667 ³⁸
3392 5628 3541 5689 Psal.

2040 5856 2152 5932 (.59)
2181 5855 2531 5932 inscrihitup,
2558 5855 2826 5932 Origems,
2863 5858 3091 5932 Didymi,
3124 5860 3359 5916 Eusebii.

2033 5926 2146 5998 (57)
2173 5926 2447 6000 Origeuis,
2478 5926 2712 5998 Didymi.
