4016 6518
425 5895 442 5935 ν

466 428 573 482 Hb

587 563 655 620 ν.
681 563 734 619 ϐ.
767 559 900 617 Ηανσ
938 560 1220 631 generatio
1243 557 1592 631 qua-regalium
1640 555 1946 631 Dominum,

818 626 1163 703 quatientium
1192 626 1382 702 faciem
1403 626 1502 681 Dei
1527 626 1720 681 Jacob.

546 724 813 797 Equidem
837 722 1037 778 dictum
1065 730 1149 776 est
1179 737 1192 774 :
1227 717 1395 773 Nemo
1428 716 1616 772 videbit
1645 715 1835 785 faciem
1863 727 2053 776 meam,

480 827 525 874 et
558 815 775 872 vivet“.
809 813 1019 868 Revera
1047 811 1195 866 enim
1227 824 1385 866 nemo
1421 807 1626 865 videbit
1653 809 1742 875 qui
1777 806 1845 860 sit
1869 805 2055 867 homo,

477 907 704 978 etquod
733 906 1031 961 humanum
1066 909 1150 960 est
1175 909 1345 955 totum
1370 915 1479 954 non
1520 897 1759 963 exuerit,
1791 905 1846 952 et
1880 902 2058 948 muta-

481 1012 569 1056 tus
612 998 779 1054 fuerit
827 996 880 1051 in
926 993 1178 1066 angelum
1219 1001 1271 1046 et
1299 991 1494 1056 Deum,
1527 988 1671 1059 quod
1700 987 1789 1042 hic
1831 1000 1935 1040 non
1973 983 2054 1038 (lt.

481 1091 555 1145 De
595 1089 809 1162 angelis
833 1102 964 1144 vero
1012 1085 1366 1158 parvulorum
1405 1084 1498 1154 qui
1535 1089 1662 1136 sunt
1688 1080 1740 1134 in
1785 1078 2056 1139 Ecclesia,
2093 1091 2100 1096 ε

479 1179 736 1234 Salvator
786 1180 916 1235 dicit
956 1195 971 1234 :
1015 1177 1235 1248 Semper
1283 1178 1454 1231 uident
1502 1174 1691 1244 faciem
1739 1169 1923 1224 Patris
1970 1167 2059 1238 qui

477 1282 551 1328 est
579 1273 638 1327 in
671 1273 816 1329 ctelis
859 1273 931 1326 δ’.

478 1431 544 1486 γ.
577 1432 631 1487 9.
665 1429 859 1484 Tollite
885 1439 1087 1496 portas,
1122 1445 1152 1483 ο
1187 1428 1473 1498 principes,
1500 1432 1738 1498 _ues!_ras,
1769 1431 1816 1498 et
1846 1416 2059 1498 extolli-

617 1503 765 1564 mini,
778 1491 944 1570 porta:
969 1491 1201 1563 wternte,
1240 1505 1290 1551 et
1321 1496 1562 1549 introibit
1598 1493 1712 1546 Rex:
1741 1491 1944 1562 glorias.

408 1638 411 1641 .
478 1593 544 1649 V.
577 1592 664 1648 10.
709 1592 839 1658 Quis
866 1602 939 1646 est
967 1593 1064 1645 iste
1090 1589 1200 1644 Rex
1230 1589 1416 1658 glorim
1441 1589 1465 1640 ?
1491 1586 1749 1640 Dominus
1784 1584 2057 1646 virtutum,

989 1663 1096 1730 ipse
1127 1671 1198 1715 cst
1223 1659 1336 1713 Rea;
1361 1658 1564 1729 gloriae.

547 1820 710 1877 Velut
735 1820 926 1874 ducem
955 1817 1313 1880 exercituum,
1337 1815 1746 1888 appellaverunt
1776 1793 2060 1865 Dominum

1339 433 1902 497 SUPPLEMENTUM
1939 433 2030 490 AD
2064 427 2392 489 ORIGENIS
2421 426 2833 483 EXEGETICA.

2078 557 2123 614 Α
2151 547 2301 620 Στίχ.
2323 552 2412 620 ς’.
2433 544 2591 620 Αὕτη·
2608 544 2646 612 ἡ
2668 541 2843 620 γενεὰ
2863 538 3198 620 ζητούντων
3229 534 3349 620 τὸν
3374 534 3628 620 Κιξρων,
3658 530 3754 600 ζη-

3641 415 3749 472 “6

2229 605 2495 672 αέὀύὶοτων
2531 605 2599 668 τὸ
2631 605 2956 680 πρόσωπον
2976 609 3082 663 τοῦ
3109 605 3260 662 Θεοῦ
3299 605 3522 660 Ἰακώϐ.

2233 708 2344 780 (58)
2375 707 2487 762 Καὶ
2523 705 2628 778 μὴν
2651 703 2802 758 εἶπεν
2821 721 2836 734 ·
2872 702 3082 768 Οὐδεὶς
3101 700 3313 770 ὄψεται
3332 698 3399 752 τὸ
3421 695 3754 765 πρόσωπόν

2158 817 2311 870 μου,
2342 799 2438 852 καὶ
2474 795 2737 864 ζήσεται.
2776 796 2864 860 Ὠς
2896 792 3111 866 ἀληθῶς
3140 792 3251 864 γὰρ
3293 791 3397 845 οὐκ
3439 787 3629 859 ὄψεταί
3665 802 3750 850 τις

2162 892 2448 964 ἄνθρωπος
2485 889 2560 944 ὣν
2584 929 2598 952 ,
2627 889 2719 943 καὶ
2751 889 2824 960 μὴ
2863 889 2972 941 πᾶν
3009 884 3348 958 ἀνθρώπινον
3385 880 3747 952 ἀποθέμενος,

2165 983 2260 1037 καὶ
2294 981 2612 1054 μεταϐαλὼν
2641 982 2720 1046 είς
2750 980 2978 1050 ἄγγελον
3007 979 3102 1032 καὶ
3129 977 3284 1044 Θεὸν,
3311 978 3449 1049 ὅπερ
3472 976 3574 1028 οὐκ
3601 972 3749 1026 ἔστιν

2165 1075 2374 1130 ἐνθάδε.
2417 1077 2555 1147 Περὶ
2589 1075 2646 1130 δὲ
2691 1074 2800 1129 τῶν
2845 1073 3092 1143 ἀγγέλων
3129 1071 3236 1126 τῶν
3263 1072 3320 1124 ὲν
3349 1073 3414 1141 τῇ
3452 1064 3752 1137 Ἐκκλησία

2169 1169 2402 1242 μικρῶν,
2434 1171 2462 1222 6
2511 1169 2703 1240 Σωτήρ
2747 1185 2945 1240 φησιν,
2993 1167 3075 1221 ὅτι
3105 1164 3434 1230 Διαπαντὸς
3464 1161 3650 1231 ὁρῶσι
3682 1157 3751 1212 τὸ

2167 1264 2492 1329 πρόσωπον
2522 1259 2628 1314 τοῦ
2667 1258 2916 1327 Πατρὸς,
2945 1257 3054 1314 τοῦ
3093 1258 3162 1312 ἐν
3194 1256 3319 1319 τοῖς
3336 1251 3638 1324 οὐρανοῖς.
3736 1288 3742 1296 .

2167 1355 2316 1425 Στίχ.
2343 1354 2406 1409 0'.
2447 1355 2659 1422 Ἀρατε
2691 1353 2924 1425 πύλας,
2966 1355 3020 1406 οἱ
3049 1351 3339 1425 ἄρχοντες
3364 1391 3377 1415 ,
3413 1345 3613 1425 υμῶν,
3649 1342 3749 1425 καί

2235 1415 2558 1493 ὲῖτάρθητὲ,
2606 1425 2793 1477 πύλαι
2833 1415 3098 1491 αἰώνια,
3124 1415 3223 1478 καὶ
3264 1415 3679 1476 εἰσελεύσεται
3717 1415 3752 1468 ό

2233 1494 2535 1561 ,βασιλεὺς
2581 1494 2689 1562 τῆς
2714 1493 2921 1562 δόξης.

2168 1588 2320 1664 Στίχ.
2344 1594 2394 1642 ι’.
2433 1587 2546 1664 Τίς.
2573 1583 2966 1664 ἐστινιοῦτος
2993 1583 3354 1664 dﬁcit:th
3389 1579 3502 1664 τῆς
3530 1575 3756 1664 δόξηςῖ

2237 1651 2595 1793 Ιῖῥριὲςξτῶν
2618 1651 2948 1726 δυνάμεων,
2987 1656 3168 1723 αὑτός
3208 1656 3378 1710 ἐστιν
3397 1656 3430 1708 d
3449 1651 3758 1713 Βασιλεὺς

2237 1747 2348 1795 της
2419 1747 2448 1782 ο
2492 1746 2587 1795 ης.

2381 1747 2750 1891 ηάςρχοντα
2779 1813 2835 1866 δὲ
2871 1808 3268 1883 στρατοπέδων,
3299 1805 3612 1876 δυνάμεων
3635 1799 3758 1856 ἐκά-

479 1916 755 1980 virtutum,
795 1913 937 1981 quod
964 1912 1019 1965 in
1041 1909 1314 1966 Hebraico
1345 1908 1545 1964 dicitur
1577 1903 1817 1962 Sabaoth
1839 1919 1858 1958 :
1898 1917 2060 1972 quam

2180 1923 2327 1969 tsaav
2355 1914 2594 1981 Κύριον,
2629 1911 2765 1977 ὅπερ
2797 1909 2854 1965 ὲν
2885 1904 2962 1977 τῷ
3005 1901 3280 1974 Ἐϐραῖκῷ
3322 1896 3564 1954 Σαϐαὼθ
3602 1895 3756 1966 εἴρη-

480 2020 674 2061 vocem
704 2001 1057 2073 Septuaginta
1087 2001 1519 2070 interpretantur
1551 1997 1603 2050 in
1637 1993 1940 2065 Scripturis
1960 1993 2064 2046 Do-

480 2099 684 2154 minum
743 2095 1001 2158 militum,
1032 2091 1116 2147 vel
1151 2091 1317 2148 etiam
1368 2089 1728 2157 Omnipotens.
1783 2084 1937 2152 Quod
1979 2085 2065 2138 hic

482 2189 682 2244 dicitur
725 2201 879 2257 ergo,
929 2184 1357 2255 omnipotentem
1417 2180 1651 2236 ostendit
1703 2179 2062 2234 Salvatorem.

484 2278 572 2339 Sic
599 2280 727 2335 dicit
771 2279 1027 2336 Dominus
1079 2275 1403 2342 omnipotens
1437 2267 1624 2326 :Pone
1651 2268 1874 2340 gloriam
1927 2267 2065 2320 misit

482 2375 652 2428 mead
676 2381 724 2426 te
753 2370 820 2423 δ’.
840 2368 974 2425 Cum
1005 2366 1149 2422 enim
1178 2365 1523 2433 omnipotens
1560 2363 1632 2416 sit
1662 2360 1846 2424 Pater,
1871 2358 2064 2412 Filium

483 2464 916 2533 omnipotentem
957 2460 1126 2515 misit.
1155 2456 1394 2516 Joannes
1424 2469 1642 2524 quoque
1670 2454 1728 2510 in
1745 2451 2066 2524 Apocalypsi

484 2557 562 2610 ait
590 2577 603 2611 :
635 2553 766 2609 Htec
795 2553 920 2606 dicit
957 2552 1105 2606 testis
1142 2549 1317 2620 ﬁdelis
1376 2557 1427 2606 et
1489 2562 1668 2612 verum,
1716 2546 1806 2620 qui
1855 2545 1976 2615 fuit,
2017 2554 2067 2597 et

483 2649 574 2723 qui
613 2659 715 2715 est,
754 2657 804 2702 et
838 2648 927 2718 qui
970 2646 1173 2702 ueniens
1196 2643 1266 2709 “,
1301 2643 1368 2698 de
1398 2641 1681 2698 Salvatore
1701 2639 1820 2695 sine
1847 2646 2068 2692 contro-

490 2738 672 2797 versia
702 2737 951 2814 loquens.

553 2921 784 2991 Quidam
821 2934 928 2974 non
958 2917 1026 2972 ad
1063 2915 1412 2972 sublimiores
1442 2921 1648 2985 portas,
1680 2911 1775 2967 sed
1827 2910 1895 2965 ad
1951 2924 2070 2965 eas-

487 3012 613 3076 dem
645 3026 768 3082 quaa
794 3009 1090 3080 dupliciter
1114 3009 1258 3064 dicta
1306 3017 1462 3072 sunt,
1503 3007 1645 3062 dicta
1689 3004 1856 3060 fuisse
1889 3004 2068 3064 aiunt.

1043 3099 1243 3156 PSAL.
1293 3096 1506 3154 XXVII.

2167 2025 2277 2061 ται.
2315 2003 2486 2058 Τοῦτο
2513 2003 2571 2057 δὲ
2605 2000 2700 2056 καὶ
2731 2000 2951 2068 Κύριον
2987 1989 3361 2063 στρατιωτῶν
3397 1990 3447 2043 ot
3489 1985 3756 2056 Ἑϐδομή-

2166 2117 2329 2154 κοντα
2349 2097 2443 2153 καὶ
2458 2093 2886 2163 Παντοκράτωρ
2901 2093 2958 2145 ὲν
2979 2091 3095 2152 ταῖς
3111 2086 3354 2157 Γραφαϊς
3375 2080 3759 2155 έρμηνεύουσι.

2167 2193 2278 2248 Καὶ
2314 2191 2374 2245 τὸ
2407 2188 2502 2246 νῦν
2542 2188 2651 2260 ἄρα
2693 2185 2904 2258 λεχθὲν,
2938 2180 3356 2254 παντοκράτορα
3387 2176 3478 2231 τὸν
3523 2173 3760 2244 Σωτῆρα

2167 2285 2335 2356 δηλοῖ.
2365 2283 2565 2349 Οὕτως
2590 2281 2754 2350 λέγει
2780 2281 2998 2346 Κύριος
3039 2271 3463 2341 παντοκράτωρ
3483 2285 3496 2299 ο
3541 2265 3762 2320 Ὀπίσω

2168 2375 2354 2443 δόξης
2391 2370 2714 2428 ἀπέστειλέ
2752 2388 2829 2442 με
2875 2370 3024 2439 πρὸς
3068 2365 3162 2422 σέ.
3211 2360 3616 2434 Παντοκράτωρ
3651 2356 3764 2427 γὰρ

2167 2469 2244 2524 ὣν
2277 2470 2306 2521 ὁ
2333 2468 2546 2540 Πατὴρ,
2577 2465 2667 2520 τὸν
2701 2465 2830 2518 Υἰὸν
2858 2461 3145 2518 ἀπέστειλε
3177 2455 3613 2528 παντοκράτορα.
3649 2451 3764 2504 Καὶ

2182 2561 2436 2632 Ἰωάννης
2461 2560 2518 2618 δὲ
2543 2560 2602 2611 ὲν
2662 2559 2729 2634 τῇ
2766 2552 3148 2623 Ἁποκαλύψει,
3182 2549 3328 2607 Τάδε
3359 2546 3542 2616 λέγει,
3570 2541 3761 2634 φησῖίνν

2170 2655 2204 2711 ό
2232 2651 2467 2722 μάρτυς
2491 2653 2523 2704 ό
2553 2632 2771 2714 πιστὸς
2805 2647 2902 2705 καὶ
2943 2644 3251 2713 ἀληθινὸς,
3288 2644 3321 2696 ό
3354 2637 3435 2710 ἦν
3473 2636 3572 2690 καὶ
3608 2637 3643 2690 ό
3677 2632 3764 2684 ὢν

2171 2743 2272 2798 καὶ
2300 2746 2332 2797 ό
2357 2742 2708 2814 ἐρχόμενοῳ
2745 2741 2873 2812 περὶ
2900 2737 2994 2793 τοῦ
3029 2736 3280 2807 Σωτῆρος
3311 2726 3765 2804 ὁμολογουμένως

2172 2833 2362 2890 εἰπὼν.

2245 2926 2354 2999 (60)
2390 2923 2546 2986 Τινὲς
2579 2921 2636 2974 δὲ
2667 2919 2726 2973 οὐ
2764 2917 2899 2991 πρὸς
2929 2915 3268 2989 ὑψηλοτέρας
3307 2913 3501 2981 πύλας,
3538 2911 3676 2986 πρὸς
3708 2911 3765 2965 δὲ

2173 3016 2272 3082 τὰς
2309 3015 2482 3080 αὐτὰς
2513 3013 2584 3067 τὰ
2608 3011 2801 3076 διττῶς
2831 3010 3100 3083 εἰρημένα
3129 3007 3284 3079 φασί.

2807 3103 2976 3156 ΨΑΛ.
3012 3102 3138 3156 ΚΖ’.

488 3193 636 3253 v.1.
665 3193 750 3248 Ad
801 3201 871 3257 te,
914 3191 1156 3257 Domine,
1189 3191 1467 3244 clamabo:
1513 3187 1654 3244 Deus
1681 3189 1775 3257 mi,
1817 3205 1881 3244 ne
1909 3186 2067 3242 sileas

2180 3197 2325 3269 Στίχ.
2368 3203 2438 3250 α’.
2483 3195 2641 3269 Πρὸς
2691 3193 2800 3256 σὲ,
2850 3193 3050 3269 Κύριε,
3097 3189 3496 3269 κεκράξομαι;
3540 3191 3574 3243 ό
3621 3189 3764 3256 Sede;

1192 3279 1223 3315 α
1257 3277 1360 3315 me.

557 3355 618 3413 Si
649 3365 866 3412 terrena
902 3354 1080 3424 quis'a
1114 3353 1227 3408 Deo
1264 3351 1520 3423 postulet,
1565 3351 1714 3407 brevi
1768 3351 1941 3407 utitur
1971 3366 2070 3404 vo-

487 3464 552 3505 ce
577 3466 594 3505 :
622 3457 680 3503 at
703 3449 748 3504 si
779 3447 1047 3510 coelestia,
1088 3444 1292 3500 clamat
1315 3455 1370 3499 et
1396 3443 1751 3499 vociferatur.
1785 3443 1969 3510 Quare
2018 3444 2072 3499 ln

489 3539 820 3609 Scripturis,
857 3538 1031 3592 sancti
1064 3536 1131 3590 ad
1189 3535 1360 3590 Deum
1408 3535 1800 3591 clamaverunt.
1859 3534 2075 3588 Clamat

488 3645 622 3686 vero
638 3628 764 3699 quis
781 3628 1056 3698 ingressus
1080 3625 1509 3695 promptuarium
1528 3640 1709 3691 suum,
1737 3633 1793 3680 et
1815 3624 2076 3680 claudens

483 3723 732 3794 januam.
766 3719 881 3774 Non
916 3719 1041 3774 silet
1068 3727 1246 3780 autem
1279 3717 1481 3771 sanctis
1510 3717 1674 3772 Deus.
1722 3717 2075 3788 Loquebatur

488 3814 676 3881 itaque
709 3811 881 3883 Moysi
909 3820 964 3865 et
995 3810 1204 3873 Aaron,
1239 3818 1295 3864 et
1328 3806 1454 3864 Jcsu
1491 3807 1602 3863 lilio
1637 3806 1808 3863 Nave.
1857 3809 2074 3879 Loque-

487 3904 653 3970 batur
684 3903 848 3960 etiam
901 3917 996 3970 per
1041 3902 1359 3972 prophetas,
1412 3899 1634 3969 quando
1691 3909 1808 3954 erat
1841 3901 2076 3972 populus

488 3992 627 4072 ejus.
663 3991 794 4060 Qua:
833 4005 998 4062 porro
1043 3991 1284 4060 loquitur
1315 3989 1480 4055 Deus,
1511 4005 1619 4044 non
1651 3998 1878 4045 externa
1926 3999 2072 4058 sunt,

488 4085 584 4140 sed
617 4094 832 4149 sancta,
881 4097 1004 4152 qua:
1053 4081 1106 4137 in
1135 4097 1232 4137 cor
1281 4091 1532 4136 nostrum
1569 4081 1890 4148 ascendunt,
1917 4080 2072 4152 juxta

489 4178 670 4244 illud:
716 4177 909 4230 Beatus
954 4177 1054 4243 vir,
1088 4175 1242 4245 cujus
1289 4182 1366 4227 est
1422 4173 1686 4228 auxilium
1740 4173 1886 4229 illius
1937 4183 2072 4242 ate,

489 4272 713 4326 Domine
736 4288 755 4326 :
786 4273 1116 4326 ascensiones
1148 4273 1202 4326 in
1225 4289 1314 4326 cor
1341 4273 1482 4329 illius
1504 4273 1570 4329 “.
1597 4273 1870 4330 Habemus
1892 4283 2072 4329 autem

496 4367 663 4429 alium
705 4367 944 4422 auditum
979 4374 1033 4418 et
1067 4379 1286 4420 sensum
1323 4368 1587 4431 divinum,
1627 4369 1926 4423 secundum
1973 4367 2076 4423 Sa-

497 4457 798 4521 lomonem,
824 4459 1046 4516 verbum
1092 4458 1185 4513 Dei
1237 4461 1567 4522 audientem,
1597 4459 1807 4534 ipsique
1837 4460 2072 4514 unitum.

490 4549 566 4615 At
601 4549 688 4603 cui
719 4549 842 4602 silet
883 4550 1042 4617 Deus,
1073 4549 1404 4604 assimilatur
1432 4550 1864 4604 descendentibus
1909 4551 1963 4604 in
1989 4551 2072 4604 la-

490 4638 700 4718 cum“.
735 4637 948 4692 Nullum
980 4654 1216 4711 namque
1262 4649 1575 4694 sanctorum
1627 4641 1833 4696 scimus
1886 4641 2066 4695 lacum

489 4730 780 4796 ell'odisse:
813 4733 908 4787 sed
949 4743 1166 4801 puteum
1199 4731 1515 4798 eliodiebat,
1564 4733 1658 4802 qui
1690 4748 1829 4805 aqua
1859 4733 2069 4802 indige-

487 4825 604 4880 bat.
633 4822 884 4892 Praecipit
905 4825 1067 4882 etiam
1095 4824 1348 4879 Salomon
1398 4825 1468 4882 de
1515 4825 1692 4894 puteis
1737 4825 1949 4880 bibere.
2003 4824 2071 4878 Et

487 4913 635 4980 Deus
667 4931 764 4985 per
793 4917 1110 4986 prophetam
1145 4917 1211 4970 de
1242 4917 1364 4972 lacu
1416 4916 1729 4972 bibentibus
1763 4915 2068 4981 minitatur,

487 5006 741 5077 inquiens
765 5021 780 5060 :
817 5007 904 5063 .lIe
925 5008 1314 5079 dereliquerunt
1339 5009 1534 5078 fontem
1558 5023 1708 5077 aqua:
1735 5007 1883 5072 υἱυαι,
1917 5017 1963 5060 et
1987 5005 2067 5075 fo-

484 5101 679 5154 derunt
738 5100 840 5160 sibi
917 5100 1067 5165 lacus
1114 5101 1366 5154 contritos
1396 5099 1462 5152 δθ.
1510 5097 1856 5153 Descendunt
1905 5111 2069 5168 porro

485 5193 542 5260 in
573 5194 774 5259 lacum,
816 5194 906 5264 qui
961 5194 1187 5266 frigidas
1229 5195 1328 5248 has
1374 5190 1685 5245 matcriales
1717 5205 1805 5244 res
1838 5190 2069 5250 sollicite

485 5294 681 5340 curant
707 5302 723 5339 :
759 5285 850 5339 ubi
874 5285 1042 5340 etiam
1069 5286 1348 5350 hominum
1377 5281 1630 5338 inimicus
1659 5281 1849 5346 draco,
1886 5279 1980 5350 qui
2013 5289 2067 5334 et

484 5373 719 5446 frigidus
747 5376 1058 5431 nominatus
1085 5384 1191 5440 est,
1228 5373 1434 5430 incolit.
1466 5371 1732 5427 Omnibus
1759 5371 1907 5427 enim
1951 5371 2071 5426 ani—

487 5467 762 5522 mantibus
791 5482 911 5537 quae
941 5478 1070 5523 sunt
1124 5467 1178 5521 in
1231 5475 1398 5531 terra,
1445 5466 1611 5521 draco
1659 5464 1911 5533 frigidior
1963 5473 2066 5517 est.

485 5556 662 5613 Omne
711 5558 878 5629 igitur
931 5568 1218 5628 peccatum
1262 5558 1520 5627 frigidum
1553 5565 1674 5623 est;
1705 5556 1900 5612 divine
1938 5569 2068 5609 vero

2417 3259 2546 3336 μου
2566 3259 2652 3335 μὴ
2688 3259 3172 3333 παρασιωπήσῃς
3214 3263 3315 3315 ἀπ’
3352 3259 3519 3330 ἐμοῦ.

2244 3359 2308 3412 El
2347 3358 2446 3430 μὲν
2491 3357 2712 3426 ὲπίγειά
2750 3373 2833 3419 τις
2877 3356 3109 3408 αἰτεῖται
3144 3352 3294 3424 παρὰ
3335 3352 3490 3417 Θεοῦ,
3529 3351 3770 3425 βραχείᾳ

2173 3451 2372 3523 χρῆται
2423 3452 2609 3521 φωνῇ’
2645 3450 2693 3502 εί
2725 3448 2782 3502 δὲ
2834 3447 2903 3501 τὰ
2946 3447 3277 3518 ἐπουράνια,
3321 3443 3515 3517 κράζει
3562 3463 3623 3498 τε
3672 3444 3770 3498 καὶ

2177 3543 2297 3615 βοᾷ.
2327 3543 2487 3597 Ὅθεν
2533 3544 2590 3595 ὲν
2629 3544 2749 3605 ταῖς
2779 3541 3024 3612 Γραφαῖς
3056 3541 3106 3593 oi
3142 3539 3288 3606 ἅγιοι
3324 3539 3462 3611 πρὸς
3501 3538 3595 3592 τὸν
3633 3538 3772 3594 Θεὸν

2174 3632 2498 3705 ὲκέκραξαν.
2543 3632 2753 3703 Κράζει
2797 3631 2854 3684 δέ
2891 3648 2974 3693 τις
3015 3627 3274 3682 εἰσελθὼν
3307 3631 3387 3692 εἰς
3429 3629 3490 3682 τὸ
3521 3631 3772 3700 ταμιεῖον

2175 3721 2405 3787 ἑαυτοῦ,
2448 3723 2542 3777 καὶ
2583 3721 2804 3786 κλείσας
2847 3720 2945 3792 τὴν
2985 3719 3174 3796 θύραν.
3215 3719 3291 3774 Οὐ
3339 3721 3680 3792 παρασιωπᾷ
3714 3719 3772 3774 δὲ

2175 3820 2288 3882 τοῖς
2321 3817 2498 3886 ἁγίοις
2536 3817 2564 3869 6
2597 3815 2746 3880 Θεός.
2793 3816 3002 3876 Ἐλάλει
3048 3813 3180 3884 γοῦν
3219 3817 3427 3888 Μωσῇ,
3475 3817 3572 3870 καὶ
3635 3817 3764 3874 ’Δαο

2178 3911 2308 3983 pinv,
2352 3911 2448 3964 καὶ
2482 3909 2658 3982 Ἰησοῦ
2691 3909 2771 3980 τῷ
2801 3909 2896 3963 τοῦ
2929 3910 3108 3981 Ναυῆ.
3150 3909 3360 3963 Ἐλάλει
3391 3908 3489 3963 καὶ
3517 3909 3607 3963 διὰ
3637 3923 3780 3978 προ-

2177 3999 2386 4072 φητῶν,
2428 4001 2596 4072 ἡνίκα
2622 3996 2690 4072 ἦν
2737 4000 2766 4052 ὁ
2798 3999 2928 4064 λαὸς
2961 4000 3145 4055 αὐτοῦ.
3171 4001 3240 4053 Ἃ
3284 4000 3340 4054 δὲ
3373 4000 3527 4055 λαλεῖ
3550 4003 3579 4054 6
3603 4001 3772 4070 Θεὸς,

2176 4093 2278 4146 οὐκ
2303 4089 2504 4158 ἔξωθέν
2533 4093 2702 4156 ἐστιν,
2729 4091 2866 4146 ἀλλὰ
2894 4091 2965 4145 τὰ
2997 4092 3150 4160 ἅγια,
3184 4089 3255 4145 τὰ
3287 4091 3380 4145 ἐπὶ
3405 4093 3504 4164 τὴν
3538 4091 3772 4163 καρδίαν

2175 4183 2336 4256 ἡμῶν
2379 4180 2759 4247 ἀναϐαίνοντα,
2801 4181 2944 4236 κατὰ
2985 4182 3078 4236 τό·
3129 4180 3434 4250 Μακάριος
3484 4181 3665 4250 ἀνὴρ,
3697 4180 3771 4235 οὗ

2173 4275 2348 4330 ἐστιν
2398 4273 2724 4342 ἀντίληψις
2760 4273 2949 4328 αὐτοῦ
2995 4273 3155 4342 παρὰ
3203 4272 3342 4338 σοῦ,
3374 4274 3580 4342 Κύριε’
3625 4273 3764 4330 ἀνα-

2173 4364 2382 4433 ϐάσεις
2426 4369 2515 4432 είς
2555 4366 2672 4436 τὴν
2703 4365 2957 4437 καρδίαν
2999 4365 3206 4421 αὐτοῦ.
3239 4367 3476 4437 Ἔχομεν
3505 4366 3562 4420 δὲ
3601 4366 3771 4436 ἄλλην

2173 4458 2343 4530 ἀκοὴν
2367 4459 2462 4512 καὶ
2501 4457 2653 4512 Θείαν
2682 4458 2935 4531 αἴσθησιν
2954 4499 2969 4525 ,
3014 4457 3154 4513 κατὰ
3200 4457 3522 4530 Σολομῶντα
3543 4501 3558 4525 ,
3606 4459 3759 4528 λόγοι

2173 4547 2308 4601 Θεοῦ
2337 4546 2662 4613 ἀκούουσαν,
2703 4549 2988 4622 ἡνωμένην
3032 4547 3200 4619 αὐτῷ.
3227 4541 3297 4620 ᾯ
3341 4548 3398 4602 δὲ
3432 4553 3770 4624 παρασιωπᾷ

2175 4639 2325 4704 Θεὸς,
2366 4640 2668 4710 ὁμοιοῦται
2703 4640 2828 4708 τοῖς
2873 4641 3346 4697 καταϐαίνουσιν
3377 4643 3467 4708 εἰς
3507 4640 3769 4698 λάκκον.

2174 4735 2378 4790 Οὐδένα
2425 4735 2535 4807 γάρ
2595 4734 2703 4789 τῶν
2753 4735 2926 4803 ἁγίων
2979 4733 3139 4807 ἴσμεν
3202 4732 3404 4787 λάκκον
3459 4733 3768 4804 ὀρύξαντα·

2175 4829 2354 4900 φρέαρ
2398 4829 2455 4881 δὲ
2501 4826 2740 4899 ὤρυττεν
2772 4826 2802 4878 6
2849 4807 3100 4897 δεόμενος
3155 4825 3369 4890 ὓδατος.
3431 4826 3769 4881 Ἐντέλλεται

2176 4923 2272 4975 καὶ
2307 4924 2335 4975 6
2365 4920 2616 4992 Σολομῶν
2648 4920 2759 4974 ἀπὸ
2789 4920 3040 4992 φρεάτων
3069 4918 3264 4973 πίνειν.
3301 4918 3434 4982 Θεὸς
3461 4919 3518 4977 δὲ
3557 4919 3648 4975 διὰ
3674 4920 3768 4974 τοῦ

2175 5014 2456 5086 προφήτου
2483 5015 2596 5076 τοῖς
2641 5014 2706 5066 ὲκ
2733 5011 2952 5065 λάκκων
2985 5010 3231 5066 πίνουσιν
3268 5010 3513 5076 ἀπειλεῖ,
3549 5011 3730 5081 λέγων
3753 5030 3767 5045 ·

2189 5103 2322 5173 Ἐμὲ
2385 5103 2780 5174 ἐγκατέλιπον
2821 5101 3028 5170 πηγὴν
3089 5100 3310 5168 ὓδατος
3370 5099 3610 5168 ζῶντος,
3669 5103 3767 5158 καί

2175 5198 2415 5271 ὤρυξαν
2447 5199 2683 5266 ἑαυτοῖς
2725 5197 2998 5263 λάκκους
3043 5197 3614 5266 συντετριμμένους.
3654 5200 3757 5252 Κα

2175 5290 2488 5344 ταῦαίνουσι
2523 5290 2582 5344 δὲ
2618 5291 2700 5355 είς
2735 5289 2938 5343 λάκκον
2970 5289 3019 5348 οἱ
3050 5285 3120 5340 τὰ
3150 5285 3336 5358 ψυχρὰ
3376 5288 3476 5358 τῆς
3507 5287 3644 5360 ὕλης
3675 5307 3762 5343 πεη

2181 5379 2459 5452 ριέποντες
2498 5380 2827 5452 πράγματα·
2858 5377 2987 5433 ἔνθα
3013 5379 3108 5432 καὶ
3139 5377 3248 5431 τῶν
3273 5376 3580 5449 ἀνθρώπων
3605 5380 3636 5433 6
3669 5396 3768 5434 πο-

2175 5470 2364 5542 λέμιος
2394 5471 2632 5543 δράκων,
2658 5473 2717 5536 ὃς
2746 5471 2841 5526 καὶ
2876 5469 3083 5541 ψυχρὸς
3115 5469 3462 5541 ὠνόμασται,
3493 5474 3769 5528 κατοικεῖ.

2175 5563 2400 5618 Πάντων
2430 5565 2540 5637 γὰρ
2573 5563 2748 5629 ζώων,
2788 5563 2895 5617 τῶν
2926 5563 3021 5614 ἐπὶ
3057 5562 3197 5633 γῆς,
3232 5564 3261 5615 6
3301 5561 3522 5634 δράκων
3553 5563 3764 5636 ψυχρός

533 5695 578 5728 “
611 5697 783 5752 Exod.
813 5713 1011 5770 333m,
1044 5696 1252 5770 ‘20.4_“
1289 5695 1478 5756 Matth.
1517 5713 1668 5763 xvut,
1697 5697 1785 5753 i0.
1859 5697 1906 5729 δ’
1930 5695 2067 5752 Zach

2180 5740 2186 5762 .
2219 5701 2274 5755 8.
2337 5699 2582 5770 “Apoc.
2609 5716 2691 5768 ut,
2715 5700 2801 5754 14.
2877 5697 3339 5767 “Psal.1.sxxm,
3367 5697 3422 5754 6.
3497 5698 3764 5756 “Psalm.

489 5780 655 5832 xxv",
691 5776 744 5824 1.
818 5765 866 5797 ⁸⁸
892 5767 1006 5820 Jer.
1049 5783 1108 5830 ll,
1147 5767 1232 5819 l5.

558 5837 670 5903 (58)
697 5834 1050 5903 Confertom.
1087 5835 1176 5889 XII
1212 5835 1340 5891 ibid.

559 5903 673 5978 (59)
701 5905 936 5984 Didymi.
973 5903 1242 5983 Origenis.

2248 5838 2359 5914 (ιςιι)
2393 5839 2637 5916 Origen.,
2671 5832 3235 5904 Euscb.,Théodoret,
