4004 6518
319 475 415 533 “7

1479 470 1850 540 EXCERPTA
1883 473 1951 530 ΙΝ
1991 471 2326 529 PSALMOS.

3454 475 3563 530 H8

314 613 481 668 τερος.
528 598 686 656 Πᾶσα
725 593 819 656 οῦν
861 600 1108 673 ἁμαρτία
1147 600 1357 674 ψυχρά·
1410 600 1478 654 τὰ
1522 599 1581 654 δὲ
1625 600 1775 661 θεῖα,
1819 597 1872 650 ὡς

2001 611 2106 662 res,
2135 604 2192 650 ιιι
2217 611 2314 666 par
2335 603 2438 658 est,
2475 591 2662 649 calidae
2689 599 2838 648 sunt.
2874 591 2978 658 Qui
3027 590 3153 661 facit
3194 591 3406 662 angelos
3439 607 3562 646 suos

307 686 470 756 lente,
504 691 701 763 θερμά.
739 691 792 744 Ὀ
820 692 1006 747 ποιῶν
1026 692 1170 759 τοὺς
1193 691 1486 762 ἀγγέλους
1513 689 1700 745 αὐτοῦ
1721 688 1892 742 πνεύ-

302 795 492 848 ματα,
523 783 622 836 καὶ
651 782 795 850 τοὺς
822 783 1205 853 λειτουργοὺς
1236 781 1423 838 αὐτοῦ
1455 782 1645 851 πυρὸς
1670 782 1886 852 φλόγα.

306 868 583 941 Καὶ,πῦρ
636 867 826 942 ἦλθον
853 873 1074 940 βαλεῖν
1123 874 1223 928 ἐπὶ
1267 874 1384 942 τὴν
1442 873 1594 943 ¹ιοῆνο
1630 874 1760 937 καὶ,
1808 873 1890 940 τῷ

305 963 601 1032 πνεύματι
645 961 895 1033 ζέοντες.
927 967 1048 1020 Ὅτι
1085 967 1143 1021 δὲ
1167 967 1218 1020 ol
1247 966 1561 1038 ἁμαρτωλοὶ
1585 965 1738 1038 παρὰ
1765 965 1890 1020 λάκ-

305 1069 418 1117 κοις
446 1056 607 1120 εἰσὶν,
630 1057 689 1109 ὲν
715 1059 783 1128 τῇ
821 1057 1016 1129 Ἐξόδῳ
1059 1058 1252 1130 φησιν’
1286 1058 1650 1114 Ἀπέκτεινεν
1676 1061 1710 1113 ὀ
1745 1059 1888 1125 Θεὸς

301 1143 422 1201 ἀπὸ
457 1146 783 1215 προσώπου
811 1149 1040 1218 Φαραὼ,
1083 1150 1153 1217 ὃς
1182 1149 1431 1218 κάθηται
1469 1149 1570 1204 ἐπὶ
1611 1149 1718 1204 τοῦ
1755 1153 1886 1219 θρό-

298 1252 434 1300 νου,
467 1237 580 1304 ἕως
610 1241 983 1307 πρωτοτόκου
1014 1239 1127 1310 τῆς
1156 1243 1624 1313 αἰχμαλωτίδος,
1666 1240 1774 1310 τῆς
1816 1243 1886 1296 ἐν

297 1325 528 1392 λάκκῳ.
573 1329 758 1394 Οὕτως
791 1333 839 1385 οί
881 1333 1299 1397 καταϐαίνοντες
1331 1335 1412 1397 εἰς
1459 1333 1660 1389 λάκκον
1703 1335 1884 1406 ἁμαρ-

293 1421 458 1474 τωλοί
491 1424 631 1477 εἰσιν
665 1425 761 1478 καὶ
793 1426 1146 1496 αἰχμάλωτοι.
1184 1427 1320 1480 Ἀλλ’
1345 1430 1374 1481 ὁ
1398 1427 1602 1497 ἀγαθὸς
1628 1428 1760 1492 Θεὸς
1790 1429 1885 1484 καὶ

293 1511 522 1578 τούτους
579 1515 762 1582 καλεῖ,
814 1519 910 1571 καὶ
953 1518 1165 1573 δίδωσιν
1219 1519 1433 1589 ἄφεσιν.
1471 1520 1715 1590 Πνεῦμα
1773 1521 1882 1592 γὰρ

291 1605 524 1673 Κυρίου
553 1607 648 1660 ἐπ’
681 1608 808 1677 ἐμὲ,
837 1605 911 1667 οὗ
956 1610 1166 1665 ἕνεκεν
1210 1610 1420 1680 ἐχρισέ
1456 1629 1534 1682 με
1572 1615 1881 1684 εὐαγγελί-

291 1701 520 1752 σασθαι
559 1703 835 1770 πτωχοῖς.
884 1703 1248 1758 Ἁπέσταλκέ
1265 1721 1343 1774 με
1372 1705 1627 1773 κηρύξαι
1667 1707 1877 1776 αὶχμα-

291 1787 510 1858 λὼτοις
545 1790 784 1859 ἄφεσιν,
815 1793 916 1848 καὶ
959 1795 1209 1864 τυφλοῖς
1243 1795 1598 1866 ἀνάϐλεψιν.

292 1879 442 1951 Στίχ.
471 1880 538 1950 β’.
564 1881 1203 1966 βίσάκουσσν,,Κύριε,
1233 1886 1343 1955 τῆς
1369 1906 1412 1957 ερ
1512 1887 1576 1955 ’ς
1605 1886 1714 1954 τῆς
1743 1887 1879 1958 δεή-

466 1967 623 2012 σεως
642 1971 783 2012 μου.
820 1955 890 2008 ἐν
923 1973 1003 2012 τω
1039 1955 1284 2012 δέεσθαι
1327 1905 1576 2012 nemo
1613 1958 1707 2012 σέ.

466 1955 623 2018 σεώς
641 1971 783 2021 μου,
820 1955 890 2008 ἐν
923 1955 1003 2021 τῷ
1039 1955 1284 2012 δέεσθαι
1427 1975 1506 2027 πρ

357 2039 475 2111 (61)
503 2036 598 2107 Οἷς
623 2043 702 2098 ἔτι
734 2045 873 2100 ἐνδεῖ
902 2063 1042 2111 τινα,
1067 2049 1269 2105 τούτων
1297 2050 1444 2104 ἐστὶν
1469 2051 1503 2123 ἡ
1528 2051 1728 2122 δέησις.
1753 2051 1880 2104 Ὅτε

285 2131 362 2198 δὲ,
388 2134 454 2186 τὸ
480 2134 698 2208 ἀξίωμα
729 2138 822 2192 τοῦ
853 2139 989 2194 Θεοῦ
1021 2143 1243 2214 νοήσας,
1279 2143 1416 2196 αἰτῶ
1448 2161 1499 2197 τι
1541 2143 1692 2215 παρὰ
1722 2142 1876 2208 Θεοῦ,

283 2224 407 2278 τότε
439 2229 837 2301 προσεύχομαι.
865 2233 994 2286 Ὅτε
1018 2234 1074 2287 δὲ
1100 2235 1252 2304 φίλος
1285 2236 1378 2288 ἐπὶ
1425 2235 1585 2289 πλέον
1613 2234 1876 2306 γένωμαι,

282 2317 406 2370 τότε
441 2319 750 2392 εὐχαριστῶ
781 2323 858 2394 τῷ
891 2325 1028 2397 Θεῷ.
1065 2327 1218 2380 Ἐπεὶ
1247 2329 1341 2381 καὶ
1369 2328 1600 2392 Παῦλος,
1633 2325 1741 2382 ἀπὸ
1771 2326 1879 2382 τῶν

282 2410 530 2480 ἡττόνων
559 2413 651 2468 ἐπὶ
680 2414 746 2468 τὰ
777 2417 948 2486 μείζω
979 2419 1310 2487 προϐαίνων,
1345 2421 1510 2490 φησί’
1541 2417 1878 2488 Παρακαλῶ

283 2501 524 2569 πρῶτον
563 2505 805 2562 πάντων
853 2510 1151 2568 ποιεῖσθαι
1201 2511 1463 2580 δεήσεις,
1498 2511 1874 2582 προσευχὰς,

280 2592 608 2662 ἐντεύξεις,
640 2599 1049 2667 εὐχαριστίας.

281 2681 434 2754 Στίχ.
465 2686 532 2756 β’.
579 2689 676 2741 Ἐν
704 2687 784 2755 τῷ
815 2691 1114 2816 αἴρεινόμε
1161 2689 1364 2760 χεῖράς
1390 2709 1510 2761 μου
1542 2690 1693 2759 πρὸς
1727 2693 1876 2748 ναὸν

914 2780 1010 2816 αισι
1049 2780 1086 2815 ν
1118 2777 1252 2816 σου.

914 2777 1086 2831 αγιον
1118 2777 1252 2817 σου.

359 2843 757 2917 Ἐπαιρόμεναι
792 2853 971 2923 χεῖρες
1011 2851 1148 2922 πρὸς
1193 2849 1419 2922 πράξεις
1468 2850 1766 2918 θεοσεϐεῖς,
1817 2855 1875 2910 ἐν

277 2935 499 3007 οὐρανῷ
555 2939 1014 3014 θησαυριςόμεναί
1074 2946 1214 2998 εἰσι·
1250 2945 1316 2998 δι’
1348 2938 1423 2998 ὧν
1473 2947 1599 3016 νικᾷ
1645 2964 1729 3009 τις
1783 2947 1874 3002 τὸν

277 3028 475 3099 νοητὸν
512 3031 790 3105 Ἀμαλήκ·
855 3035 933 3100 ὡς
974 3040 1003 3091 ὁ
1047 3038 1283 3110 Μωσῆς,
1328 3039 1491 3110 ἡνίκα
1539 3039 1636 3103 τὰς
1685 3043 1873 3112 χεῖρας

276 3118 568 3190 ἀνέφερεν,
599 3124 628 3176 ό
656 3125 785 3190 λαὸς
816 3127 974 3181 ὲνίκα
994 3145 1008 3158 ·
1034 3129 1123 3182 ὅτε
1155 3129 1213 3182 δὲ
1245 3129 1515 3193 κατέσπα,
1544 3131 1573 3182 ό
1605 3131 1869 3202 Ἀμαλήκ.

275 3211 366 3283 Μὴ
419 3215 843 3288 κατενέγκωμεν
887 3215 979 3274 οὖν
1024 3221 1126 3286 τὰς
1160 3224 1370 3294 χεῖρας,
1409 3221 1533 3275 ἐπεὶ
1579 3220 1870 3294 νικηθησό-

277 3303 448 3373 μεθα.

271 3393 430 3466 Στῐχ.
451 3394 514 3450 ε’.
545 3395 665 3474 Ὅιτι
688 3397 768 3474 ,οὺ
796 3397 1190 3474 συνῆκαν-είς
1219 3399 1291 3453 τὰ
1319 3401 1463 3474 ἔργα
1498 3404 1604 3458 τοῦ
1628 3407 1867 3474 Κυρίου,

522 3466 621 3519 καὶ
651 3468 738 3532 εἰς
765 3465 839 3520 τὰ
866 3467 1010 3537 ἔργα
1036 3468 1155 3522 τῶν
1181 3465 1407 3540 χειρῶν
1424 3474 1632 3529 αὑτοῦ.

339 3555 542 3620 Οὐδεὶς
569 3558 677 3629 γὰρ
701 3557 1008 3630 ἄμεμπτος,
1049 3561 1108 3614 οὺ
1139 3563 1338 3633 νοήσας
1366 3564 1436 3618 τὰ
1471 3564 1607 3636 ἔργα
1639 3567 1866 3638 Κυρίου.

273 3649 537 3718 Ποίησιν
567 3651 678 3719 γὰρ
731 3650 945 3720 χειρῶν
998 3652 1186 3707 αὑτοῦ
1236 3655 1590 3726 ἀναγγέλλει
1619 3659 1687 3712 τὸ
1733 3677 1870 3715 στε-

264 3742 490 3813 ρέωμα.
541 3742 733 3796 Δίδωσι
781 3743 891 3815 γὰρ
933 3745 1214 3814 ἀναλόγως
1248 3747 1308 3800 τὸ
1351 3748 1550 3803 τούτου
1595 3750 1867 3825 θεωρῆσαι

271 3836 640 3907 Δημιουργόν.

487 3927 638 3999 Στίχ.
668 3927 734 3994 ζ’.
769 3927 878 3981 Kal
909 3927 1207 3984 ἁνέθαλεν
1247 3931 1286 3999 ή
1316 3932 1475 4001 σάρξ
1511 3952 1649 4004 μου.

333 4018 478 4072 Ποία
511 4020 570 4074 δὲ
615 4019 752 4092 σὰρξ
794 4020 1086 4086 ἀνέθαλενς
1119 4024 1362 4092 "Op-stat
1395 4026 1566 4081 πᾶσα
1607 4028 1766 4098 σὰρξ
1799 4033 1864 4087 τὸ

266 4110 574 4181 σωτήριον
599 4113 706 4169 τοῦ
743 4113 913 4169 Θεοῦ.

893 4207 1061 4261 ΨΑΛ.
1102 4208 1239 4275 Acr.

334 4293 524 4372 Στίχ.Δ
542 4301 649 4372 αὶ,
674 4293 772 4372 μὴ
825 4295 1167 4372 παραζηλου
1220 4299 1290 4351 ἐν
1326 4301 1859 4372 πονηρευομένοις,

391 4362 559 4434 meo}
588 4362 770 4430 ζήλου
800 4362 943 4433 τοὺς
967 4369 1292 4435 ποιοῦντας
1319 4369 1432 4438 τὴν
1457 4362 1730 4441 ἆνομῖαν.

333 4455 598 4527 Διαφέρει
629 4457 689 4509 τὸ
719 4456 914 4529 ζηλοῦν
943 4459 1038 4512 καὶ
1073 4459 1439 4530 παραζηλοῦν.
1473 4461 1862 4532 Παραζηλοῦν

267 4547 364 4619 μὲν
400 4549 513 4621 γὰρ
543 4549 762 4617 λέγεται
806 4550 867 4603 τὸ
908 4551 1198 4623 ἐρεθίζειν,
1237 4553 1330 4605 καὶ
1371 4556 1541 4607 κινεῖν
1578 4555 1657 4619 εἰς
1697 4556 1858 4628 ζηλο-

1544 1979 1576 2025 ς
1613 1958 1707 2014 σέ.
1911 1973 1954 2028 Β

1995 690 2232 758 spiritus,
2275 698 2324 743 et
2365 688 2784 755 ministros,suos
2817 688 2949 757 ignis
2986 687 3254 756 ﬂammam
3284 685 3352 739 ⁸⁷.
3389 684 3563 754 Εῐνὶς-

1995 797 2114 834 nem
2151 781 2266 834 ueni
2281 779 2456 849 jacere
2479 781 2533 833 in
2560 791 2752 832 terram
2768 778 2836 833 “.
2867 777 2951 842 Et,
2979 779 3169 848 spiritu
3198 777 3450 847 ferventes
3491 773 3560 830 “.

1993 873 2148 941 Quod
2189 882 2370 927 autem
2400 882 2719 940 peccatores
2745 872 2884 940 apud
2914 872 3064 926 lacus
3097 869 3227 936 sint,
3281 869 3336 922 in
3373 866 3563 922 Exodo

1995 962 2127 1019 dicit
2157 981 2171 1018 :
2216 963 2420 1019 Occidit
2447 963 2586 1018 Deus
2623 979 2655 1016 a
2684 961 2820 1032 facie
2851 961 3181 1027 Pharaonis,
3212 960 3302 1032 qui
3327 959 3468 1014 sedet
3505 959 3562 1012 in

1994 1056 2202 1121 throno,
2237 1074 2400 1128 usque
2431 1058 2499 1111 ad
2529 1057 2932 1127 primogenitum
2964 1056 3201 1124 captiua,
3222 1071 3337 1124 quae
3366 1061 3479 1107 erat
3503 1053 3563 1105 in

1992 1147 2112 1203 lucu
2131 1149 2198 1204 '°.
2229 1149 2321 1205 Sic
2367 1150 2460 1220 qui
2510 1150 2841 1206 descendunt
2884 1146 2938 1200 in
2985 1147 3187 1213 lacum,
3247 1155 3562 1216 peccatores

1991 1252 2118 1297 sunt
2150 1252 2206 1298 et
2231 1242 2452 1313 captivi.
2479 1241 2585 1298 Sed
2613 1243 2788 1298 bonus
2818 1244 2960 1298 Deus
2993 1240 3092 1296 hos
3125 1253 3339 1309 quoque
3379 1245 3558 1304 vocat,

1990 1335 2177 1405 eisque
2204 1337 2418 1390 veniam
2447 1335 2712 1406 indulget.
2743 1337 2974 1406 Spiritus
3001 1334 3137 1390 enim
3171 1331 3385 1386 Domini
3407 1344 3562 1398 super

1987 1443 2090 1490 me,
2127 1427 2280 1498 cujus
2322 1443 2483 1482 causa
2514 1430 2663 1484 unxit
2719 1445 2798 1484 me
2826 1426 3182 1498 evangeliaare
3222 1423 3560 1494 pauperibus.

1991 1518 2142 1574 Misit
2169 1535 2250 1572 me
2271 1520 2561 1590 prtedicare
2585 1521 2803 1590 captivis
2826 1519 3207 1582 dimissionem,
3237 1526 3287 1570 et
3314 1515 3466 1570 crucis
3487 1513 3561 1574 οἱ·

1985 1875 2050 1933 γ.
2081 1875 2136 1933 2.
2166 1875 2406 1945 Exaudi,
2438 1877 2678 1943 Domine,
2710 1895 2883 1934 vocem
2933 1877 3189 1933 orationis
3232 1891 3383 1941 mea,
3431 1876 3558 1930 dum

2565 1965 2658 2019 ego
2687 1965 2779 2004 oro
2806 1950 2874 2003 ad
2901 1958 2972 2004 te.

2058 2040 2265 2110 Quibus
2291 2041 2468 2097 adhuc
2495 2041 2773 2112 quidpiam
2797 2041 2970 2106 deest,
3014 2041 3209 2096 horum
3240 2051 3327 2096 est
3357 2038 3552 2095 oratio.

1987 2129 2120 2186 Cum
2161 2145 2291 2188 vero
2324 2131 2416 2187 Dei
2447 2133 2786 2201 maiestatem
2830 2133 3164 2202 recogitans,
3215 2130 3430 2201 postulo
3459 2128 3558 2183 ali-

1985 2223 2113 2294 quid
2142 2239 2171 2278 a
2200 2224 2333 2289 Deo,
2375 2232 2501 2278 tunc
2549 2224 2832 2293 deprecor.
2874 2223 3098 2290 Quando
3154 2221 3326 2292 magis
3360 2219 3560 2291 magis-

1985 2329 2090 2386 que
2118 2316 2325 2371 amicus
2355 2314 2425 2370 llo
2450 2353 2464 2380 ,
2503 2323 2632 2370 tunc
2662 2315 2867 2384 gratias
2899 2329 2999 2385 ago
3030 2313 3161 2368 Deo.
3214 2313 3352 2380 Quia
3389 2313 3556 2368 etiam

1982 2404 2180 2462 Paulus
2209 2421 2238 2460 a
2275 2407 2578 2463 minoribus
2599 2406 2665 2461 ad
2693 2406 2895 2476 majora
2923 2407 3240 2476 procedens,
3275 2405 3384 2459 ait:
3408 2403 3554 2457 lior-

1984 2507 2068 2552 tor
2097 2499 2324 2564 primum
2355 2499 2588 2552 omnium
2635 2498 2754 2567 ﬁeri
2807 2498 3094 2564 orationes,
3141 2496 3554 2565 deprecationes,

1982 2589 2417 2658 supplicationes,
2441 2590 2738 2660 gratiarum
2761 2591 2991 2644 actiones
3025 2589 3091 2643 ".

1982 2683 2050 2738 γ.
2085 2682 2142 2736 2.
2177 2680 2315 2735 Dum
2343 2681 2470 2736 tollo
2497 2698 2698 2806 manus!
2720 2697 2866 2736 meas
2909 2682 2977 2736 ad
3020 2679 3271 2751 templum
3311 2689 3555 2736 sanctum

2707 2769 2848 2806 uum.

2707 2769 2848 2806 uum.

2053 2841 2292 2898 Sublata:
2328 2859 2519 2900 manus
2546 2845 2614 2898 ad
2641 2843 2887 2899 actiones
2917 2844 3221 2915 religiosas,
3256 2845 3309 2899 in
3335 2846 3557 2900 thesau-

1979 2935 2057 2990 ris
2081 2935 2392 2992 cmlestibus
2447 2936 2742 2993 reconditae
2788 2947 2954 3003 sunt;
3009 2953 3104 3008 per
3155 2953 3292 3007 quas
3336 2946 3558 3008 superat

1979 3030 2100 3100 quis
2139 3028 2559 3085 intellectualem
2598 3029 2861 3084 Amalec:
2894 3032 3037 3084 sicut
3071 3029 3300 3100 Moyses,
3338 3030 3558 3101 quando

1977 3135 2171 3175 manus
2200 3121 2544 3188 sustollebat,
2570 3120 2824 3176 vincebat
2855 3123 3088 3192 populus
3117 3142 3132 3190 ;
3174 3123 3389 3190 quando
3422 3135 3554 3177 vero

1979 3213 2311 3277 dimittebat,
2349 3211 2688 3268 Amalecitai.
2737 3212 2815 3268 Ne
2859 3213 3199 3269 dimittamus
3240 3215 3408 3284 igitur
3441 3228 3555 3268 ma~

1901 3321 1943 3378 ε
1979 3321 2100 3370 nus,
2135 3305 2260 3376 quia
2295 3306 2601 3362 vincemur.

1984 3396 2040 3456 V.
2067 3397 2122 3452 5.
2156 3396 2432 3482 Quoniam
2466 3413 2573 3479 non
2602 3397 2971 3452 intellexerunt
3006 3399 3067 3482 in
3108 3414 3270 3466 opera
3312 3397 3552 3464 Domini,

2385 3478 2433 3522 et
2465 3478 2522 3521 in
2549 3484 2706 3536 opera
2735 3485 2988 3522 manuum
3013 3478 3150 3530 eius.

2046 3560 2216 3616 Nemo
2239 3561 2384 3615 enim
2413 3560 2743 3630 inculpatus,
2781 3562 2870 3630 qui
2907 3577 3011 3616 non
3051 3562 3358 3616 considerat
3387 3573 3552 3630 opera

1976 3653 2212 3710 Domini.
2253 3653 2398 3719 Opus
2437 3655 2576 3708 enim
2603 3671 2857 3709 manuum
2890 3654 3003 3724 ejus
3041 3656 3328 3709 annuntiat
3361 3654 3551 3723 ﬁrma-

1975 3756 2208 3800 mentum
2238 3747 2309 3799 ".
2349 3746 2563 3800 'l‘ribuit
2591 3746 2734 3802 enim
2765 3755 2823 3801 ut
2867 3761 2990 3802 cum
3016 3747 3370 3818 proportione
3417 3763 3551 3803 con-

1976 3839 2298 3908 templemur
2312 3839 2430 3908 ejus
2445 3838 2813 3894 Conditorem.

2352 3929 2411 3983 V.
2441 3929 2494 3982 7.
2525 3927 2594 3984 Ει
2620 3930 2856 4000 reﬂoruit
2889 3947 3013 3985 caro
3045 3948 3182 3985 mea.

2043 4020 2298 4085 Quaenam
2330 4035 2462 4074 vero
2493 4036 2621 4076 caro
2655 4021 2942 4079 reﬂoruit?
2985 4021 3193 4076 Videbit
3224 4023 3391 4077 omnis
3425 4037 3549 4076 caro

1971 4113 2202 4168 salutare
2228 4112 2326 4180 Dei
2353 4112 2418 4164 “.

2524 4159 2724 4268 Ῥδιιι..
2756 4203 3000 4260 XXXVI.

1972 4294 2036 4350 ν.
2062 4295 2114 4348 1.
2144 4294 2227 4350 Ne
2256 4293 2534 4376 exstimula
2561 4296 2616 4376 in
2643 4293 3081 4376 ntalignantibus,
3112 4308 3276 4362 neque
3314 4292 3428 4347 zela
3459 4293 3547 4360 [a-

2460 4374 2652 4418 cientes
2702 4374 3050 4432 ttttquttatem.

2040 4457 2306 4514 Dill‘erunt
2332 4457 2512 4512 zelare
2534 4465 2588 4512 et
2607 4456 2984 4512 exstimulare.
3027 4440 3382 4511 Exslimulare
3401 4457 3548 4512 enim

1969 4555 2193 4623 perinde
2221 4562 2307 4608 est
2335 4563 2500 4620 atque
2524 4552 2763 4616 irritare,
2787 4561 2843 4605 et
2866 4567 3083 4608 movere
3110 4552 3178 4606 ad
3201 4551 3546 4622 zelotypiam,

261 4641 486 4706 τυπίαν,
526 4641 713 4694 ὁποῖον
745 4642 807 4694 τό
827 4659 842 4674 ο
879 4644 1062 4700 Αὐτοὶ
1105 4644 1535 4713 παρεζήλωσάν
1557 4664 1635 4717 με
1663 4647 1756 4701 ἐπ’
1787 4651 1859 4704 οὐ

1986 4646 2272 4716 :ujusmodi
2297 4654 2384 4700 est
2410 4643 2540 4698 illud
2567 4659 2581 4697 :
2608 4643 2720 4708 Ipsi
2745 4643 3214 4698 exstimulauerunt
3242 4660 3327 4698 me
3360 4645 3416 4696 in
3445 4659 3548 4696 non

265 4733 421 4799 Θεῷ·
469 4733 752 4788 τουτέστιν
796 4736 1052 4806 ἐκίνησαν
1095 4739 1152 4790 ὲν
1197 4739 1320 4808 ἐμοὶ
1369 4739 1552 4809 ζῆλον,
1603 4741 1698 4793 καὶ
1743 4736 1854 4795 οἷον

1986 4737 2076 4792 Deo
2100 4738 2168 4804 ⁸⁸,
2205 4737 2257 4792 id
2283 4747 2385 4803 est,
2413 4746 2829 4791 commoverunt
2855 4735 2906 4789 in
2940 4750 3025 4790 me
3052 4735 3252 4802 zelum,
3283 4736 3550 4804 quasique

262 4825 342 4888 εἰς
384 4828 563 4898 ὀργήν
618 4844 686 4897 με
734 4827 995 4898 ἠρέθισαν
1041 4829 1566 4902 εἰδωλολατροῦντες.
1615 4834 1856 4901 Ζηλοῡν

1986 4831 2030 4884 ιιι
2068 4831 2405 4885 iracundiam
2442 4847 2528 4885 me
2563 4829 2922 4884 irritaverunt
2951 4828 3065 4882 suis
3100 4827 3367 4885 idolorum
3391 4827 3548 4882 culti-

263 4914 319 4966 δέ
351 4917 508 4968 ἐστιν
540 4915 600 4968 τὸ
635 4916 919 4986 βούλεσθαι
945 4919 1036 4970 καὶ
1069 4918 1245 4989 ἑαυτῷ
1281 4921 1568 4992 ὑπάρχειν,
1597 4921 1626 4974 ὃ
1663 4925 1856 4993 παρεῖ-

261 5022 349 5058 ναι
394 5005 477 5077 τῷ
534 5007 706 5072 πέλας
752 5010 1034 5080 νενόμικεν
1077 5011 1302 5078 ἀγαθόν.
1343 5011 1513 5065 Τοῦτο
1544 5009 1636 5066 οὖν
1677 5013 1852 5083 λέγει’

262 5098 418 5170 Μήτε
460 5099 650 5170 ἕτερον
698 5102 908 5173 ἐρέθιζε
955 5104 1388 5175 πονηρευόμενον
1434 5106 1570 5176 πρὸς
1615 5106 1678 5158 τὸ
1722 5109 1855 5161 ἀνα-

265 5192 454 5263 στῆναι
479 5192 644 5245 αὑτὸν
673 5193 814 5246 κατὰ
841 5195 956 5249 σοῦ.
985 5197 1210 5264 Ἥγουν,
1236 5197 1328 5268 Μὴ
1355 5198 1584 5270 ποιήσῃς
1611 5199 1854 5265 τοιαῦτα,

264 5283 337 5348 ὡς
366 5286 457 5338 τὸν
496 5287 732 5358 πονηρὸν
761 5287 919 5359 ζῆλον
955 5288 1136 5342 λαϐεῖν
1160 5291 1299 5344 κατὰ
1338 5289 1456 5355 σοῦ,
1487 5292 1608 5344 ἐπεὶ
1637 5293 1858 5346 ἐπιϐου-

272 5376 406 5430 ιεύει
463 5395 565 5430 σοι.
619 5373 778 5434 Οἷον·
829 5381 892 5433 Εἰ
954 5381 1095 5452 μετὰ
1147 5381 1370 5455 γνώμης
1417 5381 1510 5436 τοῦ
1541 5383 1704 5438 Δαϐὶδ
1756 5385 1853 5438 τὸν

1963 4921 2087 4978 bus.
2122 4919 2310 4974 Zelare
2333 4935 2462 4975 vero
2492 4930 2578 4974 est
2610 4917 2747 4975 velle
2775 4918 2977 4974 habere
3006 4920 3232 4980 bonum,
3251 4917 3392 4986 quod
3422 4931 3547 4985 pro-

1967 5011 2171 5064 ximum
2207 5011 2410 5066 habere
2455 5013 2582 5080 quis
2612 5012 2914 5067 existimat.
2957 5010 3164 5065 Sensus
3207 5010 3388 5079 itaque
3420 5017 3542 5060 est:

1967 5099 2045 5156 Ne
2070 5101 2234 5154 alium
2269 5102 2452 5160 irrites
2478 5103 2888 5172 malignantem,
2914 5116 3022 5172 quo
3068 5102 3314 5168 insurgat
3347 5106 3546 5152 contra

1966 5205 2036 5248 te.
2074 5194 2192 5260 Vel,
2227 5196 2308 5250 Ne
2339 5194 2540 5251 feceris
2564 5197 2716 5261 talia,
2756 5206 2812 5248 ut
2846 5195 3048 5248 malum
3073 5192 3246 5247 zelum
3282 5191 3548 5245 adversus

1965 5299 2016 5344 te
2047 5289 2300 5358 accipiat,
2331 5289 2771 5359 quandoquidem
2803 5289 2896 5342 tibi
2922 5286 3148 5342 insidias
3173 5283 3540 5339 struit.Puta:

1965 5383 2020 5437 Si
2055 5399 2122 5437 ex
2166 5383 2435 5438 sententia
2495 5382 2716 5437 Davidis
2765 5383 3026 5449 hymnum
3059 5379 3317 5434 dicebant
3351 5379 3544 5450 puella:

266 5465 431 5538 ὕμνον
479 5470 670 5538 ἔλεγον
703 5473 760 5524 αἱ
809 5472 1069 5538 νεάνιδες,
1114 5475 1194 5538 τὸ,
1244 5475 1579 5540 Ἐπὰταξεν
1615 5479 1648 5530 ό
1681 5477 1860 5531 Δαϐὶδ

1987 5476 2138 5540 llum,
2181 5472 2451 5529 Percussit
2499 5473 2670 5527 David
2703 5475 2756 5527 in
2790 5474 2966 5526 decem
3017 5471 3252 5524 millibus
3297 5471 3414 5543 ejus
3449 5472 3538 5536 ³⁶;

261 5559 329 5612 ὲν
350 5561 649 5630 μυριάσιν
677 5565 864 5619 αὐτοῦ
883 5583 896 5595 ·
935 5566 1096 5630 αὐτὸς
1125 5563 1194 5639 ἦν
1233 5571 1262 5622 ὁ
1294 5569 1625 5640 παραζηλῶν
1659 5571 1716 5622 ὲν
1763 5587 1858 5624 πο-

264 5653 682 5723 νηρευομένοις.
721 5655 800 5728 τῷ
829 5658 1020 5713 Σαούλ.
1067 5661 1223 5733 Μήτε
1258 5661 1418 5716 πάλιν
1465 5661 1632 5733 μιμοῦ
1677 5661 1710 5734 ἢ
1756 5681 1860 5733 μα-

334 5748 377 5822 ξ⁷
405 5747 569 5822 Hebr.
602 5764 640 5813 ι,
671 5751 723 5806 7.
835 5752 883 5786 ⁸⁸
909 5753 1041 5811 Luc.
1078 5771 1176 5822 xu.
1208 5757 1298 5814 49.

267 5817 475 5873 "Psal.
533 5834 691 5888 xvm,
731 5824 788 5882 2.

338 5959 451 6030 (61)
482 5957 632 6031 Orig.
676 5969 729 6014 et
755 5957 1084 6016 Theodoret.

1402 5757 1449 5790 ‘9
1482 5757 1636 5815 Rom.
1661 5774 1758 5826 xu,
1787 5759 1872 5812 ll.

862 5823 910 5856 "‘
934 5824 1066 5883 Luc.
1105 5843 1187 5895 ιιι,
1236 5831 1292 5884 6.
1367 5830 1414 5862 ⁵⁵
1448 5829 1603 5886 Deut.
1638 5823 1814 5897 xxxii,
1858 5829 1949 5883 2!.
2030 5829 2076 5861 "
2117 5828 2134 5882 ι
2180 5824 2311 5896 Reg.
2341 5841 2494 5890 xvm,
2533 5825 2587 5878 '7.

1966 5569 2197 5637 ipsemet
2225 5575 2344 5620 erat
2369 5565 2755 5622 exstimulator
2785 5565 2837 5618 in
2877 5562 3327 5632 malignantibus,
3374 5559 3543 5617 Saulo

1968 5674 2178 5730 nempe.
2212 5657 2320 5714 Nec
2356 5672 2546 5717 rursus
2570 5657 2788 5710 imitare
2823 5655 2906 5710 vel
2941 5657 3131 5710 beatos
3161 5656 3422 5724 przedices
3445 5657 3544 5709 hu-

1978 5757 2023 5790 ”
2050 5754 2220 5817 Exod.
2243 5770 2342 5819 xu,
2383 5755 2473 5810 29.
2585 5753 2629 5786 "
2663 5753 2783 5810 lsai.
2820 5769 2933 5822 th,
2964 5755 3015 5810 l.
3092 5755 3138 5786 "
3170 5754 3186 5808 Ι
3218 5753 3362 5810 Tim.
3400 5771 3460 5821 ιι,
3487 5756 3536 5809 1.
