4016 6522
496 459 598 517 H9

1339 454 1902 513 SUPPLEMENTUM
1935 456 2025 512 an
2055 452 2380 511 ORlGENlS
2417 422 2825 509 EXEGETICA.

3634 454 3734 511 120

486 578 746 650 jusmodi,
778 577 964 635 felices
989 593 1083 633 eos
1103 578 1313 633 videns.
1348 577 1645 649 Parumper
1672 581 1814 635 enim
1854 579 2052 635 ﬂoren-

2165 577 2346 650 ιιάριξε
2372 576 2502 640 τοὺς
2532 574 2825 640 τοιούτους,
2861 574 3221 646 εὐθηνοῦντας
3250 572 3412 645 ὀρῶν.
3444 556 3589 646 Πρὸς
3621 575 3731 628 ὀλί-

492 682 595 737 tes,
632 686 759 725 mox
783 681 1057 725 arescunt.
1088 667 1272 722 Omnis
1292 670 1430 727 enim
1451 687 1595 736 caro,
1626 670 1802 741 fenum
1828 672 1894 725 ⁵⁷.
1921 670 2058 738 Quid

488 776 618 833 ergo
646 762 937 818 zelatorem
977 760 1200 828 habent,
1232 762 1326 831 qui
1358 762 1426 818 ad
1464 763 1629 819 breve
1655 764 1875 834 aliquod
1914 774 2055 818 tem-

488 868 589 924 pus
615 862 926 919 vernantes,
957 867 1082 908 cras
1140 852 1192 907 in
1235 851 1508 908 clibanum
1552 853 1881 910 mittuntur?
1920 854 2059 908 sicut

489 945 620 999 dicit
652 943 921 1001 Salvator.
983 942 1169 1014 Neque
1220 948 1365 1001 enim
1418 946 1503 1002 fas
1542 955 1625 1002 est
1663 946 1843 1002 dicere
1892 960 2059 1000 trinu-

488 1036 701 1093 landam
729 1052 851 1093 esse
880 1037 1182 1095 volentibus
1214 1040 1374 1110 digne
1398 1040 1603 1106 vivere,
1626 1047 2055 1095 momentaneam

486 1129 899 1202 malignantium
930 1132 1267 1192 felicitatem.
1305 1133 1443 1200 Quin
1471 1133 1654 1202 potius
1700 1131 2055 1187 consideran-

488 1224 636 1289 dum,
670 1239 831 1295 quem
858 1224 1017 1281 linem
1052 1226 1304 1281 habitura
1338 1228 1411 1281 sit
1430 1226 1582 1296 optio
1612 1223 1734 1280 vita:
1756 1222 2054 1292 ﬂagitiosae.

485 1314 566 1372 Ne
599 1315 763 1388 igitur
791 1316 931 1383 zela,
973 1316 1171 1385 inquit,
1209 1317 1460 1371 homines
1504 1312 1836 1383 huiusmodi,
1883 1326 2058 1380 neque

486 1408 744 1465 exciteris
791 1409 859 1464 ad
905 1409 1266 1463 imitationem
1316 1422 1506 1464 eorum
1552 1406 1643 1476 qui
1679 1413 1899 1476 peccata
1931 1404 2057 1460 dili-

486 1509 639 1572 gunt,
681 1501 894 1556 tametsi
927 1501 1212 1555 videantur
1260 1500 1470 1555 habere
1519 1497 1680 1568 hujus
1707 1502 1833 1554 vitae
1869 1496 2055 1553 oblec-

486 1600 748 1647 tamenta.
779 1592 926 1662 Fuge
955 1592 1119 1661 igitur
1171 1591 1382 1648 similes
1422 1590 1591 1645 animi
1645 1589 2053 1660 propensiones,

485 1700 606 1755 qua:
632 1683 817 1739 futura
846 1694 972 1739 sunt
1001 1684 1376 1740 considerans.
1410 1681 1531 1737 Non
1554 1682 1711 1737 enim
1742 1681 1797 1736 in
1824 1680 1942 1736 istis
1969 1695 2056 1735 res

484 1774 750 1849 perpetuo
785 1786 966 1831 erunt.
1002 1775 1297 1846 Propterea
1322 1773 1910 1845 subjungit:Quoniam
1938 1783 2057 1827 tan-

483 1886 640 1942 quam
669 1870 846 1938 fenum
897 1869 1003 1923 cito
1046 1876 1304 1932 arescent,
1357 1879 1406 1923 et
1439 1878 1498 1921 ut
1543 1867 1687 1921 olera
1739 1863 1913 1919 herba:
1951 1867 2051 1919 cito

482 1962 723 2017 excident
749 1962 816 2015 ⁸⁸.

485 2075 549 2132 ν.
578 2077 633 2132 5.
659 2075 826 2147 Spera
854 2078 907 2131 in
938 2075 1244 2138 Dominum,
1272 2083 1321 2130 et
1358 2073 1454 2147 [ac
1470 2072 1781 2147 bonitatem,
1807 2078 1857 2125 et
1886 2070 2055 2126 incole

743 2156 959 2215 terram,
989 2155 1039 2201 et
1072 2147 1301 2217 pasceris
1341 2147 1396 2199 in
1421 2144 1617 2198 diuitiis
1647 2142 1781 2213 ejus.

552 2278 609 2335 Id
633 2290 738 2346 est,
768 2281 933 2351 dilige
959 2291 1242 2352 acceptum
1260 2280 1598 2350 probumque
1615 2278 1783 2334 videri
1810 2295 1825 2343 ;
1856 2278 1943 2332 siti
1969 2292 2057 2331 sae

482 2387 703 2429 crorum
732 2371 1123 2428 charismatum
1154 2370 1553 2442 possessionem
1583 2389 1598 2425 :
1633 2385 1754 2423 ama
1776 2384 1893 2438 qua:
1916 2367 2056 2437 apud

484 2474 705 2525 sanctos
753 2464 808 2518 in
851 2464 1253 2529 bonore'sunt,
1288 2472 1344 2519 et
1394 2478 1560 2533 penes
1608 2463 1776 2517 Deum
1823 2461 1968 2516 velut
2000 2461 2053 2515 in

486 2561 744 2614 thesauro
782 2557 1084 2611 recondita.
1114 2553 1184 2611 Et
1228 2557 1314 2625 {ac
1344 2556 1627 2610 bonitatem
1655 2568 1672 2609 .‘
1703 2564 1763 2607 ut
1799 2552 1844 2607 si
1884 2552 2054 2607 dixis-

480 2660 569 2706 set
595 2650 772 2706 telluri
802 2668 818 2706 :
849 2648 958 2707 Fac
997 2650 1139 2703 hunc
1175 2649 1435 2703 fructum.
1476 2647 1569 2703 Sic
1601 2646 1693 2701 tibi
1726 2645 1958 2700 auditori
1976 2646 2057 2699 di-

482 2744 732 2799 vinorum
759 2743 1237 2806 documentorum,
1284 2739 1358 2793 Da
1403 2753 1566 2809 agro,
1593 2737 1724 2791 dicit
1769 2735 2007 2790 Verbum
2038 2753 2052 2788 :

480 2835 570 2890 {ac
592 2835 916 2899 bonitatem,
957 2847 1079 2903 quae
1118 2846 1259 2886 unus
1286 2838 1370 2886 est
1397 2847 1460 2885 ex
1501 2829 1765 2883 fructibus
1795 2825 2053 2897 Spiritus.

481 2928 750 2985 Bonitatis
780 2941 977 2982 nomen
1005 2926 1109 2980 hoc
1143 2923 1263 2978 loco
1301 2922 1570 2993 signiﬁcat
1596 2934 1813 2974 omnem
1837 2918 2055 2972 modum

478 3022 723 3078 virtutis.
757 3020 824 3075 Et
854 3018 1023 3073 incole
1053 3033 1203 3072 secus
1233 3027 1428 3071 terram
1461 3015 1530 3079 ⁸³;
1567 3013 1828 3068 insistens
1851 3010 2058 3066 sollici-

482 3114 657 3171 tudini
684 3121 738 3169 et
764 3111 935 3167 cultui
957 3110 1155 3164 animae
1188 3127 1200 3162 :
1227 3109 1366 3174 Quia
1396 3107 1742 3177 quodcunque
1763 3104 2056 3158 seminare-

480 3208 552 3262 rit
581 3209 757 3273 homo,
790 3204 924 3259 illud
964 3213 1011 3257 et
1040 3212 1194 3256 metet
1231 3200 1298 3257 “.
1331 3200 1588 3254 Fortasse
1630 3207 1835 3251 terram
1875 3194 2055 3264 appel-

482 3293 561 3349 lat
582 3294 845 3349 divinitus
870 3290 1194 3359 inspiratam
1228 3288 1591 3358 Scripturam,
1632 3287 1685 3341 in
1712 3302 1818 3356 qua
1853 3286 2056 3340 divitiae
2083 3282 2125 3339 C

482 3395 801 3442 sanctorum
829 3394 978 3452 sunt,
1008 3384 1062 3439 id
1086 3397 1169 3439 est
1182 3380 1880 3452 promissiones.Admonet
1893 3379 2056 3433 etiam

485 3487 544 3534 ut
571 3478 775 3548 iugiter
801 3488 1078 3533 sectemur
1116 3474 1295 3530 divina
1320 3474 1558 3543 eloquia,
1583 3487 1769 3527 amore
1791 3473 2056 3527 honorum

483 3586 606 3642 quae
657 3572 709 3624 in
746 3569 856 3625 illis
889 3568 1125 3638 reposita
1177 3576 1303 3621 sunt
1339 3580 1439 3634 pro
1485 3566 1711 3620 sanctis.
1747 3563 1845 3620 Vel
1879 3563 2061 3633 posuit

482 3663 651 3720 incole
675 3676 773 3732 pro
791 3660 1011 3716 incoles.
1053 3657 1279 3713 Terram
1308 3672 1438 3713 vero
1470 3670 1589 3711 eam
1624 3655 1912 3725 dicit,qu:e
1952 3654 2059 3708 mi-

487 3756 632 3810 libus
662 3753 872 3810 scilicet
903 3751 1170 3822 promissa
1204 3761 1329 3816 est;
1365 3749 1418 3802 in
1446 3764 1554 3818 qua
1588 3763 1709 3802 cum
1742 3747 1927 3812 fueris,
1959 3762 2058 3817 pa-

484 3848 675 3914 sceris,
701 3846 894 3916 inquit,
916 3846 969 3900 in
999 3843 1203 3897 divitiis
1222 3842 1360 3911 ejus.
1383 3841 1591 3895 Divitiae
1608 3855 1769 3911 porro
1796 3852 2061 3908 suprema!

486 3938 746 4005 civitatis,
776 3945 855 3993 est
899 3935 1205 3990 divinorum
1239 3934 1511 3989 donorum
1546 3931 1785 4002 locuples
1815 3931 2055 4002 largitio.

485 4031 720 4091 Fortean
778 4028 1135 4086 tabernaculo
1177 4026 1444 4082 assimilat
1488 4022 1873 4101 temporariam
1920 4023 2060 4079 hanc

488 4126 678 4193 vitam,
725 4123 947 4191 vultque
993 4130 1052 4175 ut
1094 4135 1192 4176 nos
1217 4133 1281 4175 ea
1312 4129 1562 4180 utamur,
1596 4115 1762 4170 veluti
1805 4117 2061 4170 taberna-

488 4217 612 4274 culo
652 4216 705 4270 in
747 4215 1003 4280 transitu,
1049 4213 1380 4282 imperantes
1412 4209 1527 4275 illi,
1562 4222 1902 4280 nequaquam
1930 4222 2062 4263 vero

487 4310 663 4367 eidem
700 4307 959 4378 subjecti,
986 4316 1312 4374 utentesque
1340 4318 1403 4359 ea
1431 4303 1497 4357 ad
1520 4303 1573 4357 id
1602 4301 1746 4371 quod
1774 4300 1928 4363 utile,
1953 4315 2059 4354 non

487 4404 631 4471 quod
659 4400 852 4470 volupe
892 4399 1076 4454 fuerit.
1124 4397 1235 4452 lloc
1262 4397 1405 4451 enim
1441 4404 1602 4464 pacto
1642 4408 1925 4464 pascemur
1961 4391 2063 4446 sub

486 4493 718 4559 Pastore
757 4494 901 4549 bono
936 4511 951 4547 :
981 4493 1024 4546 si
1070 4507 1189 4560 qua:
1232 4500 1359 4545 sunt
1402 4487 1708 4541 divinorum
1755 4486 2059 4561 dogmatum

2163 687 2258 739 γον
2291 670 2399 739 γὰρ
2432 666 2744 734 ἀνθοῦντες,
2787 667 3152 740 ξηραίνονται.
3184 666 3361 724 Πᾶσα
3399 667 3511 739 γὰρ
3549 667 3731 737 σὰρξ,

2159 764 2396 831 χόρτος.
2431 760 2496 816 Τί
2526 755 2618 815 οὖν
2663 760 2844 831 ἔχουσι
2880 760 3140 833 ζηλωτὸν,
3183 760 3409 827 οἵτινες,
3444 759 3583 831 πρὸς
3620 760 3732 813 ὀλί-

2158 871 2254 924 γον
2295 854 2626 925 ἀνθήσαντες
2650 894 2665 918 ,
2717 852 2906 925 αὔριον
2957 853 3038 915 είς
3085 850 3338 906 κλίϐανον
3408 851 3728 922 βάλ).ονταί’;

2159 946 2304 1001 καθά
2331 964 2495 1019 φησιν
2516 940 2782 1019 όΣωτήρ.
2810 946 2884 1001 Οὐ
2918 945 3027 1017 γάρ
3056 961 3140 997 τοι
3173 944 3339 1015 φαίην
3363 944 3429 998 ἂν
3451 940 3591 999 εἶναί
3613 963 3731 1013 πως

2158 1039 2517 1111 ἀξιοζήλωτον
2555 1041 2668 1103 τοῖς
2697 1038 2940 1093 ἐθέλουσι
2979 1038 3080 1108 ζῇν
3119 1036 3465 1108 ἀξιοπρεπῶς
3498 1040 3597 1109 τὴν
3622 1040 3731 1094 τῶν

2157 1134 2606 1204 πονηρευομένων
2650 1131 2985 1204 πρόσκαιρον
3029 1131 3349 1202 εὐημερίαν.
3404 1132 3635 1186 Ἐννοεῖν
3673 1132 3732 1187 δὲ

2156 1227 2260 1298 χρὴ
2304 1226 2502 1297 μᾶλλον
2546 1227 2626 1293 είς
2669 1220 2781 1280 οἷον
2811 1224 3103 1296 ἐκϐήσεται
3157 1222 3331 1295 πέρας
3390 1222 3453 1277 τὸ
3490 1222 3731 1277 διαϐιοῦν

2157 1316 2370 1371 ἑλέσθαι
2419 1317 2623 1382 κακῶς.
2667 1317 2758 1388 Μὴ
2808 1316 2987 1370 τοίνυν
3044 1313 3207 1387 ζήλου
3253 1316 3380 1379 τοὺς
3427 1314 3729 1382 τοιούτους,

2157 1411 2323 1482 φησὶ,
2377 1411 2512 1483 μηδὲ
2562 1410 2909 1483 κατερεθίζου
2958 1410 3094 1481 πρὸς
3148 1410 3378 1481 μίμησιν
3421 1409 3531 1464 τῶν
3572 1409 3732 1479 φιλα-

2160 1520 2337 1574 μαρτη
2347 1503 2542 1573 μόνων,
2570 1502 2673 1557 κάν
2702 1504 2752 1556 εί
2781 1502 2986 1557 δοκοῖεν
3015 1502 3158 1573 ἔχειν
3189 1502 3289 1566 τάς
3314 1504 3374 1556 ὲν
3398 1502 3477 1574 τῷ
3505 1488 3733 1575 παρόντι

2157 1593 2257 1664 βίῳ
2284 1592 2514 1667 τρυφάς.
2539 1591 2710 1662 Φεῦγε
2752 1587 2847 1647 οὖν
2888 1592 2987 1665 τὴν
3023 1591 3356 1665 ἰσορροπίαν,
3391 1594 3472 1656 είς
3506 1592 3578 1646 τὰ
3611 1592 3733 1646 €66-

2159 1703 2293 1757 μενα
2334 1685 2546 1755 βλέπων
2566 1703 2581 1717 ο
2616 1687 2679 1740 ού
2716 1685 2825 1758 γὰρ
2858 1686 2916 1738 ὲν
2947 1685 3157 1748 τούτοις
3190 1684 3338 1738 ἔσται
3365 1684 3627 1756 διηνεκῶς
3663 1685 3732 1738 τὰ

2155 1778 2475 1848 πράγματα.
2523 1776 2614 1831 Διὸ
2661 1777 2890 1845 ἐπάγει·
2943 1777 3063 1830 Ὅτι
3114 1776 3257 1830 ὡσεὶ
3304 1777 3520 1846 χόρτος
3579 1776 3732 1846 ταχὺ

2154 1867 2779 1936 ἀποξηρανθήσονται,
2814 1868 2912 1922 καὶ
2936 1867 3079 1922 ὡσεὶ
3107 1866 3345 1937 λάχανα
3364 1870 3557 1938 χλόης
3579 1867 3732 1938 ταχὺ

2088 1943 2129 1999 Β
2155 1961 2623 2017 ἀποπεσοῦνται.

2155 2052 2303 2123 Στίχ.
2328 2059 2395 2121 γ’.
2436 2053 2730 2123 Ἕλπισον
2756 2052 2854 2123 ἐπί
2886 2053 3126 2122 Κύριον,
3159 2053 3255 2123 καὶ
3289 2052 3442 2123 ποίει
3479 2053 3738 2120 χρηστό-

2225 2121 2392 2193 τητα,
2435 2122 2537 2193 καὶ
2574 2121 2978 2193 κατασκήνουί
3011 2124 3124 2191 τὴν
3165 2122 3300 2193 γῆν,
3346 2121 3447 2177 καὶ
3480 2138 3733 2191 ποιμαν-

2225 2191 2385 2260 θήσῃ
2419 2192 2499 2257 τῷ
2539 2195 2779 2256 πλούτῳ
2811 2192 3021 2260 αὐτῆς.

2224 2283 2334 2356 (62)
2370 2284 2679 2351 Τουτέστιν,
2719 2283 3025 2357 Ἀγάπησον
3051 2286 3112 2339 τὸ
3146 2285 3477 2356 εὐδοκιμεῖνο
3508 2284 3732 2356 δίψησον

2154 2376 2262 2431 τῶν
2289 2376 2448 2449 ἱερῶν
2472 2377 2823 2450 χαρισμάτων
2844 2378 2943 2450 τὴν
2966 2377 3154 2448 κτῆσιν
3170 2397 3185 2412 ·
3213 2378 3497 2449 ἀγάπησον
3524 2377 3593 2432 τὰ
3620 2380 3733 2442 τοῖς

2156 2469 2332 2539 ἁγίοις
2375 2470 2721 2542 τετηρημένα
2766 2472 2860 2525 καὶ
2892 2470 3042 2542 παρὰ
3073 2470 3193 2542 Θεῷ
3237 2469 3732 2543 τεθησαυρισμένα.

2158 2562 2266 2617 Καὶ
2312 2562 2466 2616 ποίει
2514 2565 2926 2633 χρηστότητω
2982 2565 3056 2628 ὡς
3106 2566 3153 2618 εί
3206 2563 3358 2633 ἔλεγε
3407 2562 3485 2635 τῷ
3543 2562 3732 2635 ἀγρῷ·

2156 2656 2306 2710 Ποίει
2342 2656 2492 2710 τόνδε
2524 2656 2615 2710 τὸν
2647 2658 2879 2728 καρπόν.
2915 2656 3100 2722 Οὕτως
3141 2674 3221 2711 σοι
3248 2656 3325 2727 τῷ
3354 2658 3595 2728 ἀκροατῇ
3628 2655 3737 2709 τῶν

2157 2746 2312 2801 θείων
2342 2747 2680 2819 μαθημάτων
2701 2765 2715 2779 ο
2759 2748 2858 2812 Δὸς
2884 2748 3070 2820 ἀγρῷ,
3098 2749 3262 2821 φησὶν
3286 2750 3315 2802 6
3349 2749 3519 2817 Λόγος
3540 2765 3555 2779 ο
3594 2748 3737 2802 ποίει

2156 2842 2520 2915 χρηστότητα,
2546 2843 2669 2914 ἥτις
2703 2842 2800 2913 μία
2826 2843 2943 2896 ἐστὶ
2971 2844 3080 2896 τῶν
3112 2843 3342 2915 καρπῶν
3364 2842 3457 2895 τοῦ
3484 2840 3742 2912 “vstitu-
3842 2884 3847 2887 _

2155 2952 2263 2998 τος.
2310 2934 2383 2987 Τὸ
2426 2932 2533 3002 τῆς
2579 2936 2995 3004 χρηστότητος
3036 2935 3204 3007 ὄνομα
3235 2936 3467 2989 ἐνταῦθα
3494 2951 3743 3006 καταση-

2161 3025 2340 3097 μαίνει
2389 3026 2568 3081 πάντα
2609 3027 2812 3098 τρόπον
2853 3027 3068 3099 ἀρετῆς.
3116 3028 3224 3081 Καὶ
3272 3028 3530 3082 κατοίκει
3578 3029 3746 3097 παρὰ

2156 3116 2272 3185 τὴν
2312 3117 2456 3187 γῆν-⁸
2486 3118 2919 3191 προώιατρίὸων
2967 3123 3032 3191 τῇ
3085 3110 3186 3189 τῆς
3230 3118 3408 3190 ψυχῆς
3453 3118 3745 3190 ἐπιμελείᾳ

2157 3212 2253 3265 καὶ
2280 3211 2525 3284 γεωργία
2542 3228 2557 3242 ⁸
2593 3211 2722 3265 Ὀτι
2751 3210 2783 3265 ὃ
2803 3212 2912 3267 ἐὰν
2943 3212 3162 3282 σπείρῃ
3188 3212 3517 3279 ἅνθρωπος.
3546 3209 3747 3264 ἐκεῖνο

2158 3301 2257 3355 καὶ
2280 3303 2523 3370 θερίσει.
2551 3303 2712 3366 Ἴσως
2741 3301 2797 3355 δὲ
2824 3301 2950 3372 γῆν,
2977 3302 3074 3373 τὴν
3101 3302 3455 3356 θεόπνευστον
3486 3300 3747 3372 ὀνομάζει

2158 3393 2415 3465 Γραφὴν,
2444 3395 2502 3447 ὲν
2631 3396 2660 3449 6
2699 3394 2926 3459 πλοῦτος
2969 3395 3077 3450 τῶν
3126 3394 3328 3463 ἁγίων,
3377 3395 3655 3449 τουτέστιν
3686 3394 3748 3450 αί

2160 3482 2499 3551 ἐπαγγελίαι.
2532 3484 2641 3537 Καὶ
2672 3487 2929 3556 παραινεῖ
2968 3484 3261 3549 διαπίντδς
3299 3484 3409 3539 τῶν
3439 3485 3599 3539 θείων
3626 3485 3752 3557 ἔχε-

2162 3570 2283 3623 σθαι
2328 3570 2543 3640 λογίων,
2586 3571 2747 3643 ἔρωτι
2792 3572 2902 3625 τῶν
2931 3575 2987 3626 ὲν
3014 3574 3193 3637 αὐτοῖς
3225 3574 3602 3645 ἀποκειμένων
3632 3576 3750 3639 τοῖς

2161 3661 2334 3728 ἁγίοις
2364 3660 2603 3730 ἀγαθῶν.
2626 3661 2695 3713 Ἠ
2723 3661 2783 3714 τὸ
2814 3661 2911 3733 μὲν
2937 3661 3320 3728 κατασκήνου
3349 3662 3596 3717 τέθεικεν
3621 3663 3749 3720 ἀντὶ

2160 3753 2253 3805 τοῦ
2281 3751 2772 3819 κατασκηνώσεις
2792 3770 2805 3783 ·
2841 3754 2943 3824 γῆν
2980 3754 3036 3808 δὲ
3076 3753 3288 3826 ἐκείνην
3321 3754 3467 3823 λέγει
3502 3753 3601 3826 τὴν
3634 3757 3752 3818 τοῖς

2162 3847 2389 3919 πραέσιν
2422 3846 2838 3919 ἐπηγγελμένην
2862 3847 3133 3917 δηλονότι·
3170 3848 3229 3901 ὲν
3338 3847 3598 3918 γεγονὼς,
3628 3867 3752 3903 ποι-

2165 3939 2433 4010 μανθήση,
2471 3940 2666 4009 φησὶν,
2698 3941 2789 3993 ἐπὶ
2832 3940 2910 4011 τῷ
2942 3939 3154 4010 πλούτῳ
3191 3939 3379 4011 αὐτῆς.
3412 3940 3651 4006 Πλοῦτος
3690 3943 3749 3999 δὲ

2160 4032 2256 4102 τῆς
2287 4032 2396 4086 ἄνω
2423 4030 2699 4102 πόλεως,ἠ
2728 4032 2836 4085 τῶν
2866 4032 3023 4086 θείων
3055 4032 3407 4103 χαρισμάτων
3427 4033 3752 4105 ἀμφιλαφὴς

2162 4122 2413 4194 χορηγία.
2447 4123 2599 4194 Τάχα
2638 4123 2695 4177 δὲ
2739 4127 2909 4195 σκηνῇ
2961 4122 3245 4188 ἀπεικάζει
3277 4121 3367 4176 τὸν
3410 4124 3752 4197 πρόσκαιρον

2165 4210 2275 4281 βίον
2302 4228 2316 4243 ο
2346 4212 2440 4265 καὶ
2481 4211 2728 4283 βούλεται
2766 4215 2913 4284 ἡμᾶς
2951 4212 3186 4285 χρᾶσθαι
3232 4212 3411 4281 αὐτῷ,
3457 4214 3534 4277 ὡς
3573 4218 3750 4287 σκηνῇ

2162 4301 2301 4356 κατά
2325 4302 2578 4374 πάροδον,
2618 4302 2970 4375 κυριεύοντας
3001 4302 3185 4367 αὐτοῦ,
3227 4304 3288 4355 οὐ
3326 4289 3755 4374 κυριευομένως

2163 4396 2255 4450 ὑπ’
2298 4393 2496 4459 αὑτοῦ,
2529 4396 2623 4449 καὶ
2661 4395 2797 4465 πρὸς
2836 4394 2898 4449 τὸ
2927 4395 3201 4467 συμφέρον
3225 4434 3241 4459 ,
3284 4395 3343 4448 ού
3388 4394 3526 4465 πρὸς
3557 4394 3756 4465 ἡδονὰς

2165 4491 2609 4563 ἀποχρωμένους.
2645 4489 2800 4543 Οῦτω
2824 4488 2933 4561 γάρ
2960 4488 3442 4560 ποιμανθησόμεθα
3486 4488 3593 4542 ὑπὸ
3618 4490 3751 4544 Ποι·

490 4586 711 4650 divitiae,
747 4583 1011 4654 ejusmodi
1044 4582 1254 4637 fructus
1284 4580 1625 4650 colligentes,
1668 4587 1725 4632 ut
1760 4578 2005 4633 dicamus
2042 4595 2054 4631 :

2170 4585 2290 4655 μένι
2319 4582 2489 4653 καλῷ,
2516 4581 2571 4634 εἴ
2600 4599 2685 4645 τις
2712 4580 2941 4645 πλοῦτός
2969 4582 3087 4634 ἐστι
3112 4580 3221 4634 τῶν
3252 4580 3411 4635 θείων
3440 4581 3753 4651 δογμάτων,

487 4678 746 4739 Dominus
766 4677 935 4745 pascit
957 4692 1061 4741 me,
1088 4684 1137 4728 et
1166 4674 1299 4728 nihil
1320 4673 1445 4728 mihi
1469 4674 1632 4728 deerit
1662 4670 1729 4729 ".

534 4860 595 4917 V.
629 4860 686 4915 4.
746 4858 1019 4915 Oblectare
1048 4859 1103 4913 in
1132 4858 1401 4981 Doztino,‘
1423 4866 1471 4910 et
1508 4857 1593 4910 det
1630 4855 1722 4911 tibi
1753 4855 2028 4924 petitiones

1126 4947 1218 4981 τοι·
1258 4945 1300 4981 18
1325 4941 1424 4981 tut.

1126 4941 1300 4984 cordis
1325 4941 1424 4981 tut.

558 5029 676 5084 Mos
700 5037 785 5084 est
818 5022 1117 5094 Scriptura;
1145 5019 1493 5076 introducere
1526 5017 1663 5071 duos
1693 5016 1975 5081 homines;
2008 5026 2065 5070 et

488 5120 875 5191 propemodum
896 5116 1077 5188 omnia
1096 5127 1216 5184 quae
1241 5119 1366 5167 sunt
1396 5108 1685 5180 sequioris,
1714 5108 1878 5163 habet
1900 5108 2063 5162 etiam

490 5214 583 5285 qui
623 5209 973 5282 prastanlior
1013 5216 1117 5262 est.
1160 5206 1257 5259 Est
1290 5202 1434 5258 enim
1476 5201 1695 5270 quidam
1742 5199 1899 5254 cibus
1928 5200 2068 5253 inte-

494 5309 658 5365 rioris
702 5320 923 5377 quoque
968 5300 1244 5362 hominis,
1289 5311 1398 5365 quo
1448 5294 1513 5349 de
1559 5293 1801 5348 dicitur:
1836 5290 1960 5344 Non
2004 5290 2068 5343 de

495 5416 630 5469 pane
656 5399 769 5452 solo
802 5399 928 5452 vivet
957 5398 1133 5460 homo,
1171 5392 1261 5446 sed
1296 5388 1354 5442 in
1380 5387 1524 5447 omni
1566 5384 1718 5439 verba
1756 5387 2068 5451 procedente

495 5507 561 5551 ex
594 5506 682 5543 ore
708 5489 803 5545 Dei
826 5490 893 5541 θ’.
922 5489 1015 5541 Est
1047 5498 1099 5541 et
1119 5486 1338 5555 quidam
1362 5490 1520 5550 putus
1549 5496 1564 5532 :
1588 5475 1826 5530 Bibimus
1847 5475 1982 5528 enim
2005 5473 2068 5526 de

494 5579 722 5648 spiritali
746 5586 989 5646 sequente
1012 5553 1157 5643 petra
1183 5573 1252 5627 “.
1285 5571 1473 5635 Itidem
1501 5567 1905 5623 vestimentum.
1929 5567 2070 5629 Qua—
2102 5553 2108 5558 ’

498 5672 740 5726 mobrem
783 5676 1036 5738 peccator
1084 5666 1255 5717 induit
1289 5662 1708 5717 maledictionem
1745 5657 1883 5711 sicut
1922 5654 2069 5708 vesti-

2164 4673 2353 4729 τοῦτον
2384 4673 2772 4745 καρπούμενοι,
2795 4672 2933 4726 ὥστε
2960 4671 3140 4740 λέγειν
3163 4690 3177 4703 ο
3205 4673 3422 4741 Κύριος
3448 4673 3757 4742 ποιμαίνει

2166 4784 2257 4829 ιιε,
2295 4767 2394 4819 καὶ
2422 4763 2601 4818 οὐδέν
2631 4782 2708 4833 με
2732 4761 3074 4830 ὐστερήσει.

2168 4859 2311 4930 Στίχ.
2344 4857 2406 4910 δ’.
2451 4854 3062 4930 Κατατριῧέεησοιχτοῦ
3110 4855 3346 4930 Κινρίου,
3374 4854 3475 4908 καὶ
3508 4853 3631 4923 δῴη
3654 4871 3760 4909 σοι

2472 4927 2545 4980 τὰ
2574 4923 2863 4995 αἰτήματα
2886 4923 2995 4991 τῆς
3025 4925 3270 4992 καρδίας
3307 4943 3441 4979 σου.

2241 5018 2350 5088 (65)
2383 5017 2540 5080 Ἐθος
2566 5020 2633 5088 τῇ
2659 5018 2848 5087 Γραφῇ
2882 5016 2973 5069 δύο
3004 5014 3325 5086 ἀνθρώπους
3349 5015 3592 5083 εἰσάγειν
3612 5031 3628 5047 ⁸
3663 5018 3763 5069 καὶ

2170 5110 2355 5180 σχεδὸν
2385 5110 2559 5163 πάντα
2589 5108 2658 5161 τά
2697 5107 2790 5160 τοῦ
2831 5107 3074 5179 χείρονος
3114 5107 3228 5177 ἔχει
3260 5107 3353 5159 καὶ
3394 5108 3424 5158 6
3462 5107 3755 5178 κρείττων.

2173 5204 2326 5255 Ἔστι
2353 5201 2461 5273 γάρ
2486 5219 2570 5264 τις
2592 5200 2763 5272 τροφὴ
2790 5201 2883 5253 καὶ
2912 5199 3004 5252 τοῦ
3033 5200 3139 5252 ἔσω
3167 5197 3473 5270 ἀνθρώπου,
3503 5200 3636 5271 περὶ
3691 5195 3762 5271 ἧς

2169 5292 2416 5359 λέγεται·
2446 5293 2568 5345 Οὐκ
2611 5289 2702 5342 ἐπ’
2741 5288 2896 5356 ἄρτῳ
2937 5289 3106 5356 μόνῳ
3140 5285 3376 5353 ζήσεται
3420 5287 3759 5356 ἄνθρωπος,

2172 5384 2307 5438 ἀλλ’
2323 5383 2393 5435 ὲν
2408 5380 2586 5434 παντὶ
2606 5380 2827 5449 ῥήματι
2862 5377 3312 5447 ἐκπορευομένῳ
3332 5376 3429 5429 διὰ
3453 5379 3761 5446 στόματος

2177 5474 2343 5528 Θεοῦ.
2379 5474 2531 5525 Ἔστι
2554 5489 2607 5524 τι
2649 5472 2742 5524 καὶ
2776 5469 2934 5523 ποτόν
2959 5468 3367 5538 ’Πίνομενγὰρ
3399 5466 3467 5520 ἐκ
3500 5484 3765 5535 πνευμα-

2172 5565 2343 5637 τικῆς
2381 5564 2841 5634 ἀκολουθούσης
2878 5561 3118 5629 πέτρας.
3152 5561 3260 5614 Καὶ
3300 5560 3503 5632 ἔνδυμα
3527 5578 3541 5592 ·
3577 5561 3704 5616 ὅθεν
3733 5566 3764 5616 ό

2176 5660 2277 5730 μὲν
2309 5657 2630 5730 ἁμαρτωλὸς
2672 5654 3000 5710 ἐνεδύσατο
3029 5652 3293 5721 κατάραν
3324 5654 3405 5719 ὡς
3444 5650 3699 5723 ἱμάτιον,
3727 5657 3765 5708 ό

568 5764 613 5797 τ’
637 5762 758 5817 lsai.
781 5777 873 5820 ιι..
895 5759 950 5814 6.
1024 5759 1070 5790 ⁸³
1104 5758 1246 5813 Psal.
1293 5772 1479 5826 xxxvr,
1509 5756 1567 5815 2.
1644 5755 1690 5799 ι’
1717 5751 1860 5809 Psal.
1901 5764 2060 5805 xxxv:

2165 5795 2175 5808 .
2252 5754 2297 5785 ⁸ο
2315 5752 2492 5811 Galat.
2521 5767 2599 5817 vr,
2625 5753 2679 5809 8.
2752 5750 2794 5782 ⁶¹
2819 5748 2962 5803 Psal.
2997 5763 3135 5815 χιιι,
3173 5749 3225 5803 1.
3302 5747 3349 5805 ει
3368 5744 3565 5807 Matth.
3598 5763 3676 5811 tv,
3701 5748 3758 5802 4.

500 5834 547 5868 ω
575 5834 822 5911 1οοτ.ξ,
850 5830 904 5883 ι.

575 5929 685 6013 (62)
717 5926 928 6001 Cyrilli,
973 5921 1191 5992 Origcn.

2258 5915 2369 5982 (65)
2400 5913 2597 5975 Confer
2620 5913 2759 5973 edita
2783 5911 2993 5973 Latina.
