4004 6508
206 473 285 527 l?.l
1310 464 1684 522 EXCEBPTA
1723 461 1791 518 ΙΝ
1824 461 2166 519 PSALMOS.

3340 454 3446 510 122

203 589 247 643 δὲ
272 589 460 652 δίκαιος
482 586 595 642 τὸν
630 588 851 657 Κύριον
881 586 1127 658 Ἰησοῦν
1144 628 1160 654 ,
1186 589 1283 645 καὶ
1312 589 1637 661 σπλάγχνα
1674 592 1749 644 ol-

1860 597 2091 642 mentum
2116 584 2164 617 “
2191 604 2204 641 :
2235 584 2416 653 justus
2453 598 2584 640 vero
2628 582 2911 638 Dominum
2940 579 3125 634 Iesum
3174 580 3243 646 “,
3277 589 3330 633 et
3360 580 3442 632 vi-

204 678 449 748 κτιρμῶν,
484 678 578 732 καὶ
615 681 964 735 πανοπλίαν
1003 682 1174 738 Θεοῦ.
1207 680 1397 745 Οὕτως
1441 684 1469 736 ὁ
1506 682 1604 752 μὲν
1645 680 1755 734 τῶν

206 771 346 826 αὐτοῦ
380 771 530 842 μόνον
570 771 783 833 ἁκούων
811 772 985 844 λόγων
1013 773 1430 847 προτρεπτικῶν
1455 773 1715 845 τρέφεται
1736 790 1752 804 ο

204 861 296 915 ὁδε
323 861 580 925 ἐπιδιδοὺς
608 862 800 916 ἑαυτὸν
828 864 1097 937 ἑρμηνείᾳ
1127 864 1315 936 νόμου,
1336 864 1594 936 διηγήσει
1624 880 1755 937 προ-

206 953 383 1024 φητῶν,
412 952 561 1008 λύσει
591 955 916 1029 παραϐολῶν
948 958 1340 1027 εύαγγελικῶν,
1372 956 1638 1029 σαφηνείᾳ
1664 955 1754 1010 λό-

203 1064 298 1115 γων
320 1047 700 1116 ἀποπολικῶν,
723 1053 1044 1123 κατατρυφᾷ
1066 1049 1160 1106 τοῦ
1191 1050 1397 1121 Κυρίου
1417 1066 1431 1081 ·
1459 1048 1554 1103 καὶ
1583 1047 1754 1104 ὲσθίει

202 1140 252 1193 οὐ
281 1138 403 1209 πρὸς
425 1139 697 1211 ἀνάγκην,
730 1141 851 1196 οὐδὲ
882 1141 1018 1215 πρὸς
1045 1143 1212 1216 μόνην
1245 1144 1473 1215 τροφήν.
1503 1142 1755 1196 Διδάσκει

201 1225 278 1285 οὖν
300 1233 434 1302 ἡμᾶς
461 1234 877 1307 κατατρυφῆσαι
906 1234 1001 1289 τοῦ
1030 1235 1257 1307 Κυρίου.
1288 1236 1399 1290 Καὶ
1419 1235 1528 1308 γὰρ
1551 1236 1580 1288 ὁ
1601 1235 1752 1300 Θεὸς,

200 1322 280 1375 ἀπ’
309 1323 472 1396 ἀρχῆς
514 1322 840 1397 βουλόμενος
890 1329 1038 1399 ἡμᾶς
1085 1329 1300 1399 τρυφᾷν
1345 1325 1751 1398 πνευματικῶς,

200 1414 428 1483 ἐφύτευσε
455 1416 548 1469 τὸν
597 1418 925 1490 παράδεισον
957 1420 1062 1491 τῆς
1106 1421 1346 1492 τρυφῆς,
1377 1420 1473 1474 καὶ
1508 1420 1601 1473 τὸν
1643 1436 1757 1490 χει-

203 1504 414 1576 μάρρουν
436 1506 538 1577 τῆς
561 1508 777 1580 τρυφῆς
802 1510 1326 1593 ἐχαρίσατοίούδεὶς
1343 1510 1399 1563 δὲ
1422 1509 1646 1565 δύναται
1660 1511 1755 1564 καὶ

200 1597 338 1668 σαρκὶ
359 1598 449 1651 καὶ
469 1598 742 1671 πνεύματι
769 1603 1009 1675 τρυφᾷν.
1039 1602 1178 1657 Ἀλλ’
1199 1604 1247 1657 εἰ
1273 1602 1372 1675 μὲν
1400 1604 1564 1675 σαρκὶ
1591 1601 1753 1674 ἐτρύ-

198 1692 447 1761 φησενιώς
463 1693 492 1745 6
512 1691 787 1759 πλούσιος,
803 1694 1197 1768 στερηθήσεται
1218 1696 1318 1767 τῆς
1340 1694 1477 1768 μετὰ
1502 1693 1755 1766 Ἀϐραὰμ

195 1782 381 1854 τρυφῆς
400 1801 414 1814 ’
444 1785 493 1837 εί
519 1783 580 1837 δὲ
611 1785 775 1856 ἄρτον
808 1785 1107 1852 κακώσεως
1137 1786 1367 1857 ἔφαγεν,
1397 1787 1472 1851 ὡς
1502 1789 1531 1841 ὁ
1562 1788 1749 1858 πένης,

196 1874 294 1927 ἐκεῖ
316 1877 489 1947 τρυφᾷ
521 1877 621 1930 καὶ
645 1877 1006 1932 ἀναπαύεται.

250 2147 346 2202 Kal
383 2145 590 2213 ἄλλως
616 2146 704 2201 δέ.
747 2147 804 2203 Ὀ
828 2148 1033 2220 Κύριος
1064 2148 1378 2221 δικαιοσύνη
1411 2149 1579 2214 ἐστὶν,
1619 2148 1750 2223 ἀλή-

195 2234 310 2301 θεια,
339 2237 509 2306 σοφία,
538 2236 814 2309 άγιασμός
835 2256 849 2270 ·
882 2239 977 2293 ἐὰν
1003 2241 1286 2312 τρυφήσῃς
1315 2236 1410 2295 οὖν
1434 2242 1529 2296 καὶ
1554 2243 1611 2295 ὲν
1636 2244 1750 2305 τοῖς

193 2328 276 2400 τῆς
302 2329 480 2399 σοφίας
509 2328 886 2402 θεωρήμασιν,
917 2332 976 2385 ἐν
1007 2333 1129 2395 ταῖς
1158 2331 1389 2404 πράξεσι
1420 2332 1521 2404 τῆς
1546 2333 1750 2386 δικαιο-

195 2419 350 2491 σύνης,
374 2420 731 2493 πεπλήρωται
754 2408 847 2476 τόί
878 2418 1355 2493 Κατατρύφησον
1375 2423 1483 2479 τοῦ
1502 2425 1743 2494 Κυρίου.

193 2512 354 2586 Τρυφὴ
389 2514 703 2586 τοιγαροῦν,
734 2515 797 2569 τὸ
820 2515 1028 2571 ἔνοικον
1046 2517 1189 2591 ἔχειν
1216 2518 1309 2573 τὸν
1347 2519 1526 2573 πάντα
1551 2518 1750 2590 ζωογο-

190 2603 354 2658 νοδντα
378 2607 508 2660 Θεὸν
539 2605 717 2676 Λόγον
738 2645 751 2670 ,
784 2607 877 2661 τὸν
919 2606 1083 2680 ἄρτον
1108 2610 1207 2682 τῆς
1236 2607 1382 2683 ζωῆς
1404 2628 1418 2643 ·
1456 2612 1551 2666 καὶ
1586 2612 1749 2667 αὐτὸν

191 2693 375 2766 ἔχοντες
403 2699 459 2753 ὲν
500 2700 723 2762 ἑαυτοῖς
746 2738 761 2764 ,
806 2697 1090 2775 ληψόμεθα
1124 2701 1303 2756 πάντα
1334 2702 1406 2757 τὰ
1443 2704 1739 2775 αἰτήματα,

189 2789 270 2859 οὐχ
287 2790 476 2856 ἁπλῶς,
506 2789 651 2846 ἀλλὰ
678 2791 746 2846 τὰ
771 2774 871 2864 τῆξ
890 2793 1137 2865 καρδίας.
1166 2794 1402 2865 Νοήσεις
1427 2794 1485 2848 δὲ
1510 2774 1749 2864 τδλεγό-

193 2898 343 2949 μενον,
370 2883 459 2937 ἐὰν
486 2886 988 2957 προσωποποιήσῃς
1016 2886 1247 2939 ἕκαστον
1280 2886 1391 2941 τῶν
1422 2887 1620 2959 μελῶν,
1651 2888 1748 2944 καὶ

191 2971 286 3046 ἶδης
321 2974 430 3040 πῶς
478 2975 630 3031 κατὰ
678 2976 841 3047 φύσιν
873 2977 1034 3031 αἰτεῖ.
1073 2977 1133 3032 '0
1170 2977 1301 3047 γοῦν
1329 2980 1660 3050 ὀφθαλμὸς,
1696 2983 1746 3034 εί

190 3059 283 3136 εἶχε
303 3069 493 3139 φωνὴν,
515 3068 709 3139 ἔλεγεν
734 3069 799 3123 ἄν
829 3087 913 3123 σοι
931 3087 947 3101 ο
982 3070 1132 3124 Αίτῶ
1160 3071 1295 3141 φῶς,
1320 3072 1456 3126 αίτῶ
1478 3072 1747 3145 χρώματα

190 3156 375 3226 βλέπειν
404 3160 724 3232 κατάλληλα
744 3161 886 3233 ὲμοί.
933 3162 1006 3218 Ἠ
1027 3162 1180 3233 ἀκοή
1206 3180 1221 3195 ·
1248 3164 1395 3217 Λίτῶ
1433 3164 1617 3236 φωνὴν
1642 3166 1745 3235 ὲμ-

192 3252 336 3323 μελῆ,
376 3255 581 3325 ἡδεῖαν.
630 3255 701 3311 Ἠ
740 3256 969 3326 γεῦσις·
1002 3257 1147 3310 Δίτῶ
1189 3256 1416 3327 γλυκέα,
1458 3257 1649 3329 φεύγω
1676 3258 1748 3313 τὰ
1772 3291 1815 3349 c

385 3347 452 3402 Ἠ
485 3347 620 3417 ἁφή
643 3365 656 3379 ·
687 3347 832 3402 Αὶτῶ
879 3349 1148 3404 ἅπτεσθαι
1193 3349 1350 3404 λείων
1374 3389 1388 3414 ,
1435 3350 1743 3424 τρυφερῶν,

190 3438 468 3507 προσηνῶν’
499 3443 565 3493 οὑ
603 3440 775 3510 πυρὸς
793 3479 809 3504 ,
842 3440 903 3493 οὐ
933 3442 1181 3512 τραχέων
1200 3480 1215 3505 ,
1241 3441 1361 3496 οὐδὲ
1392 3442 1743 3498 κεντούντων.

197 3524 267 3592 ’ῦς
284 3525 367 3583 οὖν
391 3532 631 3587 ἑκάστου
654 3532 765 3586 τῶν
798 3533 1168 3606 αίσθητηρίων
1194 3536 1343 3589 ἐστὶν
1368 3535 1586 3607 αίτησις
1612 3552 1746 3589 κατ-

187 3618 380 3692 multo;
400 3626 493 3680 καὶ
525 3625 681 3697 φυγή
708 3642 721 3657 ·
753 3625 848 3679 καὶ
879 3625 1156 3698 ὀφθαλμὸς
1191 3627 1292 3697 μὲν
1333 3629 1478 3682 αἰτεῖ
1515 3628 1577 3681 τὸ
1608 3628 1743 3697 φῶς,

191 3708 475 3786 ἡδσφρησις
494 3715 553 3769 δὲ
579 3715 648 3768 τὸ
677 3715 895 3782 εὑῶδες,
926 3717 959 3788 ἡ
984 3717 1122 3789 ἀκοὴ
1154 3717 1216 3771 τὸ
1252 3718 1491 3789 ἐμμελὲς
1510 3757 1524 3781 ,
1554 3719 1649 3772 καὶ
1677 3717 1747 3771 τὰ

188 3800 320 3858 λοιπὰ
340 3808 537 3878 ὁμοίως
556 3827 573 3841 ·
609 3809 785 3873 οὕτως
807 3811 842 3881 ἡ
869 3809 1066 3882 καρδία
1090 3808 1161 3864 τὰ
1188 3811 1456 3882 νοήματα.
1491 3810 1638 3883 ἅπερ
1658 3810 1749 3882 λη-

186 3891 362 3965 ᾦόμεθα
382 3901 532 3973 παρὰ
564 3900 800 3973 Κυρίου,
831 3900 926 3956 ἐὰν
958 3901 1124 3974 μηδὲν
1148 3901 1427 3975 ἀλλότριον
1456 3903 1555 3975 τῆς
1579 3902 1745 3957 αὑτοῦ

187 3990 364 4062 τρυφῆς
407 3992 630 4066 ἔχωμεν
670 3995 728 4047 ὲν
769 3997 889 4057 ταῖς
925 3994 1194 4066 καρδίαις.
1229 3995 1363 4049 Τότε
1408 3995 1748 4068 δυνησόμεθα

187 4076 553 4157 ἀποκαλύπτειν
600 4084 754 4157 αύτῷ
776 4085 875 4157 τὴν
912 4086 1030 4141 ὁδὸν
1064 4086 1241 4158 ήμῶν.
1287 4087 1609 4143 Ἐποπτεύει
1637 4087 1748 4158 γὰρ

186 4172 327 4227 ὁτῶν
353 4176 486 4232 ὅλων
529 4177 672 4242 Θεὸς
716 4177 816 4251 τὴν
863 4178 973 4233 τῶν
1007 4178 1315 4252 σεὸομένων
1361 4180 1527 4234 αὐτὸν
1574 4179 1745 4252 εὐαγῆ

188 4263 422 4324 πολιτείαν
444 4286 461 4302 ο
497 4270 911 4344 ἀποστρέφεται
949 4271 1008 4325 δὲ
1037 4271 1136 4344 τὴν
1172 4272 1284 4327 τῶν
1308 4272 1410 4326 οὐκ
1440 4270 1617 4344 ὀρθῶς
1646 4270 1748 4343 ζῇν

188 4356 439 4430 ἑλομένων.
476 4363 648 4419 Ὅθεν
674 4364 892 4436 ἐπάγει·

1856 691 2003 730 scera
2033 675 2409 730 misericordia:
2442 676 2508 743 “,
2534 684 2591 729 et
2610 674 2872 743 integram
2897 678 3232 725 armaturam
3258 668 3440 723 Dei".

1857 767 2058 825 Eodem
2099 766 2283 833 modo,
2303 767 2393 837 qui
2419 766 2537 837 ejus
2565 766 2833 826 duntaxat
2859 764 3198 819 hortatorios
3228 776 3440 816 sermo-

1857 876 1954 917 nes
1985 859 2168 924 audit,
2211 857 2451 913 nutritur
2483 867 2580 910 :at
2615 857 2710 926 qui
2745 855 2953 911 dedidit
2996 853 3235 923 seipsum
3269 851 3442 905 inter-

1856 952 2146 1024 pretationi
2183 951 2339 1023 legis,
2368 950 2708 1006 enarrationi
2739 950 3159 1019 prophetarum,
3194 944 3440 1014 explica-

1857 1047 1992 1101 tioni
2024 1045 2407 1117 parabolarum
2438 1041 2882 1110 evangelicarum
2904 1081 2920 1109 ,
2956 1038 3285 1110 expositioni
3320 1052 3439 1092 ser-

1856 1152 2075 1194 monum
2101 1132 2548 1205 apostolicorum,
2567 1132 2935 1188 oblectatoria
2963 1129 3192 1186 Domino
3227 1149 3240 1185 :
3271 1137 3325 1184 et
3352 1143 3442 1183 co-

1856 1228 2025 1286 medit
2052 1243 2157 1284 non
2186 1226 2255 1283 ob
2291 1226 2702 1291 necessitatem,
2744 1236 2928 1294 neque
2953 1222 3025 1277 ob
3054 1222 3229 1276 solum
3263 1220 3443 1276 nutri-

1856 1330 2119 1378 mentum.
2150 1317 2499 1389 Docetigitur
2517 1330 2637 1380 nos,
2665 1324 2727 1370 ut
2749 1314 3092 1370 oblectemur
3115 1313 3168 1367 in
3187 1312 3436 1367 Domino.

1857 1413 1999 1469 Deus
2029 1411 2171 1468 enim
2203 1411 2274 1466 ab
2306 1410 2465 1466 initio
2496 1408 2684 1465 volens
2720 1422 2819 1463 nos
2848 1406 3154 1477 spiritalem
3186 1403 3439 1473 volupta-

1856 1514 1963 1560 tem
2001 1503 2314 1574 percipere,
2365 1501 2662 1572 voluptatis
2695 1498 3011 1570 paradisum
3053 1497 3336 1568 plantavit,
3383 1504 3439 1550 et

1857 1606 2153 1655 torrentem
2203 1595 2500 1665 voluptatis
2537 1592 2827 1665 dilargitus
2880 1600 2986 1647 est.
3031 1589 3202 1645 Nemo
3254 1601 3437 1645 autem

1856 1700 2033 1760 potest
2060 1700 2115 1747 et
2144 1705 2312 1747 carne
2337 1700 2393 1746 et
2421 1689 2618 1759 spiritu
2655 1687 2984 1756 voluptatem
3024 1684 3329 1755 percipere.
3372 1681 3439 1738 Et

1853 1785 1898 1840 si
1934 1784 2153 1854 quidem
2200 1796 2367 1837 carne
2407 1773 2739 1850 voluptatem
2781 1775 3046 1846 percepit,
3104 1775 3248 1831 sicut
3284 1774 3439 1828 dives

1854 1873 1966 1939 ille,
1993 1873 2202 1930 carebit
2226 1872 2502 1943 voluptate
2530 1885 2655 1926 cum
2698 1868 3002 1923 Abraham.
3034 1866 3106 1920 At
3155 1866 3198 1921 si
3240 1878 3434 1935 panem

1853 1966 2163 2024 amictionis
2201 1966 2459 2032 comedit,
2499 1974 2557 2019 ut
2592 1978 2801 2034 pauper
2834 1961 2944 2027 ille,
2982 1959 3056 2016 ibi
3096 1958 3435 2030 voluptatem

1851 2059 2082 2129 percipit
2109 2068 2162 2113 et
2192 2057 2509 2126 requiescit.

1921 2151 2042 2204 Alio
2094 2150 2273 2206 modo.
2324 2148 2582 2204 Dominus
2636 2147 2853 2216 iustitia
2910 2155 3029 2210 est,
3070 2144 3298 2209 veritas,
3348 2158 3437 2199 sa-

1848 2244 2077 2316 pientia,
2120 2240 2508 2298 sanctiﬁcatio.
2544 2240 2603 2295 Si
2656 2241 2827 2310 igitur
2869 2239 3147 2294 delicieris
3184 2238 3348 2293 etiam
3380 2238 3435 2291 in

1850 2333 2322 2407 speculationibus
2352 2332 2661 2402 sapientiae,
2684 2340 2741 2386 et
2769 2331 2821 2385 in
2854 2331 3162 2386 actionibus
3184 2329 3431 2399 justitiaz,

1850 2426 2130 2497 impletum
2160 2434 2244 2479 est
2282 2423 2413 2479 illud
2448 2417 2475 2479 ἰ
2514 2422 2793 2477 Oblectare
2828 2423 2882 2477 in
2925 2421 3177 2477 Domino.
3216 2418 3433 2474 Deliciae

1849 2518 2012 2588 igitur
2025 2529 2175 2580 sunt,
2206 2515 2610 2570 inhabitantetn
2636 2514 2841 2570 habere
2865 2514 3047 2570 omnia
3067 2513 3429 2568 viviﬁcantem

1851 2611 2017 2665 Deum
2050 2607 2314 2673 Verbum,
2347 2608 2438 2678 qui
2486 2607 2643 2678 panis
2683 2614 2768 2663 est
2805 2608 2932 2662 vita:
2967 2620 3166 2676 :quem
3209 2620 3331 2660 cum
3374 2606 3429 2658 in

1849 2700 2400 2771 nobishabuerimus,
2420 2702 2757 2771 accipiemus
2776 2716 2966 2755 omnes
2993 2699 3388 2770 postulationes
3413 2736 3430 2761 ,

1849 2814 1957 2854 non
2005 2795 2349 2865 simpliciter,
2392 2797 2488 2851 sed
2526 2794 2728 2851 cordis.
2776 2795 3051 2866 lntelliges
3084 2807 3251 2864 porro
3287 2792 3432 2860 quod

1848 2889 2075 2953 dicitur,
2116 2888 2162 2943 si
2219 2888 2607 2959 prosopoptnia
2657 2888 2835 2943 utaris
2886 2887 3131 2942 omnium
3183 2888 3434 2954 corporis

1849 2979 2235 3041 membrorum.
2275 2980 2568 3048 vidensque
2607 2979 2882 3048 quomodo
2921 2979 3222 3033 secundum
3273 2987 3432 3030 natu-

1849 3085 1964 3125 ram
2001 3070 2211 3141 aliquid
2261 3070 2561 3140 postulent.
2612 3070 2816 3126 Oculus
2877 3070 3046 3139 igitur
3093 3070 3138 3124 si
3199 3068 3432 3124 haberet

1848 3174 2057 3226 vocem,
2091 3160 2298 3214 diceret
2325 3161 2513 3230 utique
2547 3162 2645 3216 tibi
2687 3178 2701 3215 :
2740 3160 2964 3215 Postulo
3006 3160 3209 3225 lumen,
3246 3170 3432 3229 postu-

1850 3251 1902 3305 lo
1930 3252 2145 3307 colores
2174 3252 2363 3309 videre
2411 3264 2772 3324 congruentes
2824 3255 2978 3310 mihi.
3021 3255 3271 3317 Auditus,
3321 3251 3430 3307 Po-

1849 3344 1992 3401 stulo
2019 3360 2206 3401 vocem
2232 3346 2581 3411 concinnam,
2628 3361 2876 3401 suavem.
2928 3344 3147 3409 Gustus,
3211 3344 3431 3399 Postulo

1850 3436 2048 3501 dulcia,
2108 3434 2279 3508 fugito
2311 3452 2521 3492 amara.
2576 3435 2795 3502 Tactus,
2830 3435 3049 3491 Postulo
3083 3445 3430 3490 contrectare

1849 3528 2050 3595 mollia,
2087 3528 2306 3597 blanda,
2339 3528 2519 3585 lenia:
2553 3544 2663 3586 non
2695 3531 2898 3600 ignem,
2928 3547 3034 3585 non
3066 3546 3284 3601 aspera,
3321 3546 3429 3585 non

1848 3623 2166 3691 pungentia.
2218 3620 2684 3697 Quemadmodum
2722 3622 2887 3692 igitur
2908 3623 3132 3678 cuilibet
3159 3623 3430 3677 sentiendi

1846 3726 2056 3782 organo
2090 3715 2344 3783 estquod
2380 3714 2483 3769 sibi
2521 3728 2825 3784 congruum
2876 3714 3116 3785 postulet
3161 3716 3244 3769 vel
3292 3714 3431 3783 lngi-

1850 3812 1964 3858 tet:
1997 3812 2051 3859 et
2075 3804 2264 3860 oculus
2299 3805 2515 3873 quidem
2542 3807 2782 3876 postulat
2814 3806 3018 3871 lucem,
3050 3804 3280 3861 olfactus
3311 3819 3431 3859 sua-

1846 3896 2140 3961 veolentia,
2194 3899 2411 3953 auditus
2442 3904 2734 3966 concinna,
2788 3910 2844 3955 et
2897 3900 3102 3969 reliqua
3135 3897 3426 3953 similiter:

1847 3989 1920 4043 ita
1948 4005 2046 4044 cor
2075 3990 2456 4061 cogitationes,
2491 4009 2631 4063 quas
2667 4008 2696 4047 a
2725 3992 2955 4047 Domino
2991 3992 3348 4060 accipiemus,
3380 3989 3427 4044 si

1847 4080 1982 4134 nihil
2015 4081 2253 4135 alienum
2287 4098 2317 4137 a
2351 4083 2632 4153 voluptate
2662 4084 2805 4138 illius
2835 4084 2886 4138 in
2927 4083 3189 4138 cordibus
3217 4082 3426 4137 habea-

1849 4186 1991 4226 mus.
2041 4171 2197 4227 Tonc
2239 4176 2540 4245 poterimus
2572 4174 2818 4230 revelare
2868 4176 2916 4230 ei
2969 4176 3115 4231 viam
3161 4184 3424 4230 nostram.

1847 4257 2074 4333 Inspicit
2108 4262 2253 4317 enim
2308 4264 2687 4320 universorum
2730 4265 2875 4319 Deus
2902 4265 3174 4320 cultorum
3202 4279 3425 4321 suorum

1847 4363 2091 4407 sanctam
2159 4357 2659 4423 conversationem,
2714 4359 2861 4413 sicut
2908 4369 3198 4414 aversatur
3249 4371 3429 4412 mores

1844 4457 2037 4500 eorum
2070 4445 2162 4515 qui
2216 4462 2327 4503 non
2362 4459 2515 4505 recte
2544 4450 2735 4505 vivere
2768 4450 3147 4505 instituerunt.
3179 4448 3430 4520 Quapro-

1845 4547 1967 4609 pter
1993 4539 2217 4596 subdit:

186 4626 308 4700 Στίχ.
339 4629 853 4706 ε’,Ἆποκάλυψ-ον
882 4635 1032 4705 πρὸς
1053 4638 1274 4706 Κύριον
1295 4636 1411 4705 τὴν
1437 4636 1582 4691 ὀδόν
1606 4652 1745 4704 σου,

1854 4629 1922 4686 γ.
1950 4632 2005 4688 5.
2041 4632 2231 4689 Revela
2254 4640 2397 4706 apud
2428 4634 2711 4690 Dominum
2744 4636 2882 4689 viam
2921 4646 3092 4700 luam,
3120 4645 3168 4691 et
3192 4651 3343 4706 spera
3374 4635 3431 4690 in

269 4702 356 4755 καὶ
380 4705 648 4759 ἔλπισον
676 4702 772 4758 ἐπ’
799 4702 1007 4771 αὐτὸν,
1041 4702 1635 4774 καὶάὺτὸςποιήσει.

188 4790 310 4863 Στίχ.
331 4799 525 4871 ς¹.Κᾳὶ
556 4798 889 4871 ἐξοίσειᾼὼς
918 4799 1042 4871 φῶς
1067 4801 1183 4869 τὴν
1200 4801 1595 4871 δικαιοσύνην
1608 4818 1747 4867 σου,

397 4869 501 4922 καὶ
532 4869 604 4924 τὸ
633 4868 812 4939 κρῖμά
846 4868 964 4925 σοι)
986 4872 1067 4937 ὡς
1096 4868 1495 4942 μεσημϐρίαν.

245 4952 341 5027 (64)
366 4961 520 5027 "Eoo,
557 4962 749 5031 φησὶν,
787 4965 1038 5036 φανερῶς
1080 4964 1180 5037 τὴν
1221 4964 1562 5039 ἀρέσκουσαν
1598 4964 1749 5037 αὐτῷ

188 5044 381 5114 βαδίζων
402 5054 521 5109 ὁδὸν
545 5095 561 5118 ,
589 5055 867 5122 τουτέστι,
902 5057 1115 5130 γυμνὴν
1142 5046 1237 5113 καὶ
1262 5058 1643 5130 ἀναμφίαστον
1668 5056 1748 5129 τῷ

187 5134 281 5208 9εῷ
308 5141 399 5213 τὴν
432 5144 668 5198 σεαυτοῦ
702 5146 913 5211 δεικνὺς
942 5148 1218 5203 πολιτείαν
1237 5166 1249 5179 ·
1279 5149 1375 5203 καὶ
1398 5149 1619 5203 ἐλπισον
1651 5149 1739 5202 ἐπ’

186 5229 336 5299 αὑτὸν,
372 5236 535 5302 αὐτὸς
566 5239 626 5293 δὲ
659 5241 892 5313 ποιήσει.
943 5241 1032 5297 Ἐν
1064 5240 1142 5312 τῷ
1176 5242 1422 5313 μέλλοντι
1450 5241 1607 5296 αἰῶνι
1638 5242 1741 5313 ὲμ-

187 5324 338 5389 φανῶς
366 5333 719 5401 καταστήσει,
745 5334 841 5387 καὶ
870 5329 982 5389 οἷον
1010 5334 1303 5407 περίοπτον
1329 5336 1614 5406 ἀποφανεῖ,
1647 5335 1742 5389 λα-

186 5409 274 5500 θεῖν
301 5417 392 5471 οὐκ
423 5420 532 5473 ἐῶν
557 5421 661 5492 τῆς
692 5424 793 5496 σῆς
823 5424 1055 5491 εύξωῖας
1078 5427 1139 5481 τὸ
1170 5427 1383 5491 κάλλος.
1415 5428 1608 5481 Ἔσται
1630 5426 1741 5500 γὰρ

186 5498 356 5561 ἅπασιν
381 5512 623 5585 ἐναργὴς
648 5517 680 5588 ἡ
726 5518 1041 5591 δικαιοσύνη
1063 5500 1179 5586 σου,
1207 5519 1363 5592 δίκην
1392 5518 1568 5590 φωτὸς
1604 5498 1737 5575 dva-

186 5593 440 5667 λάμπουσα
473 5610 873 5680 μεσημϐρινοῦ.

2355 4722 2495 4769 eum,
2531 4718 2577 4758 et
2612 4708 2722 4773 ipse
2755 4706 2934 4774 (’aciet.

1853 4794 1915 4850 V.
1959 4794 2013 4853 6.
2064 4797 2134 4852 Et
2170 4799 2349 4869 efferet
2386 4812 2441 4851 ut
2475 4799 2652 4851 (auten
2697 4798 2971 4865 justitiam
3000 4809 3170 4866 tuam,
3200 4809 3250 4854 et
3274 4799 3432 4869 judi—

2241 4872 2381 4924 cium
2409 4880 2557 4922 tuum
2583 4869 2717 4921 sicut
2747 4869 3044 4923 meridiem.

1916 4956 2069 5025 Esto,
2110 4959 2310 5031 inquit,
2345 4958 2636 5013 manifeste
2686 4960 2976 5016 ambulans
3035 4959 3340 5029 placentem
3375 4957 3428 5013 ei

1845 5047 2011 5115 viam,
2050 5048 2102 5104 id
2125 5059 2228 5116 est,
2261 5052 2461 5105 nudam
2485 5063 2541 5106 et
2574 5063 2818 5121 apertam
2843 5052 2951 5107 Deo
2979 5051 3274 5107 ostendens
3297 5065 3429 5105 con-

1847 5142 2213 5197 versationem
2253 5152 2403 5196 tuam
2438 5160 2452 5196 :
2483 5150 2539 5197 et
2568 5158 2726 5211 spera
2759 5145 2812 5197 in
2844 5158 2992 5208 eum,
3029 5144 3145 5211 ipse
3179 5156 3309 5196 vero
3344 5140 3428 5195 fa-

1847 5243 1979 5299 ciet.
2026 5238 2086 5293 in
2135 5237 2322 5292 futuro
2363 5237 2565 5292 suacqu
2617 5237 2967 5291 manifestum
3018 5234 3334 5301 constituet,
3371 5245 3422 5290 et

1848 5327 2249 5404 quodammodo
2290 5327 2652 5397 conspicuum
2702 5328 2957 5383 omnibus
3006 5326 3421 5394 demonstrabit,

1848 5439 1957 5478 non
1991 5420 2199 5493 patiens
2225 5419 2398 5474 latere
2430 5418 2611 5486 proba:
2649 5418 2770 5472 vita:
2802 5426 2907 5471 tua;
2934 5415 3421 5487 pulchritudinem.

1850 5513 2124 5569 Eritenim
2149 5511 2361 5566 cunctis
2385 5509 2838 5582 evidensjustitia
2870 5518 2982 5579 tua,
3004 5509 3177 5566 instar
3200 5508 3426 5568 luminis

1846 5604 2131 5662 meridiani
2170 5603 2467 5675 refulgens.
2600 5627 2662 5642 ·λ
2803 5616 2807 5621 ο

240 5803 279 5835 ⁸⁸
310 5805 446 5868 Psal.
483 5827 646 5879 cvm,
678 5813 765 5869 l8.
842 5815 887 5848 "
915 5816 1071 5873 Rom.
1097 5831 1216 5883 xm,
1254 5816 1340 5873 14.
1421 5815 1467 5850 ⁸⁸
1494 5814 1743 5875 Coloss.t

1853 5814 1933 5871 Is.
2011 5816 2057 5851 σν
2104 5818 2415 5891 Εριι.νι.ιι.

243 5922 339 5994 (64)
363 5930 549 5997 Cyrill.
591 5940 644 5985 et
668 5932 817 6002 Orig.
