4004 6508
221 426 317 483 125

1404 414 1773 473 EXCERPTA
1811 414 1878 472 IN
1918 413 2257 473 PSALMOS.

3341 414 3445 470 126

215 559 321 612 γος,
352 540 443 594 καὶ
465 537 565 609 τῆς
592 537 936 611 δικαιοσύνης
960 536 1054 592 τοῦ
1087 533 1222 591 Θεοῦ
1255 535 1346 589 τὸν
1377 533 1587 606 καρπὸν
1605 549 1755 604 προσ·

1877 545 2056 602 scunt,
2113 535 2256 605 quod
2303 541 2386 589 est
2442 541 2697 589 extremae
2745 532 3104 604 insipientim;
3153 541 3440 604 pr0pterea

213 631 444 704 δέχεσθαί
474 647 628 701 φησι.

215 811 350 882 Στίχ.
365 815 434 881 η’.
453 807 685 863 Παῦσαι
701 805 820 861 ἀπὸ
835 803 1039 876 ὀργῆς,
1055 803 1152 858 καὶ
1169 799 1530 873 ἐγκατάλιπε
1558 802 1767 870 θυμόν.

288 899 583 968 Ἐπωφελὲς
613 897 674 950 τὸ
699 897 1048 968 παράδειγμα
1066 935 1082 960 ,
1122 893 1218 948 καὶ
1244 895 1356 958 τοῖς
1393 890 1768 961 ὑποτεταγμέ-

217 1009 315 1054 νοις
343 989 458 1058 Θεῷ
485 989 955 1060 πρεπωδέστατον.
990 986 1111 1060 Χρὴ
1155 985 1293 1056 γὰρ,
1343 983 1509 1053 φησι,
1559 982 1772 1055 πράους

215 1077 359 1144 εἶναι,
383 1080 473 1133 καὶ
494 1076 554 1133 εὖ
583 1081 727 1151 μάλα
760 1077 1186 1149 καθεστηκότας,
1223 1076 1315 1129 καὶ
1351 1073 1599 1139 εὐταξίαν
1623 1073 1770 1143 έχον-

213 1188 302 1234 τας
327 1171 405 1234 είς
430 1169 574 1235 νοῦν,
618 1167 949 1237 ἀγαπῶντάς
981 1183 1044 1221 τε
1075 1165 1369 1234 διαπαντὸς
1397 1164 1498 1235 τὴν
1536 1163 1644 1220 ἀπὸ
1669 1163 1768 1234 τῆς

217 1261 578 1335 μακροθυμίας
620 1261 852 1330 εὐοδίαν,
899 1259 994 1314 καὶ
1038 1259 1147 1313 τῶν
1186 1258 1246 1327 ἐξ
1289 1259 1460 1329 ὀργῆς
1508 1258 1766 1328 κυμάτων

213 1354 513 1424 ἀποφοιτᾷν.
549 1352 671 1407 Τῶν
707 1352 818 1425 γὰρ
865 1351 1052 1406 παθῶν
1084 1350 1206 1406 τινὰ
1239 1350 1336 1422 μὲν
1370 1350 1431 1404 οὐ
1469 1349 1657 1402 πίπτει
1688 1351 1767 1412 είς

212 1446 436 1510 ¹πολλοὺς,
465 1445 601 1500 ἁλλὰ
637 1447 734 1500 καὶ
766 1446 812 1498 οί
852 1445 1109 1515 τυχόντες
1147 1443 1420 1498 ἀπέϐαλον
1466 1442 1604 1495 αὐτὰ
1635 1458 1768 1512 προ-

211 1537 502 1600 κόπτοντες.
527 1537 602 1589 Τὺ
621 1535 730 1606 γὰρ
763 1536 956 1608 μιαρὸν
997 1535 1154 1588 τοῦτο
1182 1534 1370 1599 πάθος,
1404 1535 1437 1604 ἡ
1469 1534 1628 1606 ὀργὴ,
1675 1534 1768 1587 ὲκ·-

211 1627 335 1682 καίει
358 1628 450 1680 καὶ
477 1629 605 1690 τοὺς
631 1625 923 1689 δοκοῦντας
946 1620 1084 1678 εἶναι
1111 1625 1426 1696 φρονίμους,
1444 1625 1538 1678 καὶ
1566 1626 1768 1697 ταράσ-

211 1735 310 1771 σει·
346 1718 403 1772 οὐ
426 1718 548 1772 τινὰ
590 1719 709 1788 μὲν,
748 1717 870 1772 τινὰ
891 1717 936 1770 δ’
969 1715 1031 1770 οὐ
1059 1735 1072 1748 υ
1107 1715 1242 1770 ἁλλὰ
1271 1715 1561 1770 κινδυνεύω
1587 1717 1766 1785 λέγειν

209 1809 395 1872 πάντας
425 1809 522 1862 ἀνθ
532 1809 748 1882 ρώπους
779 1807 950 1879 παρὲξ
968 1806 1062 1862 τοῦ
1096 1807 1318 1873 τελείου,
1334 1808 1427 1864 ὲάν
1447 1825 1549 1861 που
1567 1808 1762 1880 εὑρεθῇ

207 1917 278 1964 τις
306 1900 520 1967 τέλειος.

205 2082 334 2154 Στίχ.
366 2082 512 2138 θ’.οι
553 2081 626 2136 δὲ
657 2082 1062 2154 ὑπομένοντες
1083 2081 1192 2154 τ’ρν
1223 2082 1443 2151 Κύριον
1471 2083 1762 2150 κληρονο-

757 2152 1032 2224 μήσουσι
1060 2152 1198 2222 γῆν.

265 2243 366 2315 (68)
395 2241 622 2318 Ἐπειδὴ
645 2245 915 2318 εἰώθαμεν
951 2265 1068 2309 πως
1089 2244 1174 2299 ἀεὶ
1192 2243 1300 2299 τῶν
1317 2243 1567 2315 πονηρῶν
1593 2243 1764 2296 ἁπαν-

207 2337 450 2404 ίπασθαι,
481 2340 564 2412 τῷ
586 2341 682 2394 τοῦ
716 2340 1036 2405 κολάζεσθαι
1059 2340 1168 2394 δέει
1194 2337 1590 2410 συνωθούμενοι
1627 2338 1762 2410 πρὸς

203 2429 485 2500 τὺάμεινον,
512 2431 704 2502 ἐφέσει
730 2432 787 2486 δὲ
808 2433 915 2486 τῶν
944 2431 1240 2505 παράθεοῦ
1257 2430 1612 2502 χαρισμάτων
1639 2447 1762 2484 συν-

201 2519 489 2575 ελαύνεσθαι
516 2524 603 2587 είς
627 2523 688 2577 τὸ
715 2524 905 2596 διαζῇν
926 2523 1195 2595 εὐνόμως·
1230 2523 1319 2578 διὰ
1341 2522 1520 2585 τοῦτο,
1538 2522 1717 2587 δείξας
1732 2523 1762 2576 ό

200 2610 389 2679 ψάλλων
441 2614 694 2686 ὀλέθριον
737 2613 847 2668 τῶν
897 2615 1347 2687 πονηρευομένων
1374 2615 1434 2668 τὸ
1458 2615 1628 2680 τέλος,
1660 2616 1762 2667 ὲπ-

201 2701 331 2771 άγει,
364 2705 443 2757 ὅτι
464 2709 528 2759 οἱ
569 2705 680 2758 τὸν
707 2707 927 2774 Κύριον
957 2705 1382 2776 ὑπομένοντες,
1407 2706 1682 2760 τουτέστιν
1709 2707 1760 2761 oi

199 2793 273 2846 διὰ
294 2796 580 2868 καρτερίας
596 2797 693 2849 καὶ
717 2797 994 2867 ὑπομονῆς
1017 2797 1108 2850 τὸν
1127 2797 1411 2868 εὐδόκιμον
1432 2796 1758 2869 κατορθοῦν-

201 2901 276 2948 τες
302 2885 426 2955 βίον,
458 2887 1000 2957 κληρονομήσουσι
1016 2887 1154 2958 γῆν,
1181 2889 1304 2959 ἥτις
1327 2889 1426 2942 οὐκ
1453 2889 1566 2942 ἔστι
1594 2889 1760 2960 μέρος

201 2977 378 3050 ταύτης
427 2979 524 3050 τῆς
575 2979 682 3051 γῆς
714 2979 818 3033 ὑπὸ
867 2980 1109 3052 κατάραν
1152 2980 1553 3052 γεγενημένης,
1589 2980 1655 3051 ἣν
1700 2982 1758 3034 ὲν

200 3066 371 3133 λύπαις
385 3070 551 3124 ἐσθίει
577 3071 758 3135 πάσας
778 3071 874 3135 τὰς
906 3072 1118 3144 ἡμέρας
1143 3073 1310 3126 αὐτοῦ
1339 3075 1367 3126 ὁ
1395 3071 1759 3143 ἐργαζόμενος

199 3159 373 3231 αὐτήν·
408 3162 545 3216 ἁλλὰ
579 3163 685 3233 γῆν
719 3163 967 3234 ἐκείνην,
997 3164 1095 3236 τὴν
1123 3167 1235 3227 τοίς
1274 3165 1456 3232 ἁγίοις
1500 3165 1760 3235 ηὐτρεπι-

1875 625 2000 680 dum
2029 641 2210 681 sermo
2243 631 2399 680 docet
2436 617 2686 696 oportere
2718 641 2816 681 nos
2840 641 2960 682 esse
2986 625 3342 696 longanimos.
3364 627 3442 681 ait

1872 732 2088 787 quoque
2131 717 2358 788 iustitiae
2402 717 2634 772 fructum
2663 733 2692 771 a
2723 718 2833 772 Deo
2859 732 2982 772 esse
3030 717 3438 772 attendendum.

1983 806 2046 865 V.
2103 807 2158 863 8.
2203 807 2394 861 Desine
2441 809 2504 862 ab
2539 809 2645 874 ira,
2681 819 2727 862 et
2769 811 2944 863 desere
2981 808 3334 863 iracundiam.

1941 897 2088 956 Utile
2111 899 2402 962 monitum,
2431 907 2484 951 et
2509 897 2577 952 iis
2609 899 2701 968 qui
2739 899 2967 967 subjecti
3000 908 3130 954 sunt
3165 899 3275 953 Deo
3303 913 3438 953 con-

1871 992 2336 1064 gruentissimum.
2370 989 2596 1059 Oportet
2625 991 2769 1046 enim
2790 1031 2806 1058 ,
2851 991 2950 1056 ait,
3001 1006 3100 1046 nos
3135 1005 3260 1046 esse
3281 1006 3440 1044 man-

1870 1092 2081 1147 suetos,
2109 1083 2313 1152 optime
2340 1081 2441 1137 sibi
2475 1091 2815 1147 constantes,
2847 1092 2901 1136 et
2925 1082 3349 1136 moderationem
3382 1082 3436 1137 in

1870 1173 2054 1228 animo
2085 1173 2328 1226 habere:
2361 1171 2587 1240 diligere
2616 1185 2830 1241 quoque
2862 1185 3079 1240 semper
3114 1171 3440 1239 provenien-

1869 1274 1978 1321 tem
2015 1281 2083 1320 ex
2114 1263 2528 1334 longanimitate
2561 1278 2898 1328 successum,
2949 1271 3004 1317 et
3044 1263 3110 1316 ab
3147 1261 3439 1317 iracundia

1869 1367 2005 1414 testu
2031 1368 2358 1426 temperare.
2389 1355 2467 1410 Ex
2495 1353 2868 1410 alTectionibus
2888 1354 3034 1409 enim
3059 1354 3302 1424 quadam
3332 1365 3436 1407 non

1867 1449 2069 1505 cadunt
2096 1449 2150 1502 in
2183 1451 2404 1511 multos,
2429 1448 2692 1515 quasdam
2723 1447 2886 1501 etiam
2909 1446 3148 1500 nonnulli
3185 1447 3252 1500 de
3279 1445 3440 1499 trivio

1867 1540 2118 1594 homines
2147 1538 2498 1608 proficientes
2554 1547 2846 1592 exuerunt.
2897 1537 3262 1592 Exsecrabilis
3310 1551 3438 1591 vero

1869 1631 1972 1686 ista
2010 1631 2212 1700 passio,
2238 1631 2422 1696 'iram,
2473 1631 2717 1699 inquam,
2767 1627 3046 1683 succendit
3088 1636 3143 1683 et
3193 1642 3288 1682 eos
3343 1627 3438 1697 qui

1865 1722 2123 1776 videntur
2181 1735 2304 1777 esse
2368 1721 2705 1790 prudentes,
2761 1727 2923 1785 atque
2971 1714 3296 1786 perturbat:
3329 1729 3435 1768 non

1865 1828 2034 1866 unum
2060 1811 2278 1882 quidem
2302 1812 2511 1880 utique,
2559 1810 2723 1864 alium
2767 1822 2897 1862 vero
2936 1822 3083 1873 non;
3139 1806 3232 1861 sed
3265 1806 3438 1860 audeo

1791 1886 1834 1942 Β
1864 1904 2043 1959 dicere
2079 1918 2268 1958 omnes
2320 1917 2547 1973 prorsus
2595 1903 2840 1957 homines
2889 1907 3086 1970 praeter
3115 1897 3435 1968 perfectum,

1865 1993 2040 2049 sicubi
2075 1994 2304 2049 inveniri
2331 2003 2510 2063 potest
2541 1993 2630 2064 qui
2660 1993 2730 2048 sit
2761 1991 3054 2061 perfectus.

1867 2086 1930 2141 ν.
1989 2086 2044 2143 9.
2096 2086 2427 2142 Sustinentes
2459 2095 2636 2138 autem
2696 2084 3008 2148 Dominum,
3051 2081 3434 2138 hwreditabttnt

2558 2167 2773 2208 terram.

1933 2250 2200 2317 Quoniam
2287 2249 2673 2307 consuevimus
2754 2247 3155 2316 quodammodo
3219 2260 3438 2315 semper

1861 2343 2122 2397 adversus
2153 2357 2346 2412 pravos
2369 2341 2675 2408 insurgere,
2706 2348 2850 2392 metu
2875 2351 3047 2408 paenae
3073 2337 3434 2406 propellentes

1861 2447 1956 2489 eos
1985 2433 2050 2486 ad
2084 2433 2363 2488 meliorem
2403 2431 2636 2502 frugem,
2690 2445 2801 2499 quo
2849 2428 3122 2485 desiderio
3165 2428 3433 2483 donorum

1862 2527 1954 2582 Del
1994 2535 2260 2596 cogantur
2283 2525 2350 2579 ad
2381 2524 2520 2579 bene
2565 2524 2901 2590 honesteque
2931 2519 3223 2574 vivendum
3245 2557 3262 2583 ,
3311 2532 3437 2588 pro-

1869 2626 2056 2686 pterea
2085 2613 2380 2670 ostendens
2407 2611 2683 2682 psalmista
2734 2609 3100 2680 perniciosum
3141 2622 3434 2678 pravorum

1861 2704 2049 2771 ﬁnem,
2086 2702 2393 2759 subinlert:
2422 2700 2751 2756 Sustinenles
2797 2697 3078 2751 Dominum
3099 2739 3114 2766 ,
3153 2698 3206 2751 id
3232 2706 3314 2752 est
3345 2695 3438 2765 qui

1862 2809 1930 2851 ex
1962 2793 2288 2850 fortitudine
2316 2802 2370 2848 et
2391 2791 2647 2863 patientia
2673 2788 2999 2844 laudabilem
3022 2789 3187 2842 vitam
3213 2789 3434 2858 degunt,

1859 2884 2245 2940 hereditabunt
2297 2895 2512 2950 terram,
2572 2897 2694 2952 quae
2749 2895 2856 2934 non
2909 2888 2996 2933 est
3053 2878 3230 2946 portio
3278 2888 3437 2932 terra:

1860 2977 2018 3031 istius
2041 2975 2300 3043 subjecta:
2324 2974 2640 3036 maledicto,
2657 2973 2724 3027 de
2747 2986 2851 3040 qua
2883 2973 2936 3026 in
2961 2970 3238 3026 doloribus
3263 2985 3436 3024 come-

1859 3069 1939 3124 dit
1987 3082 2177 3122 omnes
2215 3067 2331 3122 dies
2375 3081 2506 3120 suos
2565 3065 2657 3133 qui
2722 3065 2851 3118 colit
2879 3078 2997 3117 eam
3027 3081 3041 3118 :
3075 3063 3170 3117 sed
3233 3071 3434 3116 terram

1859 3159 2005 3214 illam
2036 3158 2242 3213 sanctis
2262 3166 2641 3228 prmparatam.
2672 3155 2972 3209 [hereditas
2999 3154 3197 3223 quippe
3218 3167 3430 3220 eorum,

201 3251 396 3324 σμένην.
421 3254 644 3326 Κλῆρος
668 3253 774 3325 γὰρ
797 3255 979 3318 αὐτοῖς
995 3257 1029 3324 ὴ
1054 3255 1160 3308 τῶν
1179 3255 1347 3324 ἁγίων
1372 3254 1704 3318 καλλίπολις,
1725 3255 1755 3326 ἡ

1862 3258 1945 3305 est
1969 3249 2331 3318 pulcherrima
2369 3249 2458 3302 illa
2493 3248 2706 3314 civitas,
2732 3261 2854 3316 quae
2880 3255 2933 3302 et
2957 3257 3145 3300 sancta
3173 3255 3228 3300 et
3260 3260 3424 3314 supe-

201 3341 301 3414 ίερά
322 3361 376 3398 τε
398 3347 489 3399 καὶ
515 3347 656 3412 ἄνω,
691 3340 758 3418 ἦς
797 3346 1125 3417 κληροδότης
1143 3347 1293 3410 Θεός.
1321 3346 1432 3418 (69)
1463 3348 1674 3416 Ὠσπερ
1696 3345 1754 3399 δέ

199 3432 321 3487 ἐστιν
344 3438 370 3489 ό
393 3437 589 3510 Σωτὴρ
627 3438 787 3503 σοφία
806 3477 821 3503 ,
851 3437 1043 3506 Λόγος,
1066 3438 1256 3510 εἰρήνη
1288 3439 1382 3492 καὶ
1407 3437 1718 3508 δικαιοσύνη
1736 3478 1752 3505 ,

199 3519 342 3588 οὕτως
367 3528 458 3580 καὶ
496 3527 774 3599 ὑπομονή.
807 3528 1120 3599 Γέγραπται
1147 3528 1275 3599 γάρ’
1308 3529 1417 3582 Καὶ
1446 3528 1563 3582 νῦν
1595 3529 1687 3595 τίς
1711 3530 1751 3598 ἠ

198 3615 438 3685 ὑπομονὴ
455 3635 620 3688 μου;
647 3619 795 3689 Οὐχὶ
817 3621 1032 3688 Κύριος
1049 3637 1068 3685 ;
1110 3622 1226 3690 ’Λφ’
1254 3613 1317 3674 οὗ
1341 3621 1602 3692 ἀρύεσθαί
1634 3622 1753 3675 ἐστι

199 3705 275 3764 καὶ
298 3707 588 3780 λαμϐάνειν
616 3711 815 3778 πάντα,
851 3711 886 3766 ἂ
913 3713 1126 3780 λέγεται
1151 3708 1288 3766 εἶναι
1310 3713 1451 3766 κατὰ
1481 3714 1580 3778 τὰς
1611 3713 1755 3784 Γρα-

199 3797 286 3865 φέις
309 3802 616 3873 ὀΧριστός.
662 3803 748 3867 Ὡς
785 3803 894 3875 γὰρ
942 3806 1139 3874 μετοχῇ
1180 3803 1346 3856 αὐτοῦ
1381 3804 1578 3857 δίκαιοι
1605 3805 1754 3872 γινὸα

200 3889 314 3956 μεθα
341 3894 428 3946 καὶ
456 3895 641 3964 σοφοὶ,
666 3895 760 3949 καὶ
793 3895 1148 3966 εἰρηνεύομεν
1167 3911 1181 3926 °
1210 3895 1384 3959 οὕτως
1412 3897 1505 3949 καὶ
1553 3898 1753 3967 μετοχῇ

197 3982 334 4036 αὐτοῦ
360 3985 727 4057 ὑπομένομεν.
770 3984 1041 4058 Ἦσύχαζε
1085 3982 1178 4040 οὖν
1214 3987 1499 4059 ὑπομένων
1527 3988 1622 4042 καὶ
1664 3990 1755 4041 ὲκε-

199 4068 451 4145 δεχόμενος
482 4077 577 4130 τὸν
615 4075 768 4143 Θεὸν,
810 4075 887 4146 μὴ
929 4077 1328 4148 ταραττόμενος
1366 4081 1478 4142 τοῖς
1499 4077 1748 4150 παροῦσι.

254 4242 386 4316 Στίχ.
419 4253 508 4301 ια’.
533 4250 605 4301 Ol
627 4245 695 4300 δὲ
723 4247 931 4316 πραεῖς
961 4248 1497 4319 κληρονομήσουσι
1529 4250 1666 4320 γῆν.

249 4334 301 4386 Οἱ
346 4336 450 4390 ἀπὸ
481 4337 842 4393 Οὐαλεντίνου
891 4340 984 4392 καί
1027 4357 1189 4394 τινων
1223 4342 1460 4414 ἐτέρων,
1514 4343 1752 4414 οἰόμενοι

192 4423 266 4476 τδν
293 4426 510 4501 Σωτῆρα
533 4431 718 4498 λέγειν
747 4431 814 4486 τὰ
844 4431 919 4503 μὴ
963 4432 1230 4504 εἰρημένα
1267 4435 1325 4488 ὲν
1351 4436 1466 4498 τοῖς
1501 4435 1753 4500 παλαιοῖς

193 4511 504 4585 Γράμμασιν,
533 4517 788 4574 ἐντεῦθεν
831 4519 1260 4592 ὲλεγχέσθωσαν,
1309 4522 1622 4589 ἀκούοντες,
1666 4526 1749 4578 ὅτι

1859 3339 1971 3396 rior
1996 3341 2166 3404 audit,
2198 3340 2356 3410 cujus
2389 3341 2713 3395 distributor
2739 3347 2824 3392 est
2866 3339 3025 3392 Deus.
3059 3337 3212 3412 Sicut
3238 3347 3421 3391 autem

1859 3431 2110 3488 Salvator
2136 3441 2216 3487 est
2255 3431 2544 3500 sapientia,
2577 3431 2836 3496 Verbum,
2873 3446 2974 3500 pax
3005 3438 3058 3484 et
3080 3429 3322 3500 justitia,
3351 3428 3429 3481 ita

1856 3521 2019 3576 etiam
2055 3523 2340 3592 patientia.
2374 3521 2648 3592 Scriptum
2677 3532 2764 3577 est
2792 3522 2938 3577 enim
2966 3539 2979 3574 :
3010 3518 3076 3573 Et
3121 3537 3280 3584 nunc,
3313 3534 3432 3588 qua:

1854 3628 1929 3672 est
1965 3618 2219 3686 patientia
2252 3619 2412 3674 mea?
2452 3617 2638 3671 Nonne
2678 3616 2938 3670 Dominus
2968 3615 3056 3668 7'?
3084 3631 3112 3668 a
3154 3630 3262 3684 quo
3292 3613 3431 3667 hau-

1854 3707 1972 3762 rire
2020 3717 2234 3776 oportet
2258 3716 2313 3761 et
2337 3707 2589 3775 accipere
2618 3705 2822 3769 omnia,
2869 3719 2992 3773 quze
3030 3703 3279 3757 Christus
3309 3716 3432 3756 esse

1855 3799 2055 3855 dicitur
2075 3799 2375 3854 secundum
2409 3797 2739 3869 Scripturas.
2763 3796 2936 3852 Sicuti
2963 3794 3109 3850 enim
3136 3793 3432 3864 participa-

1856 3894 2003 3948 tione
2031 3891 2149 3961 ejus
2177 3891 2514 3960 (imusjusti,
2556 3900 2612 3946 et
2649 3891 2947 3958 sapientes,
2973 3897 3026 3942 et
3056 3886 3270 3956 paciﬁci
3292 3925 3308 3948 ,
3351 3885 3428 3938 ita

1852 3994 2067 4048 quoque
2098 3979 2521 4048 participatione
2552 3975 2671 4045 ejus
2695 3977 2853 4031 ﬁmus
2879 3976 3174 4045 patientes.
3195 3975 3432 4041 Quiesce

1852 4070 2019 4140 igitur
2047 4070 2328 4124 sustinens
2372 4083 2426 4124 et
2471 4079 2801 4138 exspectans
2848 4067 3036 4132 Deum,
3083 4081 3427 4136 nequaquam

1851 4160 2014 4215 rebus
2041 4161 2395 4230 praesentibus
2428 4160 2793 4230 perturbatus.

1957 4250 2022 4305 ν.
2073 4251 2160 4306 11.
2209 4250 2476 4306 Mansueti
2520 4269 2639 4307 vero
2671 4250 3059 4305 Itazreditabunt
3101 4261 3318 4305 terram.

1921 4343 2287 4400 Valentiniani
2331 4355 2391 4399 et
2448 4344 2541 4398 alii
2596 4345 2858 4414 quidam,
2917 4344 3019 4396 rati
3087 4342 3425 4398 Salvatorem

1851 4435 2035 4491 dicere
2079 4450 2200 4506 qua:
2234 4442 2576 4505 nequaquam
2609 4435 2661 4488 in
2701 4433 2898 4504 priscis
2944 4431 3243 4501 Scripturis
3284 4433 3428 4486 dicta

1849 4536 2002 4592 sunt,
2043 4542 2109 4582 ex
2142 4526 2244 4582 hoc
2275 4525 2394 4582 loco
2430 4535 2755 4597 arguantur,
2807 4524 2933 4578 dum
2970 4524 3198 4577 audiunt
3231 4541 3244 4577 :
3274 4522 3426 4576 Beati

195 4606 446 4676 Μακάριοι
475 4611 713 4680 πραεῖς,
743 4613 833 4666 ὅτι
872 4612 1046 4667 αὐτοὶ
1073 4613 1605 4683 κληρονομήσουσι
1636 4615 1751 4684 τὴν

1860 4619 2137 4683 ηιαιηιιειί,
2190 4619 2312 4688 quia
2346 4619 2452 4688 ipsi
2477 4618 2860 4672 kwreditabunt
2905 4626 3103 4670 terram
3157 4615 3246 4671 ’δε
3279 4616 3426 4684 quod

194 4696 302 4765 πῖν’.
323 4701 517 4775 Εἴρητο
554 4704 657 4776 μὲν
685 4704 777 4757 καὶ
805 4704 1070 4776 πρότερον
1101 4705 1190 4760 διὰ
1220 4705 1514 4768 Δασῶξύπὸ
1533 4705 1625 4760 τοῦ
1651 4708 1747 4764 αύ-

193 4790 267 4842 τοῦ
289 4793 620 4866 Πνεύματος.

247 4880 343 4954 (70)
369 4887 876 4960 Οἰκονομικιῖηερον
920 4889 977 4942 δὲ
1008 4887 1130 4942 λίαν
1161 4889 1190 4942 ό
1232 4887 1396 4941 Δαϐὶδ
1427 4889 1750 4962 ἀντιπαρεξ-

190 4969 412 5042 hami;
421 4980 531 5034 τῶν
554 4981 889 5052 παρανόμων
914 4980 1170 5034 κολάσεσι
1185 4979 1252 5033 τὰ
1265 4979 1375 5033 τῶν
1397 4980 1566 5048 ἁγίων
1586 4981 1746 5052 γέρα.

202 5059 365 5138 Ἀκονᾷ
405 5070 461 5123 δὲ
493 5070 586 5124 διὰ
619 5069 826 5124 τούτων
871 5071 1070 5134 αὐτοὺς
1104 5072 1184 5135 είς
1226 5070 1414 5140 ἔφεσιν
1458 5071 1744 5144 εὐανδρίας

193 5163 552 5233 πνευματικῆς,
581 5163 649 5216 δι’
676 5158 744 5234 ἦς
770 5162 838 5216 ἂν
863 5163 1072 5231 γένοιτο
1091 5161 1391 5233 κατορθοῦν
1419 5163 1597 5215 πάντα
1619 5163 1742 5234 τρό-

193 5260 269 5298 πον
301 5251 511 5324 ἀρετῆς.
565 5253 682 5325 (Ἠ)
729 5253 914 5325 Ταύτῃ
959 5253 1044 5306 τοί
1095 5270 1292 5325 φησιν·
1321 5256 1387 5307 Οί
1428 5253 1498 5307 δὲ
1533 5253 1742 5323 πραεῖς

191 5333 689 5414 Μηρονομήᾶουσι
742 5345 880 5416 γῆν,
928 5346 1029 5416 τὴν
1076 5345 1201 5400 ἁνωι
1229 5344 1450 5416 δηλαδή.
1503 5346 1570 5398 Et
1630 5346 1740 5418 γάρ

189 5426 308 5488 ἐστιν
332 5435 386 5489 ἐν
404 5438 660 5508 οὐρανοῖς
687 5438 828 5492 κατὰ
859 5437 1069 5492 Παῦλον
1101 5437 1456 5510 Ἰερουσαλὴμ
1489 5425 1582 5492 καὶ
1603 5439 1740 5492 Σιὼν

188 5510 306 5580 ὅρος,
337 5521 631 5577 ἀκόλουθον
656 5525 751 5579 καὶ
793 5525 898 5596 γῆν
933 5529 1096 5589 νοεῖν,
1140 5525 1208 5596 ἣν
1239 5525 1739 5598 κληρονομήσουσιν

245 5606 283 5637 ⁷⁸
307 5608 440 5666 Psal.
476 5630 712 5679 xxxvut,
751 5615 806 5671 8.
886 5615 932 5648 ⁷⁸
983 5610 1176 5670 Matth.
1208 5629 1262 5683 v,
1291 5613 1346 5669 ι.

267 5701 343 5766 68)
370 5705 467 5761 Ms.
500 5710 707 5780 Cyrillo
750 5710 959 5766 tribuit.

370 5779 556 5850 Cyrilli
601 5789 654 5835 et
680 5780 954 5852 Origeuis.

193 5773 563 5898 οῐδξὲἶϋγιιίυἷ
601 5780 954 5852 etOrigeuis.
1018 5778 1158 5836 lliuc
1211 5776 1477 5850 Origenes
1524 5778 1737 5839 videtur

1852 4719 2011 4763 antea
2065 4724 2282 4780 quoque
2313 4709 2517 4766 dictum
2547 4709 2728 4765 fuerat
2769 4725 2868 4778 per
2924 4707 3093 4763 David
3132 4707 3200 4761 ab
3232 4709 3425 4762 eodem

1854 4800 2081 4871 Spiritu.

1924 4893 2132 4948 Eximia
2165 4896 2430 4963 sapientia
2481 4896 2633 4950 valde
2671 4894 2842 4949 David
2881 4894 3170 4964 impiorum
3219 4888 3424 4960 suppli-

1853 4983 1953 5038 ciis
2008 4999 2040 5037 e
2077 4987 2304 5054 regione
2348 4987 2573 5056 opponit
2619 4998 2936 5040 sanctorum
3003 4981 3418 5038 retributiones.

1846 5073 2077 5130 Exacuit
2098 5091 2231 5131 vero
2277 5092 2372 5147 per
2397 5079 2511 5132 haec
2531 5078 2654 5134 illos
2681 5081 2747 5132 ad
2789 5076 3120 5133 desiderium
3145 5071 3420 5142 generosi-

1847 5165 1980 5221 tatis
2006 5165 2331 5235 spiritualis,
2357 5183 2464 5236 qua
2489 5169 2583 5222 fiat
2612 5179 2670 5222 ut
2709 5181 2923 5222 omnem
2963 5164 3178 5220 modum
3203 5159 3421 5215 virtutis

1847 5258 2063 5327 assequi
2097 5258 2331 5312 valeant.
2372 5259 2666 5328 Propterea
2692 5260 2825 5314 dicit
2855 5274 2870 5314 ε
2899 5253 3163 5310 Μαηειιειί
3197 5251 3420 5306 heredi-

1846 5349 2032 5402 tabunt
2076 5357 2296 5417 terram,
2325 5366 2618 5421 supernam
2657 5351 2928 5406 videlicet.
2977 5347 3033 5402 Si
3065 5345 3217 5400 enim
3256 5344 3417 5400 estin

1844 5439 2024 5504 cmlis,
2052 5439 2209 5508 juxta
2246 5439 2500 5506 Paulum,
2547 5440 2875 5507 Jerusalem,
2928 5447 2983 5494 et
3036 5452 3192 5492 mons
3246 5434 3416 5498 Sion,

1843 5547 2188 5602 consequens
2223 5545 2308 5590 est
2365 5546 2425 5590 ut
2470 5535 2542 5591 ibi
2589 5534 2754 5590 etiam
2803 5540 3008 5588 terram
3047 5527 3416 5598 concipiamus

1937 5712 2026 5788 29)
2052 5715 2252 5788 ιὲύριλρ

1912 5727 2027 5855 ίέῗί
2054 5727 2296 5860 se».
