4004 6508
236 346 322 401 129
1405 339 1772 397 EXCERPTA

1878 338 1884 392 ί
1916 338 2255 397 PSALMOS.

3355 350 3463 404 150

232 462 352 517 κατά
402 459 501 512 τῶν
572 458 798 513 δικαίων
850 461 1067 531 χρᾶται.
1104 460 1210 514 Ἰδε
1268 459 1519 528 γυναῖκα,
1563 457 1656 510 καὶ
1699 458 1772 508 ἐπ

1895 456 2115 522 diaboli,
2147 457 2344 527 quibus
2374 457 2551 512 utitur
2578 460 2843 515 adversus
2873 462 3069 532 justos.
3102 461 3238 518 Vide
3272 467 3464 521 mulie-

233 549 519 605 εδούλευσάν
570 565 676 601 σοι.
703 549 766 601 Εἰ
789 548 866 620 μὴ
893 547 1045 619 βέλος
1073 548 1189 602 ἐστὶ
1209 545 1624 618 πεπυρωμένον,
1667 545 1779 617 πῦρ

230 645 401 716 ἔχουσα
429 644 482 696 ἐν
511 641 760 711 στόματι,
794 641 882 695 ἴνα
908 639 1118 715 λαλήσῃ
1152 643 1245 695 καὶ
1280 639 1457 711 καύσῃ
1486 655 1568 701 σε,
1593 639 1652 691 ἐν
1674 654 1779 708 χειν

234 736 295 807 pl,
322 736 375 787 ἐν
404 733 502 804 ὅλῳ
528 732 606 803 τῷ
640 730 871 804 σώματι,
908 735 965 786 ἐν
1004 733 1101 804 ὅλῃ
1132 736 1197 805 τῇ
1225 732 1407 803 ψυχῗη
1445 731 1555 784 Καὶ
1590 728 1780 800 ὥσπερ

228 827 253 880 δ
298 823 416 888 Θεὸς
464 824 663 891 τίθησι
704 823 887 888 τόξον
932 822 1004 877 ἐν
1041 821 1117 892 τῇ
1169 822 1419 893 νεφέλῃ,
1463 821 1549 874 ἴνα
1593 820 1779 893 παύσῃ

230 920 462 990 χειμῶνα,
489 919 585 973 καὶ
610 912 685 991 μή
711 918 925 990 γίνηται
972 919 1382 991 κατακλυσμός⁸
1439 917 1601 985 οὕτω,
1634 915 1779 971 κατὰ

227 1009 281 1063 τὸ
300 1010 673 1080 ἀντικείμενον,
704 1010 730 1062 ὁ
755 1009 987 1080 πονηρὸς
1015 1011 1396 1082 χρᾶταιτόξῳ,
1456 1010 1541 1063 ἵνα
1596 1010 1778 1082 παύσῃ

229 1101 437 1172 γαλήνην
463 1100 570 1153 ἀπὸ
597 1099 797 1170 ψυχῆς,
825 1100 919 1153 καὶ
972 1101 1193 1172 εἰρήνην
1233 1100 1422 1175 σϐέσῃ,
1481 1100 1576 1154 καὶ
1622 1100 1779 1154 πόλε-

232 1212 315 1267 μον
331 1191 529 1263 ἐγείρῃ,
566 1188 661 1243 καὶ
687 1189 930 1261 χειμῶνα
962 1190 1181 1263 ποιήσῃ.
1210 1191 1434 1262 Μήποτε
1456 1190 1512 1244 δέ
1539 1194 1593 1244 οἱ
1627 1206 1778 1243 πτω-

228 1286 308 1355 χοὶ
338 1283 426 1336 καὶ
452 1280 710 1348 πένητες
738 1280 1082 1350 ἀδελφοίείσι
1108 1280 1227 1335 τῶν
1264 1282 1488 1336 εὑθέων
1523 1281 1598 1351 τῇ
1640 1298 1779 1351 reap-

224 1378 309 1444 δίᾳ
328 1417 343 1441 ,
373 1378 423 1429 oi
454 1372 677 1442 πτωχοὶ
709 1372 791 1438 τῷ
820 1374 1131 1443 πνεύματι,
1167 1373 1262 1437 οὓς
1284 1372 1502 1445 ζητοῦσι
1530 1372 1772 1428 καταδα-

224 1470 318 1523 λείν
341 1470 385 1520 οἱ
407 1466 679 1536 δαίμονες.
716 1463 843 1519 Ἐὰν
872 1466 989 1539 ἴδῃς
1019 1466 1520 1537 σκανδαλιζόμενον,
1552 1468 1647 1521 καὶ
1674 1468 1778 1522 ὑπὸ

221 1560 307 1632 τῆς
322 1558 588 1630 ἁμαρτίας
621 1558 1052 1630 κεκρατημένον,
1083 1558 1267 1629 βλέπε,
1291 1559 1374 1612 ὅτι
1403 1554 1557 1623 οὗτος
1606 1560 1777 1630 ἔσφα-

223 1669 345 1713 κται,
377 1648 554 1703 καὶτὸ
578 1642 721 1719 αἷμα
752 1647 917 1701 αὑτοῦ
965 1650 1068 1718 ῥεῖ,
1104 1648 1135 1701 δ
1181 1648 1402 1720 ἐκζητεῑ
1441 1650 1594 1714 θεός.
1638 1652 1774 1704 Ἀπ-

222 1742 371 1795 ὠλετο
399 1740 503 1811 γὰρ
532 1742 569 1810 ή
596 1738 798 1810 ζωτική
816 1738 1044 1810 δύναμις
1074 1740 1264 1793 αὐτοῦ*
1294 1740 1525 1810 ἐπιζητεῖ
1557 1743 1615 1796 δέ
1647 1743 1779 1798 αὐτὸ

1886 562 2021 612 rem,
2074 557 2129 601 et
2157 548 2398 603 insidiati
2427 559 2550 603 sunt
2580 551 2699 606 tibi.
2749 553 2829 605 An
2868 568 2977 607 non
3013 555 3176 608 telum
3205 563 3287 609 est
3324 557 3464 623 igni-

1881 647 2023 704 tum,
2057 639 2234 711 ignem
2288 641 2500 697 habens
2547 643 2600 697 in
2656 658 2775 710 ore,
2806 654 2864 698 ut
2894 646 3151 714 loquatur
3183 657 3236 701 et
3266 660 3462 704 exurat

1883 740 1957 793 te,
1992 731 2043 784 in
2071 746 2254 797 manu,
2282 733 2333 787 in
2366 743 2478 787 toto
2505 748 2755 805 corpore,
2795 737 2849 790 in
2877 746 2988 791 tota
3030 738 3250 792 anima?
3279 739 3343 793 Et
3363 739 3463 793 sic-

1878 833 1935 877 ut
2001 821 2145 877 Deus
2173 824 2318 892 ponit
2344 841 2526 878 arcum
2555 827 2610 879 in
2636 828 2775 881 nube
2790 829 2982 898 ",quo
3003 841 3315 898 compescat
3334 847 3457 901 pro-

1880 913 2093 978 cellam,
2126 929 2225 968 nee
2253 916 2344 968 fiat
2370 915 2633 971 diluvium
2664 939 2674 972 :
2708 920 2782 973 ita
2838 935 2904 974 ex
2956 922 3259 985 contrario,
3301 922 3458 975 mali-

1878 1018 2018 1073 gnus
2050 1004 2221 1057 utitur
2255 1019 2410 1070 arcu,
2444 1018 2503 1061 ut
2532 1003 2747 1062 cessare
2791 1009 2955 1063 faciat
2997 1012 3349 1067 serenitatem
3387 1014 3455 1069 ab

1877 1095 2081 1160 anima,
2111 1106 2165 1150 et
2200 1112 2384 1166 pacem
2405 1099 2737 1169 exstinguat,
2764 1100 2960 1155 bellum
2991 1102 3208 1168 excitet,
3237 1113 3290 1158 et
3322 1114 3459 1158 tem-

1876 1196 2142 1251 pesmtem
2179 1185 2398 1243 efficiat.
2448 1188 2612 1245 Forte
2645 1200 2826 1245 autem
2860 1208 3116 1259 pauperes
3159 1202 3208 1247 et
3250 1195 3444 1263 egeni,

1877 1286 2004 1330 sunt
2040 1276 2237 1333 fratres
2261 1289 2526 1333 rectorum
2560 1282 2741 1345 corde,
2770 1298 3026 1349 pauperes
3071 1283 3286 1350 spiritu,
3319 1297 3457 1351 quos

1877 1378 2129 1435 qumrunt
2158 1366 2444 1436 proﬂigare
2475 1369 2768 1423 danuones.
2789 1370 2845 1424 Si
2877 1386 3038 1440 quem
3067 1372 3271 1428 videris
3296 1388 3459 1428 sean-

1878 1456 2173 1511 dalizatum
2206 1467 2262 1513 et
2293 1470 2523 1528 peccato
2551 1460 2845 1515 obnoxium
2877 1501 2892 1527 ,
2949 1463 3170 1517 attende
3220 1465 3348 1532 quia
3408 1464 3456 1520 is

1871 1546 2152 1618 jugulatus
2171 1560 2279 1616 est,
2303 1560 2359 1606 et
2387 1553 2608 1622 sanguis
2636 1551 2754 1619 ejus
2778 1551 2914 1618 ﬂuit,
2943 1562 2998 1606 et
3023 1553 3251 1621 requirit
3283 1552 3450 1607 Deus.

1877 1637 2089 1694 lnteriit
2121 1642 2267 1696 enim
2314 1643 2501 1697 vitalis
2535 1643 2765 1699 facultas
2793 1643 2912 1712 ejus
2940 1663 2957 1700 ι
2992 1645 3217 1715 requirit
3271 1654 3455 1699 autem

1879 1728 2031 1783 illum
2065 1731 2204 1786 Deus
2260 1749 2292 1785 a
2325 1733 2496 1801 fratre
2529 1748 2578 1788 et
2609 1736 2773 1789 bestia
2803 1737 2885 1801 ἠς
2917 1752 2945 1790 a
2988 1736 3148 1792 fidele
3179 1736 3456 1790 scandali-

220 1833 319 1887 ἀπὸ
348 1831 610 1900 ἀδελφοῦ
642 1833 741 1885 καὶ
783 1829 900 1884 ἀπὸ
934 1832 1143 1899 θηρίου
1167 1847 1181 1862 ·
1219 1832 1327 1886 ἀπὸ
1373 1833 1567 1887 πιστοῦ
1611 1851 1772 1890 σκανα

1878 1831 2037 1878 zante
2071 1825 2347 1896 videlicet,
2372 1836 2429 1883 et
2458 1828 2527 1883 ab
2555 1828 2733 1884 alieno
2763 1844 2793 1883 a
2829 1830 2955 1893 tide,
2986 1838 3043 1884 et
3080 1847 3111 1883 α
3133 1845 3292 1883 manu
3332 1844 3450 1897 spe-

220 1922 512 1988 δαλίζοντος,
542 1924 640 1976 καὶ
661 1922 769 1976 ἀπὸ
793 1922 1074 1994 ἀλλοτρίου
1105 1923 1207 1995 τῆς
1229 1924 1489 1989 πίστεως,
1522 1926 1616 1979 καὶ
1654 1926 1772 1982 ἀπὸ

221 2014 313 2084 τῆς
331 2014 519 2084 χειρὸς
543 2015 655 2069 τοῦ
683 2013 936 2069 σκοποῦ.

281 2103 379 2173 (72)
423 2102 583 2156 Ἀλλά
609 2102 780 2156 ταῦτα
813 2103 911 2173 μὲν
937 2102 1066 2166 ἴσως
1097 2103 1512 2175 περιεργότερον
1537 2104 1770 2176 εἴρηται.

231 2195 278 2247 ’0
306 2194 475 2265 μέντοι
510 2194 735 2264 ψάλλων
749 2192 1108 2247 διαλευκαίνει
1131 2195 1237 2247 πᾶν
1267 2194 1330 2247 τὸ
1357 2194 1459 2265 ήδη
1488 2196 1672 2267 ῥηθὲν,
1690 2194 1770 2250 τό’

222 2286 472 2340 Κατανοεῐ
499 2289 533 2340 ό
566 2286 917 2355 ἁμαρτωλὸς
941 2287 1048 2341 τὸν
1095 2286 1350 2351 δίκαιον,
1388 2287 1551 2358 φημί.
1590 2288 1775 2343 Καθά-

221 2394 307 2447 περ
336 2376 436 2449 γάρ
465 2378 522 2429 ἐν
560 2376 753 2430 πίνακι
777 2377 964 2446 σαφῶς
1018 2375 1294 2448 μηνιῶντα
1342 2376 1645 2449 ζωγραφεῖ,
1678 2382 1772 2434 καὶ

222 2468 671 2539 παραταττόμενον
703 2468 963 2539 είσφέρει,
997 2469 1090 2520 καὶ
1114 2466 1360 2538 φονῶντα
1378 2468 1632 2533 δεικνύει,
1680 2472 1773 2525 καὶ

219 2559 609 2630 ἀπογυμνοῦντα
630 2559 694 2612 τὸ
725 2559 897 2629 ξίφος,
929 2560 1023 2615 καὶ
1046 2559 1144 2629 ήδη
1173 2558 1464 2624 τοξεύοντα
1484 2599 1498 2624 ,
1541 2560 1635 2614 καὶ
1671 2563 1770 2634 τὴν

221 2650 402 2705 ἀδικίαν
434 2650 604 2706 αὐτοῦ
633 2650 954 2722 καθίστησιν
1009 2651 1236 2724 ἐναργῆ.
1281 2652 1483 2705 Σκοποὶ
1537 2651 1645 2725 γὰρ
1691 2651 1771 2725 τῷ

220 2742 493 2815 ἀμαρτωλῷ
526 2744 632 2814 οὐχ
660 2743 758 2797 ἕνα
803 2742 926 2797 τινὰ
955 2742 1065 2796 τῶν
1115 2742 1490 2814 ἀδικησάντων
1532 2744 1702 2816 αὐτῷ,
1734 2745 1769 2817 ἢ

220 2834 338 2887 κατά
354 2851 402 2888 τι
423 2834 965 2907 προσκεκρουκότων,
995 2832 1090 2887 καὶ
1117 2834 1419 2907 προφάσεις
1444 2833 1521 2907 τῷ
1547 2836 1770 2907 πολέμῳ

217 2922 490 2981 δεδωκότων
513 2926 776 2995 εὐλόγους
804 2924 1142 2997 ἀμύνεσθαι·
1196 2925 1311 2980 ἀλλ’
1350 2928 1436 2981 ἵνα
1488 2929 1771 3002 καταϐάλῃ

220 3018 421 3087 πτωχὸν,
448 3019 701 3072 τουτέστι
733 3017 824 3072 τὸν
868 3018 1082 3089 ἐπιεικῆ
1120 3017 1213 3073 καὶ
1261 3021 1644 3092 μετριόςρρονα,
1678 3023 1771 3077 καὶ

217 3111 435 3163 ταπεινὸν
458 3113 524 3182 τῇ
562 3110 765 3183 καρδίᾳ
787 3148 802 3176 ,
824 3109 884 3164 δν
902 3111 997 3164 καὶ
1017 3112 1046 3164 δ
1072 3110 1262 3182 Σωτὴρ
1308 3112 1525 3183 πτωχὸν
1553 3114 1654 3184 ἔφη
1691 3114 1769 3185 τῷ

219 3200 474 3271 πνεύματι,
503 3203 607 3256 καὶ
629 3201 729 3273 τῆς
759 3200 866 3257 τῶν
891 3202 1136 3273 οὐρανῶν
1159 3203 1434 3275 βασιλείας
1452 3203 1600 3272 ἀξιον
1631 3201 1769 3259 εἷναί

219 3305 346 3359 φησι.
380 3290 470 3356 Τίς
507 3288 609 3346 οὖν
643 3294 757 3356 τοῖς
780 3293 1125 3366 ἁμαρτωλοῖς
1155 3293 1313 3364 λόγος
1341 3295 1480 3367 πρὸς
1505 3296 1635 3359 τοὺς
1681 3298 1772 3350 εύ-

218 3378 390 3453 θείςτῇ
417 3384 640 3455 καρδίᾳ,
692 3385 786 3439 καὶ
845 3386 970 3450 τοὺς
1027 3388 1278 3457 πτωχοὺς
1332 3385 1411 3458 τῷ
1459 3387 1767 3459 πνεύματι;

218 3473 464 3538 παντελῶς
499 3475 705 3539 οὐδείς.
746 3475 1066 3549 Ἦδικήκασι
1087 3478 1197 3549 γάρ
1220 3477 1461 3541 ἐκείνους
1490 3477 1644 3533 οὐδὲν
1669 3479 1770 3544 τὰς

218 3560 394 3617 ἑαυτῶν
429 3564 587 3630 ὀδοὺς
632 3565 1036 3632 ἀπευθύνοντας
1062 3570 1142 3632 εἰς
1164 3568 1530 3641 δικαιοσύνην.
1578 3571 1771 3644 Ἀκονᾴ

216 3651 280 3713 δὲ,
301 3653 461 3726 οἶμαι,
497 3658 627 3713 κατ’
656 3658 835 3713 αὐτῶν
866 3660 994 3725 τοὺς
1047 3662 1491 3734 ὠνομασμένους,
1545 3663 1771 3734 μάταιός

217 3759 285 3807 τις
304 3747 496 3815 ἀπλῶς,
528 3750 630 3805 καὶ
662 3750 763 3804 οὐκ
791 3751 1101 3825 εύάφορμος
1134 3754 1345 3824 φθόνος,
1374 3756 1438 3809 ἐκ
1459 3754 1770 3827 διαδολικῆς

221 3839 503 3913 σκαιότητος
530 3844 947 3914 ἐκκεκαυμένος
969 3846 1028 3897 ἐν
1067 3846 1272 3912 αὐτοῖς.

217 4017 339 4105 Στίχ.
374 4028 450 4075 ιε’.
478 4024 1078 4105 ’Ἡρομφαιαιαύζῷν
1100 4027 1363 4105 εζσέλθοι
1384 4028 1472 4095 εἰς
1494 4027 1602 4105 τὰς
1625 4045 1772 4105 *καρ-

271 4090 389 4158 δίας
424 4090 667 4148 αὐτᾶἱνῖ
687 4090 787 4149 καὶ
813 4097 885 4150 τὰ
911 4097 1059 4162 τόξα
1089 4097 1288 4152 αὐτῶν
1329 4090 1696 4167 συντριϐείη.

274 4183 465 4257 Ὠσπερ
490 4186 547 4240 δέ
574 4188 611 4259 ἡ
637 4188 824 4260 είρήνη
859 4190 952 4243 τοῦ
971 4189 1182 4244 δικαίου
1212 4191 1294 4254 είς
1320 4190 1484 4244 αὐτὸν
1520 4191 1771 4263 ἀνακάμ-

216 4287 343 4327 πτειθ
386 4276 558 4343 οὕτως
609 4280 644 4350 ἠ
698 4280 941 4351 ῥομφαία
990 4281 1084 4335 τοῦ
1141 4279 1372 4345 ἀσεϐοῦς
1410 4281 1639 4336 είσέλθοι
1689 4285 1770 4348 είς

213 4365 413 4504 ἔαρδίαν
452 4368 662 4435 αὑτοῦ,
704 4369 801 4424 ἐὰν
852 4374 993 4445 τηρῇ
1048 4372 1239 4426 ἐαυτὸν
1281 4372 1310 4424 ὁ
1346 4369 1509 4436 εὐθὺς
1535 4374 1602 4446 τῇ
1637 4390 1771 4446 καρ-

240 4470 301 4504 ια.

240 4470 301 4507 ια.

1876 1913 2129 1970 culatoris
2157 1916 2225 1970 ⁸⁸.

1944 2116 2010 2171 Ει
2047 2117 2161 2171 haec
2186 2115 2404 2185 quidem
2431 2116 2670 2170 fortasse
2701 2115 2918 2169 curiose
2955 2116 3117 2172 nimis
3164 2118 3305 2174 dicta
3334 2118 3449 2174 fne-

1875 2206 2003 2261 rint.
2039 2206 2322 2261 Psalmista
2354 2220 2485 2260 vero
2540 2204 2777 2259 illustrat
2804 2205 3069 2274 quidquid
3096 2207 3207 2276 jam
3244 2208 3448 2262 dictum

1873 2307 1977 2361 est,
2012 2297 2264 2353 videlicet
2296 2315 2311 2350 :
2341 2296 2655 2351 Considera:
2681 2307 2926 2363 peccator
2967 2297 3179 2367 justum
3206 2297 3273 2351 ⁸¹.
3307 2298 3453 2353 Tan-

1873 2405 2032 2459 quam
2065 2390 2210 2445 enim
2238 2389 2291 2444 in
2330 2388 2507 2443 tabula
2532 2387 2681 2444 clare
2707 2388 3031 2441 irascentem
3061 2388 3326 2460 depingit,
3363 2390 3449 2445 in-

1873 2479 2135 2549 ducitque
2164 2480 2316 2549 quasi
2351 2478 2404 2532 in
2438 2479 2554 2533 acie
2582 2478 2955 2544 constitutum,
2990 2486 3047 2531 et
3076 2482 3250 2533 caedes
3288 2480 3453 2534 mini-

1875 2580 2076 2626 tantem
2109 2570 2368 2637 osteudit,
2400 2567 2695 2623 nudantem
2720 2566 2884 2621 etiam
2912 2566 3173 2636 gladium,
3202 2568 3450 2637 jamjam-

1872 2680 1978 2737 que
2024 2665 2253 2735 sagittas
2291 2678 2422 2717 arcu
2472 2659 2861 2729 ejaculantem,
2886 2671 2941 2713 et
2971 2659 3305 2729 injustitiam
3333 2664 3454 2734 ejus

1871 2757 2177 2812 evidentem
2198 2754 2394 2809 reddit.
2414 2751 2632 2822 Seopus
2655 2751 2797 2804 enim
2821 2753 3092 2820 peccaturi
3120 2755 3449 2824 propositus,

1871 2859 1953 2906 est
1985 2862 2089 2902 non
2122 2862 2286 2901 unum
2314 2847 2619 2916 quempiam
2651 2858 2837 2896 eorum
2868 2845 2958 2912 qui
2993 2844 3187 2913 injuria
3214 2863 3337 2901 eum
3370 2847 3453 2901 af-

1872 2941 2124 3005 fecerint,
2149 2938 2234 2993 vel
2262 2953 2327 2993 ex
2358 2948 2514 3007 parte
2540 2939 2887 3007 oﬂ'enderint,
2917 2951 2971 2995 et
2998 2940 3276 3008 speciosos
3312 2954 3451 3009 prte-

1875 3037 2056 3089 te'xtus
2090 3030 2232 3086 bello
2282 3031 2562 3097 dederint,
2597 3032 2825 3087 ulcisci:
2880 3047 3074 3086 verum
3116 3030 3298 3085 studet
3323 3045 3449 3101 pro-

1872 3134 2116 3178 sternere
2142 3134 2455 3191 pauperem,
2487 3119 2539 3174 id
2563 3130 2645 3173 est
2668 3120 2942 3174 hominem
2985 3128 3351 3183 mansuetum,
3390 3125 3448 3172 et

1873 3208 2054 3262 sobrie
2085 3206 2418 3276 sapientem,
2458 3220 2523 3261 ac
2558 3206 2812 3261 humilem
2844 3207 3043 3261 corde:
3094 3221 3251 3275 quem
3284 3205 3449 3259 etiam

1874 3293 2125 3348 Salvator
2156 3307 2445 3363 pauperem
2491 3292 2630 3347 dixit
2658 3294 2852 3363 spiritu
2877 3333 2893 3358 ,
2945 3303 3003 3348 et
3037 3294 3261 3362 dignum
3294 3308 3450 3348 asse-

1873 3386 1982 3440 ruit
2011 3399 2176 3457 regno
2206 3386 2488 3441 caelorum.
2523 3385 2697 3453 Quam
2746 3387 2914 3455 igitur
2939 3387 3206 3441 rationem
3247 3388 3451 3442 habent

1871 3489 2185 3548 peccatores
2217 3479 2504 3531 adversum
2534 3486 2716 3531 rectos
2743 3480 2998 3553 eorde,et
3045 3491 3312 3547 pauperes
3334 3477 3452 3547 spi-

1872 3569 2021 3624 ritu?
2046 3569 2258 3624 Nullam
2286 3570 2528 3624 omnino.
2560 3568 2879 3625 Nullatenus
2909 3570 3053 3625 enim
3088 3569 3352 3624 laeserunt
3381 3568 3449 3623 il-

1872 3661 1972 3726 los,
2009 3662 2127 3716 vias
2148 3675 2276 3716 suas
2304 3662 2369 3715 ad
2403 3661 2675 3730 justitiam
2710 3663 3014 3733 dirigendo.
3034 3662 3261 3717 Exaeuit
3282 3664 3450 3731 porro

1873 3762 2062 3806 contra
2092 3768 2187 3807 eos
2209 3767 2347 3806 vana
2388 3752 2636 3822 quaedam
2673 3753 2894 3808 omnino
2920 3792 2936 3819 ,
2988 3768 3089 3807 nec
3139 3751 3447 3822 probabilis

1872 3842 2077 3899 invidia
2105 3843 2345 3899 famosos
2375 3843 2543 3899 hosce
2570 3844 2837 3911 homines,
2867 3859 2934 3901 ex
2964 3843 3232 3899 diabolica
3267 3840 3448 3913 pravi-

1872 3942 1982 3989 tate
2010 3936 2062 3990 in
2092 3936 2225 4004 ipsis
2256 3950 2547 3992 succensa.

1876 4028 1936 4084 V.
1967 4027 2051 4083 15.
2076 4026 2299 4083 Gladius
2334 4046 2517 4084 eorum
2558 4028 2893 4099 ingrediatur
2938 4029 2993 4081 in
3021 4027 3185 4081 corda
3217 4042 3397 4081 eorum
3423 4065 3443 4096 ,

2220 4107 2270 4152 et
2314 4116 2470 4154 arcus
2514 4116 2692 4153 eorum
2724 4107 3091 4151 conterantur.

1943 4186 2094 4243 Sicut
2117 4188 2253 4258 justi
2292 4206 2396 4260 pax
2441 4191 2493 4244 in
2528 4189 2679 4243 illum
2715 4188 2894 4252 redit,
2950 4187 3022 4242 ita
3050 4188 3265 4257 gladius
3292 4188 3444 4259 impii

1872 4278 2207 4349 ingrediatur
2233 4280 2287 4335 in
2314 4296 2408 4336 cor
2430 4281 2574 4353 ejus,
2592 4280 2638 4336 si
2667 4281 2926 4335 observet
2953 4294 3098 4346 sese,
3133 4279 3227 4350 qui
3255 4288 3443 4335 rectus

1870 4378 1954 4426 est
1985 4370 2170 4427 corde.

214 4516 340 4618 Στίχ.
374 4556 468 4616 ις’.
494 4548 802 4625 Κρεῖσσον
825 4551 1043 4625 όλίγοιί
1053 4551 1134 4620 τῷ
1155 4552 1361 4622 δικαίῳ
1388 4552 1541 4625 ὑπὲρ
1572 4555 1762 4610 πλοῦ-

1908 4551 1970 4607 ν.
2026 4551 2113 4607 16.
2175 4550 2370 4607 Melius
2426 4559 2503 4605 est
2555 4551 2836 4625 modicum_
2856 4549 3008 4625 justo
3052 4562 3163 4616 pra:
3210 4546 3407 4601 divitiis

594 4637 702 4675 τον
729 4620 1093 4690 ἁμαρτωλῶν
1137 4620 1355 4679 πολύν.

272 4712 411 4782 Ἔχει
446 4713 547 4783 μὲν
593 4707 688 4765 οὖν
719 4714 755 4783 ή
807 4711 951 4779 λέξις
995 4712 1220 4769 αὐτόθεν
1248 4713 1524 4787 ὠφέλιμόν
1557 4733 1611 4769 τι
1657 4716 1771 4778 τοίς

213 4801 598 4879 ἀκεραιοτέροις
620 4823 635 4836 ’
670 4807 784 4877 ἔχει
808 4806 868 4859 δέ
892 4823 945 4874 τι
984 4807 1080 4861 καὶ
1118 4808 1516 4880 κεκρυμμένως
1546 4808 1770 4882 είρημὲ-

212 4909 287 4946 νον
308 4900 413 4959 τοῖς
448 4897 750 4971 βαθύτερον
792 4897 1011 4953 ἀκούειν
1062 4899 1163 4970 τῆς
1209 4899 1433 4971 Γραφῆς
1471 4901 1772 4973 ἐπισταμέ-

213 4998 323 5049 νοις.
345 4988 416 5041 Τὸ
458 4984 556 5043 οὖν
592 4988 962 5061 ἁπλούστερον
1017 4988 1255 5043 τοιοῦτόν
1313 4990 1459 5055 ἐστι]
1515 4990 1767 5062 Βιοπορι-

214 5079 375 5133 στοῦσι
402 5080 603 5135 δίκαιοι
626 5080 720 5135 καὶ
742 5080 938 5136 ἄδικοι.
985 5080 1123 5134 Ἀλλ’
1156 5084 1206 5135 0i
1244 5080 1344 5152 μὲν
1381 5080 1637 5135 τοσοῦτον
1671 5080 1768 5152 ζη-

211 5169 342 5223 τοῦσι
366 5172 426 5225 τὸ
449 5172 551 5243 τῆς
576 5171 781 5242 χρείας,
808 5171 933 5225 ὅσον
960 5170 1021 5224 τὸ
1046 5172 1146 5243 τῆς
1167 5170 1540 5242 δικ..αοσύνης’
1593 5170 1687 5226 καὶ
1723 5170 1759 5243 ἢ

211 5260 261 5312 οὗ
294 5263 617 5334 πορίζουσιν,
656 5261 691 5334 ἢ
718 5262 843 5317 ἄνευ
869 5261 1103 5327 ἀδικίας,
1137 5258 1474 5333 χρωννύντες
1511 5259 1573 5313 τὸ
1609 5276 1766 5331 πορι-

212 5349 409 5423 ζόμενον
442 5360 510 5428 τῇ
540 5355 873 5427 δικαιοσύνῃ.
901 5354 1038 5409 Οίδὲ
1057 5354 1194 5418 ὅλως
1222 5353 1537 5408 νενεύκασιν
1561 5352 1654 5407 ἐπὶ
1673 5352 1765 5406 τὸν

213 5447 475 5517 πορισμὸν,
523 5450 674 5515 ὅπως
719 5445 891 5501 πολλά
917 5446 1212 5518 κτήσωσιν,
1263 5446 1325 5499 ού
1385 5445 1676 5516 ζητοῦντες
1716 5446 1766 5499 εί

211 5536 367 5602 καλῶς
397 5541 709 5613 κτήσονται.
740 5538 846 5594 Δύο
879 5533 973 5592 οὖν
994 5536 1389 5609 προκειμένων,
1438 5538 1532 5593 τοῦ
1557 5556 1619 5593 τε
1650 5538 1763 5591 ὀλί-

2361 4631 2695 4690 peccatorum
2728 4621 2926 4672 multis.

1940 4714 2117 4771 Habet
2147 4715 2261 4770 hate
2286 4713 2491 4769 locutio
2516 4728 2584 4767 ex
2643 4712 2834 4765 littera:
2870 4710 3042 4779 ipsius
3088 4722 3247 4764 sensu
3298 4709 3446 4779 quod

1873 4804 2298 4875 simplicioribus
2328 4803 2588 4873 prodesse
2618 4803 2791 4871 possit
2819 4820 2835 4858 :
2878 4804 3041 4856 habet
3077 4810 3255 4855 tamen
3280 4801 3443 4853 etiam

1872 4897 2079 4967 aliquid
2113 4898 2382 4954 secretius
2421 4897 2624 4951 dictum
2646 4896 2698 4949 in
2726 4895 2957 4965 gratiam
2980 4908 3170 4948 eorum
3194 4892 3288 4962 qui
3318 4907 3444 4962 pro-

1870 4988 2092 5045 fundius
2122 4988 2426 5059 intelligere
2443 4987 2785 5057 Scripturam
2817 4986 3019 5041 sciunt.
3051 4984 3206 5050 Quod
3235 4983 3443 5051 simpli-

1869 5080 1987 5135 cius
2018 5080 2239 5147 dicitur,
2261 5080 2396 5135 illud
2428 5089 2544 5135 est:
2564 5077 2880 5133 Necessaria
2910 5078 3033 5132 vitae
3055 5084 3305 5145 quierunt
3333 5084 3443 5128 tam

1864 5172 2000 5243 justi
2031 5188 2194 5243 quam
2222 5172 2430 5244 injusti.
2454 5172 2526 5226 At
2551 5170 2624 5225 illi
2652 5174 2880 5226 eate’nus
2904 5179 3155 5238 quierunt
3179 5181 3288 5235 quo
3305 5180 3443 5236 opus

1873 5266 2109 5332 habent,
2166 5275 2430 5336 quatenus
2462 5265 2512 5319 id
2545 5263 2757 5335 justitia
2809 5261 3038 5316 tulerit:
3093 5268 3150 5313 et
3202 5258 3290 5313 vel
3336 5272 3442 5312 non

1873 5366 2191 5425 comparant
2213 5356 2342 5421 sibi,
2373 5356 2461 5410 vel
2504 5357 2622 5410 sine
2653 5353 2920 5422 injustitia
2943 5349 3261 5419 acquirunt,
3294 5348 3443 5403 colo-

1871 5455 2062 5502 rantes
2116 5449 2261 5517 quod
2312 5446 2592 5501 luerantur
2637 5442 2870 5513 justitia:
2905 5439 3132 5509 fulgore.
3190 5438 3282 5493 Isti
3312 5451 3444 5493 vero

1874 5539 1970 5594 toti
1994 5539 2315 5595 incumbunt
2343 5540 2397 5595 in
2424 5540 2657 5602 lucrum,
2696 5541 2765 5601 ut
2795 5531 3027 5604 plurima
3076 5530 3387 5601 possideant
3420 5567 3441 5597 ,

270 5676 311 5708 "
334 5677 468 5734 Gen.
506 5696 591 5745 ιι,
622 5680 711 5737 l3.
772 5678 818 5713 "
860 5676 991 5735 ibid.
1019 5674 1072 5731 5.
1113 5673 1197 5729 J'
1223 5672 1422 5731 Ezeeh.
1454 5688 1647 5741 nun,
1687 5669 1740 5725 6.
1768 5731 1785 5743 ι
1823 5669 1867 5703 ⁸⁸
1896 5669 2038 5727 l‘sal.
2068 5685 2254 5738 χχιιι,
2281 5670 2367 5726 12.

272 5789 373 5864 (72)
404 5793 599 5866 Κύριλ.
