4016 6528
573 403 672 460 151

1468 386 2034 450 SUPPLEMENTUM
2074 389 2166 443 AD
2195 386 2526 446 ORIGENIS
2556 384 2968 443 EXEGETICA.

3740 387 3845 446 13%

570 533 678 576 nun
707 516 1042 590 inquirentes
1073 528 1206 569 num
1239 511 1408 586 probe
1430 508 1738 582 possessuri
1769 506 1898 564 sint.
1925 505 2148 561 Duobus

2268 522 2346 574 {ou
2370 505 2660 577 λήμματος
2695 504 2835 576 μετὰ
2889 502 3242 575 δικαιοσύνης
3277 542 3297 569 ,
3355 502 3452 558 καὶ
3493 502 3591 558 τοῦ
3646 505 3847 561 πολλοῦ

570 611 736 682 igitur
766 608 1077 681 propositis,
1113 596 1328 661 modico
1359 618 1553 672 nempe
1598 600 1968 656 emolumento
2021 614 2146 653 cum

565 701 801 775 iustitia,
834 709 889 754 et
920 711 1116 768 magno
1143 711 1269 751 cum
1307 692 1611 765 injustitia:
1638 687 1827 745 Melius
1868 701 1941 744 est
1973 688 2144 742 modi-

569 809 688 846 cum
708 792 855 862 justo
884 805 994 858 pra!
1018 787 1215 841 divitiis
1248 795 1587 857 peccatorum
1606 783 1809 837 multis.
1845 780 2135 835 Videamus

2256 598 2395 668 μετὰ
2420 596 2667 660 ἀδικίας’
2715 595 3020 665 Κρεῖσσον
3054 596 3264 666 ὀλίγον
3303 594 3384 661 τῷ
3425 595 3637 662 δικαίῳ
3691 597 3849 666 ὑπὲρ

2253 687 2523 742 πλοῦτον
2565 686 2930 757 ἁμαρτωλῶν
2984 689 3203 742 πολύν.
3251 687 3480 758 Ἴδωμεν
3525 687 3582 740 δὲ
3638 688 3736 741 καὶ
3787 689 3849 743 τὸ

2255 779 2698 850 ἀνακεχωρηκός.
2734 779 3000 851 Κρεῖσσόν
3041 780 3158 832 ἑστι
3189 779 3380 832 πιστὸν
3423 777 3639 848 ἰδιώτην
3681 775 3846 844 εἶναι,

570 893 753 937 autem
784 890 838 935 ct
855 881 1001 950 quod
1031 879 1155 936 inde
1180 877 1444 934 remotius
1469 877 1771 932 derivatum
1795 881 1897 930 est.
1921 872 2151 927 Praestat

2268 871 2378 924 οὐδὲ
2400 868 2610 935 ἀνοῖξαι
2629 871 2690 923 τὸ
2714 871 2886 942 στόμα
2905 871 3223 942 δυνάμενον,
3245 870 3278 942 ἢ
3299 869 3546 924 πλουτεῖν
3585 869 3666 940 τῷ
3700 871 3847 941 λόγῳ

571 973 780 1028 ﬁdelem
803 972 1028 1026 idiotam
1055 984 1196 1037 esse,
1232 983 1332 1025 nec
1359 968 1633 1024 valentem
1658 981 1721 1021 os
1746 965 2150 1035 aperire,quam

2262 961 2584 1036 προφορικῷ
2615 963 2710 1017 καὶ
2734 966 2845 1028 τοῖς
2881 963 3198 1036 μαθήμασιν
3221 965 3278 1017 ὲν
3310 963 3476 1033 κακίᾳ
3499 963 3532 1034 ἢ
3559 962 3815 1034 ἀπιστίᾳ.

569 1069 837 1124 ditescere
863 1080 1121 1121 sermone
1151 1065 1390 1120 facundo
1418 1075 1473 1119 et
1493 1061 1800 1132 disciplinis
1839 1061 1893 1115 in
1921 1058 2140 1128 ﬂagitiis
2169 1068 2226 1115 et
2269 1059 2617 1116 inlidelitate.

642 1179 706 1235 V.
738 1182 823 1237 17.
851 1179 990 1246 Quia
1015 1178 1231 1233 brachia
1272 1187 1606 1248 peccatorum
1634 1174 2030 1248 confringentur
2057 1188 2078 1227 :

910 1251 1145 1319 suﬂ'ulcit
1176 1245 1294 1304 vero
1327 1250 1500 1317 iustos
1535 1245 1815 1300 Dominus.

641 1386 701 1442 Si
735 1386 923 1441 videas
970 1386 1080 1438 vim
1125 1393 1181 1438 et
1223 1380 1541 1436 facultatem
1595 1377 1745 1446 impii
1803 1375 2101 1431 contritam
2129 1413 2147 1440 ,

568 1481 703 1534 adeo
726 1487 784 1532 ut
815 1485 1049 1547 nequeat
1069 1476 1183 1545 ipse
1214 1488 1432 1527 manum
1468 1471 1746 1541 porrigere
1776 1469 1844 1522 ad
1876 1469 2146 1524 actionem

566 1572 790 1632 bonam,
822 1568 1061 1622 contrita
1083 1564 1231 1620 enim
1266 1572 1392 1627 est;
1425 1561 1637 1616 videbis
1673 1559 1956 1629 impletum
1990 1559 2147 1624 illud,

566 1663 802 1717 Brachia
829 1669 1164 1729 peccatorum
1209 1664 1566 1710 conterentur.
1617 1653 1791 1708 Porro
1814 1653 1906 1722 qui
1961 1659 2150 1707 conte-

569 1753 662 1817 rit,
696 1752 942 1808 diabolus
989 1757 1092 1804 est.
1142 1747 1407 1816 Equidem
1449 1745 1629 1800 omnis
1675 1745 1837 1799 homo
1898 1743 2149 1798 inﬁrmus

2253 1150 2532 1240 Στίξςξξέ
2561 1151 2706 1240 Ϊίῖτέ
2742 1151 3845 1240 ﬁnalem..dﬂeewsérﬂme'ii-

2327 1237 2573 1276 σονταιο
2615 1221 2998 1290 ὑποστηρίζει
3043 1222 3114 1276 δὲ
3156 1221 3298 1288 τοὺς
3345 1222 3617 1288 δικαίους
3651 1226 3684 1276 ό
3725 1221 3845 1277 Κύ-

2322 1308 2476 1360 ριος.

2341 1383 2466 1436 Ἐὰν
2501 1383 2616 1454 ἴδῃς
2638 1381 2730 1436 τὸν
2765 1381 2916 1436 τόνον
2948 1381 3043 1437 καὶ¹
3061 1383 3161 1454 τὴν
3183 1382 3412 1454 δύναμιν
3443 1383 3845 1455 συντετριμμέ-

2254 1491 2354 1546 νην
2383 1473 2478 1529 τοῦ
2510 1472 2762 1536 ἀσεϐοῦς,
2803 1472 2944 1525 ὥστε
2992 1473 3066 1544 μὴ
3096 1472 3356 1528 δύνασθαι
3406 1474 3568 1526 αὑτὸν
3606 1476 3849 1526 ἐκτεῖναι

2252 1566 2352 1638 τὴν
2386 1567 2544 1637 χεῖρα
2576 1564 2669 1617 ἐπὶ
2724 1561 2922 1635 πρᾶξιν
2957 1561 3169 1633 ἀγαθὴν
3206 1563 3232 1646 .(
3254 1562 3688 1635 συντετριμμένη
3733 1563 3850 1638 γάρ

2257 1658 2409 1710 ὲστιν
2429 1655 2470 1726 ),
2507 1655 2647 1725 ὕψει,
2679 1654 2761 1707 ὅτι
2794 1651 3149 1724 πεπλήρωται
3177 1651 3236 1705 τό
3255 1669 3268 1682 ο
3298 1653 3626 1721 Βραχίονες
3655 1656 3849 1724 ἀμαρ-

2253 1747 2460 1801 τωλῶν
2476 1745 3006 1815 συντριϐήσονται.
3056 1744 3114 1797 '0
3141 1743 3198 1797 δὲ
3222 1743 3543 1815 συντρίϐων,
3593 1747 3623 1798 ό
3659 1745 3848 1799 διάϐο-

567 1855 654 1900 est
687 1886 703 1910 ,
734 1853 788 1900 et
824 1853 1086 1913 quantum
1141 1839 1197 1894 in
1246 1853 1305 1892 se
1332 1847 1416 1892 est
1471 1837 1820 1900 succumbit,
1875 1836 2148 1903 habetque

2268 1842 2345 1905 l6;
2373 1843 2508 1893 ἐστι.
2575 1839 2690 1903 Πᾶς
2757 1838 2936 1902 μέντοι
2991 1835 3277 1907 ἄνθρωπος
3328 1836 3595 1908 ἀσθενὴς,
3644 1839 3737 1890 καὶ
3784 1836 3851 1892 τὸ

569 1953 706 2008 opus
736 1934 1083 1992 sull'ulciente
1114 1933 1394 1997 cadentes,
1417 1939 1512 1983 aut
1536 1929 1855 1984 restituente
1885 1928 2146 1998 dejeCtos.

2268 1935 2374 1986 ὅσον
2397 1930 2482 1999 ἐφ’
2511 1928 2688 2000 ἐαυτῷ
2721 1928 3078 1991 καταπίπτει,
3107 1927 3199 1980 καὶ
3247 1926 3422 1980 δέεται
3482 1926 3577 1978 τοῦ
3607 1927 3850 1998 ὑποστη-

572 2203 640 2260 ν.
674 2202 766 2258 2!.
801 2199 1104 2256 Feneratur
1134 2206 1402 2267 peccator,
1434 2203 1483 2248 et
1530 2210 1634 2247 non
1667 2192 1865 2255 soluet;
1895 2197 1948 2243 at
1971 2189 2153 2259 justus

1104 2271 1382 2322 miseretur
1427 2275 1476 2318 et
1509 2267 1621 2320 dat.

639 2363 960 2421 Sublimiori
1003 2359 1457 2432 interpretatione
1487 2375 1502 2411 :
1562 2355 1790 2423 Quando
1821 2354 1979 2409 docet
2012 2350 2155 2404 Pau-

573 2456 1001 2526 lus,autquivis
1032 2455 1172 2506 alius
1215 2465 1496 2506 sacrorum
1555 2447 1954 2507 institutorum,
1991 2443 2157 2496 audi-

575 2561 722 2606 tores
752 2549 1068 2603 lenerantur
1101 2553 1383 2614 argentum
1423 2540 1711 2609 probatum
1753 2552 1848 2592 ore
1879 2536 2056 2590 Pauli.
2089 2534 2152 2588 Et

571 2643 750 2714 iustus
781 2640 1002 2711 quidem
1038 2636 1215 2692 reddit
1248 2647 1465 2709 usuras,
1493 2641 1547 2682 et
1583 2629 1716 2682 dicit
1744 2645 1757 2681 :
1790 2627 1972 2680 Mnam
1999 2627 2154 2680 dedi-

573 2735 642 2788 sti
671 2732 817 2797 mihi,
853 2744 971 2783 ecce
999 2729 1176 2780 decem
1227 2739 1377 2776 mnas
1416 2721 1516 2789 feci
1552 2719 1621 2773 ⁸³.
1661 2717 1905 2788 Quinque
1954 2719 2156 2770 talenta

575 2823 793 2886 dedisti,
823 2836 940 2874 ecce
965 2820 1131 2872 habeo
1162 2816 1336 2870 decent
1381 2811 1449 2868 ⁸³.
1479 2811 1746 2867 Peccator
1776 2823 1909 2864 vero
1941 2808 2154 2876 impen-

577 2915 658 2969 dit
685 2913 892 2968 omnia.
922 2909 1039 2965 Non
1072 2910 1200 2963 licet
1223 2907 1474 2962 fenerare
1503 2918 1622 2970 sua,
1656 2903 1708 2956 id
1749 2911 1832 2956 est
1862 2901 2054 2955 docere
2077 2899 2156 2954 si-

577 3017 673 3064 cut
702 3005 944 3062 haeretici
973 3022 988 3059 :
1020 3004 1113 3058 sed
1144 3001 1237 3056 Dei
1270 3009 1559 3070 argentum
1591 2996 1910 3067 probatum,
1965 3008 2158 3064 quent-

580 3097 874 3154 admodum
906 3095 998 3165 qui
1027 3095 1160 3148 dicit
1187 3107 1203 3146 :
1259 3090 1353 3145 Vel
1383 3090 1800 3159 experimentum
1825 3085 2068 3156 quaeritis
2100 3085 2156 3138 in

577 3208 659 3245 me
685 3190 946 3260 loquentis
995 3185 1197 3240 Christi
1225 3184 1314 3236 ⁸⁸⁸1
1365 3181 1720 3236 Restituenda
1748 3193 1878 3234 vero
1903 3186 1988 3233 est
2034 3191 2154 3232 sors

2255 2025 2497 2098 ρίζοντος
2529 2023 2659 2087 τοὺς
2686 2021 3154 2086 καταπίπτοντας,
3199 2021 3294 2073 καὶ
3329 2019 3687 2090 ὰνορθοῦντος
3716 2021 3850 2083 τοὺς

2251 2114 2752 2189 κατερραγμένους.

2253 2210 2402 2281 Στίχ.
2434 2216 2540 2263 κα’.
2573 2208 2901 2281 Δᾳνείζεται
2931 2210 2963 2263 ὁ
2995 2207 3362 2281 ἁμαρτωλὸς,
3387 2205 3632 2281 ualebat
3644 2205 3852 2259 ἀποτι-

2381 2276 2480 2334 σει
2504 2296 2517 2309 ·
2563 2283 2595 2332 ό
2624 2279 2692 2331 δὲ
2718 2279 2953 2345 δίκαιος
2994 2276 3269 2346 οὶκτείρει
3307 2277 3407 2330 καὶ
3451 2276 3722 2329 δίδωσιν.

2336 2371 2596 2444 ’Υψηλὸτε
2607 2388 2696 2442 ρον
2722 2371 2780 2425 δέ
2798 2388 2812 2401 °
2841 2370 3011 2426 Ὀταν
3037 2370 3265 2443 διδάσκῃ
3286 2368 3522 2432 Παῦλος,
3549 2369 3584 2439 ἧ
3616 2385 3700 2430 τις
3724 2367 3848 2421 ἓτε-

2257 2483 2349 2538 ρος
2385 2464 2493 2518 τῶν
2525 2463 2686 2535 ἱερῶν
2732 2462 3130 2534 μυσταγωγῶν,
3158 2463 3210 2517 οἱ
3262 2461 3530 2534 ἀκροαταὶ
3570 2459 3849 2524 δανείζον-

2254 2574 2345 2610 ται
2371 2555 2432 2609 τὸ
2455 2555 2676 2625 δόκιμον
2697 2554 2960 2628 ἀργύριον
2996 2555 3075 2627 τῷ
3110 2555 3340 2626 στόματι
3369 2552 3611 2608 Παύλου.
3658 2551 3769 2607 Καὶ
3820 2550 3851 2603 δ

2260 2648 2358 2719 μὲν
2399 2647 2604 2710 δίκαιος
2637 2645 2926 2700 ἀποδίδωσι
2947 2647 3074 2710 τοὺς
3104 2645 3316 2708 τόκους,
3345 2645 3441 2700 καὶ
3473 2643 3644 2712 λέγει·
3667 2639 3849 2696 Μνᾶν

2250 2759 2355 2811 μοι
2393 2741 2646 2805 ἔδωκας,
2686 2739 2815 2793 ίδοὺ
2842 2737 2988 2794 δέκα
3005 2737 3166 2810 μνᾶς
3204 2738 3484 2806 ἐποίησα.
3520 2738 3712 2790 Πέντε
3742 2733 3860 2790 τά·

2257 2837 2455 2888 λαντα
2484 2831 2732 2897 ἔδωκας,
2763 2830 2893 2885 ἰδοὺ
2927 2830 3048 2901 ἔχω
3099 2829 3262 2885 δέκα.
3303 2829 3363 2884 Ὀ
3414 2829 3473 2882 δὲ
3523 2828 3853 2900 ἁμαρτωλὸς

2258 2923 2540 2979 ἀναλίσκει
2575 2923 2774 2976 πάντα.
2802 2923 2918 2976 Οὐκ
2951 2921 3136 2988 ,ἔξεστι
3186 2920 3452 2986 δανείζειν
3507 2919 3576 2974 τὰ
3627 2917 3850 2984 ἑαυτοῦ,

2255 3018 2377 3088 ἦτοι
2413 3017 2688 3070 διδάσκειν
2707 3015 2783 3080 ὼς
2809 3017 2858 3068 οί
2882 3014 3151 3088 αἱρετικοί
3167 3032 3181 3046 ο
3213 3014 3349 3068 ἀλλὰ
3373 3015 3434 3068 τὸ
3460 3012 3557 3068 τοῦ
3586 3011 3724 3067 Θεοῦ
3748 3013 3851 3084 ἀρ-

2256 3109 2446 3180 γύριον
2465 3108 2524 3161 τὸ
2547 3107 2794 3177 δόκιμον,
2827 3107 2903 3172 ὼς
2927 3110 2955 3161 ό
2972 3107 3146 3177 λέγων
3163 3124 3178 3138 ·
3211 3109 3280 3164 Ἢ
3321 3104 3589 3176 δοκιμὴνσ
3631 3103 3855 3171 ζητεῖτε

2257 3200 2366 3255 τοῦ
2400 3201 2470 3255 ἐν
2531 3201 2661 3270 ἐμοὶ
2701 3200 3042 3266 λαλοῦντος
3092 3199 3385 3269 Χριστοῧ;
3443 3197 3761 3253 Ἀποδοτέον
3795 3197 3856 3250 δὲ

577 3298 700 3338 cum
730 3296 894 3336 usura
925 3293 993 3333 ex
1026 3277 1138 3331 vita
1168 3285 1222 3331 et
1251 3275 1516 3330 moribus.
1544 3271 1821 3342 Alioquin,
1847 3269 2042 3325 melius
2070 3277 2156 3323 est

2268 3243 2360 3255 ...ν
2400 3243 2452 3255 ν,
2531 3243 2661 3270 ην..-
2701 3243 3034 3266 mm-.-“
3092 3243 3381 3269 -.γυνη
3457 3243 3756 3253 --..------,
3799 3243 3854 3250 --

2268 3290 2402 3362 μετὰ
2425 3290 2586 3345 τόκου
2633 3292 2700 3344 ὲκ
2736 3288 3010 3352 πολιτείας
3038 3289 3134 3342 καὶ
3161 3287 3413 3360 πράξεως
3437 3288 3500 3341 τὸ
3531 3286 3854 3354 κεφάλαιον.

577 3373 800 3430 omnino
823 3386 929 3426 non
979 3369 1239 3435 lenerari,
1278 3367 1584 3437 przesertim
1615 3381 1737 3435 qua:
1763 3377 1892 3421 sunt
1913 3367 1982 3418 de
2013 3378 2154 3432 penu

583 3465 885 3532 Dominico,
912 3477 1074 3534 quam
1113 3472 1174 3516 ut
1200 3469 1425 3531 pereant
1456 3475 1555 3530 per
1591 3474 1689 3514 nos
1728 3458 1870 3527 regis
1895 3471 2048 3524 opes.

580 3639 648 3694 ν.
683 3637 773 3692 2‘3.
810 3637 1078 3702 Quoniam
1127 3636 1484 3691 benedicentes
1551 3634 1701 3687 illum
1769 3631 2158 3687 hwreditabunt

659 3717 904 3830 terrbam;
957 3708 1048 3776 qui
1099 3723 1218 3762 vero
1262 3707 1412 3760 illum
1439 3705 1782 3769 maledicunt,
1810 3719 2029 3772 prorsus
2075 3702 2160 3756 in-

653 3792 748 3831 ter:
792 3789 906 3831 unt.

657 3870 847 3925 Simile
871 3878 957 3924 est
984 3870 1032 3924 ei
1062 3866 1205 3938 quod
1251 3867 1486 3923 Abrahae
1527 3866 1730 3920 dictum
1759 3872 1886 3920 est:
1932 3862 2160 3917 Benedi-

584 3973 754 4016 centes
816 3970 865 4016 te
915 3960 1246 4022 benedicam,
1303 3967 1350 4011 et
1407 3955 1773 4010 maledicentes
1825 3963 1875 4008 te
1933 3953 2161 4007 maledi-

584 4070 701 4108 cam
729 4053 798 4106 ⁸⁸.
844 4052 1032 4122 itaque
1065 4053 1111 4106 si
1166 4051 1306 4105 Deus
1359 4047 1688 4103 misereatur
1734 4055 1790 4101 et
1833 4047 2022 4113 donet,
2067 4044 2160 4114 qui

584 4152 806 4214 propter
841 4142 943 4198 hoc
969 4140 1274 4208 gloriﬁcant
1301 4138 1606 4204 illum,sive
1629 4136 1975 4202 benedicunt,
1999 4145 2162 4192 erunt

585 4235 832 4292 hmredes
867 4235 1151 4305 promissae
1180 4234 1382 4288 sanctis
1419 4243 1601 4296 terra,
1649 4231 2032 4301 accipientque
2056 4239 2162 4284 ter—
2208 4257 2212 4260 -

587 4342 705 4382 ram
747 4327 946 4381 bonam
974 4335 1030 4380 et
1064 4324 1314 4390 multam,
1344 4339 1465 4394 qua:
1502 4338 1610 4378 non
1642 4321 1819 4376 centri
1851 4329 1944 4374 aut
1975 4320 2162 4391 puncti

589 4417 865 4473 rationem
903 4417 1125 4472 habeat.
1182 4415 1490 4470 Periculum
1552 4421 1643 4469 est
1697 4427 1824 4466 vero
1855 4413 1980 4466 dum
2015 4412 2165 4482 justo

593 4509 995 4575 maledicimus,
1023 4524 1090 4563 ne
1111 4519 1414 4563 extremum
1437 4506 1732 4560 subeamus
1757 4504 2058 4558 interitum.
2075 4503 2166 4556 Ait

589 4601 794 4671 quippe
823 4600 892 4654 ad
933 4599 1137 4670 justum
1172 4597 1470 4653 Dominus:
1508 4596 1756 4650 Hostiam
1787 4594 1959 4648 hostes
1999 4603 2115 4647 tuos
2142 4633 2159 4659 ,
2194 4605 2237 4659 ι)

587 4704 636 4747 et
664 4708 731 4748 ea:
777 4691 1000 4746 adverso
1033 4691 1274 4746 resistam
1307 4687 1626 4742 aduersariis
1677 4687 1781 4741 tuis
1815 4685 1882 4739 ⁸⁸.
1918 4686 1982 4740 Et
2019 4686 2160 4740 sicut

589 4782 742 4848 dicit,
786 4781 944 4836 llum:
968 4782 1206 4846 nutristi,
1248 4796 1329 4833 me
1351 4777 1677 4844 nutrisli'";
1715 4777 1788 4830 ita
1820 4789 2160 4845 consequens

588 4882 709 4930 erat
741 4882 802 4928 ut
823 4873 1032 4928 diceret
1063 4890 1077 4926 :
1114 4871 1251 4926 lluic
1277 4871 1621 4926 convicialus
1651 4884 1732 4936 es,
1765 4869 1902 4923 mihi
1937 4883 1997 4923 es
2025 4882 2161 4922 con-

591 4966 844 5025 vicialus.
875 4963 1202 5019 MalediCunt
1229 4977 1358 5031 yero
1398 4962 1589 5031 Deum,
1632 4963 1722 5034 qui
1757 4975 1866 5016 non
1893 4968 2162 5015 noverunt

591 5059 762 5125 illum,
791 5067 846 5112 et
869 5056 1089 5127 quidem
1118 5057 1382 5110 adversus
1415 5055 1647 5125 gloriam
1669 5056 1792 5126 ejus
1815 5053 2162 5124 blasphemas

591 5150 886 5206 identidem
917 5148 1261 5217 prolerentes
1282 5161 1444 5202 voces
1471 5187 1486 5214 ,
1525 5163 1698 5220 usque
1726 5149 1863 5203 adeo
1891 5156 1948 5200 ut
1974 5159 2042 5200 ne
2072 5159 2163 5200 su-

590 5245 829 5300 stineant
855 5241 1073 5312 quidem
1099 5255 1198 5310 pro
1219 5239 1414 5310 quibus
1438 5241 1696 5295 cumulati
1717 5249 1846 5295 sunt
1884 5237 2164 5294 beneﬁciis

591 5347 753 5402 agere
785 5332 864 5388 illi
913 5332 1143 5403 gratias.
1196 5331 1475 5388 Christum
1528 5331 1695 5402 igitur
1724 5341 1911 5402 gentes
1943 5327 2165 5386 benedi-

594 5432 748 5488 cunt,
785 5434 1073 5495 prepterea
1109 5425 1432 5481 hmreditaut
1461 5439 1729 5495 regnum;
1769 5431 1824 5478 at
1851 5421 2020 5477 Judaei
2051 5420 2167 5476 bla-

595 5515 941 5583 sphemantes
962 5517 1135 5584 illum,
1162 5519 1216 5574 in
1244 5529 1504 5574 aeternum
1544 5517 1886 5588 dispereunt.

705 5689 752 5722 “
777 5687 912 5743 Luc.
945 5705 1060 5752 nx,
1094 5690 1182 5745 i6.
1289 5691 1333 5722 ⁸³
1361 5689 1548 5746 Matth.
1589 5703 1724 5755 xxv,
1778 5685 1869 5740 20.

1978 5682 2024 5716 ⁸⁵
2061 5682 2105 5738 ll
2144 5679 2268 5746 Cor.
2313 5679 2430 5758 x'nr,
2465 5697 2519 5749 5.

2261 3385 2325 3438 El
2358 3384 2415 3437 δὲ
2451 3383 2550 3456 μὴ,
2581 3382 2828 3454 κρεῖττόν
2855 3383 2972 3436 ἐστι
3016 3381 3116 3453 τὴν
3142 3379 3316 3452 ἀρχὴν
3353 3378 3428 3450 μὴ
3473 3376 3853 3441 δανείσασθαι,

2265 3477 2502 3548 μάλιστα
2549 3475 2618 3529 τὰ
2649 3474 2743 3528 τοῦ
2781 3473 3011 3546 ταμείου
3044 3473 3139 3528 τοῦ
3185 3469 3490 3544 Κυριακοῦ,
3519 3470 3555 3541 ἢ
3587 3469 3858 3524 ἀπολέσαι

2261 3569 2332 3620 τὰ
2350 3567 2444 3620 τοῦ
2473 3565 2737 3637 βασιλέως
2781 3566 3055 3636 χρήματα.

2264 3658 2418 3726 Στίχ.
2440 3656 2546 3710 κδ’.
2585 3656 2711 3726 Ὅτι
2750 3657 2803 3708 ol
2825 3653 3222 3726 εὐλογοῦντες
3265 3648 3859 3726 autenm/inpotem}

2335 3720 2520 3780 άουσι
2572 3724 2722 3794 γῆνη
2763 3729 2818 3779 οἱ
2862 3723 2933 3778 δὲ
2977 3720 3378 3794 καταρώμενοι
3413 3721 3602 3775 αὑτὸν
3641 3720 3857 3784 ἐξολο-

2336 3802 2437 3864 θρε
2445 3794 2788 3861 υθήσονται.

2339 3889 2453 3958 (75)
2486 3889 2712 3958 Ὅμοιον
2757 3883 2836 3957 τῷ
2865 3884 3140 3957 εἰρημένῳ
3179 3883 3318 3955 πρὸς
3363 3881 3650 3953 Ἀϐραάμ·
3704 3880 3855 3947 Τοὺς

2265 3977 2674 4050 εὐλογοῦντὰς
2697 3994 2771 4032 σε
2799 3976 3135 4047 εὐλογήσω,
3173 3976 3272 4031 καί
3294 3975 3464 4040 ’τοὺς
3518 3972 3861 4043 καταρωμέ-

2267 4089 2415 4138 νους
2444 4088 2520 4126 σε
2549 4069 2976 4139 καταράσομαι.
3007 4066 3232 4130 Οὐκοῦν,
3257 4067 3306 4119 εί
3334 4069 3362 4120 ὁ
3395 4065 3527 4130 Θεὸς
3555 4067 3640 4138 εἴη
3665 4068 3695 4122 ὁ
3723 4077 3862 4120 κατ-

2269 4165 2550 4236 οικτείρων
2597 4163 2694 4217 καὶ
2741 4162 2955 4226 διδοὺς,
3007 4163 3054 4214 οῖ
3109 4159 3511 4228 δοξοὶογοῦντες
3561 4155 3732 4210 αὐτὸν
3771 4156 3861 4210 διὰ

2267 4257 2445 4323 τοῦτο,
2484 4257 2650 4328 ἦγουν
2690 4253 3073 4324 εὐλογοῦντες,
3137 4253 3348 4306 ἔσονται
3385 4250 3722 4324 κληρονόμοι
3758 4248 3863 4326 τῆς

2271 4347 2685 4420 ἐπηγγελμένης
2708 4349 2821 4409 τοῖς
2856 4343 3028 4414 ἁγίοις
3050 4344 3174 4414 γῆς,
3201 4344 3296 4397 καὶ
3324 4341 3587 4413 λήψονται
3627 4339 3730 4411 τὴν
3755 4339 3863 4409 γῆν

2270 4441 2482 4512 ἀγαθὴν
2507 4440 2603 4494 καὶ
2624 4441 2725 4512 τὴν
2763 4439 2987 4510 πολλὴν,
3018 4439 3117 4509 τὴν
3142 4439 3204 4490 οὐ
3229 4436 3457 4506 κέντρου
3481 4433 3580 4488 καὶ
3620 4432 3861 4503 σημείου

2270 4533 2427 4602 λόγον
2451 4532 2700 4603 ἔχουσαν.
2732 4530 2849 4603 (74)
2883 4528 3138 4591 Κίνδυνος
3175 4527 3232 4580 δὲ
3263 4530 3320 4580 ὲν
3337 4524 3414 4596 τῷ
3433 4524 3685 4595 κατάραν
3705 4524 3863 4595 ἡμᾶς

2266 4622 2570 4695 τιθέναιτῷ
2595 4621 2788 4694 δικαίῳ
2825 4620 3048 4692 ὀλέθρου
3086 4618 3181 4672 τοῦ
3228 4618 3483 4689 ἐσχάτου.
3537 4612 3708 4684 Λέγει
3749 4613 3863 4685 γὰρ

2268 4717 2406 4789 πρὸς
2434 4717 2525 4769 τὸν
2555 4715 2760 4769 δίκαιον
2785 4716 2814 4768 ὁ
2846 4713 3049 4785 Κύριος
3066 4730 3081 4745 ·
3119 4711 3451 4782 Ἐχθρεύσω
3478 4707 3605 4774 τοῖς
3619 4705 3866 4777 ἐχθροῖς

2267 4820 2409 4866 σου,
2437 4802 2536 4856 καὶ
2557 4803 2956 4872 ἀντιόήονομαι
2975 4800 3096 4867 τοῖς
3118 4800 3548 4868 ἀντικειμένοις
3586 4813 3710 4850 σοι.
3750 4794 3866 4849 Καὶ

2269 4895 2458 4966 ὥσπερ
2483 4895 2654 4964 λέγει*
2689 4896 2909 4951 Τοῦτον
2936 4896 3216 4964 ἔθρεψας,
3241 4891 3347 4962 ἐμὲ
3372 4892 3653 4960 ἐθρεψαςσ
3687 4887 3866 4949 οὕτως

2266 4985 2562 5043 ἀκόλουθον
2607 4989 2782 5041 εἰπεῖν
2809 5003 2824 5018 °
2861 4986 3062 5040 Τοῦτον
3107 4984 3475 5056 ὲλοιδόρησας,
3523 4980 3627 5053 ἐμὲ
3662 4979 3866 5034 ἐλοιδό-

2269 5098 2465 5152 ρησας.
2501 5080 2950 5153 Καταρῶνταιδὲ
2994 5077 3129 5132 Θεὸν
3179 5079 3229 5130 οἱ
3290 5077 3366 5147 μὴ
3405 5074 3608 5138 εἰδότες
3664 5071 3861 5135 αὐτὸν,

2267 5170 2560 5225 καὶταῦτα
2585 5174 2683 5242 τῆς
2722 5169 2890 5222 αὑτοῦ
2929 5167 3088 5237 δόξης
3127 5165 3287 5220 πάλιν
3332 5165 3550 5234 φήμους
3577 5160 3697 5232 (75)
3748 5159 3863 5213 ἐσθ’

2269 5261 2356 5315 ὅτε
2381 5261 2696 5332 ῥιπτοῦντες
2725 5259 2930 5330 φωνὰς,
2963 5259 3100 5330 πρὸς
3135 5258 3196 5310 τὸ
3240 5256 3375 5328 μηδὲ
3405 5253 3492 5324 ἐφ’
3535 5247 3619 5316 οἷς
3651 5247 3715 5306 εὖ
3766 5267 3866 5304 πε-

2271 5353 2530 5407 πόνθασιν
2575 5353 2865 5423 ἀνέχεσθαι
2912 5351 3210 5423 προσάγειν
3273 5348 3423 5420 αὐτῷ
3475 5347 3573 5412 τὰς
3633 5348 3864 5417 εὐχαρι-

2274 5444 2446 5507 στίας.
2478 5443 2709 5514 Χριστὸν
2734 5443 2832 5514 μὲν
2857 5439 2950 5497 οὖν
2981 5441 3261 5511 εὐλογοῦσι
3292 5439 3363 5494 τὰ
3394 5438 3543 5508 ἔθνη,
3594 5436 3682 5492 διὸ
3724 5436 3865 5505 κλη-

2276 5535 2558 5606 ρονομοῦσι
2585 5534 2684 5606 τὴν
2735 5534 3039 5604 βασιλείαν·
3077 5534 3319 5586 Ἰουδαῖοι
3351 5531 3430 5598 δὲ,
3477 5525 3865 5602 βλασφημοῦν-

2273 5641 2362 5687 τες
2389 5625 2567 5690 αὐτὸν,
2593 5627 2677 5687 είς
2695 5625 2846 5697 τέλος
2884 5624 3276 5697 ὀλοθρεύονται.

2628 5686 2673 5727 ⁸⁸
2697 5686 2839 5750 Gen.
2876 5711 2976 5763 xu,
3011 5686 3080 5750 ’5.
3190 5695 3235 5728 ⁸⁸
3263 5694 3406 5751 Psal.
3460 5706 3734 5756 Lxxxvut,
3767 5686 3860 5743 2L

2355 5826 2466 5900 (75)
2501 5828 2720 5900 Βλασφή
2731 5845 2881 5900 μους.
