4004 6514
229 374 327 427 135

1419 360 1792 418 EXCERPTA
1827 360 1895 416 IN
1929 359 2273 416 PSALMOS.

3379 359 3485 416 ιδι

225 485 372 554 Στίχ.
412 490 519 551 κγ’.
549 483 715 551 Παρὰ
761 481 996 554 Κυρίου
1011 479 1083 535 τὰ
1126 475 1806 554 διαϐήματαῌάνθρῴξτου

1918 475 1974 531 ν.
2008 477 2101 533 25.
2122 477 2166 530 Λ
2193 477 2420 554 Domino
2434 493 2640 554 gressus
2661 476 2889 554 hominis
2915 475 3251 545 diriguntur:
3272 483 3320 528 et
3347 476 3483 529 viam

289 547 713 677 κατὲἕθύνεὲαι
733 566 747 580 ·
804 547 903 620 καὶ
942 553 1058 620 τὴν
1113 551 1259 606 ὁδὸν
1301 547 1495 603 αὐτοῦ
1561 547 1809 614 θελήσει

291 641 380 677 σω
457 639 554 677 οα.

291 639 554 693 σφοορα.

290 717 406 789 (76)
424 717 640 787 Ὠσπερ
660 715 790 769 ίδίου
809 715 1018 778 παιδὸς,
1042 713 1197 784 φησὶ,
1222 711 1558 783 λαμϐάνεται
1577 708 1679 779 τῆς
1698 725 1810 780 χει-

222 809 313 879 ρὸς
344 810 373 862 ὁ
411 806 580 871 Θεὸς,
615 807 711 861 καὶ
748 805 1015 877 ἀποφέρει
1046 803 1183 876 πρὸς
1232 803 1349 856 ὁδὸν
1397 800 1613 854 εὐθεῖαν
1639 839 1653 864 ,
1708 799 1809 851 οὐκ

217 901 401 971 ἀφιεὶς
446 899 612 953 αὐτὸν
667 898 1105 968 σκολιοδρομείν,
1158 893 1282 948 οῦτε
1343 894 1450 965 μὴν
1515 890 1810 962 καμπύλας

214 995 495 1049 ποιεῖσθαι
529 994 625 1048 τοῦ
677 992 793 1064 βίου
826 991 928 1055 τὰς
967 989 1224 1062 τροχιάς’
1273 987 1389 1041 ἀλλ’
1436 983 1564 1038 εὐθὺ
1608 984 1810 1045 παντὸς

211 1085 358 1138 ἱέναι
393 1083 718 1156 πράγματος
747 1080 986 1151 ἀγαθοῦ,
1021 1079 1291 1133 διδάσκων
1327 1093 1388 1128 τε
1420 1075 1518 1130 καὶ
1570 1072 1807 1128 ἀπευθύ⁶

213 1194 327 1231 νων
354 1177 571 1241 αὐτοὺς,
589 1175 729 1229 κατά
753 1191 819 1243 γε
845 1173 905 1226 τό
921 1189 937 1205 ·
967 1170 1333 1240 Ἐκράτησιις
1348 1167 1460 1237 τῆς
1482 1165 1679 1237 χειρὸς
1696 1163 1808 1233 τῆς

213 1268 424 1336 δεξιᾶς
441 1286 582 1340 μου,
614 1269 713 1322 καὶ
749 1269 820 1321 ἐν
847 1266 922 1334 τῇ
948 1265 1154 1333 βουλῇ
1199 1279 1315 1317 σου
1362 1258 1682 1331 ὠδήγησάς
1713 1275 1804 1327 με.

215 1364 392 1417 Ὅταν
430 1362 609 1434 μέντοι
651 1361 744 1414 τοῦ
781 1358 1066 1432 ἀνθρώπου
1106 1357 1174 1410 τὰ
1200 1344 1527 1427 ’διαδήματα
1558 1353 1663 1406 ὑπὸ
1697 1353 1809 1404 Κυ-

159 1529 166 1533 ἧ
215 1456 340 1527 ρίου
374 1454 734 1524 κατευθυνθῇ,
779 1454 899 1506 τότε
934 1450 1033 1522 τὴν
1065 1450 1183 1504 ὁδὸν
1223 1447 1386 1503 αὐτοῦ
1429 1447 1666 1518 θελήσει.
1695 1443 1805 1514 (77)

226 1548 559 1620 Ἀμφίδολος
586 1549 620 1618 ἡ
653 1546 817 1613 λέξις.
860 1546 932 1597 Ἣ
961 1543 1070 1616 γὰρ
1114 1545 1142 1596 ὁ
1181 1541 1386 1613 Κύριος
1414 1537 1510 1593 τοῦ
1541 1536 1807 1592 κατευθυ-

111 1701 114 1704 ,
211 1641 446 1712 νομένου
486 1642 597 1702 τοῖς
625 1639 925 1709 διαδήμασι
960 1636 1103 1690 θέλει
1124 1637 1224 1707 τὴν
1251 1635 1390 1697 ὁδὸν,
1428 1633 1522 1687 καὶ
1553 1631 1809 1702 ἀποδέχε-

209 1751 306 1788 ται
336 1733 405 1804 ἢν
432 1734 664 1784 ποιεῖται
691 1730 832 1783 κατά
857 1729 947 1782 τὸν
987 1728 1150 1799 νόμον
1192 1724 1420 1798 πορείαν
1439 1764 1453 1788 ,
1485 1723 1573 1793 μὴ
1617 1724 1808 1778 θέλων

211 1825 367 1879 ὁδὸν
409 1822 666 1888 ἀσεϐῶν,
707 1822 741 1894 ἢ
788 1821 957 1888 λοξῶς
989 1818 1400 1892 πορευομένωνο
1447 1815 1482 1888 ἢ
1529 1814 1709 1879 αὐτὸς,
1745 1807 1806 1868 οῦ
1838 1836 1880 1890 Β

209 1921 281 1973 τὰ
312 1919 628 1990 διαδήματα
669 1917 774 1970 ὑπὸ
817 1915 1022 1987 Κυρίου
1067 1911 1474 1973 κατευθύνεται,
1521 1907 1664 1960 θέλει
1710 1906 1807 1978 τὴν

209 2012 337 2065 ὁδὸν
371 2011 465 2064 τοῦ
501 2008 730 2082 Κυρίου,
760 2007 1118 2077 γευσάμενος,
1155 2007 1211 2057 ὲν
1253 2000 1330 2072 τῷ
1384 1997 1808 2053 κατευθύνεσθαι

211 2102 388 2157 αὐτοῦ
415 2102 490 2166 ὡς
519 2101 589 2154 τὰ
635 2100 967 2170 διαδήματα,
1012 2097 1111 2168 τῆς
1157 2093 1495 2164 γλυκύτητος
1537 2091 1635 2162 τῆς
1665 2088 1809 2143 κατὰ

211 2196 315 2267 τὴν
346 2195 483 2258 ὁδὸν,
511 2187 624 2266 ὲνῇ
654 2189 1040 2260 κατευθυνθείη
1069 2188 1174 2242 ὑπὸ
1203 2187 1430 2255 Κυρίου.
1467 2185 1722 2255 Ἀμεινον
1753 2185 1811 2237 δὲ

214 2290 355 2352 ἴσως
375 2290 538 2352 νοεῖν,
567 2287 650 2340 δτι
678 2286 707 2338 ὁ
728 2283 932 2355 Κύριος
958 2281 1174 2353 θελήσει
1199 2281 1300 2350 τὴν
1327 2278 1444 2330 ὁδὸν
1476 2276 1571 2330 τοῦ
1602 2273 1811 2346 ἀνθρώ-

213 2401 349 2446 που,
398 2379 648 2434 τουτέστι
707 2377 991 2448 ποιήσεται
1043 2372 1274 2444 θελητὴν
1324 2371 1418 2424 καὶ
1470 2367 1806 2434 ἀποδέξεται.

217 2476 439 2545 Ὥσπερ
481 2472 591 2544 γὰρ
639 2468 992 2540 ἀνεθελήτους
1031 2465 1142 2536 ἔχει
1183 2463 1283 2526 τὰς
1325 2461 1434 2515 τῶν
1478 2459 1812 2533 παρανόμων

212 2567 398 2630 ὀδοὺς,
427 2564 572 2618 οὔτω
601 2565 836 2617 ποιεῖται
871 2559 1101 2630 θελητάς
1134 2555 1232 2620 τὰς
1261 2555 1370 2608 τῶν
1405 2551 1812 2623 ἀγαθουργούν-

213 2681 356 2717 των.
385 2663 453 2713 Ὅ
478 2659 535 2712 δὲ
562 2657 786 2730 ἀρέσκει
807 2653 944 2724 Θεῷ,
965 2651 1124 2706 τοῦτο
1154 2651 1368 2712 πάντως
1402 2646 1520 2700 ἐστὶ
1552 2646 1643 2698 καὶ
1667 2644 1812 2711 ἐξαί-

217 2771 404 2826 ρετον,
430 2751 527 2804 καὶ
551 2748 749 2812 παντὸς
772 2745 993 2801 ἐπαίνου
1021 2742 1237 2815 μεστόν.
1265 2741 1340 2794 Οὐ
1362 2738 1469 2810 γὰρ
1489 2737 1555 2792 ἂν
1581 2736 1812 2808 ἠθέλησε

216 2843 360 2906 Θεὸς
390 2841 454 2894 τὸ
485 2839 560 2912 μὴ
585 2838 756 2902 οὕτως
785 2836 927 2908 ἕχον.
963 2835 1030 2889 Οἵ
1047 2850 1110 2903 γε
1133 2832 1238 2905 μὴν
1273 2830 1381 2884 ἀπὸ
1410 2828 1517 2883 τῶν
1546 2828 1812 2899 αἱρέσεων

215 2936 469 3005 γίνονται
520 2933 618 3004 μὲν
664 2933 722 2984 ὲν
754 2929 1105 3000 διαδήμασιν,
1137 2925 1196 2979 οὐ
1233 2924 1338 2995 μὴν
1382 2919 1814 2990 κατευθυνουμέ-

215 3043 340 3090 νοις
374 3024 483 3077 ὑπὸ
523 3021 750 3090 Κυρίου,
783 3017 922 3073 ἀλλά
955 3013 1338 3086 λελοξωμένοις
1375 3010 1480 3064 ὑπὸ
1511 3007 1604 3063 τοῦ
1649 3025 1816 3079 πονη-

218 3116 324 3189 ροῦ
346 3132 360 3148 ·
392 3114 704 3168 ἐκκλίνουσι
733 3110 880 3176 δεξιά
915 3111 1009 3164 καὶ
1037 3095 1321 3179 ἀριστερὰ,
1363 3103 1436 3175 μὴ
1483 3101 1813 3174 ἀρκούμενοι

2367 548 2483 617 ejus
2511 549 2646 602 volet
2683 549 3026 601 vehementer.

1981 702 2264 773 Tanquam
2287 702 2496 773 proprii
2530 702 2647 769 lilii,
2697 703 2811 766 ait,
2845 687 3204 772 apprehendit
3260 716 3486 756 manum

1912 795 2073 858 Deus,
2106 801 2160 848 et
2209 794 2424 848 deducit
2478 795 2544 849 ad
2578 796 2718 848 viam
2748 804 2977 858 rectam,
3006 808 3110 847 non
3143 792 3330 847 sineus
3360 808 3484 846 eum

1909 885 2126 954 oblique
2154 884 2427 949 incedere,
2463 899 2640 953 neque
2673 886 2836 938 etiam
2869 884 3144 940 ﬂexuosas
3181 883 3366 939 facere
3398 885 3484 937 vi-

1911 985 1978 1031 ta:
2007 977 2234 1033 semitas
2259 996 2274 1034 :
2303 978 2396 1032 sed
2424 985 2573 1032 recta
2601 991 2828 1047 pergere
2855 977 2908 1030 in
2941 976 3088 1030 omni
3119 993 3285 1044 opere
3312 977 3485 1041 bono,

1910 1072 2110 1125 docens
2158 1079 2215 1124 et
2257 1069 2498 1138 dirigens
2554 1084 2649 1124 eos
2678 1109 2693 1134 ,
2757 1069 2911 1139 juxta
2940 1068 3070 1123 illud
3106 1086 3121 1124 :
3188 1069 3489 1138 Apprehen-

1909 1159 2035 1213 diali
2069 1175 2286 1213 manum
2340 1164 2614 1213 dexteram
2654 1176 2822 1212 meam
2845 1199 2859 1224 ,
2899 1169 2946 1213 et
2999 1160 3052 1212 in
3084 1158 3356 1214 uoluntate
3393 1171 3486 1213 tua

1909 1251 2173 1306 deduxisti
2197 1267 2278 1305 me
2308 1251 2375 1304 ⁸⁸.
2410 1250 2857 1320 Quandocunque
2906 1265 3036 1305 vero
3067 1251 3302 1306 hominis
3335 1267 3488 1321 gres-

1910 1356 2003 1398 sus
2039 1356 2068 1395 a
2121 1341 2353 1397 Domino
2404 1341 2750 1411 diriguntur,
2788 1351 2917 1398 tunc
2966 1343 3108 1397 viam
3154 1343 3274 1412 ejus
3325 1342 3488 1398 volet.

1908 1432 2212 1502 Equivoca
2266 1448 2392 1488 vox.
2425 1433 2522 1489 Vel
2574 1435 2718 1488 enim
2778 1434 3041 1489 Dominus
3079 1435 3195 1504 ipse
3227 1436 3366 1503 ejus,
3393 1434 3489 1504 qui

1911 1526 2189 1596 gressibus
2236 1526 2508 1597 dirigitur,
2553 1527 2669 1581 vult
2700 1530 2871 1594 viam,
2899 1537 3292 1597 acceptumque
3327 1528 3491 1584 habet

1911 1615 2181 1670 incessum
2237 1615 2414 1683 illius,
2440 1631 2546 1681 quo
2580 1617 2782 1671 incedit
2810 1618 3111 1672 secundum
3140 1617 3336 1687 legem,
3385 1635 3490 1673 non

1910 1707 2082 1762 volens
2106 1709 2244 1762 viam
2273 1708 2552 1778 impiorum
2574 1711 2643 1774 ⁸⁸,
2673 1710 2787 1765 sive
2816 1709 3032 1779 oblique
3065 1710 3427 1766 incedentium
3469 1727 3487 1766 :

1912 1799 1994 1852 vel
2021 1797 2299 1868 ille,cujus
2320 1813 2542 1868 gressus
2559 1815 2588 1853 a
2614 1799 2842 1854 Domino
2861 1801 3194 1871 diriguntur,
3215 1801 3330 1854 vult
3347 1802 3489 1856 viam

1912 1891 2164 1958 Domini,
2198 1900 2422 1962 gustans
2468 1891 2594 1946 dum
2640 1891 2988 1961 diriguntur,
3031 1893 3173 1946 sicut
3229 1906 3486 1962 gressus,

1912 1985 2250 2040 dulcedinem
2297 1983 2444 2039 illius
2490 1984 2589 2038 viae
2628 1984 2680 2037 in
2729 1999 2834 2053 qua
2877 1984 3142 2055 dirigatur
3181 2001 3208 2038 a
3240 1984 3490 2040 Domino.

1911 2076 2140 2133 Praestat
2182 2085 2360 2131 tamen
2409 2075 2637 2130 fortasse
2680 2075 3004 2145 intelligere,
3044 2078 3172 2146 quia
3225 2077 3488 2132 Dominus

1913 2171 2057 2226 volet
2103 2171 2245 2224 viam
2278 2168 2538 2234 hominis,
2574 2169 2628 2222 id
2666 2176 2751 2223 est
2777 2179 2988 2237 gratam
3013 2167 3209 2224 eﬂiciet
3243 2179 3299 2223 et
3331 2183 3492 2224 acce-

1912 2275 2062 2336 ptam
2097 2263 2346 2319 habebit.
2383 2261 2539 2316 Sicut
2565 2260 2709 2314 enim
2744 2260 3010 2315 voluntati
3045 2277 3157 2314 suae
3186 2260 3492 2315 contrarias

1914 2358 2077 2412 habet
2101 2357 2216 2411 vias
2239 2355 2746 2426 praevaricatorum,
2779 2352 2854 2406 ita
2878 2362 3134 2422 acceptas
3162 2368 3272 2407 sua:
3301 2352 3492 2405 volun.

1915 2449 2012 2504 tati
2047 2447 2454 2504 eﬂicitsemitas
2487 2449 2763 2519 agentium
2790 2449 2949 2503 bona.
2979 2446 3131 2513 Quod
3158 2455 3339 2499 autem
3373 2443 3494 2513 pla-

1914 2553 1998 2597 cet
2031 2535 2159 2607 Deo,
2190 2541 2298 2596 hoc
2335 2543 2558 2597 omnino
2587 2543 2752 2596 etiam
2800 2538 3074 2596 excellens
3103 2547 3220 2604 est,
3261 2545 3316 2593 et
3342 2536 3494 2591 omni

1913 2634 2071 2689 laude
2094 2633 2450 2689 cumulatum.
2481 2633 2596 2689 Non
2653 2635 2799 2689 enim
2847 2643 3132 2701 acceptum
3160 2638 3306 2686 esset
3358 2629 3492 2696 Deo,

1913 2726 2058 2795 quod
2090 2725 2194 2781 tale
2220 2741 2324 2781 non
2358 2735 2522 2782 esset.
2563 2725 2816 2782 [heretici
2848 2741 3010 2794 porro
3039 2732 3165 2779 sunt
3188 2722 3405 2792 quidem
3436 2718 3494 2776 in

1915 2819 2214 2889 gressibus,
2245 2833 2349 2874 non
2385 2827 2563 2874 tamen
2593 2818 2819 2874 directis
2849 2834 2879 2872 .ι
2928 2817 3162 2872 Domino
3187 2854 3203 2879 ,
3240 2813 3335 2869 sed
3359 2827 3495 2868 con-

1918 2909 2076 2964 tortis
2119 2923 2151 2963 a
2187 2907 2459 2980 maligno;
2493 2907 2766 2963 declinant
2813 2908 2880 2961 ad
2921 2906 3202 2961 dexteram
3252 2912 3306 2958 et
3352 2899 3493 2958 sini-

1917 3011 2108 3066 stram,
2141 3015 2248 3056 non
2297 3001 2540 3057 contenti
2590 2999 2823 3070 simplici
2871 2997 3008 3064 (ide;
3043 2997 3346 3067 cogitantes
3369 2993 3495 3062 qui-

1919 3095 2036 3148 dem
2075 3092 2419 3165 profundius,
2453 3107 2551 3148 nec
2580 3101 2758 3147 tamen
2811 3088 3014 3144 verius.
3055 3088 3299 3156 Quorum
3348 3085 3494 3139 viam

213 3181 353 3279 ξῖνιλῇ
384 3209 454 3278 τῇ
490 3205 691 3268 πίστει,
717 3202 960 3265 νοοῦντες
997 3200 1053 3253 δὲ
1081 3197 1376 3269 βαθύτερον
1408 3194 1527 3265 μὲν,
1556 3194 1657 3245 οὐκ
1684 3192 1813 3264 ἀλη-

1918 3202 2022 3240 ιιοιι
2054 3185 2166 3240 vult
2193 3185 2355 3248 Deus,
2383 3185 2649 3255 siquidem
2675 3199 2782 3238 non
2812 3181 3090 3237 hominum
3127 3188 3251 3233 sunt
3275 3191 3495 3248 gressus

216 3302 312 3365 θὲς
340 3299 418 3353 δέ.
450 3293 548 3351 Ὧν
569 3297 668 3369 τὴν
695 3295 811 3350 ὁδὸν
836 3295 896 3348 ού
925 3293 1068 3347 θέλει
1107 3290 1332 3361 Κύριος,
1364 3288 1446 3340 ὅτι
1474 3286 1576 3338 οὐκ
1605 3283 1814 3355 ἀνθρώ-

216 3411 344 3450 πων
371 3391 556 3447 αὐτῶν
584 3389 656 3444 τά
687 3388 1014 3460 διαδήματα,
1047 3382 1185 3439 ἀλλά
1225 3381 1389 3453 θηρὸς
1435 3379 1470 3450 ἦ
1520 3375 1751 3448 ἑρπετοῦ
1777 3374 1812 3447 ἢ

217 3492 481 3560 κτήνους.

415 3577 515 3650 κδ’,
548 3577 760 3650 ΔὍτανΔ
789 3570 948 3639 πέσῃ
1000 3570 1081 3650 of:
1108 3562 1685 3650 xarqﬁﬁazpriqstat,
1725 3557 1816 3611 ὅτι

476 3631 693 3715 Κύριος
729 3631 1124 3708 ἀντισέηρίζει
1164 3631 1331 3706 χεῖρὰ
1357 3632 1563 3687 αὐτοῦ.

285 3744 358 3796 υἱ
393 3743 456 3794 ἐν
486 3743 599 3802 τοῖς
631 3736 808 3806 ἀγῶσι
847 3734 1168 3796 παλαίοντες
1201 3727 1522 3783 πεπτώκασι
1555 3725 1616 3777 τὸ
1660 3720 1815 3793 πρῶ-

218 3851 334 3899 τον,
364 3834 686 3902 νενικήκασι
713 3829 782 3883 τὰ
805 3828 953 3900 τρία.
990 3825 1114 3878 Ἐπὶ
1138 3823 1348 3886 τούτοις
1379 3821 1550 3882 εἴποις
1581 3816 1646 3870 ἂν
1675 3812 1817 3868 κατὰ

217 3928 278 3980 τὸ
308 3923 646 3996 σωματικὸν,
665 3923 767 3974 ὅτι·
789 3919 1105 3979 Πέπτωκεν,
1131 3915 1191 3968 οὐ
1221 3911 1539 3985 κατερράγη
1565 3910 1645 3972 δὲ,
1679 3905 1817 3960 νενί-

218 4036 363 4091 κηκε
387 4017 502 4088 γὰρ
557 4013 696 4085 μετά
727 4012 787 4066 τὸ
813 4013 1020 4064 πεσεῖν.
1057 4007 1181 4060 Ἐὰν
1219 4005 1334 4078 ἴδῃς
1363 4003 1647 4074 ἄνθρωπον
1673 4015 1815 4052 νενι-

217 4111 492 4182 κημένον,
535 4106 627 4160 καὶ
663 4102 799 4176 μετὰ
825 4103 886 4156 τὸ
920 4097 1236 4168 νενικῆσθαι
1266 4097 1326 4148 οὐ
1356 4093 1666 4166 παραδόντα
1689 4093 1816 4144 ἑαυ-

214 4203 310 4256 τὸν
352 4203 421 4270 τῇ
466 4197 724 4267 ἀσελγείᾳ
767 4197 848 4256 είς
896 4190 1158 4265 ἐργασίαν
1210 4185 1554 4258 ἀκαθαρσίας
1609 4183 1813 4253 πάσης,

216 4291 541 4346 ἀναστάντα
582 4289 660 4353 δὲ,
705 4282 1122 4355 ὐπομνησθέντα
1167 4280 1266 4352 τῆς
1312 4277 1572 4350 Γραφῆςο
1628 4273 1728 4343 Μὴ
1780 4276 1816 4327 ό

216 4383 436 4439 πεσὼν
495 4381 608 4434 οὐκ
674 4376 1023 4439 ἀνίσταται;
1071 4371 1111 4441 ἣ
1173 4373 1206 4424 ό
1252 4364 1647 4435 ἀποστρέφων
1701 4364 1815 4416 οὐκ

217 4466 607 4543 emergis-seet;
654 4469 800 4538 λέγε,
849 4468 966 4532 ὅτι,
1012 4463 1194 4518 πεσὼν
1219 4463 1249 4516 ὁ
1287 4458 1545 4521 τοιοῦτος,
1589 4458 1649 4510 οὐ
1680 4473 1814 4511 κατ-

1914 3292 2128 3342 eorum,
2165 3278 2260 3334 sed
2291 3276 2417 3332 ferae
2448 3277 2529 3330 vel
2557 3275 2849 3346 serpentis,
2876 3282 2966 3328 aut
2983 3272 3240 3343 jumenti.

1915 3551 1980 3606 ν.
2019 3549 2109 3604 24.
2149 3548 2374 3616 Quando
2403 3548 2574 3613 cadet,
2609 3563 2712 3600 non
2745 3545 3047 3609 collidetur,
3075 3544 3201 3614 quia
3240 3542 3494 3598 Dominus

2377 3618 2615 3688 stt/fulcit
2646 3632 2861 3670 manum
2888 3617 3024 3684 ejus.

1985 3713 2088 3782 Qui
2112 3714 2165 3768 in
2194 3713 2459 3782 agonibus
2492 3711 2788 3775 luctantur,
2814 3710 3108 3779 aliquando
3150 3708 3354 3762 cadunt
3383 3709 3497 3777 pri-

1917 3826 2063 3865 mum
2087 3848 2105 3874 ,
2160 3818 2218 3863 at
2248 3809 2473 3862 vincunt
2501 3807 2606 3860 tria
2653 3805 2786 3877 (79).
2829 3803 2994 3858 Juxta
3030 3804 3144 3858 hare
3174 3803 3322 3857 dicat
3350 3802 3495 3871 quis,

1917 3899 2216 3958 secundum
2244 3898 2387 3969 quod
2435 3897 2501 3951 ad
2548 3911 2635 3950 res
2670 3895 2864 3948 attinet
2893 3907 3183 3962 corporeus
3215 3913 3225 3945 :
3259 3891 3493 3952 Cecidit,

1917 4007 2018 4046 nec
2043 4000 2222 4044 tamen
2279 3988 2506 4044 collisus
2541 3997 2646 4054 est,
2679 3986 2806 4041 vicit
2839 3985 2986 4039 enim
3038 3991 3327 4052 postquam
3352 3982 3497 4035 ceci-

1920 4083 2016 4137 dit.
2053 4081 2109 4136 Si
2136 4079 2487 4150 conspexeris
2541 4078 2824 4132 hominem
2861 4076 3090 4138 victum,
3119 4084 3175 4127 et
3207 4081 3496 4142 postquam

1917 4175 2091 4230 victus
2120 4182 2224 4239 est,
2249 4187 2354 4226 non
2390 4171 2672 4225 dedentem
2720 4183 2778 4224 se
2807 4163 3238 4234 intemperantiae
3263 4163 3329 4217 ad
3363 4175 3496 4232 ope-

1919 4267 2181 4322 rationem
2237 4264 2413 4319 onmis
2462 4259 2819 4316 immunditia:
2855 4258 3028 4326 ;quin
3088 4254 3269 4326 potius
3315 4268 3498 4307 resur-

1917 4365 2156 4425 gentem,
2187 4356 2312 4408 dum
2346 4351 2661 4406 recordatur
2693 4348 2837 4403 illius
2879 4345 3205 4415 Scriptum:
3235 4339 3378 4397 Num
3405 4343 3496 4412 qui

1923 4447 2132 4508 cecidit.
2158 4461 2262 4500 non
2285 4444 2507 4515 resurgit
2533 4452 2556 4505 ξ)
2593 4441 2668 4497 vel
2687 4441 2780 4512 qui
2807 4449 3094 4501 aversatur,
3120 4454 3222 4490 non
3248 4435 3500 4488 conuerti-

539 4527 665 4616 ’ἐὰν
699 4527 755 4614 δέ
788 4527 961 4632 ’μετά
990 4557 1052 4609 τὸ
1109 4555 1298 4608 πεσεῖν
1361 4549 1666 4620 ἀπαυδήσῃ,
1709 4566 1810 4602 κα-

1918 4550 2005 4593 tur
2032 4539 2118 4592 9°?
2144 4538 2252 4601 die,
2305 4537 2428 4607 quia
2456 4551 2576 4592 cum
2610 4533 2866 4589 ceciderit
2905 4532 2989 4584 vi'r
3021 4527 3325 4596 hujusmodi
3347 4567 3360 4590 ,
3389 4541 3497 4579 non

215 4636 527 4732 τερράχθη.
575 4652 754 4707 Καλὸν
803 4651 899 4722 μὲν
929 4643 1022 4702 οὖν
1073 4643 1309 4715 ἀθλητὴς
1354 4636 1493 4694 εἶναι
1539 4639 1807 4703 ἀπτωτος,

217 4730 318 4804 καὶ
369 4751 459 4801 ἵνα
500 4744 677 4808 οὕτως
718 4743 972 4814 ὀνομάσω
1017 4737 1124 4792 ἀπὸ
1169 4735 1278 4789 τῶν
1328 4730 1810 4805 παραδειγμάτων,

217 4839 663 4913 ἀμεσολάδητος,
679 4833 1069 4898 ἀσυνέζωστος.
1090 4831 1156 4884 Ei
1179 4828 1237 4881 δὲ
1258 4826 1565 4888 πέπτωκεν,
1588 4824 1816 4892 ἀναστή-

217 4953 323 4988 τω.
365 4929 694 4984 Πενθοῦνται
716 4927 823 4999 γὰρ
855 4926 906 4979 oi
936 4923 1212 4989 πεσόντες,
1236 4919 1332 4974 καὶ
1367 4917 1505 4990 μετὰ
1530 4916 1593 4970 τὸ
1631 4916 1814 4987 ἀμαρ-

217 5027 393 5098 τῆσαι
423 5021 863 5092 ἀπαλγήσαντες,
904 5017 1002 5069 καὶ
1045 5012 1378 5086 παραδόντες
1409 5009 1634 5070 ἑαυτοὺς
1666 5007 1816 5079 πάσῃ

218 5096 495 5188 ἁμαρτίᾳ.
537 5113 625 5166 Ἐν
645 5111 904 5178 ἀγενείων
928 5107 1062 5178 (78),
1086 5108 1142 5159 ὲν
1166 5102 1391 5174 ἀνδράσι
1417 5096 1810 5188 στεφανὼθητι.

221 5187 538 5267 Πέπτωκας
581 5204 640 5255 ὲν
674 5199 855 5266 παισί;
887 5199 981 5252 τὸν
1025 5196 1269 5266 ἀγένειον
1298 5189 1584 5261 ἀγώνισαι,
1613 5188 1707 5240 καὶ
1737 5187 1816 5240 νί-

1917 4641 2002 4687 est
2022 4630 2266 4686 collisus.
2296 4629 2362 4682 At
2383 4627 2430 4681 si
2456 4634 2741 4696 postquam
2774 4623 3001 4688 cecidit,
3036 4622 3247 4676 animos
3270 4622 3499 4688 despon-

1919 4724 2066 4787 deat,
2092 4721 2205 4791 jam
2242 4719 2464 4776 collisus
2493 4728 2594 4774 est.
2624 4717 2852 4770 Praestat
2893 4714 3058 4785 igitur
3098 4712 3355 4766 athletam
3379 4723 3500 4765 esse

1923 4813 2145 4868 minime
2173 4812 2466 4867 obnoxium
2503 4809 2699 4879 lapsui,
2730 4817 2786 4863 et
2819 4817 2878 4860 ut
2903 4807 2982 4862 sic
3009 4806 3076 4859 ab
3109 4803 3374 4872 exemplis
3401 4817 3499 4856 no-

1925 4906 2146 4971 minem,
2179 4904 2270 4974 qui
2321 4917 2421 4957 nec
2448 4901 2590 4956 unde
2618 4899 3010 4970 prehendatur,
3043 4911 3143 4950 nec
3175 4896 3498 4948 vestimenta

1923 4999 2138 5054 habeat.
2172 4995 2244 5049 At
2274 4993 2320 5049 si
2367 4993 2584 5056 cecidit,
2617 4998 2885 5060 resurgat.
2923 4987 3200 5044 Deﬂentur
3241 4985 3382 5041 enim
3407 4982 3497 5052 qui

1921 5090 2257 5150 ceciderunt,
2287 5094 2341 5140 et
2368 5093 2488 5156 post
2527 5092 2745 5154 peccata
2771 5081 3072 5136 iudolentes
3099 5086 3245 5141 sunt,
3273 5077 3504 5130 dedunt-

1921 5199 2030 5254 que
2059 5181 2268 5252 seipsos
2289 5179 2438 5235 omni
2470 5176 2697 5249 ﬂagitio.
2719 5175 3050 5230 Adolescens
3083 5185 3212 5240 ergo
3239 5170 3379 5224 inter
3403 5169 3502 5222 hoc

225 5312 396 5368 κησον
431 5296 493 5347 ὲν
517 5260 706 5357 ταύτῷ.
757 5260 853 5344 Ἑνν
895 5260 1086 5360 κοιλίᾳ-
1115 5283 1403 5356 ὲπτέρνισε
1447 5279 1539 5333 τὸν
1582 5275 1753 5331 Ἠσαῦ
1787 5277 1813 5328 ὁ

1925 5277 2098 5330 mines
2138 5286 2427 5328 coronare.
2471 5268 2726 5324 Cecidisti
2776 5283 2806 5321 a
2852 5260 3497 5337 puero?Adolescentem

237 5353 470 5442 Ἰακώϐ·
511 5386 578 5438 ὲκ
611 5353 803 5446 παιδὸς
845 5383 874 5435 ὁ
906 5353 1103 5450 Δανιήλ
1135 5353 1528 5450 προεφήτευσε,
1562 5371 1659 5426 καὶ
1689 5369 1813 5433 τοὺς

1925 5366 2162 5432 imitare,
2192 5371 2248 5419 et
2296 5364 2455 5418 vince
2485 5377 2581 5432 per
2633 5359 2782 5428 illam
2833 5365 3070 5412 aetatem.
3100 5353 3156 5408 In
3196 5361 3350 5408 utero
3376 5367 3501 5422 sup—

301 5504 348 5536 ⁶⁸
372 5502 521 5558 Psal.
560 5514 736 5566 ιιιιι,
768 5496 862 5552 23.
937 5495 982 5528 ‘9
1016 5493 1160 5549 Psal.
1183 5507 1238 5557 v,
1270 5492 1324 5548 5.
1399 5491 1446 5524 ⁹⁰
1474 5488 1812 5552 Jerem.vut,
1854 5484 1908 5538 4.

191 5574 194 5578 ’
300 5597 419 5670 <16)
455 5594 662 5670 ιςύριλ.

301 5667 416 5739 t7?)
454 5667 630 5739 ᾮριγο

302 5726 416 5808 (78)
455 5726 622 5808 Forte
649 5733 709 5800 ἐξ
743 5729 1025 5808 ἀγενείων,
1054 5727 1137 5785 vel
1168 5726 1546 5808 ἐνάγενείοις.

303 5797 416 5880 (79)
446 5797 703 5881 ιπηιιιειιι
755 5797 1102 5866 Graecorum,
1159 5800 1251 5870 qui
1301 5797 1670 5854 adversarium
1738 5803 1820 5848 ter

1925 5587 2339 5652 prostraverat,
2368 5570 3068 5652 palmamnferebatwnde
3117 5567 3357 5652 τριάξαιι,
3418 5565 3502 5620 vel

1927 5635 2156 5778 ξρὗἶανο,
2185 5658 2270 5704 est
2288 5635 2528 5772 ἐξείρετο.
2563 5643 2778 5701 Videsis
2807 5635 3081 5708 Poterum,
3113 5635 3273 5718 Afrch.
3303 5635 3476 5693 Graec-

1949 5740 1963 5776 ι
2007 5763 2022 5779 .
2053 5741 2114 5790 ιι,
2140 5734 2260 5790 cap.
2365 5757 2380 5773 .

2007 5763 2022 5779 ο
2053 5756 2114 5791 ΙΙ)
2141 5756 2260 5790 ιι·γο
2289 5756 2380 5773 Ci.
