4016 6526
627 328 731 386 155

1505 328 2065 386 SUPPLEMENTUM
2100 327 2192 382 AD
2230 326 2554 386 ORIGENIS
2589 328 3003 389 EXEGETICA.

3769 332 3868 389 138

623 443 889 515 plantavit
937 442 1137 498 Esaum
1179 439 1451 509 Iacobus;
1488 460 1519 499 a
1554 461 1723 515 puero
1757 447 1944 502 Daniel
1974 447 2177 518 prophe

2306 443 2707 515 πρεσϐυτέρους
2752 444 2993 515 ἦλεγξεν.
3034 443 3109 498 Ού
3152 442 3379 498 δύνασαι
3426 440 3667 508 τοιοῦτος
3722 442 3873 513 γενέ·

625 537 782 601 tavit,
816 546 870 593 et
918 535 1159 591 seniores
1205 536 1471 606 coarguit.
1517 536 1633 592 Non
1682 548 1835 608 potes
1882 538 2189 607 hujusmodi

621 630 854 685 evadere
882 627 908 683 ἳ
932 629 1059 683 Esto
1114 629 1380 697 sequioris
1408 630 1616 686 ordinis
1664 632 1889 701 athleta,
1914 641 1973 685 ut
1998 633 2084 686 vir
2103 632 2188 700 ju-

620 731 771 786 stus,
828 722 917 791 qui
953 724 1200 791 quamvis
1253 725 1415 779 cadat
1457 724 1508 778 in
1540 724 1682 780 lucta
1727 724 1811 779 vel
1855 740 2052 787 cursu,
2087 741 2191 778 non

619 815 909 880 colliditur,
940 816 1065 884 quia
1094 814 1352 871 Dominus
1400 816 1636 886 suﬁ‘ulcit
1667 833 1879 870 manum
1922 816 2054 886 ejus.
2084 815 2194 869 Du-

619 906 709 959 bia
758 905 989 967 locutio;
1026 905 1293 961 incertum
1344 909 1491 962 enim
1530 918 1708 963 utrum
1755 924 1929 974 suam,
1977 908 2059 963 vel
2111 907 2197 963 lu-

616 997 816 1052 ctantis
865 1013 929 1053 ac
966 998 1079 1066 jam
1111 998 1428 1065 collidendi,
1476 1008 1535 1055 ut
1563 1015 1670 1054 non
1707 1014 1935 1069 prorsus
1968 1006 2093 1054 ruat
2138 998 2195 1054 in

615 1084 833 1152 faciem,
869 1096 922 1141 et
959 1088 1301 1156 totusjaceat
1334 1088 1485 1143 humi
1517 1098 1842 1157 prostratus.
2006 1084 2017 1093 '

613 1175 680 1233 ν.
712 1179 801 1233 25.
837 1178 1031 1234 Iunior
1055 1180 1169 1248 fui;
1193 1182 1380 1233 etenim
1420 1181 1569 1235 senui
1594 1196 1612 1234 :
1634 1190 1681 1233 et
1710 1196 1812 1234 non
1855 1180 1965 1234 uidi
1996 1178 2194 1248 iustum

1232 1250 1565 1303 derelictum.

685 1338 857 1393 Aliter
884 1349 1065 1395 autem
1120 1350 1435 1409 reputamus
1478 1348 1696 1394 aetatem
1726 1340 2024 1395 secundum
2054 1340 2193 1397 inte-

611 1430 814 1484 riorem
849 1431 1145 1492 hominem,
1168 1430 1342 1499 pueri,
1372 1428 1614 1496 juvenis,
1648 1431 1817 1486 senis.
1851 1431 1996 1486 Ante
2024 1429 2199 1485 Abra-

611 1522 739 1577 ham
765 1536 917 1591 ergo.
938 1522 1293 1592 longaeviores
1321 1521 1411 1576 illo
1449 1538 1555 1578 non
1584 1532 1714 1578 sunt
1748 1522 1880 1579 dicti
1908 1525 2194 1588 seniores;

611 1615 705 1668 sed
740 1614 852 1681 ipse
894 1614 1101 1683 primus
1126 1625 1348 1683 propter
1376 1616 1636 1670 virtutem
1666 1615 1853 1671 senior
1881 1617 2114 1684 audivit,
2144 1626 2200 1673 et

609 1714 894 1775 propterea
929 1707 1071 1775 quod
1100 1707 1329 1762 interior
1369 1709 1531 1762 homo
1557 1707 1673 1775 ejus
1702 1719 2047 1787 evacuaverat
2079 1726 2197 1777 qua:

2295 536 2451 602 σοαι;
2474 535 2634 589 Γενοῦ
2657 536 2783 608 ἑξῆς
2809 536 3064 607 ἀθλητὴς,
3086 535 3162 600 ὡς
3189 538 3217 589 6
3240 536 3465 603 δίκαιος,
3495 536 3576 600 ὃς,
3604 536 3712 590 κᾶν
3734 534 3879 609 πέσῃ

2294 627 2535 681 παλαίων
2567 626 2600 698 ἢ
2642 628 2870 699 τρέχων,
2902 630 2973 682 οὐ
3002 628 3498 698 ωταρρήγνυται,
3531 627 3623 681 ὅτι
3656 627 3877 694 Κύριος

2292 717 2683 787 ἀντιστηρίζει
2712 719 2879 788 χεῖρα
2900 719 3105 773 αὐτοῦ.
3146 719 3470 792 ’Δμφίϐολος
3498 720 3532 790 ἡ
3567 718 3746 785 λέξις⁶
3775 712 3877 767 πό-

2291 828 2450 883 τερον
2477 810 2584 883 γὰρ
2608 810 2705 884 τὴν
2729 811 2938 877 ἑαυτοῦ,
2973 812 3007 884 ἢ
3038 811 3135 884 τὴν
3169 811 3265 865 τοῦ
3297 811 3615 875 παλαίοντος
3649 811 3746 864 καὶ
3768 809 3873 881 ήδη

2296 904 2577 975 μέλλοντος
2629 906 3126 977 καταρρήγνυσθαι,
3176 906 3262 959 ῑνα
3311 904 3385 977 μὴ
3429 904 3566 968 ὅλως
3614 903 3744 975 ἔλθῃ
3778 902 3876 955 ἐπὶ

2293 996 2604 1068 πρόσωπον,
2639 997 2733 1050 καὶ
2764 997 2986 1069 γένηται
3017 997 3191 1069 χαμαὶ
3221 996 3339 1061 ὅλος
3372 997 3644 1067 κείμενος.

2293 1172 2443 1243 Στίχ.
2473 1179 2581 1264 με’.
2610 1172 3257 1264 Νειέιξεροξιὲτενόμην·
3298 1176 3397 1264 καί
3424 1174 3534 1264 ηὰρ
3558 1174 3868 1264 ἐηὶρασω

2391 1241 2489 1297 καὶ
2520 1246 2632 1299 οὐκ
2666 1241 2831 1299 εἶδον
2871 1241 3777 1316 δίκαιονέγνιαταλεζὶέιμμένον.

2376 1336 2607 1407 Ἑτέρως
2631 1337 2689 1391 δὲ
2717 1337 2873 1406 ῐσμεν
2892 1337 3107 1408 ἠλικίαν
3138 1338 3279 1392 κατὰ
3305 1338 3395 1391 τὸν
3420 1338 3529 1391 έσω
3557 1335 3874 1407 ἄνθρωπον,

2294 1427 2527 1491 παιδίου,
2558 1428 2861 1493 νεανίσκου,
2892 1432 3165 1501 γέροντος.
3192 1428 3305 1501 Πρὸ
3330 1430 3460 1497 γοῦν
3482 1429 3577 1482 τοῦ
3617 1428 3878 1501 Ἁϐραάμ

2293 1522 2342 1573 οἱ
2381 1519 2860 1593 πολυχρονιώτεραι
2885 1521 3047 1576 αὑτοῦ
3072 1522 3171 1575 οὑκ
3198 1522 3440 1593 εἴρηνται
3468 1521 3837 1593 πρεσϐύτεροι
3854 1534 3873 1550 ⁸

2294 1611 2409 1665 ἀλλ’
2426 1612 2588 1677 αὐτὸς
2622 1612 2835 1684 πρῶτος
2865 1612 2931 1667 δι’
2958 1612 3155 1686 ἀρετὴν
3180 1613 3546 1685 πρεσϐύτερος
3567 1611 3877 1683 ἐχρημάτι-

2298 1721 2379 1767 σε,
2408 1705 2503 1761 καὶ
2533 1703 2621 1757 διὰ
2644 1705 2705 1757 τὸ
2730 1704 2821 1758 τὸν
2860 1705 2968 1759 έσω
2996 1705 3158 1759 αὑτοῦ
3189 1705 3471 1778 άνθρωπον
3498 1699 3873 1773 κατηργηκέ-

608 1807 762 1851 erant
782 1797 1073 1867 parvuli“.
1115 1799 1251 1852 Audi
1297 1796 1589 1855 Jeremiam
1617 1818 1631 1855 :
1669 1797 1752 1855 Ne
1773 1801 2037 1864 dixeritis,
2053 1802 2177 1870 quia

2283 1813 2376 1851 ναι
2404 1797 2476 1851 τὰ
2526 1797 2631 1851 τοῦ
2681 1797 2921 1865 νηπίου.
2962 1798 3073 1851 Καὶ
3117 1798 3382 1869 Ἰερεμίου
3424 1796 3616 1851 ἄκουεο
3643 1794 3746 1864 Μὴ
3767 1791 3875 1849 λέ-

600 1890 791 1958 junior
819 1907 911 1960 ego
938 1908 1053 1945 sum
1087 1893 1155 1945 ³⁸.
1182 1890 1316 1945 Tale
1337 1892 1466 1960 quid
1504 1902 1557 1946 tu
1595 1892 1729 1946 mihi
1780 1893 1955 1963 cogita
1984 1893 2049 1947 de
2080 1892 2183 1946 Da—

609 1982 699 2036 vid
729 1996 945 2052 quoque
973 1999 987 2037 :
1012 1981 1227 2048 Iunior,
1259 1984 1451 2053 inquit,
1481 1983 1558 2052 fui
1588 1999 1608 2047 ;
1635 1984 1925 2037 secundum
1963 1984 2184 2038 interio-

609 2088 723 2129 rem
754 2075 1050 2129 hominem.
1089 2074 1327 2130 Mutatus
1358 2085 1538 2130 autem
1587 2075 1656 2130 de
1683 2074 1906 2143 juvenili
1946 2091 2096 2129 more
2127 2085 2183 2132 et

609 2164 872 2229 instabili,
909 2165 1203 2219 secundum
1227 2179 1386 2234 quem
1405 2165 1733 2236 juvenilibus
1760 2168 1983 2220 studens
2006 2166 2181 2235 iunior

608 2273 778 2320 eram,
811 2258 879 2310 ad
924 2265 1262 2314 senectutem
1298 2261 1442 2321 veni,
1468 2258 1634 2311 vitam
1682 2258 1890 2312 habens
1922 2260 2183 2315 immacu-

606 2346 797 2413 latam,
825 2354 879 2401 et
909 2360 1099 2403 canam
1131 2346 1499 2415 prudentiam.
1530 2348 1710 2416 Atque
1740 2356 1799 2401 ut
1826 2347 1896 2402 ita
1930 2345 2181 2417 profece-

530 2470 536 2477 ο
607 2437 742 2501 riiu,
777 2452 882 2492 non
944 2438 1053 2491 vidi
1099 2448 1310 2507 Iustum
1356 2438 1680 2493 derelictum.
1713 2438 1769 2494 Si
1825 2439 2182 2508 corporaliter

607 2528 908 2600 intelligas,
942 2528 1136 2583 falsum
1182 2538 1285 2585 est.
1322 2531 1393 2585 At
1434 2532 1551 2585 dum
1583 2541 1709 2586 sunt
1745 2529 2129 2586 derelictiones
2160 2549 2175 2600 ;

604 2621 780 2676 altera
838 2620 1163 2692 corporalis,
1210 2637 1331 2692 quae
1382 2622 1517 2677 nihil
1554 2622 1710 2678 nobis
1757 2620 1956 2688 allicit;
2006 2622 2178 2678 altera

482 2734 496 2744 -
605 2710 926 2781 spirjtualis,
960 2717 1081 2782 quae
1116 2713 1368 2768 interitus
1405 2724 1509 2769 est.
1546 2714 1813 2781 Quantum
1846 2714 2010 2786 igitur
2038 2715 2177 2772 dite-

606 2805 811 2858 scimus
843 2805 896 2859 in
927 2806 1183 2876 operibus
1208 2804 1394 2875 justis.
1422 2816 1573 2861 tanto
1608 2808 1779 2877 magis
1803 2806 2089 2876 juvamur,
2118 2817 2177 2863 ut

606 2911 713 2949 non
750 2894 1196 2964 derelinquamur
1223 2912 1393 2967 usque
1426 2899 1479 2952 in
1517 2898 1697 2953 linem.
1725 2899 1932 2953 Idcirco
1959 2914 2065 2954 non
2087 2898 2173 2954 di-

605 2987 708 3052 xit,
733 2987 823 3058 qui
851 2988 1266 3059 derelinquatur,
1295 2991 1387 3045 sed
1433 2990 1730 3045 derelictus.
1766 2991 1903 3058 Quia
1943 2991 2008 3046 ad
2041 2999 2177 3046 tem-

602 3090 704 3144 pus
743 3076 1193 3147 derclinquuntur
1234 3077 1399 3133 etiam
1441 3081 1594 3146 justi,
1633 3082 1792 3135 sicuti
1831 3080 1954 3148 Job,
1991 3091 2050 3138 ut
2080 3095 2176 3153 ap-

604 3177 817 3236 pareret
838 3166 1039 3237 justus.

1200 3257 1397 3315 PSAL.
1431 3256 1566 3312 XLI.

604 3345 667 3402 V.
702 3348 781 3422 ID.
825 3348 1009 3404 Dicam
1039 3348 1148 3422 Deo
1184 3351 1525 3422 :Auxiliator
1555 3367 1698 3422 meus
1735 3368 1809 3422 es.
1842 3349 1909 3405 Ut
1936 3352 2063 3422 quid
2079 3354 2177 3408 mei

672 3418 864 3494 oti/ilus
892 3436 944 3494 es
975 3422 1000 3474 ?
1030 3418 1095 3494 Et
1117 3437 1278 3489 quare
1302 3422 1467 3475 tristis
1496 3421 1677 3475 incedo
1703 3421 1870 3487 vultu,
1894 3418 2018 3476 dum
2042 3423 2176 3494 σηιε-

670 3490 742 3557 git
765 3489 1010 3542 inimicus
1042 3489 1068 3541 ?

607 3577 786 3650 V._H.
819 3577 963 3650 Cum,
994 3578 1460 3648 confringebantur
1512 3597 1633 3634 ossa
1685 3598 1823 3644 mea,
1852 3585 2177 3650 impropera-

675 3647 813 3720 baut
837 3649 966 3720 nti/ti
997 3647 1366 3720 _inimici_ntei
1402 3665 1561 3703 :cum
1617 3652 1843 3706 dicerent
1895 3647 1994 3720 ipsi
2023 3647 2175 3705 'milu'

671 3717 905 3784 quotidie
937 3733 957 3771 .'
993 3716 1094 3771 Ubi
1114 3727 1192 3771 est
1229 3718 1369 3772 Deus
1396 3731 1515 3774 tuus
1548 3720 1573 3773 ?

674 3807 789 3861 Non
843 3808 1091 3864 videmus
1140 3824 1332 3863 omnes
1355 3812 1629 3879 quomodo
1660 3811 1986 3866 misereatur
2009 3811 2170 3868 Deus.

602 3899 743 3966 Quin
799 3899 962 3954 etiam
994 3913 1137 3970 saepe
1183 3901 1238 3955 in
1287 3901 1353 3954 iis
1389 3916 1508 3970 quas
1545 3916 1609 3956 ex
1644 3902 2015 3958 misericordia
2060 3903 2175 3972 ejus

599 3993 946 4061 proveniunt,
970 4002 1257 4060 propterea
1287 3994 1428 4061 quod
1461 3994 1685 4049 molesta
1715 4003 1862 4061 sunt,
1899 3994 2043 4050 haud
2075 4011 2170 4050 vo-

602 4082 725 4152 lupe
749 4083 1046 4147 habentes,
1083 4098 1147 4136 ne
1201 4085 1421 4152 quidem
1469 4099 1589 4140 esse
1637 4098 1699 4139 ea
1744 4085 2169 4140 miscricordiam

602 4175 998 4228 existimamus.
1053 4174 1345 4244 Propterea
1439 4176 1733 4233 dicimus:
1801 4177 2003 4249 thuid
2066 4178 2170 4231 mei

602 4268 793 4321 oblitus
813 4283 865 4321 es
891 4266 917 4320 .’
942 4267 1009 4320 At
1044 4268 1135 4336 qui
1178 4268 1430 4338 percipit,
1465 4269 1591 4339 quia
1627 4282 1787 4323 omne
1821 4270 1966 4340 quod
2010 4269 2172 4324 indu-

602 4360 678 4413 cit
734 4358 873 4413 Deus
923 4358 1128 4413 utiliter
1175 4358 1402 4425 inducit,
1454 4359 1587 4413 nthil
1634 4359 1741 4413 tale
1770 4359 1938 4425 ilicet,
1989 4361 2168 4416 sciens

601 4449 769 4507 Dettm
824 4451 899 4505 ita
952 4464 1130 4521 agere,
1171 4452 1295 4520 quia
1326 4451 1658 4519 pmuitentim
1709 4460 1764 4507 et
1792 4452 2011 4507 utilitati
2048 4452 2167 4520 ejus

601 4544 801 4599 studet.
830 4539 936 4597 Sed
962 4543 1104 4612 quod
1159 4541 1487 4604 dicebamus,
1522 4542 1791 4611 paenitens
1826 4541 2014 4611 vulgus
2060 4541 2165 4597 sci-

601 4635 828 4690 scitatur
855 4649 887 4687 a
924 4634 1054 4697 Deo,
1090 4646 1187 4686 cur
1231 4634 1406 4703 ipsum
1441 4633 1721 4703 reliquerit
1745 4632 1880 4687 adeo
1906 4632 2164 4689 amictum

600 4743 665 4782 ac
708 4726 926 4781 tristitia
955 4725 1229 4780 obrutum.
1259 4723 1517 4791 Quaenam
1548 4733 1632 4778 est
1671 4722 1831 4792 hujus
1858 4722 2167 4779 derelictio-

600 4820 685 4873 nis
714 4833 875 4873 causa
906 4816 932 4870 ?
957 4830 1128 4885 neque
1152 4815 1294 4870 enim
1322 4814 1555 4885 vulgaris
1580 4814 1758 4883 aliqua
1780 4827 1901 4867 esse
1931 4812 2161 4868 videtur.

598 4913 701 4980 Qui
756 4912 920 4981 igitur
950 4909 1081 4963 dicit
1110 4930 1122 4964 :
1168 4906 1365 4977 Ulquid
1396 4907 1497 4961 mei
1528 4907 1722 4959 oblitus
1754 4921 1807 4958 es
1836 4907 1863 4960 ?
1887 4903 2164 4960 conlidere

597 5007 830 5069 videtur,
868 5003 1011 5072 quod
1064 5001 1199 5056 nihil
1238 4998 1430 5053 fecerit
1478 5012 1686 5062 eorum,
1738 5011 1966 5068 quorum
2003 5009 2163 5050 causa

595 5095 945 5150 obliviscatur
981 5090 1474 5148 Deus.‘Admodum
1504 5104 1631 5145 vero
1655 5089 1936 5144 contristat
1956 5086 2159 5155 justutlI

598 5187 747 5249 illud,
783 5184 882 5240 Ubi
916 5195 991 5240 est
1025 5186 1050 5239 ?
1082 5186 1283 5240 dictqu
1315 5182 1382 5237 de
1412 5181 1542 5248 Deo,
1571 5181 1713 5249 quod
1743 5179 1917 5234 locum
1965 5176 2158 5231 innuit.

598 5278 691 5332 Est
722 5278 865 5332 enim
912 5287 1168 5331 extremm
1208 5272 1496 5327 dementia:
1525 5270 1797 5334 arbitrari,
1832 5267 2000 5324 Deum
2039 5280 2160 5322 esse

600 5366 651 5418 in
684 5368 820 5422 loco.
864 5368 1234 5440 Magnitudine
1270 5364 1411 5419 euim
1461 5362 1611 5418 locus
1635 5370 1849 5417 constat
1879 5378 1892 5415 :
1932 5370 1989 5413 at
2021 5358 2161 5415 Deus

600 5460 721 5514 talis
752 5463 1136 5532 magnitudinis
1182 5474 1378 5530 expers
1433 5466 1538 5513 est.
1598 5455 1686 5513 Isti
1740 5470 1866 5511 vero
1895 5453 2159 5510 orationis

666 5598 709 5630 ⁹¹
741 5599 907 5655 lCor.
938 5616 1056 5669 χιιι,
1086 5603 1175 5658 ll.
1247 5596 1514 5655 u'Jerem.
1553 5599 1671 5675 1,7.

668 5733 779 5807 (30)
808 5736 1001 5805 Κύριλ.
1032 5740 1138 5796 Sed
1169 5741 1341 5810 magis
1367 5739 1660 5811 Origenem
1692 5741 1925 5809 sapiunt.

2283 1907 2445 1961 τετε,
2480 1890 2571 1943 ὅτι
2609 1889 2893 1958 νεώτερος
2931 1889 3046 1960 ἐγώ
3072 1891 3207 1959 εἰμι.
3240 1889 3491 1943 Τοιοῦτόν
3532 1888 3584 1942 τί
3631 1905 3724 1960 μοι
3756 1888 3872 1941 νόει

2283 1982 2377 2035 καὶ
2411 1982 2539 2053 περὶ
2570 1981 2665 2034 τοῦ
2693 1981 2853 2034 Δαϐίδ
2872 1998 2885 2011 °
2914 1981 3167 2051 Νήπιος,
3196 1981 3376 2052 φησιν,
3403 1981 3701 2052 ἐγενόμην
3724 1979 3874 2034 κατὰ

2281 2073 2371 2127 τὸν
2415 2073 2522 2127 έσω
2572 2091 2671 2145 μου
2720 2073 3023 2145 ἄνθρωπον.
3076 2072 3407 2128 Μεταϐαλὼν
3455 2074 3511 2127 δὲ
3556 2073 3621 2127 ὲκ
3666 2070 3872 2143 νεαροῦ

2281 2166 2444 2236 ἠθους
2474 2166 2579 2218 καὶ.
2614 2164 2892 2228 ἀϐεϐαίου,
2944 2164 3065 2218 καθ’
3118 2164 3178 2219 ὃν
3223 2164 3558 2237 νεωτερίζων
3597 2163 3871 2232 νεώτερος

2281 2254 2449 2324 ἥμην,
2494 2255 2573 2317 είς
2611 2253 2790 2324 γῆρας
2834 2248 3016 2325 ἦλθον,
3056 2252 3172 2324 βίον
3214 2253 3545 2325 ἀκηλίδωτον
3586 2252 3729 2323 ἔχων
3768 2252 3873 2309 καὶ

2281 2345 2471 2399 πολιὰν
2502 2344 2783 2416 φρόνησιν.
2811 2344 2920 2397 Καὶ
2948 2342 3090 2410 οὕτω
3112 2344 3409 2415 προκόψας,
3440 2344 3550 2397 οὐκ
3572 2340 3742 2397 εἶδον
3772 2341 3870 2397 δι-

2280 2451 2452 2488 καιον
2468 2432 3096 2504 ἐγκαταλελειμμένον.
3132 2434 3256 2488 Ἐὰν
3279 2434 3608 2505 σωματικῶς
3630 2432 3868 2506 ἀκούῃς,

2278 2525 2469 2596 ψεῦδός
2500 2527 2635 2581 ἐστι.
2678 2526 2782 2579 Δύο
2812 2525 2869 2579 δέ
2898 2527 3037 2579 είσιν
3068 2525 3510 2596 ἐγκαταλείψεις’
3544 2528 3578 2596 ἡ
3622 2525 3722 2596 μὲν
3753 2543 3868 2579 σω-

2283 2618 2504 2689 ματικὴ,
2532 2619 2654 2689 ἥτις
2690 2619 2839 2673 οὐδὲν
2878 2620 3026 2691 ἡμᾶς
3073 2618 3330 2689 βλάπτει·
3368 2620 3402 2690 ἡ
3435 2618 3493 2672 δὲ
3526 2616 3628 2689 τῆς
3660 2616 3866 2688 ψυχῆς,

2277 2711 2398 2781 ἥτις
2443 2710 2684 2783 ὀλέθριός
2728 2714 2896 2766 ἐστιν.
2934 2713 3094 2766 Ὅσον
3133 2714 3230 2784 μὲν
3270 2707 3364 2767 οὖν
3411 2712 3753 2784 πλουτοῦμεν
3800 2714 3863 2765 ὲν

2278 2801 2458 2875 ἔργοις
2484 2802 2731 2868 δικαίοις,
2754 2804 3004 2860 τοσοῦτον
3033 2805 3230 2875 μᾶλλον
3255 2804 3596 2878 βοηθούμεθα
3621 2806 3761 2878 πρὸς
3795 2807 3860 2862 τὸ

2280 2894 2354 2967 μὴ
2419 2892 2907 2963 ὲγκαταλείπεσοαι
2973 2898 3139 2970 μέχρι
3198 2896 3403 2961 τέλους.
3468 2898 3562 2951 Διὸ
3624 2899 3728 2953 οὐκ
3774 2896 3862 2953 εἶ-

2276 3002 2399 3050 πεν,
2446 2984 2984 3058 ἐγκαίαλειφθέντα
3004 3028 3019 3052 ,
3069 2988 3184 3042 ἀλλ’
3213 2988 3865 3060 ἐγκαταλελειμμένον.

2289 3076 2462 3140 Ἐπεὶ,
2494 3078 2630 3148 πρὸς
2672 3077 2863 3149 καιρὸν
2899 3079 2991 3132 καὶ
3030 3079 3598 3150 ὲγκαταλιμπάνονται
3635 3081 3865 3150 δίκαιοι,

2201 3157 2245 3214 C
2278 3166 2354 3231 ὡς
2376 3168 2404 3219 6
2450 3165 2588 3232 Ἰὼϐ,
2623 3167 2710 3222 ἵνα
2734 3168 2977 3240 ἀναφανῇ
3006 3168 3232 3233 δίκαιος.

2898 3260 3067 3315 ΨΑΛ.
3101 3261 3237 3316 MA'.

2279 3348 2427 3423 Στίχ.
2450 3356 2501 3401 ι’.
2522 3346 2666 3423 ζΕρῶ
2690 3348 2812 3423 Θεῷ
2830 3366 2867 3423 '_
2886 3347 3275 3423 Ἁντιλήπτοῳ
3299 3367 3419 3423 μου
3444 3345 3503 3404 εἷ
3543 3353 3650 3406 Διὰ
3667 3353 3867 3423 τιμον

2349 3417 2670 3493 ἐπελρᾂω
2699 3419 2807 3493 Καὶ
2844 3420 2944 3493 ἵνα
2970 3421 3026 3493 τί
3050 3417 3483 3493 σκυθρωπάζων
3506 3417 3867 3493 πορεύομαι,

2346 3491 2417 3543 ἐν
2441 3488 2521 3554 τῷ
2544 3489 2839 3544 ἐκθλίϐειν
2873 3490 2979 3543 τὸν
3002 3490 3254 3559 ἐχθρόν;

2276 3582 2429 3653 Στίχ.
2440 3587 2542 3653 ια’.
2585 3581 2686 3634 Ἐν
2713 3580 2793 3653 τῷ
2818 3581 3239 3653 καταθλᾶοθαιᾲ
3249 3581 3320 3636 τὰ
3342 3582 3496 3653 ὀστᾶ,
3519 3601 3665 3652 μου,
3694 3583 3871 3640 ὠνεί-

2347 3650 2610 3725 σίζον-με.
2631 3654 2683 3704 οὶ
2703 3652 2925 3725 ἐχθροίΔ
2929 3668 3048 3720 μου
3168 3650 3249 3725 τῷ
3275 3651 3482 3725 λέγειν
3501 3650 3732 3721 αὐτούς
3754 3673 3869 3725 μοι

2347 3722 2483 3775 καθ’.
2505 3720 2774 3789 ἑκάστην
2812 3721 3071 3790 ἡμέραν·
3102 3722 3227 3776 Ποῦ
3258 3720 3429 3777 ἐστιν
3455 3726 3487 3776 ό
3518 3725 3659 3791 Θεό(
3702 3720 3868 3790 dou;

2346 3812 2460 3882 Οὐχ
2486 3810 2698 3884 ὁρῶμεν
2722 3811 2781 3865 δὲ
2807 3812 3007 3877 πάντες
3043 3812 3161 3878 πῶς
3189 3812 3329 3867 ἐλεεῖ
3346 3816 3375 3868 6
3398 3814 3551 3878 Θεός.
3586 3818 3699 3870 Καὶ
3729 3818 3867 3871 πολ-

2275 3903 2432 3967 λάκις
2463 3903 2596 3975 πρὸς
2618 3902 2689 3957 τὰ
2715 3905 2836 3957 κατ’
2864 3903 3231 3977 ἐλεημοσύνην
3267 3905 3431 3960 αὐτοῦ
3464 3907 3751 3979 γινόμενα,
3781 3910 3864 3981 τῷ

2274 3997 2507 4052 ἐπίπονα
2550 3992 2708 4062 εἶναι,
2739 3998 2837 4069 οὐχ
2874 3997 3044 4069 ἡδέως
3085 3998 3319 4070 ἔχοντες,
3353 4001 3473 4055 οὐδὲ
3518 4002 3671 4058 ἔλεον
3717 4003 3863 4061 εἶναι

2273 4088 2586 4161 νομίζομεν.
2623 4092 2714 4144 Διὸ
2744 4088 3001 4162 λέγομεν
3033 4091 3138 4146 Διὰ
3165 4092 3223 4145 τι
3252 4110 3371 4162 μου
3409 4093 3755 4162 ἐπελάθου;
3801 4100 3863 4154 Ὁ

2271 4181 2328 4235 δὲ
2356 4181 2661 4254 διειληφὼς,
2690 4184 2771 4237 ὅτι
2813 4185 2922 4238 πᾶν
2962 4184 2991 4238 6
3023 4184 3218 4254 ἐπάγει
3244 4186 3273 4239 6
3300 4186 3431 4251 Θεὸς
3462 4190 3865 4263 συμφερόντως

2273 4274 2490 4343 ἐπάγει,
2513 4275 2665 4328 οὐδὲν
2693 4277 2809 4346 ἐρεῖ
2829 4275 3088 4343 τοιοῦτον,
3118 4271 3292 4343 εἰδὼς,
3320 4278 3402 4333 ὅτι
3427 4280 3527 4350 τὴν
3560 4283 3863 4351 μετάνοιαν

2271 4365 2458 4430 αὐτοῦ,
2498 4366 2592 4420 καὶ
2617 4367 2716 4438 τὴν
2747 4367 3017 4436 ὠφέλειαν
3064 4369 3589 4442 πραγματευόμενος
3618 4372 3648 4425 6
3696 4374 3859 4441 Θεὸς,

2199 4488 2245 4544 D
2271 4457 2429 4510 τοῦτο
2455 4460 2617 4511 ποιεῖ.
2662 4457 2802 4511 Ἀλλ’
2848 4458 2985 4529 ὅπερ
3026 4459 3306 4532 ἐλέγομεν,
3345 4462 3375 4514 6
3420 4464 3862 4531 μεταγινώσκων

2271 4548 2396 4611 λαὸς
2420 4548 2740 4604 πυνθάνεται
2762 4549 2858 4605 τοῦ
2888 4550 3045 4617 Θεοῦ,
3070 4551 3158 4605 διὰ
3197 4552 3250 4606 τί
3282 4553 3443 4607 αὑτὸν
3469 4557 3864 4623 ἐγκαταλέλοι-

2271 4655 2373 4692 πεν
2398 4638 2568 4704 οὕτως
2591 4640 2973 4713 ὲκθλιϐόμενον
3010 4643 3105 4697 καὶ
3132 4643 3619 4714 σκυθρωπάζοντα.
3638 4648 3757 4719 (80)
3795 4649 3864 4702 Τι

2270 4729 2332 4785 τὸ
2362 4731 2532 4785 αίτιον
2572 4732 2670 4802 τῆς
2693 4731 2947 4804 τοιαύτης
2973 4734 3445 4804 ὲγκαταλείψεωςς
3478 4743 3541 4790 ού
3584 4737 3649 4792 τὸ
3689 4741 3862 4811 τυχὸν

2270 4821 2379 4892 γὰρ
2402 4821 2576 4876 ἔοικεν
2604 4818 2761 4877 εἶναι.
2805 4823 2865 4877 ’0
2890 4824 3072 4895 μέντοι
3119 4825 3321 4894 λέγων·
3350 4826 3453 4880 Διὰ
3476 4827 3536 4880 τί
3567 4847 3692 4897 μου
3752 4832 3863 4886 ἑπ-

2269 4913 2523 4978 ελάθου;
2565 4912 2786 4987 θαρρεῖν
2814 4915 3009 4980 ἔοικεν,
3037 4916 3113 4979 ὡς
3147 4918 3314 4988 μηδὲν
3347 4918 3687 4991 πεποιηκὼς,
3722 4922 3795 4975 δι’
3823 4924 3864 4977 ἃ.

2271 5004 2680 5059 ἐπιλανθάνεται
2698 5004 2728 5057 6
2752 5005 2902 5069 Θεός.
2933 5005 3082 5061 Πάνυ
3125 5007 3180 5061 δὲ
3213 5009 3373 5062 λυπεῖ
3395 5011 3487 5064 τὸν
3528 5011 3747 5069 δίκαιον
3769 5016 3858 5080 τὸ,

2269 5095 2430 5160 Ποῦ;
2474 5097 2568 5149 ἐπὶ
2606 5097 2741 5150 Θεοῦ
2789 5098 3113 5169 λεγόμενον,
3159 5100 3297 5172 ὅπερ
3345 5103 3462 5155 ἐστὶ
3510 5108 3861 5174 σημαντικὸν

2264 5187 2451 5242 τόπου.
2497 5189 2608 5259 Τῆς
2649 5189 2758 5260 γάρ
2784 5190 3019 5263 ἐσχάτης
3043 5192 3226 5257 ἀνοίας
3249 5194 3311 5247 τὸ
3340 5195 3397 5248 ἐν
3420 5194 3573 5267 τόπῳ
3601 5197 3864 5265 νομίζειν

2265 5274 2400 5333 εἶναι
2415 5282 2503 5336 τὸν
2517 5283 2669 5338 Θεόν.
2689 5285 2875 5357 Ὀγκῳ
2892 5286 3001 5358 γὰρ
3031 5287 3418 5357 συνυφίσταται
3445 5288 3613 5354 τόπος
3633 5307 3648 5321 ·
3679 5290 3862 5359 ὄγκου

2262 5365 2321 5420 δὲ
2340 5369 2401 5421 τὸ
2418 5370 2571 5424 Θεῖον
2591 5371 2888 5445 ἐλεύθερον.
2915 5369 3076 5429 Οὗτοι
3100 5376 3155 5429 δὲ
3177 5377 3278 5448 τῆς
3299 5378 3468 5448 εὐχῆς
3496 5380 3547 5431 oi
3575 5379 3732 5449 λόγοι
3758 5383 3860 5435 καὶ

2261 5456 2342 5529 τῷ
2381 5462 2439 5514 έν
2481 5462 2758 5519 Βαϐυλῶνι
2791 5466 2906 5539 λαῷ
2949 5465 3295 5541 ἁρμόζουσιν.
3354 5470 3467 5524 Ἀεὶ
3506 5470 3644 5544 γὰρ,
3691 5475 3858 5545 φησὶ,
