4004 6500
519 390 619 446 139
1399 390 1550 438 SUPI

1059 481 1255 535 PSAL.
1295 479 1550 534 LXXVII.

658 576 719 632 ν.
753 574 839 629 50.
872 574 1053 626 Adhuc
1092 573 1368 626 exsistente
1402 587 1522 624 esca
1551 571 1608 624 in
1637 587 1728 625 ore
1752 587 1954 625 eorum.

514 730 580 790 ν.
603 732 692 788 5!.
734 729 830 784 Ira
863 728 958 782 Dei
985 727 1218 780 ascendit
1249 727 1303 780 in
1345 727 1484 797 illos,
1517 737 1563 780 et
1603 728 1789 782 occidit
1829 728 1884 780 in
1909 726 2082 797 pluri-

723 803 815 855 bus
836 814 1013 853 eorum
1037 814 1056 862 ;
1091 809 1138 852 et
1164 797 1350 852 electos
1382 795 1550 850 Israel
1579 798 1866 868 impedivit.

581 948 837 1003 Videntes
858 955 1278 1018 ortygometram
1323 946 1557 1014 Hebraei,
1601 963 1706 1005 non
1734 951 2077 1007 crediderunt

510 1037 984 1108 pollicitationibus
1008 1037 1227 1104 divinis,
1271 1052 1394 1091 cum
1429 1040 1775 1108 promisisset
1825 1043 1965 1097 Deus
1992 1043 2077 1097 l'o-

510 1146 590 1196 re,
619 1141 678 1184 ut
712 1143 881 1197 usque
905 1127 960 1181 in
993 1139 1233 1182 mensem
1271 1129 1502 1184 nutriret
1522 1143 1617 1184 eos
1639 1131 1707 1186 ad
1740 1134 2076 1187 satietatem.

511 1223 616 1277 Sed
652 1222 828 1284 veriti,
869 1234 936 1274 ne
965 1217 1208 1272 avolaret
1236 1220 1320 1274 vel
1360 1221 1613 1276 deﬁceret
1647 1223 1866 1290 iterum,
1903 1222 2080 1292 Retri-

507 1322 844 1384 geraverunt,
879 1311 976 1376 ait,
1029 1310 1128 1364 sibi
1159 1311 1588 1382 refrigerationes
1616 1315 1670 1367 in
1717 1330 1845 1385 gyro
1877 1325 2078 1370 castro-

506 1424 646 1463 rum.
684 1405 752 1460 Et
784 1421 968 1460 carnes
990 1405 1162 1458 adhuc
1202 1414 1350 1460 erant
1375 1406 1432 1458 in
1466 1406 1708 1460 dentibus
1735 1424 1939 1474 eorum,
1979 1425 2078 1463 an-

507 1511 710 1569 tequam
732 1498 1006 1565 deﬁcerent
1033 1512 1052 1548 :
1082 1505 1129 1547 et
1153 1495 1407 1550 Dominus
1435 1498 1602 1551 iratus
1622 1507 1698 1553 est
1730 1500 1785 1554 in
1805 1500 2074 1568 populum.

503 1594 574 1648 Et
618 1595 872 1662 percussit
918 1593 1176 1648 Dominus
1211 1592 1462 1663 populum
1499 1592 1834 1660 percussione
1879 1609 2074 1661 magna

501 1689 650 1743 valde
678 1687 741 1742 ".
778 1687 905 1742 Haac
934 1687 1201 1756 percussio
1231 1702 1445 1755 magna,
1492 1699 1642 1739 mors
1678 1685 1779 1740 fuit
1812 1684 2076 1754 plurimo-

502 1795 646 1846 rum,
670 1780 826 1850 juxta
866 1779 1008 1848 quod
1061 1779 1149 1832 hic
1182 1778 1384 1832 dicitur
1416 1795 1430 1830 :
1467 1777 1675 1830 Occidit
1716 1777 1772 1829 in
1810 1777 2070 1844 pluribus,

1399 381 1958 438 SUPPLEMENTUM
1994 380 2084 436 AD
2118 377 2438 435 ORIGENIS
2471 379 2879 437 EXEGETICA.

2109 496 2156 550 Α

3577 439 3610 476 ὑ
3635 386 3724 445 uo

2807 477 2970 531 ΨΑΛ.
3028 478 3141 530 OZ'.

2186 570 2329 640 Στίχ.
2353 569 2418 623 λ’.
2448 570 2571 622 Ἔτι
2603 567 2710 637 τῆς
2741 569 3022 652 ,βρώσεως
3055 570 3247 638 οὔσης
3281 569 3352 622 ἐν
3382 567 3460 635 τῷ
3497 571 3729 642 στόματι

2860 657 3077 692 αυτων.

2185 733 2330 804 Στίχ.
2356 731 2463 804 λα’.
2510 731 2688 804 om,
2727 731 2840 804 τοῇ
2854 801 2859 804 Α
2883 729 3039 804 θεοῦ,
3063 730 3244 798 ἀνέϐη
3264 730 3364 804 tu:
3378 731 3614 804 αὐτοὺς,
3642 718 3730 789 ma

2253 801 2560 856 ἀπέκτεινε
2601 803 2724 866 τοῖς
2760 801 2870 870 (82)
2905 803 3185 856 πλείοσιν
3216 802 3414 854 αὐτῶν
3434 819 3446 834 ο
3477 803 3571 856 καὶ
3605 804 3731 871 τοὺς

2249 871 2574 938 ἐκλεκτοὺς
2595 871 2700 928 τοῦ
2737 871 2994 941 Ἰσραὴλ
3007 871 3431 925 συνεπόδισεν.

2265 961 2482 1025 Ἰδόντες
2507 961 2603 1033 τὴν
2631 961 3044 1032 ὀρτυγομήτραν
3085 959 3339 1030 Ἑϐραῖοι,
3367 959 3466 1012 οὐκ
3502 959 3726 1013 ἐπίστευ-

2183 1071 2278 1106 σαν
2302 1056 2368 1124 τῇ
2391 1053 2484 1107 τοῦ
2505 1052 2640 1106 Θεοῦ
2667 1051 2984 1123 ἐπαγγελίᾳ,
3008 1049 3376 1122 ὑποσχομένου
3399 1050 3558 1121 μέχρι
3583 1049 3734 1121 μηνὸς

2177 1143 2460 1218 διαθρέψαι
2491 1143 2687 1205 αὐτοὺς
2711 1144 2789 1206 είς
2817 1141 3151 1212 πλησμονήν.
3194 1139 3374 1202 Ἀλλὰ,
3420 1137 3734 1209 φοϐηθέντες

2182 1236 2388 1307 μήποτε
2420 1237 2636 1306 ἀποπτῇ
2681 1234 2714 1306 ἢ
2756 1233 3004 1304 ἀναλωθῇ
3039 1232 3221 1295 πάλιν,
3256 1231 3550 1301 Ἐψυξαν,
3592 1229 3731 1300 φησι,

2177 1327 2411 1394 ἐαυτοτς
2436 1326 2714 1396 ψυγμοὺς
2744 1327 2948 1391 κύκλῳ
2977 1324 3086 1394 τῆς
3109 1321 3506 1393 παρεμϐολῆς.
3531 1322 3636 1376 Kal
3671 1321 3736 1375 τὰ

2179 1420 2322 1490 κρέα
2343 1419 2428 1473 ἔτι
2449 1417 2529 1489 ἦν
2561 1420 2631 1472 ἐν
2652 1418 2777 1485 τοῖς
2812 1417 3059 1472 ὀδοῦσιν
3088 1416 3303 1482 αὐτῶν,
3341 1417 3484 1484 πρὶν
3514 1415 3552 1484 ἢ
3591 1415 3736 1468 ἐκλι-

2177 1512 2340 1567 πεῖν·
2373 1511 2470 1567 καὶ
2497 1511 2712 1579 Κύριος
2737 1509 3002 1578 ἐθυμώθη
3031 1512 3118 1576 εὶς
3146 1508 3252 1562 τὸν
3264 1508 3435 1562 λαόν.
3472 1505 3734 1561 Kalend-

2179 1603 2324 1668 ταξε
2378 1603 2594 1671 Κύριος
2639 1601 2747 1655 τὸν
2783 1600 2939 1655 λαὸν
2980 1598 3185 1671 πληγῇ
3221 1597 3454 1669 μεγάλῃ
3493 1597 3731 1667 σφόδρα.

2174 1695 2384 1767 Πληγὴ
2443 1693 2503 1748 δὲ
2557 1692 2808 1764 μεγάλη,
2843 1696 2872 1747 ὁ
2917 1693 3122 1746 πολλῶν
3176 1693 3434 1755 θάνατος,
3497 1690 3636 1745 κατά
3682 1688 3737 1742 τὸ

2173 1791 2458 1862 εἰρημένον
2544 1787 2808 1842 ἐνταῦθα’
2876 1789 2959 1841 ὅτι
3043 1787 3416 1843 Ἀπέκτεινεν
3481 1785 3555 1839 ἐν
3625 1783 3738 1850 τοῖς

501 1871 556 1926 id
611 1881 693 1926 est
737 1870 955 1924 multos.
1005 1868 1110 1922 Sed
1145 1883 1178 1923 ο
1233 1869 1713 1938 ingratitudinem!
1766 1869 2065 1937 Antequam

2173 1880 2432 1938 πλείοσι.
2485 1879 2729 1933 τουτέστι
2775 1877 3018 1941 πολλούς.
3083 1875 3221 1929 Ἀλλ’
3263 1875 3308 1929 ὢ
3360 1876 3458 1948 τῆς
3499 1876 3736 1945 ἀγνωμοα

501 1972 958 2018 consumerentur
998 1975 1194 2014 carnes
1240 1975 1360 2030 qua:
1395 1970 1552 2016 erant
1597 1961 1651 2014 in
1694 1960 1943 2016 dentibus
1975 1976 2068 2016 eo-

501 2070 644 2121 rum,
691 2053 954 2109 increduli
1011 2054 1252 2120 fuerunt,
1301 2053 1453 2109 obliti
1500 2053 1752 2122 potentia!
1788 2053 1901 2111 Dei.
1940 2052 2071 2109 Pro-

498 2158 683 2216 pterea
718 2147 986 2202 desiderio
1016 2146 1231 2215 quidem
1266 2161 1366 2201 suo
1413 2146 1592 2201 satiati
1623 2155 1746 2200 sunt
1786 2146 1851 2201 ad
1879 2158 2067 2201 osten-

500 2241 706 2294 sionem
731 2238 1085 2308 providentiae
1111 2240 1305 2293 divina:
1332 2254 1458 2307 erga
1493 2239 1612 2293 illos
1637 2255 1650 2290 :
1684 2239 1860 2293 evasit
1891 2249 2066 2294 tamen

497 2334 628 2400 illis,
648 2342 868 2403 propter
898 2333 1268 2388 inﬁdelitatem
1299 2343 1354 2388 et
1383 2333 1694 2401 ingluviem,
1731 2333 1783 2386 in
1821 2337 2064 2387 morbum

500 2426 758 2489 cholerae,
799 2439 903 2493 qua
939 2422 1093 2477 multi
1125 2422 1469 2477 interierunt.
1499 2424 1736 2489 Quorum
1761 2421 2064 2493 exemplum

498 2528 609 2571 tam
638 2517 743 2571 illis
779 2517 930 2586 ipsis,
954 2530 1114 2585 quam
1145 2516 1232 2581 iis,
1265 2515 1356 2584 qui
1391 2515 1458 2569 ad
1490 2529 1586 2569 eos
1611 2516 1927 2584 respiciunt,
1952 2514 2069 2570 suf-

499 2611 687 2666 ficiens
713 2609 777 2662 ad
812 2610 1006 2664 bonam
1042 2609 1246 2679 frugem
1282 2607 1400 2662 fuit.

490 2687 493 2692 λ
551 2699 721 2768 illud,
753 2699 807 2752 in
829 2697 1029 2763 multis,
1057 2697 1246 2767 Aquila
1276 2707 1330 2752 et
1360 2696 1722 2767 Symmachus
1753 2699 2059 2766 ediderunt,

495 2795 550 2846 in
581 2791 858 2864 pinguibus
881 2801 929 2845 et
956 2789 1277 2844 obesioribus
1301 2789 1383 2856 “;
1420 2790 1645 2846 ditiores
1669 2791 1847 2860 populi
1876 2802 1932 2846 et
1964 2792 2067 2846 for-

496 2884 664 2938 tiores
696 2883 775 2937 sic
801 2879 1152 2954 appellantes.
1184 2878 1505 2936 Verosimile
1530 2881 1679 2935 enim
1705 2891 1787 2935 est
1816 2897 1910 2938 eos
1938 2897 2064 2952 pro-

493 2985 680 3044 pterea
714 2974 1075 3030 insatiabilius
1107 2971 1428 3029 comedisse.
1479 2968 1586 3027 Sed
1617 2971 1910 3027 secundum
1931 2969 2066 3023 LXX

492 3063 552 3116 in
582 3064 816 3128 pluribus
841 3063 1054 3127 occidit,
1111 3062 1162 3116 id
1191 3072 1274 3117 est
1322 3062 1544 3128 multos,
1585 3076 1721 3131 quos
1763 3060 1928 3125 etiam
1957 3061 2066 3115 elc-

2175 1969 2367 2041 ativqg!
2393 1970 2582 2042 Πρὶνῆ
2614 1969 2987 2041 δαπανηθῆναι
3013 1967 3080 2022 τὰ
3107 1970 3166 2021 ἐν
3191 1971 3303 2031 τοῖς
3333 1965 3544 2020 ὀδοῦσιν
3577 1966 3738 2020 αὐτῶν

2171 2059 2330 2131 κρέα,
2359 2061 2670 2132 ἠπίστησαν
2717 2059 3093 2130 ἐπιλαθόμενοι
3135 2057 3236 2127 τῆς
3266 2055 3360 2109 τοῦ
3410 2055 3548 2109 Θεοῦ
3593 2055 3739 2109 δυνά-

2173 2171 2338 2224 μεως.
2379 2154 2470 2206 Διὸ
2497 2154 2596 2225 τῆς
2643 2153 2742 2224 μὲν
2781 2151 3074 2223 ἐπιθυμίας
3117 2149 3296 2204 αὐτῶν
3340 2147 3738 2220 ἐνεπλήσθησαν

2171 2247 2249 2308 είς
2277 2243 2496 2308 ἔνδειξιν
2528 2238 2626 2316 τῆς
2651 2245 2779 2315 περὶ
2816 2243 3012 2306 αὐτοὺς
3047 2241 3198 2305 θείας
3235 2240 3489 2311 προνοίας
3512 2256 3525 2269 °
3569 2239 3737 2307 ἀπέόη

2170 2337 2226 2389 δέ
2258 2337 2460 2400 αὐτοῖς,
2488 2335 2576 2390 διὰ
2601 2335 2697 2406 τὴν
2723 2336 2976 2388 ἀπιστίαν
3008 2333 3101 2388 καὶ
3130 2331 3448 2404 ἀπληστίαν,
3481 2333 3564 2396 είς
3598 2330 3739 2384 νόσον

2173 2427 2418 2499 χολέρας,
2465 2429 2555 2497 ὑφ’
2607 2424 2675 2499 ἦς
2732 2426 2916 2480 πολλοὶ
2962 2425 3354 2496 διεφθάρησαν·
3397 2414 3472 2476 ὧν
3524 2422 3588 2475 τὸ
3619 2422 3740 2474 ύπό-

2174 2519 2371 2588 δειγμα
2404 2519 2586 2580 αὐτοῖς
2631 2534 2688 2570 τε
2739 2516 2986 2582 ἐκείνοις,
3033 2515 3128 2569 καὶ
3166 2518 3278 2579 τοῖς
3323 2515 3460 2586 πρὸς
3504 2514 3739 2577 ἐκείνους

2177 2610 2395 2682 ὁρῶσιν,
2428 2610 2610 2664 ἱκανὸν
2649 2609 2786 2680 πρὸς
2817 2607 3168 2680 σωφροσύνην
3200 2608 3435 2677 ἐγένετο.

2242 2701 2313 2754 Τὸ
2339 2701 2416 2765 δὲ,
2450 2701 2519 2753 ἐν
2551 2698 2674 2766 τοῖς
2706 2699 3003 2761 πλείοσιν,
3051 2698 3280 2761 Ἀκύλας
3311 2698 3406 2752 καὶ
3429 2696 3737 2770 Σύμμαχος,

2174 2795 2244 2848 ἐν
2283 2792 2403 2859 τοῖς
2440 2793 2612 2848 πίοσί
2653 2791 2753 2846 καὶ
2797 2790 3229 2860 λιπαροτέροις,
3286 2787 3577 2855 ἐξέδωκαν,
3623 2789 3740 2852 τοὺς

2170 2884 2601 2956 πλουσιωτέρους
2657 2883 2750 2936 τοῦ
2805 2882 2936 2937 λαοῦ
2997 2883 3088 2937 καὶ
3151 2882 3527 2954 ἰσχυροτέρους
3577 2881 3740 2944 οὕτως

2169 2975 2549 3047 ὀνομάσαντες.
2591 2976 2751 3039 Εἰκὸς
2780 2975 2888 3047 γὰρ
2917 2975 3112 3038 αὐτοὺς
3149 2974 3236 3027 διὰ
3270 2975 3426 3028 τοῦτο
3473 2974 3740 3044 ἀπληστοο

2171 3067 2344 3137 τέρως
2391 3067 2762 3139 ἐμφορεῖσθαι.
2825 3067 2984 3120 Κατὰ
3033 3067 3089 3121 δέ
3135 3068 3261 3130 τοὺς
3321 3065 3739 3137 Ἑϐδομήκοντα,

493 3163 613 3209 ctos
641 3154 854 3208 vocavit
883 3153 1072 3214 David,
1105 3160 1288 3222 utpote
1317 3151 1623 3220 belligeros.
1668 3151 1731 3206 lli
1765 3167 1924 3222 porro
1953 3153 2063 3206 fue-

2167 3158 2236 3211 ἐν
2279 3158 2402 3224 τοῖς
2447 3159 2728 3215 πλείοσιν
2774 3159 3152 3223 ἀπέκτεινεν,
3196 3157 3437 3210 τουτέστι
3481 3157 3738 3222 πολλοὺς,

492 3257 621 3302 runt
668 3256 917 3302 sexcenta
969 3245 1134 3299 millia
1185 3245 1467 3316 quingenti
1517 3253 1572 3300 et
1617 3245 2002 3316 quinquaginta
2031 3261 2059 3299 a

491 3338 759 3394 vicennali
809 3345 966 3393 aetate
989 3346 1043 3391 et
1088 3351 1271 3406 supra,
1323 3347 1550 3406 excepta
1600 3337 1846 3392 inferiori
1880 3347 2058 3406 aetate,

490 3430 838 3493 mulieribus,
862 3436 918 3480 et
943 3427 1198 3481 universa
1232 3427 1378 3482 tribu
1409 3427 1556 3482 Levi.
1607 3425 1717 3481 Hos
1748 3441 1936 3482 omnes
1963 3445 2063 3482 nu-

495 3520 643 3574 trivit
690 3519 832 3574 Deus
880 3517 1038 3584 longo
1082 3523 1330 3586 tempore
1372 3519 1437 3570 ad
1484 3519 1838 3579 satietatem;
1887 3517 2064 3587 inquit

491 3612 635 3666 enim
670 3626 684 3662 :
723 3608 893 3678 Usque
937 3609 1005 3663 ad
1044 3624 1267 3664 mensem
1313 3608 1516 3661 dierum
1551 3607 1853 3674 comedetis,
1901 3607 2061 3660 donec

489 3712 634 3756 exeat
667 3717 730 3756 ea:
777 3701 994 3754 naribus
1023 3699 1207 3754 uestris
1233 3699 1300 3752 ⁸⁵.
1337 3699 1538 3753 Videris
1571 3697 1826 3768 populum
1861 3714 2061 3755 concu-

489 3797 806 3864 piscentem,
838 3803 891 3849 et
913 3807 1144 3864 purgare
1173 3805 1298 3846 eum
1327 3789 1513 3844 volens
1541 3806 1570 3843 a
1594 3792 2058 3860 concupiscentia,

487 3885 707 3940 videbat
751 3885 896 3954 quod
931 3895 1183 3938 sermone
1230 3879 1514 3936 doctrinali
1567 3895 1672 3934 non
1713 3891 2059 3951 purgaretur,

488 3976 582 4030 sed
635 3985 844 4032 tantum
895 3973 1337 4044 concupiscentia
1401 3973 1452 4026 in
1507 3973 1810 4027 satietatem
1878 3985 2057 4026 versa.

487 4069 740 4123 Omnium
767 4069 908 4122 enim
934 4081 1113 4123 rerum
1140 4067 1364 4122 satietas
1393 4074 1494 4130 est,
1528 4081 1634 4120 non
1670 4065 1842 4120 somni
1880 4065 2058 4128 modo,

487 4159 579 4214 sed
615 4168 669 4214 et
700 4160 963 4214 ciborum.
1002 4157 1294 4226 Propterea
1340 4157 1488 4211 misit
1516 4158 1583 4211 ad
1614 4172 1708 4213 eos
1756 4167 2061 4228 ortygome-

488 4259 626 4303 Iram
674 4250 740 4305 ad
775 4249 992 4319 triginta
1041 4247 1202 4304 dies:
1249 4248 1324 4301 illi
1370 4263 1520 4310 vero,
1573 4248 1796 4300 nimium
1823 4247 2058 4302 satietati

486 4341 851 4412 indulgentes,
885 4339 1156 4394 cboleriea
1192 4338 1477 4393 ali‘ectione
1501 4339 1842 4393 interierunt.

478 4443 484 4492 '.
556 4435 648 4491 Bis
677 4445 858 4490 autem
889 4434 1106 4489 invenio
1129 4433 1382 4504 populum
1409 4431 1712 4486 comedisse
1741 4441 2056 4502 ortygome-

484 4541 646 4587 tram.
688 4527 869 4583 Semel
902 4527 1086 4581 statim
1114 4536 1274 4596 atque
1317 4525 1566 4580 exierunt
1604 4524 1668 4578 de
1701 4531 1844 4578 terra
1882 4519 2042 4593 Egy.
2086 4567 2136 4596 ﬁ,

2164 3254 2258 3318 οὓς
2275 3255 2369 3308 καὶ
2397 3255 2683 3320 ἐκλεκτοὺς
2712 3255 2967 3308 ἐκάλεσεν
2997 3257 3025 3308 ὀ
3058 3253 3239 3317 Δαυῒδ,
3280 3253 3356 3317 ὡς
3387 3253 3735 3324 πολεμιστάς.

2165 3347 2227 3398 Oi
2255 3345 2311 3398 δὲ
2352 3340 2492 3416 ἦσαν
2542 3345 2819 3411 ἑξακόσιαι
2863 3343 3094 3414 χιλιάδες
3139 3344 3233 3396 καὶ
3271 3343 3620 3397 πεντακόσιοι
3653 3343 3742 3396 καὶ

2165 3437 2499 3506 πεντήκοντα
2525 3436 2633 3488 ἀπὸ
2661 3433 3000 3499 είκοσαετοῦς
3022 3435 3115 3488 καὶ
3144 3435 3420 3506 ἀνωτέρω,
3447 3434 3622 3505 χωρὶς
3643 3433 3738 3503 τῆς

2162 3526 2474 3597 κατωτέρας
2499 3525 2731 3596 ἡλικίας,
2767 3527 2860 3579 καὶ
2888 3525 2993 3579 τῶν
3029 3525 3328 3594 γυναικῶν,
3360 3524 3454 3578 καὶ
3479 3524 3613 3595 ὅλης
3639 3522 3738 3593 τῆς

2111 3656 2114 3660 λ
2161 3617 2337 3688 φυλῆς
2377 3615 2471 3668 τοῦ
2514 3616 2662 3671 Λευί.
2714 3617 2949 3682 Τούτους
2994 3617 3236 3680 ἅπαντας
3283 3615 3510 3687 ἔθρεψεν
3541 3617 3573 3669 ὁ
3612 3615 3739 3676 Θεὸς

2164 3713 2243 3775 είς
2276 3711 2435 3783 κόρον
2473 3713 2566 3765 ἐπί
2593 3709 2748 3764 πολύ.
2777 3711 2919 3782 Ἔφη
2943 3710 3080 3780 γάρ’
3115 3709 3262 3774 Ἕως
3285 3707 3480 3778 μηνὸς
3505 3706 3740 3776 ἡμερῶν

2164 3803 2446 3874 φάγεσθε,
2475 3803 2584 3869 ἕως
2611 3802 2688 3856 ἂν
2705 3801 2924 3870 ἐξέλθῃ
2956 3802 3023 3855 ὲκ
3050 3799 3168 3854 τῶν
3190 3799 3511 3870 μυκτήρων
3546 3796 3736 3868 ὑμῶν.

2175 3894 2346 3964 Ὀρῶν
2385 3894 2513 3949 λαὸν
2567 3891 2939 3963 ἐπιθυμητὴν,
2984 3891 3080 3944 καὶ
3133 3889 3368 3961 καθᾶραι
3419 3887 3585 3942 αὑτὸν
3633 3883 3739 3940 ἀπὸ

2160 3987 2261 4057 τῆς
2323 3986 2612 4057 ἐπιθυμίας
2673 3986 3011 4057 βουλόμενος,
3056 3983 3206 4055 ἑώρα
3261 3983 3342 4035 ὅτι
3393 3979 3536 4051 λόγῳ
3593 3980 3739 4034 διδα-

2161 4079 2404 4150 σκαλικῷ
2447 4079 2506 4133 οὺ
2560 4078 2902 4150 καθαίρεται,
2963 4076 3077 4130 ἀλλ’
3137 4076 3272 4146 αὐτῇ
3334 4076 3398 4146 τῇ
3469 4073 3741 4146 ἐπιθυμίᾳ

2161 4175 2422 4246 γενομένῃ
2460 4173 2774 4246 προσκορεῖ.
2811 4171 3036 4225 Πάντων
3078 4169 3186 4240 γὰρ
3223 4168 3383 4238 κόρος
3428 4168 3596 4232 ἐστὶν,
3639 4167 3740 4236 οὐχ

2162 4263 2329 4318 ὕπνου
2364 4263 2540 4334 μόνον,
2572 4261 2705 4316 ἀλλά
2744 4263 2838 4314 καὶ
2877 4260 3198 4330 βρωμάτων.
3238 4255 3329 4310 Διὸ
3367 4256 3611 4328 ἐπεμψεν
3637 4255 3735 4309 αό-

2159 4359 2270 4419 τοῖς
2294 4355 2704 4427 ὀρτυγομήτραν
2735 4354 2826 4406 ἐπὶ
2860 4352 3154 4424 τριάκοντα
3194 4349 3434 4422 ἡμέρας
3468 4349 3518 4401 οἱ
3552 4347 3635 4411 δὲ’
3669 4350 3734 4417 τῇ

2161 4447 2434 4519 ἀπληστίᾳ
2461 4447 2814 4518 χρησάμενοι,
2843 4441 3113 4514 χολερικῷ
3138 4440 3300 4494 πάθει
3325 4438 3662 4510 ἐφθείροντο.

2229 4538 2322 4601 Δὶς
2347 4536 2404 4589 δέ
2436 4536 2676 4606 εύρίσκω
2706 4535 2796 4588 τδν
2834 4534 2961 4588 λαὸν
2997 4532 3239 4602 φαγόντα
3277 4529 3699 4602 ὀρτυγομήτραν
3718 4545 3732 4559 ·

482 4623 590 4690 pti;
656 4621 871 4683 iterum.
923 4621 1061 4675 sicut
1108 4620 1161 4673 in
1208 4617 1458 4672 Numeris
1506 4616 1784 4681 scribitur,
1833 4615 2053 4684 quando

2167 4631 2303 4697 ἅπαξ
2345 4632 2442 4702 μὲν
2469 4629 2632 4700 ἡνίκα
2672 4627 2873 4690 εὐθέως
2921 4625 3141 4696 ἐξῆλθον
3171 4625 3248 4676 ,ἐκ
3277 4624 3380 4693 γῆς
3421 4621 3732 4690 Αίγύπτου’

481 4713 718 4768 oblocuti
750 4721 879 4767 sunt
899 4711 966 4766 de
993 4725 1129 4780 pane
1165 4710 1284 4772 Dei,
1327 4718 1382 4763 et
1404 4708 1612 4763 futilem
1641 4707 1789 4762 illum
1818 4707 2055 4778 appella-

481 4815 722 4858 verunt:
777 4818 885 4872 quo
936 4802 1104 4857 etiam
1159 4809 1401 4868 tempore
1457 4799 1540 4851 ira
1575 4799 1811 4852 ascendit
1861 4799 1917 4850 in
1943 4813 2050 4861 eos,

482 4906 670 4966 utpote
693 4909 814 4964 quae
843 4893 1063 4948 omnino
1089 4890 1404 4948 subsidebat
1427 4899 1714 4959 antequam
1739 4895 2050 4959 peccarent.

481 4987 615 5042 Cum
644 4985 785 5040 enim
833 4984 924 5038 diu
962 4985 1302 5051 multumque
1337 4980 1547 5049 experti
1587 4979 1826 5033 divinam
1866 4987 2054 5048 poten-

481 5082 634 5146 tiam,
670 5092 776 5132 non
804 5071 1168 5131 credidissent
1198 5073 1642 5143 benignissimum
1695 5071 1866 5125 Deum
1894 5083 2054 5136 posse

482 5171 828 5241 suppeditare
858 5181 1040 5223 escam
1072 5165 1236 5234 ipsis;
1267 5175 1320 5220 et
1353 5166 1494 5219 hanc
1522 5163 1730 5229 tribuit,
1765 5172 1820 5218 et
1847 5161 2049 5223 docuit,

480 5263 624 5330 quod
657 5272 945 5330 utrumque
967 5255 1148 5312 facere
1178 5259 1318 5326 potis
1347 5266 1501 5322 erat;
1551 5265 1605 5312 et
1631 5256 1770 5310 bona
1802 5252 2053 5308 videlicet

478 5356 760 5419 euhibere,
804 5364 858 5410 et
906 5368 1121 5409 sumere
1154 5353 1434 5408 ultionem.
1485 5348 1713 5404 Vitanda
1765 5355 1846 5403 est
1888 5345 2052 5414 igitur

478 5449 788 5514 voracitas,
827 5449 1108 5519 gulositas,
1155 5446 1459 5518 ingluvies:
1503 5445 1605 5500 hoc
1669 5452 1774 5508 est,
1817 5443 2046 5496 immen-

2150 4723 2211 4776 τὸ
2239 4722 2296 4775 δέ
2315 4720 2583 4791 δεύτερον,
2612 4719 2686 4782 ὡς
2724 4719 2783 4771 ἐν
2817 4721 2928 4782 τοῖς
2977 4715 3258 4785 Ἀριθμοῖς
3297 4714 3736 4784 ἀναγέγραπται,

2151 4813 2312 4885 ἡνίκα
2356 4811 2540 4874 κακῶς
2579 4806 2730 4864 εἶπον
2760 4809 2850 4862 τὸν
2897 4807 3059 4879 ἄρτον
3091 4805 3184 4860 τοῦ
3223 4804 3381 4867 Θεοῦ,
3416 4803 3510 4858 καὶ
3550 4802 3736 4856 διάκεο

2151 4919 2238 4956 νον
2268 4901 2428 4955 αὐτὸν
2462 4900 2750 4971 ὠνόμασαν
2771 4915 2785 4930 ο
2824 4899 2914 4951 ὅτε
2951 4897 3044 4950 καὶ
3087 4895 3232 4965 ὀργὴ
3267 4893 3448 4960 ἀνέϐη
3491 4893 3583 4946 ἐπ’
3627 4893 3737 4945 αὺ-

2151 4994 2311 5061 τοὺς,
2353 4993 2428 5056 ὡς
2463 4993 2601 5063 τάχα
2632 4992 2783 5045 κάτω
2822 5007 2924 5043 που
2967 4985 3100 5042 οὖσα
3143 4988 3273 5058 πρὶν
3313 4987 3346 5056 ἢ
3386 4983 3732 5056 ἁμάρτωσιν.

2164 5081 2381 5152 Ἐπειδὴ
2405 5081 2533 5153 γὰρ,
2572 5084 2766 5152 πεῖραν
2810 5079 3009 5149 πολλὴν
3036 5077 3290 5140 λαθόντες
3322 5077 3420 5146 τῆς
3453 5075 3602 5138 θείας
3637 5074 3736 5127 δυ-

2150 5174 2386 5243 νάμεως,
2426 5174 2525 5226 οὐκ
2551 5172 2880 5226 ἐπίστευσαν
2915 5171 3004 5223 τὸν
3046 5169 3426 5240 φιλάνθρωπον
3469 5165 3737 5220 δύνασθαι

2149 5265 2453 5336 χορηγῆσαι
2494 5264 2678 5326 αὐτοῖς
2729 5263 2957 5333 τροφὴν,
3013 5261 3107 5315 καὶ
3146 5259 3350 5331 ταύτην
3390 5257 3580 5322 ἔδωκε,
3635 5255 3737 5310 καὶ

2148 5355 2246 5424 τὴν
2279 5352 2523 5406 παιδείαν
2557 5354 2856 5424 ἐπήγαγεν,
2883 5352 2958 5415 ὡς
2991 5351 3273 5422 ἀμφότερα
3314 5351 3485 5402 ποιεῖν
3526 5345 3737 5409 ἱκανὸς,

2155 5447 2248 5499 καὶ
2281 5445 2349 5499 τὰ
2377 5444 2556 5514 ἀγαθά
2593 5448 2870 5517 παρέχειν,
2909 5445 3003 5498 καὶ
3041 5443 3139 5506 τὰς
3178 5441 3444 5513 τιμωρίας
3482 5439 3733 5506 ἐπάγειν.

476 5555 570 5596 sus
606 5540 817 5607 opsonii
851 5555 1000 5609 usus,
1066 5543 1204 5610 gula:
1257 5539 1426 5605 furor,
1463 5537 1569 5592 cibi
1635 5533 2047 5606 intemperantia

2167 5537 2415 5594 beuxréov
2441 5538 2618 5592 τοίνυν
2651 5537 2973 5608 ὀψοφαγίαν,
3006 5534 3358 5606 λαιμαργίαν,
3387 5546 3737 5604 γαστριμαρ-

554 5713 600 5745 ν³
654 5711 810 5764 Num.
864 5727 940 5775 si,
1001 5712 1090 5778 59.,
1145 5711 1233 5767 55.
1311 5711 1534 5768 “Psal.
1589 5725 1796 5775 Lxxvn,
1848 5707 1938 5763 5i.
2111 5705 2157 5738 ”
2195 5707 2352 5763 Num.
2385 5709 2578 5780 11,20.

547 5850 754 5924 (82”Ev
784 5854 910 5915 τοῖς.
