4004 6508
267 459 354 512 Nl
1453 454 1819 514 EXCERPTA
1865 455 1930 510 IN
1967 456 2303 517 PSALMOS.

3416 463 3516 518 ΗΞ

262 577 412 644 γίαν’
449 574 695 628 τουτέστι
721 573 819 647 τὴν
854 573 979 646 περί
1007 575 1201 647 χρῆσιν
1229 573 1360 644 ὕψου
1395 574 1687 646 ἀμετρίαν,
1726 573 1805 643 τὴ·

1935 585 1990 627 et
2043 572 2192 628 furor
2248 577 2492 641 ventris,
2550 587 2611 632 ut
2643 593 2752 634 non
2801 579 3100 633 obruamus
3175 587 3510 635 mentem....

257 669 378 740 περί
409 669 504 721 τὸν
543 668 735 740 λαιμὸν
769 670 988 742 μανίαν,
1033 670 1133 743 τὴν
1162 672 1290 742 περὶ
1331 669 1432 742 τὴν
1472 669 1680 742 τροφὴν
1715 666 2035 734 ἀκολασίαν,
2085 673 2179 723 καὶ
2233 672 2359 743 περὶ
2385 673 2630 744 γαστέρα
2653 673 2872 744 μανίαν,
2907 675 2994 728 ἵνα
3021 675 3097 746 μὴ
3120 674 3210 728 τὸν
3252 674 3379 728 νοῦν
3417 678 3512 745 ἑγ-

253 759 636 832 κατσρύεωμεν
668 761 738 815 τὰ
780 779 895 815 κου.

317 857 494 910 Δυπεῖ
520 855 578 909 δὲ
613 856 766 910 οὐδὲν
808 856 1068 911 καὶκατὰ
1121 859 1410 930 ἀναγωγὴν
1445 858 1542 922 τὰς
1583 861 1805 933 ἱστορίαι

2008 855 2126 911 Νοη
2160 867 2303 928 piget
2331 858 2496 914 etiam
2526 872 2819 929 anagogtce
2845 860 2943 914 bas
2978 859 3235 916 tustorias
3261 868 3511 916 contem-

248 947 450 1013 ταύτας
479 947 777 1021 θεωρῆσαι.
819 948 1034 1003 Ῥύεται
1071 967 1152 1003 τοι
1187 949 1216 1002 ό
1251 949 1384 1014 Θεὸς
1418 951 1513 1004 καὶ
1550 951 1698 1023 ἡμᾶς
1736 952 1828 1007 ἀεὶ

1928 945 2087 1015 plari.
2123 945 2408 1002 Liberabit
2441 963 2573 1004 sane
2617 949 2760 1006 Deus
2807 967 2908 1008 nos
2937 967 3162 1022 quoque
3197 967 3414 1021 semper
3442 952 3513 1008 de

247 1042 309 1094 ἐκ
331 1041 436 1110 γῆς
461 1039 761 1110 Αἰγύπτου,
795 1042 860 1094 ὲκ
890 1040 991 1111 τῆς
1028 1040 1260 1112 καμίνου
1296 1041 1397 1112 τῆς
1446 1042 1690 1115 σιδηρᾶς,
1727 1044 1805 1115 τῆς

1931 1045 2075 1093 terra
2118 1037 2368 1109 IEgypti,
2404 1040 2472 1096 de
2506 1039 2727 1096 fornace
2754 1042 2953 1108 ferrea,
2981 1043 3195 1112 peccati
3230 1044 3508 1109 videlicet,

244 1134 387 1188 κατά
432 1133 533 1206 τὴν
567 1133 860 1206 ἁμαρτίαν,
910 1136 996 1190 ῖνα
1033 1135 1300 1208 εἰσαγάγῃ
1343 1135 1434 1190 διὰ
1475 1136 1684 1190 πολλῶν
1720 1155 1823 1207 γυ-

245 1224 504 1298 μνασίων,
535 1225 622 1280 διὰ
653 1225 860 1280 πολλῶν
897 1227 1231 1298 θαυμασίων,
1275 1228 1344 1282 δι’
1387 1228 1552 1297 ἄρτου
1597 1232 1825 1302 έπουρα⁹

242 1315 374 1381 νίου,
418 1317 488 1371 δι’
531 1315 724 1382 ὕδατος
775 1317 885 1371 ἀπὸ
935 1317 1037 1388 τῆς
1092 1318 1320 1391 πέτρας,
1365 1320 1404 1388 ἡ
1463 1320 1650 1389 πέτρα
1689 1321 1758 1375 δὲ
1788 1325 1824 1377 ό

239 1410 516 1478 Χριστὸς,
543 1411 635 1464 ἐπὶ
665 1409 765 1482 τὴν
788 1411 950 1480 ἁγίαν
975 1411 1326 1481 ἐπαγγελίαν.
1359 1413 1522 1480 Μέγα
1555 1410 1649 1468 οὖν
1671 1415 1816 1486 ἐμοὶ,

238 1501 347 1567 ἐὰν,
379 1504 582 1574 νοήσας
603 1503 1011 1575 τὴν-θάλασσαν
1065 1505 1158 1558 τοῦ
1191 1504 1308 1575 βίου
1352 1506 1448 1560 καὶ
1492 1506 1560 1560 τὰ
1587 1508 1810 1580 κύματα

237 1592 302 1646 τά
320 1595 380 1648 ὲν
403 1593 482 1664 τῷ
505 1594 625 1664 βίῳ,
653 1594 746 1648 καὶ
775 1600 838 1650 τὸ
865 1596 1060 1668 πικρὸν
1091 1598 1185 1650 καί
1217 1598 1459 1670 ἁλμυρὸν
1491 1600 1602 1655 τῶν
1634 1601 1820 1672 βιωτι-

236 1684 344 1739 κῶν
398 1685 743 1756 πραγμάτων
794 1685 1105 1750 κλυδώνιον,
1152 1688 1384 1760 δυνηθῶ,
1436 1690 1820 1766 εὐεργετηθείς

236 1777 338 1832 ὑπὸ
367 1777 466 1830 τοῦ
504 1775 660 1842 Θεοῦ,
699 1779 827 1831 ἰδεῖν
868 1781 1398 1846 καταποντισθέντας
1427 1783 1554 1848 τοὺς
1597 1786 1819 1856 νοεροίις

231 1869 582 1940 Αἰγυπτίους,
630 1871 726 1928 καὶ
755 1871 847 1926 τὸν
879 1874 1072 1943 νοητὸν
1109 1872 1337 1944 Φαραώ·
1375 1875 1540 1940 αὐτὸς
1565 1876 1623 1930 δὲ
1649 1877 1726 1932 ῶν
1759 1879 1818 1931 ἐν

229 1961 304 2034 τῷ
348 1963 497 2031 φωτὶ
536 1963 634 2035 τῆς
676 1964 892 2036 ἡμέρας
943 1965 1248 2038 σκεποίμην
1287 1966 1394 2021 ὑπὸ
1441 1967 1673 2039 νεφέλης
1716 1969 1819 2039 τῆς

229 2055 461 2127 κούφης,
487 2056 581 2110 καὶ
606 2056 713 2109 ὑπὸ
739 2056 1021 2128 φωτισμοῦ
1051 2058 1243 2130 πυρὸς,
1285 2059 1381 2113 ὲάν
1411 2061 1544 2114 ποτέ
1587 2077 1652 2130 γε
1692 2077 1818 2116 σκο-

228 2149 377 2202 τεινά
412 2150 507 2202 καὶ
543 2147 914 2204 δύσκολα......
947 2151 1043 2206 καὶ⁹
1071 2150 1100 2204 ό
1130 2151 1336 2223 κόσμος
1369 2153 1468 2224 μὲν
1497 2154 1810 2225 ὲσκότηται,

228 2241 316 2292 καὶ
345 2239 533 2293 πάντα
575 2241 823 2309 ἀγνοίαις
870 2241 1256 2315 πεπλήρωται·
1299 2244 1410 2314 ἐγὼ
1461 2245 1516 2300 δὲ
1561 2244 1702 2318 πρὸς
1744 2247 1812 2302 τὰ

229 2331 574 2402 πνευματικὰ
601 2333 703 2403 τῆς
733 2333 996 2405 πονηρίας
1040 2352 1206 2391 πα....
1242 2335 1355 2408 (83)
1392 2339 1452 2391 ὲν
1477 2339 1617 2408 φωτὶ
1652 2334 1698 2394 ὦ
1725 2339 1814 2394 διὰ

225 2420 282 2474 τὸ
311 2421 571 2492 ἀληθινὸν
614 2422 730 2492 φῶς
774 2423 866 2477 τὸν
915 2425 1169 2496 Χριστὸν,
1211 2426 1305 2480 διὰ
1345 2427 1444 2500 τὴν
1484 2427 1734 2500 νεφέλην,
1775 2424 1811 2505 ᾖ

225 2513 318 2566 οὐκ
349 2513 418 2577 ἐξ
437 2513 627 2584 ἀτμῶν
654 2531 814 2568 τινων
846 2516 988 2570 κατὰ
1011 2518 1110 2590 τὴν
1136 2518 1322 2590 κοινὴν
1357 2518 1519 2590 φύσιν
1557 2523 1591 2592 ἡ
1619 2521 1810 2588 στάσις

223 2600 305 2676 ἦν,
339 2605 712 2676 βαθυνομένου
743 2612 855 2674 τοῖς
888 2610 1079 2681 ἀτμοῖς
1108 2610 1202 2663 τοῦ
1244 2611 1406 2682 ἀέρος
1441 2610 1529 2664 διὰ
1555 2611 1656 2684 τῆς
1693 2615 1811 2685 ὁμι-

224 2697 456 2768 χλώδους
503 2701 836 2766 συστάσεως,
881 2707 974 2756 καὶ
1007 2703 1144 2774 πρὸς
1185 2704 1374 2759 ἑαυτὸν
1405 2704 1808 2776 ὲμπιλουμένου

225 2792 330 2853 τοῖς
369 2790 713 2862 πνεύμασιν·
749 2793 885 2847 ἀλλά
936 2794 1183 2865 κρεῖττόν
1225 2811 1280 2848 τι
1329 2796 1426 2850 καὶ
1471 2796 1804 2869 ὑψηλότερον

223 2880 314 2952 τῆς
343 2881 702 2955 ἀνθρωπίνης
747 2885 1124 2956 καταλήψεως,
1160 2886 1258 2950 ὡς,
1300 2889 1394 2942 καὶ
1435 2888 1536 2959 τῆς
1570 2888 1808 2962 ἡλιακῆς

220 2972 440 3036 ἀκτῖνος
485 2973 703 3045 θερμῶς
757 2977 1194 3050 ὲπιλαμπούσης,
1239 2980 1588 3054 διατείχισμα
1640 2983 1804 3056 ἔχειν,

225 3067 554 3132 πιάζουσάν
579 3085 639 3121 τε
673 3069 733 3122 τὸ
773 3070 1156 3142 ὑποκείμενον,
1194 3074 1290 3126 καὶ
1331 3073 1504 3147 λεπτῇ
1534 3076 1710 3149 δρόσῳ
1745 3078 1806 3132 τὸ

222 3158 500 3228 φλογῶδες
535 3159 629 3213 τοῦ
659 3161 818 3232 ἀέρος
847 3162 1299 3228 ὑπονοτίςουσαν·
1331 3167 1424 3220 καί¹
1455 3167 1542 3221 διὰ
1583 3169 1681 3239 τῆς
1717 3189 1807 3225 νυ·-

223 3251 339 3316 κτδς
377 3251 497 3325 πῦρ
526 3252 771 3320 γίνεσθαι
799 3255 892 3324 ἀφ’
940 3255 1180 3327 ἑσπέρας
1213 3258 1292 3322 εἰς
1325 3257 1542 3331 ὄρθρον,
1582 3260 1660 3332 τῷ
1689 3261 1804 3334 ἰδίῳ

222 3346 356 3412 φωτὶ
397 3347 514 3408 τοῖς
545 3345 908 3418 Ἰσραηλίταις
949 3347 1309 3420 δᾳδουχοῦσαν
1350 3350 1410 3403 τὺ
1455 3351 1658 3421 φέγγος
1706 3354 1795 3424 μέ-

223 3453 308 3504 γα.
359 3436 497 3490 Ἐὰν
539 3438 597 3491 ὲν
646 3440 712 3509 τῇ
768 3439 960 3510 ἐρήμῳ
1011 3440 1104 3494 τοῦ
1156 3441 1296 3512 βίου,
1340 3441 1467 3497 ἔνθα
1512 3447 1806 3518 ἐπικρατεῖ

221 3527 382 3601 πολλὴ
409 3529 563 3583 ἄνοια
589 3528 696 3582 τῶν
716 3530 1077 3601 πραγμάτων,
1102 3532 1289 3588 διελὼν
1321 3535 1412 3589 τὸν
1444 3537 1801 3609 στερρότατον
1827 3543 1872 3602 C

218 3620 378 3673 αὐτοῦ
408 3620 565 3689 λόγον
604 3620 811 3692 πέτραν
849 3621 1266 3694 ὀνομαζόμενον,
1299 3627 1544 3696 ἀφθόνως
1580 3629 1675 3682 καί¹
1715 3632 1797 3694 είς

217 3714 370 3785 κόρον
432 3715 630 3788 ποτίσῃ
687 3733 777 3786 με,
811 3718 887 3784 ὡς
933 3721 1346 3794 παραϐληθῆναι
1382 3719 1445 3774 τὸ
1493 3721 1615 3793 ῥέον
1659 3721 1803 3791 ὕδωρ

217 3807 462 3879 ἀϐύσσῳ,
512 3810 608 3863 καὶ
643 3811 770 3872 τοὺς
797 3812 895 3884 τῆς
940 3811 1315 3886 πνευματικῆς
1359 3813 1569 3878 κοιλίας
1629 3831 1801 3868 ποτα-

221 3922 368 3975 μους.

291 3999 441 4069 Ἐγὼ
487 3999 546 4053 δὲ
587 4001 1035 4070 παρωτικραίνω
1080 4002 1188 4056 τὸν
1219 4003 1510 4071 Ὕψιστον
1551 4003 1622 4056 ἐν
1661 4003 1802 4058 ἁνύ-

213 4089 344 4159 δρῳ,
379 4092 484 4170 sev
534 4092 673 4163 μετά
727 4093 824 4165 τὴν
876 4093 1219 4149 διδασκαλίαν
1264 4095 1424 4149 πάλιν
1479 4094 1797 4166 ἁμαρτάνω,

213 4181 702 4253 ἐπιλανθανόμενος
729 4184 838 4237 τῶν
871 4183 1045 4253 λόγων
1081 4185 1190 4238 τῶν
1222 4185 1537 4257 θρεψάντων
1582 4203 1672 4257 με,
1700 4186 1794 4238 καὶ

211 4271 300 4326 τοῦ
326 4274 549 4338 ὓδατος,
577 4274 672 4328 τοῦ
700 4275 808 4329 ἀπὸ
841 4275 942 4346 τῆς
987 4275 1211 4348 πέτρας,
1257 4278 1389 4346 ἥτις
1413 4279 1584 4333 ἐστὶν
1610 4281 1644 4332 ὁ
1666 4280 1799 4346 Χρι-

207 4361 362 4426 στός·
388 4366 579 4439 Πέτρα
604 4367 661 4420 δὲ
685 4367 1042 4434 ἀπεικάζεται
1068 4370 1097 4421 ὁ
1131 4369 1364 4440 Χριστὸς
1388 4368 1476 4422 διὰ
1500 4367 1562 4421 τδ
1597 4367 1795 4440 ἀθραυ-

213 4472 329 4511 στον
360 4458 464 4512 καὶ
489 4458 805 4527 ἀκλόνητον.
853 4459 1201 4532 Ἐρήρεισται
1235 4459 1344 4532 γὰρ
1380 4460 1531 4525 ἰδίοις
1568 4461 1792 4530 ἀγαθοῖς

208 4552 240 4620 ἡ
270 4550 388 4605 θεία
421 4569 480 4605 τε
502 4553 598 4606 καὶ
631 4553 931 4625 ὑπέρτατος
954 4553 1134 4622 φύσις.
1169 4545 1245 4606 Οὗ
1269 4552 1365 4607 καί
1392 4553 1788 4624 κατελάλησαν,

209 4641 282 4708 ὠς
327 4647 387 4697 ἔν
435 4643 712 4715 προσώπῳ
751 4645 1012 4709 ,Μωσέως
1034 4685 1049 4708 ,
1096 4645 1131 4716 ἡ
1185 4645 1504 4717 συναγωγὴ,
1563 4661 1795 4716 κατηγο-

136 4781 142 4788 .
210 4727 432 4803 ροῦντες
467 4733 558 4787 ὲπί
589 4734 843 4796 Πιλάτου,
890 4735 985 4788 καὶ
1029 4733 1110 4798 τὸ,
1145 4729 1304 4802 Αἶρε,
1341 4735 1628 4804 σταύρου,
1662 4735 1794 4788 ἀνα-

208 4827 566 4898 κεκράγασιν.
616 4823 752 4881 Εἶτα
800 4827 856 4881 δὲ
890 4828 1008 4882 δυσὶ
1039 4827 1376 4900 λελυπήκασι
1428 4828 1683 4901 πληγαῖς,
1714 4831 1790 4894 ὡς

205 4915 298 4986 τὴν
350 4916 562 4990 πέτραν
604 4917 847 4989 Μωῦσῆς
901 4918 982 4984 δίς
1027 4919 1314 4984 ἐπάταξεν.
1379 4920 1784 4974 Ἆπεκτεινασι

207 5004 311 5077 γὰρ
336 5007 449 5060 τὸν
481 5007 752 5078 ἀρχηγὸν
780 5007 888 5076 τῆς
919 5005 1085 5076 ζωῆς,
1121 5004 1220 5063 εἷθ’
1255 5009 1338 5062 ὅτι
1371 5009 1684 5080 μεμένηκεν
1726 5010 1784 5061 ὲν

209 5099 437 5168 νεκροῖς,
471 5098 787 5152 ἀναπείθειν
824 5099 1032 5170 ἧθελον.
1086 5101 1246 5154 Ἀλλ’
1273 5098 1602 5154 ἐκδέδωκεν
1622 5101 1661 5169 ή
1685 5099 1788 5154 πέ-

210 5203 315 5254 τρα
347 5189 662 5257 πλουσίως
697 5190 761 5244 τὸ
790 5190 969 5261 νᾶμα,
999 5192 1098 5245 καὶ
1124 5192 1407 5245 πεπότικε
1436 5189 1644 5246 πᾶσαν
1670 5191 1788 5259 τὴν

207 5280 586 5350 συναγωγήν.
626 5281 923 5335 Ἐπέκλυσε
951 5281 1060 5354 γὰρ
1077 5283 1174 5354 τὴν
1199 5280 1524 5354 οἰκουμένην
1548 5282 1786 5353 Χριστὸς

212 5368 371 5440 ἰεροτς
399 5388 457 5426 τε
500 5373 598 5427 καὶ
631 5373 794 5438 θείοις
831 5373 1088 5446 νάμασιν.
1139 5375 1198 5428 '0
1230 5373 1498 5445 πηγάζων
1542 5373 1605 5426 τὸ
1645 5373 1788 5427 θεῖον

209 5461 352 5533 νᾶμα
401 5466 513 5530 τοῖς
553 5463 769 5534 διψῶσι,
812 5466 905 5519 καὶ
955 5465 1200 5537 προχέων
1240 5465 1302 5518 τὸ
1353 5462 1496 5536 ὕδωρ
1576 5465 1640 5517 ὲκ
1689 5461 1791 5534 τῆς

209 5553 465 5628 πὴυρᾶς,
492 5557 589 5611 τοῦ
633 5558 850 5629 σιδήρου
887 5559 989 5630 τὴν
1035 5558 1206 5628 φλέϐα
1247 5557 1454 5629 ταύτην
1496 5556 1791 5626 ἀναστομί-

210 5662 421 5713 σαντος,
474 5652 568 5707 καὶ
610 5649 670 5704 τὸ
713 5651 906 5724 πικρὸν
949 5653 1047 5724 τῆς
1099 5653 1347 5724 Μερῤᾶς,
1399 5650 1490 5703 τοῦ
1520 5647 1786 5703 κολαστοῦ

309 5765 355 5796 ’⁸
385 5763 401 5816 Ι
431 5763 554 5820 Cor.
613 5782 666 5828 ι,
703 5768 758 5822 4.
837 5767 884 5800 θ’
932 5764 1075 5822 Psal.
1106 5779 1314 5834 Lxxvn,
1345 5764 1432 5818 t7.

207 5846 411 5899 anu,
451 5838 544 5902 l5;
581 5838 750 5892 Exod.
781 5855 908 5906 πίνη,
936 5841 988 5894 6.

272 5931 387 6000 1.83)
431 5933 588 5992 Forte
618 5933 786 6003 πάθη.

1537 5763 1582 5796 θ’
1615 5761 1631 5815 1
1681 5759 1809 5816 Cor.
1837 5774 1892 5826 ι,
1926 5756 1977 5810 4.

1925 1138 1986 1186 ut
2015 1130 2326 1186 introducat
2358 1147 2456 1201 per
2501 1133 2668 1188 multa
2697 1136 3150 1198 exercitamenta,
3204 1151 3306 1206 per
3335 1136 3510 1190 mira-

1924 1219 2051 1274 bilia
2087 1219 2278 1285 multa,
2315 1236 2413 1291 per
2453 1237 2650 1292 panem
2695 1223 3002 1292 caelestem,
3052 1239 3151 1296 per
3197 1227 3508 1296 aquatude

1923 1317 2102 1379 petra,
2136 1318 2287 1378 petra
2318 1321 2492 1366 autem
2519 1322 2596 1367 est
2625 1312 2868 1370 Christus
2897 1314 2970 1382 “,
3001 1315 3070 1371 ad
3107 1325 3350 1372 sanctam
3377 1331 3508 1386 pro-

1923 1402 2262 1459 missionem.
2296 1402 2551 1474 Magnum
2601 1414 2685 1460 est
2731 1421 2862 1478 ergo
2908 1407 3064 1475 mihi,
3113 1408 3158 1463 si
3208 1407 3390 1464 animo
3419 1424 3506 1464 τοι

1923 1503 2120 1564 putans
2171 1494 2332 1564 hujus
2388 1496 2517 1552 vita;
2576 1513 2749 1564 mare,
2801 1508 2857 1555 et
2907 1500 3034 1556 vita:
3091 1500 3254 1555 etiam
3287 1499 3504 1563 ﬂuctus,

1922 1599 2079 1641 acres
2106 1601 2325 1656 quoque
2350 1595 2407 1642 et
2441 1586 2815 1658 salsuginosas
2846 1589 3020 1645 undas
3057 1603 3238 1644 rerum
3273 1588 3501 1644 munda-

1921 1690 2137 1743 narum,
2163 1679 2392 1749 possim,
2435 1680 2717 1738 beneficiis
2756 1681 3064 1738 cumulatus
3089 1697 3120 1736 a
3153 1682 3286 1746 Deo,
3318 1683 3506 1736 videre

1920 1767 2236 1825 submersos
2287 1769 2600 1840 spirituales
2651 1771 2980 1844 Egyptlos,
3021 1782 3108 1827 -et
3157 1771 3501 1844 spiritualem

1919 1858 2258 1916 Pharaonem
2289 1879 2306 1917 :
2336 1863 2464 1918 dum
2491 1863 2706 1920 interim
2737 1878 2840 1934 ego
2878 1865 2932 1919 in
2979 1864 3187 1919 lumine
3223 1861 3330 1920 diei
3357 1865 3501 1934 posi-

1921 1960 2027 2016 tus,
2055 1961 2311 2024 protegar
2339 1969 2368 2008 a
2410 1955 2553 2012 nube
2585 1955 2712 2022 levi,
2762 1964 2820 2011 et
2845 1956 2913 2011 ab
2937 1955 3302 2012 illustratione
3335 1956 3498 2028 ignis,

1917 2045 1964 2101 si
1994 2047 2216 2116 quando
2261 2047 2405 2104 forte
2439 2048 2742 2105 tenebrosa:
2778 2063 2868 2105 res
2912 2058 2968 2104 et
3001 2048 3251 2105 difﬁciles
3286 2049 3500 2104 contin-

1917 2146 2072 2208 gant,
2101 2139 2226 2194 dum
2275 2141 2508 2196 mundus
2559 2140 2798 2196 tenebris
2848 2139 3170 2207 offunditur,
3216 2149 3274 2196 et
3311 2143 3495 2196 omnia

1917 2231 2218 2302 ignorantia
2247 2240 2375 2288 sunt
2407 2231 2605 2288 referta
2635 2249 2652 2289 :
2680 2247 2782 2301 ego
2811 2247 2940 2288 vero
2967 2243 3161 2289 contra
3188 2233 3494 2304 spiritualia

1914 2324 2169 2395 nequitia:
2203 2340 2392 2380 rursus
2435 2325 2490 2379 in
2523 2325 2732 2380 lumine
2789 2324 2915 2392 sim,
2961 2332 3190 2394 propter
3217 2323 3494 2380 Christum

1913 2416 2090 2472 lucem
2121 2430 2336 2480 veram;
2381 2425 2608 2487 propter
2651 2415 2872 2479 nubem,
2921 2415 3008 2470 cui
3054 2430 3158 2469 non
3191 2428 3259 2470 ex
3286 2415 3498 2483 vapori-

1911 2509 2013 2565 bus
2041 2508 2366 2578 quibusdam
2383 2509 2680 2563 secundum
2704 2521 3046 2569 communem
3079 2515 3334 2562 naturam
3360 2521 3498 2561 con-

1912 2600 2159 2656 sistentia
2186 2609 2326 2666 erat,
2355 2609 2616 2656 concreto
2642 2599 2934 2672 vaporibus
2963 2613 3090 2655 aere
3118 2613 3185 2656 ex
3229 2599 3490 2655 nebulosa

1911 2691 2290 2758 crassitudine,
2331 2700 2385 2746 et
2427 2691 2482 2745 in
2525 2691 2704 2762 seipse
2751 2706 2783 2746 a
2841 2691 3020 2746 ventis
3051 2699 3365 2762 compacto;
3395 2693 3495 2749 sed

1909 2783 2264 2839 excellentius
2291 2784 2421 2854 quid
2450 2793 2508 2840 et
2547 2783 2834 2840 sublimius
2865 2785 3102 2842 humana
3131 2786 3494 2857 comprehen-

1910 2869 2105 2924 sione:
2143 2885 2314 2940 usque
2357 2869 2518 2935 adeo,
2570 2879 2650 2933 ut,
2687 2870 2960 2927 solaribus
3008 2873 3179 2929 radiis
3228 2872 3492 2930 fervidius

1909 2964 2350 3029 coruscantibus,
2406 2961 2676 3032 interiecti
2709 2963 2867 3033 quasi
2923 2965 3066 3020 muri
3102 2966 3370 3022 rationem
3400 2966 3492 3020 lm-

1908 3054 2086 3120 beret,
2130 3055 2470 3110 obumbrans
2520 3053 2783 3124 quidquid
2817 3052 2869 3106 ei
2922 3055 3164 3121 suberat,
3218 3070 3285 3112 ac
3339 3055 3485 3111 tenui

1907 3161 2034 3203 rore
2065 3147 2325 3202 ardentes
2371 3146 2517 3202 aeris
2560 3155 2724 3200 astus
2761 3153 3130 3214 temperaret:
3169 3157 3331 3202 noctu
3357 3163 3489 3202 vero

1907 3237 2050 3306 ignis
2091 3238 2246 3293 fleret
2276 3251 2307 3291 a
2356 3251 2582 3307 vespera
2635 3237 2692 3292 in
2737 3235 3060 3300 diluculum,
3100 3237 3321 3307 propria
3364 3237 3486 3292 luce

1905 3327 2165 3383 lsraelitis
2188 3329 2362 3384 facem
2392 3327 2686 3398 praeferens
2714 3327 2963 3383 immensi
2993 3327 3315 3396 splendoris.
3343 3327 3401 3384 Si
3429 3330 3480 3384 in

1905 3423 2066 3493 hujus
2093 3422 2220 3477 vitae
2251 3434 2464 3486 eremo,
2494 3422 2585 3476 ubi
2621 3421 2791 3476 multa
2822 3420 3034 3478 obtinet
3064 3420 3338 3476 dementia
3398 3435 3486 3476 re-

1905 3531 2049 3580 rum,
2083 3515 2290 3570 dividat
2314 3512 2685 3569 ﬁrmissimum
2710 3530 2870 3571 suum
2901 3527 3208 3570 sermonem
3226 3553 3243 3581 ,
3270 3523 3485 3583 petram

1903 3608 2128 3669 dictum,
2169 3604 2496 3674 abundeque
2526 3613 2582 3660 et
2610 3604 2681 3660 ad
2707 3605 3015 3661 satietatem
3041 3605 3230 3676 irriget
3261 3619 3347 3661 me
3375 3604 3484 3669 sic,

1900 3709 1962 3753 ut
1985 3698 2302 3754 conferatur
2328 3698 2506 3752 fluens
2533 3711 2675 3768 aqua
2725 3697 2923 3768 abysso
2951 3712 3061 3754 una
3084 3709 3208 3753 cum
3239 3693 3483 3751 flumini-

1900 3789 2004 3846 bus
2032 3789 2192 3846 vallis
2218 3789 2538 3861 spiritualis.

1971 3995 2082 4063 Ego
2109 4008 2238 4047 vero
2275 3993 2428 4046 irrito
2459 3991 2795 4046 Altissimum
2829 3990 2886 4044 in
2908 3990 3164 4058 inuquoso
3186 3989 3256 4053 ’⁷,
3279 3988 3327 4044 si
3359 3997 3484 4056 post

1897 4085 2223 4141 documenta
2277 4085 2474 4138 iterum
2532 4096 2725 4152 pecco,
2769 4081 2977 4136 oblitus
3023 4093 3338 4134 sermonum
3384 4079 3480 4148 qui

1897 4174 2280 4231 enutriverunt
2309 4185 2418 4233 me,
2447 4179 2502 4224 et
2525 4184 2680 4239 aquae
2712 4171 2780 4224 de
2803 4179 2980 4240 petra,
3025 4183 3144 4236 quae
3183 4175 3260 4222 est
3319 4166 3479 4222 Chri-

1895 4277 2010 4322 stus
2034 4267 2102 4323 ⁸⁸.
2130 4266 2304 4320 Petrae
2333 4277 2499 4334 porro
2529 4261 2862 4318 assimilatur
2884 4259 3156 4325 Christus,
3185 4270 3472 4330 propterea

1896 4359 2038 4429 quod
2093 4371 2193 4414 nec
2224 4356 2399 4427 frangi
2441 4370 2545 4412 nec
2589 4355 2805 4411 concuti
2851 4361 3048 4423 potest.
3089 4353 3334 4408 Firmata
3389 4363 3476 4406 est

1893 4451 2039 4506 enim
2091 4450 2144 4504 in
2195 4449 2356 4506 bonis
2399 4449 2514 4505 suis
2549 4446 2735 4502 divina
2760 4456 2816 4502 et
2837 4444 3227 4502 sublimissima
3259 4451 3474 4499 natura.

1893 4544 2096 4600 Contra
2120 4557 2280 4614 quem
2307 4543 2588 4601 Christum
2630 4539 2868 4598 oblocuti
2913 4548 3076 4602 sunt,
3128 4546 3390 4606 tanquam
3421 4535 3475 4590 in

1893 4651 2124 4706 persona
2152 4633 2374 4705 Moysis,
2405 4649 2704 4706 synagoga,
2734 4647 2856 4701 quae
2904 4631 3048 4700 apud
3081 4629 3319 4684 Pilatum
3345 4642 3471 4683 eum

1893 4727 2172 4783 accusavit
2212 4734 2269 4782 et
2304 4725 2591 4781 clamavit:
2652 4723 2823 4789 Tolle,
2868 4719 3213 4790 cruci/iga”.
3269 4718 3476 4773 Deinde

1894 4835 2024 4876 vero
2053 4819 2253 4890 duplici
2293 4819 2635 4876 offenderunt
2668 4817 2850 4888 plaga,
2903 4816 3044 4871 sicut
3075 4825 3288 4884 petram
3326 4810 3477 4880 Moy-

1893 4924 1984 4966 ses
2019 4909 2102 4966 bis
2145 4910 2438 4979 percussit.
2469 4909 2859 4979 lnterfecerunt
2903 4907 3047 4962 enim
3095 4904 3372 4957 Auctorem
3399 4900 3475 4953 m‘o

1892 5011 1962 5056 tae
2002 5003 2058 5067 ⁸,
2117 5002 2311 5057 deinde
2359 5001 2522 5056 etiam
2573 4999 2900 5069 persuadere
2946 4995 3273 5056 voluerunt,
3327 4993 3470 5060 quod

1895 5091 2154 5147 manserit
2178 5092 2320 5148 inter
2351 5101 2613 5146 mortuos.
2645 5089 2751 5145 Sed
2779 5089 3006 5143 reddidit
3035 5097 3182 5154 petra
3213 5085 3471 5154 fluentum

1893 5185 2192 5250 abundans,
2221 5192 2270 5237 et
2309 5183 2505 5248 potavit
2553 5189 2742 5236 emtum
2791 5181 3084 5233 universum
3113 5175 3156 5227 ³.
3185 5171 3473 5226 lnundavit

1890 5278 2038 5332 enim
2071 5276 2260 5331 orbem
2296 5284 2563 5330 terrarum
2608 5271 2862 5329 Christus
2906 5265 3114 5324 sanctis
3160 5264 3469 5332 divinisque

1889 5368 2130 5424 fluentis.
2161 5367 2282 5438 Ipse
2311 5368 2404 5436 qui
2443 5366 2674 5423 scaturit
2717 5365 2979 5420 fluentum
3010 5359 3255 5414 divinqu
3282 5355 3468 5411 sitien-

1891 5460 2054 5524 tibus,
2103 5468 2160 5515 et
2189 5456 2471 5528 profundit
2502 5471 2699 5527 aquam
2753 5455 2821 5510 de
2881 5452 3075 5515 latere,
3137 5449 3283 5505 ferro
3322 5446 3468 5502 hanc

1888 5563 2082 5604 venam
2106 5549 2384 5618 aperiente
2413 5563 2428 5601 :
2457 5556 2514 5602 et
2559 5542 2981 5600 amaritudinem
3043 5540 3248 5602 Merrae,
3329 5534 3466 5606 legis

1891 5655 2083 5708 nempe
2127 5637 2369 5703 ultricis,
2409 5636 2639 5692 mutavit
2687 5635 2741 5690 in
2782 5632 3058 5688 dulcorem
3116 5625 3468 5697 susceptione

2085 5754 2310 5812 "Joan.
2347 5748 2570 5818 xtx,l5.
2685 5748 2703 5779 ⁸
2764 5747 2883 5802 Act.
2923 5761 3006 5812 ιιι,
3063 5738 3150 5798 f5.
3265 5725 3464 5794 'Psai.
