  <div class='ocr_page' id='page_1' title='image "/cluster/home/n/w/nwhite01/storage/ocr_20150623/17/hvd.32044051719607/081.png"; bbox 0 0 4004 6534; ppageno 0'>
   <div class='ocr_carea' id='block_1_1' title="bbox 492 435 597 492">
    <p class='ocr_par' dir='ltr' id='par_1_1' title="bbox 492 435 597 492">
     <span class='ocr_line' id='line_1_1' title="bbox 492 435 597 492; baseline 0.019 -4"><span class='ocrx_word' id='word_1_1' title='bbox 492 435 597 492; x_wconf 69' lang='grc' dir='ltr'><strong>1ίῦ</strong></span> 
     </span>
    </p>
   </div>
   <div class='ocr_carea' id='block_1_2' title="bbox 490 549 2068 650">
    <p class='ocr_par' dir='ltr' id='par_1_2' title="bbox 490 549 2068 650">
     <span class='ocr_line' id='line_1_2' title="bbox 490 549 2068 650; baseline 0.003 -20"><span class='ocrx_word' id='word_1_2' title='bbox 490 580 618 650; x_wconf 77' lang='lat' dir='ltr'><strong>ligni</strong></span> <span class='ocrx_word' id='word_1_3' title='bbox 655 578 858 644; x_wconf 77' lang='lat' dir='ltr'><strong>crucis,</strong></span> <span class='ocrx_word' id='word_1_4' title='bbox 905 586 956 633; x_wconf 85' lang='lat' dir='ltr'><strong>et</strong></span> <span class='ocrx_word' id='word_1_5' title='bbox 991 577 1236 650; x_wconf 87' lang='lat' dir='ltr'><strong>mysterii</strong></span> <span class='ocrx_word' id='word_1_6' title='bbox 1269 575 1408 646; x_wconf 81' lang='lat' dir='ltr'><strong>ejus.</strong></span> <span class='ocrx_word' id='word_1_7' title='bbox 1461 549 1663 633; x_wconf 71' lang='lat' dir='ltr'><strong>Littera</strong></span> <span class='ocrx_word' id='word_1_8' title='bbox 1707 579 1854 634; x_wconf 90' lang='lat' dir='ltr'><strong>enim</strong></span> <span class='ocrx_word' id='word_1_9' title='bbox 1894 588 1950 635; x_wconf 92' lang='lat' dir='ltr'><strong>et</strong></span> <span class='ocrx_word' id='word_1_10' title='bbox 1982 580 2068 636; x_wconf 79' lang='lat' dir='ltr'><strong>lex</strong></span> 
     </span>
    </p>
   </div>
   <div class='ocr_carea' id='block_1_3' title="bbox 471 671 2070 745">
    <p class='ocr_par' dir='ltr' id='par_1_3' title="bbox 471 671 2070 745">
     <span class='ocr_line' id='line_1_3' title="bbox 471 671 2070 745; baseline 0.004 -21"><span class='ocrx_word' id='word_1_11' title='bbox 471 671 704 738; x_wconf 83' lang='lat' dir='ltr'><strong>~&#39;occidit,</strong></span> <span class='ocrx_word' id='word_1_12' title='bbox 742 672 961 742; x_wconf 78' lang='lat' dir='ltr'><strong>spiritus</strong></span> <span class='ocrx_word' id='word_1_13' title='bbox 1002 686 1147 737; x_wconf 74' lang='lat' dir='ltr'><strong>vero,</strong></span> <span class='ocrx_word' id='word_1_14' title='bbox 1184 681 1242 727; x_wconf 91' lang='lat' dir='ltr'><strong>et</strong></span> <span class='ocrx_word' id='word_1_15' title='bbox 1277 671 1546 743; x_wconf 75' lang='lat' dir='ltr'><strong>spiritalis</strong></span> <span class='ocrx_word' id='word_1_16' title='bbox 1586 673 1767 730; x_wconf 87' lang='lat' dir='ltr'><strong>cultus</strong></span> <span class='ocrx_word' id='word_1_17' title='bbox 1799 675 2070 745; x_wconf 76' lang='lat' dir='ltr'><strong>evangeli-</strong></span> 
     </span>
    </p>
   </div>
   <div class='ocr_carea' id='block_1_4' title="bbox 478 754 904 832">
    <p class='ocr_par' dir='ltr' id='par_1_4' title="bbox 478 754 904 832">
     <span class='ocr_line' id='line_1_4' title="bbox 478 754 904 832; baseline 0.007 -15"><span class='ocrx_word' id='word_1_18' title='bbox 478 754 584 818; x_wconf 57' lang='lat' dir='ltr'><strong>‘cus</strong></span> <span class='ocrx_word' id='word_1_19' title='bbox 613 762 833 832; x_wconf 74' lang='lat' dir='ltr'><strong>viviﬁcat</strong></span> <span class='ocrx_word' id='word_1_20' title='bbox 865 763 904 820; x_wconf 90' lang='grc'><strong>³.</strong></span> 
     </span>
    </p>
   </div>
   <div class='ocr_carea' id='block_1_5' title="bbox 558 1023 2063 1097">
    <p class='ocr_par' dir='ltr' id='par_1_5' title="bbox 558 1023 2063 1097">
     <span class='ocr_line' id='line_1_5' title="bbox 558 1023 2063 1097; baseline 0.001 -19"><span class='ocrx_word' id='word_1_21' title='bbox 558 1023 808 1097; x_wconf 74' lang='lat' dir='ltr'><strong>Magnam</strong></span> <span class='ocrx_word' id='word_1_22' title='bbox 856 1039 988 1078; x_wconf 88' lang='lat' dir='ltr'><strong>vero</strong></span> <span class='ocrx_word' id='word_1_23' title='bbox 1041 1040 1229 1081; x_wconf 91' lang='lat' dir='ltr'><strong>curam</strong></span> <span class='ocrx_word' id='word_1_24' title='bbox 1274 1041 1470 1096; x_wconf 78' lang='lat' dir='ltr'><strong>gerens</strong></span> <span class='ocrx_word' id='word_1_25' title='bbox 1525 1027 1665 1081; x_wconf 89' lang='lat' dir='ltr'><strong>Deus</strong></span> <span class='ocrx_word' id='word_1_26' title='bbox 1703 1026 1771 1082; x_wconf 90' lang='lat' dir='ltr'><strong>de</strong></span> <span class='ocrx_word' id='word_1_27' title='bbox 1822 1025 2063 1095; x_wconf 87' lang='lat' dir='ltr'><strong>homine,</strong></span> 
     </span>
    </p>
   </div>
   <div class='ocr_carea' id='block_1_6' title="bbox 489 1117 2064 1188">
    <p class='ocr_par' dir='ltr' id='par_1_6' title="bbox 489 1117 2064 1188">
     <span class='ocr_line' id='line_1_6' title="bbox 489 1117 2064 1188; baseline -0.001 -16"><span class='ocrx_word' id='word_1_28' title='bbox 489 1120 653 1173; x_wconf 84' lang='lat' dir='ltr'><strong>etiam</strong></span> <span class='ocrx_word' id='word_1_29' title='bbox 687 1117 1024 1188; x_wconf 72' lang='lat' dir='ltr'><strong>cmlumipsi</strong></span> <span class='ocrx_word' id='word_1_30' title='bbox 1068 1118 1266 1188; x_wconf 89' lang='lat' dir='ltr'><strong>aperit,</strong></span> <span class='ocrx_word' id='word_1_31' title='bbox 1317 1127 1371 1174; x_wconf 93' lang='lat' dir='ltr'><strong>et</strong></span> <span class='ocrx_word' id='word_1_32' title='bbox 1423 1117 1703 1174; x_wconf 76' lang='lat' dir='ltr'><strong>ctelestem</strong></span> <span class='ocrx_word' id='word_1_33' title='bbox 1751 1117 1828 1172; x_wconf 87' lang='lat' dir='ltr'><strong>illi</strong></span> <span class='ocrx_word' id='word_1_34' title='bbox 1883 1133 2064 1174; x_wconf 86' lang='lat' dir='ltr'><strong>escam</strong></span> 
     </span>
    </p>
   </div>
   <div class='ocr_carea' id='block_1_7' title="bbox 486 1206 2070 1280">
    <p class='ocr_par' dir='ltr' id='par_1_7' title="bbox 486 1206 2070 1280">
     <span class='ocr_line' id='line_1_7' title="bbox 486 1206 2070 1280; baseline 0 -17"><span class='ocrx_word' id='word_1_35' title='bbox 486 1211 714 1279; x_wconf 66' lang='lat' dir='ltr'><strong>praebet,</strong></span> <span class='ocrx_word' id='word_1_36' title='bbox 765 1209 989 1280; x_wconf 89' lang='lat' dir='ltr'><strong>ipseque</strong></span> <span class='ocrx_word' id='word_1_37' title='bbox 1024 1208 1172 1263; x_wconf 90' lang='lat' dir='ltr'><strong>illum</strong></span> <span class='ocrx_word' id='word_1_38' title='bbox 1229 1225 1393 1264; x_wconf 84' lang='lat' dir='ltr'><strong>manu</strong></span> <span class='ocrx_word' id='word_1_39' title='bbox 1447 1211 1617 1274; x_wconf 86' lang='lat' dir='ltr'><strong>ducit,</strong></span> <span class='ocrx_word' id='word_1_40' title='bbox 1655 1206 2070 1265; x_wconf 80' lang='lat' dir='ltr'><strong>ell‘cctusitine-</strong></span> 
     </span>
    </p>
   </div>
   <div class='ocr_carea' id='block_1_8' title="bbox 487 1305 2071 1376">
    <p class='ocr_par' dir='ltr' id='par_1_8' title="bbox 487 1305 2071 1376">
     <span class='ocr_line' id='line_1_8' title="bbox 487 1305 2071 1376; baseline 0.002 -18"><span class='ocrx_word' id='word_1_41' title='bbox 487 1306 738 1360; x_wconf 85' lang='lat' dir='ltr'><strong>rantibus</strong></span> <span class='ocrx_word' id='word_1_42' title='bbox 776 1306 982 1371; x_wconf 84' lang='lat' dir='ltr'><strong>lumen,</strong></span> <span class='ocrx_word' id='word_1_43' title='bbox 1032 1305 1252 1376; x_wconf 75' lang='lat' dir='ltr'><strong>agitque</strong></span> <span class='ocrx_word' id='word_1_44' title='bbox 1292 1307 1342 1360; x_wconf 93' lang='lat' dir='ltr'><strong>in</strong></span> <span class='ocrx_word' id='word_1_45' title='bbox 1391 1308 1509 1361; x_wconf 89' lang='lat' dir='ltr'><strong>vias</strong></span> <span class='ocrx_word' id='word_1_46' title='bbox 1545 1320 1696 1376; x_wconf 82' lang='lat' dir='ltr'><strong>.quas</strong></span> <span class='ocrx_word' id='word_1_47' title='bbox 1740 1320 1838 1376; x_wconf 91' lang='lat' dir='ltr'><strong>per</strong></span> <span class='ocrx_word' id='word_1_48' title='bbox 1865 1321 1924 1364; x_wconf 89' lang='lat' dir='ltr'><strong>se</strong></span> <span class='ocrx_word' id='word_1_49' title='bbox 1968 1307 2071 1361; x_wconf 83' lang='lat' dir='ltr'><strong>hu-</strong></span> 
     </span>
    </p>
   </div>
   <div class='ocr_carea' id='block_1_9' title="bbox 487 1397 2072 1469">
    <p class='ocr_par' dir='ltr' id='par_1_9' title="bbox 487 1397 2072 1469">
     <span class='ocr_line' id='line_1_9' title="bbox 487 1397 2072 1469; baseline 0.001 -17"><span class='ocrx_word' id='word_1_50' title='bbox 487 1411 646 1452; x_wconf 89' lang='lat' dir='ltr'><strong>mana</strong></span> <span class='ocrx_word' id='word_1_51' title='bbox 695 1397 917 1468; x_wconf 77' lang='lat' dir='ltr'><strong>ignorat</strong></span> <span class='ocrx_word' id='word_1_52' title='bbox 963 1405 1176 1452; x_wconf 88' lang='lat' dir='ltr'><strong>natura.</strong></span> <span class='ocrx_word' id='word_1_53' title='bbox 1213 1397 1354 1465; x_wconf 86' lang='lat' dir='ltr'><strong>Quin</strong></span> <span class='ocrx_word' id='word_1_54' title='bbox 1396 1397 1564 1453; x_wconf 86' lang='lat' dir='ltr'><strong>etiam</strong></span> <span class='ocrx_word' id='word_1_55' title='bbox 1595 1411 1827 1468; x_wconf 80' lang='lat' dir='ltr'><strong>vespere</strong></span> <span class='ocrx_word' id='word_1_56' title='bbox 1855 1407 2072 1469; x_wconf 83' lang='lat' dir='ltr'><strong>ortygo-</strong></span> 
     </span>
    </p>
   </div>
   <div class='ocr_carea' id='block_1_10' title="bbox 487 1489 2066 1558">
    <p class='ocr_par' dir='ltr' id='par_1_10' title="bbox 487 1489 2066 1558">
     <span class='ocr_line' id='line_1_10' title="bbox 487 1489 2066 1558; baseline 0.001 -16"><span class='ocrx_word' id='word_1_57' title='bbox 487 1499 742 1557; x_wconf 89' lang='lat' dir='ltr'><strong>metram,</strong></span> <span class='ocrx_word' id='word_1_58' title='bbox 791 1490 965 1558; x_wconf 83' lang='lat' dir='ltr'><strong>primo</strong></span> <span class='ocrx_word' id='word_1_59' title='bbox 1021 1498 1201 1544; x_wconf 91' lang='lat' dir='ltr'><strong>autem</strong></span> <span class='ocrx_word' id='word_1_60' title='bbox 1252 1489 1494 1544; x_wconf 82' lang='lat' dir='ltr'><strong>diluculo</strong></span> <span class='ocrx_word' id='word_1_61' title='bbox 1552 1504 1751 1544; x_wconf 82' lang='lat' dir='ltr'><strong>manna</strong></span> <span class='ocrx_word' id='word_1_62' title='bbox 1809 1490 2066 1556; x_wconf 85' lang='lat' dir='ltr'><strong>demittit,</strong></span> 
     </span>
    </p>
   </div>
   <div class='ocr_carea' id='block_1_11' title="bbox 487 1581 2070 1652">
    <p class='ocr_par' dir='ltr' id='par_1_11' title="bbox 487 1581 2070 1652">
     <span class='ocr_line' id='line_1_11' title="bbox 487 1581 2070 1652; baseline 0.001 -17"><span class='ocrx_word' id='word_1_63' title='bbox 487 1581 705 1652; x_wconf 88' lang='lat' dir='ltr'><strong>oblique</strong></span> <span class='ocrx_word' id='word_1_64' title='bbox 741 1582 900 1637; x_wconf 88' lang='lat' dir='ltr'><strong>nobis</strong></span> <span class='ocrx_word' id='word_1_65' title='bbox 928 1581 1178 1652; x_wconf 82' lang='lat' dir='ltr'><strong>exemplo</strong></span> <span class='ocrx_word' id='word_1_66' title='bbox 1212 1581 1621 1646; x_wconf 87' lang='lat' dir='ltr'><strong>subindicante,</strong></span> <span class='ocrx_word' id='word_1_67' title='bbox 1658 1590 1958 1636; x_wconf 77' lang='lat' dir='ltr'><strong>amatorem</strong></span> <span class='ocrx_word' id='word_1_68' title='bbox 1994 1597 2070 1636; x_wconf 83' lang='lat' dir='ltr'><strong>re-</strong></span> 
     </span>
    </p>
   </div>
   <div class='ocr_carea' id='block_1_12' title="bbox 487 1673 2064 1745">
    <p class='ocr_par' dir='ltr' id='par_1_12' title="bbox 487 1673 2064 1745">
     <span class='ocr_line' id='line_1_12' title="bbox 487 1673 2064 1745; baseline -0.003 -15"><span class='ocrx_word' id='word_1_69' title='bbox 487 1692 608 1730; x_wconf 88' lang='lat' dir='ltr'><strong>rum</strong></span> <span class='ocrx_word' id='word_1_70' title='bbox 642 1685 982 1730; x_wconf 85' lang='lat' dir='ltr'><strong>terrenarum</strong></span> <span class='ocrx_word' id='word_1_71' title='bbox 1023 1675 1077 1730; x_wconf 90' lang='lat' dir='ltr'><strong>in</strong></span> <span class='ocrx_word' id='word_1_72' title='bbox 1111 1673 1431 1745; x_wconf 82' lang='lat' dir='ltr'><strong>iutelligibili</strong></span> <span class='ocrx_word' id='word_1_73' title='bbox 1478 1673 1684 1728; x_wconf 85' lang='lat' dir='ltr'><strong>lumine</strong></span> <span class='ocrx_word' id='word_1_74' title='bbox 1715 1687 2064 1742; x_wconf 81' lang='lat' dir='ltr'><strong>nequaquam</strong></span> 
     </span>
    </p>
   </div>
   <div class='ocr_carea' id='block_1_13' title="bbox 487 1766 2068 1837">
    <p class='ocr_par' dir='ltr' id='par_1_13' title="bbox 487 1766 2068 1837">
     <span class='ocr_line' id='line_1_13' title="bbox 487 1766 2068 1837; baseline -0.001 -18"><span class='ocrx_word' id='word_1_75' title='bbox 487 1769 694 1824; x_wconf 86' lang='lat' dir='ltr'><strong>versari</strong></span> <span class='ocrx_word' id='word_1_76' title='bbox 727 1785 740 1822; x_wconf 90' lang='lat'><strong>:</strong></span> <span class='ocrx_word' id='word_1_77' title='bbox 775 1782 895 1837; x_wconf 73' lang='lat' dir='ltr'><strong>quae</strong></span> <span class='ocrx_word' id='word_1_78' title='bbox 926 1780 1023 1836; x_wconf 86' lang='lat' dir='ltr'><strong>per</strong></span> <span class='ocrx_word' id='word_1_79' title='bbox 1059 1774 1493 1836; x_wconf 82' lang='lat' dir='ltr'><strong>orlygomctram</strong></span> <span class='ocrx_word' id='word_1_80' title='bbox 1546 1766 1869 1830; x_wconf 88' lang='lat' dir='ltr'><strong>innuuntur,</strong></span> <span class='ocrx_word' id='word_1_81' title='bbox 1904 1780 2068 1834; x_wconf 89' lang='lat' dir='ltr'><strong>quam</strong></span> 
     </span>
    </p>
   </div>
   <div class='ocr_carea' id='block_1_14' title="bbox 485 1855 2069 1928">
    <p class='ocr_par' dir='ltr' id='par_1_14' title="bbox 485 1855 2069 1928">
     <span class='ocr_line' id='line_1_14' title="bbox 485 1855 2069 1928; baseline -0.003 -13"><span class='ocrx_word' id='word_1_82' title='bbox 485 1858 1003 1928; x_wconf 86' lang='lat' dir='ltr'><strong>concupiscentibus</strong></span> <span class='ocrx_word' id='word_1_83' title='bbox 1031 1857 1264 1928; x_wconf 80' lang='lat' dir='ltr'><strong>porrigit</strong></span> <span class='ocrx_word' id='word_1_84' title='bbox 1287 1856 1454 1922; x_wconf 88' lang='lat' dir='ltr'><strong>Deus,</strong></span> <span class='ocrx_word' id='word_1_85' title='bbox 1486 1871 1590 1910; x_wconf 91' lang='lat' dir='ltr'><strong>non</strong></span> <span class='ocrx_word' id='word_1_86' title='bbox 1621 1857 1845 1911; x_wconf 85' lang='lat' dir='ltr'><strong>trahens</strong></span> <span class='ocrx_word' id='word_1_87' title='bbox 1874 1855 1988 1925; x_wconf 89' lang='lat' dir='ltr'><strong>ipse</strong></span> <span class='ocrx_word' id='word_1_88' title='bbox 2016 1856 2069 1910; x_wconf 86' lang='lat' dir='ltr'><strong>in</strong></span> 
     </span>
    </p>
   </div>
   <div class='ocr_carea' id='block_1_15' title="bbox 483 1948 2068 2020">
    <p class='ocr_par' dir='ltr' id='par_1_15' title="bbox 483 1948 2068 2020">
     <span class='ocr_line' id='line_1_15' title="bbox 483 1948 2068 2020; baseline -0.003 -14"><span class='ocrx_word' id='word_1_89' title='bbox 483 1950 1005 2020; x_wconf 86' lang='lat' dir='ltr'><strong>concupiscentiam,</strong></span> <span class='ocrx_word' id='word_1_90' title='bbox 1055 1952 1296 2003; x_wconf 91' lang='lat' dir='ltr'><strong>nondum</strong></span> <span class='ocrx_word' id='word_1_91' title='bbox 1347 1963 1476 2004; x_wconf 88' lang='lat' dir='ltr'><strong>vero</strong></span> <span class='ocrx_word' id='word_1_92' title='bbox 1526 1948 1764 2018; x_wconf 79' lang='lat' dir='ltr'><strong>largiens</strong></span> <span class='ocrx_word' id='word_1_93' title='bbox 1812 1948 2068 2006; x_wconf 74' lang='lat' dir='ltr'><strong>virtutem</strong></span> 
     </span>
    </p>
   </div>
   <div class='ocr_carea' id='block_1_16' title="bbox 488 2039 2070 2111">
    <p class='ocr_par' dir='ltr' id='par_1_16' title="bbox 488 2039 2070 2111">
     <span class='ocr_line' id='line_1_16' title="bbox 488 2039 2070 2111; baseline -0.002 -13"><span class='ocrx_word' id='word_1_94' title='bbox 488 2044 703 2100; x_wconf 82' lang='lat' dir='ltr'><strong>fortiter</strong></span> <span class='ocrx_word' id='word_1_95' title='bbox 753 2041 1060 2099; x_wconf 89' lang='lat' dir='ltr'><strong>debellandi</strong></span> <span class='ocrx_word' id='word_1_96' title='bbox 1110 2041 1418 2111; x_wconf 85' lang='lat' dir='ltr'><strong>passiones.</strong></span> <span class='ocrx_word' id='word_1_97' title='bbox 1475 2041 1670 2096; x_wconf 80' lang='lat' dir='ltr'><strong>Manna</strong></span> <span class='ocrx_word' id='word_1_98' title='bbox 1734 2039 1923 2096; x_wconf 90' lang='lat' dir='ltr'><strong>umbra</strong></span> <span class='ocrx_word' id='word_1_99' title='bbox 1967 2040 2070 2096; x_wconf 84' lang='lat' dir='ltr'><strong>fuit</strong></span> 
     </span>
    </p>
   </div>
   <div class='ocr_carea' id='block_1_17' title="bbox 486 2134 2069 2205">
    <p class='ocr_par' dir='ltr' id='par_1_17' title="bbox 486 2134 2069 2205">
     <span class='ocr_line' id='line_1_17' title="bbox 486 2134 2069 2205; baseline 0.001 -15"><span class='ocrx_word' id='word_1_100' title='bbox 486 2137 935 2191; x_wconf 85' lang='lat' dir='ltr'><strong>documentorum</strong></span> <span class='ocrx_word' id='word_1_101' title='bbox 980 2144 1031 2188; x_wconf 88' lang='lat' dir='ltr'><strong>et</strong></span> <span class='ocrx_word' id='word_1_102' title='bbox 1066 2134 1332 2190; x_wconf 91' lang='lat' dir='ltr'><strong>donorum</strong></span> <span class='ocrx_word' id='word_1_103' title='bbox 1367 2148 1464 2205; x_wconf 88' lang='lat' dir='ltr'><strong>per</strong></span> <span class='ocrx_word' id='word_1_104' title='bbox 1505 2134 1784 2190; x_wconf 84' lang='lat' dir='ltr'><strong>Christum</strong></span> <span class='ocrx_word' id='word_1_105' title='bbox 1809 2175 1824 2200; x_wconf 93' lang='lat'><strong>,</strong></span> <span class='ocrx_word' id='word_1_106' title='bbox 1853 2148 1975 2203; x_wconf 69' lang='lat' dir='ltr'><strong>quae</strong></span> <span class='ocrx_word' id='word_1_107' title='bbox 2003 2151 2069 2191; x_wconf 80' lang='lat' dir='ltr'><strong>ex</strong></span> 
     </span>
    </p>
   </div>
   <div class='ocr_carea' id='block_1_18' title="bbox 485 2225 2074 2302">
    <p class='ocr_par' dir='ltr' id='par_1_18' title="bbox 485 2225 2074 2302">
     <span class='ocr_line' id='line_1_18' title="bbox 485 2225 2074 2302; baseline -0.001 -21"><span class='ocrx_word' id='word_1_108' title='bbox 485 2228 596 2283; x_wconf 81' lang='lat' dir='ltr'><strong>alto</strong></span> <span class='ocrx_word' id='word_1_109' title='bbox 627 2227 948 2297; x_wconf 70' lang='lat' dir='ltr'><strong>cmlitusque</strong></span> <span class='ocrx_word' id='word_1_110' title='bbox 979 2226 1332 2302; x_wconf 84' lang='lat' dir='ltr'><strong>proveniunt,</strong></span> <span class='ocrx_word' id='word_1_111' title='bbox 1368 2241 1466 2280; x_wconf 93' lang='lat' dir='ltr'><strong>nec</strong></span> <span class='ocrx_word' id='word_1_112' title='bbox 1496 2234 1772 2281; x_wconf 84' lang='lat' dir='ltr'><strong>terrenum</strong></span> <span class='ocrx_word' id='word_1_113' title='bbox 1821 2225 1953 2292; x_wconf 88' lang='lat' dir='ltr'><strong>quid</strong></span> <span class='ocrx_word' id='word_1_114' title='bbox 1983 2227 2074 2280; x_wconf 89' lang='lat' dir='ltr'><strong>ad-</strong></span> 
     </span>
    </p>
   </div>
   <div class='ocr_carea' id='block_1_19' title="bbox 487 2319 2069 2390">
    <p class='ocr_par' dir='ltr' id='par_1_19' title="bbox 487 2319 2069 2390">
     <span class='ocr_line' id='line_1_19' title="bbox 487 2319 2069 2390; baseline -0.002 -13"><span class='ocrx_word' id='word_1_115' title='bbox 487 2323 703 2378; x_wconf 89' lang='lat' dir='ltr'><strong>mistum</strong></span> <span class='ocrx_word' id='word_1_116' title='bbox 762 2323 992 2388; x_wconf 83' lang='lat' dir='ltr'><strong>habent,</strong></span> <span class='ocrx_word' id='word_1_117' title='bbox 1058 2329 1362 2390; x_wconf 89' lang='lat' dir='ltr'><strong>carentque</strong></span> <span class='ocrx_word' id='word_1_118' title='bbox 1413 2319 1595 2390; x_wconf 88' lang='lat' dir='ltr'><strong>potius</strong></span> <span class='ocrx_word' id='word_1_119' title='bbox 1649 2321 1797 2376; x_wconf 90' lang='lat' dir='ltr'><strong>omni</strong></span> <span class='ocrx_word' id='word_1_120' title='bbox 1865 2320 2069 2377; x_wconf 85' lang='lat' dir='ltr'><strong>carnali</strong></span> 
     </span>
    </p>
   </div>
   <div class='ocr_carea' id='block_1_20' title="bbox 1385 408 3726 496">
    <p class='ocr_par' dir='ltr' id='par_1_20' title="bbox 1385 408 3726 496">
     <span class='ocr_line' id='line_1_20' title="bbox 1385 408 3726 496; baseline 0.003 -8"><span class='ocrx_word' id='word_1_121' title='bbox 1385 408 1945 490; x_wconf 35' lang='lat' dir='ltr'><strong>SUPPIJEMENTUM</strong></span> <span class='ocrx_word' id='word_1_122' title='bbox 1981 435 2072 489; x_wconf 85' lang='lat' dir='ltr'><strong>AD</strong></span> <span class='ocrx_word' id='word_1_123' title='bbox 2112 432 2438 491; x_wconf 78' lang='lat' dir='ltr'><strong>ORIGENIS</strong></span> <span class='ocrx_word' id='word_1_124' title='bbox 2477 433 2885 491; x_wconf 80' lang='lat' dir='ltr'><strong>EXEGETICA.</strong></span> <span class='ocrx_word' id='word_1_125' title='bbox 3642 443 3726 496; x_wconf 79' lang='grc' dir='ltr'><strong>ιιι</strong></span> 
     </span>
    </p>
   </div>
   <div class='ocr_carea' id='block_1_21' title="bbox 2178 577 3725 651">
    <p class='ocr_par' dir='ltr' id='par_1_21' title="bbox 2178 577 3725 651">
     <span class='ocr_line' id='line_1_21' title="bbox 2178 577 3725 651; baseline 0.003 -20"><span class='ocrx_word' id='word_1_126' title='bbox 2178 579 2368 650; x_wconf 85' lang='grc' dir='ltr'>νόμου,</span> <span class='ocrx_word' id='word_1_127' title='bbox 2414 577 2709 649; x_wconf 82' lang='grc' dir='ltr'>μετέϐαλεν</span> <span class='ocrx_word' id='word_1_128' title='bbox 2745 579 2826 642; x_wconf 73' lang='grc' dir='ltr'>εἰς</span> <span class='ocrx_word' id='word_1_129' title='bbox 2862 578 3173 650; x_wconf 83' lang='grc' dir='ltr'><strong>γλυκύτητα</strong></span> <span class='ocrx_word' id='word_1_130' title='bbox 3222 580 3289 650; x_wconf 81' lang='grc' dir='ltr'>τῇ</span> <span class='ocrx_word' id='word_1_131' title='bbox 3336 577 3608 651; x_wconf 77' lang='grc' dir='ltr'>παραδοχῇ</span> <span class='ocrx_word' id='word_1_132' title='bbox 3644 582 3725 636; x_wconf 85' lang='grc' dir='ltr'><strong>τοῦ</strong></span> 
     </span>
    </p>
   </div>
   <div class='ocr_carea' id='block_1_22' title="bbox 2179 669 3728 744">
    <p class='ocr_par' dir='ltr' id='par_1_22' title="bbox 2179 669 3728 744">
     <span class='ocr_line' id='line_1_22' title="bbox 2179 669 3728 744; baseline 0.003 -21"><span class='ocrx_word' id='word_1_133' title='bbox 2179 669 2338 736; x_wconf 82' lang='grc' dir='ltr'>ξύλου</span> <span class='ocrx_word' id='word_1_134' title='bbox 2363 670 2455 734; x_wconf 87' lang='grc' dir='ltr'><strong>τοῦ</strong></span> <span class='ocrx_word' id='word_1_135' title='bbox 2485 671 2743 744; x_wconf 87' lang='grc' dir='ltr'>σταυροῦ,</span> <span class='ocrx_word' id='word_1_136' title='bbox 2779 673 2874 726; x_wconf 74' lang='grc' dir='ltr'>καὶ</span> <span class='ocrx_word' id='word_1_137' title='bbox 2901 671 2995 726; x_wconf 87' lang='grc' dir='ltr'><strong>τοῦ</strong></span> <span class='ocrx_word' id='word_1_138' title='bbox 3023 673 3108 730; x_wconf 75' lang='grc' dir='ltr'>ἐπ’</span> <span class='ocrx_word' id='word_1_139' title='bbox 3141 671 3290 744; x_wconf 83' lang='grc' dir='ltr'>αύτῷ</span> <span class='ocrx_word' id='word_1_140' title='bbox 3325 671 3635 742; x_wconf 76' lang='grc' dir='ltr'><strong>μυστηρίου.</strong></span> <span class='ocrx_word' id='word_1_141' title='bbox 3665 675 3728 730; x_wconf 81' lang='grc' dir='ltr'><strong><em>Τὸ</em></strong></span> 
     </span>
    </p>
   </div>
   <div class='ocr_carea' id='block_1_23' title="bbox 2177 751 3730 835">
    <p class='ocr_par' dir='ltr' id='par_1_23' title="bbox 2177 751 3730 835">
     <span class='ocr_line' id='line_1_23' title="bbox 2177 751 3730 835; baseline -0.001 -17"><span class='ocrx_word' id='word_1_142' title='bbox 2177 763 2287 834; x_wconf 86' lang='grc' dir='ltr'>γὰρ</span> <span class='ocrx_word' id='word_1_143' title='bbox 2312 751 2546 834; x_wconf 66' lang='grc' dir='ltr'>γράμμα</span> <span class='ocrx_word' id='word_1_144' title='bbox 2578 765 2673 818; x_wconf 74' lang='grc' dir='ltr'><strong>καὶ</strong></span> <span class='ocrx_word' id='word_1_145' title='bbox 2701 765 2730 817; x_wconf 81' lang='grc' dir='ltr'><strong>ὁ</strong></span> <span class='ocrx_word' id='word_1_146' title='bbox 2754 763 2917 835; x_wconf 82' lang='grc' dir='ltr'>νόμος</span> <span class='ocrx_word' id='word_1_147' title='bbox 2941 763 3302 826; x_wconf 82' lang='grc' dir='ltr'><strong>ἀποκτείνει,</strong></span> <span class='ocrx_word' id='word_1_148' title='bbox 3335 761 3400 815; x_wconf 86' lang='grc' dir='ltr'>τὸ</span> <span class='ocrx_word' id='word_1_149' title='bbox 3427 759 3494 834; x_wconf 59' lang='grc' dir='ltr'>δὲ</span> <span class='ocrx_word' id='word_1_150' title='bbox 3517 760 3730 832; x_wconf 78' lang='grc' dir='ltr'>πνεῦμα</span> 
     </span>
    </p>
   </div>
   <div class='ocr_carea' id='block_1_24' title="bbox 2177 850 3729 927">
    <p class='ocr_par' dir='ltr' id='par_1_24' title="bbox 2177 850 3729 927">
     <span class='ocr_line' id='line_1_24' title="bbox 2177 850 3729 927; baseline -0.001 -20"><span class='ocrx_word' id='word_1_151' title='bbox 2177 854 2275 908; x_wconf 76' lang='grc' dir='ltr'>καὶ</span> <span class='ocrx_word' id='word_1_152' title='bbox 2329 856 2363 927; x_wconf 77' lang='grc' dir='ltr'><strong>ἡ</strong></span> <span class='ocrx_word' id='word_1_153' title='bbox 2427 855 2485 908; x_wconf 84' lang='grc' dir='ltr'><strong>ὲν</strong></span> <span class='ocrx_word' id='word_1_154' title='bbox 2539 853 2809 924; x_wconf 86' lang='grc' dir='ltr'>πνεύματι</span> <span class='ocrx_word' id='word_1_155' title='bbox 2865 851 3090 925; x_wconf 81' lang='grc' dir='ltr'><strong>λατρεία</strong></span> <span class='ocrx_word' id='word_1_156' title='bbox 3144 853 3179 923; x_wconf 79' lang='grc' dir='ltr'><strong>ἠ</strong></span> <span class='ocrx_word' id='word_1_157' title='bbox 3236 850 3563 923; x_wconf 82' lang='grc' dir='ltr'>εύαγγελικὴ</span> <span class='ocrx_word' id='word_1_158' title='bbox 3607 850 3729 914; x_wconf 64' lang='grc' dir='ltr'>εωθ-</span> 
     </span>
    </p>
   </div>
   <div class='ocr_carea' id='block_1_25' title="bbox 2178 956 2351 1000">
    <p class='ocr_par' dir='ltr' id='par_1_25' title="bbox 2178 956 2351 1000">
     <span class='ocr_line' id='line_1_25' title="bbox 2178 956 2351 1000; baseline 0.029 -8"><span class='ocrx_word' id='word_1_159' title='bbox 2178 956 2351 1000; x_wconf 82' lang='grc' dir='ltr'>ποιει.</span> 
     </span>
    </p>
   </div>
   <div class='ocr_carea' id='block_1_26' title="bbox 2243 1032 3732 1109">
    <p class='ocr_par' dir='ltr' id='par_1_26' title="bbox 2243 1032 3732 1109">
     <span class='ocr_line' id='line_1_26' title="bbox 2243 1032 3732 1109; baseline -0.001 -20"><span class='ocrx_word' id='word_1_160' title='bbox 2243 1035 2502 1107; x_wconf 82' lang='grc' dir='ltr'><strong>Μεγάλην</strong></span> <span class='ocrx_word' id='word_1_161' title='bbox 2543 1034 2602 1088; x_wconf 84' lang='grc' dir='ltr'>δὲ</span> <span class='ocrx_word' id='word_1_162' title='bbox 2640 1034 2893 1109; x_wconf 87' lang='grc' dir='ltr'>πρόνοιαν</span> <span class='ocrx_word' id='word_1_163' title='bbox 2940 1033 3259 1104; x_wconf 85' lang='grc' dir='ltr'>ποιούμενος</span> <span class='ocrx_word' id='word_1_164' title='bbox 3295 1036 3323 1088; x_wconf 89' lang='grc' dir='ltr'>ὀ</span> <span class='ocrx_word' id='word_1_165' title='bbox 3362 1033 3495 1097; x_wconf 82' lang='grc' dir='ltr'>Θεὸς</span> <span class='ocrx_word' id='word_1_166' title='bbox 3527 1032 3617 1087; x_wconf 87' lang='grc' dir='ltr'><strong>τοῦ</strong></span> <span class='ocrx_word' id='word_1_167' title='bbox 3651 1033 3732 1088; x_wconf 73' lang='grc' dir='ltr'><strong>ἁν-</strong></span> 
     </span>
    </p>
   </div>
   <div class='ocr_carea' id='block_1_27' title="bbox 2173 1125 3736 1201">
    <p class='ocr_par' dir='ltr' id='par_1_27' title="bbox 2173 1125 3736 1201">
     <span class='ocr_line' id='line_1_27' title="bbox 2173 1125 3736 1201; baseline 0.001 -19"><span class='ocrx_word' id='word_1_168' title='bbox 2173 1126 2412 1201; x_wconf 86' lang='grc' dir='ltr'>θρώπου,</span> <span class='ocrx_word' id='word_1_169' title='bbox 2457 1128 2553 1182; x_wconf 73' lang='grc' dir='ltr'><strong>καὶ</strong></span> <span class='ocrx_word' id='word_1_170' title='bbox 2593 1127 2817 1198; x_wconf 81' lang='grc' dir='ltr'>οὐρανὸν</span> <span class='ocrx_word' id='word_1_171' title='bbox 2858 1125 3008 1197; x_wconf 75' lang='grc' dir='ltr'>αὐτῷ</span> <span class='ocrx_word' id='word_1_172' title='bbox 3044 1127 3268 1196; x_wconf 88' lang='grc' dir='ltr'>ἀνοίγει,</span> <span class='ocrx_word' id='word_1_173' title='bbox 3303 1127 3398 1181; x_wconf 75' lang='grc' dir='ltr'>καὶ</span> <span class='ocrx_word' id='word_1_174' title='bbox 3425 1126 3624 1200; x_wconf 80' lang='grc' dir='ltr'>τροφὴν</span> <span class='ocrx_word' id='word_1_175' title='bbox 3652 1126 3736 1183; x_wconf 83' lang='grc' dir='ltr'><strong>αὺ-</strong></span> 
     </span>
    </p>
   </div>
   <div class='ocr_carea' id='block_1_28' title="bbox 2171 1219 3735 1294">
    <p class='ocr_par' dir='ltr' id='par_1_28' title="bbox 2171 1219 3735 1294">
     <span class='ocr_line' id='line_1_28' title="bbox 2171 1219 3735 1294; baseline -0.003 -18"><span class='ocrx_word' id='word_1_176' title='bbox 2171 1222 2249 1294; x_wconf 81' lang='grc' dir='ltr'><strong>τῷ</strong></span> <span class='ocrx_word' id='word_1_177' title='bbox 2278 1221 2490 1275; x_wconf 89' lang='grc' dir='ltr'>δίδωσιν</span> <span class='ocrx_word' id='word_1_178' title='bbox 2541 1219 2810 1291; x_wconf 80' lang='grc' dir='ltr'>οὐράνιον,</span> <span class='ocrx_word' id='word_1_179' title='bbox 2859 1220 2953 1274; x_wconf 76' lang='grc' dir='ltr'>καὶ</span> <span class='ocrx_word' id='word_1_180' title='bbox 2991 1222 3323 1291; x_wconf 85' lang='grc' dir='ltr'>χειραγωγεῖ</span> <span class='ocrx_word' id='word_1_181' title='bbox 3367 1219 3527 1273; x_wconf 79' lang='grc' dir='ltr'>αὐτὸν</span> <span class='ocrx_word' id='word_1_182' title='bbox 3571 1220 3735 1284; x_wconf 77' lang='grc' dir='ltr'>αὐτὸς,</span> 
     </span>
    </p>
   </div>
   <div class='ocr_carea' id='block_1_29' title="bbox 2170 1310 3736 1384">
    <p class='ocr_par' dir='ltr' id='par_1_29' title="bbox 2170 1310 3736 1384">
     <span class='ocr_line' id='line_1_29' title="bbox 2170 1310 3736 1384; baseline -0.002 -16"><span class='ocrx_word' id='word_1_183' title='bbox 2170 1314 2454 1384; x_wconf 84' lang='grc' dir='ltr'><strong>γινόμενος</strong></span> <span class='ocrx_word' id='word_1_184' title='bbox 2477 1315 2593 1376; x_wconf 86' lang='grc' dir='ltr'>τοῖς</span> <span class='ocrx_word' id='word_1_185' title='bbox 2623 1311 2866 1368; x_wconf 84' lang='grc' dir='ltr'><strong>ὁδεύουσι</strong></span> <span class='ocrx_word' id='word_1_186' title='bbox 2907 1310 3044 1381; x_wconf 86' lang='grc' dir='ltr'>φῶς,</span> <span class='ocrx_word' id='word_1_187' title='bbox 3071 1311 3167 1365; x_wconf 76' lang='grc' dir='ltr'>καὶ</span> <span class='ocrx_word' id='word_1_188' title='bbox 3193 1311 3342 1381; x_wconf 81' lang='grc' dir='ltr'>ἄγων</span> <span class='ocrx_word' id='word_1_189' title='bbox 3370 1311 3462 1364; x_wconf 76' lang='grc' dir='ltr'><strong>ἐπὶ</strong></span> <span class='ocrx_word' id='word_1_190' title='bbox 3482 1311 3649 1376; x_wconf 81' lang='grc' dir='ltr'>ὁδοὺς,</span> <span class='ocrx_word' id='word_1_191' title='bbox 3678 1311 3736 1378; x_wconf 75' lang='grc' dir='ltr'>ἃς</span> 
     </span>
    </p>
   </div>
   <div class='ocr_carea' id='block_1_30' title="bbox 2170 1404 3736 1479">
    <p class='ocr_par' dir='ltr' id='par_1_30' title="bbox 2170 1404 3736 1479">
     <span class='ocr_line' id='line_1_30' title="bbox 2170 1404 3736 1479; baseline 0 -19"><span class='ocrx_word' id='word_1_192' title='bbox 2170 1406 2288 1460; x_wconf 86' lang='grc' dir='ltr'>καθ’</span> <span class='ocrx_word' id='word_1_193' title='bbox 2323 1405 2520 1476; x_wconf 80' lang='grc' dir='ltr'>ἑαυτὴν</span> <span class='ocrx_word' id='word_1_194' title='bbox 2541 1407 2574 1476; x_wconf 85' lang='grc' dir='ltr'><strong>ή</strong></span> <span class='ocrx_word' id='word_1_195' title='bbox 2599 1404 2915 1477; x_wconf 80' lang='grc' dir='ltr'><strong>ἀνθρωπίνη</strong></span> <span class='ocrx_word' id='word_1_196' title='bbox 2948 1404 3110 1474; x_wconf 80' lang='grc' dir='ltr'>φύσις</span> <span class='ocrx_word' id='word_1_197' title='bbox 3136 1405 3238 1458; x_wconf 77' lang='grc' dir='ltr'>οὐκ</span> <span class='ocrx_word' id='word_1_198' title='bbox 3262 1405 3570 1459; x_wconf 72' lang='grc' dir='ltr'>ἐπίσταται.</span> <span class='ocrx_word' id='word_1_199' title='bbox 3606 1406 3736 1479; x_wconf 72' lang='grc' dir='ltr'><strong>Πλὴν</strong></span> 
     </span>
    </p>
   </div>
   <div class='ocr_carea' id='block_1_31' title="bbox 2172 1497 3738 1571">
    <p class='ocr_par' dir='ltr' id='par_1_31' title="bbox 2172 1497 3738 1571">
     <span class='ocr_line' id='line_1_31' title="bbox 2172 1497 3738 1571; baseline 0.001 -19"><span class='ocrx_word' id='word_1_200' title='bbox 2172 1498 2411 1571; x_wconf 81' lang='grc' dir='ltr'><strong>ἑσπέρας</strong></span> <span class='ocrx_word' id='word_1_201' title='bbox 2446 1497 2547 1569; x_wconf 82' lang='grc' dir='ltr'>μὲν</span> <span class='ocrx_word' id='word_1_202' title='bbox 2590 1497 2690 1568; x_wconf 79' lang='grc' dir='ltr'>τὴν</span> <span class='ocrx_word' id='word_1_203' title='bbox 2741 1497 3178 1570; x_wconf 82' lang='grc' dir='ltr'>ὀρτυγομήτραν,</span> <span class='ocrx_word' id='word_1_204' title='bbox 3229 1497 3348 1569; x_wconf 72' lang='grc' dir='ltr'>ἅμα</span> <span class='ocrx_word' id='word_1_205' title='bbox 3386 1498 3443 1564; x_wconf 70' lang='grc' dir='ltr'>δὲ</span> <span class='ocrx_word' id='word_1_206' title='bbox 3488 1498 3656 1570; x_wconf 71' lang='grc' dir='ltr'><strong>τῇὲῳ</strong></span> <span class='ocrx_word' id='word_1_207' title='bbox 3686 1499 3738 1554; x_wconf 76' lang='grc' dir='ltr'>τὸ</span> 
     </span>
    </p>
   </div>
   <div class='ocr_carea' id='block_1_32' title="bbox 2175 1590 3737 1664">
    <p class='ocr_par' dir='ltr' id='par_1_32' title="bbox 2175 1590 3737 1664">
     <span class='ocr_line' id='line_1_32' title="bbox 2175 1590 3737 1664; baseline 0 -18"><span class='ocrx_word' id='word_1_208' title='bbox 2175 1593 2348 1663; x_wconf 80' lang='grc' dir='ltr'><strong>μάννα</strong></span> <span class='ocrx_word' id='word_1_209' title='bbox 2395 1591 2636 1663; x_wconf 82' lang='grc' dir='ltr'><strong>καθίησι,</strong></span> <span class='ocrx_word' id='word_1_210' title='bbox 2699 1591 2942 1660; x_wconf 83' lang='grc' dir='ltr'><strong>πλαγίως</strong></span> <span class='ocrx_word' id='word_1_211' title='bbox 2993 1593 3124 1662; x_wconf 76' lang='grc' dir='ltr'>ἡμῖν</span> <span class='ocrx_word' id='word_1_212' title='bbox 3166 1590 3260 1646; x_wconf 85' lang='grc' dir='ltr'><strong>τοῦ</strong></span> <span class='ocrx_word' id='word_1_213' title='bbox 3313 1591 3737 1664; x_wconf 80' lang='grc' dir='ltr'><strong>παραδείγματος</strong></span> 
     </span>
    </p>
   </div>
   <div class='ocr_carea' id='block_1_33' title="bbox 2172 1683 3739 1756">
    <p class='ocr_par' dir='ltr' id='par_1_33' title="bbox 2172 1683 3739 1756">
     <span class='ocr_line' id='line_1_33' title="bbox 2172 1683 3739 1756; baseline 0.001 -19"><span class='ocrx_word' id='word_1_214' title='bbox 2172 1683 2622 1754; x_wconf 85' lang='grc' dir='ltr'>ὑπεμφαίνοντος,</span> <span class='ocrx_word' id='word_1_215' title='bbox 2667 1684 2750 1738; x_wconf 82' lang='grc' dir='ltr'><strong>ὅτι</strong></span> <span class='ocrx_word' id='word_1_216' title='bbox 2796 1684 2872 1755; x_wconf 86' lang='grc' dir='ltr'>μή</span> <span class='ocrx_word' id='word_1_217' title='bbox 2933 1684 3080 1738; x_wconf 75' lang='grc' dir='ltr'>ἐστιν</span> <span class='ocrx_word' id='word_1_218' title='bbox 3128 1683 3186 1736; x_wconf 83' lang='grc' dir='ltr'><strong>ὲν</strong></span> <span class='ocrx_word' id='word_1_219' title='bbox 3236 1684 3378 1754; x_wconf 73' lang='grc' dir='ltr'>φωτὶ</span> <span class='ocrx_word' id='word_1_220' title='bbox 3428 1684 3604 1756; x_wconf 81' lang='grc' dir='ltr'><strong>νοητῷ</strong></span> <span class='ocrx_word' id='word_1_221' title='bbox 3645 1684 3739 1738; x_wconf 78' lang='grc' dir='ltr'>τῶν</span> 
     </span>
    </p>
   </div>
   <div class='ocr_carea' id='block_1_34' title="bbox 2171 1775 3740 1850">
    <p class='ocr_par' dir='ltr' id='par_1_34' title="bbox 2171 1775 3740 1850">
     <span class='ocr_line' id='line_1_34' title="bbox 2171 1775 3740 1850; baseline 0.001 -22"><span class='ocrx_word' id='word_1_222' title='bbox 2171 1775 2374 1848; x_wconf 76' lang='grc' dir='ltr'>γηΐνων</span> <span class='ocrx_word' id='word_1_223' title='bbox 2401 1777 2430 1830; x_wconf 88' lang='grc' dir='ltr'>ὁ</span> <span class='ocrx_word' id='word_1_224' title='bbox 2467 1777 2701 1848; x_wconf 76' lang='grc' dir='ltr'>ἐραστής</span> <span class='ocrx_word' id='word_1_225' title='bbox 2722 1793 2734 1808; x_wconf 90' lang='grc'><strong>·</strong></span> <span class='ocrx_word' id='word_1_226' title='bbox 2768 1775 2805 1831; x_wconf 78' lang='grc' dir='ltr'><strong>ἃ.</strong></span> <span class='ocrx_word' id='word_1_227' title='bbox 2835 1775 2924 1831; x_wconf 85' lang='grc' dir='ltr'>διὰ</span> <span class='ocrx_word' id='word_1_228' title='bbox 2959 1778 3058 1849; x_wconf 82' lang='grc' dir='ltr'>τῆς</span> <span class='ocrx_word' id='word_1_229' title='bbox 3102 1776 3518 1850; x_wconf 84' lang='grc' dir='ltr'>ὀρτυγομήτρας</span> <span class='ocrx_word' id='word_1_230' title='bbox 3559 1778 3740 1848; x_wconf 85' lang='grc' dir='ltr'>σημαί-</span> 
     </span>
    </p>
   </div>
   <div class='ocr_carea' id='block_1_35' title="bbox 2172 1867 3740 1941">
    <p class='ocr_par' dir='ltr' id='par_1_35' title="bbox 2172 1867 3740 1941">
     <span class='ocr_line' id='line_1_35' title="bbox 2172 1867 3740 1941; baseline 0.001 -21"><span class='ocrx_word' id='word_1_231' title='bbox 2172 1884 2342 1933; x_wconf 89' lang='grc' dir='ltr'>νεται,</span> <span class='ocrx_word' id='word_1_232' title='bbox 2385 1868 2451 1940; x_wconf 80' lang='grc' dir='ltr'><strong>ἢν</strong></span> <span class='ocrx_word' id='word_1_233' title='bbox 2493 1867 2674 1940; x_wconf 82' lang='grc' dir='ltr'><strong>ὀρέγει</strong></span> <span class='ocrx_word' id='word_1_234' title='bbox 2707 1867 3026 1940; x_wconf 77' lang='grc' dir='ltr'>ἐπιζητοῦσι</span> <span class='ocrx_word' id='word_1_235' title='bbox 3066 1867 3221 1934; x_wconf 81' lang='grc' dir='ltr'>Θεὸς,</span> <span class='ocrx_word' id='word_1_236' title='bbox 3257 1869 3354 1941; x_wconf 79' lang='grc' dir='ltr'>οὐχ</span> <span class='ocrx_word' id='word_1_237' title='bbox 3387 1870 3560 1924; x_wconf 70' lang='grc' dir='ltr'>ἕλκων</span> <span class='ocrx_word' id='word_1_238' title='bbox 3593 1869 3740 1934; x_wconf 73' lang='grc' dir='ltr'>αὐτὸς</span> 
     </span>
    </p>
   </div>
   <div class='ocr_carea' id='block_1_36' title="bbox 2171 1959 3739 2032">
    <p class='ocr_par' dir='ltr' id='par_1_36' title="bbox 2171 1959 3739 2032">
     <span class='ocr_line' id='line_1_36' title="bbox 2171 1959 3739 2032; baseline 0.001 -18"><span class='ocrx_word' id='word_1_239' title='bbox 2171 1962 2252 2024; x_wconf 76' lang='grc' dir='ltr'><strong>εἰς</strong></span> <span class='ocrx_word' id='word_1_240' title='bbox 2295 1959 2611 2032; x_wconf 75' lang='grc' dir='ltr'>ἐπιθυμίαν,</span> <span class='ocrx_word' id='word_1_241' title='bbox 2646 1959 2802 2016; x_wconf 73' lang='grc' dir='ltr'>οὔπω</span> <span class='ocrx_word' id='word_1_242' title='bbox 2837 1962 2895 2016; x_wconf 80' lang='grc' dir='ltr'>δὲ</span> <span class='ocrx_word' id='word_1_243' title='bbox 2929 1962 3108 2027; x_wconf 87' lang='grc' dir='ltr'>διδοὺς</span> <span class='ocrx_word' id='word_1_244' title='bbox 3137 1963 3199 2018; x_wconf 82' lang='grc' dir='ltr'>τὸ</span> <span class='ocrx_word' id='word_1_245' title='bbox 3241 1962 3739 2017; x_wconf 86' lang='grc' dir='ltr'>κατανεανιεύεσθαι</span> 
     </span>
    </p>
   </div>
   <div class='ocr_carea' id='block_1_37' title="bbox 2173 2051 3744 2126">
    <p class='ocr_par' dir='ltr' id='par_1_37' title="bbox 2173 2051 3744 2126">
     <span class='ocr_line' id='line_1_37' title="bbox 2173 2051 3744 2126; baseline 0.001 -20"><span class='ocrx_word' id='word_1_246' title='bbox 2173 2051 2378 2106; x_wconf 79' lang='grc' dir='ltr'>παθῶν.</span> <span class='ocrx_word' id='word_1_247' title='bbox 2414 2051 2487 2104; x_wconf 82' lang='grc' dir='ltr'>Τὸ</span> <span class='ocrx_word' id='word_1_248' title='bbox 2513 2051 2572 2106; x_wconf 82' lang='grc' dir='ltr'>δὲ</span> <span class='ocrx_word' id='word_1_249' title='bbox 2602 2052 2777 2124; x_wconf 83' lang='grc' dir='ltr'>μάννα</span> <span class='ocrx_word' id='word_1_250' title='bbox 2814 2052 2941 2108; x_wconf 86' lang='grc' dir='ltr'><strong>σκιά</strong></span> <span class='ocrx_word' id='word_1_251' title='bbox 2969 2053 3077 2108; x_wconf 86' lang='grc' dir='ltr'>τῶν</span> <span class='ocrx_word' id='word_1_252' title='bbox 3125 2053 3214 2109; x_wconf 81' lang='grc' dir='ltr'>διὰ</span> <span class='ocrx_word' id='word_1_253' title='bbox 3257 2053 3494 2126; x_wconf 78' lang='grc' dir='ltr'>Χριστοῦ</span> <span class='ocrx_word' id='word_1_254' title='bbox 3540 2055 3744 2108; x_wconf 82' lang='grc' dir='ltr'>παιδευ-</span> 
     </span>
    </p>
   </div>
   <div class='ocr_carea' id='block_1_38' title="bbox 2175 2144 3744 2217">
    <p class='ocr_par' dir='ltr' id='par_1_38' title="bbox 2175 2144 3744 2217">
     <span class='ocr_line' id='line_1_38' title="bbox 2175 2144 3744 2217; baseline 0.001 -19"><span class='ocrx_word' id='word_1_255' title='bbox 2175 2144 2362 2215; x_wconf 84' lang='grc' dir='ltr'>μάτων</span> <span class='ocrx_word' id='word_1_256' title='bbox 2395 2161 2455 2198; x_wconf 89' lang='grc' dir='ltr'><strong>τε</strong></span> <span class='ocrx_word' id='word_1_257' title='bbox 2504 2145 2600 2199; x_wconf 79' lang='grc' dir='ltr'><strong>καὶ</strong></span> <span class='ocrx_word' id='word_1_258' title='bbox 2637 2146 3017 2217; x_wconf 84' lang='grc' dir='ltr'>χαρισμάτων,</span> <span class='ocrx_word' id='word_1_259' title='bbox 3066 2146 3103 2201; x_wconf 79' lang='grc' dir='ltr'><strong>δι</strong></span> <span class='ocrx_word' id='word_1_260' title='bbox 3143 2145 3350 2202; x_wconf 78' lang='grc' dir='ltr'>ἄνωθέν</span> <span class='ocrx_word' id='word_1_261' title='bbox 3398 2150 3516 2202; x_wconf 76' lang='grc' dir='ltr'>ἐστι</span> <span class='ocrx_word' id='word_1_262' title='bbox 3561 2147 3654 2202; x_wconf 84' lang='grc' dir='ltr'><strong>καί</strong></span> <span class='ocrx_word' id='word_1_263' title='bbox 3689 2148 3744 2214; x_wconf 75' lang='grc' dir='ltr'><strong>ἐξ</strong></span> 
     </span>
    </p>
   </div>
   <div class='ocr_carea' id='block_1_39' title="bbox 2172 2235 3746 2312">
    <p class='ocr_par' dir='ltr' id='par_1_39' title="bbox 2172 2235 3746 2312">
     <span class='ocr_line' id='line_1_39' title="bbox 2172 2235 3746 2312; baseline 0.004 -25"><span class='ocrx_word' id='word_1_264' title='bbox 2172 2235 2425 2306; x_wconf 85' lang='grc' dir='ltr'>ούρανοῦ,</span> <span class='ocrx_word' id='word_1_265' title='bbox 2453 2236 2550 2291; x_wconf 76' lang='grc' dir='ltr'>καὶ</span> <span class='ocrx_word' id='word_1_266' title='bbox 2575 2236 2636 2289; x_wconf 87' lang='grc' dir='ltr'><strong>τὸ</strong></span> <span class='ocrx_word' id='word_1_267' title='bbox 2662 2236 2863 2306; x_wconf 83' lang='grc' dir='ltr'>γεῶδες</span> <span class='ocrx_word' id='word_1_268' title='bbox 2896 2239 2997 2292; x_wconf 80' lang='grc' dir='ltr'><strong>οὐκ</strong></span> <span class='ocrx_word' id='word_1_269' title='bbox 3034 2237 3167 2309; x_wconf 71' lang='grc' dir='ltr'>ἔχει,</span> <span class='ocrx_word' id='word_1_270' title='bbox 3207 2239 3428 2312; x_wconf 79' lang='grc' dir='ltr'>ἀμοιρεῖ</span> <span class='ocrx_word' id='word_1_271' title='bbox 3469 2240 3528 2296; x_wconf 80' lang='grc' dir='ltr'>δὲ</span> <span class='ocrx_word' id='word_1_272' title='bbox 3563 2240 3746 2312; x_wconf 77' lang='grc' dir='ltr'>μᾶλλον</span> 
     </span>
    </p>
   </div>
   <div class='ocr_carea' id='block_1_40' title="bbox 2174 2327 3748 2403">
    <p class='ocr_par' dir='ltr' id='par_1_40' title="bbox 2174 2327 3748 2403">
     <span class='ocr_line' id='line_1_40' title="bbox 2174 2327 3748 2403; baseline 0.003 -23"><span class='ocrx_word' id='word_1_273' title='bbox 2174 2327 2265 2382; x_wconf 80' lang='grc' dir='ltr'><strong>καὶ</strong></span> <span class='ocrx_word' id='word_1_274' title='bbox 2296 2327 2578 2400; x_wconf 69' lang='grc' dir='ltr'>βδελυρίας</span> <span class='ocrx_word' id='word_1_275' title='bbox 2622 2329 2912 2399; x_wconf 80' lang='grc' dir='ltr'>σαρκικῆς.</span> <span class='ocrx_word' id='word_1_276' title='bbox 2950 2330 3060 2385; x_wconf 75' lang='grc' dir='ltr'>Καὶ</span> <span class='ocrx_word' id='word_1_277' title='bbox 3091 2329 3264 2394; x_wconf 71' lang='grc' dir='ltr'>οὕτως</span> <span class='ocrx_word' id='word_1_278' title='bbox 3299 2331 3474 2403; x_wconf 81' lang='grc' dir='ltr'>τροφὴ</span> <span class='ocrx_word' id='word_1_279' title='bbox 3522 2330 3748 2402; x_wconf 84' lang='grc' dir='ltr'>πνευμά-</span> 
     </span>
    </p>
   </div>
   <div class='ocr_carea' id='block_1_41' title="bbox 485 2411 2063 2497">
    <p class='ocr_par' dir='ltr' id='par_1_41' title="bbox 485 2411 2063 2497">
     <span class='ocr_line' id='line_1_41' title="bbox 485 2411 2063 2497; baseline -0.001 -30"><span class='ocrx_word' id='word_1_280' title='bbox 485 2414 914 2471; x_wconf 86' lang='lat' dir='ltr'><strong>abominatione.</strong></span> <span class='ocrx_word' id='word_1_281' title='bbox 971 2413 1152 2484; x_wconf 83' lang='lat' dir='ltr'><strong>Atque</strong></span> <span class='ocrx_word' id='word_1_282' title='bbox 1201 2411 1283 2466; x_wconf 89' lang='lat' dir='ltr'><strong>sic</strong></span> <span class='ocrx_word' id='word_1_283' title='bbox 1336 2425 1462 2467; x_wconf 90' lang='lat' dir='ltr'><strong>esca</strong></span> <span class='ocrx_word' id='word_1_284' title='bbox 1509 2411 1758 2497; x_wconf 74' lang='lat' dir='ltr'><strong>spiritus,</strong></span> <span class='ocrx_word' id='word_1_285' title='bbox 1806 2424 1890 2468; x_wconf 89' lang='lat' dir='ltr'><strong>est</strong></span> <span class='ocrx_word' id='word_1_286' title='bbox 1922 2421 2063 2468; x_wconf 80' lang='lat' dir='ltr'><strong>recta</strong></span> 
     </span>
    </p>
   </div>
   <div class='ocr_carea' id='block_1_42' title="bbox 2171 2411 3747 2497">
    <p class='ocr_par' dir='ltr' id='par_1_42' title="bbox 2175 2420 3747 2497">
     <span class='ocr_line' id='line_1_42' title="bbox 2175 2420 3747 2497; baseline 0.003 -24"><span class='ocrx_word' id='word_1_287' title='bbox 2175 2437 2280 2473; x_wconf 83' lang='grc' dir='ltr'><strong>των</strong></span> <span class='ocrx_word' id='word_1_288' title='bbox 2303 2420 2450 2473; x_wconf 74' lang='grc' dir='ltr'>ἐστὶν</span> <span class='ocrx_word' id='word_1_289' title='bbox 2476 2422 2510 2492; x_wconf 79' lang='grc' dir='ltr'>ἡ</span> <span class='ocrx_word' id='word_1_290' title='bbox 2548 2422 2606 2475; x_wconf 85' lang='grc' dir='ltr'>ὲν</span> <span class='ocrx_word' id='word_1_291' title='bbox 2641 2420 2853 2486; x_wconf 77' lang='grc' dir='ltr'>τούτοις</span> <span class='ocrx_word' id='word_1_292' title='bbox 2892 2421 3028 2494; x_wconf 77' lang='grc' dir='ltr'>ὀρθὴ</span> <span class='ocrx_word' id='word_1_293' title='bbox 3075 2423 3170 2477; x_wconf 73' lang='grc' dir='ltr'><strong>καὶ</strong></span> <span class='ocrx_word' id='word_1_294' title='bbox 3213 2423 3504 2497; x_wconf 75' lang='grc' dir='ltr'>ἀκίϐδηλος</span> <span class='ocrx_word' id='word_1_295' title='bbox 3538 2424 3747 2492; x_wconf 83' lang='grc' dir='ltr'>γνῶσις,</span> 
     </span>
    </p>
   </div>
   <div class='ocr_carea' id='block_1_43' title="bbox 485 2489 2075 2576">
    <p class='ocr_par' dir='ltr' id='par_1_43' title="bbox 485 2489 2075 2576">
     <span class='ocr_line' id='line_1_43' title="bbox 485 2489 2075 2576; baseline -0.001 -14"><span class='ocrx_word' id='word_1_296' title='bbox 485 2508 812 2576; x_wconf 84' lang='lat' dir='ltr'><strong>sinceraque</strong></span> <span class='ocrx_word' id='word_1_297' title='bbox 863 2520 1052 2561; x_wconf 90' lang='lat' dir='ltr'><strong>eorum</strong></span> <span class='ocrx_word' id='word_1_298' title='bbox 1108 2503 1371 2574; x_wconf 86' lang='lat' dir='ltr'><strong>cognitio,</strong></span> <span class='ocrx_word' id='word_1_299' title='bbox 1426 2489 2075 2574; x_wconf 57' lang='lat' dir='ltr'><strong>cujus°subministratio</strong></span> 
     </span>
    </p>
   </div>
   <div class='ocr_carea' id='block_1_44' title="bbox 487 2594 2072 2666">
    <p class='ocr_par' dir='ltr' id='par_1_44' title="bbox 487 2594 2072 2666">
     <span class='ocr_line' id='line_1_44' title="bbox 487 2594 2072 2666; baseline 0.001 -15"><span class='ocrx_word' id='word_1_300' title='bbox 487 2610 744 2666; x_wconf 90' lang='lat' dir='ltr'><strong>tanquam</strong></span> <span class='ocrx_word' id='word_1_301' title='bbox 788 2597 841 2651; x_wconf 89' lang='lat' dir='ltr'><strong>in</strong></span> <span class='ocrx_word' id='word_1_302' title='bbox 885 2596 1004 2652; x_wconf 89' lang='lat' dir='ltr'><strong>luce</strong></span> <span class='ocrx_word' id='word_1_303' title='bbox 1028 2605 1084 2652; x_wconf 90' lang='lat' dir='ltr'><strong>et</strong></span> <span class='ocrx_word' id='word_1_304' title='bbox 1115 2595 1202 2650; x_wconf 86' lang='lat' dir='ltr'><strong>die</strong></span> <span class='ocrx_word' id='word_1_305' title='bbox 1241 2597 1322 2660; x_wconf 82' lang='lat' dir='ltr'><strong>tit,</strong></span> <span class='ocrx_word' id='word_1_306' title='bbox 1361 2595 1645 2650; x_wconf 77' lang='lat' dir='ltr'><strong>exoriente</strong></span> <span class='ocrx_word' id='word_1_307' title='bbox 1680 2595 1805 2651; x_wconf 86' lang='lat' dir='ltr'><strong>Snlc</strong></span> <span class='ocrx_word' id='word_1_308' title='bbox 1846 2594 2072 2665; x_wconf 72' lang='lat' dir='ltr'><strong>justitim</strong></span> 
     </span>
    </p>
   </div>
   <div class='ocr_carea' id='block_1_45' title="bbox 487 2687 2068 2762">
    <p class='ocr_par' dir='ltr' id='par_1_45' title="bbox 487 2687 2068 2762">
     <span class='ocr_line' id='line_1_45' title="bbox 487 2687 2068 2762; baseline -0.003 -14"><span class='ocrx_word' id='word_1_309' title='bbox 487 2691 717 2748; x_wconf 91' lang='lat' dir='ltr'><strong>Domino</strong></span> <span class='ocrx_word' id='word_1_310' title='bbox 743 2701 954 2754; x_wconf 84' lang='lat' dir='ltr'><strong>nostro,</strong></span> <span class='ocrx_word' id='word_1_311' title='bbox 1001 2689 1093 2758; x_wconf 90' lang='lat' dir='ltr'><strong>qui</strong></span> <span class='ocrx_word' id='word_1_312' title='bbox 1120 2688 1322 2762; x_wconf 35' lang='lat' dir='ltr'><strong>educat.</strong></span> <span class='ocrx_word' id='word_1_313' title='bbox 1363 2702 1464 2743; x_wconf 88' lang='lat' dir='ltr'><strong>nos</strong></span> <span class='ocrx_word' id='word_1_314' title='bbox 1507 2688 1560 2740; x_wconf 92' lang='lat' dir='ltr'><strong>in</strong></span> <span class='ocrx_word' id='word_1_315' title='bbox 1595 2687 1762 2742; x_wconf 88' lang='lat' dir='ltr'><strong>vitam</strong></span> <span class='ocrx_word' id='word_1_316' title='bbox 1790 2698 2068 2744; x_wconf 75' lang='lat' dir='ltr'><strong>aeternam.</strong></span> 
     </span>
    </p>
   </div>
   <div class='ocr_carea' id='block_1_46' title="bbox 555 2781 2069 2852">
    <p class='ocr_par' dir='ltr' id='par_1_46' title="bbox 555 2781 2069 2852">
     <span class='ocr_line' id='line_1_46' title="bbox 555 2781 2069 2852; baseline -0.003 -13"><span class='ocrx_word' id='word_1_317' title='bbox 555 2784 661 2852; x_wconf 88' lang='lat' dir='ltr'><strong>Qui</strong></span> <span class='ocrx_word' id='word_1_318' title='bbox 721 2785 865 2838; x_wconf 88' lang='lat' dir='ltr'><strong>enim</strong></span> <span class='ocrx_word' id='word_1_319' title='bbox 923 2799 1116 2837; x_wconf 87' lang='lat' dir='ltr'><strong>manna</strong></span> <span class='ocrx_word' id='word_1_320' title='bbox 1185 2781 1446 2843; x_wconf 90' lang='lat' dir='ltr'><strong>comedit,</strong></span> <span class='ocrx_word' id='word_1_321' title='bbox 1487 2781 1733 2850; x_wconf 90' lang='lat' dir='ltr'><strong>superior</strong></span> <span class='ocrx_word' id='word_1_322' title='bbox 1785 2781 1892 2835; x_wconf 91' lang='lat' dir='ltr'><strong>erit</strong></span> <span class='ocrx_word' id='word_1_323' title='bbox 1922 2783 2069 2837; x_wconf 90' lang='lat' dir='ltr'><strong>omni</strong></span> 
     </span>
    </p>
   </div>
   <div class='ocr_carea' id='block_1_47' title="bbox 486 2866 2069 2946">
    <p class='ocr_par' dir='ltr' id='par_1_47' title="bbox 486 2866 2069 2946">
     <span class='ocr_line' id='line_1_47' title="bbox 486 2866 2069 2946; baseline -0.005 -13"><span class='ocrx_word' id='word_1_324' title='bbox 486 2876 855 2946; x_wconf 88' lang='lat' dir='ltr'><strong>corruptione,</strong></span> <span class='ocrx_word' id='word_1_325' title='bbox 892 2886 947 2930; x_wconf 91' lang='lat' dir='ltr'><strong>et</strong></span> <span class='ocrx_word' id='word_1_326' title='bbox 1008 2873 1278 2930; x_wconf 86' lang='lat' dir='ltr'><strong>transiliet</strong></span> <span class='ocrx_word' id='word_1_327' title='bbox 1314 2879 1567 2926; x_wconf 89' lang='lat' dir='ltr'><strong>mortem.</strong></span> <span class='ocrx_word' id='word_1_328' title='bbox 1619 2871 1709 2926; x_wconf 84' lang='lat' dir='ltr'><strong>Ait</strong></span> <span class='ocrx_word' id='word_1_329' title='bbox 1757 2885 1909 2939; x_wconf 91' lang='lat' dir='ltr'><strong>vero,</strong></span> <span class='ocrx_word' id='word_1_330' title='bbox 1950 2866 2069 2928; x_wconf 81' lang='lat' dir='ltr'><strong>Col-</strong></span> 
     </span>
    </p>
   </div>
   <div class='ocr_carea' id='block_1_48' title="bbox 487 2961 2069 3042">
    <p class='ocr_par' dir='ltr' id='par_1_48' title="bbox 487 2961 2069 3042">
     <span class='ocr_line' id='line_1_48' title="bbox 487 2961 2069 3042; baseline -0.004 -19"><span class='ocrx_word' id='word_1_331' title='bbox 487 2972 679 3042; x_wconf 84' lang='lat' dir='ltr'><strong>ligetur</strong></span> <span class='ocrx_word' id='word_1_332' title='bbox 709 2985 741 3021; x_wconf 92' lang='lat' dir='ltr'><strong>a</strong></span> <span class='ocrx_word' id='word_1_333' title='bbox 788 2964 1276 3030; x_wconf 79' lang='lat' dir='ltr'><strong>contubernalibus,</strong></span> <span class='ocrx_word' id='word_1_334' title='bbox 1311 2972 1357 3018; x_wconf 85' lang='lat' dir='ltr'><strong>et</strong></span> <span class='ocrx_word' id='word_1_335' title='bbox 1409 2979 1513 3016; x_wconf 84' lang='lat' dir='ltr'><strong>non</strong></span> <span class='ocrx_word' id='word_1_336' title='bbox 1571 2961 1878 3032; x_wconf 75' lang='lat' dir='ltr'><strong>relinquetis</strong></span> <span class='ocrx_word' id='word_1_337' title='bbox 1915 2977 1980 3016; x_wconf 81' lang='lat' dir='ltr'><strong>ea:</strong></span> <span class='ocrx_word' id='word_1_338' title='bbox 2010 2977 2069 3016; x_wconf 86' lang='lat' dir='ltr'><strong>eo</strong></span> 
     </span>
    </p>
   </div>
   <div class='ocr_carea' id='block_1_49' title="bbox 487 3052 2069 3130">
    <p class='ocr_par' dir='ltr' id='par_1_49' title="bbox 487 3052 2069 3130">
     <span class='ocr_line' id='line_1_49' title="bbox 487 3052 2069 3130; baseline -0.005 -16"><span class='ocrx_word' id='word_1_339' title='bbox 487 3077 649 3130; x_wconf 82' lang='lat' dir='ltr'><strong>usque</strong></span> <span class='ocrx_word' id='word_1_340' title='bbox 695 3057 922 3113; x_wconf 80' lang='lat' dir='ltr'><strong>mane&quot;.</strong></span> <span class='ocrx_word' id='word_1_341' title='bbox 970 3055 1347 3111; x_wconf 77' lang='lat' dir='ltr'><strong>Necessarium</strong></span> <span class='ocrx_word' id='word_1_342' title='bbox 1403 3061 1487 3107; x_wconf 89' lang='lat' dir='ltr'><strong>est</strong></span> <span class='ocrx_word' id='word_1_343' title='bbox 1537 3053 1681 3106; x_wconf 90' lang='lat' dir='ltr'><strong>enim</strong></span> <span class='ocrx_word' id='word_1_344' title='bbox 1734 3052 1922 3118; x_wconf 90' lang='lat' dir='ltr'><strong>nobis,</strong></span> <span class='ocrx_word' id='word_1_345' title='bbox 1976 3054 2069 3122; x_wconf 88' lang='lat' dir='ltr'><strong>qui</strong></span> 
     </span>
    </p>
   </div>
   <div class='ocr_carea' id='block_1_50' title="bbox 486 3143 2074 3220">
    <p class='ocr_par' dir='ltr' id='par_1_50' title="bbox 486 3143 2074 3220">
     <span class='ocr_line' id='line_1_50' title="bbox 486 3143 2074 3220; baseline -0.006 -14"><span class='ocrx_word' id='word_1_346' title='bbox 486 3152 726 3220; x_wconf 70' lang='lat' dir='ltr'><strong>eiusdem</strong></span> <span class='ocrx_word' id='word_1_347' title='bbox 757 3149 919 3203; x_wconf 88' lang='lat' dir='ltr'><strong>simul</strong></span> <span class='ocrx_word' id='word_1_348' title='bbox 956 3161 1142 3202; x_wconf 91' lang='lat' dir='ltr'><strong>sumus</strong></span> <span class='ocrx_word' id='word_1_349' title='bbox 1176 3144 1303 3200; x_wconf 84' lang='lat' dir='ltr'><strong>ﬁdei</strong></span> <span class='ocrx_word' id='word_1_350' title='bbox 1349 3143 1600 3213; x_wconf 78' lang='lat' dir='ltr'><strong>idemque</strong></span> <span class='ocrx_word' id='word_1_351' title='bbox 1655 3143 1918 3198; x_wconf 84' lang='lat' dir='ltr'><strong>habemus</strong></span> <span class='ocrx_word' id='word_1_352' title='bbox 1946 3157 2074 3198; x_wconf 86' lang='lat' dir='ltr'><strong>con-</strong></span> 
     </span>
    </p>
   </div>
   <div class='ocr_carea' id='block_1_51' title="bbox 487 3235 2071 3306">
    <p class='ocr_par' dir='ltr' id='par_1_51' title="bbox 487 3235 2071 3306">
     <span class='ocr_line' id='line_1_51' title="bbox 487 3235 2071 3306; baseline -0.006 -7"><span class='ocrx_word' id='word_1_353' title='bbox 487 3247 816 3306; x_wconf 87' lang='lat' dir='ltr'><strong>tubcrnium,</strong></span> <span class='ocrx_word' id='word_1_354' title='bbox 849 3241 1153 3297; x_wconf 81' lang='lat' dir='ltr'><strong>Ecclesium</strong></span> <span class='ocrx_word' id='word_1_355' title='bbox 1208 3237 1484 3302; x_wconf 83' lang='lat' dir='ltr'><strong>videlicet,</strong></span> <span class='ocrx_word' id='word_1_356' title='bbox 1531 3245 1589 3289; x_wconf 89' lang='lat' dir='ltr'><strong>ut</strong></span> <span class='ocrx_word' id='word_1_357' title='bbox 1635 3235 1840 3292; x_wconf 85' lang='lat' dir='ltr'><strong>divinis</strong></span> <span class='ocrx_word' id='word_1_358' title='bbox 1869 3237 2071 3291; x_wconf 88' lang='lat' dir='ltr'><strong>nostris</strong></span> 
     </span>
    </p>
   </div>
   <div class='ocr_carea' id='block_1_52' title="bbox 483 3328 2068 3396">
    <p class='ocr_par' dir='ltr' id='par_1_52' title="bbox 483 3328 2068 3396">
     <span class='ocr_line' id='line_1_52' title="bbox 483 3328 2068 3396; baseline -0.008 -1"><span class='ocrx_word' id='word_1_359' title='bbox 483 3340 751 3395; x_wconf 72' lang='lat' dir='ltr'><strong>satientur</strong></span> <span class='ocrx_word' id='word_1_360' title='bbox 768 3335 1132 3396; x_wconf 85' lang='lat' dir='ltr'><strong>sermonibus,</strong></span> <span class='ocrx_word' id='word_1_361' title='bbox 1159 3346 1256 3386; x_wconf 90' lang='lat' dir='ltr'><strong>nec</strong></span> <span class='ocrx_word' id='word_1_362' title='bbox 1278 3331 1628 3384; x_wconf 88' lang='lat' dir='ltr'><strong>observemus</strong></span> <span class='ocrx_word' id='word_1_363' title='bbox 1653 3328 1899 3383; x_wconf 87' lang='lat' dir='ltr'><strong>umbram</strong></span> <span class='ocrx_word' id='word_1_364' title='bbox 1925 3337 2068 3396; x_wconf 90' lang='lat' dir='ltr'><strong>post-</strong></span> 
     </span>
    </p>
   </div>
   <div class='ocr_carea' id='block_1_53' title="bbox 482 3417 2055 3502">
    <p class='ocr_par' dir='ltr' id='par_1_53' title="bbox 482 3417 2055 3502">
     <span class='ocr_line' id='line_1_53' title="bbox 482 3417 2055 3502; baseline -0.009 -18"><span class='ocrx_word' id='word_1_365' title='bbox 482 3447 643 3502; x_wconf 86' lang='lat' dir='ltr'><strong>quam</strong></span> <span class='ocrx_word' id='word_1_366' title='bbox 678 3427 884 3484; x_wconf 84' lang='lat' dir='ltr'><strong>vcritas</strong></span> <span class='ocrx_word' id='word_1_367' title='bbox 917 3425 1206 3481; x_wconf 82' lang='lat' dir='ltr'><strong>manifeste</strong></span> <span class='ocrx_word' id='word_1_368' title='bbox 1237 3421 1508 3490; x_wconf 85' lang='lat' dir='ltr'><strong>apparuit.</strong></span> <span class='ocrx_word' id='word_1_369' title='bbox 1533 3417 1638 3484; x_wconf 85' lang='lat' dir='ltr'><strong>Qui</strong></span> <span class='ocrx_word' id='word_1_370' title='bbox 1672 3419 1837 3479; x_wconf 85' lang='lat' dir='ltr'><strong>enim,</strong></span> <span class='ocrx_word' id='word_1_371' title='bbox 1869 3419 1966 3483; x_wconf 88' lang='lat' dir='ltr'><strong>ait,</strong></span> <span class='ocrx_word' id='word_1_372' title='bbox 2001 3419 2055 3471; x_wconf 87' lang='lat' dir='ltr'><strong>iu</strong></span> 
     </span>
    </p>
   </div>
   <div class='ocr_carea' id='block_1_54' title="bbox 483 3505 2064 3589">
    <p class='ocr_par' dir='ltr' id='par_1_54' title="bbox 483 3505 2064 3589">
     <span class='ocr_line' id='line_1_54' title="bbox 483 3505 2064 3589; baseline -0.008 -17"><span class='ocrx_word' id='word_1_373' title='bbox 483 3522 593 3589; x_wconf 81' lang='lat' dir='ltr'><strong>lege</strong></span> <span class='ocrx_word' id='word_1_374' title='bbox 616 3515 1012 3587; x_wconf 79' lang='lat' dir='ltr'><strong>iustiﬁcamini,</strong></span> <span class='ocrx_word' id='word_1_375' title='bbox 1035 3531 1065 3565; x_wconf 84' lang='grc' dir='ltr'><strong>α</strong></span> <span class='ocrx_word' id='word_1_376' title='bbox 1097 3512 1265 3581; x_wconf 83' lang='lat' dir='ltr'><strong>gratia</strong></span> <span class='ocrx_word' id='word_1_377' title='bbox 1283 3507 1554 3564; x_wconf 78' lang='lat' dir='ltr'><strong>excidistis</strong></span> <span class='ocrx_word' id='word_1_378' title='bbox 1577 3507 1618 3560; x_wconf 87' lang='lat'><strong>&#39;.</strong></span> <span class='ocrx_word' id='word_1_379' title='bbox 1650 3505 1758 3562; x_wconf 87' lang='lat' dir='ltr'><strong>Sed</strong></span> <span class='ocrx_word' id='word_1_380' title='bbox 1785 3522 1908 3561; x_wconf 91' lang='lat' dir='ltr'><strong>cum</strong></span> <span class='ocrx_word' id='word_1_381' title='bbox 1941 3521 2064 3576; x_wconf 82' lang='lat' dir='ltr'><strong>per-</strong></span> 
     </span>
    </p>
   </div>
   <div class='ocr_carea' id='block_1_55' title="bbox 483 3601 2065 3676">
    <p class='ocr_par' dir='ltr' id='par_1_55' title="bbox 483 3601 2065 3676">
     <span class='ocr_line' id='line_1_55' title="bbox 483 3601 2065 3676; baseline -0.005 -13"><span class='ocrx_word' id='word_1_382' title='bbox 483 3610 792 3666; x_wconf 84' lang='lat' dir='ltr'><strong>vcnerimus</strong></span> <span class='ocrx_word' id='word_1_383' title='bbox 859 3622 959 3676; x_wconf 89' lang='lat' dir='ltr'><strong>per</strong></span> <span class='ocrx_word' id='word_1_384' title='bbox 1015 3603 1176 3658; x_wconf 75' lang='lat' dir='ltr'><strong>fidem</strong></span> <span class='ocrx_word' id='word_1_385' title='bbox 1228 3601 1293 3654; x_wconf 87' lang='lat' dir='ltr'><strong>ad</strong></span> <span class='ocrx_word' id='word_1_386' title='bbox 1339 3601 1681 3671; x_wconf 86' lang='lat' dir='ltr'><strong>spiritualem</strong></span> <span class='ocrx_word' id='word_1_387' title='bbox 1747 3602 1800 3654; x_wconf 93' lang='lat' dir='ltr'><strong>in</strong></span> <span class='ocrx_word' id='word_1_388' title='bbox 1845 3601 2065 3656; x_wconf 85' lang='lat' dir='ltr'><strong>Christo</strong></span> 
     </span>
    </p>
   </div>
   <div class='ocr_carea' id='block_1_56' title="bbox 483 3692 2062 3760">
    <p class='ocr_par' dir='ltr' id='par_1_56' title="bbox 483 3692 2062 3760">
     <span class='ocr_line' id='line_1_56' title="bbox 483 3692 2062 3760; baseline -0.008 -1"><span class='ocrx_word' id='word_1_389' title='bbox 483 3701 896 3760; x_wconf 89' lang='lat' dir='ltr'><strong>sabbatismum,</strong></span> <span class='ocrx_word' id='word_1_390' title='bbox 932 3697 984 3753; x_wconf 90' lang='lat' dir='ltr'><strong>id</strong></span> <span class='ocrx_word' id='word_1_391' title='bbox 1018 3704 1100 3751; x_wconf 87' lang='lat' dir='ltr'><strong>est</strong></span> <span class='ocrx_word' id='word_1_392' title='bbox 1127 3696 1194 3749; x_wconf 89' lang='lat' dir='ltr'><strong>ad</strong></span> <span class='ocrx_word' id='word_1_393' title='bbox 1221 3693 1561 3748; x_wconf 88' lang='lat' dir='ltr'><strong>vacationem</strong></span> <span class='ocrx_word' id='word_1_394' title='bbox 1605 3707 1670 3747; x_wconf 90' lang='lat' dir='ltr'><strong>ac</strong></span> <span class='ocrx_word' id='word_1_395' title='bbox 1699 3692 2062 3748; x_wconf 85' lang='lat' dir='ltr'><strong>cessationem</strong></span> 
     </span>
    </p>
   </div>
   <div class='ocr_carea' id='block_1_57' title="bbox 482 3785 2062 3866">
    <p class='ocr_par' dir='ltr' id='par_1_57' title="bbox 482 3785 2062 3866">
     <span class='ocr_line' id='line_1_57' title="bbox 482 3785 2062 3866; baseline -0.008 -15"><span class='ocrx_word' id='word_1_396' title='bbox 482 3815 510 3851; x_wconf 89' lang='lat' dir='ltr'><strong>a</strong></span> <span class='ocrx_word' id='word_1_397' title='bbox 538 3802 759 3866; x_wconf 90' lang='lat' dir='ltr'><strong>peccato</strong></span> <span class='ocrx_word' id='word_1_398' title='bbox 789 3810 803 3858; x_wconf 92' lang='lat'>;</span> <span class='ocrx_word' id='word_1_399' title='bbox 847 3806 951 3845; x_wconf 92' lang='lat' dir='ltr'><strong>non</strong></span> <span class='ocrx_word' id='word_1_400' title='bbox 997 3798 1257 3858; x_wconf 85' lang='lat' dir='ltr'><strong>tanquam</strong></span> <span class='ocrx_word' id='word_1_401' title='bbox 1292 3785 1538 3840; x_wconf 90' lang='lat' dir='ltr'><strong>inutilem</strong></span> <span class='ocrx_word' id='word_1_402' title='bbox 1598 3785 1951 3852; x_wconf 87' lang='lat' dir='ltr'><strong>repudiamus</strong></span> <span class='ocrx_word' id='word_1_403' title='bbox 1983 3795 2062 3839; x_wconf 91' lang='lat' dir='ltr'><strong>tot</strong></span> 
     </span>
    </p>
   </div>
   <div class='ocr_carea' id='block_1_58' title="bbox 481 3874 2062 3958">
    <p class='ocr_par' dir='ltr' id='par_1_58' title="bbox 481 3874 2062 3958">
     <span class='ocr_line' id='line_1_58' title="bbox 481 3874 2062 3958; baseline -0.009 -15"><span class='ocrx_word' id='word_1_404' title='bbox 481 3886 768 3958; x_wconf 60' lang='lat' dir='ltr'><strong>perceptis</strong></span> <span class='ocrx_word' id='word_1_405' title='bbox 803 3890 1180 3938; x_wconf 86' lang='lat' dir='ltr'><strong>coacervatam</strong></span> <span class='ocrx_word' id='word_1_406' title='bbox 1203 3877 1315 3949; x_wconf 80' lang='lat' dir='ltr'><strong>jam</strong></span> <span class='ocrx_word' id='word_1_407' title='bbox 1348 3876 1482 3948; x_wconf 81' lang='lat' dir='ltr'><strong>legis</strong></span> <span class='ocrx_word' id='word_1_408' title='bbox 1515 3874 1900 3941; x_wconf 82' lang='lat' dir='ltr'><strong>eruditionem,</strong></span> <span class='ocrx_word' id='word_1_409' title='bbox 1945 3889 2062 3928; x_wconf 86' lang='lat' dir='ltr'><strong>ma-</strong></span> 
     </span>
    </p>
   </div>
   <div class='ocr_carea' id='block_1_59' title="bbox 481 3963 2059 4038">
    <p class='ocr_par' dir='ltr' id='par_1_59' title="bbox 481 3963 2059 4038">
     <span class='ocr_line' id='line_1_59' title="bbox 481 3963 2059 4038; baseline -0.011 -2"><span class='ocrx_word' id='word_1_410' title='bbox 481 3982 846 4037; x_wconf 89' lang='lat' dir='ltr'><strong>nuducentem</strong></span> <span class='ocrx_word' id='word_1_411' title='bbox 883 3990 980 4032; x_wconf 90' lang='lat' dir='ltr'><strong>nos</strong></span> <span class='ocrx_word' id='word_1_412' title='bbox 1010 3974 1078 4028; x_wconf 88' lang='lat' dir='ltr'><strong>ad</strong></span> <span class='ocrx_word' id='word_1_413' title='bbox 1111 3970 1414 4028; x_wconf 83' lang='lat' dir='ltr'><strong>Christum.</strong></span> <span class='ocrx_word' id='word_1_414' title='bbox 1457 3964 1710 4038; x_wconf 71' lang='lat' dir='ltr'><strong>Legimus</strong></span> <span class='ocrx_word' id='word_1_415' title='bbox 1743 3966 1889 4020; x_wconf 84' lang='lat' dir='ltr'><strong>enim</strong></span> <span class='ocrx_word' id='word_1_416' title='bbox 1941 3963 2059 4020; x_wconf 83' lang='lat' dir='ltr'><strong>Mo-</strong></span> 
     </span>
    </p>
   </div>
   <div class='ocr_carea' id='block_1_60' title="bbox 480 4061 2059 4138">
    <p class='ocr_par' dir='ltr' id='par_1_60' title="bbox 480 4061 2059 4138">
     <span class='ocr_line' id='line_1_60' title="bbox 480 4061 2059 4138; baseline -0.011 -6"><span class='ocrx_word' id='word_1_417' title='bbox 480 4078 658 4133; x_wconf 86' lang='lat' dir='ltr'><strong>saicas</strong></span> <span class='ocrx_word' id='word_1_418' title='bbox 688 4072 932 4136; x_wconf 89' lang='lat' dir='ltr'><strong>umbras,</strong></span> <span class='ocrx_word' id='word_1_419' title='bbox 981 4082 1090 4138; x_wconf 88' lang='lat' dir='ltr'><strong>quo</strong></span> <span class='ocrx_word' id='word_1_420' title='bbox 1136 4067 1189 4118; x_wconf 90' lang='lat' dir='ltr'><strong>in</strong></span> <span class='ocrx_word' id='word_1_421' title='bbox 1242 4063 1348 4119; x_wconf 88' lang='lat' dir='ltr'><strong>illis</strong></span> <span class='ocrx_word' id='word_1_422' title='bbox 1397 4061 1684 4118; x_wconf 81' lang='lat' dir='ltr'><strong>veritatem</strong></span> <span class='ocrx_word' id='word_1_423' title='bbox 1725 4072 2059 4129; x_wconf 79' lang='lat' dir='ltr'><strong>quaeramus,</strong></span> 
     </span>
    </p>
   </div>
   <div class='ocr_carea' id='block_1_61' title="bbox 480 4152 2050 4225">
    <p class='ocr_par' dir='ltr' id='par_1_61' title="bbox 480 4152 2050 4225">
     <span class='ocr_line' id='line_1_61' title="bbox 480 4152 2050 4225; baseline -0.012 -2"><span class='ocrx_word' id='word_1_424' title='bbox 480 4188 609 4225; x_wconf 81' lang='lat' dir='ltr'><strong>nova</strong></span> <span class='ocrx_word' id='word_1_425' title='bbox 639 4176 685 4222; x_wconf 84' lang='lat' dir='ltr'><strong>et</strong></span> <span class='ocrx_word' id='word_1_426' title='bbox 715 4175 885 4222; x_wconf 81' lang='lat' dir='ltr'><strong>vetera</strong></span> <span class='ocrx_word' id='word_1_427' title='bbox 918 4164 981 4216; x_wconf 82' lang='lat' dir='ltr'><strong>de</strong></span> <span class='ocrx_word' id='word_1_428' title='bbox 1012 4161 1260 4214; x_wconf 77' lang='lat' dir='ltr'><strong>thesauro</strong></span> <span class='ocrx_word' id='word_1_429' title='bbox 1285 4155 1612 4225; x_wconf 75' lang='lat' dir='ltr'><strong>proferentes</strong></span> <span class='ocrx_word' id='word_1_430' title='bbox 1639 4152 1681 4206; x_wconf 80' lang='lat'><strong>°.</strong></span> <span class='ocrx_word' id='word_1_431' title='bbox 1712 4154 1820 4207; x_wconf 85' lang='lat' dir='ltr'><strong>Aut</strong></span> <span class='ocrx_word' id='word_1_432' title='bbox 1848 4153 1892 4208; x_wconf 89' lang='lat' dir='ltr'><strong>si</strong></span> <span class='ocrx_word' id='word_1_433' title='bbox 1933 4167 2050 4205; x_wconf 90' lang='lat' dir='ltr'><strong>ma-</strong></span> 
     </span>
    </p>
   </div>
   <div class='ocr_carea' id='block_1_62' title="bbox 478 4243 2059 4326">
    <p class='ocr_par' dir='ltr' id='par_1_62' title="bbox 478 4243 2059 4326">
     <span class='ocr_line' id='line_1_62' title="bbox 478 4243 2059 4326; baseline -0.008 -14"><span class='ocrx_word' id='word_1_434' title='bbox 478 4263 584 4323; x_wconf 86' lang='lat' dir='ltr'><strong>vis,</strong></span> <span class='ocrx_word' id='word_1_435' title='bbox 618 4273 737 4326; x_wconf 75' lang='lat' dir='ltr'><strong>qua:</strong></span> <span class='ocrx_word' id='word_1_436' title='bbox 764 4259 856 4312; x_wconf 87' lang='lat' dir='ltr'><strong>hic</strong></span> <span class='ocrx_word' id='word_1_437' title='bbox 888 4251 1204 4324; x_wconf 78' lang='lat' dir='ltr'><strong>collegimus</strong></span> <span class='ocrx_word' id='word_1_438' title='bbox 1236 4249 1288 4302; x_wconf 90' lang='lat' dir='ltr'><strong>in</strong></span> <span class='ocrx_word' id='word_1_439' title='bbox 1316 4259 1612 4318; x_wconf 83' lang='lat' dir='ltr'><strong>paraseeve</strong></span> <span class='ocrx_word' id='word_1_440' title='bbox 1654 4244 1804 4317; x_wconf 72' lang='grc'><strong>(84),</strong></span> <span class='ocrx_word' id='word_1_441' title='bbox 1841 4243 1957 4300; x_wconf 63' lang='lat' dir='ltr'><strong>huic</strong></span> <span class='ocrx_word' id='word_1_442' title='bbox 1987 4243 2059 4300; x_wconf 83' lang='lat' dir='ltr'><strong>ibi</strong></span> 
     </span>
    </p>
   </div>
   <div class='ocr_carea' id='block_1_63' title="bbox 476 4325 1912 4419">
    <p class='ocr_par' dir='ltr' id='par_1_63' title="bbox 476 4325 1912 4419">
     <span class='ocr_line' id='line_1_63' title="bbox 476 4325 1912 4419; baseline -0.011 -11"><span class='ocrx_word' id='word_1_443' title='bbox 476 4325 763 4410; x_wconf 78' lang='lat' dir='ltr'><strong>sabbatum</strong></span> <span class='ocrx_word' id='word_1_444' title='bbox 807 4356 1032 4419; x_wconf 85' lang='lat' dir='ltr'><strong>agentes</strong></span> <span class='ocrx_word' id='word_1_445' title='bbox 1054 4343 1418 4405; x_wconf 86' lang='lat' dir='ltr'><strong>inveniemus,</strong></span> <span class='ocrx_word' id='word_1_446' title='bbox 1451 4349 1507 4394; x_wconf 88' lang='lat' dir='ltr'><strong>et</strong></span> <span class='ocrx_word' id='word_1_447' title='bbox 1540 4325 1912 4393; x_wconf 83' lang='lat' dir='ltr'><strong>enutriemur.</strong></span> 
     </span>
    </p>
   </div>
   <div class='ocr_carea' id='block_1_64' title="bbox 549 4427 2058 4512">
    <p class='ocr_par' dir='ltr' id='par_1_64' title="bbox 549 4427 2058 4512">
     <span class='ocr_line' id='line_1_64' title="bbox 549 4427 2058 4512; baseline -0.013 -13"><span class='ocrx_word' id='word_1_448' title='bbox 549 4444 688 4500; x_wconf 91' lang='lat' dir='ltr'><strong>Olim</strong></span> <span class='ocrx_word' id='word_1_449' title='bbox 715 4441 933 4512; x_wconf 87' lang='lat' dir='ltr'><strong>quidem</strong></span> <span class='ocrx_word' id='word_1_450' title='bbox 975 4451 1165 4502; x_wconf 77' lang='lat' dir='ltr'><strong>panem</strong></span> <span class='ocrx_word' id='word_1_451' title='bbox 1211 4434 1276 4486; x_wconf 83' lang='lat' dir='ltr'><strong>de</strong></span> <span class='ocrx_word' id='word_1_452' title='bbox 1320 4429 1448 4485; x_wconf 65' lang='lat' dir='ltr'><strong>ca’lo</strong></span> <span class='ocrx_word' id='word_1_453' title='bbox 1491 4428 1637 4484; x_wconf 80' lang='lat' dir='ltr'><strong>dedit</strong></span> <span class='ocrx_word' id='word_1_454' title='bbox 1683 4427 1826 4482; x_wconf 81' lang='lat' dir='ltr'><strong>Deus</strong></span> <span class='ocrx_word' id='word_1_455' title='bbox 1865 4427 2058 4496; x_wconf 83' lang='lat' dir='ltr'><strong>papula</strong></span> 
     </span>
    </p>
   </div>
   <div class='ocr_carea' id='block_1_65' title="bbox 476 4521 2056 4608">
    <p class='ocr_par' dir='ltr' id='par_1_65' title="bbox 476 4521 2056 4608">
     <span class='ocr_line' id='line_1_65' title="bbox 476 4521 2056 4608; baseline -0.015 -12"><span class='ocrx_word' id='word_1_456' title='bbox 476 4557 595 4605; x_wconf 78' lang='lat' dir='ltr'><strong>suo,</strong></span> <span class='ocrx_word' id='word_1_457' title='bbox 629 4538 718 4608; x_wconf 82' lang='lat' dir='ltr'><strong>qui</strong></span> <span class='ocrx_word' id='word_1_458' title='bbox 755 4534 899 4589; x_wconf 80' lang='lat' dir='ltr'><strong>nullo</strong></span> <span class='ocrx_word' id='word_1_459' title='bbox 930 4531 1168 4586; x_wconf 82' lang='lat' dir='ltr'><strong>adhibito</strong></span> <span class='ocrx_word' id='word_1_460' title='bbox 1210 4526 1392 4582; x_wconf 85' lang='lat' dir='ltr'><strong>labore</strong></span> <span class='ocrx_word' id='word_1_461' title='bbox 1437 4526 1506 4577; x_wconf 88' lang='lat' dir='ltr'><strong>ad</strong></span> <span class='ocrx_word' id='word_1_462' title='bbox 1554 4538 1760 4576; x_wconf 83' lang='lat' dir='ltr'><strong>onmem</strong></span> <span class='ocrx_word' id='word_1_463' title='bbox 1808 4521 2056 4590; x_wconf 64' lang='lat' dir='ltr'><strong>volupta-</strong></span> 
     </span>
    </p>
   </div>
   <div class='ocr_carea' id='block_1_66' title="bbox 2169 2506 3750 2587">
    <p class='ocr_par' dir='ltr' id='par_1_66' title="bbox 2169 2506 3750 2587">
     <span class='ocr_line' id='line_1_66' title="bbox 2169 2506 3750 2587; baseline 0.001 -21"><span class='ocrx_word' id='word_1_464' title='bbox 2169 2506 2238 2584; x_wconf 83' lang='grc' dir='ltr'>ἦς</span> <span class='ocrx_word' id='word_1_465' title='bbox 2259 2513 2292 2583; x_wconf 82' lang='grc' dir='ltr'>ὴ</span> <span class='ocrx_word' id='word_1_466' title='bbox 2314 2512 2567 2586; x_wconf 82' lang='grc' dir='ltr'>χορηγία,</span> <span class='ocrx_word' id='word_1_467' title='bbox 2587 2513 2662 2576; x_wconf 84' lang='grc' dir='ltr'>ὡς</span> <span class='ocrx_word' id='word_1_468' title='bbox 2682 2516 2740 2566; x_wconf 83' lang='grc' dir='ltr'><strong>ὲν</strong></span> <span class='ocrx_word' id='word_1_469' title='bbox 2765 2514 2904 2582; x_wconf 79' lang='grc' dir='ltr'>φωτὶ</span> <span class='ocrx_word' id='word_1_470' title='bbox 2925 2514 3019 2568; x_wconf 68' lang='grc' dir='ltr'><strong>καὶ</strong></span> <span class='ocrx_word' id='word_1_471' title='bbox 3045 2515 3230 2587; x_wconf 82' lang='grc' dir='ltr'>ἡμέρᾳ</span> <span class='ocrx_word' id='word_1_472' title='bbox 3260 2515 3491 2585; x_wconf 87' lang='grc' dir='ltr'>γίνεται,</span> <span class='ocrx_word' id='word_1_473' title='bbox 3516 2516 3750 2586; x_wconf 84' lang='grc' dir='ltr'>ἀνίσχον-</span> 
     </span>
    </p>
   </div>
   <div class='ocr_carea' id='block_1_67' title="bbox 2171 2603 3748 2680">
    <p class='ocr_par' dir='ltr' id='par_1_67' title="bbox 2171 2603 3748 2680">
     <span class='ocr_line' id='line_1_67' title="bbox 2171 2603 3748 2680; baseline 0.003 -23"><span class='ocrx_word' id='word_1_474' title='bbox 2171 2621 2261 2667; x_wconf 87' lang='grc' dir='ltr'><strong>τος</strong></span> <span class='ocrx_word' id='word_1_475' title='bbox 2288 2603 2379 2657; x_wconf 89' lang='grc' dir='ltr'><strong>τοῦ</strong></span> <span class='ocrx_word' id='word_1_476' title='bbox 2411 2603 2586 2657; x_wconf 86' lang='grc' dir='ltr'>Ἠλίου</span> <span class='ocrx_word' id='word_1_477' title='bbox 2600 2604 2702 2675; x_wconf 80' lang='grc' dir='ltr'><strong>τῆς</strong></span> <span class='ocrx_word' id='word_1_478' title='bbox 2735 2605 3079 2677; x_wconf 66' lang='grc' dir='ltr'>δικαιοσύνης</span> <span class='ocrx_word' id='word_1_479' title='bbox 3109 2608 3318 2680; x_wconf 80' lang='grc' dir='ltr'>Κυρίου</span> <span class='ocrx_word' id='word_1_480' title='bbox 3355 2607 3494 2680; x_wconf 81' lang='lat'><strong>(85),</strong></span> <span class='ocrx_word' id='word_1_481' title='bbox 3529 2607 3589 2672; x_wconf 84' lang='grc' dir='ltr'>ὃς</span> <span class='ocrx_word' id='word_1_482' title='bbox 3619 2608 3748 2661; x_wconf 88' lang='grc' dir='ltr'>ἀπο-</span> 
     </span>
    </p>
   </div>
   <div class='ocr_carea' id='block_1_68' title="bbox 2170 2691 3150 2766">
    <p class='ocr_par' dir='ltr' id='par_1_68' title="bbox 2170 2691 3150 2766">
     <span class='ocr_line' id='line_1_68' title="bbox 2170 2691 3150 2766; baseline 0.004 -22"><span class='ocrx_word' id='word_1_483' title='bbox 2170 2691 2363 2763; x_wconf 86' lang='grc' dir='ltr'>τρέφει</span> <span class='ocrx_word' id='word_1_484' title='bbox 2385 2691 2532 2762; x_wconf 77' lang='grc' dir='ltr'>ἡμᾶς</span> <span class='ocrx_word' id='word_1_485' title='bbox 2557 2694 2638 2756; x_wconf 85' lang='grc' dir='ltr'>εἰς</span> <span class='ocrx_word' id='word_1_486' title='bbox 2669 2692 2813 2764; x_wconf 82' lang='grc' dir='ltr'>ζωὴν</span> <span class='ocrx_word' id='word_1_487' title='bbox 2847 2694 3150 2766; x_wconf 83' lang='grc' dir='ltr'>ἀμήρυτον.</span> 
     </span>
    </p>
   </div>
   <div class='ocr_carea' id='block_1_69' title="bbox 2252 2783 3750 2858">
    <p class='ocr_par' dir='ltr' id='par_1_69' title="bbox 2252 2783 3750 2858">
     <span class='ocr_line' id='line_1_69' title="bbox 2252 2783 3750 2858; baseline -0.001 -20"><span class='ocrx_word' id='word_1_488' title='bbox 2252 2785 2310 2838; x_wconf 89' lang='lat'><strong>&#39;0</strong></span> <span class='ocrx_word' id='word_1_489' title='bbox 2335 2783 2445 2856; x_wconf 83' lang='grc' dir='ltr'>γὰρ</span> <span class='ocrx_word' id='word_1_490' title='bbox 2469 2783 2531 2837; x_wconf 87' lang='grc' dir='ltr'><strong>τὸ</strong></span> <span class='ocrx_word' id='word_1_491' title='bbox 2557 2783 2696 2839; x_wconf 71' lang='grc' dir='ltr'>θεῖον</span> <span class='ocrx_word' id='word_1_492' title='bbox 2723 2785 2898 2858; x_wconf 86' lang='grc' dir='ltr'>μάννα</span> <span class='ocrx_word' id='word_1_493' title='bbox 2927 2785 3304 2856; x_wconf 83' lang='grc' dir='ltr'>κατεδηδοκὼς</span> <span class='ocrx_word' id='word_1_494' title='bbox 3329 2786 3574 2858; x_wconf 87' lang='grc' dir='ltr'>ἀμείνων</span> <span class='ocrx_word' id='word_1_495' title='bbox 3605 2785 3750 2838; x_wconf 77' lang='grc' dir='ltr'>ἐσται</span> 
     </span>
    </p>
   </div>
   <div class='ocr_carea' id='block_1_70' title="bbox 2171 2874 3752 2946">
    <p class='ocr_par' dir='ltr' id='par_1_70' title="bbox 2171 2874 3752 2946">
     <span class='ocr_line' id='line_1_70' title="bbox 2171 2874 3752 2946; baseline 0 -16"><span class='ocrx_word' id='word_1_496' title='bbox 2171 2874 2377 2946; x_wconf 77' lang='grc' dir='ltr'>φθορᾶς</span> <span class='ocrx_word' id='word_1_497' title='bbox 2400 2875 2494 2928; x_wconf 77' lang='grc' dir='ltr'><strong>καὶ</strong></span> <span class='ocrx_word' id='word_1_498' title='bbox 2519 2874 2871 2946; x_wconf 83' lang='grc' dir='ltr'>ύπεραλεῖται</span> <span class='ocrx_word' id='word_1_499' title='bbox 2894 2877 3146 2931; x_wconf 79' lang='grc' dir='ltr'>θανάτου.</span> <span class='ocrx_word' id='word_1_500' title='bbox 3170 2876 3542 2942; x_wconf 73' lang='grc' dir='ltr'>Συλλέξεται</span> <span class='ocrx_word' id='word_1_501' title='bbox 3566 2877 3645 2942; x_wconf 84' lang='grc' dir='ltr'>δὲ,</span> <span class='ocrx_word' id='word_1_502' title='bbox 3663 2892 3752 2946; x_wconf 80' lang='grc' dir='ltr'>φη-</span> 
     </span>
    </p>
   </div>
   <div class='ocr_carea' id='block_1_71' title="bbox 2171 2961 3750 3036">
    <p class='ocr_par' dir='ltr' id='par_1_71' title="bbox 2171 2961 3750 3036">
     <span class='ocr_line' id='line_1_71' title="bbox 2171 2961 3750 3036; baseline 0 -18"><span class='ocrx_word' id='word_1_503' title='bbox 2171 2967 2246 3029; x_wconf 74' lang='grc' dir='ltr'><strong>σὶ,</strong></span> <span class='ocrx_word' id='word_1_504' title='bbox 2269 2965 2394 3032; x_wconf 85' lang='grc' dir='ltr'>τοῖς</span> <span class='ocrx_word' id='word_1_505' title='bbox 2421 2965 2780 3034; x_wconf 73' lang='grc' dir='ltr'>συσκήνοις,</span> <span class='ocrx_word' id='word_1_506' title='bbox 2809 2965 2908 3022; x_wconf 80' lang='grc' dir='ltr'><strong>καί</strong></span> <span class='ocrx_word' id='word_1_507' title='bbox 2928 2969 3000 3021; x_wconf 86' lang='grc' dir='ltr'>οὐ</span> <span class='ocrx_word' id='word_1_508' title='bbox 3024 2968 3417 3036; x_wconf 67' lang='grc' dir='ltr'>καταλείψετε</span> <span class='ocrx_word' id='word_1_509' title='bbox 3438 2967 3543 3023; x_wconf 79' lang='grc' dir='ltr'>ἀπ’</span> <span class='ocrx_word' id='word_1_510' title='bbox 3573 2961 3750 3021; x_wconf 82' lang='grc' dir='ltr'>αὐτοῦ</span> 
     </span>
    </p>
   </div>
   <div class='ocr_carea' id='block_1_72' title="bbox 2168 3055 3750 3130">
    <p class='ocr_par' dir='ltr' id='par_1_72' title="bbox 2168 3055 3750 3130">
     <span class='ocr_line' id='line_1_72' title="bbox 2168 3055 3750 3130; baseline -0.001 -21"><span class='ocrx_word' id='word_1_511' title='bbox 2168 3059 2254 3122; x_wconf 81' lang='grc' dir='ltr'>εὶς</span> <span class='ocrx_word' id='word_1_512' title='bbox 2275 3055 2342 3110; x_wconf 84' lang='grc' dir='ltr'>τὸ</span> <span class='ocrx_word' id='word_1_513' title='bbox 2364 3059 2530 3126; x_wconf 80' lang='grc' dir='ltr'>πρωΐ.</span> <span class='ocrx_word' id='word_1_514' title='bbox 2554 3057 2676 3130; x_wconf 82' lang='grc' dir='ltr'>Χρὴ</span> <span class='ocrx_word' id='word_1_515' title='bbox 2697 3059 2806 3130; x_wconf 82' lang='grc' dir='ltr'>γὰρ</span> <span class='ocrx_word' id='word_1_516' title='bbox 2837 3056 2974 3128; x_wconf 83' lang='grc' dir='ltr'>ὁμοῦ</span> <span class='ocrx_word' id='word_1_517' title='bbox 3016 3061 3128 3122; x_wconf 81' lang='grc' dir='ltr'>τοῖς</span> <span class='ocrx_word' id='word_1_518' title='bbox 3149 3057 3487 3130; x_wconf 81' lang='grc' dir='ltr'>δμοπίστοις,</span> <span class='ocrx_word' id='word_1_519' title='bbox 3521 3060 3634 3122; x_wconf 85' lang='grc' dir='ltr'>τοῖς</span> <span class='ocrx_word' id='word_1_520' title='bbox 3659 3056 3750 3128; x_wconf 79' lang='grc' dir='ltr'><strong>τὴν</strong></span> 
     </span>
    </p>
   </div>
   <div class='ocr_carea' id='block_1_73' title="bbox 2169 3145 3752 3220">
    <p class='ocr_par' dir='ltr' id='par_1_73' title="bbox 2169 3145 3752 3220">
     <span class='ocr_line' id='line_1_73' title="bbox 2169 3145 3752 3220; baseline -0.001 -20"><span class='ocrx_word' id='word_1_521' title='bbox 2169 3146 2379 3201; x_wconf 81' lang='grc' dir='ltr'>οἰκοῦσι</span> <span class='ocrx_word' id='word_1_522' title='bbox 2423 3147 2649 3219; x_wconf 83' lang='grc' dir='ltr'>σκηνὴν,</span> <span class='ocrx_word' id='word_1_523' title='bbox 2706 3148 2804 3220; x_wconf 83' lang='grc' dir='ltr'>τὴν</span> <span class='ocrx_word' id='word_1_524' title='bbox 2861 3148 3207 3220; x_wconf 85' lang='grc' dir='ltr'>Ἐκκλησίαν,</span> <span class='ocrx_word' id='word_1_525' title='bbox 3256 3148 3363 3202; x_wconf 86' lang='grc' dir='ltr'>τῶν</span> <span class='ocrx_word' id='word_1_526' title='bbox 3406 3147 3571 3203; x_wconf 84' lang='grc' dir='ltr'>θείων</span> <span class='ocrx_word' id='word_1_527' title='bbox 3605 3145 3752 3219; x_wconf 78' lang='grc' dir='ltr'>ἡμῶν</span> 
     </span>
    </p>
   </div>
   <div class='ocr_carea' id='block_1_74' title="bbox 2172 3237 3757 3314">
    <p class='ocr_par' dir='ltr' id='par_1_74' title="bbox 2172 3237 3757 3314">
     <span class='ocr_line' id='line_1_74' title="bbox 2172 3237 3757 3314; baseline -0.003 -19"><span class='ocrx_word' id='word_1_528' title='bbox 2172 3239 2533 3312; x_wconf 76' lang='grc' dir='ltr'>ἐμφορεῖσθαι</span> <span class='ocrx_word' id='word_1_529' title='bbox 2581 3241 2778 3310; x_wconf 82' lang='grc' dir='ltr'>λόγων,</span> <span class='ocrx_word' id='word_1_530' title='bbox 2824 3242 2917 3294; x_wconf 76' lang='grc' dir='ltr'><strong>καὶ</strong></span> <span class='ocrx_word' id='word_1_531' title='bbox 2959 3242 3032 3312; x_wconf 84' lang='grc' dir='ltr'>μὴ</span> <span class='ocrx_word' id='word_1_532' title='bbox 3081 3243 3266 3314; x_wconf 79' lang='grc' dir='ltr'>τηρεῖν</span> <span class='ocrx_word' id='word_1_533' title='bbox 3297 3242 3396 3314; x_wconf 78' lang='grc' dir='ltr'><strong>τὴν</strong></span> <span class='ocrx_word' id='word_1_534' title='bbox 3435 3241 3599 3296; x_wconf 80' lang='grc' dir='ltr'>σκιὰν</span> <span class='ocrx_word' id='word_1_535' title='bbox 3627 3237 3757 3312; x_wconf 83' lang='grc' dir='ltr'><strong>μετὰ</strong></span> 
     </span>
    </p>
   </div>
   <div class='ocr_carea' id='block_1_75' title="bbox 2175 3318 3760 3405">
    <p class='ocr_par' dir='ltr' id='par_1_75' title="bbox 2175 3318 3760 3405">
     <span class='ocr_line' id='line_1_75' title="bbox 2175 3318 3760 3405; baseline 0.001 -21"><span class='ocrx_word' id='word_1_536' title='bbox 2175 3331 2272 3402; x_wconf 84' lang='grc' dir='ltr'><strong>τὴν</strong></span> <span class='ocrx_word' id='word_1_537' title='bbox 2297 3333 2394 3404; x_wconf 84' lang='grc' dir='ltr'>τῆς</span> <span class='ocrx_word' id='word_1_538' title='bbox 2418 3332 2674 3403; x_wconf 82' lang='grc' dir='ltr'>ἀληθείας</span> <span class='ocrx_word' id='word_1_539' title='bbox 2694 3318 3056 3404; x_wconf 71' lang='grc' dir='ltr'>ἔνδειξιν(8θ’).</span> <span class='ocrx_word' id='word_1_540' title='bbox 3079 3334 3308 3399; x_wconf 73' lang='grc' dir='ltr'>Οἴτη-ες</span> <span class='ocrx_word' id='word_1_541' title='bbox 3329 3334 3677 3405; x_wconf 52' lang='grc' dir='ltr'>γὰρςφησὶν,</span> <span class='ocrx_word' id='word_1_542' title='bbox 3693 3331 3760 3385; x_wconf 64' lang='grc' dir='ltr'><strong>ἐν</strong></span> 
     </span>
    </p>
   </div>
   <div class='ocr_carea' id='block_1_76' title="bbox 2173 3422 3757 3495">
    <p class='ocr_par' dir='ltr' id='par_1_76' title="bbox 2173 3422 3757 3495">
     <span class='ocr_line' id='line_1_76' title="bbox 2173 3422 3757 3495; baseline -0.001 -19"><span class='ocrx_word' id='word_1_543' title='bbox 2173 3422 2334 3492; x_wconf 72' lang='grc' dir='ltr'><strong>νόμῳ</strong></span> <span class='ocrx_word' id='word_1_544' title='bbox 2359 3422 2704 3479; x_wconf 80' lang='grc' dir='ltr'>δικαιοῦσθε</span> <span class='ocrx_word' id='word_1_545' title='bbox 2723 3465 2737 3492; x_wconf 93' lang='grc'><strong>,</strong></span> <span class='ocrx_word' id='word_1_546' title='bbox 2785 3424 2896 3494; x_wconf 82' lang='grc' dir='ltr'>τῆς</span> <span class='ocrx_word' id='word_1_547' title='bbox 2938 3425 3180 3494; x_wconf 81' lang='grc' dir='ltr'>χάριτος</span> <span class='ocrx_word' id='word_1_548' title='bbox 3232 3424 3574 3489; x_wconf 80' lang='grc' dir='ltr'>ἐξεπέσετε.</span> <span class='ocrx_word' id='word_1_549' title='bbox 3619 3423 3757 3495; x_wconf 82' lang='grc' dir='ltr'><strong>Πλὴν</strong></span> 
     </span>
    </p>
   </div>
   <div class='ocr_carea' id='block_1_77' title="bbox 2172 3513 3758 3589">
    <p class='ocr_par' dir='ltr' id='par_1_77' title="bbox 2172 3513 3758 3589">
     <span class='ocr_line' id='line_1_77' title="bbox 2172 3513 3758 3589; baseline -0.001 -21"><span class='ocrx_word' id='word_1_550' title='bbox 2172 3515 2466 3586; x_wconf 79' lang='grc' dir='ltr'>ἀφιγμένοι</span> <span class='ocrx_word' id='word_1_551' title='bbox 2489 3515 2576 3569; x_wconf 74' lang='grc' dir='ltr'>διὰ</span> <span class='ocrx_word' id='word_1_552' title='bbox 2603 3517 2703 3587; x_wconf 86' lang='grc' dir='ltr'>τῆς</span> <span class='ocrx_word' id='word_1_553' title='bbox 2740 3516 2975 3580; x_wconf 83' lang='grc' dir='ltr'>πίστεως</span> <span class='ocrx_word' id='word_1_554' title='bbox 3007 3517 3086 3581; x_wconf 78' lang='grc' dir='ltr'><strong>εἰς</strong></span> <span class='ocrx_word' id='word_1_555' title='bbox 3115 3517 3206 3570; x_wconf 82' lang='grc' dir='ltr'><strong>τὸν</strong></span> <span class='ocrx_word' id='word_1_556' title='bbox 3250 3518 3308 3571; x_wconf 80' lang='grc' dir='ltr'><strong>ὲν</strong></span> <span class='ocrx_word' id='word_1_557' title='bbox 3351 3517 3576 3589; x_wconf 85' lang='grc' dir='ltr'>Χριστῷ</span> <span class='ocrx_word' id='word_1_558' title='bbox 3615 3513 3758 3571; x_wconf 84' lang='grc' dir='ltr'>νοού-</span> 
     </span>
    </p>
   </div>
   <div class='ocr_carea' id='block_1_78' title="bbox 2176 3603 3758 3677">
    <p class='ocr_par' dir='ltr' id='par_1_78' title="bbox 2176 3603 3758 3677">
     <span class='ocr_line' id='line_1_78' title="bbox 2176 3603 3758 3677; baseline 0.003 -21"><span class='ocrx_word' id='word_1_559' title='bbox 2176 3621 2338 3673; x_wconf 87' lang='grc' dir='ltr'>μενον</span> <span class='ocrx_word' id='word_1_560' title='bbox 2369 3603 2759 3676; x_wconf 78' lang='grc' dir='ltr'>σαεὸατισμὸν,</span> <span class='ocrx_word' id='word_1_561' title='bbox 2792 3606 3067 3659; x_wconf 80' lang='grc' dir='ltr'>τουτέστιν</span> <span class='ocrx_word' id='word_1_562' title='bbox 3101 3607 3180 3669; x_wconf 85' lang='grc' dir='ltr'><strong>είς</strong></span> <span class='ocrx_word' id='word_1_563' title='bbox 3217 3605 3416 3677; x_wconf 84' lang='grc' dir='ltr'>ἀργίαν</span> <span class='ocrx_word' id='word_1_564' title='bbox 3458 3607 3558 3661; x_wconf 78' lang='grc' dir='ltr'><strong>καὶ</strong></span> <span class='ocrx_word' id='word_1_565' title='bbox 3599 3605 3758 3661; x_wconf 80' lang='grc' dir='ltr'>κατά-</span> 
     </span>
    </p>
   </div>
   <div class='ocr_carea' id='block_1_79' title="bbox 2172 3694 3758 3770">
    <p class='ocr_par' dir='ltr' id='par_1_79' title="bbox 2172 3694 3758 3770">
     <span class='ocr_line' id='line_1_79' title="bbox 2172 3694 3758 3770; baseline 0.003 -23"><span class='ocrx_word' id='word_1_566' title='bbox 2172 3694 2324 3767; x_wconf 82' lang='grc' dir='ltr'>ληξιν</span> <span class='ocrx_word' id='word_1_567' title='bbox 2345 3695 2443 3766; x_wconf 83' lang='grc' dir='ltr'>τὴν</span> <span class='ocrx_word' id='word_1_568' title='bbox 2476 3695 2535 3762; x_wconf 76' lang='grc' dir='ltr'><strong>ἐξ</strong></span> <span class='ocrx_word' id='word_1_569' title='bbox 2563 3696 2836 3769; x_wconf 80' lang='grc' dir='ltr'>ἁμαρτίας</span> <span class='ocrx_word' id='word_1_570' title='bbox 2858 3738 2874 3762; x_wconf 98' lang='grc'><strong>,</strong></span> <span class='ocrx_word' id='word_1_571' title='bbox 2908 3698 3005 3768; x_wconf 85' lang='grc' dir='ltr'>οὐχ</span> <span class='ocrx_word' id='word_1_572' title='bbox 3045 3697 3120 3762; x_wconf 83' lang='grc' dir='ltr'>ὡς</span> <span class='ocrx_word' id='word_1_573' title='bbox 3162 3698 3435 3770; x_wconf 81' lang='grc' dir='ltr'>ἄχρηστον</span> <span class='ocrx_word' id='word_1_574' title='bbox 3467 3696 3758 3770; x_wconf 73' lang='grc' dir='ltr'>παραιτού-</span> 
     </span>
    </p>
   </div>
   <div class='ocr_carea' id='block_1_80' title="bbox 2175 3787 3758 3861">
    <p class='ocr_par' dir='ltr' id='par_1_80' title="bbox 2175 3787 3758 3861">
     <span class='ocr_line' id='line_1_80' title="bbox 2175 3787 3758 3861; baseline 0.003 -21"><span class='ocrx_word' id='word_1_575' title='bbox 2175 3787 2314 3858; x_wconf 88' lang='grc' dir='ltr'>μεθα</span> <span class='ocrx_word' id='word_1_576' title='bbox 2340 3788 2438 3860; x_wconf 82' lang='grc' dir='ltr'>τὴν</span> <span class='ocrx_word' id='word_1_577' title='bbox 2463 3788 2905 3861; x_wconf 85' lang='grc' dir='ltr'>προσωρευθείαν</span> <span class='ocrx_word' id='word_1_578' title='bbox 2955 3790 3068 3860; x_wconf 88' lang='grc'>(87)</span> <span class='ocrx_word' id='word_1_579' title='bbox 3120 3789 3214 3844; x_wconf 89' lang='grc' dir='ltr'><strong>τοῦ</strong></span> <span class='ocrx_word' id='word_1_580' title='bbox 3250 3791 3415 3861; x_wconf 88' lang='grc' dir='ltr'>νόμου</span> <span class='ocrx_word' id='word_1_581' title='bbox 3455 3792 3758 3852; x_wconf 81' lang='grc' dir='ltr'>παίδευσιν,</span> 
     </span>
    </p>
   </div>
   <div class='ocr_carea' id='block_1_81' title="bbox 2169 3879 3756 3954">
    <p class='ocr_par' dir='ltr' id='par_1_81' title="bbox 2169 3879 3756 3954">
     <span class='ocr_line' id='line_1_81' title="bbox 2169 3879 3756 3954; baseline 0 -22"><span class='ocrx_word' id='word_1_582' title='bbox 2169 3879 2616 3953; x_wconf 87' lang='grc' dir='ltr'>χειραγωγοῦσαν</span> <span class='ocrx_word' id='word_1_583' title='bbox 2657 3883 2807 3952; x_wconf 79' lang='grc' dir='ltr'>ἡμᾶς</span> <span class='ocrx_word' id='word_1_584' title='bbox 2850 3883 2930 3946; x_wconf 84' lang='grc' dir='ltr'>εἰς</span> <span class='ocrx_word' id='word_1_585' title='bbox 2975 3881 3231 3954; x_wconf 79' lang='grc' dir='ltr'>Χριστόν.</span> <span class='ocrx_word' id='word_1_586' title='bbox 3277 3881 3756 3954; x_wconf 85' lang='grc' dir='ltr'>Περιτυγχάνομεν</span> 
     </span>
    </p>
   </div>
   <div class='ocr_carea' id='block_1_82' title="bbox 2169 3972 3759 4046">
    <p class='ocr_par' dir='ltr' id='par_1_82' title="bbox 2169 3972 3759 4046">
     <span class='ocr_line' id='line_1_82' title="bbox 2169 3972 3759 4046; baseline 0.001 -18"><span class='ocrx_word' id='word_1_587' title='bbox 2169 3974 2279 4046; x_wconf 82' lang='grc' dir='ltr'>γὰρ</span> <span class='ocrx_word' id='word_1_588' title='bbox 2309 3977 2430 4037; x_wconf 86' lang='grc' dir='ltr'>ταῖς</span> <span class='ocrx_word' id='word_1_589' title='bbox 2451 3973 2539 4029; x_wconf 77' lang='grc' dir='ltr'>διὰ</span> <span class='ocrx_word' id='word_1_590' title='bbox 2562 3974 2805 4038; x_wconf 79' lang='grc' dir='ltr'>Μωσέως</span> <span class='ocrx_word' id='word_1_591' title='bbox 2833 3975 3013 4037; x_wconf 88' lang='grc' dir='ltr'>σκιαῖς</span> <span class='ocrx_word' id='word_1_592' title='bbox 3031 4014 3046 4038; x_wconf 95' lang='grc'><strong>,</strong></span> <span class='ocrx_word' id='word_1_593' title='bbox 3080 3973 3166 4027; x_wconf 77' lang='grc' dir='ltr'>ἵνα</span> <span class='ocrx_word' id='word_1_594' title='bbox 3207 3974 3305 4045; x_wconf 77' lang='grc' dir='ltr'>τὴν</span> <span class='ocrx_word' id='word_1_595' title='bbox 3342 3975 3400 4027; x_wconf 79' lang='grc' dir='ltr'><strong>ὲν</strong></span> <span class='ocrx_word' id='word_1_596' title='bbox 3445 3975 3643 4038; x_wconf 78' lang='grc' dir='ltr'>αὑταῖς</span> <span class='ocrx_word' id='word_1_597' title='bbox 3667 3972 3759 4043; x_wconf 74' lang='grc' dir='ltr'><strong>ζη-</strong></span> 
     </span>
    </p>
   </div>
   <div class='ocr_carea' id='block_1_83' title="bbox 2167 4064 3760 4136">
    <p class='ocr_par' dir='ltr' id='par_1_83' title="bbox 2167 4064 3760 4136">
     <span class='ocr_line' id='line_1_83' title="bbox 2167 4064 3760 4136; baseline 0.001 -19"><span class='ocrx_word' id='word_1_598' title='bbox 2167 4064 2350 4136; x_wconf 86' lang='grc' dir='ltr'>τῶμεν</span> <span class='ocrx_word' id='word_1_599' title='bbox 2376 4064 2650 4136; x_wconf 82' lang='grc' dir='ltr'>ἀλήθειαν,</span> <span class='ocrx_word' id='word_1_600' title='bbox 2677 4065 2855 4120; x_wconf 82' lang='grc' dir='ltr'>καινὰ</span> <span class='ocrx_word' id='word_1_601' title='bbox 2873 4067 2969 4119; x_wconf 79' lang='grc' dir='ltr'>καὶ</span> <span class='ocrx_word' id='word_1_602' title='bbox 2993 4065 3219 4120; x_wconf 66' lang='grc' dir='ltr'>παλαιὰ</span> <span class='ocrx_word' id='word_1_603' title='bbox 3237 4066 3307 4119; x_wconf 85' lang='grc' dir='ltr'>ἐκ</span> <span class='ocrx_word' id='word_1_604' title='bbox 3328 4067 3644 4136; x_wconf 81' lang='grc' dir='ltr'>θησαυροῦ</span> <span class='ocrx_word' id='word_1_605' title='bbox 3665 4065 3760 4118; x_wconf 80' lang='grc' dir='ltr'><strong>ἐκ·</strong></span> 
     </span>
    </p>
   </div>
   <div class='ocr_carea' id='block_1_84' title="bbox 2169 4154 3759 4228">
    <p class='ocr_par' dir='ltr' id='par_1_84' title="bbox 2169 4154 3759 4228">
     <span class='ocr_line' id='line_1_84' title="bbox 2169 4154 3759 4228; baseline 0 -20"><span class='ocrx_word' id='word_1_606' title='bbox 2169 4155 2516 4223; x_wconf 67' lang='grc' dir='ltr'>ϐάλλοντες.</span> <span class='ocrx_word' id='word_1_607' title='bbox 2548 4155 2612 4209; x_wconf 77' lang='lat' dir='ltr'><strong>Ei</strong></span> <span class='ocrx_word' id='word_1_608' title='bbox 2644 4155 2701 4209; x_wconf 83' lang='grc' dir='ltr'><strong>δὲ</strong></span> <span class='ocrx_word' id='word_1_609' title='bbox 2734 4154 2948 4226; x_wconf 85' lang='grc' dir='ltr'>βούλει,</span> <span class='ocrx_word' id='word_1_610' title='bbox 2981 4156 3124 4228; x_wconf 75' lang='grc' dir='ltr'>ἅπερ</span> <span class='ocrx_word' id='word_1_611' title='bbox 3159 4156 3391 4210; x_wconf 79' lang='grc' dir='ltr'>ἐνταῦθα</span> <span class='ocrx_word' id='word_1_612' title='bbox 3428 4155 3759 4226; x_wconf 82' lang='grc' dir='ltr'>συλλέξομεν</span> 
     </span>
    </p>
   </div>
   <div class='ocr_carea' id='block_1_85' title="bbox 2168 4244 3758 4318">
    <p class='ocr_par' dir='ltr' id='par_1_85' title="bbox 2168 4244 3758 4318">
     <span class='ocr_line' id='line_1_85' title="bbox 2168 4244 3758 4318; baseline 0 -20"><span class='ocrx_word' id='word_1_613' title='bbox 2168 4247 2226 4299; x_wconf 77' lang='grc' dir='ltr'><strong>ὲν</strong></span> <span class='ocrx_word' id='word_1_614' title='bbox 2250 4249 2593 4318; x_wconf 82' lang='grc' dir='ltr'>παρασκευῇ,</span> <span class='ocrx_word' id='word_1_615' title='bbox 2620 4245 2794 4299; x_wconf 83' lang='grc' dir='ltr'>ταῦτα</span> <span class='ocrx_word' id='word_1_616' title='bbox 2833 4247 3010 4302; x_wconf 82' lang='grc' dir='ltr'>ἐκεῖσε</span> <span class='ocrx_word' id='word_1_617' title='bbox 3048 4244 3473 4310; x_wconf 78' lang='grc' dir='ltr'>σαϐϐατίσαντες</span> <span class='ocrx_word' id='word_1_618' title='bbox 3525 4247 3758 4318; x_wconf 76' lang='grc' dir='ltr'>εὑρήσο-</span> 
     </span>
    </p>
   </div>
   <div class='ocr_carea' id='block_1_86' title="bbox 2170 4338 2834 4410">
    <p class='ocr_par' dir='ltr' id='par_1_86' title="bbox 2170 4338 2834 4410">
     <span class='ocr_line' id='line_1_86' title="bbox 2170 4338 2834 4410; baseline 0.003 -20"><span class='ocrx_word' id='word_1_619' title='bbox 2170 4355 2270 4407; x_wconf 86' lang='grc' dir='ltr'><strong>μεν</strong></span> <span class='ocrx_word' id='word_1_620' title='bbox 2303 4339 2399 4392; x_wconf 71' lang='grc' dir='ltr'>καὶ</span> <span class='ocrx_word' id='word_1_621' title='bbox 2425 4339 2670 4410; x_wconf 88' lang='grc' dir='ltr'>τραφησό</span> <span class='ocrx_word' id='word_1_622' title='bbox 2679 4338 2834 4409; x_wconf 87' lang='grc' dir='ltr'>μεθα.</span> 
     </span>
    </p>
   </div>
   <div class='ocr_carea' id='block_1_87' title="bbox 2241 4425 3759 4500">
    <p class='ocr_par' dir='ltr' id='par_1_87' title="bbox 2241 4425 3759 4500">
     <span class='ocr_line' id='line_1_87' title="bbox 2241 4425 3759 4500; baseline -0.002 -17"><span class='ocrx_word' id='word_1_623' title='bbox 2241 4427 2377 4500; x_wconf 76' lang='grc'><strong>(87⁴)</strong></span> <span class='ocrx_word' id='word_1_624' title='bbox 2417 4429 2592 4483; x_wconf 89' lang='grc' dir='ltr'>Πάλαι</span> <span class='ocrx_word' id='word_1_625' title='bbox 2622 4429 2720 4500; x_wconf 75' lang='grc' dir='ltr'>μὲν</span> <span class='ocrx_word' id='word_1_626' title='bbox 2752 4425 2844 4484; x_wconf 77' lang='grc' dir='ltr'><strong>οῦν</strong></span> <span class='ocrx_word' id='word_1_627' title='bbox 2873 4429 3056 4497; x_wconf 70' lang='grc' dir='ltr'>ἄρτον</span> <span class='ocrx_word' id='word_1_628' title='bbox 3075 4428 3173 4484; x_wconf 80' lang='grc' dir='ltr'>ἀπ’</span> <span class='ocrx_word' id='word_1_629' title='bbox 3191 4429 3451 4498; x_wconf 82' lang='grc' dir='ltr'>οὐρανοῦ</span> <span class='ocrx_word' id='word_1_630' title='bbox 3472 4428 3707 4483; x_wconf 76' lang='grc' dir='ltr'>ἔδωκεν</span> <span class='ocrx_word' id='word_1_631' title='bbox 3727 4428 3759 4480; x_wconf 84' lang='grc' dir='ltr'><strong><em>ό</em></strong></span> 
     </span>
    </p>
   </div>
   <div class='ocr_carea' id='block_1_88' title="bbox 2169 4518 3758 4589">
    <p class='ocr_par' dir='ltr' id='par_1_88' title="bbox 2169 4518 3758 4589">
     <span class='ocr_line' id='line_1_88' title="bbox 2169 4518 3758 4589; baseline -0.001 -15"><span class='ocrx_word' id='word_1_632' title='bbox 2169 4520 2312 4587; x_wconf 84' lang='grc' dir='ltr'>Θεὸς</span> <span class='ocrx_word' id='word_1_633' title='bbox 2356 4521 2436 4587; x_wconf 86' lang='grc' dir='ltr'>τῷ</span> <span class='ocrx_word' id='word_1_634' title='bbox 2464 4519 2593 4586; x_wconf 76' lang='grc' dir='ltr'>λαῷ</span> <span class='ocrx_word' id='word_1_635' title='bbox 2639 4521 2824 4576; x_wconf 85' lang='grc' dir='ltr'>αὑτοῦ</span> <span class='ocrx_word' id='word_1_636' title='bbox 2846 4562 2860 4586; x_wconf 94' lang='grc'><strong>,</strong></span> <span class='ocrx_word' id='word_1_637' title='bbox 2901 4519 3283 4586; x_wconf 77' lang='grc' dir='ltr'>ἀκοπιάστως</span> <span class='ocrx_word' id='word_1_638' title='bbox 3336 4523 3488 4589; x_wconf 76' lang='grc' dir='ltr'>πρὸς</span> <span class='ocrx_word' id='word_1_639' title='bbox 3543 4518 3758 4576; x_wconf 81' lang='grc' dir='ltr'>πᾶσαν</span> 
     </span>
    </p>
   </div>
   <div class='ocr_carea' id='block_1_89' title="bbox 475 4610 2063 4692">
    <p class='ocr_par' dir='ltr' id='par_1_89' title="bbox 475 4614 2051 4692">
     <span class='ocr_line' id='line_1_89' title="bbox 475 4614 2051 4692; baseline -0.012 -8"><span class='ocrx_word' id='word_1_640' title='bbox 475 4628 790 4686; x_wconf 83' lang='lat' dir='ltr'><strong>temvalebat</strong></span> <span class='ocrx_word' id='word_1_641' title='bbox 825 4642 842 4678; x_wconf 92' lang='lat'><strong><em>:</em></strong></span> <span class='ocrx_word' id='word_1_642' title='bbox 892 4625 958 4678; x_wconf 79' lang='lat' dir='ltr'><strong>ad</strong></span> <span class='ocrx_word' id='word_1_643' title='bbox 991 4622 1129 4692; x_wconf 83' lang='lat' dir='ltr'><strong>quod</strong></span> <span class='ocrx_word' id='word_1_644' title='bbox 1162 4618 1303 4673; x_wconf 86' lang='lat' dir='ltr'><strong>enim</strong></span> <span class='ocrx_word' id='word_1_645' title='bbox 1355 4615 1475 4684; x_wconf 82' lang='lat' dir='ltr'><strong>quis</strong></span> <span class='ocrx_word' id='word_1_646' title='bbox 1505 4614 1682 4678; x_wconf 76' lang='lat' dir='ltr'><strong>vellet,</strong></span> <span class='ocrx_word' id='word_1_647' title='bbox 1730 4624 2051 4683; x_wconf 77' lang='lat' dir='ltr'><strong>attempera-</strong></span> 
     </span>
    </p>
   </div>
   <div class='ocr_carea' id='block_1_90' title="bbox 2171 4610 3757 4692">
    <p class='ocr_par' dir='ltr' id='par_1_90' title="bbox 2171 4610 3757 4683">
     <span class='ocr_line' id='line_1_90' title="bbox 2171 4610 3757 4683; baseline -0.001 -18"><span class='ocrx_word' id='word_1_648' title='bbox 2171 4612 2395 4681; x_wconf 73' lang='grc' dir='ltr'><strong>ἡδονὴν</strong></span> <span class='ocrx_word' id='word_1_649' title='bbox 2424 4614 2714 4682; x_wconf 70' lang='grc' dir='ltr'>ἰσχύοντα</span> <span class='ocrx_word' id='word_1_650' title='bbox 2734 4630 2748 4644; x_wconf 77' lang='grc' dir='ltr'><strong>ο</strong></span> <span class='ocrx_word' id='word_1_651' title='bbox 2776 4613 2924 4681; x_wconf 78' lang='grc' dir='ltr'>πρὸς</span> <span class='ocrx_word' id='word_1_652' title='bbox 2953 4611 2984 4665; x_wconf 84' lang='grc' dir='ltr'><em>ὃ</em></span> <span class='ocrx_word' id='word_1_653' title='bbox 3019 4610 3128 4683; x_wconf 75' lang='grc' dir='ltr'><strong>γάρ</strong></span> <span class='ocrx_word' id='word_1_654' title='bbox 3157 4630 3246 4678; x_wconf 86' lang='grc' dir='ltr'><strong>τις</strong></span> <span class='ocrx_word' id='word_1_655' title='bbox 3273 4613 3558 4668; x_wconf 74' lang='grc' dir='ltr'>ἐϐούλετο</span> <span class='ocrx_word' id='word_1_656' title='bbox 3575 4627 3757 4683; x_wconf 78' lang='grc' dir='ltr'>μετει-</span> 
     </span>
    </p>
   </div>
   <div class='ocr_carea' id='block_1_91' title="bbox 476 4705 2054 4777">
    <p class='ocr_par' dir='ltr' id='par_1_91' title="bbox 476 4705 2054 4777">
     <span class='ocr_line' id='line_1_91' title="bbox 476 4705 2054 4777; baseline -0.014 1"><span class='ocrx_word' id='word_1_657' title='bbox 476 4727 631 4777; x_wconf 84' lang='lat' dir='ltr'><strong>batur</strong></span> <span class='ocrx_word' id='word_1_658' title='bbox 651 4722 692 4773; x_wconf 89' lang='grc'><strong>⁷.</strong></span> <span class='ocrx_word' id='word_1_659' title='bbox 717 4719 923 4774; x_wconf 88' lang='lat' dir='ltr'><strong>Eadem</strong></span> <span class='ocrx_word' id='word_1_660' title='bbox 944 4724 1029 4770; x_wconf 89' lang='lat' dir='ltr'><strong>est</strong></span> <span class='ocrx_word' id='word_1_661' title='bbox 1056 4710 1208 4766; x_wconf 89' lang='lat' dir='ltr'><strong>verbi</strong></span> <span class='ocrx_word' id='word_1_662' title='bbox 1250 4710 1488 4763; x_wconf 87' lang='lat' dir='ltr'><strong>animam</strong></span> <span class='ocrx_word' id='word_1_663' title='bbox 1519 4705 1810 4760; x_wconf 84' lang='lat' dir='ltr'><strong>nutrientis</strong></span> <span class='ocrx_word' id='word_1_664' title='bbox 1833 4712 2054 4768; x_wconf 87' lang='lat' dir='ltr'><strong>natura,</strong></span> 
     </span>
    </p>
   </div>
   <div class='ocr_carea' id='block_1_92' title="bbox 476 4794 2052 4887">
    <p class='ocr_par' dir='ltr' id='par_1_92' title="bbox 476 4794 2052 4887">
     <span class='ocr_line' id='line_1_92' title="bbox 476 4794 2052 4887; baseline -0.016 -15"><span class='ocrx_word' id='word_1_665' title='bbox 476 4825 655 4887; x_wconf 88' lang='lat' dir='ltr'><strong>aptata</strong></span> <span class='ocrx_word' id='word_1_666' title='bbox 691 4814 758 4866; x_wconf 88' lang='lat' dir='ltr'><strong>ad</strong></span> <span class='ocrx_word' id='word_1_667' title='bbox 792 4809 1104 4865; x_wconf 83' lang='lat' dir='ltr'><strong>facultatem</strong></span> <span class='ocrx_word' id='word_1_668' title='bbox 1136 4803 1258 4872; x_wconf 88' lang='lat' dir='ltr'><strong>ejus</strong></span> <span class='ocrx_word' id='word_1_669' title='bbox 1288 4799 1382 4871; x_wconf 89' lang='lat' dir='ltr'><strong>qui</strong></span> <span class='ocrx_word' id='word_1_670' title='bbox 1408 4798 1668 4853; x_wconf 86' lang='lat' dir='ltr'><strong>nutritur.</strong></span> <span class='ocrx_word' id='word_1_671' title='bbox 1700 4794 1758 4852; x_wconf 90' lang='lat' dir='ltr'><strong>Si</strong></span> <span class='ocrx_word' id='word_1_672' title='bbox 1793 4795 2052 4850; x_wconf 82' lang='lat' dir='ltr'><strong>infantem</strong></span> 
     </span>
    </p>
   </div>
   <div class='ocr_carea' id='block_1_93' title="bbox 476 4887 2052 4971">
    <p class='ocr_par' dir='ltr' id='par_1_93' title="bbox 476 4887 2052 4971">
     <span class='ocr_line' id='line_1_93' title="bbox 476 4887 2052 4971; baseline -0.017 -4"><span class='ocrx_word' id='word_1_673' title='bbox 476 4913 566 4967; x_wconf 79' lang='lat' dir='ltr'><strong>lex</strong></span> <span class='ocrx_word' id='word_1_674' title='bbox 595 4909 819 4971; x_wconf 87' lang='lat' dir='ltr'><strong>nutriat,</strong></span> <span class='ocrx_word' id='word_1_675' title='bbox 855 4906 913 4959; x_wconf 84' lang='lat' dir='ltr'><strong>[it</strong></span> <span class='ocrx_word' id='word_1_676' title='bbox 941 4903 1062 4965; x_wconf 85' lang='lat' dir='ltr'><strong>lac;</strong></span> <span class='ocrx_word' id='word_1_677' title='bbox 1105 4898 1152 4952; x_wconf 88' lang='lat' dir='ltr'><strong>si</strong></span> <span class='ocrx_word' id='word_1_678' title='bbox 1186 4897 1535 4964; x_wconf 76' lang='lat' dir='ltr'><strong>languentem</strong></span> <span class='ocrx_word' id='word_1_679' title='bbox 1587 4891 1847 4954; x_wconf 90' lang='lat' dir='ltr'><strong>animam,</strong></span> <span class='ocrx_word' id='word_1_680' title='bbox 1880 4887 2052 4952; x_wconf 83' lang='lat' dir='ltr'><strong>olus;</strong></span> 
     </span>
    </p>
   </div>
   <div class='ocr_carea' id='block_1_94' title="bbox 475 4978 2055 5070">
    <p class='ocr_par' dir='ltr' id='par_1_94' title="bbox 475 4978 2055 5070">
     <span class='ocr_line' id='line_1_94' title="bbox 475 4978 2055 5070; baseline -0.018 -11"><span class='ocrx_word' id='word_1_681' title='bbox 475 5005 519 5060; x_wconf 86' lang='lat' dir='ltr'><strong>si</strong></span> <span class='ocrx_word' id='word_1_682' title='bbox 552 5003 726 5058; x_wconf 85' lang='lat' dir='ltr'><strong>virum</strong></span> <span class='ocrx_word' id='word_1_683' title='bbox 765 4999 1094 5070; x_wconf 81' lang='lat' dir='ltr'><strong>perfectum,</strong></span> <span class='ocrx_word' id='word_1_684' title='bbox 1130 4993 1332 5047; x_wconf 86' lang='lat' dir='ltr'><strong>solidus</strong></span> <span class='ocrx_word' id='word_1_685' title='bbox 1357 4990 1532 5046; x_wconf 86' lang='lat' dir='ltr'><strong>cibus.</strong></span> <span class='ocrx_word' id='word_1_686' title='bbox 1561 4985 1677 5039; x_wconf 82' lang='lat' dir='ltr'><strong>Non</strong></span> <span class='ocrx_word' id='word_1_687' title='bbox 1711 4994 1890 5036; x_wconf 82' lang='lat' dir='ltr'><strong>tatnen</strong></span> <span class='ocrx_word' id='word_1_688' title='bbox 1923 4978 2055 5032; x_wconf 72' lang='lat' dir='ltr'><strong>resi-</strong></span> 
     </span>
    </p>
   </div>
   <div class='ocr_carea' id='block_1_95' title="bbox 475 5081 2055 5152">
    <p class='ocr_par' dir='ltr' id='par_1_95' title="bbox 475 5081 2055 5152">
     <span class='ocr_line' id='line_1_95' title="bbox 475 5081 2055 5152; baseline -0.018 -1"><span class='ocrx_word' id='word_1_689' title='bbox 475 5097 728 5152; x_wconf 87' lang='lat' dir='ltr'><strong>dentibus</strong></span> <span class='ocrx_word' id='word_1_690' title='bbox 755 5092 910 5148; x_wconf 88' lang='lat' dir='ltr'><strong>nobis</strong></span> <span class='ocrx_word' id='word_1_691' title='bbox 941 5089 1091 5144; x_wconf 86' lang='lat' dir='ltr'><strong>venit</strong></span> <span class='ocrx_word' id='word_1_692' title='bbox 1121 5099 1337 5146; x_wconf 86' lang='lat' dir='ltr'><strong>manna,</strong></span> <span class='ocrx_word' id='word_1_693' title='bbox 1371 5081 1462 5136; x_wconf 86' lang='lat' dir='ltr'><strong>sed</strong></span> <span class='ocrx_word' id='word_1_694' title='bbox 1498 5090 1657 5136; x_wconf 79' lang='lat' dir='ltr'><strong>extra</strong></span> <span class='ocrx_word' id='word_1_695' title='bbox 1705 5085 1885 5133; x_wconf 86' lang='lat' dir='ltr'><strong>castra</strong></span> <span class='ocrx_word' id='word_1_696' title='bbox 1925 5086 2055 5126; x_wconf 89' lang='lat' dir='ltr'><strong>con-</strong></span> 
     </span>
    </p>
   </div>
   <div class='ocr_carea' id='block_1_96' title="bbox 478 5165 2056 5251">
    <p class='ocr_par' dir='ltr' id='par_1_96' title="bbox 478 5165 2056 5251">
     <span class='ocr_line' id='line_1_96' title="bbox 478 5165 2056 5251; baseline -0.016 -9"><span class='ocrx_word' id='word_1_697' title='bbox 478 5187 863 5250; x_wconf 80' lang='lat' dir='ltr'><strong>tendentibus;</strong></span> <span class='ocrx_word' id='word_1_698' title='bbox 914 5195 1110 5251; x_wconf 87' lang='lat' dir='ltr'><strong>corpus</strong></span> <span class='ocrx_word' id='word_1_699' title='bbox 1176 5176 1451 5240; x_wconf 86' lang='lat' dir='ltr'><strong>videlicet,</strong></span> <span class='ocrx_word' id='word_1_700' title='bbox 1508 5174 1562 5228; x_wconf 90' lang='lat' dir='ltr'><strong>in</strong></span> <span class='ocrx_word' id='word_1_701' title='bbox 1611 5184 1717 5239; x_wconf 89' lang='lat' dir='ltr'><strong>quo</strong></span> <span class='ocrx_word' id='word_1_702' title='bbox 1784 5165 2056 5223; x_wconf 91' lang='lat' dir='ltr'><strong>clauditur</strong></span> 
     </span>
    </p>
   </div>
   <div class='ocr_carea' id='block_1_97' title="bbox 475 5259 2050 5350">
    <p class='ocr_par' dir='ltr' id='par_1_97' title="bbox 475 5259 2050 5350">
     <span class='ocr_line' id='line_1_97' title="bbox 475 5259 2050 5350; baseline -0.018 -12"><span class='ocrx_word' id='word_1_703' title='bbox 475 5283 653 5338; x_wconf 86' lang='lat' dir='ltr'><strong>anima</strong></span> <span class='ocrx_word' id='word_1_704' title='bbox 680 5294 934 5350; x_wconf 87' lang='lat' dir='ltr'><strong>tanquam</strong></span> <span class='ocrx_word' id='word_1_705' title='bbox 968 5279 1017 5330; x_wconf 92' lang='lat' dir='ltr'><strong>in</strong></span> <span class='ocrx_word' id='word_1_706' title='bbox 1049 5288 1291 5329; x_wconf 89' lang='lat' dir='ltr'><strong>carcere.</strong></span> <span class='ocrx_word' id='word_1_707' title='bbox 1349 5268 1575 5338; x_wconf 88' lang='lat' dir='ltr'><strong>Oportet</strong></span> <span class='ocrx_word' id='word_1_708' title='bbox 1620 5265 1767 5318; x_wconf 86' lang='lat' dir='ltr'><strong>enim</strong></span> <span class='ocrx_word' id='word_1_709' title='bbox 1813 5259 2050 5314; x_wconf 85' lang='lat' dir='ltr'><strong>animam</strong></span> 
     </span>
    </p>
   </div>
   <div class='ocr_carea' id='block_1_98' title="bbox 475 5353 2053 5441">
    <p class='ocr_par' dir='ltr' id='par_1_98' title="bbox 475 5353 2053 5441">
     <span class='ocr_line' id='line_1_98' title="bbox 475 5353 2053 5441; baseline -0.015 -14"><span class='ocrx_word' id='word_1_710' title='bbox 475 5389 580 5428; x_wconf 89' lang='lat' dir='ltr'><strong>non</strong></span> <span class='ocrx_word' id='word_1_711' title='bbox 616 5373 844 5441; x_wconf 87' lang='lat' dir='ltr'><strong>amplius</strong></span> <span class='ocrx_word' id='word_1_712' title='bbox 878 5371 932 5424; x_wconf 93' lang='lat' dir='ltr'><strong>in</strong></span> <span class='ocrx_word' id='word_1_713' title='bbox 961 5383 1128 5425; x_wconf 89' lang='lat' dir='ltr'><strong>carne</strong></span> <span class='ocrx_word' id='word_1_714' title='bbox 1158 5381 1302 5430; x_wconf 88' lang='lat' dir='ltr'><strong>esse,</strong></span> <span class='ocrx_word' id='word_1_715' title='bbox 1339 5362 1431 5416; x_wconf 89' lang='lat' dir='ltr'><strong>sed</strong></span> <span class='ocrx_word' id='word_1_716' title='bbox 1464 5361 1516 5413; x_wconf 93' lang='lat' dir='ltr'><strong>in</strong></span> <span class='ocrx_word' id='word_1_717' title='bbox 1545 5357 1762 5428; x_wconf 86' lang='lat' dir='ltr'><strong>spiritu.</strong></span> <span class='ocrx_word' id='word_1_718' title='bbox 1791 5353 1864 5407; x_wconf 80' lang='lat' dir='ltr'><strong>At</strong></span> <span class='ocrx_word' id='word_1_719' title='bbox 1893 5363 2053 5405; x_wconf 86' lang='lat' dir='ltr'><strong>nemo</strong></span> 
     </span>
    </p>
   </div>
   <div class='ocr_carea' id='block_1_99' title="bbox 473 5447 2050 5541">
    <p class='ocr_par' dir='ltr' id='par_1_99' title="bbox 473 5447 2050 5541">
     <span class='ocr_line' id='line_1_99' title="bbox 473 5447 2050 5541; baseline -0.016 -23"><span class='ocrx_word' id='word_1_720' title='bbox 473 5465 565 5535; x_wconf 83' lang='lat' dir='ltr'><strong>qui</strong></span> <span class='ocrx_word' id='word_1_721' title='bbox 595 5472 771 5532; x_wconf 80' lang='lat' dir='ltr'><strong>portat</strong></span> <span class='ocrx_word' id='word_1_722' title='bbox 811 5463 1090 5532; x_wconf 85' lang='lat' dir='ltr'><strong>imaginem</strong></span> <span class='ocrx_word' id='word_1_723' title='bbox 1121 5458 1319 5514; x_wconf 75' lang='lat' dir='ltr'><strong>terreni</strong></span> <span class='ocrx_word' id='word_1_724' title='bbox 1342 5456 1384 5520; x_wconf 82' lang='grc'>⁸,</span> <span class='ocrx_word' id='word_1_725' title='bbox 1420 5461 1599 5522; x_wconf 82' lang='lat' dir='ltr'><strong>poteSt</strong></span> <span class='ocrx_word' id='word_1_726' title='bbox 1631 5447 1917 5504; x_wconf 62' lang='lat' dir='ltr'><strong>caelestem</strong></span> <span class='ocrx_word' id='word_1_727' title='bbox 1949 5455 2050 5541; x_wconf 48' lang='lat' dir='ltr'><strong>pa:-</strong></span> 
     </span>
    </p>
   </div>
   <div class='ocr_carea' id='block_1_100' title="bbox 477 5541 2048 5609">
    <p class='ocr_par' dir='ltr' id='par_1_100' title="bbox 477 5541 2048 5609">
     <span class='ocr_line' id='line_1_100' title="bbox 477 5541 2048 5609; baseline -0.016 -1"><span class='ocrx_word' id='word_1_728' title='bbox 477 5571 596 5609; x_wconf 85' lang='lat' dir='ltr'><strong>nem</strong></span> <span class='ocrx_word' id='word_1_729' title='bbox 641 5554 968 5606; x_wconf 82' lang='lat' dir='ltr'><strong>manducare</strong></span> <span class='ocrx_word' id='word_1_730' title='bbox 1007 5570 1021 5604; x_wconf 89' lang='lat'>:</span> <span class='ocrx_word' id='word_1_731' title='bbox 1058 5548 1319 5604; x_wconf 73' lang='lat' dir='ltr'><strong>Animalia</strong></span> <span class='ocrx_word' id='word_1_732' title='bbox 1370 5547 1509 5600; x_wconf 85' lang='lat' dir='ltr'><strong>enim</strong></span> <span class='ocrx_word' id='word_1_733' title='bbox 1551 5543 1705 5595; x_wconf 80' lang='lat' dir='ltr'><strong>homo</strong></span> <span class='ocrx_word' id='word_1_734' title='bbox 1761 5552 1866 5591; x_wconf 83' lang='lat' dir='ltr'><strong>non</strong></span> <span class='ocrx_word' id='word_1_735' title='bbox 1911 5541 2048 5601; x_wconf 75' lang='lat' dir='ltr'><strong>capit</strong></span> 
     </span>
    </p>
   </div>
   <div class='ocr_carea' id='block_1_101' title="bbox 545 5656 1615 5730">
    <p class='ocr_par' dir='ltr' id='par_1_101' title="bbox 545 5656 1615 5730">
     <span class='ocr_line' id='line_1_101' title="bbox 545 5656 1615 5730; baseline -0.011 -10"><span class='ocrx_word' id='word_1_736' title='bbox 545 5668 564 5699; x_wconf 85' lang='grc'>³</span> <span class='ocrx_word' id='word_1_737' title='bbox 587 5668 628 5720; x_wconf 90' lang='lat' dir='ltr'><strong>ll</strong></span> <span class='ocrx_word' id='word_1_738' title='bbox 661 5667 785 5720; x_wconf 72' lang='lat' dir='ltr'><strong>Cor.</strong></span> <span class='ocrx_word' id='word_1_739' title='bbox 816 5681 896 5730; x_wconf 91' lang='grc' dir='ltr'>ιιι,</span> <span class='ocrx_word' id='word_1_740' title='bbox 938 5664 989 5718; x_wconf 83' lang='grc'><strong>6.</strong></span> <span class='ocrx_word' id='word_1_741' title='bbox 1031 5663 1052 5693; x_wconf 76' lang='grc'><strong>⁸</strong></span> <span class='ocrx_word' id='word_1_742' title='bbox 1084 5663 1251 5717; x_wconf 77' lang='lat' dir='ltr'><strong>Exod.</strong></span> <span class='ocrx_word' id='word_1_743' title='bbox 1286 5656 1615 5725; x_wconf 75' lang='lat' dir='ltr'><strong>xvr,18,19.</strong></span> 
     </span>
    </p>
   </div>
   <div class='ocr_carea' id='block_1_102' title="bbox 549 5783 1778 5852">
    <p class='ocr_par' dir='ltr' id='par_1_102' title="bbox 549 5783 1778 5852">
     <span class='ocr_line' id='line_1_102' title="bbox 549 5783 1778 5852; baseline -0.002 -13"><span class='ocrx_word' id='word_1_744' title='bbox 549 5787 661 5849; x_wconf 61' lang='lat'><strong>£84)</strong></span> <span class='ocrx_word' id='word_1_745' title='bbox 695 5785 759 5839; x_wconf 77' lang='lat' dir='ltr'><strong>Id</strong></span> <span class='ocrx_word' id='word_1_746' title='bbox 791 5792 886 5847; x_wconf 83' lang='lat' dir='ltr'><strong>est,</strong></span> <span class='ocrx_word' id='word_1_747' title='bbox 921 5783 1339 5852; x_wconf 55' lang='lat' dir='ltr'><strong>praeparatione.</strong></span> <span class='ocrx_word' id='word_1_748' title='bbox 1474 5847 1498 5852; x_wconf 87' lang='lat'>_</span> <span class='ocrx_word' id='word_1_749' title='bbox 1626 5843 1638 5852; x_wconf 90' lang='lat'>_</span> <span class='ocrx_word' id='word_1_750' title='bbox 1670 5845 1682 5852; x_wconf 91' lang='lat'>_</span> <span class='ocrx_word' id='word_1_751' title='bbox 1753 5840 1778 5852; x_wconf 48' lang='grc' dir='ltr'><em>η</em></span> 
     </span>
    </p>
   </div>
   <div class='ocr_carea' id='block_1_103' title="bbox 544 5843 1842 5930">
    <p class='ocr_par' dir='ltr' id='par_1_103' title="bbox 544 5843 1842 5930">
     <span class='ocr_line' id='line_1_103' title="bbox 544 5843 1842 5930; baseline -0.016 -17"><span class='ocrx_word' id='word_1_752' title='bbox 686 5843 935 5930; x_wconf 43' lang='lat' dir='ltr'><strong>Lacuna,&quot;</strong></span> <span class='ocrx_word' id='word_1_753' title='bbox 956 5843 1120 5930; x_wconf 60' lang='lat' dir='ltr'><strong>Fui-te</strong></span> <span class='ocrx_word' id='word_1_754' title='bbox 1142 5853 1292 5908; x_wconf 90' lang='lat' dir='ltr'><strong>deest</strong></span> <span class='ocrx_word' id='word_1_755' title='bbox 1326 5847 1524 5920; x_wconf 80' lang='grc' dir='ltr'>Ἰησοῦ,</span> <span class='ocrx_word' id='word_1_756' title='bbox 1555 5843 1641 5902; x_wconf 92' lang='lat' dir='ltr'><strong>vel</strong></span> <span class='ocrx_word' id='word_1_757' title='bbox 1660 5843 1842 5913; x_wconf 72' lang='grc' dir='ltr'>ἡμῶν.</span> 
     </span>
    </p>
   </div>
   <div class='ocr_carea' id='block_1_104' title="bbox 541 5921 1089 6003">
    <p class='ocr_par' dir='ltr' id='par_1_104' title="bbox 541 5921 1089 6003">
     <span class='ocr_line' id='line_1_104' title="bbox 541 5921 1089 6003; baseline -0.015 -21"><span class='ocrx_word' id='word_1_758' title='bbox 541 5921 654 6003; x_wconf 72' lang='grc'><strong>(86)</strong></span> <span class='ocrx_word' id='word_1_759' title='bbox 681 5928 773 5982; x_wconf 71' lang='lat' dir='ltr'><strong>Vel</strong></span> <span class='ocrx_word' id='word_1_760' title='bbox 803 5921 1089 5984; x_wconf 71' lang='grc' dir='ltr'>ἀνάδειξιν.</span> 
     </span>
    </p>
   </div>
   <div class='ocr_carea' id='block_1_105' title="bbox 2163 4706 3760 4788">
    <p class='ocr_par' dir='ltr' id='par_1_105' title="bbox 2163 4706 3760 4788">
     <span class='ocr_line' id='line_1_105' title="bbox 2163 4706 3760 4788; baseline -0.001 -27"><span class='ocrx_word' id='word_1_761' title='bbox 2163 4708 2425 4776; x_wconf 76' lang='grc' dir='ltr'>κρίνατο.</span> <span class='ocrx_word' id='word_1_762' title='bbox 2458 4709 2695 4780; x_wconf 82' lang='grc' dir='ltr'>Τοιαύτη</span> <span class='ocrx_word' id='word_1_763' title='bbox 2729 4709 2785 4761; x_wconf 82' lang='grc' dir='ltr'>δὲ</span> <span class='ocrx_word' id='word_1_764' title='bbox 2811 4711 2844 4781; x_wconf 85' lang='grc' dir='ltr'>ή</span> <span class='ocrx_word' id='word_1_765' title='bbox 2875 4708 2966 4762; x_wconf 86' lang='grc' dir='ltr'><strong>τοῦ</strong></span> <span class='ocrx_word' id='word_1_766' title='bbox 3001 4708 3293 4782; x_wconf 77' lang='grc' dir='ltr'>τρέφοντος</span> <span class='ocrx_word' id='word_1_767' title='bbox 3331 4709 3430 4780; x_wconf 80' lang='grc' dir='ltr'>τὴν</span> <span class='ocrx_word' id='word_1_768' title='bbox 3467 4708 3655 4788; x_wconf 74' lang='grc' dir='ltr'>ψυχὴν</span> <span class='ocrx_word' id='word_1_769' title='bbox 3679 4706 3760 4760; x_wconf 76' lang='grc' dir='ltr'><strong>λόο</strong></span> 
     </span>
    </p>
   </div>
   <div class='ocr_carea' id='block_1_106' title="bbox 2161 4801 3756 4875">
    <p class='ocr_par' dir='ltr' id='par_1_106' title="bbox 2161 4801 3756 4875">
     <span class='ocr_line' id='line_1_106' title="bbox 2161 4801 3756 4875; baseline 0.001 -20"><span class='ocrx_word' id='word_1_770' title='bbox 2161 4820 2261 4872; x_wconf 91' lang='grc' dir='ltr'><strong>γου</strong></span> <span class='ocrx_word' id='word_1_771' title='bbox 2295 4803 2476 4873; x_wconf 81' lang='grc' dir='ltr'>φύσις,</span> <span class='ocrx_word' id='word_1_772' title='bbox 2509 4804 2645 4875; x_wconf 77' lang='grc' dir='ltr'>πρὸς</span> <span class='ocrx_word' id='word_1_773' title='bbox 2670 4802 2770 4874; x_wconf 81' lang='grc' dir='ltr'>τὴν</span> <span class='ocrx_word' id='word_1_774' title='bbox 2806 4802 3033 4873; x_wconf 86' lang='grc' dir='ltr'>δύναμιν</span> <span class='ocrx_word' id='word_1_775' title='bbox 3062 4801 3157 4855; x_wconf 88' lang='grc' dir='ltr'><strong>τοῦ</strong></span> <span class='ocrx_word' id='word_1_776' title='bbox 3199 4801 3539 4874; x_wconf 78' lang='grc' dir='ltr'>τρεφομένου</span> <span class='ocrx_word' id='word_1_777' title='bbox 3583 4820 3756 4874; x_wconf 83' lang='grc' dir='ltr'>μετα-</span> 
     </span>
    </p>
   </div>
   <div class='ocr_carea' id='block_1_107' title="bbox 2161 4894 3751 4966">
    <p class='ocr_par' dir='ltr' id='par_1_107' title="bbox 2161 4894 3751 4966">
     <span class='ocr_line' id='line_1_107' title="bbox 2161 4894 3751 4966; baseline 0 -19"><span class='ocrx_word' id='word_1_778' title='bbox 2161 4894 2447 4948; x_wconf 78' lang='grc' dir='ltr'>ϐάλλουσα.</span> <span class='ocrx_word' id='word_1_779' title='bbox 2494 4895 2618 4948; x_wconf 80' lang='grc' dir='ltr'><strong>Ἐὰν</strong></span> <span class='ocrx_word' id='word_1_780' title='bbox 2641 4896 2832 4965; x_wconf 81' lang='grc' dir='ltr'>νήπιον</span> <span class='ocrx_word' id='word_1_781' title='bbox 2867 4894 3040 4966; x_wconf 79' lang='grc' dir='ltr'>τρέφῃ</span> <span class='ocrx_word' id='word_1_782' title='bbox 3068 4895 3096 4946; x_wconf 82' lang='grc' dir='ltr'>ὁ</span> <span class='ocrx_word' id='word_1_783' title='bbox 3121 4894 3305 4963; x_wconf 88' lang='grc' dir='ltr'>νόμος,</span> <span class='ocrx_word' id='word_1_784' title='bbox 3333 4895 3476 4963; x_wconf 84' lang='grc' dir='ltr'>γάλα</span> <span class='ocrx_word' id='word_1_785' title='bbox 3497 4894 3718 4963; x_wconf 87' lang='grc' dir='ltr'>γίνεται</span> <span class='ocrx_word' id='word_1_786' title='bbox 3739 4910 3751 4924; x_wconf 79' lang='grc'><em>’</em></span> 
     </span>
    </p>
   </div>
   <div class='ocr_carea' id='block_1_108' title="bbox 2161 4985 3760 5059">
    <p class='ocr_par' dir='ltr' id='par_1_108' title="bbox 2161 4985 3760 5059">
     <span class='ocr_line' id='line_1_108' title="bbox 2161 4985 3760 5059; baseline 0 -21"><span class='ocrx_word' id='word_1_787' title='bbox 2161 4985 2256 5039; x_wconf 82' lang='grc' dir='ltr'><strong>ἐὰν</strong></span> <span class='ocrx_word' id='word_1_788' title='bbox 2289 4987 2467 5059; x_wconf 71' lang='grc' dir='ltr'>ψυχὴν</span> <span class='ocrx_word' id='word_1_789' title='bbox 2504 4985 2866 5047; x_wconf 80' lang='grc' dir='ltr'>ἀσθενοῦσαν,</span> <span class='ocrx_word' id='word_1_790' title='bbox 2915 4985 3144 5057; x_wconf 86' lang='grc' dir='ltr'>λάχανον</span> <span class='ocrx_word' id='word_1_791' title='bbox 3166 5004 3179 5017; x_wconf 76' lang='grc' dir='ltr'><strong>ο</strong></span> <span class='ocrx_word' id='word_1_792' title='bbox 3215 4986 3311 5039; x_wconf 76' lang='grc' dir='ltr'><strong>ἐὰν</strong></span> <span class='ocrx_word' id='word_1_793' title='bbox 3358 4987 3598 5049; x_wconf 87' lang='grc' dir='ltr'>τέλειον,</span> <span class='ocrx_word' id='word_1_794' title='bbox 3633 5003 3760 5040; x_wconf 79' lang='grc' dir='ltr'>στε-</span> 
     </span>
    </p>
   </div>
   <div class='ocr_carea' id='block_1_109' title="bbox 2167 5071 3758 5148">
    <p class='ocr_par' dir='ltr' id='par_1_109' title="bbox 2167 5071 3758 5148">
     <span class='ocr_line' id='line_1_109' title="bbox 2167 5071 3758 5148; baseline -0.003 -19"><span class='ocrx_word' id='word_1_795' title='bbox 2167 5075 2265 5148; x_wconf 84' lang='grc' dir='ltr'>ρεὰ</span> <span class='ocrx_word' id='word_1_796' title='bbox 2315 5078 2507 5148; x_wconf 88' lang='grc' dir='ltr'>τροφή.</span> <span class='ocrx_word' id='word_1_797' title='bbox 2565 5076 2639 5129; x_wconf 77' lang='grc' dir='ltr'><strong>Οὐ</strong></span> <span class='ocrx_word' id='word_1_798' title='bbox 2705 5073 3087 5144; x_wconf 76' lang='grc' dir='ltr'>καθεζομένοις</span> <span class='ocrx_word' id='word_1_799' title='bbox 3139 5072 3196 5126; x_wconf 80' lang='grc' dir='ltr'><strong>δὲ</strong></span> <span class='ocrx_word' id='word_1_800' title='bbox 3243 5075 3375 5144; x_wconf 74' lang='grc' dir='ltr'>ἡμῖν</span> <span class='ocrx_word' id='word_1_801' title='bbox 3431 5073 3660 5144; x_wconf 79' lang='grc' dir='ltr'>ἔρχεται</span> <span class='ocrx_word' id='word_1_802' title='bbox 3694 5071 3758 5125; x_wconf 81' lang='grc' dir='ltr'><strong>τὸ</strong></span> 
     </span>
    </p>
   </div>
   <div class='ocr_carea' id='block_1_110' title="bbox 2167 5163 3758 5242">
    <p class='ocr_par' dir='ltr' id='par_1_110' title="bbox 2167 5163 3758 5242">
     <span class='ocr_line' id='line_1_110' title="bbox 2167 5163 3758 5242; baseline -0.003 -21"><span class='ocrx_word' id='word_1_803' title='bbox 2167 5168 2361 5232; x_wconf 84' lang='grc' dir='ltr'>μάννα,</span> <span class='ocrx_word' id='word_1_804' title='bbox 2395 5167 2511 5220; x_wconf 82' lang='grc' dir='ltr'>ἀλλ’</span> <span class='ocrx_word' id='word_1_805' title='bbox 2546 5166 2863 5238; x_wconf 80' lang='grc' dir='ltr'>ἐρχομένοις</span> <span class='ocrx_word' id='word_1_806' title='bbox 2912 5165 3015 5242; x_wconf 74' lang='grc' dir='ltr'>ἔξω</span> <span class='ocrx_word' id='word_1_807' title='bbox 3045 5167 3143 5237; x_wconf 84' lang='grc' dir='ltr'>τῆς</span> <span class='ocrx_word' id='word_1_808' title='bbox 3177 5165 3532 5237; x_wconf 70' lang='grc' dir='ltr'>παρεμϐολῆς</span> <span class='ocrx_word' id='word_1_809' title='bbox 3559 5181 3569 5193; x_wconf 88' lang='grc'><strong>·</strong></span> <span class='ocrx_word' id='word_1_810' title='bbox 3608 5163 3758 5234; x_wconf 84' lang='grc' dir='ltr'>λέγω</span> 
     </span>
    </p>
   </div>
   <div class='ocr_carea' id='block_1_111' title="bbox 2161 5247 3758 5328">
    <p class='ocr_par' dir='ltr' id='par_1_111' title="bbox 2161 5247 3758 5328">
     <span class='ocr_line' id='line_1_111' title="bbox 2161 5247 3758 5328; baseline -0.003 -17"><span class='ocrx_word' id='word_1_811' title='bbox 2161 5258 2226 5328; x_wconf 84' lang='grc' dir='ltr'>δὴ</span> <span class='ocrx_word' id='word_1_812' title='bbox 2277 5257 2369 5310; x_wconf 88' lang='grc' dir='ltr'><strong>τοῦ</strong></span> <span class='ocrx_word' id='word_1_813' title='bbox 2421 5257 2703 5328; x_wconf 86' lang='grc' dir='ltr'>σώματος,</span> <span class='ocrx_word' id='word_1_814' title='bbox 2739 5256 2796 5308; x_wconf 82' lang='grc' dir='ltr'>ὲν</span> <span class='ocrx_word' id='word_1_815' title='bbox 2828 5247 2873 5322; x_wconf 81' lang='grc' dir='ltr'>ᾧ</span> <span class='ocrx_word' id='word_1_816' title='bbox 2912 5257 3184 5326; x_wconf 82' lang='grc' dir='ltr'>ὲνεῖρκται</span> <span class='ocrx_word' id='word_1_817' title='bbox 3233 5255 3468 5326; x_wconf 72' lang='grc' dir='ltr'><strong>ἡψυχὴ.</strong></span> <span class='ocrx_word' id='word_1_818' title='bbox 3521 5257 3624 5306; x_wconf 89' lang='grc' dir='ltr'>Δεῖ</span> <span class='ocrx_word' id='word_1_819' title='bbox 3645 5255 3758 5327; x_wconf 79' lang='grc' dir='ltr'>γὰρ</span> 
     </span>
    </p>
   </div>
   <div class='ocr_carea' id='block_1_112' title="bbox 2158 5343 3754 5420">
    <p class='ocr_par' dir='ltr' id='par_1_112' title="bbox 2158 5343 3754 5420">
     <span class='ocr_line' id='line_1_112' title="bbox 2158 5343 3754 5420; baseline -0.003 -18"><span class='ocrx_word' id='word_1_820' title='bbox 2158 5349 2256 5420; x_wconf 81' lang='grc' dir='ltr'>τὴν</span> <span class='ocrx_word' id='word_1_821' title='bbox 2284 5349 2462 5420; x_wconf 73' lang='grc' dir='ltr'>ψυχὴν</span> <span class='ocrx_word' id='word_1_822' title='bbox 2498 5348 2691 5419; x_wconf 83' lang='grc' dir='ltr'>μηκέτ’</span> <span class='ocrx_word' id='word_1_823' title='bbox 2721 5343 2860 5401; x_wconf 76' lang='grc' dir='ltr'>εἶναι</span> <span class='ocrx_word' id='word_1_824' title='bbox 2892 5348 2950 5400; x_wconf 77' lang='grc' dir='ltr'>ἐν</span> <span class='ocrx_word' id='word_1_825' title='bbox 2983 5347 3148 5419; x_wconf 72' lang='grc' dir='ltr'>σαρκὶ</span> <span class='ocrx_word' id='word_1_826' title='bbox 3174 5387 3188 5409; x_wconf 94' lang='grc'><strong>,</strong></span> <span class='ocrx_word' id='word_1_827' title='bbox 3217 5346 3331 5400; x_wconf 84' lang='grc' dir='ltr'>ἀλλ’</span> <span class='ocrx_word' id='word_1_828' title='bbox 3358 5349 3417 5399; x_wconf 82' lang='grc' dir='ltr'><strong>ὲν</strong></span> <span class='ocrx_word' id='word_1_829' title='bbox 3443 5345 3754 5417; x_wconf 87' lang='grc' dir='ltr'>πνεύματι.</span> 
     </span>
    </p>
   </div>
   <div class='ocr_carea' id='block_1_113' title="bbox 2159 5435 3756 5506">
    <p class='ocr_par' dir='ltr' id='par_1_113' title="bbox 2159 5435 3756 5506">
     <span class='ocr_line' id='line_1_113' title="bbox 2159 5435 3756 5506; baseline -0.001 -16"><span class='ocrx_word' id='word_1_830' title='bbox 2159 5437 2348 5500; x_wconf 79' lang='grc' dir='ltr'>Οὐδεὶς</span> <span class='ocrx_word' id='word_1_831' title='bbox 2381 5437 2472 5502; x_wconf 84' lang='grc' dir='ltr'><strong>δὲ,</strong></span> <span class='ocrx_word' id='word_1_832' title='bbox 2508 5437 2706 5505; x_wconf 69' lang='grc' dir='ltr'>φορῶν</span> <span class='ocrx_word' id='word_1_833' title='bbox 2746 5435 2860 5504; x_wconf 81' lang='grc' dir='ltr'><strong>τὴν</strong></span> <span class='ocrx_word' id='word_1_834' title='bbox 2891 5438 3096 5491; x_wconf 71' lang='grc' dir='ltr'>εἰκόνα</span> <span class='ocrx_word' id='word_1_835' title='bbox 3129 5436 3234 5490; x_wconf 89' lang='grc' dir='ltr'><strong>τοῦ</strong></span> <span class='ocrx_word' id='word_1_836' title='bbox 3261 5437 3491 5506; x_wconf 78' lang='grc' dir='ltr'>χοϊκοῦ,</span> <span class='ocrx_word' id='word_1_837' title='bbox 3517 5435 3756 5490; x_wconf 83' lang='grc' dir='ltr'>δύναται</span> 
     </span>
    </p>
   </div>
   <div class='ocr_carea' id='block_1_114' title="bbox 2159 5527 3761 5600">
    <p class='ocr_par' dir='ltr' id='par_1_114' title="bbox 2159 5527 3761 5600">
     <span class='ocr_line' id='line_1_114' title="bbox 2159 5527 3761 5600; baseline -0.001 -17"><span class='ocrx_word' id='word_1_838' title='bbox 2159 5530 2322 5600; x_wconf 84' lang='grc' dir='ltr'>ἄρτον</span> <span class='ocrx_word' id='word_1_839' title='bbox 2372 5527 2622 5599; x_wconf 85' lang='grc' dir='ltr'>οὐράνιον</span> <span class='ocrx_word' id='word_1_840' title='bbox 2680 5532 2904 5598; x_wconf 86' lang='grc' dir='ltr'>φαγεῖν·</span> <span class='ocrx_word' id='word_1_841' title='bbox 2939 5528 3072 5581; x_wconf 85' lang='grc' dir='ltr'>διότι</span> <span class='ocrx_word' id='word_1_842' title='bbox 3119 5529 3381 5598; x_wconf 61' lang='grc' dir='ltr'>ψυχικὸς</span> <span class='ocrx_word' id='word_1_843' title='bbox 3431 5527 3761 5595; x_wconf 76' lang='grc' dir='ltr'>ἄνθρωπος</span> 
     </span>
    </p>
   </div>
   <div class='ocr_carea' id='block_1_115' title="bbox 1716 5633 2063 5713">
    <p class='ocr_par' dir='ltr' id='par_1_115' title="bbox 1716 5643 2060 5713">
     <span class='ocr_line' id='line_1_115' title="bbox 1716 5643 2060 5713; baseline -0.02 -10"><span class='ocrx_word' id='word_1_844' title='bbox 1716 5650 1740 5682; x_wconf 85' lang='grc'><strong><em>⁸</em></strong></span> <span class='ocrx_word' id='word_1_845' title='bbox 1765 5646 1888 5703; x_wconf 86' lang='lat' dir='ltr'><strong>Gal.</strong></span> <span class='ocrx_word' id='word_1_846' title='bbox 1927 5659 1981 5713; x_wconf 86' lang='lat' dir='ltr'><strong>v,</strong></span> <span class='ocrx_word' id='word_1_847' title='bbox 2008 5643 2060 5697; x_wconf 78' lang='grc'><strong>4.</strong></span> 
     </span>
    </p>
   </div>
   <div class='ocr_carea' id='block_1_116' title="bbox 2171 5633 3757 5713">
    <p class='ocr_par' dir='ltr' id='par_1_116' title="bbox 2171 5633 3757 5708">
     <span class='ocr_line' id='line_1_116' title="bbox 2171 5633 3757 5708; baseline -0.001 -14"><span class='ocrx_word' id='word_1_848' title='bbox 2171 5641 2348 5694; x_wconf 71' lang='lat' dir='ltr'><strong>Matth.</strong></span> <span class='ocrx_word' id='word_1_849' title='bbox 2382 5654 2500 5702; x_wconf 80' lang='lat' dir='ltr'><strong>xm,</strong></span> <span class='ocrx_word' id='word_1_850' title='bbox 2533 5637 2623 5692; x_wconf 76' lang='lat'><strong>52.</strong></span> <span class='ocrx_word' id='word_1_851' title='bbox 2663 5639 2682 5669; x_wconf 92' lang='lat'>&quot;</span> <span class='ocrx_word' id='word_1_852' title='bbox 2703 5638 2830 5708; x_wconf 89' lang='lat' dir='ltr'><strong>Sap.</strong></span> <span class='ocrx_word' id='word_1_853' title='bbox 2870 5652 2982 5701; x_wconf 79' lang='lat' dir='ltr'><strong>xvi,</strong></span> <span class='ocrx_word' id='word_1_854' title='bbox 3021 5637 3112 5705; x_wconf 71' lang='lat'><strong>20,</strong></span> <span class='ocrx_word' id='word_1_855' title='bbox 3144 5635 3238 5690; x_wconf 76' lang='grc'><strong>21.</strong></span> <span class='ocrx_word' id='word_1_856' title='bbox 3259 5634 3281 5666; x_wconf 80' lang='grc'>⁸</span> <span class='ocrx_word' id='word_1_857' title='bbox 3324 5635 3342 5690; x_wconf 97' lang='grc'><strong>1</strong></span> <span class='ocrx_word' id='word_1_858' title='bbox 3370 5633 3492 5692; x_wconf 87' lang='lat' dir='ltr'><strong>Cor.</strong></span> <span class='ocrx_word' id='word_1_859' title='bbox 3523 5649 3625 5698; x_wconf 78' lang='lat' dir='ltr'><strong>xv,</strong></span> <span class='ocrx_word' id='word_1_860' title='bbox 3658 5635 3757 5692; x_wconf 74' lang='grc'><strong>49.</strong></span> 
     </span>
    </p>
   </div>
   <div class='ocr_carea' id='block_1_117' title="bbox 2229 5757 3031 5831">
    <p class='ocr_par' dir='ltr' id='par_1_117' title="bbox 2229 5757 3031 5831">
     <span class='ocr_line' id='line_1_117' title="bbox 2229 5757 3031 5831; baseline -0.004 -18"><span class='ocrx_word' id='word_1_861' title='bbox 2229 5757 2342 5827; x_wconf 85' lang='grc'><strong>(87)</strong></span> <span class='ocrx_word' id='word_1_862' title='bbox 2372 5757 2506 5831; x_wconf 77' lang='lat' dir='ltr'><strong>Puto</strong></span> <span class='ocrx_word' id='word_1_863' title='bbox 2533 5757 3031 5831; x_wconf 80' lang='grc' dir='ltr'>προσωρευθεῖσαν.</span> 
     </span>
    </p>
   </div>
   <div class='ocr_carea' id='block_1_118' title="bbox 2212 5830 2560 5902">
    <p class='ocr_par' dir='ltr' id='par_1_118' title="bbox 2212 5830 2560 5902">
     <span class='ocr_line' id='line_1_118' title="bbox 2212 5830 2560 5902; baseline -0.006 -18"><span class='ocrx_word' id='word_1_864' title='bbox 2212 5831 2349 5902; x_wconf 84' lang='lat'><strong>(87&#39;)</strong></span> <span class='ocrx_word' id='word_1_865' title='bbox 2392 5830 2560 5898; x_wconf 74' lang='grc' dir='ltr'>Ὦριεί.</span> 
     </span>
    </p>
   </div>
  </div>
