4004 6512
246 356 404 452 ἰεδ

1496 387 1868 467 summa
1911 413 1977 468 IN
2012 415 2346 474 PSALMOS.

3473 437 3576 492 H6

299 486 377 586 οὑ
417 485 656 558 δέχεται
711 490 786 546 τὰ
827 495 937 550 τοῦ
992 498 1352 568 πνεύματος.
1409 501 1544 575 Περὶ
1575 501 1646 576 ἧς
1687 507 1843 578 τροφεῖ

2003 526 2121 581 qua:
2151 521 2276 565 sunt
2307 511 2526 582 spiritus
2559 517 2603 570 ’.
2639 515 2716 571 De
2753 530 2862 586 quo
2894 519 3017 576 cibo
3045 527 3100 576 et
3135 531 3189 577 tu
3219 525 3443 584 edoctus

299 580 390 692 in!
422 582 490 634 σὺ
518 583 805 692 ἐδιδάχθης
841 585 1113 659 εὔχεσθαι.
1165 591 1290 646 Ἐὰν
1311 590 1404 649 οὖν
1443 594 1553 648 τὸν
1577 594 1843 653 ἐπιούσιε

1997 580 2066 656 sti
2101 611 2160 656 ut
2195 580 2382 658 votum
2411 605 2664 663 haberes.
2705 580 2784 664 Sir
2809 612 2975 682 igitur
3021 580 3440 674 substantiola;
3475 580 3577 692 βίλ-

293 671 480 740 ἇρτον
503 712 518 738 ,
559 673 651 728 τὸν
683 675 758 748 μὴ
791 677 1138 749 ὲκχωροῦντα
1159 720 1174 745 ,
1207 677 1298 737 τὸν
1331 683 1405 756 μὴ
1434 685 1884 759 ἀποκρινόμενον,

293 762 384 821 τὸν
415 766 798 838 ἀναδιδόμενον
854 771 934 833 είς
983 769 1082 842 τὴν
1127 771 1316 827 οὐσίαν
1348 775 1447 846 τῆς
1498 775 1707 848 ψυχῆς,
1757 779 1884 833 ὅταν

291 857 647 930 διαλαμϐάνω
709 861 840 933 περὶ
885 861 1060 927 Θεοῦ,
1095 866 1223 938 περὶ
1270 867 1548 939 Χριστοῦ,
1607 870 1734 942 περὶ
1783 870 1884 943 τῆς

1996 711 2111 749 nem
2145 696 2212 760 '°,
2244 697 2334 766 qui
2385 713 2491 753 non
2543 703 2806 769 egeritur,
2843 704 2935 774 qui
2968 721 3073 760 non
3115 714 3444 780 secernitur,
3478 720 3571 769 sed

1991 787 2083 856 qui
2115 787 2315 842 crescit
2355 787 2409 842 in
2445 791 2741 846 essentiam
2775 795 2992 860 animae,
3027 801 3238 868 quoties
3263 803 3483 875 disputo
3506 808 3572 862 de

1995 877 2131 941 Deo,
2189 881 2256 935 de
2305 879 2547 947 Christo,
2594 883 2661 936 de
2704 883 2991 944 divinitate
3023 891 3163 960 ejus,
3207 896 3274 949 de
3328 893 3567 953 incolatu

290 949 550 1024 θεότητος
578 950 744 1005 αὑτοῦ
765 993 780 1017 ,
803 954 935 1024 περὶ
968 955 1068 1026 τῆς
1105 957 1163 1010 ἐν
1186 957 1512 1030 ἀνθρωπίνῳ
1547 959 1762 1034 σώματι
1791 981 1843 1019 xc

1953 988 1962 1048 ε
1992 965 2207 1023 illiusin
2227 968 2462 1022 humano
2479 984 2709 1036 corpore
2732 981 2790 1026 et
2817 974 2996 1030 anima
3027 949 3289 1047 ;'pnnem,
3322 981 3565 1051 inquam,

286 1043 432 1115 ψυχῇ
485 1043 652 1099 αὑτοῦ
695 1046 1052 1116 ἐνοικήσεως,
1096 1049 1260 1120 ἄρτον
1302 1051 1551 1120 ἀγγέλων
1603 1055 1796 1118 ἐσθίω,
1825 1074 1843 1110 ιι

1988 1061 2306 1132 angelorum
2354 1064 2643 1124 manduco.
2697 1081 2893 1134 nempe
2941 1083 3181 1125 manna:
3226 1075 3368 1144 quod
3408 1076 3564 1130 inve-

290 1138 500 1209 μάννα·
540 1139 678 1210 ὅπερ
735 1137 914 1210 εὑρὼν
965 1140 1062 1194 καὶ
1123 1141 1449 1214 θαυμάσας.
1500 1145 1843 1217 θαυμαστικᾶ

1986 1154 2146 1211 niens
2170 1165 2226 1210 et
2253 1156 2580 1224 admiratus,
2617 1160 3016 1216 admirabunde
3053 1163 3197 1229 dico,
3229 1137 3355 1221 itan
3388 1168 3570 1238 ?quid

284 1231 396 1304 ἐρῶ
415 1245 431 1261 ·
461 1230 600 1288 Μὰν
613 1247 635 1297 ;
660 1232 717 1286 τί
741 1231 876 1286 ἐστι
903 1232 1080 1287 τοῦτο
1099 1249 1117 1296 ;
1139 1235 1240 1288 καὶ
1272 1236 1592 1304 γενήσεται
1616 1239 1791 1295 τοῦτο
1816 1243 1882 1297 τὸ

281 1323 518 1394 φθέγμα
559 1322 641 1390 τῷ
677 1324 836 1393 ἄρτῳ
875 1324 1097 1395 ὄνομα·
1143 1325 1373 1394 εὔξασθε
1406 1328 1494 1383 ἵνα
1523 1332 1658 1402 ἡμῖν
1693 1334 1721 1386 ὁ
1749 1333 1884 1399 Θεὸς

280 1414 640 1486 ἐπισιτισμὸν
691 1415 988 1488 ἀποστείλῃ
1046 1418 1127 1482 είς
1166 1418 1520 1492 πλησμονήν·
1587 1422 1685 1492 οὑχ
1739 1422 1878 1478 ὥστε

275 1505 540 1574 γεύεσθαι
581 1507 778 1577 μόνον,
814 1507 954 1561 ἀλλά
986 1509 1082 1561 καὶ
1127 1509 1482 1583 πληρωθῆναι
1534 1511 1642 1566 τῶν
1704 1511 1878 1580 λόγων

273 1587 374 1669 τῆς
407 1598 593 1670 ζωῆς,
621 1600 716 1653 καὶ
763 1599 1247 1672 ίσχυροποιηθῆναι
1284 1603 1343 1655 ἐν
1383 1604 1594 1667 αὑτοῖς.
1643 1603 1791 1676 Πλὴν
1841 1605 1876 1677 ἡ

273 1692 672 1765 προηγουμένη
709 1693 884 1766 τροφὴ
910 1694 1049 1766 αὕτη
1076 1695 1243 1749 ἐστίν.

353 1782 472 1855 (88)
513 1783 836 1840 Ἐσθιόντων
869 1785 927 1839 δέ
979 1802 1112 1839 ποτε
1149 1787 1212 1840 τὸ
1274 1787 1454 1858 μάννα
1485 1786 1730 1859 Ἑϐραῖοι
1757 1788 1873 1843 ἐλε-

266 1894 365 1944 γον
380 1892 395 1906 ο
425 1875 641 1942 οὐδὲν,
665 1877 835 1946 πλὴν
856 1881 944 1945 εὶς
964 1878 1029 1933 τὸ
1053 1877 1258 1948 μάννα
1281 1882 1335 1933 oi
1359 1879 1653 1949 ὀφθαλμοὶ
1676 1880 1867 1950 ἡμῶν.

280 1968 710 2038 Ἐμνήσθημεν
733 1974 867 2040 γάρ,
891 1970 981 2024 ὅτι
1001 1969 1414 2040 ἐκαθέσθημεν
1433 1970 1532 2024 ἐπὶ
1549 1971 1669 2024 τῶν
1689 1971 1868 2041 λεϐή-

1983 1257 2060 1303 est
2101 1249 2312 1303 hoc"?
2350 1261 2399 1305 et
2423 1251 2649 1320 ﬁet/uec
2694 1253 2858 1307 dictio
2897 1256 3028 1322 pani
3071 1271 3258 1310 nomen
3285 1260 3370 1313 ηε
3413 1271 3565 1317 orate

1983 1349 2042 1393 ut
2072 1340 2229 1396 nobis
2263 1339 2410 1397 Deus
2441 1357 2596 1397 escas
2651 1344 2832 1398 mittat
2877 1346 2943 1400 ad
2994 1349 3325 1405 satietatem.
3359 1349 3476 1405 Non
3509 1354 3561 1406 in

1982 1440 2190 1485 tantum
2221 1441 2277 1486 ut
2307 1442 2586 1504 gustemus
2622 1433 2926 1504 duntaxat;
2958 1454 3148 1494 verum
3178 1441 3341 1495 etiam
3386 1444 3562 1514 reple-

1981 1539 2138 1579 amur
2171 1528 2524 1582 sermonibus
2567 1527 2712 1594 vitae,
2745 1538 2802 1582 et
2839 1529 3168 1587 roboremur
3200 1535 3254 1589 in
3289 1536 3413 1592 illis.
3446 1537 3561 1592 Cae-

1979 1624 2152 1672 terum
2184 1619 2476 1688 primarius
2504 1619 2659 1676 cibus
2690 1621 2995 1693 hnjusmodi
3025 1636 3129 1680 est.

2037 1772 2401 1829 Comedentes
2460 1783 2642 1829 autem
2693 1777 2822 1831 olim
2871 1794 3075 1836 manna
3125 1781 3358 1847 Hebraei,
3409 1787 3558 1842 dice-

1971 1868 2146 1922 bant:
2206 1868 2381 1934 Nihil,
2431 1881 2785 1937 prastat-quam
2838 1875 2908 1927 ad
2952 1891 3151 1931 manna
3191 1881 3332 1932 oculi
3366 1884 3552 1938 nostri.

1976 1960 2259 2016 Recordati
2307 1964 2450 2016 enim
2479 1979 2688 2025 sumus,
2733 1966 2861 2035 quia
2887 1969 3120 2024 sedimus
3149 1973 3219 2026 ad
3249 1973 3384 2029 ollas
3435 1991 3556 2031 car-

266 2075 387 2112 των
417 2057 539 2112 τῶν
566 2057 758 2128 κρεῶν
789 2059 860 2113 ἐν
898 2061 1213 2130 Αίγύπτφο
1246 2063 1342 2116 καὶ
1376 2063 1540 2133 ἡμεῖς
1580 2060 1843 2126 ταλανίζο-

1969 2054 2116 2106 nium
2175 2054 2230 2107 in
2276 2052 2513 2124 zEgypto
2546 2056 2591 2086 ”
2620 2075 2632 2110 :
2689 2067 2744 2111 et
2789 2074 2890 2115 nos
2920 2061 3267 2130 deploramus
3301 2066 3442 2131 illos,
3472 2081 3554 2123 ut-

265 2163 368 2219 μεν
408 2149 677 2215 ἐκείνους,
707 2148 784 2212 ὡς
825 2149 946 2200 τότε
988 2151 1413 2224 ἡμαρτηκόταςο
1461 2150 1559 2220 οὑχ
1608 2149 1843 2221 δρῶντες

1969 2154 2092 2212 pote
2131 2143 2222 2213 qui
2264 2153 2394 2199 tunc
2422 2147 2776 2215 peccaverint
2824 2167 2838 2214 ;
2890 2164 2998 2205 non
3033 2153 3304 2218 videntes,
3335 2158 3460 2226 quia
3495 2159 3552 2214 in

257 2239 342 2292 ὅτι
373 2238 476 2292 καὶ
511 2239 569 2291 ἐν
607 2240 736 2310 ἡμῖν
762 2239 938 2293 ταῦτα
969 2241 1037 2294 τά
1057 2242 1439 2312 ἁμαρτήματα
1471 2240 1683 2309 γίνεται
1703 2257 1716 2270 ·
1743 2241 1843 2294 ἀντ

1965 2239 2124 2295 nobis
2151 2239 2280 2294 talia
2310 2239 2533 2310 peccata
2566 2238 2702 2294 fiunt
2739 2261 2753 2296 :
2797 2253 2984 2298 contra
3023 2247 3367 2316 spi‘ritualem
3400 2249 3550 2306 Scri-

256 2331 357 2402 τῆς
379 2331 762 2401 πνευματικῆς
791 2333 1011 2403 Γραφῆς
1047 2333 1118 2386 τὰ
1157 2333 1343 2404 πράσα
1383 2331 1452 2386 τὰ
1483 2331 1695 2402 δυσώδη
1716 2371 1731 2397 ,
1767 2332 1843 2386 κα¹

1953 2345 2208 2403 .pmram,
2237 2348 2431 2403 porros
2457 2335 2860 2406 graveolentes,
2899 2346 2954 2392 et
2986 2353 3164 2412 cmpas
3197 2343 3369 2399 aciem
3408 2361 3545 2402 ocu-

254 2423 324 2477 τά
354 2423 629 2495 κρόμμυα
655 2422 726 2476 τά
752 2423 1060 2495 βλάπτοντα
1086 2423 1214 2487 τοὺς
1265 2423 1577 2494 ὀφθαλμοὺς
1619 2423 1719 2494 τῆς
1756 2422 1843 2493 ψυ·

1964 2425 2138 2480 lorum
2182 2427 2377 2482 anima:
2433 2428 2780 2491 hebetantes,
2841 2439 2915 2496 et,
2972 2445 3092 2500 quas
3135 2436 3347 2506 replent
3391 2444 3544 2510 gravi

254 2518 356 2589 χῆς
377 2558 394 2582 9
435 2518 533 2570 καὶ
574 2515 646 2570 τὰ
673 2515 989 2588 πληροῦντα
1024 2515 1287 2570 δυσωδίαν
1326 2517 1699 2588 ἁμαρτήματα
1735 2517 1843 2570 σκό.

1962 2517 2134 2574 odore
2165 2530 2410 2590 peccata,
2446 2520 2570 2576 allia
2616 2521 2906 2576 coluedere
2959 2529 3421 2601 concupiscimus,
3457 2551 3544 2589 sa-

255 2609 386 2677 ροδα
423 2602 800 2680 ἐπιθυμοῦμεν
831 2609 1053 2677 φαγεῖν,
1097 2607 1193 2661 καὶ
1240 2607 1619 2679 ἐμφορηθῆναι
1652 2606 1843 2678 ἡδονῶει

1966 2610 2202 2682 tiarique
2251 2612 2622 2682 voluptatibus
2693 2619 3046 2686 pudibundis.
3099 2623 3169 2678 Et
3217 2625 3544 2684 dissolutam

247 2697 577 2771 δυσοσμίας.
612 2700 725 2752 Καὶ
781 2698 880 2770 τὴν
940 2698 1162 2752 ἔκλυτον
1214 2699 1310 2752 τοῦ
1365 2700 1572 2769 κόσμου
1611 2698 1704 2751 καὶ
1743 2699 1843 2752 τῶκ

1962 2705 2151 2758 mundi
2179 2719 2243 2759 ac
2275 2719 2461 2759 rerum
2504 2721 2898 2778 corporearum
2937 2723 3194 2770 naturam
3228 2719 3546 2777 desideran-

250 2793 592 2865 σωματικῶν
617 2793 778 2863 φύσιν
809 2792 1134 2857 ποθοῦντες,
1169 2793 1421 2847 πεπόνων
1454 2790 1843 2863 ἐπιθυμοῦμεν,

1964 2802 2066 2860 tes,
2105 2810 2342 2866 pepones
2374 2814 2640 2866 avemus;
2681 2812 2734 2857 et
2774 2806 2916 2872 quod
2947 2807 3172 2864 minime
3199 2810 3461 2868 adolescit
3485 2815 3540 2868 in

246 2887 440 2941 καὶτὸ
483 2887 562 2959 μὴ
606 2887 985 2959 ἀναδιδόμενον
1030 2889 1111 2952 είς
1156 2889 1256 2959 τὴν
1302 2887 1403 2958 τῆς
1436 2886 1618 2958 ψυχῆς
1663 2887 1843 2941 οὑσίαν

1961 2890 2256 2944 essentiam
2286 2893 2483 2948 animae
2516 2895 2915 2965 praeeligentes,
2945 2913 3264 2957 cucumeres
3295 2895 3546 2962 volumus

247 2978 540 3044 ἀνελόντες
563 3019 577 3043 ,
651 2979 856 3034 σικύων
931 2978 1160 3051 θέλομεν
1220 2979 1674 3051 μεταλαμϐάνειν.
1740 2980 1843 3032 Καὶ

1958 2992 2228 3036 comesse.
2256 2981 2319 3036 Et
2346 2983 2472 3052 quia
2499 2987 2850 3055 repudiamus
2871 3003 3071 3059 panem
3091 2988 3160 3044 de
3189 2991 3350 3058 cwlo,
3372 3007 3539 3064 quem

245 3071 440 3143 ἐπειδὴ
470 3073 534 3125 οὑ
557 3070 783 3142 θέλομεν
813 3071 905 3124 τὸν
935 3071 1119 3142 ἄρτον,
1147 3071 1237 3124 τὸν
1272 3073 1335 3124 ὲκ
1357 3070 1452 3124 τοῦ
1484 3069 1716 3142 ούρανοῦ
1738 3110 1752 3134 ,
1784 3065 1843 3125 οὗ

1955 3073 2254 3141 praedicant
2322 3083 2469 3129 vates
2517 3087 2572 3131 et
2638 3075 2820 3144 justi,
2884 3079 2976 3148 qui
3034 3081 3208 3137 nubes
3249 3092 3538 3148 vocantur,

241 3163 530 3235 προφῆται
573 3167 816 3235 κήρυκες
851 3162 950 3216 καὶ
993 3162 1222 3227 δίκαιοι,
1265 3161 1484 3232 νεφέλαι
1520 3161 1843 3232 καλούμενοι

1954 3173 2238 3232 propterea
2268 3165 2411 3233 quod
2450 3167 2501 3218 in
2548 3167 2782 3221 sublime
2828 3183 2981 3224 mens
3035 3170 3252 3225 illorum
3294 3170 3536 3234 feratur;

239 3255 326 3310 διὰ
375 3255 445 3308 τὸ
473 3254 611 3325 ὑψοῦ
651 3255 914 3327 φέρεσθαι
947 3253 1130 3308 αὑτῶν
1175 3255 1268 3307 τὸν
1325 3254 1481 3309 νοῦν’
1522 3254 1616 3307 καὶ
1657 3253 1746 3306 διά
1788 3253 1843 3308 τὸ

1953 3264 2006 3309 ει
2043 3257 2172 3323 quia
2203 3269 2520 3312 recusamus
2567 3257 2836 3314 imbribus
2881 3261 3263 3331 spiritualibus
3307 3261 3535 3318 nubium

239 3348 484 3413 ἐντέξειν
517 3347 634 3419 (89)
661 3346 902 3417 νεφελῶν
935 3349 1048 3412 τοῖς
1073 3350 1285 3417 νοητοῖς
1321 3347 1497 3410 ὑετοῖς
1531 3346 1843 3418 κατάρδειν,

161 3437 163 3439 ’
239 3439 468 3512 ἑτέρους
500 3439 856 3505 ἐξαποστελεῖ
883 3442 1017 3513 ἡμῖν
1049 3441 1078 3494 ὁ
1110 3431 1265 3504 Θεὸς,
1323 3438 1491 3510 κρέας
1520 3439 1652 3494 ὡσεὶ
1687 3440 1838 3511 χοῦν,

235 3529 344 3596 ἕως
376 3525 458 3584 οὗ
499 3529 717 3600 ἐξέλθῃ
761 3531 830 3584 ἐκ
861 3530 980 3584 τῶν
1008 3530 1334 3601 μυκτήρων
1360 3528 1562 3600 ἡμῶν,
1605 3530 1700 3584 καὶ
1737 3529 1844 3593 ἕως

237 3621 526 3695 πληρώσῃ
545 3625 694 3695 ἡμᾶς
718 3623 876 3676 νόσου
910 3624 1002 3678 καὶ
1035 3623 1307 3696 μαλακίας
1327 3665 1342 3689 ,
1370 3622 1446 3686 ὡς
1486 3621 1586 3694 τὴν
1627 3621 1836 3694 δυσώδη

236 3719 326 3771 καὶ
358 3717 716 3790 πολύδακρυν
746 3719 1020 3790 ἁμαρτίαν
1049 3717 1360 3790 ζητοῦντες.

302 3812 366 3865 Oi
394 3811 514 3882 γὰρ
538 3811 646 3864 τῶν
676 3811 960 3883 κοσμικῶν
989 3811 1332 3883 πραγμάτων
1359 3806 1726 3871 ἀπολαύοντες
1748 3824 1838 3861 νο-

235 3901 388 3956 σοῦσι
417 3902 519 3973 τὴν
551 3901 750 3975 ψυχὴν,
785 3901 875 3956 διὰ
905 3902 1080 3957 ταῦτα
1119 3903 1214 3955 καὶ
1248 3903 1306 3954 ἐν
1340 3899 1538 3972 χολέρᾳ
1571 3898 1668 3952 καὶ
1695 3897 1837 3969 νόσῳ

234 3996 358 4059 εἰσὶ,
400 3995 501 4048 καὶ
525 3996 662 4048 πᾶσι
693 3997 888 4059 κακοῖς
926 3994 1016 4049 διὰ
1037 3993 1136 4065 τὴν
1166 3993 1419 4066 διψυχίαν
1447 3991 1647 4046 αὑτῶν.
1697 3990 1836 4044 Ἀλλ’

235 4085 379 4158 ἡμᾶς
416 4085 631 4154 γένοιτο
660 4085 943 4158 νηστεύειν
987 4087 1244 4158 νηστείαν
1291 4085 1524 4158 δεκτὴν,
1574 4084 1636 4136 τὸ
1698 4081 1833 4155 φρό-

229 4193 376 4250 νημα
413 4177 518 4248 τῆς
551 4179 753 4250 σαρκὸς
805 4176 879 4250 μὴ
909 4177 1209 4250 τρέφοντας
1232 4219 1247 4243 ,
1275 4177 1409 4249 μηδὲ
1436 4174 1727 4246 γενοίμεθα
1776 4175 1834 4228 ἐν

226 4270 479 4342 ἀνύδρῳ,
510 4272 762 4341 στερήσει
786 4269 898 4325 τῶν
938 4269 1328 4343 πνευματικῶν
1377 4269 1584 4323 ὑδάτων
1606 4308 1620 4332 ,
1653 4265 1743 4320 διὰ
1772 4266 1835 4319 τὸ

228 4365 399 4435 μηδὲν
435 4363 567 4436 δρᾷν
589 4363 697 4418 τῶν
720 4363 1119 4433 γλυκαινόντων
1145 4365 1242 4436 τὴν
1268 4361 1364 4416 τοῦ
1409 4360 1666 4430 Ὑψίστου
1696 4374 1833 4430 χρη-

225 4455 491 4530 στότητα.
517 4455 807 4520 Γλυκαίνει
831 4455 888 4510 δέ
918 4456 1085 4527 αὐτὴν
1115 4454 1186 4509 τὰ
1228 4456 1350 4508 κατ’
1384 4451 1588 4524 ἀρετὴν
1616 4448 1711 4502 καὶ
1740 4465 1828 4500 σο-

223 4549 351 4617 φίαν
405 4547 781 4621 ἐνεργούμενα
818 4549 914 4604 καὶ
957 4547 1328 4620 θεωρούμενα.
1368 4543 1520 4616 Μηδέ
1564 4540 1827 4613 ἐκπειρά-

224 4657 311 4693 σαι
339 4641 513 4695 αὑτὸν
546 4643 604 4694 ἐν
631 4644 752 4706 ταῖς
779 4640 1027 4713 καρδίαις
1057 4642 1091 4711 ἡ
1101 4639 1246 4710 μῶν·
1283 4639 1449 4709 ἦγουν
1479 4634 1580 4688 οὐκ
1605 4632 1665 4700 ἐξ
1698 4633 1821 4685 ἐπι-

221 4733 418 4805 πολῆς,
449 4732 564 4786 ἀλλ’
587 4736 652 4786 ἐκ
676 4733 873 4804 βάθους
899 4731 997 4787 τοῦ
1028 4728 1356 4804 ἡγεμονικοῦ
1386 4723 1822 4798 ἀμφιϐάλλοντες

220 4825 350 4894 περὶ
380 4823 492 4893 τῆς
523 4822 670 4888 θείας
698 4823 983 4896 δυνάμεως
1004 4840 1018 4853 ·
1055 4823 1175 4894 μηδ’
1197 4821 1523 4893 αίτήσαιμεν
1555 4815 1822 4888 βρώματα

217 4918 338 4978 ’ταῖς
374 4916 584 4986 ψυχαῖς
616 4915 805 4987 ἡμῶνο
853 4915 916 4969 οὑ
963 4917 1085 4978 ταῖς
1139 4912 1262 4967 κατ’
1311 4909 1498 4964 εἰκόνα
1554 4907 1702 4976 λέγω
1721 4947 1735 4970 ,
1763 4905 1820 4960 αῖ

219 5006 522 5077 τρέφονται
549 5009 615 5060 ἐκ
656 5007 767 5061 τῶν
800 5005 949 5076 ζωῆς
974 5007 1186 5078 ἀρτων,
1214 5003 1350 5058 ἀλλά
1382 5003 1503 5064 ταῖς
1533 5003 1614 5063 εἰς
1641 4999 1817 5070 σάρκα

219 5098 717 5167 μεταϐαλλούσαις,
751 5100 840 5154 διὰ
862 5100 925 5154 τὸ
960 5102 1073 5162 τοῖς
1095 5098 1298 5162 ὑλικοῖς
1324 5091 1814 5169 προσπεπονθέναι,

215 5190 584 5263 ὀρεγομέναις
625 5193 728 5246 οὐκ
769 5190 1061 5263 ὠφελίμων
1089 5191 1185 5245 καὶ
1225 5188 1394 5259 ὑγιῶν
1422 5183 1669 5256 τροφῶν,
1697 5181 1815 5236 ἀλλ’

214 5282 390 5355 ἡδέων
434 5284 531 5338 καὶ
571 5283 890 5339 νοσοποιῶν.
942 5282 1082 5337 Ἀλλ’
1116 5280 1467 5352 ἐτοιμασθείη
1505 5279 1640 5350 ἡμῖν
1681 5277 1814 5349 τρά-

217 5375 362 5439 πεζα
385 5417 403 5441 ,
449 5377 537 5446 ἐφ’
577 5377 646 5446 ἢν
681 5379 719 5447 ἢ
753 5377 940 5446 σοφία
978 5376 1053 5430 τὰ
1084 5373 1306 5443 ἑαυτῆς
1353 5373 1584 5442 θύματα
1621 5369 1812 5424 ἐπιτί-

214 5468 387 5535 θησι,
417 5469 517 5522 καὶ
551 5467 662 5522 τὸν
689 5467 912 5537 ἑαυτῆς
947 5463 1115 5523 οἶνον
1165 5468 1252 5532 εὶς
1287 5461 1556 5532 κρατῆρα
1616 5458 1808 5530 κιρνᾷ-

283 5601 306 5633 ⁹
337 5600 357 5653 Ι
386 5601 515 5654 Cor.
549 5617 609 5666 tt,
640 5601 725 5655 l4.
806 5603 846 5633 ³ο
877 5601 1065 5657 Μειιιὶι.
1106 5599 1290 5664 νι,Η;
1325 5598 1456 5653 Luc.
1487 5614 1559 5663 χι,
1594 5597 1645 5651 5.
1729 5598 1767 5627 “
1798 5595 1840 5652 E

1953 5634 1966 5648 .
2001 5608 2114 5656 ενι,
2140 5591 2222 5645 l5.
2299 5589 2601 5644 "ibid.'51.

286 5742 406 5814 (88)
447 5743 769 5812 Ἐσθίοντες,
797 5745 880 5803 vel
917 5761 1039 5802 mox
1069 5745 1186 5814 lege
1227 5738 1512 5811 Ἐϐραίων.

1949 3347 2146 3402 barum
2201 3346 2439 3416 irrigari,
2473 3347 2609 3404 alios
2656 3351 2837 3406 mittet
2875 3353 3032 3408 nobis
3067 3354 3250 3422 Deus;
3305 3371 3530 3410 carnem

1951 3447 2212 3508 tanquam
2244 3448 2470 3504 terram,
2522 3440 2688 3494 donec
2720 3444 3024 3511 egrediatur
3061 3447 3127 3500 de
3161 3447 3380 3502 naribus
3434 3463 3532 3502 no-

1947 3529 2076 3584 stris
2109 3528 2174 3595 ¹⁵,
2207 3538 2260 3585 et
2295 3530 2465 3585 donec
2488 3529 2709 3600 impleat
2756 3549 2857 3589 nos
2906 3536 3096 3592 morbo
3146 3548 3201 3593 et
3243 3538 3528 3610 languore,

1950 3629 2210 3690 tanquam
2262 3619 2354 3690 qui
2405 3621 2652 3688 putidum
2713 3629 2769 3676 et
2821 3622 3183 3698 lacrymabile
3245 3637 3532 3699 peccatum

1943 3713 2265 3783 quatritnus.

2014 3805 2115 3874 Qui
2145 3809 2315 3875 enim,
2342 3809 2635 3866 mundanis
2659 3811 2822 3867 rebus
2843 3811 3107 3878 fruentes,
3126 3818 3392 3884 aegrotant
3413 3816 3532 3872 ani-

1940 3913 2050 3964 ma,
2087 3911 2379 3970 propterea
2415 3904 2581 3959 etiam
2625 3905 2679 3961 in
2721 3905 2941 3961 cholera
2986 3913 3042 3958 et
3073 3907 3264 3960 morbo
3295 3916 3442 3973 sunt,
3471 3917 3528 3963 et

1932 3983 1995 4047 in
2023 3994 2284 4050 omnibus
2314 3996 2475 4052 malis
2531 4007 2754 4067 propter
2799 3997 2968 4052 animi
3001 4012 3188 4053 eorum
3239 3997 3530 4067 duplicita-

1942 4094 2069 4141 tem.
2105 4085 2175 4140 At
2205 4084 2345 4140 faxit
2371 4087 2532 4152 Deus,
2561 4097 2620 4142 ut
2655 4103 2755 4142 nos
2779 4086 3095 4158 jejunemus
3129 4100 3410 4158 acceptum
3440 4087 3524 4158 je-

1931 4172 2174 4242 junium,
2209 4175 2542 4231 voluntatem
2578 4177 2764 4232 carnis
2799 4192 3140 4247 nequaquam
3191 4177 3521 4244 nutrientes,

1939 4281 2115 4336 neque
2133 4265 2329 4323 ﬁamus
2361 4270 2413 4322 in
2447 4269 2733 4339 inaquoso,
2758 4267 3065 4337 privatione
3087 4269 3332 4323 omnium
3360 4283 3523 4338 aqua-

1938 4373 2056 4411 rum
2085 4359 2473 4428 spiritualium,
2504 4375 2570 4414 ex
2604 4375 2670 4415 eo
2701 4361 2847 4430 quod
2903 4359 3040 4416 nihil
3087 4361 3342 4428 facimus,
3371 4364 3525 4432 quod

1934 4449 2182 4505 dulcoret
2208 4450 2473 4507 Altissimi
2503 4452 2824 4507 bonitatem.
2854 4453 3156 4510 Dulcorant
3175 4461 3340 4524 porro
3371 4454 3522 4510 illam

1933 4558 2274 4613 quaecunque
2298 4546 2596 4600 secundum
2619 4546 2873 4602 virtutem
2901 4558 2996 4602 aut
3021 4560 3151 4604 actu
3174 4562 3518 4613 exercemus,

1933 4645 2028 4690 aut
2056 4636 2430 4706 speculatione
2461 4639 2916 4708 contemplamur.
2947 4639 3131 4708 Faxit,
3161 4652 3220 4695 ut
3255 4656 3361 4696 non
3391 4648 3518 4694 ten-

1934 4734 2111 4782 temus
2137 4741 2261 4784 eum
2288 4729 2342 4783 in
2385 4730 2641 4785 cordibus
2667 4731 2870 4785 nostris
2920 4749 2936 4799 ;
2988 4733 3040 4786 id
3074 4743 3157 4788 est
3187 4748 3292 4788 non
3323 4748 3389 4787 ex
3420 4747 3514 4786 su-

1930 4817 2174 4887 perﬁcie,
2218 4819 2313 4874 sed
2353 4835 2419 4875 ex
2457 4821 2566 4875 imo
2600 4824 2796 4879 mentis
2849 4825 3164 4881 dubitantes
3214 4827 3281 4879 de
3334 4824 3514 4880 divina

1930 4913 2212 4980 potentia;
2250 4928 2432 4984 neque
2476 4913 2814 4985 postulemu's
2867 4933 3027 4973 escas
3081 4919 3365 4972 animabus
3411 4933 3513 4970 no-

1929 5003 2060 5059 Stris
2089 5021 2105 5071 ;
2139 5021 2244 5062 non
2291 5022 2387 5063 eas
2423 5009 2546 5064 dico
2594 5011 2806 5066 animas
2855 5027 2973 5080 quae
3027 5021 3157 5066 sunt
3208 5010 3512 5066 secundum

1933 5097 2245 5169 imaginem,
2279 5116 2401 5171 qum
2428 5103 2748 5158 nutriuntur
2805 5105 3038 5174 panibus
3068 5106 3230 5168 vitaz;
3264 5103 3354 5158 sed
3395 5101 3512 5157 illas

1928 5208 2052 5264 qua:
2082 5203 2362 5251 mutantur
2388 5197 2441 5250 in
2469 5207 2713 5262 carnem,
2746 5206 3036 5266 propterea
3071 5199 3215 5264 quod
3249 5197 3507 5261 materia-

1928 5289 2072 5345 libus
2098 5287 2577 5343 succenturiantur
2603 5289 3016 5354 affectionibus;
3052 5298 3373 5358 appetentes
3398 5304 3504 5344 non

1919 5395 2041 5450 quae
2097 5381 2252 5435 utilia
2308 5391 2434 5437 sunt
2493 5392 2548 5437 et
2576 5397 2708 5436 sana
2759 5381 3113 5445 nutrimenta,
3185 5382 3278 5434 sed
3351 5383 3501 5436 volu-

1919 5483 2110 5544 ptuosa
2158 5481 2214 5526 ct
2259 5477 2482 5528 morbos
2510 5470 3138 5542 creantia.Przeparetur
3167 5486 3295 5528 vero
3348 5475 3504 5528 nobis

2679 5588 2717 5617 ’³
2745 5585 2899 5640 Num.
2929 5602 3004 5653 vt,
3030 5585 3148 5650 5,6.
3195 5585 3387 5650 "ibid.
3413 5595 3499 5647 Qu.

1983 5733 2097 5805 (89)
2131 5733 2291 5791 Forte
2332 5733 2593 5802 ἀντέχειν.
