4016 6526
512 394 613 450 167

503 511 663 586 μηδὲ
691 509 829 581 ὀργὴ
863 509 951 580 ἐφ’
977 509 1128 581 ἡμᾶς
1149 505 1383 577 ἀναϐαίη
1404 545 1419 569 ,
1449 502 1513 571 τὸ
1552 500 1769 574 πνεῦμα
1800 501 1895 556 τοῦ
1915 502 2088 571 ,ἐξου-

513 604 788 668 σιάζοντος
815 603 877 656 τὸ
902 600 1202 673 ἀπατηλὸν,
1231 597 1292 652 τὸ
1323 596 1479 668 δίκην
1515 594 1820 668 προδρόμου
1855 595 1889 667 ἢ
1926 613 2092 650 κατα-

512 696 720 751 σκόπου
771 696 836 747 ἐκ
865 691 961 746 τοῦ
991 692 1182 746 σκότου
1212 690 1270 744 ἐν
1295 681 1341 757 ᾧ
1391 687 1697 759 ἐκέκρυπτο
1719 726 1734 753 ,
1762 689 1843 751 είς
1873 686 1972 759 τὴν
1996 686 2097 758 ψυ-

511 787 615 858 χὴν
649 786 798 839 ἀνιὸν
831 782 920 838 διὰ
965 783 1065 854 τῆς
1099 779 1486 852 ἐνθυμήσεως·
1527 779 1663 852 μηδὲ
1693 778 1769 843 ὡς
1817 779 1930 851 πῦρ
1969 777 2094 836 ἐξα-

514 839 672 944 φθείη
698 876 764 929 ἐκ
793 873 902 928 τῶν
931 839 1350 943 πεπυρωμένων
1377 839 1546 940 βελῶν
1575 839 1669 924 τοῦ
1691 839 1910 941 ἐχθροῐί
1951 870 2090 924 Ἀλλ’
2119 839 2162 898 c

511 965 745 1038 ούρανοῦ
779 965 992 1037 θυρίδες
1019 967 1153 1035 ἡμῖν
1203 965 1469 1032 ἀνοιγεῖεν
1489 1002 1504 1028 ,
1529 963 1583 1016 αί
1608 962 1717 1017 τῶν
1752 962 1958 1033 νοητῶν
2001 963 2094 1016 καὶ¹

513 1057 896 1129 πνευματικῶν
925 1056 1142 1124 ἐξαπλω
1170 1055 1281 1128 (90)
1311 1055 1503 1128 ἀρεταὶ
1540 1095 1555 1109 .
1577 1093 1592 1108 .
1613 1096 1629 1110 .
1646 1095 1660 1108 .
1679 1094 1693 1109 .
1715 1094 1727 1107 .
1752 1093 1766 1107 .
1794 1096 1805 1108 .
1824 1095 1838 1108 .
1863 1093 1877 1108 .
1903 1053 2093 1107 κακίαι

512 1150 638 1222 ᾅδου
663 1151 758 1205 καὶ
791 1149 1048 1216 θανάτου,
1087 1149 1290 1212 αἵτινες
1328 1148 1389 1202 ού
1419 1146 1772 1218 κατισχύουσι
1800 1146 1930 1211 τῶν,
1952 1144 2096 1200 κατὰ

515 1239 742 1312 Πέτρον,
775 1238 1104 1294 ἀνελθόντων
1141 1239 1236 1292 ἐπὶ
1267 1237 1442 1300 πύλας
1472 1237 1570 1308 τῆς
1609 1236 1902 1308 θυγατέρος
1934 1234 2093 1290 Σιών.

513 1332 624 1385 Καὶ
657 1332 684 1383 6
718 1333 776 1385 ἐν
801 1329 883 1398 τῷ
927 1329 1156 1401 κρυπτῷ
1182 1330 1282 1400 τῆς
1325 1328 1548 1400 καρδίας
1604 1327 1888 1398 ἄνθρωπος
1913 1366 1929 1391 ,
1973 1329 2095 1381 κατ’

514 1421 699 1478 εἰκόνα
737 1421 873 1477 Θεοῦ
894 1460 909 1486 ,
940 1422 1222 1492 όμοέστιος
1249 1418 1501 1488 ἀγγέλοις
1525 1418 1756 1487 γένοιτο,
1788 1418 1884 1472 τοῦ
1909 1419 2097 1489 ἀληθι-

511 1510 604 1568 νοῦ
636 1512 813 1580 μάννα
849 1511 1310 1583 μεταλαμϐάνων,
1343 1510 1437 1564 καὶ
1465 1510 1575 1565 ἀπὸ
1612 1509 1840 1582 ούρανοῦ
1869 1511 2095 1584 τροφὴν,

513 1600 630 1654 ἀλλ’
674 1601 776 1655 οὐκ
806 1601 916 1655 ἀπὸ
941 1603 1043 1673 τῆς
1075 1603 1481 1674 ἐπικαταράτου
1525 1601 1659 1672 γῆς,
1691 1602 1758 1672 ἣν
1787 1603 1817 1654 ὁ
1848 1603 2098 1673 ἁμαρτά-

513 1709 620 1744 νων
655 1692 715 1744 ἐν
746 1690 945 1757 λύπαις
972 1691 1160 1745 ἐσθίει.
1196 1694 1259 1745 Οἱ
1289 1690 1495 1745 τούτων
1537 1691 1826 1754 ἀκούοντες
1862 1691 2097 1762 πτερού-

514 1781 734 1836 σθωσαν
759 1823 775 1848 ,
805 1781 1222 1854 ἐπαιρέσθωσαν
1247 1820 1262 1845 ,
1299 1780 1495 1852 μηκέτι
1537 1780 1777 1835 ἔστωσαν
1813 1783 1872 1836 ἐν
1897 1782 2062 1855 σαρκί
2081 1801 2094 1813 ·

513 1873 856 1942 γενέσθωσαν
883 1875 941 1926 ἐν
981 1872 1287 1944 πνεύματι·
1333 1875 1397 1926 Οὶ
1436 1871 1546 1941 γὰρ
1593 1872 1664 1927 ἐν
1704 1873 1886 1942 σαρκὶ
1927 1873 2100 1940 ὄντες

516 1965 640 2032 θεῷ
663 1965 881 2034 ἀρέσαι
909 1968 982 2020 οὐ
1006 1965 1316 2019 δύνανται.
1380 1965 1518 2019 Ἀλλ’
1567 1965 1661 2019 ἐπὶ
1712 1965 1814 2037 τὴν
1859 1967 2099 2038 ἱστορίαν

514 2058 747 2112 ἀνιτέον.

514 2232 798 2303 Στίχεμδκ
830 2232 944 2303 Kal
973 2230 1386 2303 μετέστρεψεν
1432 2233 1521 2299 είς
1555 2229 1699 2302 αἷμα
1738 2231 1881 2303 τοὺς
1917 2249 2099 2303 πρω-

579 2297 736 2373 ιὶὸῦς
759 2297 994 2369 αὐτῶν,
1027 2301 1127 2356 καί
1158 2297 1232 2356 τὰ
1270 2297 1630 2373 ὄμϐρήμὶιταῖ
1672 2297 1871 2358 αὐτῶνζ
1889 2341 1905 2369 ,
1944 2297 2106 2370 ὅπως

579 2373 668 2444 μὴ
698 2375 942 2430 πίωσιν.
1293 2413 1298 2417 ,

587 2457 720 2520 Οἶδα
781 2465 925 2520 κατά
980 2465 1339 2538 τροπολογίαν
1385 2465 1614 2530 πολλοὺς
1661 2467 1940 2537 ποταμοὺς
1997 2467 2102 2521 Αί-

514 2559 724 2629 γύπτου
766 2558 1043 2622 ἐναντίους
1077 2557 1295 2630 Χριστῷ
1326 2556 1404 2628 τῷ
1455 2557 1695 2629 ἀληθινῷ
1738 2558 2004 2630 ποταμῷ,
2045 2552 2107 2613 οὗ

513 2649 583 2705 τά
623 2648 767 2720 ὁρμή
778 2664 923 2718 ματα
953 2648 1054 2719 τὴν
1091 2647 1417 2720 Ἐκκλησίαν
1433 2647 1734 2719 εὐφραίνει.
1753 2647 2006 2701 Πάνταδέ
2033 2648 2103 2702 τὰ

511 2744 615 2814 τῆς
639 2741 914 2814 σωτηρίας
944 2740 1198 2814 ἀλλότρια
1216 2739 1463 2812 ῥεύματα
1483 2779 1497 2804 ,
1525 2740 1562 2794 ἀ
1589 2741 1617 2794 ό
1642 2739 1792 2806 Θεὸς,
1814 2740 1950 2812 (90⁹)
1976 2742 2103 2794 ὅταν

517 2833 773 2906 βούληταί
810 2849 964 2897 τινας
1013 2831 1375 2902 ἐπιστρέψαι,
1417 2831 1505 2884 ἵνα
1549 2831 1855 2898 ἐξελθόντες
1906 2831 2103 2886 πίωσιν

514 2925 624 2980 ἀπὸ
668 2926 767 2998 τῆς
813 2925 1059 2998 πέτρας,
1091 2926 1125 2996 ἡ
1180 2924 1237 2977 δέ
1279 2923 1456 2996 πέτρα
1489 2920 1558 2995 ἦν
1599 2926 1626 2978 6
1669 2923 1922 2996 Χριστὸς,
1960 2926 2104 2977 ποιεῖ

517 3016 822 3089 στραφῆναι
844 3019 926 3080 είς
955 3013 1114 3088 αἷμα.
1144 3017 1312 3070 Ὅταν
1332 3017 1440 3086 γὰρ
1467 3013 1578 3084 ἐγὼ
1598 3014 1822 3084 καταγὼ
1849 3014 1940 3080 οὓς
1991 3014 2104 3088 (91)

512 3109 792 3181 ἀλλοτρίου
826 3108 1019 3173 ὓδατος
1053 3108 1146 3162 καὶ
1171 3108 1536 3180 φρονήματος,
1568 3107 1662 3161 τοῦ
1696 3107 1830 3161 Θεοῦ
1857 3106 1933 3179 μὴ
1966 3107 2102 3181 (91⁸)

518 3202 1007 3274 παραστήσαντοςο,
1039 3201 1120 3254 ὅτι
1179 3195 1321 3271 αἷμά
1365 3201 1547 3267 ἐστιν,
1595 3199 1777 3252 οὐκέτι
1812 3199 1983 3263 πίνω,
2019 3200 2105 3252 ἵνα

518 3293 596 3363 μὴ
625 3292 852 3363 μέτοχος
885 3291 1123 3363 γίνωμαι
1153 3291 1386 3364 αἵματος
1411 3290 1593 3365 όμόρή
1604 3307 1791 3362 ματος.
1816 3290 1878 3348 Oi
1911 3288 1968 3341 δέ
1995 3284 2104 3343 εἷεν

516 3383 613 3449 ἀν,
647 3385 695 3436 οί
730 3383 937 3454 βραχέα
971 3382 1068 3452 μὲν
1101 3380 1389 3450 λέγοντες,
1445 3379 1667 3450 ὀλέθρια
1711 3379 1789 3432 δέ.
1821 3377 2010 3441 έΚατά
2049 3379 2106 3433 δὲ

513 3475 616 3548 τὴν
646 3457 886 3548 ἱστορίαν
909 3513 924 3540 ,
957 3473 1244 3542 Αίγύπτιοι
1283 3471 1494 3526 ἀνωθεν
1543 3471 1688 3552 ὕδωρ
1735 3472 1835 3525 οὐκ
1867 3469 2103 3543 ἔχουσιν,

514 3567 638 3621 οὐδὲ
667 3566 878 3635 γίνεται
919 3565 1074 3628 ὑετὸς
1110 3565 1167 3618 ἐν
1198 3563 1482 3635 Αἰγύπτῳ.
1516 3562 1824 3635 Ἱστορικῶς
1856 3562 1955 3634 μὲν
1984 3557 2102 3628 οὖν,

520 3661 704 3732 πάσης
750 3659 872 3713 τότε
904 3658 1004 3730 τῆς
1028 3655 1139 3709 τῶν
1179 3657 1389 3710 ὑδάτων
1443 3655 1658 3725 φύσεως
1695 3654 1838 3709 κατά
1878 3654 1978 3726 τὴν
2006 3653 2105 3708 Ατ-

517 3770 724 3831 γυπτον
751 3751 831 3824 τῷ
867 3749 1255 3825 προστάγματι
1281 3749 1375 3803 τοῦ
1412 3748 1656 3812 Μωσέως
1683 3751 1764 3812 είς
1806 3741 1947 3821 αἷμα
1974 3764 2108 3822 τρα-

518 3845 714 3918 πείσης
732 3885 747 3908 ,
772 3845 848 3910 ὡς
877 3843 1119 3906 καὶτοὺς
1153 3840 1342 3912 ἰχθύας
1360 3882 1375 3906 ,
1405 3843 1486 3905 είς
1521 3839 1775 3914 σαρκώδη
1816 3840 2106 3912 παχύτητα

515 3939 611 3994 τοῦ
636 3940 828 4004 ὓδατος
851 3940 1256 4014 μετατεθέντος,
1281 3937 1663 4013 διαφθαρῆναι,
1688 3937 1801 3999 τοῖς
1833 3934 2106 4007 Ἑϐραίοις

516 4033 844 4106 ἀρυομένοις
871 4027 1012 4103 αἷμα
1050 4032 1151 4085 οὐκ
1177 4025 1267 4102 ἦν.
1312 4027 1476 4083 Ὅθεν
1514 4027 1640 4099 ἐσχε
1677 4028 1771 4081 κα)⁹
1802 4028 1836 4100 ή
1888 4044 2105 4099 μαγγα-

517 4125 637 4179 νεία
665 4125 858 4198 καιρὸν
886 4125 944 4179 ἐν
978 4123 1055 4196 τῷ
1080 4122 1233 4194 παρά
1263 4123 1377 4185 τοῖς
1425 4119 1698 4192 Ἑϐραίοις
1727 4120 2105 4194 εὐρισκομένῳ

518 4217 694 4281 ὕδατι,
725 4216 786 4271 τὸ
812 4215 1120 4292 αίματῶδες
1147 4212 1292 4286 ὕδωρ
1325 4210 1820 4283 παρασοφίσασθαι.
1853 4210 2104 4280 Πνευμα-

518 4309 686 4374 τικῶς
719 4308 776 4362 δὲ
807 4308 903 4362 καὶ
926 4307 1020 4363 νῦν
1051 4306 1110 4361 τὸ
1140 4307 1254 4360 ἴσον
1294 4305 1442 4359 ἔστιν
1477 4303 1605 4358 ίδεῖν
1638 4302 1940 4374 γινόμενον.
1981 4302 2102 4357 Τῶν

517 4399 629 4472 γὰρ
660 4369 796 4471 πρὸς
831 4399 932 4461 τὰς
985 4397 1232 4460 ἐναντίας
1275 4396 1431 4463 δόξας
1466 4369 1826 4466 διεστηκότων
1858 4395 1972 4456 τοῖς
2007 4392 2106 4462 μὲν
2136 4369 2182 4428 Β

518 4491 749 4562 πότιμόν
779 4492 895 4543 ἐστι
925 4489 1020 4542 καὶ
1047 4487 1304 4558 διαφανὲς
1323 4475 1392 4540 ⁹τὸ
1439 4487 1585 4557 νᾶμα
1628 4483 1729 4554 τῆς
1771 4483 2010 4544 πίστεως
2031 4520 2046 4544 ,
2076 4478 2105 4532 ὃ

518 4605 607 4668 διὰ
631 4605 729 4676 τῆς
761 4604 907 4668 θείας
937 4602 1286 4667 διδασκαλίας
1317 4600 1610 4674 ἀρύονται·
1652 4599 1766 4662 τοῖς
1793 4597 1850 4654 δέ
1881 4595 1983 4666 τῆς
2010 4611 2109 4647 πο-

517 4698 692 4769 νηρᾶς
727 4696 1047 4768 ὑπολήψεως
1086 4695 1499 4765 αἰγυπτιάζουσι
1545 4691 1829 4764 διεφθορὸς
1868 4684 2007 4762 αἷμα
2043 4689 2106 4743 τὸ

518 4787 665 4862 ὕδωρ
679 4789 908 4859 γίνεται.
933 4791 1042 4848 Καὶ
1062 4789 1323 4853 πολλάκις
1344 4789 1615 4860 ἐπιχειρεῖ
1634 4789 1662 4842 6
1685 4783 2106 4858 παρασοφισμὸς

518 4880 617 4950 τῆς
651 4881 868 4954 ἀπάτης
904 4882 1000 4936 καὶ
1037 4882 1098 4943 τὸ
1139 4881 1257 4937 τῶν·
1296 4881 1648 4954 Ἰσραηλιτῶν
1689 4879 1853 4933 ποτὸν
1897 4876 1976 4949 τῷ
2010 4893 2106 4949 μο-

517 4973 710 5046 λυσμῷ
736 4973 830 5034 τοῦ
858 4973 1089 5044 ψεύδους
1115 4969 1254 5047 αἷμα
1281 4975 1526 5048 ποιῆσαι,
1549 4972 1797 5027 τουτέστι
1840 4969 1931 5023 τὸν
1977 4969 2107 5040 ἠμέν

516 5083 674 5136 τερον
702 5065 861 5134 λόγον
880 5105 895 5130 ,
927 5067 1022 5121 καὶ
1051 5069 1186 5139 ἡμῖν
1207 5065 1378 5141 δεῖξαι
1403 5106 1418 5131 ,
1451 5066 1529 5144 μὴ
1563 5063 1804 5122 τοιοῦτον
1839 5062 1966 5116 δντα
1993 5056 2105 5114 οἷόν

519 5161 684 5213 ἐστιν.
740 5159 878 5217 Ἀλλ’
909 5161 1010 5213 οὐκ
1037 5159 1359 5232 ἀχρειώσειε
1407 5157 1638 5215 καθόλου
1669 5156 1742 5215 τὸ,
1771 5155 1934 5209 ποτὸν
1957 5193 1971 5217 ,
2001 5151 2103 5208 κᾶν

518 5251 584 5305 ἐκ
623 5250 716 5304 τοῦ
766 5252 1058 5327 προχείρου
1106 5233 1172 5306 δι’
1203 5250 1421 5319 ἀπάτην
1462 5246 1806 5321 περιφοινίξῃ
1845 5246 1906 5299 τὸ
1942 5241 2102 5308 εἶδος.

525 5342 676 5395 Πίνει
701 5341 809 5414 γὰρ
833 5346 861 5397 ό
913 5342 1249 5415 Ἰσραηλίτης
1269 5342 1331 5394 τὸ
1356 5339 1609 5414 ἀληθινὸν
1633 5338 1802 5411 ὕδωρ,
1825 5337 1945 5391 ούδέ
1967 5335 2104 5413 πρὸς

517 5433 579 5493 τὸ
602 5431 741 5497 εἶδος
761 5435 862 5506 τῆς
884 5436 1106 5506 ἀπάτης
1134 5435 1619 5508 ἐπιστρεφόμενος.

588 5552 633 5585 ¹⁸
656 5552 977 5622 Prov.tx,2.
1063 5552 1108 5584 ¹⁶
1140 5553 1296 5609 Rom.
1335 5568 1451 5633 VIII,
1477 5549 1531 5607 8.

591 5670 707 5740 (903
749 5671 913 5726 Forte
939 5671 1322 5738 ἐξαπλωθεῖεν.

595 5740 729 5819 (90‘)
778 5743 836 5795 Ἃ
876 5744 908 5795 ὁ
935 5745 1099 5809 Θεός.
1132 5740 1292 5797 Forte
1317 5741 1423 5798 dcl.
1457 5743 1511 5796 ἆ.

1399 379 1968 440 SUPPLEMENTUM
2008 379 2100 435 AD
2135 376 2472 436 ORILENIS
2504 373 2912 433 EXEGETICA.

3661 369 3764 425 148

2209 517 2422 568 mensa,
2479 515 2642 569 super
2673 514 2836 571 quam
2865 496 3125 568 sapientia
3152 495 3497 551 mactationes
3523 509 3648 548 sua:
3675 495 3772 548 im-

2204 598 2379 668 ponit,
2406 604 2454 650 et
2483 595 2662 649 vinum
2697 609 2852 648 suum
2876 594 3057 649 miscet
3083 592 3139 647 in
3162 601 3369 646 cratera
3392 589 3458 648 ⁸⁸.
3492 588 3680 659 Neque
3695 588 3774 644 ira

2203 691 2258 746 in
2289 704 2388 744 nos
2415 687 2713 755 ascendat;
2744 675 2968 756 spiritus
2995 699 3190 755 nempe
3218 691 3539 753 potestatem
3568 680 3776 736 haben-

2201 782 2275 838 tis
2299 781 2578 846 seductor,
2605 779 2694 847 qui
2724 778 3081 848 praecursoris
3109 777 3282 831 instar
3330 775 3416 831 vel
3465 774 3775 844 speculato-

2202 875 2301 940 ris,
2331 887 2399 928 ex
2449 871 2694 926 tenebris
2741 872 2793 925 in
2827 871 3023 941 quibus
3062 883 3182 925 sese
3227 867 3535 933 abdiderat,
3567 867 3620 921 in
3656 865 3774 921 ani-

2201 979 2344 1020 mam
2395 961 2636 1016 ascendit
2678 976 2776 1030 per
2822 959 3247 1030 cogitationem:
3277 972 3454 1028 neque
3485 970 3597 1013 ceu.
3635 956 3775 1028 ignis

2209 1054 2585 1112 inﬂammetur
2610 1065 2676 1107 ex
2718 1051 2910 1121 ignitis
2942 1051 3139 1120 iaculis
3192 1050 3421 1106 inimici.
3469 1049 3580 1105 Sed
3618 1048 3774 1104 fene-

2203 1156 2331 1202 strae
2356 1144 2479 1201 cmli
2514 1143 2672 1200 nobis
2711 1142 3064 1212 aperiantur:
3099 1158 3285 1198 rerum
3327 1140 3774 1197 intellectualium

2201 1253 2267 1291 ac
2309 1234 2634 1306 spiritalium
2685 1234 2918 1288 virtutes
2965 1233 3337 1302 explicentur.
3382 1273 3398 1288 .
3440 1272 3456 1289 .
3503 1272 3520 1290 .
3559 1271 3577 1289 .
3617 1232 3776 1289 malat-

2203 1328 2406 1384 inferni
2443 1338 2497 1382 et
2526 1327 2742 1390 mortis,
2789 1341 2910 1395 qua
2967 1341 3075 1382 non
3129 1325 3443 1398 praevalent,
3476 1326 3778 1381 secundum

2205 1418 2453 1487 Petrum,
2483 1419 2551 1475 iis
2577 1419 2669 1489 qui
2704 1421 3002 1475 ascendunt
3031 1421 3097 1474 ad
3137 1427 3321 1488 portas
3349 1417 3475 1473 ﬁliae
3515 1417 3667 1474 Sion.
3710 1417 3780 1474 Et

2206 1512 2370 1568 homo
2403 1513 2495 1584 qui
2535 1523 2619 1570 est
2653 1513 2707 1569 in
2747 1511 2964 1569 occulto
2991 1515 3196 1581 cordis,
3231 1516 3325 1586 qui
3364 1525 3449 1570 est
3479 1516 3777 1572 secundum

2205 1605 2497 1677 imaginem
2531 1606 2652 1673 Dei,
2688 1607 3071 1664 commensalis
3104 1607 3416 1676 angelorum
3447 1608 3563 1673 liat,
3588 1622 3779 1662 verum

2206 1713 2404 1754 manna
2432 1699 2728 1754 comedens
2755 1708 2810 1754 et
2841 1713 3025 1755 escam
3053 1699 3119 1754 de
3144 1701 3305 1765 ctelo,
3348 1715 3456 1754 non
3497 1709 3684 1754 autem
3711 1699 3780 1756 de

2177 1816 2183 1821 -
2209 1801 2354 1846 terra
2381 1791 2696 1858 maledicta,
2729 1807 2891 1864 quam
2925 1794 3017 1864 qui
3048 1802 3258 1862 peccat,
3288 1794 3342 1848 in
3373 1792 3652 1848 doloribus
3683 1806 3783 1847 co-

2207 1883 2397 1938 medit.
2427 1882 2530 1949 Qui
2568 1883 2684 1939 haec
2716 1884 2956 1939 audiunt
2982 1893 3201 1940 sumant
3253 1885 3391 1952 alas,
3442 1883 3497 1938 in
3551 1883 3782 1938 sublime

2206 1975 2472 2042 ferantur,
2531 1991 2639 2031 non
2686 1976 2917 2046 amplius
2954 1976 3064 2032 sint
3106 1977 3161 2031 in
3197 1989 3408 2042 carne;
3456 1976 3568 2032 sint
3591 1976 3644 2030 in
3671 1975 3784 2044 spi-

2209 2066 2313 2121 ritu
2341 2083 2357 2122 :
2389 2064 2493 2132 Qui
2523 2066 2662 2121 enim
2692 2067 2745 2120 in
2771 2083 2926 2122 carne
2957 2077 3105 2132 sunt,
3134 2067 3243 2122 Deo
3274 2066 3484 2136 placere
3512 2081 3620 2121 non
3659 2080 3785 2135 poo-

2207 2169 2329 2212 umt
2360 2159 2426 2212 “.
2459 2158 2565 2214 Sed
2598 2158 2666 2212 ad
2701 2158 2985 2213 historiam
3018 2163 3422 2216 revertendum.

2209 2249 2270 2305 V.
2307 2251 2399 2306 Μ.
2435 2249 2502 2304 Et
2528 2250 2784 2322 convertit
2811 2250 2868 2303 in
2900 2253 3208 2322 sanguinem
3236 2254 3460 2321 ﬂumina
3499 2269 3702 2322 eorum,
3732 2259 3785 2312 et

2415 2321 2671 2390 pluviam
2703 2337 2870 2390 aquas
2897 2321 3102 2388 eorum,
3131 2334 3186 2375 ut
3216 2339 3319 2377 non
3364 2322 3566 2379 bibant.

2277 2478 2411 2534 Novi
2440 2479 2738 2534 secundum
2775 2479 3039 2536 moralem
3089 2495 3311 2537 sensum
3347 2482 3516 2537 multa
3556 2480 3788 2540 ﬂumina

2205 2573 2428 2645 Egypti
2460 2574 2736 2628 contraria
2770 2575 2992 2631 Christo
3033 2591 3164 2632 vero
3191 2575 3424 2644 ﬂumini,
3476 2580 3633 2650 cujus
3683 2581 3790 2636 im-

2211 2674 2373 2733 petus
2422 2663 2724 2720 Ecclesiam
2775 2663 3070 2722 lactiﬁcant.
3125 2663 3196 2722 At
3257 2684 3601 2741 quaecunque
3659 2683 3791 2729 sunt

2210 2754 2413 2811 ﬂuenta
2444 2756 2607 2813 saluti
2632 2757 2930 2826 contraria,
2958 2761 3178 2829 quando
3209 2763 3325 2818 vult
3346 2762 3488 2818 Deus
3517 2765 3789 2834 quosdam

2210 2860 2557 2916 convertere,
2583 2859 2642 2904 ut
2666 2861 2930 2907 exeuntes
2961 2853 3150 2908 bibant
3172 2854 3239 2910 de
3271 2866 3451 2926 petra,
3482 2872 3606 2927 quae
3631 2868 3794 2927 petra

2209 2938 2464 2996 Christus
2525 2949 2630 3010 est,
2700 2941 2834 2998 facit
2885 2951 2944 2998 ut
2992 2945 3046 3000 in
3095 2947 3422 3018 sanguinem
3474 2958 3794 3006 vertantur.

2209 3031 2439 3098 Quando
2472 3035 2618 3090 enim
2649 3050 2751 3106 ego
2781 3035 2980 3092 damno
3011 3037 3250 3094 alienam
3283 3055 3480 3111 aquam
3523 3043 3646 3099 sive
3692 3058 3797 3100 co-

2210 3127 2401 3196 gitata,
2452 3128 2562 3184 Deo
2604 3130 2736 3184 mihi
2776 3131 3114 3198 ostendente,
3165 3135 3297 3205 quia
3345 3137 3570 3207 sanguis
3617 3145 3798 3206 sunt;

2217 3233 2324 3273 non
2375 3219 2608 3290 amplius
2659 3220 2804 3285 bibo,
2859 3230 2918 3278 ut
2965 3238 3072 3279 non
3119 3228 3394 3298 particeps
3435 3227 3560 3284 tiam
3595 3229 3802 3300 pluvia;

2208 3309 2510 3379 sanguinis.
2557 3309 2614 3364 In
2672 3310 2776 3366 hoc
2824 3326 2988 3367 censu
3030 3315 3264 3371 habendi
3302 3318 3430 3385 sint,
3473 3320 3570 3389 qui
3615 3336 3802 3391 pauca

2208 3400 2428 3465 quidem
2487 3399 2809 3470 loquuntur,
2859 3404 2953 3459 sed
3025 3405 3380 3462 nihilominus
3446 3412 3792 3478 perniciosa.
3892 3427 3905 3438 °

2207 3487 2378 3542 Porro
2408 3490 2714 3544 secundum
2748 3491 3564 3564 bistoriamHEgyptiicmlitus
3589 3513 3799 3567 aquam

2208 3593 2316 3633 non
2343 3579 2566 3646 habent,
2617 3597 2718 3637 nec
2766 3582 2827 3638 iit
2859 3583 3040 3653 pluvia
3096 3587 3148 3640 in
3196 3585 3456 3661 AEgypto.
3508 3588 3799 3649 Historice

2209 3673 2394 3744 igitur,
2423 3677 2679 3732 universa
2745 3686 2875 3734 tunc
2930 3694 3192 3750 aquarum
3233 3692 3426 3737 natura
3477 3697 3575 3753 per
3621 3684 3802 3758 Egy-

2207 3782 2362 3838 ptum
2389 3770 2649 3826 mandato
2682 3769 2889 3843 Moysis
2937 3773 2993 3829 in
3045 3773 3365 3845 sanguinem
3405 3791 3590 3842 versa,
3617 3793 3800 3848 usque

2206 3863 2343 3915 adeo
2362 3869 2419 3914 ut
2442 3860 2604 3916 etiam
2635 3863 2833 3932 pisces,
2865 3866 2919 3921 in
2949 3882 3208 3923 carneam
3237 3871 3548 3927 crassitiem
3579 3883 3801 3932 mutata

2206 3968 2373 4021 aqua,
2405 3952 2730 4022 interirent;
2758 3956 3000 4015 Hebraeis
3025 3960 3404 4018 haurientibus
3431 3965 3655 4036 sanguis
3679 3981 3800 4024 non

2206 4054 2347 4099 erat.
2371 4044 2550 4111 Quare
2590 4047 2758 4102 etiam
2806 4049 2983 4106 locum
3034 4052 3346 4108 habuerunt
3398 4056 3696 4125 praestigiae
3737 4057 3801 4113 in

2215 4153 2357 4205 aqua
2406 4154 2577 4210 penes
2627 4141 2885 4200 Hebraeos
2910 4145 3149 4212 inventa,
3181 4147 3536 4217 sanguineam
3588 4163 3801 4219 aquam

2215 4231 2534 4288 exhibendi.
2566 4232 2845 4305 Spiriluali
2885 4252 3071 4307 sensu,
3113 4254 3256 4295 nunc
3305 4255 3520 4311 quoque
3543 4241 3675 4298 licet
3712 4243 3802 4299 vi-

2211 4320 2339 4374 dere
2369 4321 2602 4390 idipsum
2632 4323 2969 4392 contingere.
2994 4327 3071 4382 Ex
3102 4331 3170 4388 iis
3198 4331 3341 4387 enim
3370 4331 3460 4402 qui
3493 4334 3806 4393 contrariis

2211 4413 2559 4482 Opinionibus
2583 4415 2912 4482 dividuntur,
2951 4418 3040 4473 alii
3073 4419 3274 4476 habent
3308 4423 3544 4492 potabile
3573 4440 3642 4480 ac
3675 4426 3803 4494 pel-

2208 4504 2449 4559 lucidum
2486 4505 2612 4562 ﬂdei
2655 4503 2939 4575 ﬂuentum,
2990 4509 3132 4578 quod
3177 4524 3242 4568 ex
3280 4511 3478 4567 divinis
3528 4512 3806 4571 hauriunt

2209 4595 2566 4652 documentis.
2611 4597 2681 4652 At
2723 4599 2790 4654 iis
2821 4600 2914 4669 qui
2952 4601 3198 4671 reprobre
3232 4603 3518 4658 sententia:
3571 4604 3801 4662 ratione

2207 4686 2505 4760 IEgyptum
2533 4703 2644 4760 pra:
2685 4705 2746 4748 se
2784 4693 2989 4762 ferunt,
3018 4693 3071 4749 in
3099 4705 3417 4762 corruptum
3461 4700 3802 4768 sanguinem

2206 4782 2390 4837 evadit
2424 4797 2567 4852 aqua
2594 4802 2610 4839 :
2635 4799 2698 4839 ac
2725 4799 2868 4856 sazpe
2901 4785 3186 4842 enituntur
3217 4789 3510 4860 pmsligia:
3555 4791 3800 4858 erroris,

2207 4873 2566 4930 lsraeliticum
2603 4892 2819 4946 quoque
2858 4888 3056 4947 potum
3099 4879 3517 4950 inquinamento
3558 4885 3803 4939 menda-

2206 4967 2273 5020 cii
2314 4968 2638 5039 sanguinem
2671 4969 2887 5028 eﬂicere
2914 4989 2931 5040 ;
2970 4975 3024 5028 id
3051 4985 3136 5031 est
3166 4991 3480 5031 sermonem
3515 4987 3800 5047 nostrum,

2207 5060 2475 5130 nobisque
2505 5063 2803 5118 ostendere
2832 5063 2993 5122 talem
3031 5081 3140 5121 non
3173 5081 3292 5122 esse
3335 5066 3515 5141 qualis
3547 5077 3655 5126 est.
3685 5069 3805 5126 Sed

2210 5151 2420 5206 inutilis
2463 5168 2691 5223 prorsus
2745 5163 2906 5224 potus
2952 5171 3059 5210 non
3120 5157 3235 5222 ﬂet,
3291 5159 3508 5213 tametsi
3568 5171 3807 5230 aspectu

2205 5244 2382 5313 primo
2431 5262 2534 5317 per
2585 5263 2828 5303 errorem
2885 5251 3100 5320 species
3155 5251 3273 5322 ejus
3322 5251 3604 5308 rubescat.
3646 5254 3809 5310 Bibit

2207 5337 2352 5390 enim
2386 5336 2632 5394 Israelita
2667 5355 2922 5396 veracem
2953 5357 3168 5412 aquam,
3219 5344 3444 5400 minimc
3488 5345 3812 5415 respiciens

2205 5430 2443 5500 speciem
2479 5433 2706 5489 erroris.

2283 5669 2394 5742 (91)
2428 5669 2588 5742 [orte
2613 5670 2938 5739 καταγνούς.

2275 5739 2412 5813 (91⁸)
2439 5739 2602 5798 Forte
2629 5757 2741 5812 μοι.
