4004 6538
251 378 341 437 ιω
1396 383 1654 448 FRACM.
1698 390 1764 446 IN
1797 392 1832 446 P

1899 390 2209 451 OVERBIA.
2550 469 2575 470 ί,
2660 466 2697 470 _
2831 466 2921 470 ὠ
3375 394 3480 452 tea

809 477 816 484 ·
886 476 1053 534 ΨΑΑ.
1082 480 1161 533 [ιν.
1837 497 1884 550 Α
2470 466 2923 543 rsItLTLXXi.‘

445 563 594 636 Στζχ.
617 564 683 636 β’.
731 566 1086 632 Ἀλαλάξειτε
1113 569 1192 637 τῷ
1225 571 1347 639 Θεῷ
1386 573 1596 628 Ἰακώϐ.

1542 577 1596 628 ιϐ.
2301 579 2361 634 γ.
2401 580 2458 634 Ξ.
2497 579 2732 634 Jubilate
2761 580 2870 634 Deo
2895 579 3123 634 Jacob.‘

300 654 436 709 Θεὸν
470 657 663 710 Ἰακὼϐ
694 658 782 712 τὸν
813 661 1040 733 Σωτῆρα
1073 662 1294 718 καλοῦσι
1322 664 1411 719 τὸν
1437 668 1493 718 έν
1526 667 1810 739 ἀνθρώπου

1981 668 2150 724 Deum
2182 666 2349 726 Jacob
2391 671 2663 739 appellant
2692 669 3032 725 Salvatorem
3061 711 3077 734 ,
3107 669 3198 740 qui
3227 671 3279 722 in
3309 673 3477 740 ﬁgura

239 749 474 820 σχήματι
504 749 740 820 ὀφθέντα
782 752 861 830 τῷ
901 754 1093 807 ’ῐακὼὸ
1140 758 1219 820 είς
1248 757 1478 829 δήλωσιν
1521 761 1618 830 τῆς
1678 761 1812 833 μετά

1912 760 2149 815 hominis
2195 759 2400 815 Jacobo
2432 765 2684 831 apparuit
2727 763 2794 817 ad
2840 763 3188 818 indicandam
3239 761 3476 816 futuram

237 839 406 896 ταῦτα
445 844 927 917 ὲνανθρωπήσεως.
984 849 1296 915 Ἀλαλάζειν
1327 851 1383 905 δὲ
1417 854 1811 924 προστάττουσι

1912 851 2365 908 incarnationem.
2394 852 2634 910 Jubilare
2667 866 2846 910 autem
2873 859 3083 924 jubent.
3117 857 3361 915 victoriae
3385 857 3481 926 hy-

236 937 544 1007 νικητήριον
586 935 752 1008 ὕμνον
796 939 1209 1011 ἀναπέμποντες
1255 942 1422 1014 αὐτῷ,
1470 944 1545 1008 ὠς
1577 945 1813 999 καταλύ-

1913 958 2040 998 mno
2067 944 2401 1001 celebrantes
2429 960 2572 1010 eum,
2607 955 2790 1015 utpote
2818 948 2910 1015 qui
2936 947 3306 1016 proﬁigaverit
3329 947 3480 1001 illum

237 1043 386 1081 σαντι
414 1027 506 1082 τὸν
531 1028 592 1082 τὸ
636 1031 837 1108 κράτος
873 1031 1062 1103 ἔχοντα
1092 1034 1186 1088 τοῦ
1219 1035 1470 1101 θανάτου,
1499 1038 1575 1101 ὡς
1604 1039 1667 1091 ὲκ
1711 1038 1812 1108 τῆς

1914 1033 2454 1103 quiliabebatmortis
2484 1038 2794 1108 imperium,
2826 1047 2881 1091 et
2903 1053 2932 1092 a
2962 1042 3266 1094 daemonum
3301 1048 3484 1110 tyran-

233 1116 337 1171 τῶν
390 1117 660 1190 δαιμόνων
717 1123 1173 1189 καταδυναστείας
1221 1127 1529 1199 ῥυσαμένῳ.
1579 1130 1814 1183 Ἀλαλα-

1913 1127 2037 1182 nide
2085 1129 2151 1187 in
2201 1127 2506 1184 libertatem
2563 1131 2884 1185 asseruerit.
2937 1129 3195 1184 Jubilatio
3247 1145 3485 1198 namque

235 1207 380 1276 γμὸς
403 1209 514 1280 γάρ
544 1211 691 1263 ἐστιν
730 1211 897 1283 ὕμνος
930 1213 1212 1280 έπινίκιος,
1250 1216 1308 1269 ὃν
1338 1216 1430 1270 καὶ
1459 1219 1505 1270 οἱ
1543 1219 1606 1271 ὲκ
1634 1217 1812 1272 Βαϐυ-

1915 1218 2148 1288 hymnus
2163 1230 2247 1274 est
2273 1221 2594 1286 victorialis,
2613 1238 2772 1292 quem
2799 1223 2964 1277 etiam
2993 1224 3085 1292 qui
3111 1224 3178 1278 de
3209 1223 3484 1293 Babylone

233 1299 397 1364 λῶνος
431 1303 801 1368 ἀνασωθέντες
830 1305 908 1376 τῷ
951 1307 1054 1378 τὴν
1096 1308 1254 1379 νίκην
1293 1307 1664 1383 δωρησαμένῳ
1695 1312 1813 1382 Θεῷ

1914 1307 2114 1360 servati
2145 1317 2290 1372 sunt,
2318 1309 2560 1364 victoria:
2593 1310 2837 1382 largitori
2873 1313 2984 1367 Deo
3021 1327 3224 1367 canere
3253 1313 3483 1367 sese-in-

235 1389 481 1460 ἀλλήλοις
527 1391 729 1462 ὑφῆναι
772 1394 1256 1465 παρακελεύονται.
1311 1397 1670 1472 Ἦθικώτερον
1719 1403 1812 1457 δέ·

1913 1399 2090 1453 vicem
2140 1400 2519 1457 adhortantur.
2562 1403 2630 1457 Et
2681 1407 2855 1475 magis
2895 1407 3218 1461 moraliter:
3250 1421 3485 1476 quorum

234 1477 305 1538 ὧν
361 1485 464 1555 μὲν
517 1486 924 1558 κατορθούντων
965 1488 1016 1540 οἱ
1066 1490 1269 1560 καρποὶ
1315 1492 1411 1544 ἐπὶ
1470 1492 1567 1556 τὰς
1621 1493 1815 1563 ληνοὺς

1915 1490 2144 1546 virtuosi
2183 1491 2392 1547 fructus
2443 1495 2496 1546 in
2537 1494 2830 1548 toreularia
2869 1496 3133 1560 veniunt,
3179 1497 3484 1551 audiunto:

233 1575 512 1648 ἔρχονται,
558 1578 904 1636 ἀκουέτωσαν
943 1581 1068 1634 τοῦ·
1119 1581 1503 1651 Ἀταλλιᾶσθε
1538 1583 1618 1649 τῷ
1657 1584 1811 1651 Θεῷο

1913 1580 2150 1635 Jubilate
2190 1581 2296 1636 Deo
2333 1599 2353 1637 :
2384 1595 2440 1638 at
2472 1586 2561 1653 qui
2599 1587 2842 1653 peccavit
2879 1597 2934 1642 et
2977 1587 3182 1656 indiget
3216 1587 3489 1657 paeniten-

229 1671 256 1722 ὁ
280 1669 337 1723 δὲ
375 1669 640 1743 ἁμαρτὼν
671 1673 766 1727 κα)⁸
811 1673 1060 1744 δεόμενος
1107 1675 1390 1746 μετανοίας
1425 1677 1520 1730 καὶ
1564 1679 1810 1750 ἐπιστρο-

1921 1671 1992 1725 tia
2023 1681 2186 1742 atque
2212 1673 2589 1740 conversione,
2631 1692 2738 1730 non
2777 1678 3035 1743 exsultet,
3060 1680 3156 1733 sed
3186 1678 3371 1736 doleat
3405 1694 3489 1735 se-

230 1761 334 1834 φῆς
369 1763 446 1834 μὴ
487 1763 853 1832 ἀγαλλιάσθω,
877 1765 1012 1819 ἀλλὰ
1039 1765 1332 1838 λυπηθήτω
1361 1766 1505 1820 κατὰ
1545 1768 1698 1822 Θεόν.
1751 1770 1811 1822 Ἡ

1917 1763 2150 1818 cundum
2183 1764 2375 1820 Deum.
2405 1767 2567 1822 Dolor
2598 1770 2741 1824 enim
2766 1770 3058 1825 secundum
3098 1772 3282 1834 Deum,
3317 1772 3487 1840 poeni-

228 1854 333 1927 γὰρ
364 1856 510 1910 κατά
541 1855 671 1914 Θεὸν
714 1855 859 1928 λύπη
909 1857 1197 1928 μετάνοιαν
1233 1861 1315 1922 είς
1362 1859 1635 1932 σωτηρίαν
1673 1861 1809 1929 ἀμεσ

1917 1855 2142 1909 tentiam
2185 1855 2237 1909 in
2280 1856 2512 1913 salutem
2541 1874 2649 1913 non
2695 1859 3063 1930 paenitendam
3092 1872 3373 1931 operatur.
3407 1861 3487 1917 Tu

229 1949 531 2020 ταμέλητον
560 1950 972 2020 κατεργάζεται.
1009 1951 1118 2004 Καὶ
1145 1951 1232 2016 σὺ,
1257 1951 1351 2006 ἐὰν
1391 1951 1676 2024 βοηθηθεὶς
1707 1951 1810 2006 ὑπὸ

1915 1962 2132 2019 quoque
2189 1950 2236 2004 si
2295 1951 2552 2006 divinitus
2611 1952 2829 2022 adjutus
2872 1953 3082 2008 fructus
3130 1954 3386 2008 invcxisti
3433 1956 3489 2009 in

227 2038 360 2093 Θεοῦ
403 2040 504 2110 τὴν
540 2041 870 2112 συγκομιδὴν
897 2043 1137 2114 ἐποιήσω
1173 2042 1282 2096 τῶν
1316 2044 1544 2115 καρπῶν
1572 2044 1667 2098 ἐπὶ
1712 2044 1808 2110 τὰς

1917 2051 2107 2098 sancta
2140 2042 2461 2108 toreularia,
2489 2058 2559 2098 ne
2587 2043 2925 2101 obliviscaris
2955 2045 3071 2112 Dei,
3105 2055 3371 2116 quatenus
3399 2061 3491 2100 au-

228 2134 389 2202 ἀγίας
417 2133 633 2202 ληνοὺς,
677 2134 750 2206 μὴ
783 2135 1139 2190 έπιλανθάνου
1183 2136 1280 2190 τοῦ
1325 2137 1482 2201 Θεοῦ,
1517 2137 1652 2191 καθὸ
1687 2136 1809 2208 βοη-

1917 2135 2135 2190 xiliator
2182 2144 2305 2190 tuus
2361 2133 2486 2192 fuit.
2540 2135 2785 2192 Tametsi
2840 2139 2985 2193 haud
3046 2148 3337 2208 suppetant
3389 2138 3490 2196 tibi

228 2225 311 2288 θός
351 2242 449 2278 σου
485 2225 710 2294 γίνεται.
755 2226 874 2281 Κᾶν
909 2227 1119 2300 ἀπορῇς
1147 2227 1321 2297 λόγων
1369 2227 1478 2282 τῶν
1506 2228 1626 2283 κατ’
1660 2227 1809 2296 ἀξίαν

1917 2227 2078 2282 verba
2111 2243 2231 2297 quae
2272 2229 2432 2299 digne
2465 2229 2614 2284 reddi
2648 2229 2857 2299 possint
2895 2230 3006 2286 Deo
3050 2246 3149 2299 pro
3177 2231 3479 2301 gratiarum

226 2318 713 2391 ἀποδοθησομένων
763 2319 841 2391 τῷ
895 2321 1013 2394 Θεῷ
1064 2324 1121 2376 ἐν
1179 2323 1540 2395 εὐχαριστίᾳ,
1583 2322 1807 2388 ἀλάλαζε

1916 2320 2157 2385 actione;
2190 2319 2362 2390 jubila
2387 2321 2744 2378 nihilominus
2779 2323 2975 2393 insigni
3000 2337 3156 2391 voce,
3187 2327 3352 2378 corde
3374 2324 3487 2379 cla-

226 2410 458 2482 εὑσήμῳ
491 2413 676 2482 φωνῇ,
728 2411 958 2482 καρδίας
998 2413 1335 2484 κεκραγυίας
1383 2412 1807 2484 ὑπερὸαινούσης

1917 2422 2100 2468 mante
2135 2414 2278 2484 quod
2317 2415 2729 2486 supergreditur
2755 2415 3064 2486 signiﬁcata
3095 2417 3363 2472 sermonis
3391 2418 3487 2470 de-

226 2499 291 2554 τά
343 2501 732 2573 σημαινόμενα
787 2502 1101 2572 ἀπορούσης
1143 2503 1375 2568 λέξεως,
1425 2504 1520 2557 καὶ
1571 2503 1658 2557 διὰ
1718 2503 1807 2574 τὴς.

1919 2505 2154 2561 ﬁcientis
2180 2547 2196 2570 ,
2229 2518 2392 2577 atque
2436 2523 2532 2577 per
2578 2508 2938 2564 deﬁcientiam
2987 2511 3159 2579 ipsam
3192 2511 3485 2566 vocabulo-

226 2592 466 2665 ἀπορίαν
498 2592 609 2646 τῶν
657 2592 856 2658 λέξεων
903 2595 1190 2666 ἀπόρρητα
1237 2595 1332 2650 καὶ
1363 2595 1578 2668 ἄρρητα
1628 2593 1807 2647 λαλού-

1919 2613 2057 2661 rum,
2089 2607 2297 2654 secreta
2340 2608 2397 2654 et
2433 2598 2726 2655 ineffabilia
2762 2599 3026 2670 loquitur.
3058 2600 3114 2655 Si
3157 2602 3303 2656 enim
3332 2612 3491 2655 tran-

229 2702 344 2756 σης.
406 2685 532 2739 Ἐὰν
573 2685 684 2757 γὰρ
711 2686 918 2758 ἀναὸῇς
968 2687 1039 2740 τὰ
1079 2686 1274 2753 λεκτὰ,
1315 2688 1412 2741 ἐὰν
1452 2686 1696 2760 ὑπερϐᾔς
1751 2686 1810 2741 τὰ

1918 2687 2149 2744 scendas
2192 2704 2312 2760 quae
2366 2690 2552 2745 verbis
2601 2689 2889 2756 dicuntur,
2945 2706 3009 2746 ac
3054 2689 3492 2762 supergrediaris

226 2776 718 2848 ἀπαγγελλόμενα,
757 2777 825 2832 τὰ
869 2775 958 2831 διὰ
1002 2778 1268 2850 στόματος
1325 2778 1680 2850 φωνούμενα,
1726 2780 1807 2833 ml

1917 2794 2038 2850 qua:
2097 2794 2194 2834 ore
2241 2777 2555 2848 proferente
2605 2781 2992 2845 enuntiantur,
3043 2779 3265 2849 soloque
3308 2779 3491 2832 animo

233 2869 382 2940 μόνῳ
429 2868 507 2940 νῷ
545 2869 779 2941 δυνηθῇς
824 2869 1010 2941 ὑμνεῖν
1048 2869 1142 2923 τὸν
1189 2869 1342 2932 Θεὸν,
1387 2867 1464 2940 τῷ
1523 2869 1814 2942 ἀποροῦντι

1917 2871 2096 2942 possis
2142 2869 2400 2943 hymnum
2447 2871 2631 2926 dicere
2682 2870 2832 2936 Deo,
2880 2871 3006 2925 dum
3070 2871 3261 2940 nequis
3315 2878 3493 2926 motus

226 2961 500 3015 ἐπιθεῖναι
529 2961 599 3015 τὰ
625 2961 818 3015 ἑαυτοῦ
842 2961 1120 3032 κινήματα
1155 2960 1232 3031 τῷ
1264 2961 1428 3031 λόγῳ,
1464 2959 1613 3033 παρὰ
1640 2961 1702 3014 τὸ
1729 2961 1807 3014 et»

1920 2972 2043 3018 tuos
2072 2962 2258 3018 verbis
2285 2976 2610 3032 componere
2637 3002 2652 3029 ,
2686 2962 2813 3032 quia
2845 2977 3026 3017 sermo
3055 2972 3178 3017 tuus
3210 2976 3315 3016 non
3349 2960 3493 3014 valet

225 3053 384 3121 λόγον
433 3052 527 3106 τὸν
560 3053 620 3106 ὲν
652 3053 734 3106 σοὶ
771 3053 846 3126 μὴ
878 3053 1135 3108 δύνασθαι
1167 3053 1456 3125 βαστάζειν
1482 3054 1577 3107 τοῦ
1622 3055 1714 3109 νοῦ
1751 3056 1806 3111 τὰ

1918 3055 2226 3124 exprimere
2271 3068 2359 3108 res
2390 3053 2636 3108 occultas
2663 3054 2860 3108 mentis
2889 3062 2946 3108 et
2977 3053 3218 3114 divinas;
3249 3062 3490 3107 attamen

229 3145 522 3217 ἀπόρρητα
553 3145 647 3198 καὶ
670 3144 738 3198 τὰ
768 3145 906 3211 θεῖα,
939 3144 1224 3211 ἀλαλάξεις
1247 3145 1325 3218 τῷ
1356 3145 1474 3218 Θεῷ
1511 3145 1725 3213 Ἰακὼϐ,
1745 3147 1810 3212 ὡς

1914 3147 2117 3217 jubilas
2171 3146 2277 3200 Deo
2321 3144 2512 3208 Jacob,
2544 3153 2730 3214 utpote
2777 3145 3023 3200 imitator
3065 3135 3491 3215 supplantatori's

232 3236 478 3309 μιμητὴς
506 3235 602 3291 τοῦ
634 3237 956 3309 πτερνιστοῦ
993 3237 1206 3293 Ἰακώϐ.

554 3235 602 3291 >ῦ
634 3237 956 3309 πτερνιστοῦ
993 3237 1206 3293 Ἰακώϐ.
1927 3236 2135 3291 Jacobi.

319 3354 323 3358 λ
650 3349 658 3358 ι
842 3329 1011 3387 ΨΑΛ.
1051 3330 1182 3383 ΡΝ’.

2544 3324 2736 3383 PSAL.
2769 3325 2873 3382 (IL.

328 3420 488 3492 Στίχ.
526 3427 597 3491 γ’.
632 3421 858 3476 Αἰνεῖτε
885 3421 1072 3477 αὐτὸν
1098 3421 1169 3476 ἐν
1194 3421 1324 3492 ἤχῳ
1358 3422 1713 3494 σάλπιγγος.

1629 3441 1713 3488 ος.
2209 3416 2272 3470 V.
2300 3416 2356 3472 ὅ.
2386 3415 2624 3470 Laudate
2658 3432 2777 3470 eum
2806 3416 2861 3469 in
2891 3432 3019 3470 sono
3049 3414 3210 3472 tubw.

298 3513 501 3576 ’Δλλος
544 3514 696 3585 φησὶ,
742 3512 840 3566 διὰ
873 3512 1026 3582 ἤχου
1056 3515 1392 3582 κερατίνης,
1435 3515 1725 3590 Ἱερατικὺν
1760 3513 1818 3568 δὲ
1847 3503 1879 3560 C

1992 3509 2143 3564 Alius
2174 3509 2328 3574 dicit,
2355 3525 2446 3576 per
2492 3525 2679 3563 sonum
2705 3525 2909 3562 cornere
2937 3509 3001 3566 ⁸⁷.
3027 3509 3154 3564 Erat
3182 3510 3286 3564 hoc
3316 3523 3496 3565 sacer—

228 3603 389 3658 τοῦτο
423 3603 484 3658 τὸ
508 3604 757 3677 δργανον.
787 3606 848 3658 Oi
886 3606 1049 3676 ἱερεῖς
1081 3604 1190 3677 γὰρ
1237 3607 1474 3677 ἐχρῶντο
1514 3610 1633 3671 ταῖς
1687 3605 1809 3660 σάλ·

1927 3599 2104 3656 dotale
2135 3599 2579 3654 instrumentum.
2628 3598 2954 3654 Sacerdotes
3001 3614 3236 3668 namque
3267 3599 3497 3653 uteban-

229 3697 379 3765 πιγξι
402 3736 422 3761 ,
480 3696 588 3750 τῶν
631 3697 690 3751 ὲν
736 3697 864 3750 Σινᾶ
908 3696 1214 3767 γενομένων
1265 3697 1579 3768 σαλπίγγων
1620 3698 1810 3768 ἀναμι-

1929 3704 2019 3750 tur
2049 3694 2216 3762 tubis,
2247 3693 2299 3749 in
2330 3694 2648 3750 memoriam
2677 3693 2927 3748 tubarum
2957 3708 3075 3762 quae
3099 3693 3149 3746 in
3187 3691 3316 3746 Sina
3346 3691 3495 3747 clan-

232 3791 598 3861 μνήσκοντες.
639 3788 795 3842 Κατά
835 3788 964 3857 γοῦν
997 3788 1087 3842 τὸν
1122 3789 1487 3860 πνευματικὸν
1528 3789 1657 3859 περὶ
1695 3789 1813 3842 σαλ-

1926 3794 2143 3843 xerunt.
2194 3785 2354 3841 Juxta
2406 3786 2572 3854 igitur
2619 3785 2954 3854 spiritualem
3009 3783 3493 3839 construendarum

230 3881 452 3950 πίγγων
521 3881 864 3950 κατασκευῆς
929 3880 1105 3950 λόγον,
1155 3881 1627 3935 κατασκευαστέον
1661 3881 1811 3935 ,σάλ-

1927 3877 2174 3932 tubarum
2207 3877 2875 3940 rationem,construenda
2907 3884 2988 3930 est
3022 3876 3167 3939 tuba,
3199 3884 3257 3928 ut
3287 3874 3340 3928 in
3363 3888 3496 3927 sono

231 3988 434 4040 πιγγα,
458 3972 545 4024 ἵνα
572 3973 629 4024 ὲν
659 3972 774 4043 ἤχῳ
808 3972 976 4044 αὐτῆς
1001 3972 1300 4043 αἱνέσωμεν
1329 3972 1418 4027 τὸν
1444 3972 1595 4025 Θεόν.
1628 3969 1812 4026 Τοιαῦ-

1924 3968 2068 4023 illius
2102 3967 2386 4023 laudemus
2434 3967 2628 4023 Deum.
2670 3965 3021 4036 Huiusmodi,
3054 3975 3113 4019 ut
3151 3974 3301 4034 puto,
3353 3963 3496 4017 tubae

229 4079 318 4116 ται
349 4064 428 4126 δ’,
458 4058 636 4133 οἴμαι,
671 4062 969 4132 σάλπιγγες
1000 4062 1285 4134 δηλοῦνται
1319 4063 1412 4117 καὶ
1445 4064 1503 4116 ὲν
1537 4061 1644 4133 up-
1672 4065 1810 4116 Σαλ-

1922 4059 2270 4115 declarantur
2311 4070 2369 4114 et
2405 4059 2457 4113 in
2489 4059 2581 4114 illo
2608 4059 2770 4128 loco:
2808 4056 3051 4125 Clanget,
3089 4066 3135 4108 et
3173 4054 3366 4108 mortui
3410 4068 3493 4105 re-

227 4156 423 4222 πίσει,
461 4154 561 4207 καὶ
588 4157 643 4207 οι
675 4155 875 4222 νεκροὶ
901 4154 1349 4224 ἐγερθήσονται.
1391 4155 1548 4206 Ἔστι
1579 4153 1635 4206 δὲ
1662 4153 1808 4224 ἑορτὶ

1921 4160 2138 4221 surgent
2188 4151 2252 4204 ³⁸.
2309 4150 2405 4204 Est
2453 4159 2634 4203 autem
2704 4148 2899 4203 festum
2945 4145 3236 4202 Neomenia
3280 4143 3496 4214 septimi

227 4245 524 4318 Νουμηνία
559 4245 785 4315 ἑϐδόμου
838 4245 1034 4317 μηνὸς,
1091 4246 1433 4317 μνημόσυνον
1481 4243 1808 4314 σαλπίγγων,

1929 4245 2154 4306 mensis,
2185 4242 2503 4298 memoriale
2533 4242 2806 4307 tubarum,
2836 4242 2978 4295 sicut
3007 4238 3206 4310 legitur
3235 4256 3249 4292 :
3283 4235 3349 4290 In
3375 4252 3499 4290 neo-

227 4339 365 4394 ναθδ
395 4337 652 4408 λέγεται·
697 4339 792 4392 Ἐν
817 4339 1123 4409 νεομηνία,
1157 4337 1465 4408 σάλπιγγι.

817 4339 1123 4409 νεομηνία,
1157 4337 1465 4408 σάλπιγγι.
1927 4335 2126 4397 menia,
2157 4335 2282 4386 tuba
2315 4322 2378 4390 ‘°.

991 4519 1932 4656 ΩΡΙΓΕΝΟΥΣ
2007 4512 2760 4648 Ε’ΚΛΟΓΑΙ

1332 4725 1504 4811 ΕΙΣ
1540 4723 1746 4808 ΤΑΣ
1784 4719 2417 4808 ΠΑΡΟΙΜΙΑΣ.

662 4906 1242 5002 ORIGENIS
1317 4849 2049 4996 FRAGMEﬁ—TA
2125 4903 2249 4990 IN
2336 4898 3078 4989 PROVEBBIA.

1291 5052 1620 5114 (Bibliotheca
1647 5053 1984 5113 Gallandiana,
2010 5067 2073 5102 ex
2096 5051 2237 5101 codd.
2269 5048 2469 5110 Venet.)

240 4433 3501 4468 _______________________________________________________

845 5186 935 5250 92)
958 5186 1114 5239 ΚΕΦ.
1150 5185 1227 5236 Α’.
1856 5195 1900 5250 1)

1856 5195 1900 5250 ι)
2603 5171 2753 5227 CAP.
2781 5171 2818 5225 Ι.

823 5186 935 5258 (92)
958 5186 1114 5239 ΚΕΦ.
1150 5186 1227 5236 Α’.
1856 5195 1881 5250 ι

300 5288 459 5359 Falx.
490 5292 563 5341 α’.
609 5283 765 5338 Ἐπεὶ
795 5283 853 5336 δὲ
883 5282 1083 5354 ἀρετὴν
1117 5275 1378 5348 εἶναιτὴν
1412 5275 1671 5346 φρόνησιν
1700 5273 1829 5327 ’Ἐλ-

2603 5186 2753 5227 ww.
2781 5186 2819 5225 ι.

1988 5270 2123 5328 v.1.
2143 5269 2275 5337 Quia
2294 5278 2472 5324 autem
2485 5265 2709 5343 gentiles
2730 5266 2985 5319 virtutem
3011 5278 3132 5317 esse
3163 5261 3501 5331 prudentiam

230 5353 586 5452 ληνεςνλέγου
594 5396 668 5441 σι,
693 5377 788 5430 καὶ
801 5353 1076 5448 ὁρίζονται
1092 5373 1280 5443 αὐτὴνο
1313 5367 1678 5436 Ἐπιστήμην
1695 5367 1811 5436 ἀγα

1932 5361 2141 5423 dicunt,
2171 5367 2224 5412 et
2247 5356 2510 5412 deﬁniunt
2530 5372 2648 5412 eam
2681 5375 2695 5410 :
2723 5354 3007 5410 Scientiam
3031 5353 3281 5406 bonorum
3312 5358 3364 5404 et
3383 5365 3499 5403 ma-

233 5443 358 5530 Od'w
377 5443 719 5527 natatum
875 5465 1217 5533 οὐθετέρωνο
1247 5462 1280 5533 ἢ
1303 5459 1644 5529 ἐπιστήμην
1667 5473 1814 5523 ποιη·

1932 5452 2106 5507 lorum
2145 5459 2192 5503 et
2240 5458 2589 5511 neutrorum;
2641 5445 2724 5501 vel
2775 5445 3062 5500 Scientiam
3109 5443 3428 5514 agendorum
3453 5451 3502 5495 et

235 5565 391 5618 τέων
414 5562 512 5619 καί
541 5563 615 5616 οὐ
646 5557 936 5627 ποιητέων
958 5556 1057 5611 καὶ
1078 5554 1424 5623 οὐθετέρων,
1446 5549 1816 5618 παρέχουσαι

1935 5561 2036 5599 non
2055 5543 2372 5613 agendorum
2396 5552 2442 5594 et
2477 5551 2780 5594 neutrorum
2811 5556 2832 5604 ;
2859 5554 2976 5608 qua:
2998 5537 3191 5590 tribuat
3223 5535 3398 5604 facere
3415 5535 3501 5604 fa-

231 5655 353 5728 μὲν
388 5655 589 5709 ποιεῖν
613 5653 686 5706 τὰ
719 5626 985 5718 ποιητέα,
1007 5648 1093 5720 μὴ
1125 5645 1317 5702 ποιεῖν
1347 5643 1414 5698 δὲ
1448 5643 1518 5697 τὰ
1544 5640 1628 5711 μὴ
1669 5655 1812 5706 ποίη

1937 5635 2145 5699 cie-uda,
2195 5648 2299 5687 non
2337 5630 2583 5701 facienda
2628 5645 2744 5684 vero
2777 5645 2878 5684 non
2922 5631 3095 5698 facere
3130 5644 3150 5684 .'
3181 5626 3502 5702 colligamus

313 5755 358 5785 "
405 5752 552 5810 PSal.
580 5766 668 5814 CL,
700 5751 756 5805 3.
846 5747 931 5801 ³⁸1
962 5746 1090 5801 Cor.
1123 5760 1216 5808 xv,
1240 5743 1333 5798 5‘2.
1412 5741 1453 5774 ¹⁹
1486 5739 1628 5794 I’sal.
1656 5751 1819 5799 Lxxx.
1841 5734 1896 5788 4.

314 5845 437 5917 (92)
470 5845 545 5900 Ex
567 5845 694 5902 cod.
729 5844 918 5901 Venet.
949 5842 1067 5902 491,
1095 5855 1215 5912 pag.
1241 5839 1327 5894 38.
1355 5837 1470 5906 Ipse
1502 5834 1588 5890 Iiic
1613 5845 1828 5902 quoque
1853 5827 2032 5898 capita
2072 5834 2124 5880 et
2153 5835 2342 5881 versus
2372 5818 2654 5890 adscripsi.
