4004 6508
1340 170 1363 202 ἡ

536 264 638 328 ιει

1375 265 1382 272 '
1423 270 1981 335 SUPPLEMENTUM
2008 283 2098 337 sn
2132 281 2460 370 ontcaNts
2494 286 2908 380 exeamus.
3673 305 3754 361 ise

539 373 639 447 nos
661 406 692 446 a
724 391 1006 461 Scriptura
1041 392 1345 477 prudenti-aa
1399 411 1618 482 nomen,
1648 408 1702 452 et
1747 373 1925 469 ipsum
1957 416 2022 456 ex
2049 416 2092 457 Bt

2219 403 2342 459 τέα·
2372 373 2766 480 συναγάγωμεν
2785 411 2945 482 ἡμεῖς
2960 410 3069 465 ἀπὸ
3087 411 3184 484 τῆς
3202 395 3425 486 Γραφῆς
3452 415 3510 469 τὸ
3535 417 3625 489 τῆς
3649 439 3756 494 φρο-

538 485 730 556 agendi
766 486 1079 566 consilium,
1105 502 1211 557 quo
1237 467 1422 544 videre
1451 469 1744 557 possimus,
1782 508 1906 548 num
1948 494 2114 551 multa
2151 511 2154 514 '

536 577 805 647 signiticet
826 577 942 634 haec
975 593 1103 644 vox,
1129 588 1222 633 aut
1251 593 1366 635 rem
1394 589 1602 636 tantum
1643 598 1830 638 unam.

603 755 789 812 Primo
829 757 993 826 igitur
1032 760 1086 814 in
1129 759 1350 826 Genesi,
1385 762 1677 819 secundum
1736 764 2111 838 Septuaginta,

535 848 796 902 seribitur
826 871 838 904 ε
869 850 1092 918 Serpens
1123 868 1239 906 vero
1285 865 1396 907 erat
1423 856 1868 936 prudentissimus
1898 859 1944 892 ’θ
1975 877 1989 927 ;
2022 876 2110 918 se-

531 937 767 994 cundum
795 940 1067 1010 Aquilam,
1108 943 1252 1011 vafer
1278 945 1470 1015 ;juxta
1498 945 1906 1020 Symmachum,
1939 954 2113 1022 vafer-

531 1029 722 1084 rimus.
753 1030 943 1101 Itaque
992 1045 1254 1102 quantum
1293 1037 1360 1091 ad
1400 1037 1541 1093 hanc
1616 1035 2110 1112 Septuagintavira-

529 1121 636 1176 lem
687 1137 877 1177 vocem
925 1113 1183 1193 pertinet,
1220 1138 1404 1194 posset
1452 1131 1574 1198 quis
1629 1135 1832 1200 dicere,
1889 1138 2109 1195 minime

529 1223 652 1268 esse
679 1215 933 1270 virtutem
964 1217 1342 1287 prudentiam;
1375 1235 1552 1292 neque
1580 1225 1725 1278 enim
1749 1240 1974 1298 serpens
2000 1231 2111 1283 vir-

531 1313 700 1360 tutem
732 1307 990 1372 habebat,
1023 1311 1118 1363 sed
1158 1309 1532 1380 calliditatem,
1570 1330 1732 1386 quam
1769 1319 1929 1373 etiam
1963 1321 2108 1374 vitu-

527 1407 687 1466 perat
713 1399 834 1467 quis
877 1411 1129 1470 tanquam
1177 1404 1584 1476 improbitatem
1618 1411 1925 1476 quamdam.
1957 1409 2109 1468 Hanc

524 1494 866 1563 prudentiam
902 1499 1249 1554 attenderunt
1290 1500 1392 1556 boc
1447 1502 1564 1558 loco
1595 1502 1941 1574 Septuaginta
1963 1549 1978 1574 ,
2009 1523 2107 1576 per

523 1603 685 1658 quam
753 1589 898 1661 vafer
947 1592 1187 1662 prudens
1255 1595 1586 1651 nominatur.
1651 1595 1878 1651 Videtur
1940 1599 2102 1654 etiam

520 1670 873 1754 Evangelium
905 1689 1202 1742 secundum
1251 1687 1454 1743 Lucam
1504 1689 1646 1742 banc
1682 1705 1980 1758 agnoscere
2030 1691 2103 1746 si-

2215 497 2424 568 νήσεως
2451 498 2640 570 ὄνομα,
2673 502 2766 555 καὶ
2799 502 2859 555 τὺ
2890 503 3020 573 παρ’
3047 503 3180 557 αὐτὸ
3203 508 3378 559 ποιεῖν
3401 506 3658 581 φρόνημα,
3685 514 3756 573 ἱνα

2214 587 2534 662 δυνηθῶμεν
2565 592 2712 660 ἰδεῖν,
2741 596 2965 666 πότερον
2988 595 3299 669 πολύσημος
3317 600 3350 669 ἡ
3369 597 3576 672 λέξις,ἢ
3601 601 3653 657 ἓν
3675 622 3755 678 ση-

2218 681 2398 751 μαίνει
2421 685 2674 756 πρᾶγμα.

2284 772 2509 853 Πρῶτον
2551 777 2649 847 μὲν
2688 772 2780 830 οὖν
2826 779 2884 832 ὲν
2933 781 3000 850 τῇ
3045 779 3312 850 Γενέσει,
3356 782 3496 838 κατά
3531 786 3621 856 μὲν
3653 790 3758 855 τοὺς

2223 864 2646 940 Ἑϐδομήκοντα,
2671 870 3001 943 γέγραπται·
3042 871 3095 925 '0
3119 871 3186 926 δὲ
3227 874 3362 944 ὄφις
3399 873 3478 948 ἦν
3502 882 3756 950 φρονιμώ-

2211 974 2404 1026 τατος·
2463 961 2606 1016 κατά
2661 962 2719 1016 δὲ
2793 963 3042 1029 Ἀκύλαν,
3107 966 3464 1037 πανοῦργος·
3537 970 3664 1038 κατὰ
3709 971 3758 1030 δι

2211 1048 2523 1124 Σύμμαχον,
2569 1056 3070 1123 πανουργότατος
3113 1056 3309 1113 οὐκοῦν
3344 1059 3468 1113 ὅσον
3504 1062 3590 1131 ἐπὶ
3613 1063 3759 1139 ταύτῃ

2209 1145 2275 1214 τῇ
2323 1143 2464 1210 λέξει
2511 1147 2619 1200 τῶν
2677 1148 3078 1220 Ἑϐδομήκοντα
3117 1149 3264 1218 λέγοι
3310 1167 3392 1214 τις
3437 1151 3522 1216 ἂν,
3555 1152 3632 1206 ὅτι
3675 1156 3758 1209 οὐκ

2209 1231 2354 1288 ἔστιν
2394 1235 2562 1308 ἀρετὴ
2617 1237 2650 1308 ὴ
2711 1238 2989 1312 φρόνησις⁸
3052 1238 3172 1292 οὐδὲ
3235 1239 3345 1310 γὰρ
3390 1242 3419 1294 6
3473 1242 3588 1312 ὄφις
3639 1240 3758 1315 εἶχεν

2208 1326 2427 1400 ἀρετὴν,
2454 1329 2790 1402 πανουργίαν
2808 1330 2883 1396 δὲ,
2906 1332 2971 1403 ἢν
2991 1331 3085 1385 καὶ
3103 1330 3261 1402 ψέγει
3276 1350 3360 1398 τις
3375 1335 3760 1407 κακεντρέχειὰν

2206 1436 2329 1473 τινα
2369 1420 2742 1492 ὑπάρχουσαν.
2795 1421 2944 1496 Αὕτη
2975 1425 3236 1497 φρόνησις
3271 1425 3366 1479 νῦν
3405 1427 3642 1498 νενόηται
3667 1429 3761 1496 τοῖς

2219 1507 2637 1580 Ἑϐδομήκοντα,
2691 1512 2820 1584 παρ’
2871 1513 2939 1585 ἢν
2972 1515 3002 1567 6
3030 1512 3366 1586 πανοῦργος
3401 1516 3650 1592 φρόνιμος
3687 1517 3758 1570 λέ-

2206 1597 2414 1650 λεκται.
2455 1597 2637 1651 Ἔοικε
2667 1599 2724 1652 δὲ
2747 1601 2842 1654 καὶ
2865 1599 2925 1655 τὸ
2953 1602 3094 1656 κατά
3117 1603 3330 1657 Λουκᾶν
3352 1604 3672 1674 Εὐαγγέλιον
3697 1606 3760 1658 εί-

2203 1687 2349 1741 δέναι
2404 1687 2563 1742 τοῦτο
2600 1691 2661 1745 τὸ
2705 1693 3125 1765 σημαινόμενον,
3165 1694 3254 1748 ὅτε
3294 1695 3693 1766 ἀναγέγραπται
3735 1697 3759 1749 6

521 1769 951 1838 gniﬁcationem,
987 1791 1109 1829 cum
1150 1777 1216 1831 de
1262 1776 1548 1832 Salvature
1606 1780 1870 1848 scriptum
1923 1790 2006 1836 est
2045 1770 2092 1836 in

2204 1765 2395 1852 Σωτὴρ
2425 1781 2483 1832 ὲν
2506 1784 2573 1854 τῇ
2607 1783 2888 1856 παραϐολῇ
2925 1764 3204 1858 εἰρηκέναι
3227 1789 3304 1841 τό·
3329 1791 3439 1845 Kal
3462 1764 3760 1856 ἐπαινέσας

519 1862 782 1929 parabola
815 1865 1021 1920 dixisse
1054 1864 1162 1920 :‘Et
1195 1854 1428 1924 laudans
1467 1871 1620 1926 herus
1652 1887 1973 1928 wconomum
2002 1875 2105 1928 ini-

515 1957 756 2023 quitatis,
780 1959 902 2026 quia
943 1961 1226 2028 prudenter
1248 1961 1369 2031 fecit
1393 1955 1460 2030 *‘,
1487 1961 1538 2017 id
1569 1972 1653 2019 eSt
1678 1967 1854 2032 val're,
1879 1964 2096 2030 callide.

518 2049 590 2122 At
620 2047 776 2104 facile
805 2050 930 2106 illud
965 2052 1214 2121 laudans,
1241 2070 1346 2108 non
1378 2056 1442 2110 de
1493 2055 1649 2111 laude
1683 2059 1902 2128 proprie
1939 2074 2101 2114 acce-

516 2151 630 2210 pta,
666 2143 761 2199 sed
823 2159 920 2214 per
970 2146 1373 2202 insolentiorem
1411 2148 1699 2217 quamdam
1754 2150 2096 2207 catachresin

517 2233 736 2304 dicitur,
763 2235 904 2290 sicut
931 2236 1162 2293 dicimus
1192 2237 1398 2293 laudari
1426 2241 1741 2311 quempiam
1766 2241 1932 2296 etiam
1967 2257 2096 2312 pro-

512 2333 637 2393 pter
668 2326 959 2381 mediocria
992 2337 1046 2383 et
1077 2327 1294 2384 diversa
1331 2345 1496 2400 opera
1531 2331 1832 2401 vulgarium
1873 2335 2092 2402 artium,

513 2413 848 2471 admirantes
881 2419 1280 2487 quodammodo
1326 2436 1486 2474 curas
1517 2438 1638 2490 quae
1676 2422 1917 2477 excitant
1942 2438 2093 2478 men-

513 2509 583 2563 tis
622 2493 853 2563 acumen
878 2520 932 2565 et
961 2501 1337 2567 mobilitatem.
1374 2512 1502 2568 Item
1537 2514 1666 2569 illud
1700 2534 1712 2569 :
1743 2505 1923 2569 Estote
1958 2533 2086 2587 pru-

509 2601 688 2654 dentes
727 2602 858 2654 sicut
891 2613 1150 2671 serpentes
1171 2605 1216 2636 "
1242 2621 1257 2672 ;
1286 2606 1467 2676 quasi,
1502 2619 1607 2661 non
1639 2607 1822 2684 ignari
1860 2622 2088 2678 serpen-

512 2692 583 2745 tis
623 2694 968 2749 astutiarum.
1031 2687 1264 2750 NeceSse
1311 2686 1455 2751 enim
1515 2698 1770 2781 habetis,
1817 2701 2086 2769 quomodo

507 2787 800 2856 Apostolus
828 2789 1152 2854 nominavit,
1183 2787 1405 2844 aﬂ‘ectos
1435 2789 1658 2845 dicere:
1693 2789 1758 2844 Ut
1789 2808 1891 2854 non
1914 2793 2090 2862 oppri-

508 2895 720 2934 mantur
760 2899 791 2934 a
815 2871 1019 2934 Satana
1043 2894 1064 2947 ;
1087 2897 1188 2935 non
1237 2883 1376 2936 enim
1415 2883 1646 2952 cogitata
1692 2878 1839 2938 illius
1869 2875 2090 2956 ignora-

507 2987 626 3026 mus
654 2959 722 3029 ³³.
754 2973 1032 3028 Mulierem
1070 2961 1274 3045 itaque,
1302 2989 1423 3045 qua:
1448 2979 1692 3046 prudens
1714 2958 1832 3030 ‘non
1874 2988 1993 3031 erat
2035 2985 2092 3030 ut

507 3079 755 3136 serpens,
783 3054 1006 3139 decepit
1037 3067 1128 3122 ille
1174 3069 1228 3121 in
1283 3067 1641 3122 astutia'sua.
1674 3066 1753 3136 _Et
1789 3069 1894 3138 ﬁlii
1928 3069 2089 3139 hujus

505 3159 711 3229 Iaculi,
737 3177 841 3216 non
873 3151 1256 3234 sapientiores,
1285 3167 1381 3219 sed
1410 3164 1773 3234 prudentiores
1801 3161 1930 3232 ﬁliis
1955 3163 2088 3217 lucis

503 3262 628 3306 sunt
655 3253 738 3320 ";
785 3269 963 3323 neque
1003 3255 1104 3309 hoc
1146 3255 1468 3326 simpliciter
1507 3261 1564 3307 et
1590 3251 1860 3318 absolute,
1903 3253 1997 3308 sed
2033 3254 2090 3306 in

505 3364 658 3402 suam
683 3350 1090 3418 generationem.

581 3439 936 3510 Sigtiit‘tcatur
964 3453 1021 3498 et
1067 3441 1212 3496 aliud
1245 3440 1376 3511 quid
1411 3454 1544 3495 voce
1593 3438 1913 3508 prudentiae.
1950 3437 2088 3491 Deus

506 3535 671 3601 enim,
688 3536 884 3604 inquit,
913 3529 1172 3604 sapientia
1193 3519 1540 3602 fundamenta
1561 3533 1736 3600 posuit
1765 3541 1940 3597 tet-rte,
1961 3547 2090 3598 prte-

504 3625 709 3689 paruvit
737 3635 915 3679 autem
941 3624 1092 3678 mlas
1112 3625 1167 3678 in
1197 3623 1477 3692 prudentia
1501 3623 1580 3688 ²⁸;
1605 3621 1825 3692 virtute,
1842 3635 1947 3676 non
1977 3619 2090 3677 cal-

506 3710 738 3767 liditate.
772 3711 1030 3782 Agnoscit
1062 3722 1116 3767 et
1164 3710 1518 3784 Evangelium
1572 3711 1714 3766 hanc
1760 3725 1977 3780 quoque
2007 3709 2085 3765 si-

505 3801 908 3872 gniﬁcationem
954 3805 1008 3859 in
1058 3803 1314 3874 parabola
1356 3803 1423 3858 de
1461 3802 1774 3874 virginibus
1801 3801 2088 3874 prudenti-

503 3892 627 3950 bus.
676 3892 964 3952 Manifeste
1007 3896 1152 3954 enim
1185 3895 1258 3950 ibi
1306 3894 1562 3962 iatuitati,
1593 3896 1712 3951 sive
1751 3893 2085 3966 improbitati

503 3988 554 4054 (a
601 4002 706 4057 qua
790 3987 926 4047 fatui
997 4003 1108 4044 sua:
1147 3988 1427 4059 qualitatis
1461 3987 1953 4044 denominatiouem
1985 3987 2082 4043 ba-

501 4084 650 4145 lient,
673 4071 728 4136 et
748 4080 912 4136 fatua:
931 4081 1058 4136 item
1080 4081 1340 4152 virgines)
1360 4091 1614 4152 tanquam
1634 4079 1908 4136 contraria
1927 4093 2086 4134 usur-

501 4182 661 4241 patur
686 4174 997 4243 prudentia,
1033 4189 1062 4228 a
1091 4189 1196 4245 qua
1221 4190 1332 4232 suae
1359 4174 1642 4244 qualitatis
1688 4187 1884 4228 nomen
1937 4171 2084 4226 acci-

501 4264 656 4334 piunt
684 4257 976 4333 prudentes
1013 4266 1152 4331 viri,
1182 4276 1238 4320 et
1264 4253 1586 4336 prudentes
1610 4263 1874 4334 virgines.
1920 4262 2076 4330 Quod

499 4354 546 4409 si
571 4356 767 4424 stultus
789 4358 965 4412 malus
994 4367 1098 4424 est,
1129 4367 1184 4412 et
1203 4357 1510 4413 contrarius
1543 4355 1670 4410 huic
1687 4364 1768 4410 est
1797 4353 2036 4423 prudens
2061 4371 2076 4420 ;

2115 3112 2162 3174 C

2202 1873 2237 1924 ό
2261 1873 2478 1941 Κύριος
2508 1873 2616 1928 τὸν
2632 1872 2950 1946 οἰκονόμον
2969 1878 3080 1947 τῆς
3101 1878 3356 1947 ἀδικίας,
3380 1881 3467 1935 ὅτι
3490 1883 3759 1951 φρονίμως

2199 1964 2472 2033 ἐποίησε·
2497 1967 2744 2022 τουτέστι
2774 1970 3118 2043 κακούργως,
3147 1973 3546 2044 κακεντρεχῶς.
3572 1973 3674 2027 Kal
3687 1973 3764 2028 τά·

2200 2076 2269 2129 χα
2301 2058 2381 2124 τὸ,
2403 2060 2750 2138 ἐπαινέσας,
2777 2063 2837 2115 οὐ
2863 2061 3005 2116 κατά
3035 2064 3126 2125 τὸν
3149 2065 3353 2137 κυρίως
3379 2065 3616 2129 ἔπαινον,
3647 2064 3762 2120 ἀλλὰ

2199 2153 2799 2225 καταχρηστικωτέρως
2833 2154 3072 2224 λέγεται,
3110 2157 3245 2210 καθὸ
3285 2147 3517 2230 λέγομεν
3549 2147 3763 2212 ἐπαινεῖ-

2199 2243 2323 2297 σθαί
2371 2261 2495 2299 τινα
2529 2245 2624 2300 καὶ
2665 2247 2757 2318 ἐπὶ
2807 2247 2995 2318 μέσοις
3041 2249 3137 2303 καὶ
3186 2249 3463 2321 διαφόροις
3499 2250 3763 2322 πράγμασι

2202 2337 2382 2407 μέσων
2407 2336 2633 2409 τεχνῶν,
2675 2340 2771 2394 καὶ
2801 2331 2912 2396 οἷον
2948 2343 2997 2395 εἰ
3044 2341 3414 2412 Θαυμάζοντες
3462 2343 3564 2408 τὰς
3602 2345 3762 2416 ἐντρε-

2198 2429 2371 2502 χείας,
2410 2429 2510 2494 τὰς
2531 2431 2888 2502 ὲμφωνούσας
2908 2435 2926 2454 '
2954 2433 3015 2486 τὸ
3047 2431 3146 2504 τῆς
3177 2423 3415 2498 διανοίας
3455 2435 3550 2509 ὀξὺ
3579 2435 3665 2489 καὶ
3684 2434 3760 2488 εύ-

2198 2518 2436 2596 κίνητον·
2488 2521 2582 2574 καλ⁴
2628 2521 2707 2574 τό·
2763 2523 3018 2577 Γίνεσθε
3057 2525 3331 2595 φρόνιμοι
3378 2527 3459 2594 ὡς
3494 2530 3550 2581 οι
3596 2527 3759 2598 ὄφεις*

2195 2597 2359 2690 οἱονεὶ
2390 2612 2465 2684 μὴ
2481 2611 2822 2686 ἀνιστόρητοι
2843 2616 2952 2670 τῶν
2967 2617 3061 2671 τοῦ
3089 2617 3266 2688 ὄφεως
3286 2637 3455 2672 πανου
3465 2619 3760 2694 ργημάτων.

2193 2685 2368 2777 Χρεία
2391 2702 2499 2775 γὰρ
2525 2703 2653 2777 ὑμῖν
2670 2685 2679 2686 7
2697 2685 2812 2771 τοῦ,
2845 2706 2920 2771 ὡς
2940 2708 2969 2760 6
3013 2685 3333 2772 Ἀπόστολος
3359 2685 3631 2781 ὠνόμασε,

2194 2792 2653 2865 κειμένουςλέγει
2687 2796 2820 2880 (95)ς
2857 2798 2980 2852 Ἵνα
2999 2797 3088 2868 μὴ
3120 2802 3646 2872 πλεονεκτηθῶμεν
3658 2796 3761 2857 ὑπὸ

2193 2881 2300 2936 τοῦ
2331 2880 2588 2938 Σατανᾶο
2630 2881 2718 2938 ὀὐ
2733 2882 2841 2955 γὰρ
2854 2882 3041 2940 αὐτοῦ
3057 2881 3129 2937 τὰ
3142 2883 3410 2955 νοήματα
3425 2887 3760 2960 ἀγνοοῦμεν.

2197 2972 2307 3046 Τὴν
2333 2972 2462 3046 γοζν
2496 2972 2570 3046 μὴ
2593 2968 2758 3028 οὖσαν
2791 2973 3096 3046 φρονοῦσαν
3127 2975 3201 3038 ὼς
3228 2975 3317 3028 τὸν
3349 2976 3472 3044 ὅφιν
3499 2973 3763 3044 ἠπάτησεν

2197 3044 2344 3136 ὲν-τῇ
2367 3044 2672 3137 πανουργίᾳ
2695 3044 2884 3118 αὐτου.
2918 3065 3030 3120 Kal
3053 3069 3108 3119 οι
3134 3065 3251 3120 υἱοὶ
3281 3065 3388 3120 τοῦ
3417 3065 3630 3131 αὶῶοὊς
3648 3062 3765 3116 τού-

2191 3139 2298 3211 του
2323 3159 2383 3210 οὐ
2415 3157 2736 3230 σοφώτεροι,
2761 3157 2896 3211 ἀλλὰ
2919 3157 3339 3228 φρονιμώτεροι
3366 3155 3487 3213 τῶν
3507 3157 3650 3214 υἱῶν
3669 3152 3764 3210 τοῦ

2189 3248 2384 3316 φωτός
2411 3250 2587 3302 εἰσιν·
2629 3249 2723 3302 καὶ
2752 3248 2872 3302 οὐδὲ
2903 3247 3060 3302 τοῦτο
3093 3249 3279 3313 ἁπλῶς
3308 3250 3404 3304 καὶ
3439 3243 3764 3320 ἀπολελυμέ·

2189 3357 2327 3406 νως,
2359 3339 2474 3393 ἀλλ’
2499 3343 2586 3408 εἰς
2617 3341 2733 3410 τὴν
2763 3339 2993 3394 ἑαυτῶν
3026 3340 3264 3410 γενεάν.

2260 3433 2592 3504 Σημαίνεται
2607 3433 2663 3486 δὲ
2683 3434 2778 3487 καὶ
2790 3431 2917 3488 ἄλλο
2943 3451 2997 3486 τι
3017 3435 3080 3486 ἐκ
3109 3433 3210 3503 τῆς
3233 3434 3555 3507 φρονήσεως
3570 3431 3756 3506 φωνῆς·

2200 3524 2253 3576 .0
2273 3524 2416 3592 Θεὸς
2443 3524 2578 3596 γὰρ..
2609 3525 2765 3596 φησι,
2797 3523 2872 3595 τῇ
2899 3526 3091 3595 σοφίᾳ
3120 3524 3478 3596 ἐθεμελίωσε
3502 3526 3616 3595 τὴν
3640 3521 3761 3596 τῆνο

2185 3615 2478 3684 ἡτοίμασε
2498 3614 2566 3667 δὲ
2587 3615 2883 3684 οὐρανοὺς
2899 3617 2970 3671 ἐν
2992 3617 3301 3687 φρονήσειν
3330 3620 3397 3690 τῇ
3423 3619 3614 3691 ἀρετῇ,
3631 3617 3688 3671 οὐ

2187 3704 2594 3779 κακεντρεχείᾳ.
2628 3691 2751 3782 Οἵδε
2781 3708 2839 3762 δὲ
2868 3707 2964 3763 καὶ
2987 3708 3049 3762 τὸ
3071 3703 3403 3779 Εὑαγγέλιον
3432 3705 3494 3764 τὸ
3521 3705 3766 3782 σημαινό·

2189 3815 2348 3868 μενον
2373 3796 2532 3851 τοῦτο
2569 3799 2627 3851 ὲν
2657 3781 2722 3871 τῇ
2754 3800 2881 3872 περὶ
2917 3799 3026 3857 τῶν
3051 3801 3329 3876 φρονίμων
3359 3781 3645 3875 παρθένων
3669 3817 3763 3855 πα·

2190 3887 2411 3960 ραϐολῇ.
2464 3887 2660 3958 Σαφῶς
2685 3889 2795 3962 γὰρ
2828 3889 3016 3944 ἐνθάδε
3071 3893 3138 3962 τῇ
3176 3889 3359 3963 μωρίᾳ
3403 3889 3542 3964 οὔσῃ
3586 3887 3763 3958 κακίᾳ,

2185 3979 2278 4049 ἀφ’
2305 3975 2374 4052 ἦς
2410 3980 2554 4033 ποιοὶ
2585 3981 2634 4033 οἱ
2681 3981 2855 4053 μωροὶ
2887 3980 3159 4050 λέγονται,
3205 3981 3298 4035 καὶ
3331 3982 3388 4036 αἱ
3426 3983 3611 4055 μωραὶ
3635 3997 3766 4052 παρ-

2185 4081 2348 4144 Οένοι,
2383 4080 2458 4144 ὼς
2503 4079 2724 4134 ἐναντία
2765 4078 3250 4152 παραλαμϐάνεται
3296 4081 3329 4151 ὴ
3373 4079 3654 4152 φρόνησις,
3682 4077 3764 4146 ἀφ’

2181 4169 2250 4247 ἧς
2278 4173 2783 4247 ποιοὶοίφρόνιμοι,
2820 4161 2923 4226 καὶ
2941 4173 2996 4225 αἱ
3028 4173 3280 4245 φρόνιμοι
3323 4160 3766 4245 παρθένοι.Ἐίδδ

2181 4266 2210 4318 ὁ
2230 4265 2427 4338 ’μωρὸς
2451 4265 2672 4336 φαῦλος,
2708 4266 2800 4319 καὶ
2825 4264 3065 4329 ἐναντίος
3084 4263 3259 4336 τούτῳ
3291 4266 3320 4319 6
3349 4264 3631 4337 φρόνιμος,
3652 4263 3762 4336 ἦτοι

2183 4358 2385 4427 φαῦλος
2400 4357 2553 4413 ἔσται
2579 4359 2608 4411 6
2625 4358 2906 4431 φρόνιμος,
2947 4355 3316 4429 ἢλσπουδαῖος·
3345 4356 3404 4408 οὺ
3429 4354 3651 4409 δύναται
3667 4352 3768 4422 γὰρ

499 4448 605 4503 erit
646 4450 883 4518 prudens
913 4449 1028 4504 sive
1068 4450 1243 4505 malus
1275 4449 1393 4505 sive
1443 4449 1618 4503 bonus
1659 4464 1675 4503 :
1714 4445 1904 4516 nequit
1933 4446 2078 4500 enim

2196 4446 2538 4524 εἷναιφαύλον
2553 4448 2840 4520 ἀδιάφορον
2857 4449 3118 4522 ἐναντίον.
3153 4449 3267 4502 Οὐκ
3293 4447 3408 4501 ἐστι
3439 4446 3495 4500 δὲ
3521 4445 3718 4516 φαῦλος
3741 4441 3767 4495 6

497 4553 622 4594 esse
638 4539 783 4608 quod
809 4539 1009 4597 malum
1031 4549 1135 4606 est,
1163 4538 1478 4595 indiﬂ'erens
1497 4536 1823 4608 oppositum.
1854 4535 1969 4590 Non
1995 4544 2080 4591 est

2196 4542 2262 4614 τῷ
2287 4540 2454 4614 μωρῷ
2476 4542 2716 4614 ἐναντίος
2735 4541 3017 4615 φρόνιμος·
3043 4539 3142 4594 οὐκ
3173 4538 3238 4594 ἂν
3267 4537 3376 4609 γάρ
3397 4537 3454 4590 αί
3481 4539 3624 4592 κατά
3645 4535 3768 4608 φρό-

496 4639 678 4685 autem
700 4630 893 4698 malus,
916 4633 1150 4702 prudens
1184 4631 1346 4687 stulto
1375 4630 1660 4701 oppositus
1685 4643 1698 4680 :
1734 4643 1908 4699 neque
1929 4627 2075 4683 enim

497 4737 617 4790 qua:
641 4737 706 4778 ex
751 4725 1036 4793 prudentia
1073 4725 1451 4794 qttaliticantur
1473 4722 1772 4794 prudentes
1813 4719 2073 4790 virgines,

498 4815 704 4885 ingredi
735 4815 1038 4886 potuissent
1088 4832 1211 4871 cum
1256 4831 1456 4886 sponso
1490 4816 1558 4870 ad
1615 4815 1868 4884 nuptias;
1908 4821 2076 4869 restat

496 4907 663 4978 igitur
691 4908 978 4965 honestum
1011 4910 1138 4980 quid
1163 4923 1284 4964 esse
1305 4906 1668 4978 prudentiam,
1704 4907 2074 4976 honestosque

493 5001 807 5070 prudentes.
841 5001 935 5056 Est
973 5017 1106 5073 ergo
1143 5002 1441 5058 secundum
1482 5004 1601 5060 haec
1627 5002 1808 5057 virtus
1836 4999 2075 5070 pruden-

495 5094 590 5158 tia,
627 5102 682 5149 et
744 5094 886 5150 tales
929 5095 1280 5151 nominantur
1309 5096 1606 5167 prudentes
1655 5095 2073 5165 participatione

493 5187 812 5257 prudentia},
848 5186 903 5242 in
932 5202 1036 5258 qua
1073 5187 1242 5245 caelos
1274 5192 1596 5260 praeparavit
1624 5189 1905 5243 Dominus.

531 5277 594 5332 V.
624 5277 679 5334 3.
708 5278 1058 5353 Cogitareque
1084 5281 1378 5352 justitiam,
1409 5291 1459 5337 et
1488 5281 1752 5352 judicium
1781 5270 2028 5351 dirigere.

560 5435 714 5492 Alius
745 5454 874 5496 vero
895 5441 1026 5496 dicit
1050 5461 1062 5496 :
1084 5443 1194 5498 lloc
1224 5457 1329 5498 non
1364 5443 1545 5512 inepte
1578 5439 1798 5511 quidam
1849 5436 2068 5493 intelle-

558 5573 606 5607 '°
635 5571 773 5632 Gen.
801 5591 884 5642 ut,
912 5577 961 5632 l.
1041 5578 1082 5609 ²¹
1121 5578 1254 5638 Luc.
1300 5598 1415 5650 xt’t,
1449 5579 1501 5637 8.
1581 5581 1625 5616 ¹²
1651 5577 1838 5674 Matth.
1873 5594 1926 5646 κ,
1955 5552 2040 5634 ῖϐ.

2196 5573 2231 5628 ll
2255 5575 2382 5629 Cor.
2419 5595 2477 5647 tt,
2514 5580 2597 5636 Η.

563 5734 672 5816 (93)
705 5738 865 5795 Forte
897 5700 1105 5812 λέγειν..

2183 4652 2336 4706 νησιν
2364 4634 2738 4705 πεποιωμέναι
2762 4634 3015 4705 φρόνιμοι
3049 4630 3307 4704 παρθένοι
3333 4629 3582 4702 εἰσῆλθον
3633 4625 3766 4700 μετὰ

2182 4725 2276 4780 τοῦ
2307 4725 2542 4797 νυμφίου
2563 4726 2642 4789 είς
2665 4726 2792 4788 τοὺς
2820 4724 3047 4795 γάμους.
3073 4722 3332 4777 Λείπεται
3356 4721 3535 4775 τοίνυν
3561 4721 3767 4775 ἀστεῖον

2184 4815 2320 4876 εἶναι
2365 4817 2462 4889 τὴν
2509 4817 2790 4890 φρόνησιν,
2847 4817 2942 4870 καὶ
2991 4813 3240 4890 ἀστείους
3278 4814 3405 4884 τοὺς
3453 4811 3762 4886 φρονίμους.

2195 4912 2388 4984 Ἀρετὴ
2439 4911 2548 4983 ἄρα
2576 4909 2719 4965 κατά
2766 4909 2936 4964 ταῦτα
2990 4911 3024 4981 ὴ
3070 4909 3352 4982 φρόνησις,
3396 4909 3490 4962 καὶ
3536 4906 3680 4962 ποιοὶ
3718 4902 3767 4958 οἱ

2182 5004 2433 5076 φρόνιμοι
2469 5006 2668 5075 μετοχῇ
2696 5004 3032 5076 φρονήσεως,
3057 5004 3115 5058 ἐν
3197 5003 3322 5066 τοὺς
3342 5002 3606 5074 οὐρανοὺς
3628 4995 3767 5074 ἡτοί-

2183 5110 2352 5164 μασεν
2372 5095 2400 5147 6
2426 5092 2651 5166 Κύριος.

2180 5275 2290 5347 (94)
2329 5275 2474 5344 Στίχ,
2513 5281 2582 5343 γ’.
2638 5273 2874 5342 Νοῆσαί
2919 5290 2982 5328 τε
3020 5274 3436 5342 δικαιοσύνην,
3467 5272 3563 5327 καὶ
3589 5279 3766 5343 κρῖμα

2769 5347 3174 5401 κατευθύνειν.

2255 5439 2446 5503 Ἀλλος
2475 5438 2533 5492 δέ
2567 5453 2718 5508 φησι·
2754 5437 2925 5491 Τοῦτο
2954 5439 3054 5492 οὐκ
3086 5438 3276 5509 ἀφυῶς
3302 5455 3446 5502 τινες
3471 5435 3755 5506 ὲξειλήφα·

2783 5577 2829 5610 ³⁸
2862 5577 2993 5634 Luc.
3035 5595 3148 5646 xw,
3181 5580 3234 5636 8.
3347 5579 3392 5610 "
3423 5575 3539 5633 Jer.
3576 5597 3640 5640 χ,
3669 5581 3743 5632 12

2250 5732 2362 5810 (94)
2388 5735 2517 5804 Qum
2556 5745 2876 5808 sequuntur,
2918 5745 3042 5794 sunt
3070 5741 3253 5797 omnia
3281 5755 3345 5797 ex
3382 5738 3501 5794 cod.
3529 5749 3650 5798 ut.
