4004 6526
243 323 356 380 ’155

1419 325 1681 402 partem.
1717 323 1788 380 IN
1819 322 2235 394 moveam.

3417 340 3520 396 ιει

244 461 329 499 σιν
353 441 577 496 ἐπὶτῶν
592 441 916 515 ὺπρσατῶν
938 443 1030 496 καὶ
1054 443 1426 514 ἀναστρωφῶν.
1457 441 1825 516 Στρεφομένου

1940 453 2136 498 xerunt
2179 458 2302 500 cum
2360 445 2680 518 hyperbatis
2711 459 2768 505 et
2820 449 3239 516 inversionibus.
3295 455 3519 514 Inversa

237 536 350 608 γάρ
380 534 472 590 τοῦ
505 535 666 604 λόγου
699 535 842 589 κατά
889 536 988 608 τὴν
1030 535 1202 602 τάξιν,
1229 537 1323 590 καὶ
1351 533 1632 600 δοκοῦντος
1652 533 1833 588 διακό-

239 627 477 683 πτεσθαι
513 626 610 682 τοῦ
655 629 946 706 εἰρημένου
978 629 1084 682 ἀπό
1124 645 1269 692 τινος
1296 629 1386 682 διά
1421 628 1587 700 μέσου
1614 626 1837 698 λεγομέ-

237 736 355 784 νου,
387 721 599 788 γίνεται
617 718 679 772 τὸ
713 719 1018 792 ὑπερϐατὸν
1046 721 1138 774 καὶ
1160 721 1489 792 καλούμενον
1513 719 1718 794 στροφὴ
1743 717 1832 771 λό-

237 828 362 880 γου.
402 811 571 866 Πάλιν
608 829 666 865 τε
703 807 792 877 αὖ,
828 796 1290 884 ἐναλλαττομένης
1317 811 1416 883 τῆς
1441 810 1640 878 λέξεως
1676 811 1732 864 ὲν
1766 813 1832 881 τῇ

239 904 764 978 προσαγορευομένῃ
796 907 1132 978 ἀναστροφῇ,
1167 904 1328 958 οἱονεὶ
1363 905 1567 975 στροφή
1599 905 1714 956 ἐστι
1737 902 1832 956 τοῦ

237 995 424 1064 λόγου.
457 989 584 1050 υἷον
609 995 684 1060 ὡς
717 995 811 1049 ἐπὶ
847 994 1305 1068 παραδείγματος·
1333 996 1362 1049 ὁ
1393 993 1684 1065 ψαλμῳδός
1725 1008 1830 1061 φη-

239 1104 346 1141 σιν’
383 1088 504 1140 ὀτι
537 1086 818 1156 ὲσίγησα,
848 1085 1189 1157 ἐπαλαιώθη
1222 1087 1293 1140 τὰ
1327 1082 1479 1141 ὀστᾶ
1499 1104 1638 1156 μου.
1677 1085 1831 1139 Ἀνα-

239 1178 484 1250 στρέψας
518 1178 627 1250 γάρ
673 1180 790 1249 ἐρεῖ
815 1177 1006 1242 οὕτως’
1061 1179 1183 1233 Ὅτι
1213 1178 1331 1233 ἀπὸ
1359 1177 1467 1231 τοῦ
1495 1174 1725 1251 κράζειν
1752 1194 1830 1247 με

214 1269 392 1338 πρὸς
416 1270 490 1324 σὲ
523 1269 676 1336 ὅλην
705 1269 819 1339 τὴν
839 1269 1071 1339 ἡμέραν
1088 1271 1368 1341 ἐσίγησα,
1398 1269 1736 1338 ἐπαλαιώθη
1758 1271 1830 1326 τὰ

232 1360 394 1416 ὀστᾶ
419 1379 560 1431 μουο
592 1361 679 1415 ἵνα
711 1361 953 1435 σημαίνῃ
967 1363 1142 1416 τοῦτο·
1189 1360 1403 1432 Ἐπειδὴ
1430 1360 1538 1415 ἀπὸ
1562 1361 1660 1431 τῆς
1691 1362 1827 1434 πρὸς

1938 535 2082 589 enim
2113 550 2364 593 sermone
2389 541 2682 596 secundum
2709 556 2901 598 vocum
2923 543 3357 614 diSpositiouem,
3386 550 3513 604 dum

1938 625 2154 680 videtur
2184 627 2436 684 intercidi
2469 631 2610 702 quod
2659 633 2860 687 dicitur
2886 635 2954 688 ab
2982 635 3091 690 alio
3127 637 3273 706 quod
3313 638 3369 695 in,
3401 655 3515 693 me-

1940 719 2033 773 dio
2057 720 2276 788 dicitur,
2311 723 2369 776 lit
2399 724 2756 794 hyperbaton,
2788 744 2879 784 seu
2926 734 3284 801 transgressio
3307 749 3516 791 sermo-

1937 805 2041 868 nis,
2073 816 2128 860 et
2151 807 2294 876 quod
2333 821 2560 865 vocatur
2587 815 2852 871 orationis
2891 818 3090 873 versio.
3127 818 3359 877 Rursum
3388 838 3513 878 vero

1935 893 2218 950 immutato
2249 912 2442 952 vocum
2482 911 2670 956 tenore
2707 904 2762 957 in
2803 919 2863 959 ea
2896 921 3015 975 quae
3056 914 3510 981 nuncupaturiu-

1934 987 2129 1052 versio,
2163 989 2219 1042 lit
2272 991 2677 1059 quodammodo
2712 995 2983 1051 orationis
3019 999 3219 1055 versio.
3252 1000 3408 1069 Puta,
3453 1013 3512 1058 ut

1933 1080 2195 1150 exemplis
2225 1092 2443 1138 utamur
2470 1100 2486 1138 :
2513 1084 2801 1142 Psalmista
2841 1089 3012 1146 dicit:
3043 1091 3302 1158 Quoniam
3347 1097 3509 1165 tacui,

1918 1171 2348 1229 inveteraverunt
2395 1194 2515 1230 ossa
2571 1195 2689 1233 mea
2721 1181 2787 1236 ".
2822 1180 3145 1238 lnvertcndo
3187 1185 3266 1240 sic
3313 1187 3456 1242 dicet
3491 1203 3508 1244 :

1935 1259 2197 1326 Quoniam
2237 1281 2267 1317 a
2302 1264 2578 1321 clamando
2620 1286 2699 1324 me
2747 1274 2816 1324 ad
2861 1282 2910 1326 te
2960 1283 3118 1326 totam
3151 1276 3290 1332 diem
3337 1280 3510 1348 tacuit,

1933 1353 2348 1410 inveteraverunt
2383 1374 2502 1411 ossa
2538 1375 2651 1413 mea
2683 1377 2702 1426 ;
2736 1377 2846 1432 quo
2874 1363 3184 1435 signiticet:
3219 1366 3356 1433 Quia
3393 1383 3513 1425 ces-

233 1456 298 1508 σὲ
331 1455 581 1527 κραυγῆς
597 1455 692 1508 καὶ
719 1455 957 1526 δεήσεως
984 1455 1077 1509 καὶ
1095 1453 1353 1518 αἰνέσεως
1377 1453 1825 1525 ὲπαυσάμην,διὰ

1933 1446 2046 1500 savi
2079 1463 2106 1498 a
2137 1445 2394 1515 clamore,
2427 1458 2480 1503 et
2513 1453 2918 1521 supplicatione
2949 1467 3004 1511 et
3047 1456 3203 1512 laude
3241 1468 3352 1527 tua,
3380 1475 3511 1530 pru-

228 1545 397 1599 τοῦτο
424 1546 697 1618 ἐξηράνθη
730 1545 800 1599 τὰ
821 1547 955 1600 ὀστᾶ
976 1564 1097 1617 μου.

1933 1549 2111 1608 pterea
2137 1540 2372 1594 arefacta
2419 1552 2546 1596 sunt
2583 1559 2705 1598 ossa
2743 1561 2882 1600 mea.

308 1636 426 1708 (95)
476 1636 587 1691 Τοῦ
628 1637 836 1691 αὑτοῦ.
883 1635 1116 1689 Δύναται
1159 1635 1216 1690 δὲ
1258 1634 1464 1707 ἀληθὴς
1512 1635 1823 1708 δικαιοσύνη

1999 1628 2273 1695 Ejusdem.
2313 1633 2494 1690 Potest
2516 1646 2694 1692 autem
2719 1639 3064 1708 verajustitia
3089 1642 3192 1698 dici
3223 1644 3289 1697 ad
3322 1645 3514 1700 distiu~

227 1730 374 1802 πρὸς
400 1728 808 1800 ἀντιδιαστολην
854 1727 1110 1797 λέγεσθαι
1141 1728 1244 1798 τῆς
1269 1727 1563 1798 είκονικῆς.
1605 1727 1823 1780 Αύτοδι-

1933 1713 2162 1778 ctionem
2216 1725 2573 1796 imaginariae.
2626 1729 2882 1787 Christus
2930 1747 3165 1802 namque
3209 1744 3291 1790 est
3326 1750 3512 1791 essen-

226 1798 499 1895 καιοσύνη
531 1823 627 1892 μὲν
657 1798 821 1893 γὰρ-ό
858 1821 1112 1892 Χριστός·
1153 1819 1364 1892 μεθέξει
1397 1819 1452 1874 δὲ
1480 1819 1683 1891 ταύτης
1709 1820 1743 1890 ἡ
1766 1819 1824 1872 ὲν

1933 1817 2073 1882 tialis
2114 1818 2363 1886 justitia;
2398 1821 2751 1892 participabit
2812 1831 2991 1886 autem
3042 1798 3203 1895 hujus
3241 1841 3304 1880 ea
3332 1866 3348 1891 ,
3389 1843 3511 1897 qua:

225 1914 452 1984 ἑκάστῳ
486 1912 593 1968 τῶν
620 1912 843 1966 δικαίων
881 1911 1044 1966 εἰκὼν
1072 1907 1226 1979 οὖσα,
1256 1911 1351 1966 καὶ
1380 1908 1660 1984 ἀφοροῦσα
1689 1909 1824 1981 πρὸς

1933 1909 2110 1980 imago
2143 1911 2366 1966 cuilibet
2390 1911 2663 1981 justorum
2693 1913 2858 1981 inest,
2890 1925 2946 1970 et
2974 1918 3200 1987 respicit
3236 1919 3509 1974 Christum

225 2008 590 2080 παράδειγμα
637 2007 731 2060 τὸν
759 1994 1014 2080 Χριστὸν,
1065 2006 1202 2078 πρὸς
1246 2005 1304 2059 ὃν
1347 2005 1458 2077 (96)
1515 2005 1823 2078 γεγράφθαι

1933 2011 2188 2074 tanquam
2213 2004 2509 2073 exemplar.
2539 2006 2606 2062 de
2630 2021 2733 2076 qua
2760 2005 2888 2062 illud
2914 2007 3176 2077 scriptum
3211 2010 3377 2064 fuisse
3408 2026 3510 2081 pu-

221 2101 441 2172 νομίζω
471 2100 551 2166 τὸ,
572 2101 807 2166 Δίκαιος
820 2101 1035 2168 Κύριος
1050 2099 1147 2153 καὶ
1181 2097 1568 2167 δικαιοσύνας
1592 2099 1827 2170 ἠγάπη-

219 2208 365 2246 σεν.
415 2190 870 2245 Ἂντιδιέσταλται
908 2191 964 2245 δὲ
1004 2191 1099 2245 καὶ
1126 2193 1193 2262 τῇ
1221 2189 1519 2263 συμϐολικῇ
1544 2191 1823 2245 δικαιοσύ-

219 2299 316 2356 νῃ’
353 2283 530 2337 πολλά
553 2285 663 2356 γὰρ
695 2285 754 2338 ὲν
786 2282 862 2355 τῷ
887 2284 1039 2355 νόμῳ
1063 2285 1162 2354 τῆς
1179 2283 1433 2355 ἀληθείας
1460 2283 1530 2338 τά
1558 2283 1819 2356 σύμϐολα·

218 2373 369 2427 ἀλλά
409 2375 507 2427 καί
546 2378 612 2447 τῇ
645 2375 832 2445 ψευδεῖ
858 2374 1190 2449 δικαιοσύνῃ.
1229 2375 1388 2429 Κατά
1419 2374 1475 2428 δὲ
1505 2375 1566 2429 τὸ
1604 2376 1825 2448 Ἐϐραῖ-

219 2467 325 2519 κὺν
351 2468 446 2520 καὶ
487 2467 613 2531 τοὺς
639 2467 856 2531 λοιποὺς
880 2467 941 2521 οὐ
962 2467 1283 2538 πρόσκειται
1307 2467 1368 2522 τὸ
1389 2466 1610 2537 ἀληθῆ,
1633 2469 1709 2532 ὡς
1722 2469 1823 2540 τῆς

216 2557 577 2631 δικαιοσύνης
604 2560 664 2612 ού
694 2559 988 2632 δεχομένης
1021 2559 1447 2631 ἀντιδιαστολήν.

299 2652 446 2723 Τρία
470 2652 524 2706 δὲ
548 2644 810 2725 κριτήρια
840 2655 896 2707 ὲν
925 2655 1077 2724 ἡμῖν’
1105 2652 1366 2724 Αἴσθησις
1387 2652 1495 2707 τῶν
1525 2653 1817 2726 αἱσθητῶνο

213 2741 386 2812 λόγος
414 2745 523 2798 τῶν
561 2744 890 2815 λεγομένων·
921 2746 1015 2799 καὶ
1046 2745 1168 2809 νοῦς
1200 2746 1311 2800 τῶν
1349 2744 1572 2816 νοητῶν.
1613 2746 1824 2798 Κατευ-

215 2832 376 2887 θύνει
398 2833 456 2886 δέ
479 2851 562 2898 τις
592 2838 787 2906 κρῖμα,
810 2836 903 2889 καὶ
937 2835 1088 2900 θείας
1118 2837 1338 2908 χάριτος
1357 2837 1464 2908 πρό
1501 2854 1565 2906 γε
1595 2837 1702 2892 τῶν
1731 2837 1824 2890 ἀλ-

215 2923 337 2977 λων
363 2923 565 2995 τυχών.
587 2927 752 2992 Παρὰ
769 2924 916 2978 Θεοῦ
941 2924 1050 2998 γὰρ
1076 2927 1387 2981 εὐθύνεται
1402 2926 1474 2980 τὰ
1493 2926 1824 2997 διαδήματα

214 3013 304 3078 τῷ
351 3012 550 3081 ἀνδρί.
596 3013 752 3066 Ἐπεὶ
779 3013 993 3086 θνητὸς,
1024 3014 1143 3080 πῶς
1183 3014 1250 3070 ἀν
1275 3018 1464 3089 νοήσαι
1486 3015 1584 3080 τὰς
1625 3017 1822 3072 ἑαυτοῦ

213 3105 412 3171 ὁδούςς
445 3107 507 3159 Οἱ
545 3106 600 3159 δὲ
623 3105 818 3172 λοιποὶ,
845 3108 1047 3175 κρίσιν
1079 3109 1178 3162 καὶ
1211 3109 1506 3176 εὐθύτητα
1528 3109 1818 3176 ἐξέδωκαν,

212 3197 443 3261 οὐδενὸς
467 3198 694 3269 ἀκρίτου
725 3197 937 3270 ἔχοντος
963 3199 1166 3272 κρίσιν,
1202 3201 1323 3255 οὐδὲ
1358 3203 1573 3257 σκολιοῦ
1600 3203 1824 3276 εὐθύτη-

213 3310 345 3356 τας.
378 3291 493 3344 Καὶ
529 3292 670 3361 τάχα
698 3292 754 3344 αἱ
793 3293 986 3364 ἀρεταὶ
1019 3292 1313 3365 εὐθύτητές
1340 3296 1498 3360 εἰσιν,
1523 3295 1600 3360 ὡς
1630 3297 1688 3350 αἱ
1716 3314 1822 3350 κα-

215 3385 341 3439 κίαι
369 3384 741 3454 σκολιότητες.

403 3567 557 3639 Στίχ.
587 3567 648 3621 δ’.
687 3567 814 3621 Ἵνα
839 3566 924 3634 δῷ
959 3566 1209 3634 ἀκάκως
1244 3569 1636 3639 πανουργίαν.

301 3662 366 3716 '0
389 3659 606 3730 ἀγνοῶν
626 3659 959 3731 κακοηθείας
991 3662 1113 3726 ταῖς
1141 3661 1499 3734 πανουργίαις
1528 3663 1822 3718 ὑποπίπτει

213 3753 334 3808 τῶν
383 3752 699 3825 κακοήθων,
749 3752 912 3816 αὐτὸς
965 3751 1168 3824 εὐήθης
1217 3753 1500 3825 ύπάρχων.
1547 3755 1637 3820 Ὠς
1691 3757 1824 3827 περὶ

213 3845 429 3918 ψεκτοῦ
468 3844 603 3915 γοῦν
635 3844 730 3898 τοῦ
770 3845 943 3900 κακοῦ
976 3845 1215 3914 λέγεται’
1267 3847 1514 3915 Ἀκακος
1554 3850 1822 3912 πιστεύει

214 3937 407 3993 παντὶ
441 3938 624 4008 λόγῳ·
655 3938 846 4010 διόπερ
877 3938 1144 4010 ὲπήγαγε’
1186 3939 1534 4008 Πανοῦρτος
1558 3938 1626 3993 δὲ
1651 3942 1820 4010 ἔρχε-

213 4048 316 4087 ται
343 4033 435 4099 εἰς
453 4031 801 4101 μετάνοιαν
838 4032 1083 4086 τουτέστι
1111 4032 1240 4104 περὶ
1283 4025 1360 4085 ὧν
1384 4033 1668 4086 ἐπίστευσε
1691 4051 1825 4104 προ-

216 4127 407 4189 πετῶς
429 4127 705 4196 μετανοεῖ.
738 4124 848 4196 Τὴν
878 4125 1077 4179 κακίαν
1095 4124 1299 4195 ταύτην
1323 4124 1587 4197 εὐφημῶν
1607 4125 1636 4178 ὁ
1667 4126 1826 4178 Ἀπό-

215 4218 416 4282 nolo;
449 4213 603 4271 εἶπεν
633 4217 934 4289 ἁπλότητα,
976 4216 1172 4287 λέγων·
1201 4217 1517 4286 Φοϐοῦμαι,
1551 4216 1636 4286 μή
1676 4233 1820 4284 πως,

212 4309 299 4377 ὡς
322 4310 465 4378 ὄφις
485 4307 876 4377 ἐξηπάτησεν
897 4309 1065 4363 Εὔαν
1082 4309 1153 4364 ἐν
1173 4307 1247 4377 τῇ
1267 4309 1598 4377 πανουργίᾳ
1613 4307 1822 4373 αὐτοῦ,

213 4402 416 4468 οὕτως
442 4399 647 4470 φθαρῇ
663 4401 734 4456 τὰ
749 4401 1018 4472 νοήματα
1037 4401 1204 4472 ὑμῶν
1218 4402 1338 4457 ἀπὸ
1358 4399 1466 4470 τῆς
1487 4401 1824 4469 ἁπλότητος

1927 2099 1986 2145 to
2013 2109 2024 2143 :
2056 2089 2247 2147 Justus
2271 2092 2556 2162 Dominus,
2587 2106 2635 2149 et
2660 2096 2905 2166 justitias
2955 2097 3141 2152 dilexit
3168 2099 3234 2154 ’⁷.
3278 2100 3508 2155 Contra-

1925 2183 2277 2254 distinguitur
2302 2187 2466 2242 etiam
2503 2203 2534 2242 a
2575 2190 2872 2259 symbolica
2899 2190 3144 2260 justitia;
3173 2193 3340 2248 multa
3365 2195 3509 2250 enim

1923 2285 2080 2330 erant
2112 2278 2166 2332 in
2207 2276 2326 2349 lege
2359 2281 2604 2335 veritatis
2628 2283 2909 2352 symbols;
2957 2284 3086 2354 quin
3118 2295 3172 2339 et
3202 2301 3232 2338 a
3275 2285 3515 2354 falsa-ju-

1924 2365 2092 2421 stitia.
2145 2364 2306 2422 Juxta
2343 2379 2522 2424 tamen
2556 2369 2882 2426 Hebraicum
2934 2383 2988 2428 et
3034 2373 3171 2429 alios
3201 2389 3307 2429 non
3357 2373 3513 2430 adest

1924 2457 2056 2515 illud
2105 2475 2305 2526 veram,
2353 2463 2551 2533 quippe
2592 2479 2696 2518 non
2752 2466 3085 2536 suscipiente
3122 2467 3513 2522 contradictio-

1923 2567 2044 2608 nem
2062 2551 2294 2620 justitia.

1995 2645 2215 2717 Triplex
2245 2657 2332 2702 est
2363 2645 2415 2701 in
2464 2647 2622 2702 nobis
2662 2646 2948 2718 judicandi
2997 2647 3228 2705 facultas
3264 2666 3280 2703 :
3320 2651 3513 2706 sensus

1924 2755 2023 2809 pro
2073 2740 2460 2806 sensibilibus;
2495 2741 2638 2796 ratio
2680 2757 2778 2811 pro
2839 2741 2905 2796 iis
2953 2757 3073 2812 qua:
3128 2743 3410 2816 dicuntur;
3458 2754 3514 2798 et

1927 2847 2082 2889 mens
2119 2849 2218 2903 pro
2264 2833 2719 2904 intelligihilibus.
2757 2833 2951 2906 Dirigit
3001 2847 3181 2890 autem
3213 2837 3337 2906 quis
3363 2835 3511 2904 judi-

1925 2928 2070 2982 cium
2097 2967 2114 2994 ,
2162 2928 2330 2982 etiam
2379 2928 2559 2982 divina
2601 2928 2771 2998 gratia
2820 2944 2931 2998 pra:
2971 2930 3185 2984 cteteris
3215 2931 3258 2983 si
3290 2945 3513 2998 compos

1925 3017 2041 3073 ﬁat.
2064 3019 2107 3071 A
2136 3017 2249 3073 Deo
2282 3019 2426 3073 enim
2456 3019 2761 3089 diriguntur
2787 3036 2993 3089 gressus
3028 3020 3253 3074 hominis
3280 3021 3347 3075 ’⁸.
3377 3020 3510 3075 Cum

1925 3111 2070 3165 enim
2111 3111 2359 3165 mortalis
2397 3113 2489 3175 sit,
2522 3112 2795 3181 quomodo
2826 3111 3127 3178 intelligere
3176 3123 3362 3180 posset
3397 3112 3511 3166 vias

1925 3216 2056 3256 suas
2081 3200 2105 3254 ‘i
2135 3200 2349 3270 Reliqui
2387 3217 2516 3256 vero
2537 3203 2804 3272 judicium
2827 3213 2874 3256 et
2921 3203 3292 3257 rectitudinem
3323 3203 3510 3258 edide-

1926 3303 2071 3358 runt,
2099 3308 2222 3348 cum
2257 3309 2415 3348 nemo
2463 3293 2794 3349 indiscretus
2837 3294 3105 3365 judicium
3157 3296 3377 3362 habeat,
3411 3309 3513 3358 nec

1924 3401 2212 3457 perversus
2239 3386 2614 3441 rectitudines.
2651 3384 2718 3439 Et
2747 3387 2970 3441 omnino
2999 3387 3228 3442 virtutes
3267 3396 3395 3442 sunt
3421 3399 3515 3443 r6—

1924 3479 2236 3542 ctitudines,
2261 3477 2722 3546 quemadmodum
2767 3477 2896 3532 vitia
2926 3479 3294 3549 obliquitates.

2194 3567 2257 3623 ν.
2293 3569 2348 3626 4.
2384 3567 2450 3622 Ut
2491 3568 2574 3624 det
2609 3569 2934 3638 simplicibus
2971 3571 3245 3624 astutiam.

1993 3659 2097 3728 Qui
2133 3661 2341 3732 ignorat
2369 3677 2562 3733 pravos
2590 3675 2792 3726 mores,
2821 3659 3034 3715 astutiis
3051 3660 3357 3716 succumbit
3381 3674 3508 3730 pra.

1927 3769 2138 3820 verum,
2171 3769 2295 3809 cum
2352 3756 2468 3825 ipse
2506 3756 2739 3826 simplex
2779 3762 2833 3809 et
2863 3754 3065 3824 probus
3100 3753 3193 3812 sit.
3239 3754 3315 3808 De
3367 3752 3512 3808 malo

1925 3846 2112 3916 igitur,
2141 3856 2396 3916 tanquam
2430 3847 3016 3919 vituperabili,dicitur
3046 3862 3060 3898 :
3095 3845 3327 3916 Simplex
3345 3847 3513 3901 credit

1924 3941 2068 3994 omni
2098 3942 2328 3995 sermoni
2351 3942 2417 3993 ²⁹.
2441 3940 2736 4008 Propterea
2776 3937 3058 4004 subiunxit
3092 3954 3107 3990 :
3149 3935 3308 4006 Vafer
3334 3951 3511 3991 autem

1924 4037 2063 4091 venit
2095 4035 2150 4087 in
2178 4029 2538 4102 pmnitemiam
2553 4029 2620 4094 “,
2655 4031 2757 4084 hoc
2785 4037 3132 4096 est,qunrutn
3167 4037 3366 4082 temere
3391 4041 3512 4082 cre-

1927 4128 2061 4182 didit
2113 4139 2240 4181 eum
2283 4124 2534 4194 paenitet.
2586 4119 2740 4176 Hanc
2796 4121 3121 4190 pravitatem
3168 4134 3264 4187 per
3308 4119 3513 4187 euphe-

1927 4216 2090 4271 miam
2114 4213 2407 4286 Apostolus
2443 4212 2580 4266 dixit
2604 4211 3041 4280 simplicitatem,
3074 4210 3329 4280 inquiens
3358 4228 3372 4262 :
3416 4207 3515 4264 Ve-

1927 4323 2046 4362 reor
2072 4324 2135 4361 ne
2156 4347 2171 4370 ,
2197 4307 2333 4359 sicut
2372 4319 2584 4372 serpens
2629 4304 2830 4374 decepit
2864 4303 3033 4357 Evam
3071 4303 3126 4355 in
3162 4303 3359 4356 astutia
3391 4318 3510 4370 sua,

1925 4400 2001 4452 sic
2029 4405 2438 4465 corrumpantur
2479 4398 2707 4467 cogitata
2746 4405 2915 4449 vestra
2947 4411 2980 4448 a
3024 4394 3356 4463 simplicitate
3395 4411 3516 4463 qua:

213 4493 336 4561 τῆς
357 4497 447 4560 εὶς
488 4492 599 4546 τὸν
642 4495 922 4563 Χριστόν.
957 4477 1050 4547 Δεῖ
1087 4491 1201 4558 οὖν,
1236 4492 1676 4565 φυλαττομένους
1724 4492 1823 4565 τὴν

1933 4498 2000 4542 est
2028 4487 2083 4541 in
2107 4483 2374 4540 Christum
2392 4485 2456 4539 “.
2474 4484 2698 4554 Oportet
2716 4485 2902 4556 igitur,
2927 4492 2986 4538 ut
3015 4493 3270 4540 caventes
3293 4499 3324 4537 a
3359 4484 3516 4538 mali-

211 4585 314 4640 τοῦ
353 4583 596 4657 πονηροῦ
627 4585 984 4658 πανουργίαν,
1021 4585 1268 4654 γίνεσθαι
1308 4585 1430 4640 καθ’
1462 4587 1687 4649 ἑαυτοὺς
1723 4585 1821 4656 μὲν

1933 4581 2016 4650 gni
2054 4579 2278 4642 astutia,
2308 4578 2478 4633 simus
2509 4578 2561 4631 in
2594 4577 2750 4632 nobis
2781 4577 3096 4631 innocentes
3125 4585 3183 4631 ut
3214 4575 3511 4642 columbzn;

213 4676 523 4747 ἀκεραίους
537 4674 615 4739 ὡς
645 4677 703 4729 αἱ
730 4677 1074 4748 περιστεραὶ,
1095 4677 1232 4747 πρὸς
1260 4676 1316 4730 δὲ
1343 4675 1414 4730 τὰ
1445 4675 1825 4730 ἐπιϐουλεύον-

213 4784 288 4823 τα
317 4769 583 4840 φρόνιμοι
611 4767 689 4831 ὡς
721 4769 771 4821 οἱ
823 4767 997 4837 ὄφεις.
1047 4767 1128 4836 Τῇ
1155 4769 1266 4841 γὰρ
1298 4767 1496 4836 κακίᾳ,
1525 4767 1679 4838 φησι,
1717 4784 1822 4835 νη-

214 4859 479 4924 πιάζετε,
534 4860 670 4926 ταῖς
713 4858 783 4912 δὲ
829 4860 1030 4930 φρεσὶ,
1067 4861 1307 4931 γίνεσθε
1342 4857 1578 4915 τέλειοι.
1627 4859 1692 4913 Ἦ
1720 4877 1824 4912 κα-

215 4952 320 5005 κία
357 4951 467 5022 (97)
495 4946 591 5003 οιῖιν
615 4950 790 5021 διττήο
821 4949 996 5021 ψεκτὴ
1029 4950 1148 5020 μὲν,
1183 4949 1260 5012 ὡς
1299 4947 1532 5020 εἴρηται·
1567 4945 1824 5017 ἐπαινετὴ

213 5045 299 5113 δὲ,
328 5044 430 5108 ὡς·
477 5043 631 5114 Ἐγὼ
661 5042 967 5110 ἐνὰκακίᾳ
987 5059 1107 5112 μου
1145 5042 1501 5110 ἐπορεύθην.

293 5135 452 5208 Στίχ.
488 5142 550 5188 ε’.
611 5135 667 5187 '0
699 5132 768 5187 δὲ
793 5133 1035 5204 νοήμων
1056 5132 1422 5201 κυϐέρνησιν
1445 5131 1753 5197 κτήσεται.

298 5229 416 5300 (98)
453 5226 738 5298 Ἐπείπερ,
761 5224 918 5293 λόγον
942 5224 1104 5292 σοφὸν
1127 5222 1222 5277 ἐὰν
1245 5221 1459 5297 ἀκούσῃ
1484 5223 1682 5294 ὲπιστή
1691 5239 1826 5294 μων,

213 5321 438 5378 αἰνέσει
473 5317 660 5384 αὐτὸν,
687 5317 782 5370 καὶ
816 5317 904 5370 ἐπ’
930 5314 1092 5369 αὐτὸν
1125 5315 1449 5387 προσθήσει.
1493 5315 1550 5369 '0
1588 5314 1644 5368 δὲ
1678 5313 1830 5382 γενό-

225 5431 396 5486 μενος
439 5412 664 5482 νοήμων
702 5410 765 5462 τὸ
796 5408 982 5462 λοιπὸν
1019 5407 1319 5480 προσθήσει
1366 5407 1510 5461 κατά
1547 5423 1606 5459 τε
1636 5405 1834 5477 πρᾶξιν

299 5506 351 5537 ’⁸
368 5504 516 5560 Psal.
548 5519 706 5563 χχχι,
745 5503 800 5556 5.
873 5503 918 5536 ’⁷
952 5502 1098 5557 Psal.
1136 5517 1192 5568 Χ,
1227 5503 1282 5557 8.
1356 5501 1404 5537 ³⁸
1429 5503 1587 5557 Prov.
1623 5519 1687 5555 sx
1713 5542 1727 5567 ,
1763 5501 1825 5554 24

1955 5501 2338 5566 Prov.uv,15.
2370 5499 2415 5532 ³⁸
2461 5500 2596 5555 ibid.
2672 5499 2714 5531 ”
2751 5497 2792 5551 ll
2842 5499 2969 5557 Cor.
2995 5515 3075 5568 ιι,
3106 5499 3162 5556 5.

223 5591 350 5641 xtv,
398 5575 490 5629 20.
571 5573 616 5606 ³³
654 5571 800 5628 Psal.
827 5589 954 5635 xxv,
981 5574 1070 5627 11.

302 5668 422 5740 (95)
457 5669 661 5723 Eadem
694 5683 866 5737 usque
893 5670 960 5724 ad
995 5675 1310 5740 sequentem
1340 5679 1486 5723 vers.
1529 5671 1830 5722 occurrunt

225 5750 286 5795 et
323 5741 380 5791 in
403 5743 524 5794 rod.
553 5753 694 5791 xm.

306 5809 422 5880 (96)
452 5810 506 5864 In
536 5811 666 5864 cod.
704 5819 815 5859 λιιιι
840 5847 851 5870 ,
875 5805 962 5875 ἦν.

1925 4683 2118 4726 contra
2147 4685 2210 4726 ea
2245 4685 2376 4724 vero
2421 4685 2541 4739 qua:
2594 4668 2828 4723 insidias
2869 4675 3108 4734 struunt,
3137 4666 3428 4736 prudentes
3457 4674 3518 4719 ut

1925 4769 2227 4830 serpentes.
2245 4757 2456 4813 Malitia
2481 4761 2650 4823 enim,
2666 4759 2862 4828 inquit,
2877 4759 3193 4828 puerascite,
3210 4768 3379 4824 mente
3397 4772 3515 4811 vero

1926 4862 2086 4905 estote
2123 4849 2341 4920 perfecti
2368 4850 2433 4904 “.
2466 4849 2782 4906 Inuocentia
2831 4849 2996 4920 igitur
3036 4847 3236 4918 duplex
3265 4857 3354 4903 est
3384 4866 3398 4903 :
3435 4847 3518 4900 vi-

1933 4941 2281 5012 tuperabilis,
2302 4952 2363 4996 ut
2401 4943 2603 4999 dictum
2633 4951 2736 5007 est,
2765 4949 2822 4996 et
2860 4941 3173 5009 laudabilis,
3198 4949 3256 4994 ut
3287 4939 3439 5010 :Ego
3462 4938 3518 4992 ir:

1924 5034 2224 5088 innocentia
2254 5051 2367 5109 mea
2385 5034 2618 5104 processi
2633 5033 2698 5088 ³³.

1935 5124 1996 5179 ν.
2035 5125 2087 5180 5.
2114 5126 2218 5193 Qui
2241 5135 2415 5179 autem
2442 5126 2714 5197 intelligit,
2752 5125 3183 5196 gubernationem
3210 5121 3518 5194 possidebit.

1999 5217 2136 5272 Nam
2168 5217 2213 5271 si
2240 5208 2545 5272 seruionem
2570 5219 2868 5288 sapientem
2901 5217 3132 5272 audierit
3158 5217 3202 5271 is
3223 5216 3314 5284 qui
3337 5216 3519 5270 scien-

1931 5310 2002 5364 tia
2044 5309 2305 5379 pratditus
2335 5319 2440 5374 est,
2466 5310 2706 5365 laudabit
2748 5309 3012 5373 illum,et
3055 5309 3125 5366 ad
3167 5307 3319 5370 illum
3367 5306 3520 5377 adji-

1941 5404 2066 5458 ciet.
2098 5403 2164 5458 Et
2186 5402 2278 5473 qui
2313 5403 2617 5473 intelligens
2645 5402 2869 5458 enectus
2892 5412 2995 5468 est,
3019 5401 3274 5473 deinceps
3301 5401 3522 5470 adjiciet

3259 5496 3307 5531 ⁸³
3335 5497 3356 5553 Ι
3387 5497 3519 5556 Cor.

2007 5662 2119 5729 (97)
2172 5662 2421 5716 Ἀκακία.

2009 5733 2121 5804 (98)
2157 5734 2304 5790 idem
2341 5733 2479 5790 etin
2514 5732 2634 5789 cod.
2661 5747 2794 5790 χιιι.
