4016 6516
531 385 636 444 155

1417 378 1980 437 SUPPLEMENTUM
2017 375 2108 433 AD
2143 375 2471 438 ORIGENIS
2504 381 2912 442 EXEGETICA.

3674 391 3778 448 156

522 504 678 574 juxta
704 500 917 572 praxim
945 507 1001 555 et
1026 498 1316 568 theatriam,
1349 499 1492 555 unde
1516 509 1666 556 recta
1698 507 2100 569 consequantur

2206 498 2293 551 xui.
2315 499 2567 568 θεωρίαν,
2609 499 2749 555 ὥστε
2793 503 2886 557 τὸν
2913 503 3066 576 παρὰ
3091 505 3264 559 ταῦτα
3309 505 3536 560 πλοῦτον
3577 525 3776 563 κατευ-

527 610 651 664 ιιυω
679 595 805 649 hinc
832 592 1158 662 proveniunt
1183 591 1404 645 divitiae.
1437 591 1598 648 Deest
1638 601 1820 646 autem
1851 591 2099 645 humanae

526 687 692 740 menti
719 685 960 739 divinum
990 683 1257 752 regimen,
1283 684 1423 753 quod
1460 683 1667 738 habens
1700 683 2004 754 intelligens
2036 696 2100 736 ac

526 785 786 844 praeterea
821 775 1073 843 sapiens,
1108 789 1213 828 non
1268 775 1503 844 patietur
1555 775 1758 844 aliquid
1793 775 1972 830 triste.
2003 771 2100 828 Vir

527 865 834 933 huiusmodi
864 865 1000 920 scite
1029 866 1292 936 navigans
1324 867 1389 920 ad
1415 866 1604 932 Deum,
1638 866 1704 921 ad
1738 876 1948 936 portum
1977 880 2103 935 per-

527 958 712 1012 veniet
741 957 1038 1012 voluntatis
1077 957 1212 1026 ejus.
1238 961 1308 1012 At
1336 959 1425 1028 qui
1476 959 1788 1027 huiusmodi
1846 975 1954 1014 non
1993 967 2098 1022 est.

528 1049 613 1103 vel
635 1049 780 1103 circa
822 1048 979 1104 fidem
1029 1049 1371 1120 naufragium
1407 1049 1590 1117 faciet,
1616 1050 1699 1105 vel
1735 1051 1882 1106 circa
1926 1063 2097 1118 spem,

529 1138 614 1191 vel
668 1139 812 1192 circa
872 1137 1227 1202 charitatem,
1265 1146 1356 1192 aut
1402 1137 1634 1207 aliquam
1675 1153 1740 1193 ex
1787 1138 2096 1192 virtutibus.

529 1226 596 1280 Et
630 1227 719 1295 qui
753 1227 897 1281 circa
950 1226 1070 1283 illas
1104 1228 1446 1298 naufragium
1483 1228 1647 1292 fecit,
1683 1229 1880 1282 merito
1927 1235 2102 1298 potest

528 1315 708 1368 dicere
745 1333 759 1370 :
804 1313 932 1369 Veni
983 1317 1036 1370 in
1086 1318 1481 1384 profunditates
1517 1318 1700 1380 maris,
1740 1329 1786 1370 et
1840 1319 1990 1372 turbo
2013 1321 2104 1373 de-

528 1406 709 1457 mersit
743 1422 824 1459 me
856 1407 920 1460 “.
952 1406 1016 1460 Et
1044 1418 1260 1473 oportet
1291 1424 1509 1478 semper
1534 1409 1716 1464 dicere
1746 1425 1759 1460 :
1794 1409 2010 1481 Eripiar
2037 1411 2101 1466 ab

527 1496 766 1548 osoribus
792 1498 937 1560 meis,
960 1506 1009 1550 et
1029 1499 1092 1551 de
1112 1497 1391 1567 profundis
1427 1515 1682 1566 aquarum
1695 1498 1764 1554 ³⁸.

1178 1589 1452 1658 Ejusdem.

535 1675 598 1731 ν.
659 1677 716 1732 5.
772 1677 873 1744 Qui
903 1688 1080 1734 autem
1113 1681 1391 1755 intelligit,
1419 1683 1615 1753 inquit,
1670 1686 2103 1755 gubernationem

1163 1753 1468 1818 possidebit.

2205 588 2380 644 θῦναι.
2411 592 2600 645 Λείπει
2621 593 2678 646 δὲ
2703 593 2779 664 τῷ
2803 594 3124 668 ἀνθρωπίνῳ
3153 597 3229 667 νῷ
3253 599 3286 669 ἡ
3327 598 3480 670 παρὰ
3507 599 3640 652 Θεοῦ
3681 619 3779 654 κυι-

2205 677 2479 750 ϐἐρνησις,
2527 682 2592 751 ἥν
2620 681 2757 752 ἔχων
2799 685 2830 736 δ
2867 685 3083 756 νοήμων
3107 687 3200 738 καὶ
3253 688 3478 758 προσέτι
3526 689 3689 758 σοφὸς
3712 692 3774 744 οὺ

2205 769 2450 825 πείσεταί
2496 789 2550 824 τι
2583 773 2772 828 δεινόν.
2819 775 2876 828 Ὁ
2901 775 3136 842 τοιοῦτος
3187 779 3364 834 πλέων
3397 782 3778 853 ἐπιστημόνως

2205 863 2340 934 πρὸς
2358 864 2448 916 τὸν
2481 864 2632 930 Θεὸν,
2657 867 2748 919 ἐπὶ
2775 867 2866 922 τὸν
2895 869 3088 939 λιμένα
3115 870 3308 941 φθάσει
3351 874 3444 927 τοῦ
3474 874 3779 948 θελήματος

2205 954 2389 1008 αὑτοῦ.
2429 955 2488 1008 '0
2526 957 2583 1010 δὲ
2617 957 2690 1030 μὴ
2709 958 2947 1024 τοιοῦτος
2981 960 3168 1033 ἢπερὶ
3200 962 3297 1034 τὴν
3324 964 3504 1018 πίστιν
3531 968 3775 1039 ναυαγή-

2207 1064 2311 1110 σει,
2338 1047 2370 1118 ἢ
2396 1049 2524 1119 περὶ
2547 1049 2644 1120 τὴν
2675 1050 2882 1117 ἐλπίδα,
2918 1052 2951 1123 ἢ
3000 1053 3131 1124 περὶ
3171 1055 3272 1126 τὴν
3305 1057 3546 1128 ἀγάπην,
3586 1059 3620 1129 ἡ
3653 1077 3780 1115 τινα

2204 1138 2311 1192 τῶν
2341 1140 2568 1214 ἀρετῶν.
2619 1142 2676 1193 ὐ
2721 1142 2776 1195 δὲ
2810 1143 2937 1215 περὶ
2963 1145 3162 1209 ταύτας
3197 1149 3508 1219 ναυαγήσας
3555 1150 3782 1216 εἰκότως

2207 1229 2273 1283 ἂν
2302 1229 2470 1299 λέγοι⁹
2514 1227 2736 1287 τῌαῑθον
2777 1236 2864 1301 είς
2889 1235 2960 1288 τὰ
2983 1236 3146 1304 ,βάθη
3172 1237 3281 1306 τῆς
3309 1241 3646 1310 θαλάσσης,
3678 1244 3779 1298 καὶ

2208 1322 2474 1390 καταιγὶς
2499 1323 2892 1377 κατεπόντισέ
2910 1343 3004 1395 με.
3031 1329 3140 1380 Καὶ
3157 1327 3239 1380 δεῖ
3268 1328 3445 1398 λέγειν
3487 1331 3593 1384 ἀεί·
3655 1333 3784 1387 Ῥυ-

2207 1412 2423 1482 σθείην
2447 1413 2515 1467 ἐκ
2547 1413 2665 1467 τῶν
2691 1417 3034 1485 μισούντων
3051 1436 3148 1488 με,
3177 1421 3274 1474 καὶ
3304 1421 3373 1474 ἐκ
3402 1421 3521 1478 τῶν
3540 1423 3786 1488 ,βαθέων

2206 1499 2324 1556 τῶν
2367 1501 2620 1558 ὑδάτων.

2832 1601 2941 1656 Τοῦ
2967 1603 3172 1658 αὐτοῦ.

2208 1685 2358 1757 Στίχ.
2386 1693 2448 1741 ε’.
2489 1688 2544 1741 '0
2579 1687 2648 1744 δὲ
2680 1691 2941 1762 νοήμων,
2977 1697 3131 1766 φησὶ,
3165 1697 3531 1767 κυϐέρνησιν
3563 1698 3787 1768 κτήσε-

2934 1782 3047 1820 ται.

535 1834 594 1890 ν.
621 1835 673 1891 6.
693 1835 1056 1910 Intelligetque
1072 1842 1402 1909 parabolam,
1425 1855 1473 1897 et
1493 1844 1770 1898 obscurum
1791 1861 2100 1901 sermonem.

2206 1849 2350 1922 Στίχ.
2405 1857 2479 1916 ς’.
2544 1853 2770 1920 Νοήσει
2823 1872 2888 1909 τε
2931 1857 3282 1927 παραϐολὴν
3323 1859 3420 1914 καὶ
3462 1862 3788 1916 σκοτεινὸν

601 1991 916 2061 Spiritualia
969 1997 1116 2053 enim
1161 1998 1534 2066 spiritualibus
1604 2013 1983 2070 comparantur
2037 2003 2104 2058 ³⁵.

527 2081 793 2137 Animalis
819 2096 992 2140 autent
1017 2090 1170 2141 homo
1207 2107 1310 2142 non
1334 2092 1549 2158 suscipit
1574 2108 1634 2146 ea
1667 2109 1784 2162 quin
1805 2105 1924 2148 sunt
1953 2095 2108 2164 spiri-

527 2184 612 2228 tus
651 2175 1036 2232 Dei:stultitia
1067 2181 1208 2234 enim
1247 2192 1325 2235 est
1359 2183 1462 2251 ipsi
1485 2185 1550 2247 ³⁷,
1591 2185 1937 2254 ρυωοιιηιιιιθ
1957 2188 2104 2242 enim

527 2279 626 2334 per
700 2269 989 2336 parabolas
1057 2281 1110 2326 et
1182 2273 1448 2329 obscuros
1517 2291 1800 2331 sermones
1871 2276 2106 2347 Spiritus

526 2366 749 2413 sanctus
787 2375 886 2428 per
917 2364 1212 2432 prophetas
1245 2364 1456 2422 locutus
1480 2377 1582 2429 est,
1619 2381 1680 2421 ea
1709 2367 1774 2422 iis
1806 2369 1898 2439 qui
1934 2371 2106 2439 parti-

528 2448 718 2518 cipant
749 2458 805 2504 et
835 2454 1243 2508 communicant
1271 2454 1494 2524 Spiritui
1535 2467 1725 2512 sancto
1767 2456 1925 2514 facile
1965 2458 2103 2513 ﬁunt

525 2549 676 2606 nota,
716 2555 840 2594 cum
869 2542 937 2596 ab
979 2544 1168 2598 eodem
1206 2545 1416 2612 Spiritu
1450 2547 1540 2601 illa
1593 2547 1940 2603 edoceantur.
2001 2549 2102 2615 Qui

527 2632 673 2686 enim
707 2633 948 2705 signatus
979 2651 1082 2702 non
1129 2645 1210 2690 est
1247 2648 1301 2692 et
1340 2639 1604 2709 regimine
1639 2650 1794 2696 caret
1823 2680 1842 2706 ,
1891 2641 2105 2697 divinas

528 2720 842 2790 Scripturas
876 2726 1172 2796 intelligere
1199 2744 1306 2782 non
1341 2729 1504 2784 valet.

632 2811 701 2866 ν.
765 2814 818 2867 7.
857 2812 1189 2885 Principium
1220 2818 1515 2886 sapientiae,
1564 2819 1722 2874 timor
1764 2821 1996 2878 Domini.

596 2902 858 2973 Principii
896 2922 1092 2962 nomen
1133 2908 1375 2964 declarat
1402 2920 1454 2967 et
1482 2911 1757 2977 ducatum,
1786 2921 1845 2966 ut
1879 2913 1931 2968 in
1965 2913 2056 2970 illo
2084 2931 2100 2969 :

527 2989 660 3046 Cum
681 2991 1253 3065 justitia‘prwparatur
1278 2999 1494 3055 thronus
1517 3004 1764 3072 principii
1789 3005 1832 3037 ³⁸
1863 3020 1877 3056 :
1929 3015 1982 3060 ct
2005 3023 2102 3060 ru-

529 3081 770 3138 dimenta
805 3085 1038 3154 alicujus
1069 3089 1353 3157 doctrime,
1395 3101 1453 3146 ut
1495 3094 1548 3147 in
1589 3093 1680 3150 illo
1717 3115 1732 3149 :
1769 3095 2099 3166 Principium

2905 1929 3111 1996 λόγον.

2276 2012 2654 2081 Πνευματικὰ
2716 2012 2827 2083 γὰρ
2882 2017 3305 2084 πνευματικοῖς
3373 2022 3784 2090 συγκρίνεται.

2211 2104 2476 2172 Ψυχικὸς
2504 2104 2572 2158 δὲ
2597 2104 2904 2174 ἅνθρωπος
2928 2108 2999 2161 οὐ
3030 2106 3262 2177 δέχεται
3289 2111 3359 2164 τὰ
3380 2111 3487 2165 τοῦ
3519 2115 3790 2182 πνεύμω-

2203 2211 2307 2260 τος
2339 2195 2443 2249 τοῦ
2485 2195 2661 2250 Θεοῦο
2693 2197 2882 2266 μωρία
2923 2197 3033 2269 γὰρ
3067 2200 3227 2265 αὑτῷ
3268 2203 3462 2258 ἐστιν.
3497 2205 3640 2259 ’Ὀσα
3671 2204 3790 2278 γὰρ

2202 2283 2290 2336 διὰ
2313 2285 2635 2356 παραϐολῶν
2662 2286 2756 2341 καὶ
2787 2289 3077 2345 σκοτεινῶν
3097 2291 3270 2361 λόγων
3294 2294 3353 2347 τὸ
3381 2295 3534 2365 ἅγιον
3555 2296 3789 2368 Πνεῦμα

2201 2376 2288 2430 διὰ
2325 2377 2433 2432 τῶν
2459 2381 2752 2451 προφητῶν
2783 2381 3034 2454 ἐλάλησε,
3070 2385 3242 2440 ταῦτα
3275 2389 3387 2452 τοῖς
3418 2390 3669 2460 μετόχοις
3691 2391 3789 2445 καὶ

2203 2472 2478 2533 κοινωνοῖς
2512 2470 2606 2524 τοῦ
2644 2474 2800 2540 ἁγίου
2841 2475 3158 2547 Πνεύματος
3211 2477 3493 2548 εὔγνωστα
3533 2483 3784 2551 γίνεται,

2203 2559 2294 2612 ὑπ’
2328 2559 2490 2613 αὑτοῦ
2533 2563 2628 2616 τοῦ
2672 2565 2988 2637 Πνεῦματος
3032 2569 3478 2644 ἐκδιδασκόμενα.
3537 2575 3788 2648 Ἀσφρά-

2201 2668 2386 2720 γιστος
2421 2655 2530 2728 γὰρ
2575 2657 2669 2710 καὶ
2707 2659 3075 2733 ἀκυϐέρνητος
3097 2663 3198 2728 τὰς
3225 2664 3373 2730 θείας
3405 2666 3631 2739 Γραφὰς
3658 2670 3787 2723 ὲπιε

2201 2743 2402 2812 γνῶναι
2426 2747 2487 2800 οὑ
2521 2746 2763 2804 δύναται.

2377 2838 2526 2908 Στίχ.
2561 2840 2623 2904 ζ’.
2667 2841 2846 2911 Ἀρχὴ
2879 2846 3119 2914 σοφίας,
3149 2848 3332 2917 φόϐος
3358 2851 3602 2919 Κυρίου.

2273 2928 2346 2981 Τὸ
2373 2929 2474 3000 τῆς
2505 2932 2680 3004 ἀρχῆς
2709 2935 2882 3007 ὄνομα
2909 2936 3059 3008 δηλοῖ
3086 2940 3180 2993 καὶ
3204 2941 3301 3009 τὴν
3335 2943 3661 3014 ἡγεμονίαν,
3707 2945 3788 3010 ὡς

2201 3020 2258 3072 ὲν
2281 3020 2387 3091 τῷ’
2429 3023 2588 3078 Μετὰ
2611 3025 3008 3097 δικαιοσύνης
3045 3031 3404 3101 ἐτοιμάζεται
3435 3037 3652 3103 θρόνος
3681 3038 3790 3106 ἀρα

2205 3110 2319 3180 πῆς
2345 3130 2358 3143 ⁸
2394 3114 2490 3168 καὶ
2525 3117 2626 3187 τήν
2664 3135 2808 3182 τινος
2843 3120 3187 3186 διδασκαλίας
3227 3125 3558 3198 εἰσαγωγήν.
3596 3128 3688 3192 Ὠς
3727 3130 3788 3182 ὲν

525 3173 623 3226 vite
650 3177 816 3240 hante,
849 3177 1026 3245 facere
1049 3196 1168 3247 qute
1195 3182 1354 3249 justn
1396 3195 1517 3238 sunt
1549 3185 1615 3252 ³⁹,
1658 3187 1710 3242 id
1745 3198 1829 3243 est
1863 3193 2090 3246 moralia

2206 3173 2492 3276 τῶίἏρχὴ
2527 3173 2670 3262 όόοῦ
2693 3173 2939 3280 ἀγαθῆς,
2965 3173 3247 3268 ποιεῖντὰ
3274 3173 3502 3279 δίκαιαί
3531 3173 3786 3274 τουτέστι

527 3263 870 3319 documenta.
912 3265 1061 3320 Viam
1111 3281 1290 3323 autem
1349 3272 1542 3328 bonam
1603 3276 1772 3342 dicit,
1832 3278 2098 3336 lbeoriam

522 3360 644 3416 quae
677 3349 743 3402 ad
773 3349 1096 3418 sapientiam
1137 3354 1308 3408 ducit.
1358 3355 1690 3426 Principium
1732 3369 1817 3416 est
1883 3378 2126 3434 quoque.

524 3453 694 3493 causa
737 3440 966 3510 alicujus
1009 3445 1363 3509 exsistentiaa,
1429 3456 1487 3501 ut.
1535 3449 1588 3502 in
1654 3450 1746 3505 illo
1779 3451 1934 3523 :Ego
1985 3471 2102 3509 sum

523 3529 844 3596 principium
879 3544 928 3584 et
953 3531 1079 3598 ﬁnis
1105 3533 1150 3564 ⁸ο
1183 3534 1546 3604 :principium
1577 3538 1815 3608 quidem,
1847 3551 2100 3612 tanquam

525 3619 618 3686 qui
653 3634 778 3675 esse
801 3623 1016 3690 tribuit;
1042 3623 1164 3678 finis
1191 3640 1342 3690 vero,
1365 3637 1420 3681 ut
1445 3629 1792 3696 perfectionis
1815 3635 2098 3692 motivum.

529 3708 641 3763 Hoc
672 3711 838 3780 igitur
884 3712 1002 3768 loco
1036 3715 1362 3785 principium
1457 3731 1541 3774 est
1575 3721 1821 3778 doctrina
1855 3727 2102 3782 introdu-

526 3814 656 3854 cens
686 3803 752 3855 ad
795 3803 1139 3872 sapientiam,
1172 3805 1324 3876 juxta
1365 3809 1455 3864 Dei
1487 3811 1736 3869 timorem
1771 3818 2096 3874 consistens.

529 3887 715 3944 Timor
740 3893 884 3946 enim
916 3895 1008 3962 qui
1039 3898 1219 3964 passio
1257 3899 1475 3967 quidem
1504 3901 1577 3956 sit
1604 3943 1620 3968 ,
1665 3914 1750 3960 est
1773 3906 2100 3964 infortunio-

526 3997 644 4035 rum
667 3986 1020 4053 exspectatio.
1053 3987 1152 4054 Qui
1185 4000 1314 4044 sunt
1343 3991 1396 4044 in
1427 3993 1624 4050 timore
1657 4011 1865 4066 paenaz,
1893 4002 2099 4057 evitant

524 4073 871 4140 pravitatem.
893 4075 1078 4146 Neque
1105 4080 1246 4134 hunc
1277 4085 1494 4152 proprie
1524 4086 1616 4140 Dei
1649 4089 1894 4144 timorem
1914 4093 2100 4161 appel-

524 4163 639 4218 lare
669 4177 922 4234 oportet,
955 4170 1058 4223 etsi
1117 4170 1280 4225 afﬁcit
1329 4185 1612 4231 metuentes
1653 4195 1770 4232 eum
1802 4183 1892 4252 qui
1931 4195 2097 4250 potest

523 4263 572 4307 et
605 4257 840 4309 animam
881 4269 928 4311 et
953 4276 1142 4328 corpus
1179 4263 1392 4328 perdere
1434 4266 1488 4319 in
1531 4271 1820 4336 gehennam
1855 4272 1921 4327 “.
1957 4274 2095 4330 Eum

525 4340 673 4408 ejicit
703 4343 939 4412 perfecta
965 4348 1227 4404 charitas.
1249 4351 1436 4407 Timor
1467 4356 1628 4425 igitur
1665 4359 1760 4415 Dei
1801 4378 1960 4420 verus
2012 4375 2098 4422 est

526 4432 704 4501 pietas
747 4435 1017 4506 religiosa,
1061 4439 1213 4509 juxta
1255 4457 1418 4512 quam
1462 4448 1776 4518 religionem
1819 4454 1929 4508 vult
1975 4459 2097 4526 quis

523 4524 848 4580 vehementer
873 4529 926 4581 in
951 4531 1217 4586 mandatis
1247 4534 1360 4604 ejus
1391 4535 1434 4568 ⁸²
1461 4539 1732 4597 desiderio
1755 4524 2006 4614 sincero;
2025 4552 2094 4606 ad
2126 4536 2169 4592 D

522 4797 769 4854 invenies
813 4800 866 4855 in
903 4817 967 4858 co
997 4805 1088 4875 qui
1142 4812 1442 4867 secundum
1474 4817 1796 4886 sapientiam
1828 4823 1937 4890 jam
1968 4841 2084 4894 per-

518 4889 693 4946 fectus
727 4903 831 4957 est,
876 4895 941 4951 de
978 4912 1083 4967 quo
1137 4899 1359 4970 dicitur,
1419 4923 1524 4961 non
1572 4925 1685 4966 esse
1733 4889 2088 4983 deﬁcientium

517 4983 820 5039 timentibus
844 4986 1010 5042 Deum
1046 4989 1111 5044 ".

519 5075 582 5132 V.
651 5077 701 5130 7.
760 5076 946 5132 Pietas
990 5092 1162 5135 autem
1195 5084 1251 5138 in
1297 5085 1500 5153 Deum,
1528 5093 1846 5164 principium
1878 5114 2083 5156 sensus.

589 5167 765 5222 Divini
790 5169 997 5224 scilicet
1033 5188 1247 5238 sensus,
1279 5176 1395 5245 ejus
1423 5178 1512 5245 qui
1545 5189 1630 5235 est
1673 5200 1865 5256 nempe
1892 5205 2086 5246 secun-

515 5255 643 5310 dum
679 5259 992 5316 interiorem
1034 5263 1306 5338 hominem
1342 5281 1357 5320 :
1394 5274 1694 5328 secundum
1735 5255 1893 5347 quem
1939 5284 2086 5339 vide-

514 5362 634 5402 mus
660 5349 833 5404 lucem
868 5367 1050 5406 veram
1076 5394 1091 5417 ,
1128 5365 1185 5408 ct
1227 5357 1476 5414 audimus
1510 5375 1720 5422 secreta
1757 5373 2008 5439 oracula,
2033 5386 2086 5430 et

2203 3295 2270 3348 τὰ
2293 3296 2459 3367 ἠθικὰ
2491 3300 2855 3372 παιδεύματα.
2904 3304 3049 3359 Ὀδὸν
3077 3306 3133 3359 δὲ
3160 3306 3307 3376 λέγει
3329 3309 3544 3381 ἀγαθὴν
3565 3311 3665 3383 τὴν
3689 3313 3790 3366 ἐπὶ

2204 3390 2392 3459 σοφίαν
2418 3391 2654 3460 ἄγουσαν
2675 3394 2925 3467 θεωρίαν.
2954 3397 3118 3470 Ἀρχὴ
3144 3399 3235 3452 καὶ
3268 3401 3460 3472 ἡτινὸς
3493 3401 3789 3475 ὑπάρξεως

2202 3481 2369 3545 αἰτία,
2406 3482 2482 3546 ὡς
2511 3485 2568 3538 ὲν
2599 3485 2708 3557 τῷ·
2749 3487 2888 3558 Ἐγώ
2910 3491 3026 3558 ειμι
3059 3491 3096 3559 ἡ
3130 3491 3285 3559 ἀρχὴ
3334 3493 3431 3546 καὶ
3468 3494 3532 3547 τὸ
3561 3497 3734 3562 τέλος
3768 3512 3784 3526 ⁸

2202 3573 2343 3643 ἀρχὴ
2380 3574 2476 3644 μὲν
2494 3575 2569 3640 ὡς
2599 3576 2658 3629 τὸ
2688 3572 2826 3631 εἶναι
2854 3580 3046 3645 διδοὺς,
3084 3581 3234 3645 τέλος
3255 3582 3311 3636 δὲ
3342 3583 3417 3648 ὡς
3447 3584 3789 3650 τελειώσεως

2202 3658 2442 3731 ἀφορμή.
2484 3661 2597 3717 Νῦν
2629 3659 2721 3717 οὖν
2753 3666 2918 3737 ἀρχὴ,
2948 3669 2980 3738 ἡ
3027 3669 3322 3738 εἰσάγουσα
3351 3674 3429 3735 είς
3451 3674 3550 3744 τὴν
3586 3676 3788 3744 σοφίαν

2205 3747 2457 3818 μάθησις,
2487 3751 2627 3806 κατὰ
2647 3754 2736 3808 τὸν
2752 3755 2841 3808 τοῦ
2870 3757 3005 3810 Θεοῦ
3023 3759 3186 3828 φόϐον
3205 3763 3589 3835 συνισταμένη.
3613 3767 3790 3830 Φόϐος

2201 3838 2310 3911 γὰρ
2339 3842 2638 3913 παθητικὸς
2671 3846 2768 3915 μὲν
2809 3847 2996 3904 δεινῶν
3047 3852 3363 3922 προσδοκία.
3405 3856 3788 3928 Ἐγγινόμενοι

2199 3930 2276 4001 τῷ
2315 3933 2465 4005 φόϐῳ
2505 3935 2778 4002 κολάσεως
2821 3940 3125 3995 ἐκκλίνουσι
3155 3944 3254 4016 τὴν
3303 3946 3522 4000 κακίαν.
3575 3949 3786 4004 Τοῦτον

2199 4021 2320 4074 οὐδὲ
2365 4023 2528 4092 φόϐον
2577 4025 2710 4079 Θεοῦ
2766 4028 2972 4100 κυρίως
3012 4035 3511 4106 προσαγορευτέον,
3572 4041 3623 4092 εί
3685 4040 3787 4094 καὶ

2200 4110 2428 4166 ἆπτεται
2460 4112 2580 4168 τῶν
2614 4117 2998 4186 φοϐουμένων
3020 4120 3128 4174 τὸν
3152 4122 3490 4194 δυνάμενον
3519 4127 3619 4180 καί
3661 4131 3789 4197 ψυ-

2198 4201 2320 4272 χὴν
2339 4205 2435 4258 καὶ
2459 4205 2630 4276 σῶμα
2658 4207 2953 4262 ἀπολέσαι
2977 4210 3048 4264 ἐν
3069 4211 3300 4283 γεέννῃ.
3338 4217 3432 4269 Ὃν
3459 4217 3718 4273 ἐκϐάλλει
3748 4223 3783 4292 ἡ

2197 4293 2377 4349 τελεία
2403 4297 2612 4370 ἀγάπη.
2627 4298 2760 4352 θεοῦ
2783 4300 2839 4353 δὲ
2857 4301 3038 4370 φόϐος,
3067 4303 3319 4378 ἀληθὴςή
3340 4309 3480 4362 κατὰ
3499 4311 3790 4384 σεϐασμὸν

2198 4385 2472 4452 εὐλάϐεια,
2497 4389 2616 4442 καθ’
2643 4390 2702 4444 ὃν
2727 4391 2884 4446 θέλει
2908 4410 2992 4456 τις
3009 4397 3246 4466 σφόδρα
3266 4400 3336 4452 ἐν
3353 4401 3482 4467 ταῖς
3497 4402 3788 4474 ἐντολαῖς

2197 4480 2383 4534 αὐτοῦ
2418 4481 2568 4552 πόθῳ
2610 4486 2847 4556 γνησίῳ,
2882 4487 2963 4549 εἰς
3007 4486 3145 4558 ἔργα
3189 4492 3539 4562 μεταϐάλλων
3572 4497 3775 4566 αὐτὰς,

2199 4573 2291 4625 καὶ
2332 4573 2473 4645 ἀρχὴ
2526 4577 2716 4644 σοφίας
2759 4577 2896 4632 Θεοῦ
2949 4584 3232 4654 γινόμενος
3291 4588 3410 4640 κατ’
3439 4589 3783 4661 εἰσαγωγήν.

2196 4664 2573 4736 Πληρέστατον
2601 4669 2708 4742 γὰρ
2740 4671 2926 4725 τοῦτον
2954 4675 3204 4746 εὑρήσεις
3231 4679 3288 4731 ὲν
3313 4679 3390 4748 τῷ
3413 4679 3558 4732 κατὰ
3581 4685 3788 4752 σοφίαν

2193 4758 2594 4832 τετελεσμένῳ,
2639 4762 2760 4816 καθ’
2786 4765 2844 4817 ὃν
2876 4765 3090 4832 λέγεται
3113 4807 3126 4830 ,
3147 4768 3236 4839 μὴ
3278 4767 3428 4826 εἶναι
3464 4774 3787 4846 ὑστέρημα

2195 4849 2319 4916 τοῖς
2337 4852 2730 4923 φοϐουμένοις
2753 4856 2860 4910 τὸν
2887 4862 3052 4914 Θεόν.

2194 5095 2339 5166 Στίχ.
2371 5097 2434 5163 ζ’.
2471 5098 2761 5155 Εὐσέϐεια
2797 5100 2864 5155 δὲ
2901 5105 2988 5170 είς
3025 5103 3190 5170 Θεὸν,
3219 5106 3376 5176 ἀρχὴ
3407 5107 3783 5178 αἰσθήσεως.

2266 5190 2378 5262 Τῆς
2401 5189 2552 5255 θείας
2581 5193 2906 5265 αἰσθήσεως,
2936 5195 3037 5267 τῆς
3060 5196 3201 5250 κατά
3217 5199 3307 5252 τὸν
3324 5198 3431 5252 ἔσω
3459 5200 3782 5273 ἄνθρωπον,

2195 5279 2319 5335 καθ’
2344 5284 2410 5354 ἣν
2443 5285 2582 5338 όσῶν
2632 5285 2743 5356 (99)
2780 5287 2880 5358 μὲν
2925 5287 2988 5340 τὸ
3037 5289 3154 5358 φῶς
3207 5291 3268 5344 τὸ
3323 5291 3617 5363 ἀληθινὸν,
3681 5298 3787 5350 καὶ

2195 5374 2466 5446 ἀκούομεν
2493 5377 2603 5430 τῶν
2631 5379 3030 5450 κεκρυμμένων
3059 5380 3254 5449 λογίων
3273 5423 3288 5447 ,
3327 5384 3422 5438 καὶ
3452 5385 3786 5456 τρεφόμεθα

513 5438 787 5493 nutriatur
837 5453 978 5510 pane
1025 5442 1166 5506 vitae,
1215 5455 1268 5498 et
1319 5447 1709 5519 participamus
1776 5438 2084 5530 fragrantia:

2206 5467 2280 5522 τὸν
2315 5438 2479 5541 ἄρτον
2520 5472 2620 5543 τῆς
2653 5438 2826 5546 ζωῆς,
2854 5438 3382 5547 ’ἀντιλαμϐανόμεθα
3419 5438 3503 5529 τε.

583 5621 631 5653 ⁸⁸
655 5619 799 5676 Psal.
854 5624 1123 5683 uvttt.3.
1227 5625 1274 5659 ³⁸
1318 5628 1450 5684 ibid.
1514 5634 1600 5689 15.

582 5801 693 5873 (99)
737 5801 997 5874 Ὀρῶμεν.

1705 5639 1747 5670 ³⁸
1784 5639 1801 5694 1
1839 5640 1965 5696 Cor.
2005 5660 2066 5707 ll,
2132 5645 2219 5700 15.
2316 5644 2360 5676 ³⁷
2392 5644 2523 5699 ibid.
2587 5648 2673 5703 14.

522 5686 567 5721 δ’
586 5690 750 5760 Apim
775 5708 816 5748 l-
852 5693 904 5745 8ο
981 5693 1239 5750 “Matth.
1274 5714 1326 5765 κ,
1361 5698 1448 5754 ‘28.
1518 5686 1730 5764 “Psal.
2005 5686 2088 5746 "is

2206 5686 2256 5770 il.
2289 5686 2592 5780 xxxiii-rit).

2782 5651 2826 5683 ³⁸
2878 5650 3035 5707 Prov.
3093 5668 3207 5718 xvt,
3263 5651 3348 5707 12.
3447 5655 3492 5688 ³⁸
3541 5655 3675 5712 ibid.
3713 5655 3781 5714 5.
