4004 6508
287 390 398 444 157
1525 390 1786 450 FRAGM.

1934 389 2339 452 pnovenum.
3420 394 3523 450 158

283 503 556 578 Χριστοῦ,
586 507 682 562 καὶ⁸
716 508 998 581 ἁπτόμεθα
1025 506 1120 562 τοῦ
1141 506 1301 576 λόγου
1330 508 1432 578 τῆς
1454 507 1621 579 ζωῆς.
1646 506 1821 579 Ταύτη

1961 507 2188 573 Christi,
2220 519 2277 563 et
2338 507 2653 580 attingimus
2705 507 2928 564 verbum
2984 505 3126 564 vitae.
3191 505 3523 576 Principium

279 596 432 669 ἀρχὴ
459 598 556 669 τῆς
583 599 904 672 αἰσθήσεως,
924 603 958 673 ἡ
977 600 1113 672 πρὸς
1141 600 1274 656 Θεὸν
1301 600 1821 664 εύσέὸεια,τουτέστι

1960 595 2120 663 hujus
2143 613 2362 665 sensus,
2421 608 2502 654 est
2540 599 2715 668 pietas
2753 598 2809 655 in
2850 597 3041 665 Deum,
3098 612 3291 667 nempe
3340 598 3528 652 incon-

280 691 385 743 ἀτι
407 691 503 762 (ι).

1957 703 2130 743 cassa.
2235 715 2238 718 ’

277 777 433 850 Στίχ.
463 785 513 850 η’
547 780 660 846 Υιὲ,
687 778 1029 860 νρμορςβλ
1053 781 1440 860 πατρόςΔσου,
1457 780 1556 834 καὶ
1583 779 1670 850 μὴ
1696 779 1821 835 dmi:

1957 777 2021 832 γ.
2059 780 2118 834 8.
2183 778 2361 844 Audi,
2403 780 2520 860 fili,
2562 781 2700 860 leges
2747 783 3058 860 patris_tui,
3087 799 3247 854 neque
3283 782 3524 852 repudies

671 853 787 919 σθη
821 849 1080 920 θεσμοὺς
1102 851 1324 920 μητρός
1350 867 1483 905 σου.
1588 849 1596 850 ί

2355 849 2754 905 constitutiones
2793 854 2976 906 matris
3009 864 3134 908 tute.

350 939 566 1012 Πατρδς
597 940 696 1012 μὲν
719 941 987 1012 ἀκούομεν
1010 941 1330 1014 λόγους,τῆς
1357 942 1580 1012 Γραφῆς
1597 960 1610 973 ·
1651 939 1821 1012 μητρὸ

2025 939 2204 1008 Patris
2245 940 2461 1010 quidem
2491 941 2636 1013 leges
2666 944 2935 1010 audimus,
2962 943 3255 1013 Scripturae
3283 957 3516 1014 nempe:

273 1030 336 1084 δὲ
365 1029 466 1094 τὰς
497 1031 776 1104 ἀγράφους
803 1031 1126 1104 παραδόσεις
1153 1031 1256 1102 τῆς
1300 1030 1642 1102 Ἐκκλησίας·
1671 1032 1821 1084 ὁποῖο

1952 1033 2145 1088 matris
2196 1048 2359 1101 vero,
2414 1049 2522 1089 non
2580 1035 2814 1104 scriptas
2861 1035 3178 1091 traditiones
3225 1036 3518 1102 Ecclesia;

272 1123 338 1175 τὸ
352 1122 634 1194 νηστεύειν
659 1125 717 1176 ὲν
736 1125 1126 1194 παρασκευαῖς,
1153 1121 1245 1176 καὶ
1260 1121 1669 1192 ἕτερατοιαῦτα.
1689 1122 1821 1174 Ὠστ

1952 1123 2252 1194 cujusmodi
2276 1135 2359 1181 est
2385 1125 2633 1196 ieiunare
2649 1129 2819 1182 sextis
2833 1126 3004 1193 feriis,
3027 1137 3083 1180 et
3112 1126 3214 1180 alia
3241 1127 3511 1197 huiusmo-

273 1215 412 1286 φησί
431 1232 446 1246 ’
490 1214 589 1283 Μὴ
622 1213 818 1268 πάντα
859 1214 996 1269 θέλε
1043 1213 1159 1268 ἀπὸ
1213 1213 1563 1284 γραμμάτων
1587 1214 1821 1268 ἀκούειν

1951 1215 2025 1270 di.
2063 1214 2216 1272 Unde
2248 1217 2381 1273 dicit
2415 1237 2429 1272 :
2468 1217 2596 1272 Noli
2635 1221 2812 1272 omnia
2841 1236 2872 1271 a
2902 1217 3090 1272 litteris
3134 1218 3338 1272 audire.
3368 1218 3517 1272 Licet

273 1305 437 1358 Ἔστι
459 1304 516 1358 δὲ
541 1305 635 1359 καὶ
668 1306 793 1370 τοὺς
818 1305 1078 1374 φυσικοὺς
1100 1307 1242 1359 νοεῖν
1263 1305 1524 1377 πατέρας,
1554 1305 1587 1376 ἢ
1614 1305 1815 1359 καὶτοῦ

1949 1315 2003 1360 et
2032 1308 2310 1363 naturales
2340 1309 2654 1380 intelligere
2691 1319 2895 1379 patres,
2921 1309 3004 1364 vel
3035 1307 3330 1378 intelligere
3356 1309 3517 1379 Spiri-

267 1398 679 1468 πνευματικοὺς
730 1401 873 1452 νοεῖν
912 1397 1285 1462 διδασκάλους.
1331 1397 1442 1450 Καὶ
1491 1396 1600 1468 γὰρ
1644 1397 1846 1451 τούτων

273 1488 462 1562 μὴςτηρ
492 1488 526 1558 ἠ
569 1487 884 1558 Ἐκκλησία.
1356 1531 1358 1534 ,

265 1577 419 1648 Στίχ.
462 1577 527 1637 θ’.
551 1579 860 1648 Στέφανον
887 1579 995 1649 γὰρ
1021 1580 1278 1649 χαρίτων
1297 1578 1441 1649 δέξῃ
1479 1577 1566 1647 σῇ
1588 1578 1842 1650 κορυφῇ.

349 1668 512 1722 Ἀλλὰ
549 1669 642 1722 καὶ
675 1669 860 1743 χάρισι
885 1670 1018 1724 Θεοῦ
1045 1671 1266 1736 πολλαῖς
1298 1669 1602 1743 σωζόμεθα.

912 1763 1068 1815 ΚΕΦ.
1110 1764 1184 1816 A'.

333 1851 486 1922 Στίχ.
519 1857 618 1906 κε’.
639 1855 703 1907 οι
726 1853 1022 1923 ὀφθαλμοί
1041 1869 1158 1907 σου
1189 1854 1761 1922 ὀρθὰβλεπέτωσαν.

346 1942 517 2014 Ὀρθὰ
549 1943 747 2016 ὁρῶσιν
797 1945 847 1998 oi
883 1944 1174 2016 λογισμοὺς
1223 1944 1438 2017 ἔχοντες
1467 1946 1696 2011 ἀπαθεῖς
1743 1946 1838 2000 καὶ

255 2033 507 2105 δόγματα
538 2035 731 2108 ἀληθῆ.
768 2037 885 2090 ὐτ’
920 2035 986 2091 ἂν
1038 2035 1201 2112 λέγῃ·
1254 2040 1320 2091 Ol
1375 2038 1672 2108 ὀφθαλμοί
1708 2050 1826 2092 σου

257 2125 407 2193 ὀρθὰ
421 2123 844 2190 βλεπέτωσαν,
877 2125 975 2198 τὴν
1002 2127 1191 2198 ὅρασιν
1221 2127 1370 2198 δηλοῖ
1383 2127 1483 2199 τῆς
1509 2128 1704 2200 ψυχῆς.
1728 2129 1838 2182 Καὶ

251 2216 334 2270 ὅτ’
371 2217 440 2270 ἂν
469 2215 898 2289 παραινῇ·Φάτε
924 2216 1211 2287 mauult},
1235 2219 1336 2272 ἵνα
1351 2218 1662 2290 τλυκανθῇ
1693 2220 1839 2274 ὁλά-

245 2308 406 2377 ρυτξ
428 2322 566 2372 σου,
589 2309 709 2380 μέλι
724 2305 997 2379 τροπικῶς
1011 2311 1110 2382 τὴν
1132 2310 1282 2364 Θείαν
1296 2311 1444 2380 λέγει
1470 2311 1834 2378 διδασκαλίαν,

251 2401 379 2470 ἥτις
404 2399 505 2471 τὴν
540 2402 922 2473 πνευματικὴν
942 2401 1260 2473 καταρτίζει
1296 2401 1516 2471 γνῶσιν.
1554 2402 1712 2456 Ἀλλὰ
1742 2406 1836 2459 καὶ¹

249 2494 482 2548 ἅπτεται
514 2491 693 2562 ψυχῆς
723 2493 756 2560 ἠ
786 2493 976 2562 σοφίαο
1021 2493 1332 2561 Ἐράσθητι
1360 2493 1468 2566 γὰρ
1489 2493 1699 2564 αὐτῆς,
1735 2495 1836 2550 ἵνα

245 2598 324 2636 σε
350 2581 692 2652 παραλάϐῃ.
729 2584 886 2655 Ψυχὴ
911 2583 990 2649 δὲ,
1020 2583 1107 2638 διὰ
1131 2584 1468 2657 περιπλοκῆς
1499 2586 1665 2658 σοφίᾳ
1703 2588 1835 2642 ἑνω-

247 2673 427 2736 θείσα,
463 2673 738 2746 ἀγιασμοῦ
766 2674 1068 2747 πληροῦται
1094 2676 1188 2730 καὶ
1221 2675 1608 2748 καθαρότητος.
1631 2679 1752 2733 Ἔτι
1769 2696 1834 2750 γε

246 2766 359 2837 μὴν
388 2766 500 2820 τῶν
528 2766 764 2839 Χριστοῦ
787 2767 1028 2841 μύρωνὴ
1059 2770 1159 2840 τῆς
1187 2767 1363 2841 ψυχῆς
1378 2770 1832 2856 ἀντιλαμϐάνεται

240 2857 534 2930 ὗσφρησις.

898 2951 1058 3005 ΚΕΦ.
1101 2952 1180 3007 Ε’.

237 3039 395 3110 Στξχ.
431 3039 634 3116 γ’.-Μὴ
667 3043 1165 3116 πρρσεχεμςραύλῃ
1203 3045 1441 3113 γυναικί
1463 3059 1477 3076 ο
1527 3044 1669 3114 μέλι
1721 3045 1832 3116 γὰρ

495 3111 817 3172 ἀποστάζει
843 3111 961 3166 ἀπὸ
998 3111 1248 3182 χειλέων
1276 3111 1583 3183 γυναικός.

1934 1398 2124 1454 tuales
2147 1398 2416 1455 doctores.
2444 1400 2647 1456 Horum
2672 1411 2756 1456 est
2781 1401 2925 1456 enim
2950 1410 3124 1456 mater
3149 1398 3408 1455 Ecclesia.

1946 1573 2017 1629 V.
2064 1575 2117 1632 9.
2170 1575 2431 1631 Coronam
2460 1580 2598 1633 enim
2631 1579 2920 1649 gratiarum
2947 1580 3169 1649 accipies
3206 1589 3297 1635 tuo
3331 1578 3512 1649 capiti.

2018 1665 2124 1722 Sed
2158 1667 2304 1722 enim
2337 1669 2523 1738 gratiis
2544 1670 2636 1724 Dei
2670 1669 2852 1725 multis
2873 1669 3163 1724 salvamur.

2576 1760 2729 1819 CAP.
2767 1761 2855 1817 Π.

2158 1849 2219 1910 V.
2276 1850 2370 1906 25.
2437 1850 2594 1906 Oculi
2647 1853 2723 1906 tui
2782 1863 2925 1908 recta
2955 1857 3304 1937 .‘aspictunto.’

2012 1943 2178 2000 Recta
2207 1944 2515 2013 aspiciunt,
2561 1944 2651 2014 qui
2693 1945 3046 2016 cogitationes
3081 1946 3282 2003 habent
3308 1963 3512 2019 nequa—
3619 2007 3622 2012 _

1939 2050 2101 2104 quam
2142 2037 2488 2106 passionihus
2531 2037 2814 2106 obnoxias,
2872 2049 2923 2095 et
2976 2042 3191 2096 veracia
3234 2041 3506 2114 dogmata.

1938 2126 2168 2194 Quando
2187 2129 2341 2194 dicit,
2363 2129 2518 2185 Oculi
2538 2132 2616 2183 tui
2640 2141 2783 2185 recta
2803 2133 3118 2202 aspiciunto,
3140 2134 3312 2188 visum
3333 2134 3508 2189 innuit

1939 2221 2152 2277 animat.
2173 2221 2240 2276 Et
2261 2223 2478 2291 quando
2507 2223 3002 2279 hortatur:Comede
3026 2225 3148 2288 mel,
3176 2226 3278 2294 ﬁli,
3299 2237 3353 2279 ut
3380 2226 3507 2280 dul-

1937 2323 2150 2368 corctur
2172 2322 2358 2384 guttur
2388 2324 2534 2368 tuum
2569 2314 2646 2381 “;
2700 2315 2805 2368 mel
2834 2315 3060 2387 ﬁgurate
3094 2318 3226 2373 dicit
3267 2319 3505 2373 divinam

1938 2399 2260 2468 doctrinam,
2305 2416 2428 2471 quae
2506 2403 2847 2473 spiritualem
2902 2407 3177 2476 componit
3229 2409 3502 2464 notitiam.

1939 2489 2322 2548 Verumtamen
2353 2493 2513 2551 allicit
2545 2513 2762 2568 quoque
2788 2501 3022 2555 animam
3062 2501 3326 2570 sapientia
3361 2519 3376 2558 :
3409 2502 3507 2558 Di-

1935 2583 2037 2653 lige
2073 2583 2220 2638 enim
2253 2583 2422 2652 illam,
2455 2597 2510 2640 ut
2549 2598 2597 2642 te
2619 2602 2856 2644 assumat
2883 2591 2951 2646 ⁸⁸.
2978 2592 3171 2646 Anima
3195 2601 3374 2647 autem
3408 2609 3505 2661 per

1933 2675 2362 2744 complexionem
2387 2678 2668 2747 sapientiae
2688 2682 2857 2748 unita,
2882 2682 3310 2738 sanctificatione
3331 2683 3505 2749 reple-

1935 2777 2025 2823 tur
2052 2777 2106 2823 et
2135 2771 2392 2839 puritate.
2421 2770 2614 2826 Adhuc
2649 2781 2829 2831 tamen
2876 2787 3272 2848 unguentorum
3299 2773 3502 2831 Christi

1931 2861 2188 2919 ollactum
2217 2864 2414 2921 animae
2436 2882 2630 2922 sensus
2645 2869 2897 2938 percipit.

2581 2959 2733 3016 CAP.
2791 2960 2857 3017 V.

1933 3046 2000 3104 ν.
2057 3049 2111 3103 5.
2157 3049 2240 3104 Nc
2271 3051 2512 3104 attendas
2534 3052 2687 3104 multo
2708 3053 2920 3106 mulieri
2943 3069 2962 3107 :
2987 3055 3089 3107 mel
3117 3070 3253 3108 enim
3274 3053 3440 3108 stillat
3469 3071 3503 3108 a

2499 3122 2658 3174 labiis
2687 3123 2942 3178 mulieris.

307 3202 404 3274 Μὴ
428 3204 662 3274 πρόσεχε
687 3204 940 3277 ἀπατηλῇ
969 3205 1303 3278 διδασκαλίᾳ,
1341 3206 1428 3260 διὰ
1460 3206 1560 3277 τῆς
1587 3224 1820 3280 χρηστο-

2001 3206 2080 3264 Ne
2119 3211 2371 3266 attendas
2399 3211 2691 3267 seductrici
2721 3214 3004 3280 doctrina,
3037 3229 3135 3283 per
3167 3213 3304 3269 bella
3337 3215 3501 3270 verba

229 3295 429 3363 λογίας
470 3294 818 3368 δελεαζούσῃ.

228 3386 389 3456 Στίχ.
422 3385 486 3438 δ’.
511 3379 808 3458 ’Υστερον
827 3385 1033 3458 μέντοι
1061 3388 1414 3458 πικρότερον
1433 3387 1621 3458 χολῆς
1649 3390 1823 3458 eum-

302 3455 464 3522 σεις,
497 3455 598 3509 καὶ
628 3455 1008 3526 ἠκονημένον
1033 3455 1276 3526 μᾶλλον
1294 3455 1594 3529 μαχαίρας
1621 3455 1822 3515 διοῖτό-

296 3544 447 3595 μου.

301 3619 605 3690 Μάχαιραν
628 3617 776 3687 λέγει
809 3618 908 3690 τὴν
936 3617 1227 3690 τιμωρίαν,
1267 3619 1409 3673 κατὰ
1429 3621 1520 3674 τό*
1558 3626 1822 3692 Τραυμα-

223 3711 352 3764 clas
381 3710 688 3779 μαχαίρας
713 3728 832 3781 μου
862 3709 1003 3765 ἐστέ
1027 3727 1042 3741 ο
1082 3710 1115 3780 ἢ
1145 3709 1241 3782 τὴν
1274 3711 1474 3783 κρίσιν,
1508 3713 1630 3784 ἥτις
1674 3715 1820 3768 ἐστὶν

223 3802 305 3866 ὡς
345 3803 598 3873 μάχαιρα
629 3800 779 3867 ὀξεῖα
824 3799 1166 3875 ἐξερευνῶσα
1192 3802 1262 3856 τὰ
1298 3803 1522 3874 κρυπτά
1560 3807 1658 3877 τῆς
1685 3823 1821 3880 καρ-

224 3889 375 3953 δίας.
1474 3902 1477 3903 ⁷

222 3981 380 4052 Στίχ.
419 3976 494 4045 ς’.
531 3979 1277 4121 Σφαλεραῑεὲξνιέξσξρρχαι
1306 3983 1532 4052 αὐτῆς,
1561 3985 1662 4039 καὶ
1707 3987 1817 4042 οὐκ

294 4144 582 4217 Σφαλεραὶ
599 4145 656 4198 αἱ
677 4143 868 4216 τροχαὶ
895 4144 1086 4214 αὐτῆς,
1113 4146 1204 4198 καὶ
1223 4145 1322 4200 οὐκ
1347 4145 1662 4216 εὖγνωστοι,
1681 4148 1816 4202 διότι

217 4237 335 4291 ἀπὸ
350 4237 541 4294 κακῶν
565 4238 645 4300 είς
669 4234 814 4290 κακὰ
836 4235 1232 4307 ἀνακυλιομένη
1263 4239 1326 4290 ὲκ
1345 4237 1444 4309 τῆς
1470 4241 1687 4312 μακρᾶς
1708 4240 1817 4295 τῶν

215 4327 570 4399 ἀγαπώντων
597 4326 766 4398 αὐτὴν
796 4327 1082 4399 συνηθείας
1102 4344 1116 4357 ο
1145 4327 1392 4401 σφαλερά
1417 4324 1570 4393 οὖσα,
1598 4331 1693 4384 καὶ
1719 4332 1816 4404 τῆς

217 4419 509 4491 βασιλείας
533 4419 644 4472 τῶν
669 4419 911 4491 οὐρανῶν
937 4418 1338 4491 ἁποστερούσα,
1371 4421 1466 4475 καὶ
1489 4422 1570 4486 είς
1591 4422 1816 4492 γέενναν

212 4513 697 4585 παραπέμπουσα.

211 4609 375 4679 Στίχ.
417 4613 507 4660 ια’.
524 4606 736 4662 Ἠνίκα
761 4605 839 4660 ἂν
864 4603 1253 4690 καταζριόῶσι
1291 4603 1514 4675 σάρκες
1536 4605 1811 4676 σώματός

941 4690 1080 4730 σου.

283 4771 392 4826 Διὰ
417 4770 514 4824 τοῦ
551 4768 948 4840 κατατριὸἦναι
986 4766 1084 4831 τὰς
1117 4766 1350 4838 σάρκας,
1387 4767 1487 4840 τὴν
1511 4768 1809 4824 ἀκολασίαν

209 4864 394 4935 δηλοῖ,
432 4861 639 4933 φθοράν
667 4877 788 4915 τινα
821 4855 1006 4914 οὖσαν.
1035 4857 1134 4911 Διὰ
1160 4858 1216 4911 δὲ
1239 4858 1350 4912 τῶν
1377 4859 1586 4914 κακιῶν
1614 4862 1664 4914 oi
1689 4861 1813 4915 πολ-

204 4956 297 5010 λοὶ
324 4953 714 5024 κατατρίϐουσι
734 4951 834 5015 τὰς
855 4948 949 5003 τοῦ
966 4949 1203 5022 Χριστοῦ
1230 4951 1458 5024 σάρκας,
1481 4954 1576 5006 καὶ
1590 4971 1652 5007 το
1672 4949 1812 5026 αἷμα

208 5047 702 5109 καταναλίσκουσι,
737 5043 914 5098 κοινὸν
934 5042 1064 5097 αὐτὸ
1090 5043 1454 5114 ἡγησάμενοι.

257 5137 418 5208 Στίχ.
454 5136 533 5190 ιδ’.
570 5137 715 5204 Παρ’
737 5135 946 5212 ὀλίγον
965 5134 1262 5204 ἐγενόμην
1288 5134 1360 5188 ἐν
1383 5135 1564 5188 παντὶ
1594 5135 1775 5202 κακῷ.

283 5229 440 5297 Παρ⁹
465 5227 676 5296 ὀλίγον
703 5226 1016 5296 ἐγενόμην.
1042 5218 1151 5278 Ἦν
1173 5225 1261 5277 ὅτε
1282 5225 1384 5279 ούκ
1411 5220 1480 5294 ἦν
1508 5226 1695 5291 κακία,
1717 5229 1812 5281 καὶ

204 5320 372 5374 ἔσται
401 5319 490 5372 ὅτε
519 5317 621 5371 οὐκ
647 5315 820 5370 ἔσται.
853 5315 967 5368 Οὐκ
996 5310 1064 5386 ἦν
1101 5313 1181 5382 δὲ,
1235 5316 1327 5368 ὅτε
1377 5316 1478 5369 οὐκ
1508 5311 1578 5387 ἦν
1619 5317 1808 5389 ἀρετὴ,

204 5411 341 5464 οὐδὲ
370 5409 523 5462 ἔσται
555 5409 647 5462 ὅτε
678 5408 779 5461 οὐκ
806 5405 980 5460 ἔσται.
1009 5404 1398 5472 Ἀνεξάλειπτα
1415 5405 1527 5478 γὰρ
1551 5407 1621 5461 τὰ
1643 5408 1812 5480 σπέρ-

209 5518 369 5573 ματα
401 5501 502 5573 τῆς
522 5500 751 5571 ἀρετῆς.
777 5498 960 5552 Πείθει
982 5497 1040 5552 δέ
1069 5515 1137 5568 με
1168 5497 1264 5550 καὶ
1295 5489 1450 5562 οὗτος
1473 5516 1487 5530 ο
1516 5503 1659 5568 Παρ’
1687 5501 1812 5555 ὀλί.

202 5611 344 5664 γον,
384 5594 484 5647 καί
511 5595 626 5647 οὐκ
646 5591 717 5645 ἐν
741 5590 918 5646 παντὶ
941 5591 1103 5658 κακῷ
1133 5590 1390 5662 γεγονώς
1412 5609 1426 5622 ·
1468 5594 1562 5647 καὶ
1587 5595 1616 5647 ὁ
1648 5593 1811 5648 πλού-

278 5694 330 5722 ⁸⁸
357 5688 520 5745 Prov.
562 5702 715 5750 xxtv,
748 5687 832 5742 l3.
909 5686 956 5718 "
998 5687 1154 5742 Prov.
1188 5703 1264 5754 Iv,
1290 5686 1344 5742 6.

281 5785 364 5849 (1)
386 5783 556 5839 Forte
595 5783 906 5844 ἀτίνακτος.

1926 3300 2209 3356 inescanti.

1926 3390 1993 3448 ν.
2043 3392 2100 3448 4.
2154 3390 2350 3449 Postea
2383 3403 2555 3448 tamen
2594 3396 2831 3451 amarius
2859 3375 2986 3465 quid
3009 3395 3415 3465 fellcinvenics,
3450 3409 3500 3453 et

2157 3475 2371 3517 acutum
2408 3465 2576 3535 magis
2615 3481 2774 3536 quam
2805 3466 3016 3536 gladius
3056 3483 3271 3536 anceps.-

1999 3618 2252 3674 Gladium
2301 3621 2434 3676 dicit
2497 3636 2747 3692 penam;
2793 3621 2946 3692 juxta
3010 3623 3180 3680 illud:
3222 3622 3495 3680 Vulnerati

1923 3707 2092 3778 gladii
2127 3710 2228 3763 mei
2268 3711 2392 3764 estis
2425 3709 2493 3767 “.
2557 3709 2649 3765 Vel
2688 3709 2971 3780 judicium,
3025 3715 3170 3782 quod
3218 3725 3302 3770 est
3355 3714 3499 3769 sicut

1923 3801 2139 3871 gladius
2163 3809 2354 3856 acutus
2382 3803 2707 3872 perquirens
2735 3803 2946 3860 occulta
2983 3805 3183 3863 cordis.

1923 3978 1988 4035 V.
2017 3981 2072 4036 6.
2105 3979 2353 4036 Fallaces
2383 3991 2556 4036 autem
2581 3983 2767 4038 orbita:
2793 3984 2960 4050 illius,
2984 3994 3033 4040 et
3061 4001 3182 4056 qua:
3212 4000 3315 4038 non
3339 3983 3500 4053 facile

2565 4065 2867 4108 noscantur.

1952 4193 1956 4198 _
1999 4138 2249 4194 Fallaces
2270 4140 2461 4196 orbita:
2493 4140 2662 4208 illius,
2705 4152 2762 4198 et
2801 4159 2923 4212 qua:
2955 4159 3060 4199 non
3085 4144 3242 4200 facile
3265 4159 3498 4200 noscan-

1921 4243 2028 4297 tur,
2064 4241 2351 4310 propterea
2391 4235 2535 4304 quod
2566 4250 2596 4289 a
2629 4235 2787 4291 malis
2812 4236 2866 4291 in
2897 4236 3037 4291 mala
3071 4237 3388 4292 devolvatur
3426 4253 3496 4294 ex

1922 4329 2080 4399 longa
2114 4329 2418 4383 amantium
2474 4343 2594 4382 eam
2645 4329 3061 4386 consuetudine.
3112 4328 3302 4383 Fallax
3329 4339 3414 4386 est
3439 4339 3496 4384 et

1919 4435 2087 4491 regno
2132 4420 2399 4478 calorum
2439 4421 2653 4492 privat,
2704 4429 2758 4477 et
2791 4422 2845 4477 in
2875 4422 3182 4492 gehennam
3227 4421 3491 4478 detrudit.

1919 4601 1984 4656 ν.
2035 4601 2124 4656 ll.
2179 4600 2403 4668 Quando
2458 4609 2805 4654 conterantur
2849 4615 3033 4654 carnes
3096 4597 3333 4669 corporis
3389 4598 3492 4654 tui.

1990 4758 2094 4814 Per
2129 4759 2377 4815 carnium
2405 4758 2786 4814 contritionem
2820 4757 3294 4828 intemperantiam
3323 4759 3493 4814 deno-

1923 4861 2021 4918 tat,
2052 4868 2172 4921 quae
2201 4861 2286 4907 est
2309 4851 2556 4921 quaedam
2585 4853 2887 4920 corruptio.
2919 4851 3023 4906 Per
3053 4852 3281 4907 crimina
3312 4862 3492 4907 autem

1919 4943 2136 5013 quidam
2185 4950 2482 4998 conterunt
2539 4940 2746 4998 Christi
2799 4957 3025 5012 carnes,
3071 4952 3127 4998 et
3174 4943 3494 5012 sanguinem

1918 5036 2233 5102 absumunt,
2275 5035 2562 5104 profanum
2595 5035 2768 5104 ipsum
2792 5035 3140 5090 arbitrantes.

2111 5127 2176 5181 ν.
2220 5127 2307 5180 IL.
2345 5126 2736 5196 Propemodum
2773 5126 2850 5197 fui
2887 5128 2941 5180 in
2976 5126 3117 5182 omni
3146 5125 3306 5178 malo.

1995 5217 2389 5286 Propemodum
2440 5217 2542 5288 fui.
2584 5219 2892 5289 Aliquando
2939 5217 3128 5270 vitium
3191 5231 3297 5270 non
3350 5225 3491 5284 erat,

1919 5309 2274 5378 futurumque
2314 5317 2399 5363 est
2430 5318 2487 5362 ut
2519 5325 2633 5366 non
2683 5303 2796 5364 sit.'
2830 5307 3114 5378 Nunquam
3145 5321 3273 5362 vero
3319 5305 3493 5364 virtus

1919 5419 2026 5458 non
2051 5403 2173 5468 luit,
2204 5418 2304 5458 nec
2334 5403 2576 5458 futurum
2605 5412 2690 5458 est
2724 5411 2783 5458 ut
2819 5417 2936 5456 non
2952 5402 3044 5455 sit.
3083 5398 3306 5454 Semina
3335 5413 3490 5454 nam-

1919 5511 2025 5566 que
2055 5495 2271 5551 virtutis
2301 5495 2469 5551 deleri
2509 5512 2612 5552 non
2645 5505 2891 5567 possunt.
2915 5493 3214 5549 Persuadet
3241 5505 3369 5545 vero
3404 5504 3490 5544 me

1916 5601 1971 5647 et
1991 5591 2095 5647 iste
2124 5607 2138 5644 :
2179 5585 2600 5659 Propemodum,
2632 5597 2681 5644 et
2725 5603 2830 5645 non
2863 5587 2918 5642 in
2959 5586 3101 5642 omni
3130 5583 3270 5640 malo
3293 5583 3390 5654 lui.
3422 5580 3491 5640 Et

1419 5688 1466 5720 “
1495 5686 1736 5758 Sophon.
1773 5707 1838 5758 tt,
1864 5692 1949 5746 12.

287 5855 366 5926 (9.)
397 5854 556 5912 Deest
600 5854 784 5909 ἄκουε.
832 5852 951 5909 Mox
1009 5857 1218 5912 videtur
1271 5855 1554 5926 legendum
1588 5853 1782 5928 ἁπὼτῃ
1819 5885 1821 5900 ι

1934 5874 1940 5911 ι
1969 5853 2090 5912 cod.
2117 5853 2272 5910 Alex.

3527 5759 3558 5807 ει
