4004 6500
532 396 674 468 .t65'

1429 410 1989 497 SUDPLEMENTUM
2020 411 2112 466 AD
2145 410 2468 469 ORIGENIS
2503 408 2915 470 EXEGETICA.

3686 421 3774 476 ιθι

541 527 720 585 sibilia
752 530 969 598 respicit
997 545 1015 596 ;
1046 528 1243 594 oratio,
1273 531 1440 587 verba
1474 542 1528 588 et
1549 533 1905 605 cOgitationes
1930 552 1944 600 ;
1971 550 2100 590 men:

2224 533 2331 586 τῶν
2363 533 2619 605 ῥημάτων
2666 533 2893 588 καὶτῶν
2925 533 3227 605 νοημάτων
3257 535 3286 588 6
3322 533 3380 589 δέ
3429 533 3571 601 νοῦς,
3597 537 3778 612 θεωρία

540 623 802 695 denique,
833 626 885 681 in
931 623 1385 683 intellectualibus
1420 629 1586 684 rebus
1611 637 1879 686 versatur.

612 713 636 748 ⁸
661 715 816 772 Sicut
857 730 1011 772 mens
1043 730 1139 786 per
1166 731 1360 773 sensus
1384 719 1451 773 ad
1490 718 1772 775 sensibilia
1799 719 2116 784 intenditur,
2200 765 2204 768 η

543 807 613 862 ita
639 808 803 863 etiam
832 821 931 877 per
955 807 1187 863 virtutes
1212 807 1601 864 intellectualia
1624 810 1899 866 observat.
1917 812 2115 879 Quam-

541 901 728 956 obrem
774 914 963 956 sensus
1013 915 1230 971 quoque
1262 901 1546 958 continere
1576 902 1865 969 rationem,
1899 905 2118 974 sapiens

541 991 796 1048 Salomon
820 1008 918 1048 nos
943 995 1120 1049 docet.

606 1079 630 1111 δ
656 1079 758 1146 Qui
794 1081 1092 1152 nequitiam
1133 1083 1356 1148 habent,
1384 1092 1652 1153 quatenus
1685 1085 1916 1158 improbi
1963 1095 2114 1151 sunt,

539 1169 864 1240 sapientiam
892 1183 1254 1242 aspernantur
1285 1193 1296 1229 :
1325 1184 1378 1230 et
1410 1177 1537 1246 quia
1570 1178 1764 1232 timore
1793 1188 2001 1242 carent,
2024 1180 2114 1247 qui

539 1275 734 1318 sensus
759 1264 974 1320 initium
1024 1267 1173 1330 facit,
1207 1267 1412 1324 idcirco
1438 1268 1570 1324 fatui
1603 1281 1729 1326 sunt
1755 1282 1809 1326 et
1836 1271 2117 1341 sapientiae

538 1365 961 1426 contemptores.
999 1358 1140 1425 Quid
1202 1358 1275 1413 ita
1301 1359 1326 1414 7
1349 1361 1471 1430 quia
1511 1377 1687 1431 neque
1721 1370 1910 1433 agunt,
1941 1377 2117 1433 neque

542 1445 874 1518 intelligunt.
906 1447 1169 1518 Quisquis
1198 1450 1342 1505 enim
1392 1453 1534 1507 male
1588 1454 1735 1524 agit,
1771 1453 1946 1508 lucem
1979 1455 2113 1510 odit.

539 1537 728 1610 Neque
756 1556 850 1597 eos
872 1544 1089 1614 propria
1122 1555 1314 1599 natura
1375 1539 1723 1611 dehonestat,
1749 1547 1841 1600 sed
1876 1546 2113 1616 ipsorum

540 1631 779 1691 inscitia.
809 1632 1196 1692 Verumtamen
1236 1637 1310 1708 pii
1346 1637 1595 1692 homines
1625 1639 1964 1708 disciplinam
2001 1654 2117 1693 am-

538 1723 869 1793 plectuntur,
904 1735 962 1780 ut
989 1729 1248 1783 mundato
1273 1730 1455 1784 animo
1484 1729 1756 1799 excipiant
1797 1730 1970 1796 illam,
1995 1746 2116 1802 qua:

539 1815 594 1870 in
628 1817 934 1871 malivolam
989 1819 1226 1873 animam
1269 1835 1374 1874 non
1409 1820 1734 1892 ingreditur,
1767 1823 2110 1892 sapientiam.

2228 624 2337 677 τῶν
2369 625 2594 696 νοητῶν.

2293 717 2502 791 Ὠσπερ
2540 716 2626 771 διὰ
2672 716 2780 771 τῶν
2819 717 3122 790 αἰσθήσεων
3154 720 3182 773 6
3215 719 3338 784 νοῦς
3365 720 3642 777 ἐπιϐάλλει
3678 727 3776 788 τοῖς

2220 809 2514 881 αἰσθητοῖς,
2575 807 2716 862 οὕτω
2765 809 2858 863 καὶ
2890 809 2976 863 διὰ
3008 809 3116 863 τῶν
3157 811 3367 882 ἀρετῶν
3415 812 3694 866 ἐποπτεύει
3719 813 3777 868 τά

2219 901 2402 973 νοητάο
2435 901 2624 972 διόπερ
2657 901 2752 954 καὶ⁴
2787 900 3093 972 αἰσθήσεως
3125 901 3285 955 αὑτὸν
3319 902 3473 973 λόγον
3504 903 3711 974 ἐπέχειν
3753 907 3778 958 6

2221 992 2382 1061 σοφὸς
2406 989 2656 1061 Σολομὼν
2680 992 2827 1062 ἡμᾶς
2857 992 3117 1048 διδάσκει.

2289 1083 2351 1135 Ol
2390 1081 2658 1151 κτώμενοι
2711 1083 2931 1147 κακίαν,
2977 1083 3055 1154 τῷ
3095 1083 3254 1137 κακοί⁵
3295 1077 3435 1138 εἶναι
3465 1084 3777 1150 ἐξουδενοῦσι

2221 1174 2432 1243 σοφίανο
2458 1176 2552 1229 κα)⁹
2587 1174 2661 1246 μὴ
2695 1174 2909 1244 ἔχοντες
2942 1175 3103 1245 φόϐον
3124 1175 3215 1230 τὸν
3247 1176 3501 1230 ποιοῦντα
3521 1177 3685 1249 ἀρχὴν
3707 1181 3778 1232 αἰ·

2219 1267 2482 1339 σθήσεως,
2514 1267 2894 1338 ἀναισθητοῦσι
2932 1269 3024 1321 xai.
3053 1267 3381 1333 ἐξουδενοῦσι
3409 1269 3616 1338 σοφίαν·
3649 1270 3778 1336 πῶς;

2217 1356 2294 1428 τῷ
2328 1357 2403 1428 μὴ
2437 1358 2695 1428 πράττειν
2731 1358 2864 1430 μηδέ
2893 1358 3150 1429 μετιέναι’
3203 1361 3313 1422 πᾶς
3341 1359 3448 1430 γὰρ
3471 1363 3500 1414 6
3519 1359 3589 1413 τὰ
3621 1360 3778 1430 φαῦλα

2218 1449 2492 1520 πράττων,
2541 1453 2687 1521 μισεῖ
2716 1450 2777 1504 τὸ
2830 1449 2968 1520 φῶς
3004 1450 3118 1504 ἀλλ’
3151 1451 3211 1504 οὐ
3261 1452 3408 1523 παρά
3465 1453 3563 1524 τὴν
3595 1453 3779 1506 οἰκείαν

2219 1539 2378 1608 φύσιν
2409 1538 2756 1612 ἀτιμάζεται.
2799 1541 2932 1596 άλλά
2972 1541 3123 1613 παρά
3163 1542 3260 1612 τὴν
3303 1542 3527 1596 ἐκείνων
3551 1543 3775 1612 ἄγνοιαν·

2218 1633 2333 1686 ἀλλ’
2359 1635 2406 1686 oi
2441 1633 2682 1698 εὐσεϐεῖς
2715 1633 2992 1705 αἱροῦνται
3024 1633 3119 1704 τὴν
3153 1634 3420 1700 παιδείαν,
3454 1635 3542 1687 ἴνα
3574 1634 3668 1706 τὴν
3691 1636 3779 1704 ψυ-

2218 1723 2318 1795 χὴν
2342 1723 2726 1796 καθαρθέντες,
2763 1724 3102 1789 εἰσδέξωνται
3124 1724 3222 1795 τὴν
3244 1726 3324 1789 εἰς
3349 1725 3672 1796 κακότεχνον
3691 1726 3779 1797 ψυ-

2218 1817 2321 1888 χὴν
2348 1816 2420 1888 μὴ
2453 1815 2722 1870 εἰσιοῦσαν
2748 1817 2956 1885 σοφίαν·
2975 1817 3095 1870 οἶδὲ
3121 1815 3194 1888 μὴ
3229 1816 3441 1887 ἔχοντες
3464 1818 3777 1888 φόϐονΘεοῦ,

534 1905 730 1973 Secus,
767 1910 860 1979 qui
890 1909 983 1964 Dei
1025 1912 1218 1970 timore
1270 1923 1480 1977 carent,
1512 1922 1602 1984 qut
1658 1927 1854 1971 sensus
1898 1916 2100 1971 initium

2327 1885 2581 1962 ποιοῦντα
2605 1908 2777 1982 ἀρχὴν
2817 1885 3140 1980 αἰσθήσεως,
3174 1885 3558 1980 ἀναισθητοῦσι
3605 1910 3779 1980 σοφίας

539 2003 690 2068 iacit,
717 2019 893 2069 neque
919 2006 1242 2076 sapientiam
1286 2022 1462 2077 neque
1498 2007 1837 2077 disciplinam
1869 2009 2110 2079 sapiunt,

532 2095 628 2150 sed
658 2105 946 2168 utramque
977 2110 1341 2168 aspernantur
1371 2113 1384 2158 :
1413 2100 1557 2156 velut
1578 2101 1653 2156 illi
1679 2101 1771 2171 qui
1809 2100 1972 2157 Vetus
2008 2102 2111 2157 Te-

531 2190 858 2238 stamentum
895 2199 1000 2240 non
1019 2184 1336 2252 admittunt,
1363 2197 1418 2241 et
1441 2185 1752 2242 Creatorem
1775 2188 2111 2244 crudelitatis

528 2270 872 2331 insimulant.

514 2409 523 2436 ,
600 2367 622 2399 '
654 2365 808 2424 Sicut
851 2378 1038 2425 vertex
1081 2378 1138 2424 et
1180 2369 1377 2425 collum
1426 2369 1516 2426 hic
1563 2371 1783 2428 denotat
1831 2381 2104 2438 mentem,

525 2459 598 2516 ita
631 2461 796 2515 etiam
849 2475 1051 2516 corona
1099 2472 1155 2516 et
1201 2472 1426 2532 torques
1475 2463 1783 2534 signiﬁcant
1830 2465 1934 2520 hoc
1964 2465 2106 2521 ‘loco

523 2552 832 2608 scientiam.
861 2552 1011 2609 Solet
1039 2554 1184 2608 enim
1231 2553 1464 2622 Spiritus
1511 2565 1735 2611 sanctus
1776 2555 1962 2612 multis
2009 2572 2108 2611 no-

522 2645 760 2700 minibus
798 2643 1089 2714 indigitare
1137 2643 1302 2699 Deum
1343 2655 1397 2700 et
1445 2645 1668 2716 angelos
1699 2645 1837 2717 ejus,
1868 2654 2102 2702 mentem

521 2750 584 2792 ac
633 2736 908 2798 virtutem,
943 2736 1226 2792 scientiam
1257 2746 1312 2792 et
1350 2737 1713 2807 insipientiam
1735 2777 1749 2804 ,
1807 2739 2102 2802 malitiam,

521 2826 811 2896 ipsumque
841 2826 1116 2882 diabolum
1140 2841 1263 2882 cum
1291 2827 1495 2898 angelis
1519 2827 1653 2896 ejus.
1679 2827 1834 2882 Haud
1867 2844 1994 2884 vero
2027 2839 2104 2883 te-

519 2932 670 2973 mere
692 2919 908 2972 nomina
932 2919 1185 2990 imponit.
1217 2927 1276 2974 ut
1309 2919 1528 2989 quidam
1555 2920 2010 2980 existimant;sed
2035 2935 2100 2976 ea

519 3009 856 3066 diversarum
890 3013 1264 3083 operationum
1294 3021 1422 3066 sunt
1453 3013 1651 3068 indicia
1685 3030 1700 3067 :
1739 3014 1850 3068 Deo
1881 3014 2098 3084 quidem

516 3116 614 3172 per
641 3103 865 3170 angelos
913 3103 964 3158 in
1012 3103 1168 3158 nobis
1207 3112 1509 3173 operante;
1547 3112 1602 3159 et
1645 3104 1802 3158 nobis
1835 3106 1888 3159 in
1922 3120 1986 3160 eo
2020 3104 2100 3158 vi-

516 3193 718 3260 cissim,
743 3194 1054 3264 pariterque
1076 3195 1292 3252 diabolo
1322 3208 1450 3266 erga
1483 3210 1582 3251 nos
1608 3204 1824 3266 agente.

585 3371 607 3405 ⁸
632 3371 698 3428 lli
726 3382 853 3428 sunt
885 3374 1323 3432 adversariorum
1358 3377 1700 3441 cohaeredes,
1732 3376 1823 3446 qui
1847 3377 2092 3432 eamdem

513 3474 636 3515 cum
659 3461 788 3531 ipsis
812 3464 1141 3533 participant
1164 3465 1588 3535 improbitatem.
1611 3465 1908 3521 Commune
1929 3480 2094 3534 porro

513 3561 620 3618 est,
656 3553 799 3619 quod
831 3569 937 3607 non
987 3562 1071 3608 est
1104 3556 1264 3612 unius
1317 3555 1432 3611 Dei.
1470 3557 1856 3613 Animadverte
1913 3568 2092 3613 autem

514 3644 861 3699 concordiam
892 3645 1193 3715 improbam
1219 3656 1275 3703 et
1299 3650 1610 3706 exitiosam.

583 3738 603 3768 ⁷
639 3737 776 3793 Rete
819 3747 902 3792 est
945 3749 1150 3794 aeterna
1183 3754 1368 3810 pteua,
1403 3750 1460 3796 et
1490 3740 1640 3796 varia
1681 3742 1894 3811 punitio
1918 3757 2037 3812 quae
2061 3757 2090 3794 a

508 3826 654 3898 justo
681 3827 862 3897 judice
897 3831 1124 3901 impuris
1162 3833 1450 3888 animabus
1496 3832 1816 3904 imponitur,
1843 3842 1904 3888 ut
1953 3833 2092 3888 male

510 3932 655 3979 nata:
681 3923 786 3978 ala:
807 3924 1122 3994 perdantur.
1158 3923 1278 3979 Jam
1321 3939 1451 3981 vero
1475 3925 1690 3994 pennati
1724 3940 1823 3980 nos
1845 3924 2091 3981 homines

511 4011 760 4077 dicimur,
809 4013 935 4083 quia
970 4013 1187 4070 volandi
1243 4013 1470 4082 viribus,
1521 4013 1786 4090 siquidem
1841 4013 2087 4081 velimus,

508 4105 717 4174 praediti
750 4120 960 4161 sumus.
1597 4091 1600 4094 ί

583 4193 604 4226 ⁸
633 4195 851 4249 Exitum
881 4211 1026 4251 nunc
1072 4197 1310 4266 appellat
1337 4197 1710 4272 egredientem
1740 4212 1769 4250 a
1803 4196 2006 4250 malitia
2037 4206 2091 4250 et

511 4282 818 4354 insipientia
850 4286 1106 4338 animam.
1146 4286 1239 4339 llle
1271 4296 1452 4341 autem
1495 4295 1578 4342 est
1617 4273 1849 4352 filiorum
1875 4286 2090 4341 lsraelis

509 4378 708 4444 exitus,
734 4380 826 4448 qui
858 4380 917 4435 lit
949 4390 1073 4450 post
1100 4381 1339 4451 genesim
1375 4397 1444 4436 ex
1479 4381 1689 4451 judiclo
1731 4380 1825 4454 Dei
1867 4396 1931 4436 ac
1971 4396 2086 4434 ma-

511 4470 754 4539 gisterio.
781 4469 899 4525 Jam
928 4471 1098 4540 ipsam
1121 4472 1358 4525 animam
1389 4473 1519 4525 dicit
1552 4473 1788 4542 plateam
1817 4487 1831 4525 :
1869 4490 1889 4523 ι
1915 4471 2085 4526 Dilata

2212 2004 2306 2056 καὶ
2338 2001 2604 2066 παιδείας,
2636 2003 2729 2054 xati.
2764 2001 3135 2065 ἐξουθενοῦσιν
3179 2001 3463 2074 ἀμφότερα
3488 2002 3612 2073 (1·)·
3645 2002 3713 2065 ὡς
3735 2003 3778 2056 οἰ

2209 2092 2306 2164 τὴν
2322 2091 2563 2146 Παλαιὰν
2583 2092 2656 2163 μὴ
2671 2091 2965 2163 δεχόμενοι,
2981 2092 3074 2145 καὶ
3088 2092 3179 2145 τὸν
3198 2094 3271 2165 Δη
3281 2093 3538 2165 μιουργὸν
3554 2094 3630 2159 ὼς
3645 2094 3778 2165 ὠμὸν

2208 2185 2601 2250 διαϐάλλοντες.

2284 2365 2494 2436 ’Ὠσπερ
2515 2367 2548 2437 ἡ
2573 2364 2783 2437 κορυφὴ
2813 2365 2908 2418 καὶ
2934 2362 3245 2436 ὀτράχηλος
3269 2362 3420 2436 δηλοῖ
3448 2361 3679 2416 ἐνταῦθα
3695 2360 3780 2416 τὸν

2207 2455 2351 2522 νοῦν,
2383 2456 2524 2510 οὕτω
2549 2457 2642 2510 mi.
2669 2460 2697 2510 6
2731 2457 2994 2527 στέφανος
3027 2458 3121 2512 καὶ
3151 2460 3180 2511 6
3207 2457 3385 2520 κλοιὸς
3425 2455 3658 2509 ἐνταῦθα
3687 2470 3772 2523 ση-

2211 2549 2392 2620 μαίνει
2437 2548 2537 2619 τὴν
2566 2549 2786 2618 γνῶσινο
2821 2547 2959 2620 αὕτη
2993 2549 3102 2622 γὰρ
3135 2552 3168 2622 ἡ
3206 2549 3464 2620 συνήθεια
3491 2547 3590 2600 τοῦ
3619 2546 3776 2600 Πνεῦ-

2210 2657 2376 2712 ματος
2409 2639 2502 2693 τοῦ
2533 2639 2710 2709 ἁγίου,
2751 2640 2964 2704 πολλοῖς
2993 2640 3252 2712 ὀνόμασιν
3275 2639 3525 2710 ὠνόμασε
3555 2637 3780 2692 τὸνθεόν

2204 2748 2265 2784 τε
2298 2732 2395 2786 καὶ
2437 2733 2564 2795 τοὺς
2610 2730 2876 2801 ἀγγέλους
2917 2731 3104 2797 αὑτοῦ,
3148 2733 3242 2785 καὶ
3271 2731 3361 2785 τὸν
3394 2729 3538 2795 νοῦν,
3577 2731 3668 2784 καὶ
3689 2730 3778 2801 τὴν

2204 2822 2424 2894 ἀρετὴν,
2456 2823 2550 2878 καὶ
2579 2823 2676 2895 τὴν
2703 2823 2926 2893 γνῶσιν,
2957 2823 3051 2876 καὶ
3092 2823 3191 2894 τὴν
3219 2823 3514 2892 ἀγνωσίαν,
3551 2821 3649 2876 καὶ
3689 2821 3781 2891 τὴν

2203 2915 2422 2981 κακίαν,
2476 2917 2569 2970 καὶ
2601 2915 2767 2969 αὐτὸν
2803 2915 2893 2969 τὸν
2933 2914 3177 2969 διάϐολον
3231 2914 3326 2968 καὶ
3358 2915 3485 2977 τοὺς
3521 2913 3778 2983 ἀγγέλους

2202 3004 2386 3059 αὐτοῦ·
2436 3006 2534 3076 οὐχ
2576 3005 2762 3069 ἁπλῶς
2801 3006 2858 3060 δὲ
2905 3005 3088 3077 τίθησι
3121 3003 3190 3058 τὰ
3229 3004 3489 3075 ὀνόματα,
3531 3003 3611 3067 ὣς
3647 3019 3777 3064 τινες

2201 3098 2422 3153 οἴονται·
2468 3099 2740 3169 διαφόρων
2773 3100 3064 3171 ἐνεργειῶν
3093 3099 3198 3151 εἰσὶ
3225 3097 3605 3169 γνωρίσματα”
3653 3092 3776 3148 Θεοῦ

2203 3189 2257 3242 δὲ
2285 3189 2372 3243 διὰ
2404 3189 2511 3243 τῶν
2542 3189 2791 3260 ἀγγέλων
2833 3191 2962 3260 ἡμῖν
2992 3187 3366 3262 ἐνεργοῦντος,
3393 3189 3488 3242 καὶ
3517 3189 3550 3260 ἡ
3559 3187 3676 3258 μῶν
3725 3187 3781 3238 ἐν

2197 3281 2367 3352 αὐτῷ,
2396 3283 2668 3354 δαιμόνων
2689 3299 2750 3334 τε
2779 3281 2916 3353 πρὸς
2951 3281 3118 3352 ἡμᾶς.

2269 3369 2431 3428 Οὗτοι
2455 3375 2662 3444 συγκλη
2671 3374 2789 3445 ρονό
2795 3392 2884 3445 μοι
2905 3375 3014 3428 τῶν
3029 3374 3416 3444 ἀντικειμένων
3433 3372 3596 3436 εἰσὶν,
3618 3373 3666 3425 οἱ
3684 3367 3777 3439 τῆς

2195 3467 2362 3539 αὐτῆς
2377 3467 2561 3531 αὐτοῖς
2581 3466 2778 3531 κακίας
2797 3466 3318 3538 μεταλαμϐάνοντες·
3345 3464 3523 3519 κοινὸν
3535 3465 3600 3518 δέ
3615 3467 3772 3526 ἐστιν,

2194 3560 2223 3612 ὃ
2253 3561 2326 3633 μὴ
2355 3560 2449 3613 τοῦ
2483 3559 2601 3624 ἐνός
2645 3562 2762 3614 ἐστι
2798 3560 2892 3614 τοῦ
2933 3559 3089 3614 Θεοῦο
3148 3564 3250 3634 δρα
3294 3561 3352 3615 δὲ
3400 3559 3657 3630 ὁμόνοιαν
3688 3574 3778 3610 πο-

2195 3667 2258 3721 νη
2267 3649 2369 3721 ρὰν
2391 3648 2484 3702 καὶ
2515 3649 2636 3702 ὅλεθ
2644 3666 2759 3722 ρον.

2263 3741 2487 3796 Δίκτυὸν
2521 3745 2637 3797 ἐστι
2677 3743 2897 3808 κόλασις
2939 3743 3175 3810 αἰώνιος,
3215 3742 3312 3796 καὶ
3347 3741 3679 3813 πολυσχιδὴς
3704 3757 3779 3793 τι-

2197 3835 2376 3907 μωρία
2430 3834 2584 3906 παρά
2639 3836 2733 3889 τοῦ
2780 3835 2988 3888 δικαίου
3049 3834 3237 3907 κριτοῦ
3283 3837 3408 3898 ταῖς
3451 3832 3778 3903 ἀκαθάρτοις

2193 3927 2578 4000 προσαγομένη
2609 3927 2806 3998 ψυχαῖς
2833 3927 2920 3980 ἐπ’
2946 3927 3192 4000 ἀπωλείᾳ
3216 3926 3327 3980 τῶν
3360 3924 3545 3988 κακῶς
3579 3922 3776 3992 ἐκφῦν-

2191 4035 2301 4072 των
2330 4017 2564 4088 πτερῶν·
2599 4017 2854 4090 πτερωτὰ
2888 4017 2964 4082 δὲ,
3001 4020 3163 4088 ἡμεῖς
3192 4019 3240 4070 οί
3271 4017 3548 4088 ἄνθρωποι
3585 4015 3637 4067 οἱ
3688 4012 3774 4067 δύ·

2192 4125 2354 4178 ναμιν
2382 4108 2476 4162 ἐὰν
2506 4107 2748 4180 θέλωμεν
2788 4107 3001 4178 ἔχοντες
3024 4109 3120 4160 τοῦ
3145 4107 3474 4178 ἀναπτῆναι.

2263 4200 2480 4267 Ἔξοδον
2525 4200 2620 4254 νῦν
2667 4199 2922 4270 ὀνομάζει
2959 4200 3059 4271 τὴν
3113 4197 3436 4266 ἐξελθοῦσαν
3458 4197 3643 4268 ψυχὴν
3675 4195 3781 4250 ἀπὸ

2189 4290 2388 4354 κακίας
2403 4291 2497 4344 καὶ
2520 4290 2814 4360 ἀγνωσίας
2838 4289 3057 4361 τοιαύτη
3088 4289 3144 4342 δὲ
3172 4289 3350 4353 ἔξοδος
3376 4287 3485 4340 τῶν
3507 4286 3644 4340 υἱῶν
3683 4285 3780 4338 Ἰσ-

2194 4380 2349 4451 ραὴλ,
2391 4382 2425 4451 ἡ
2467 4381 2604 4451 μετά
2636 4380 2734 4453 τὴν
2764 4382 2828 4434 ἐκ
2871 4380 2972 4451 τῆς
3005 4380 3240 4452 κρίσεως
3268 4377 3362 4432 τοῦ
3403 4377 3538 4431 Θεοῦ
3571 4377 3670 4432 καὶ
3700 4377 3778 4430 δι-

2189 4471 2487 4535 δασκαλίας
2517 4473 2732 4541 γένεσιν
2759 4475 3034 4541 γεγονυῖα·
3059 4471 3156 4543 τὴν
3192 4469 3360 4542 αὐτὴν
3388 4470 3445 4523 δὲ
3477 4469 3660 4540 ψυχὴν
3685 4466 3780 4522 καὶ

509 4561 675 4623 enim,
711 4561 888 4631 inquit
917 4562 1222 4632 Scriptura,
1247 4577 1310 4617 os
1340 4574 1512 4629 tuum,
1545 4571 1595 4618 et
1626 4563 1858 4632 implebo
1883 4562 2030 4620 illud.
2061 4581 2080 4613 ι

2207 4564 2452 4618 πλατεῖαν
2480 4564 2628 4634 λέγει
2650 4582 2662 4595 ·
2690 4585 2707 4616 ι
2730 4564 3007 4618 Πλάτυνον
3030 4562 3161 4634 γάρ,
3189 4563 3343 4634 φησὶ,
3366 4561 3428 4614 τὸ
3461 4561 3639 4632 στόμα
3661 4576 3773 4621 σου,

515 4670 535 4703 ι
556 4651 621 4706 Et
633 4668 731 4708 vos
753 4669 967 4722 quoque
981 4653 1305 4720 dilatamini,
1329 4673 1347 4706 ι
1369 4654 1442 4708 ait
1460 4654 1510 4707 in
1537 4654 1770 4708 secunda
1793 4654 1860 4708 ad
1886 4652 2079 4709 Corin-

511 4745 653 4800 thios
685 4745 901 4800 Paulus.
935 4745 1000 4800 Et
1025 4747 1092 4800 ab
1119 4749 1300 4801 anima
1355 4745 1597 4822 quidem,
1637 4761 1760 4814 qua:
1782 4745 1856 4799 ita
1887 4745 2080 4809 evasit,

509 4837 813 4892 celebratur
842 4839 1130 4908 sapientia,
1159 4847 1215 4894 et
1245 4840 1300 4894 in
1329 4849 1472 4894 terra
1514 4839 1808 4893 virtutibus
1841 4837 2080 4908 spatiosa

509 4929 845 4984 confidenter
869 4929 1032 5000 degit.
1061 4930 1318 4986 Summos
1344 4940 1524 4985 autem
1554 4945 1739 4984 muros
1761 4931 1891 4985 dicit
1915 4929 2083 4999 ipsius

512 5036 777 5076 summam
812 5036 844 5075 a
886 5021 1270 5090 cupiditatibus
1320 5021 1807 5093 tranquillitatem:
1839 5021 2082 5090 quando-

511 5113 727 5181 quidem
776 5114 868 5183 qui
921 5114 1096 5183 legem
1142 5112 1412 5186 dilignnt,
1463 5127 1676 5168 murum
1709 5113 1813 5168 sibi
1849 5113 2082 5167 circum-

512 5203 660 5258 dant.
678 5203 992 5272 Cujusmodi
1021 5205 1161 5258 muri
1185 5206 1359 5274 gratia
1391 5213 1642 5274 precatur
1665 5203 1832 5258 David
1856 5204 2076 5259 dicens:

518 5296 1429 5354 ¢.Ediﬁcanturmurillierusalem
1469 5315 1483 5351 :
1524 5317 1542 5351 ›
1574 5298 1624 5353 id
1653 5305 1738 5353 est
1759 5297 1915 5365 hujus
1947 5311 2080 5352 mea:

514 5385 704 5442 anima:
728 5391 982 5456 prostrati
1027 5391 1165 5446 muri
1198 5399 1417 5461 propter
1439 5389 1583 5446 Urize
1609 5391 1901 5462 negotium.

576 5562 598 5594 ⁹
629 5562 906 5630 Quomodo
934 5581 1063 5638 ergo
1091 5567 1226 5622 dixit
1250 5575 1406 5622 antea
1431 5565 1687 5622 Salomon
1725 5580 1738 5616 :
1774 5583 1792 5616 ι
1823 5563 1924 5630 Qui
1959 5579 2083 5634 per-

2186 4654 2278 4708 xati.
2289 4653 2394 4725 πλη
2402 4653 2561 4725 ρώσω
2577 4655 2723 4708 αὐτόο
2739 4674 2757 4706 ι
2766 4654 2860 4706 καὶ
2876 4670 2898 4706 ι
2911 4652 3242 4724 πλατύνθητε
3251 4691 3265 4715 ,
3281 4651 3434 4723 φησὶ,
3453 4652 3549 4704 καὶ
3559 4651 3590 4704 ὑ
3599 4653 3740 4722 μεῖς,
3753 4667 3769 4698 ι

2187 4746 2244 4798 ἐν
2276 4747 2342 4816 τῇ
2390 4745 2525 4817 πρὸς
2556 4746 2878 4818 Κορινθίους
2906 4747 2935 4798 6
2976 4743 3206 4807 Παῦλος·
3263 4743 3358 4796 καὶ
3405 4742 3509 4795 ὐπὸ
3543 4741 3646 4813 μὲν
3679 4743 3775 4812 τῆς

2186 4835 2358 4899 οῦτως
2405 4837 2769 4909 ἐξερχομένης
2801 4835 2998 4907 ψυχῆς,
3048 4835 3297 4906 ὑμνεῖται
3330 4835 3364 4905 ή
3406 4833 3586 4902 σοφία·
3627 4833 3688 4885 ἐν
3719 4831 3775 4883 δὲ

2188 4931 2260 5000 γῇ
2300 4928 2678 5000 πλατυνομένῃ
2729 4927 2816 4981 διὰ
2848 4927 2957 4979 τῶν
2987 4925 3220 4998 ἀρετῶν,
3271 4923 3584 4996 παρρησίαν
3628 4923 3773 4992 ἄγει.

2191 5023 2411 5093 Ἀκρων
2429 5021 2485 5074 δὲ
2511 5021 2734 5092 τειχέων
2755 5021 2945 5090 αὐτῆς,
2975 5021 3074 5090 τὴν
3099 5019 3274 5092 ἄκραν
3312 5017 3579 5072 ἀπάθειαν
3601 5017 3772 5086 λέγει’

2187 5114 2344 5185 εἰπερ
2371 5115 2420 5166 οἱ
2454 5112 2777 5182 ἀγαπῶντες
2815 5112 2906 5164 τὸν
2940 5111 3124 5182 νόμον,
3167 5109 3610 5182 παραϐάλλουσιν
3652 5111 3779 5161 ἐαυ-

2185 5207 2296 5268 τοῖς
2328 5207 2524 5275 τεῖχος·
2548 5205 2688 5276 ὑπὲρ
2716 5197 2777 5257 οὗ
2803 5204 3016 5274 τείχους
3048 5201 3264 5274 εὔχεται
3295 5204 3390 5256 καὶ
3428 5203 3457 5255 6
3504 5201 3670 5254 Δαυῖδ
3691 5200 3778 5252 λέ·-

2185 5311 2314 5364 γων·
2346 5313 2365 5345 ι
2389 5294 2804 5366 Οἰκοδομηθήτω
2819 5293 2886 5346 τά
2907 5293 3058 5365 τείχη
3084 5291 3461 5367 Ἰερουσαλὴμ,
3484 5311 3504 5344 ι
3523 5290 3775 5344 τουτέστι

2190 5386 2291 5456 τῆς
2321 5387 2533 5440 τοιᾶσδε
2575 5386 2754 5456 ψυχῆς
2787 5383 2854 5436 τὰ
2895 5384 3384 5450 καταπεπτωκότα,
3431 5381 3677 5456 δηλονότι
3710 5383 3776 5434 ἐκ

2189 5474 2288 5544 τῆς
2312 5475 2406 5528 τοῦ
2433 5476 2630 5546 Οὐρίου
2657 5475 3002 5546 προφάσεως.

2259 5569 2382 5631 Πῶς
2399 5565 2812 5640 οῦνέμπροσθέν
2840 5567 3044 5638 φησινὸ
3065 5565 3333 5636 Σολομῶνο
3357 5585 3376 5620 ι
3399 5566 3456 5620 '0
3472 5564 3531 5620 δὲ
3554 5560 3778 5635 ἐπιχαί-

577 5701 758 5757 ³ν.7.
836 5704 1009 5758 ‘ibid.
1086 5705 1278 5761 ,‘v.9.
1355 5707 1562 5761 'v.H.
1641 5708 1867 5763 'v.l7.
1937 5707 2100 5761 “v.9

2240 5717 2258 5746 ο
2291 5722 2344 5760 v.
2383 5708 2473 5760 26.

576 5846 677 5914 (l‘)
719 5845 840 5901 llarc
876 5846 1070 5915 partim
1104 5859 1421 5917 repetuntur
1450 5866 1513 5906 cx
1547 5852 1950 5920 superioribus;
1989 5853 2081 5906 sed
2126 5859 2306 5905 tamen
2341 5852 2411 5905 ita
2438 5866 2496 5904 se
2529 5850 2688 5904 habet
2721 5849 2910 5904 codex.
