4004 6518
256 401 364 455 165

1418 401 1783 459 EXPOSITIO
1810 402 1878 458 IN
1905 402 2322 462 PROVERBIA.

3408 413 3511 469 166

246 532 361 590 ρων
385 515 744 587 ἀπολλυμένῳ
767 515 867 569 οὐκ
895 515 1314 586 ἀθωωθὴσεται;
1354 537 1370 568 ι
1403 519 1472 571 Ἢ
1502 519 1640 589 τάχα
1664 517 1826 582 οὕτως

1942 531 2099 576 eunte
2155 523 2372 593 gaudet,
2421 536 2526 578 non
2575 523 2680 579 erit
2715 523 3020 582 innocens?
3053 543 3075 578 ι
3100 523 3196 580 Vel
3242 524 3405 596 igitur
3437 527 3512 583 ita

243 604 428 677 χαίρει
457 606 492 676 ἡ
524 606 704 675 σοφία,
731 606 807 670 ὡς
833 606 1003 679 ἐχάρη
1043 607 1135 658 ἐπὶ
1165 610 1231 678 τῇ
1266 607 1511 681 ἀπωλείᾳ
1544 609 1826 664 Ματοαίου

241 697 340 751 τοῦ
367 697 624 764 τελώνου,
653 699 746 752 καὶ
772 700 864 752 ίὲπ)⁸
888 700 980 754 τοῦ
1014 701 1210 775 λῃστοῦ
1248 701 1491 774 ἀπωλείᾳ
1515 701 1830 756 πιστεύσαν-

243 803 338 851 τος
361 786 440 857 τῷ
471 786 716 860 Χριστῷ;
741 789 833 842 τοῦ
862 790 958 860 μὲν
982 791 1111 862 γὰρ,
1128 792 1218 845 τὸν
1245 791 1445 865 λῃστὴν
1465 794 1498 862 ἡ
1533 793 1715 862 σοφία·
1734 791 1828 847 τοῦ

242 877 326 943 δὲ,
365 879 459 932 τὸν
486 880 722 951 τελώνην
745 881 994 935 ἀπώλεσε

319 970 613 1042 Πολιορκία
653 971 772 1025 ἐστὶ
796 972 1107 1026 διδασκαλία
1131 974 1317 1046 ἠθικὴ,
1345 975 1443 1047 τὴν
1469 974 1654 1038 κακῶς
1682 976 1828 1028 οἰκο-

243 1061 575 1133 δομηθεῖσαν
619 1061 798 1137 ψυχὴν
831 1065 1281 1138 καταστρέφουσα
1323 1068 1417 1120 ἐπὶ
1455 1070 1521 1139 τῇ
1555 1067 1649 1121 τοῦ
1691 1066 1827 1120 Θεοῦ

245 1153 555 1224 πολιορκίᾳ.

319 1244 533 1316 Ὠσπερ
553 1244 623 1299 τὰ
646 1247 814 1318 νήπια
843 1247 1046 1318 μεταξὺ
1075 1246 1296 1302 δικαίων
1325 1240 1419 1302 καὶ⁹
1445 1248 1646 1304 ἀδίκων
1667 1251 1824 1316 εἰσὶν,

243 1332 391 1387 οὕτω
421 1336 517 1388 καὶ
539 1336 737 1402 πάντες
764 1339 814 1391 οἱ
846 1339 1119 1412 ἄνθρωποι
1156 1340 1357 1411 μεταξὺ
1392 1342 1637 1410 ἀγγέλων
1653 1360 1711 1395 τε
1737 1345 1829 1398 καὶ

242 1422 520 1496 δαιμόνων
579 1429 706 1493 εἰσὶ,
763 1431 898 1500 μήτε
957 1431 1212 1502 δαίμονες
1245 1432 1394 1496 δντες
1429 1435 1563 1504 μήτε
1609 1436 1828 1504 ἄγγελοι

243 1517 699 1589 χρηματίζοντες,
725 1521 888 1594 μέχρι
913 1522 1014 1592 τῆς
1030 1523 1337 1588 συντελείας
1356 1525 1448 1577 τοῦ
1484 1526 1694 1592 αίῶνος·
1721 1528 1831 1597 ἠδί-

244 1628 381 1665 κουν
412 1612 468 1665 δὲ
520 1613 765 1685 νηπίους,
801 1611 944 1681 εἶπε,
1000 1617 1128 1688 περὶ
1176 1609 1250 1670 ὧν
1297 1618 1532 1689 Χριστὸς
1575 1618 1700 1691 ἔφη·
1735 1619 1826 1693 Μὴ

243 1705 642 1777 σκανδαλίσητε
669 1707 768 1761 ἕνα
799 1707 907 1760 τῶν
935 1708 1148 1780 μικρῶν
1181 1707 1407 1763 τούτων.

1932 613 2127 679 gaudet
2155 613 2436 682 sapientia,
2467 624 2625 685 prout
2657 617 2725 672 de
2747 624 3008 686 pereunte
3041 605 3348 687 publicano
3370 616 3505 673 Mat-

1933 706 2074 760 thmo
2102 707 2285 776 gavisa
2331 715 2432 772 est,
2467 722 2569 763 nec
2607 724 2712 762 non
2763 708 2831 764 de
2858 717 3122 778 pereunte
3167 709 3379 764 latrone
3415 710 3509 780 qui

1931 793 2147 850 Christo
2179 795 2458 850 credidit?
2486 795 2646 851 Certe
2677 797 2763 851 hic
2787 798 3055 852 latronem
3087 798 3376 868 sapientia,
3401 799 3511 855 illic

1935 902 2062 941 vero
2090 886 2434 956 publicanum
2470 889 2854 957 pessumdedit.

2003 981 2047 1012 ⁸⁸
2077 979 2335 1035 Obsessio
2365 991 2448 1035 est
2487 981 2709 1035 moralis
2746 981 3015 1047 doctrina,
3047 997 3168 1051 quae
3208 984 3350 1040 male
3377 982 3504 1039 aedi-

1931 1073 2143 1128 ficatam
2173 1073 2410 1128 animam
2447 1072 2698 1143 subjugat
2719 1073 2989 1127 obsidenti
3019 1073 3147 1130 Deo.

2669 1167 2764 1230 ,κί’

2001 1255 2042 1286 “
2076 1252 2228 1309 Sicut
2260 1252 2496 1308 infantes
2541 1253 2704 1308 medii
2731 1262 2857 1315 sunt
2899 1253 3043 1307 inter
3079 1255 3253 1322 iustos
3283 1263 3338 1307 et
3367 1253 3508 1322 iniu-

1927 1353 2062 1408 stos,
2088 1344 2166 1398 sic
2193 1342 2354 1397 etiam
2387 1345 2564 1398 cuncti
2603 1343 2855 1398 homines
2889 1343 3054 1399 medii
3090 1343 3230 1398 inter
3287 1345 3508 1412 angelos

1929 1434 2308 1502 daemonesque
2355 1442 2510 1495 sunt,
2556 1431 2678 1500 quia
2723 1448 2900 1502 neque
2939 1433 3114 1504 angeli
3163 1441 3286 1487 sunt
3332 1449 3508 1503 neque

1929 1526 2201 1580 daemones
2252 1534 2382 1578 ante
2426 1524 2606 1578 steculi
2642 1523 3193 1579 consummationem.
3242 1522 3506 1592 lnjuriam

1928 1626 2105 1672 autem
2137 1616 2462 1677 inferebant,
2496 1616 2690 1684 inquit,
2718 1616 2980 1686 parvulis,
3019 1615 3088 1670 de
3124 1615 3323 1684 quibus
3351 1617 3509 1670 Chri-

1929 1713 2044 1759 stus
2074 1703 2212 1756 dixit
2247 1719 2259 1754 :
2287 1701 2487 1756 Cavete
2514 1716 2582 1756 ne
2605 1718 2762 1771 quem
2801 1717 2868 1757 ex
2898 1702 2983 1756 his
3008 1703 3246 1773 parvulis
3280 1706 3511 1761 scanda-

1931 1794 2126 1848 lizetis.
2201 1794 2212 1851 l

328 1885 388 1939 '0
440 1884 652 1956 ἀπαθὴς
697 1885 958 1957 ἡσυχάζει
980 1885 1195 1956 ἀφόϐως
1244 1886 1351 1940 ἀπὸ
1400 1885 1600 1950 παντὸς
1655 1889 1824 1942 κακοῦ

2002 1887 2046 1917 ¹⁹
2079 1882 2476 1954 Cupiditatihus
2508 1883 2671 1938 homo
2695 1882 2831 1937 liber
2865 1882 3066 1938 nullam
3103 1898 3325 1954 pravam
3357 1885 3509 1954 cogi-

240 1977 530 2048 λογισμοῦ,
557 1977 651 2030 καὶ
679 1979 793 2048 μετ’
821 1977 1000 2047 ὀλίγον
1043 1977 1460 2050 κατασκηνώσει
1491 1981 1548 2032 ὲν
1575 1982 1642 2051 τῇ
1673 1980 1825 2050 βασι-

241 2067 366 2140 λείᾳ
413 2068 508 2122 τοῦ
553 2069 709 2123 Θεοῦο
752 2069 827 2133 ὡς
873 2069 1114 2134 ἀκούσας
1158 2071 1251 2124 καὶ
1281 2071 1522 2136 φυλάξας
1560 2071 1628 2125 τὰ
1652 2089 1822 2144 προσ-

241 2159 502 2231 τάγματα
523 2160 711 2227 αὐτοῦ,
745 2162 825 2216 ὅτι
847 2161 1072 2234 1ἤλπισεν
1104 2164 1193 2218 ἐπ’
1215 2163 1400 2217 αὐτόν.

1755 2273 1908 2329 CAP.

317 2367 506 2432 Οῦτως
553 2367 787 2440 κρύπτει
819 2369 1040 2441 ἐντολὴν
1091 2369 1185 2423 τοῦ
1215 2369 1349 2423 Θεοῦ
1378 2371 1406 2424 ό
1435 2369 1604 2424 ποιῶν
1634 2369 1825 2441 αὐτὴν,

238 2456 272 2527 ἡ
304 2460 335 2512 ό
366 2458 442 2530 μὴ
472 2459 565 2513 ἐπὶ
615 2460 889 2532 κενοδοξία
921 2461 1110 2515 ποιῶν·
1151 2461 1273 2516 ὅθεν
1297 2462 1391 2515 καὶ
1412 2464 1460 2516 οἱ
1490 2462 1740 2532 δαίμονες
1765 2464 1829 2516 ὲκ

241 2548 337 2602 τοῦ
390 2549 467 2620 μὴ
499 2553 798 2623 συγχωρεῖν
847 2551 1016 2624 αὐτὴν
1041 2554 1214 2606 ποιεῖν
1247 2555 1414 2625 ἡμᾶς,
1447 2552 1712 2626 ἁρπάζειν
1743 2553 1828 2606 λέ-

241 2659 457 2712 γονται.

313 2735 450 2788 Τότε
480 2735 732 2806 συνήσεις
755 2735 911 2799 πῶςό
939 2735 1102 2805 φόϐος
1125 2736 1218 2790 τοῦ
1232 2736 1438 2809 Κυρίου
1467 2737 1609 2810 ἀρχὴ
1637 2739 1828 2808 σοφίας

239 2824 414 2890 ἐστὶν,
453 2827 545 2879 ml.
575 2827 692 2891 πῶς
715 2827 812 2899 τῆς
839 2827 932 2880 τοῦ
959 2827 1094 2880 Θεοῦ
1117 2826 1372 2897 γνώσεως
1392 2829 1600 2896 γίνεται
1637 2830 1827 2902 πρόξε-

240 2935 352 2981 νος,
399 2919 529 2971 ὅταν
563 2920 619 2971 ὲν
665 2918 844 2972 πίστει
893 2920 985 2972 καὶ
1015 2919 1165 2991 πόθῳ
1206 2920 1354 2992 αύτῷ
1383 2922 1634 2994 ὑπάρχῃς
1657 2940 1828 2995 προσ-

236 3006 391 3080 δεής·
416 3009 771 3080 προῦπάρξαι
797 3009 852 3063 δὲ
883 3010 964 3064 δεῖ
994 3011 1183 3080 σοφίαν
1223 3012 1316 3066 καλ⁵
1349 3011 1583 3076 σύνεσιν,
1611 3015 1747 3086 πρὸς
1769 3014 1828 3068 τὺ

233 3077 538 3170 δυνηθῆναι
596 3077 830 3154 συνεῖναι
878 3100 1042 3171 φόϐον
1071 3077 1322 3173 *Κυρίουο
1378 3077 1733 3176 προσάξωμεν
1771 3107 1828 3160 δὲ
1856 3077 1898 3134 c

234 3190 418 3244 ταῦτα
445 3193 558 3255 τοῖς
584 3192 680 3263 τὴν
723 3190 912 3261 σοφίαν
966 3192 1061 3246 καὶ
1083 3192 1297 3247 σύνεσιν
1337 3193 1692 3259 ὲξουθενοῦσι·
1727 3216 1828 3252 κα-

234 3280 539 3350 ταφεύγειν
571 3283 627 3334 δὲ
655 3282 996 3354 βουλομένοις
1036 3285 1128 3338 ἐπὶ
1155 3285 1216 3338 τὸ
1246 3285 1527 3355 φοϐεῖσθαι
1557 3287 1648 3342 τὸν
1675 3288 1828 3354 Θεὸν,

233 3372 317 3438 ὡς
357 3374 454 3426 ἐπὶ
485 3374 708 3445 εὐχερὲς
731 3375 983 3446 πρᾶγμα.

311 3465 556 3538 Χριστοῦ
607 3467 718 3539 γὰρ
758 3467 832 3539 μὴ
868 3466 1158 3539 ῥυομένου,
1194 3467 1270 3531 ὡς
1297 3469 1507 3539 ἀγαθὴν
1537 3469 1827 3542 όδεύσομεν

232 3558 341 3629 τὴν
369 3559 575 3629 κακήνο
612 3559 755 3626 ἆγιοι
791 3559 888 3630 μὲν
913 3559 1021 3632 γὰρ
1071 3559 1249 3613 πάντα
1294 3560 1509 3629 λέγουσι
1541 3565 1727 3618 πιστά·
1761 3563 1831 3618 τὰ

231 3649 294 3702 δὲ
348 3649 436 3702 οῦ·
467 3651 496 3703 ό
519 3649 575 3702 δὲ
591 3648 837 3713 διάϐολος
871 3649 1024 3704 οὐδὲν
1051 3650 1258 3715 πιστὸν,
1294 3652 1415 3704 ἀντὶ
1442 3652 1558 3714 τοῦ,
1595 3655 1830 3718 πίστεως

233 3739 414 3806 ἀξιον’
441 3740 613 3811 ἄνδρα
635 3740 745 3812 γὰρ
774 3740 869 3795 νῦν
895 3740 986 3794 τὸν
1006 3740 1252 3795 διάϐολον
1276 3741 1446 3810 λέγει,
1479 3743 1554 3807 ὡς
1578 3745 1635 3798 ὲν
1648 3743 1830 3813 Εὐαγ-

232 3830 469 3901 γελίοιςο
491 3830 547 3884 εῐ
577 3848 641 3900 γε
670 3831 954 3904 ἄνθρωπος
984 3833 1219 3904 πονηρὸς
1254 3833 1474 3907 ἔσπειρε
1506 3837 1573 3889 τὰ
1596 3834 1826 3900 ζιζάνια·

237 3925 477 3996 μεγίστη
510 3922 568 3977 δὲ
595 3924 672 3988 ὡς
701 3924 875 3979 ἔοικεν
913 3925 1192 3998 ἐπιϐουλὴ,
1224 3928 1285 3981 τὸ
1320 3931 1633 4000 περιτυχεῖν
1665 3929 1826 4002 βουλῇ

232 4018 413 4085 κακῇ,
467 4015 563 4068 καὶ
607 4015 833 4088 ἀνδράσι
873 4014 1065 4080 δολίοις
1103 4018 1198 4071 καὶ
1242 4017 1493 4083 ὑπούλοις
1525 4018 1617 4072 καὶ
1664 4037 1831 4090 πονη-

234 4125 378 4180 ροις.

308 4202 377 4254 Et
399 4202 434 4272 ἡ
464 4199 596 4253 ποιά
617 4199 779 4271 βουλὴ
802 4201 1231 4273 συντετριμμένη
1261 4203 1424 4272 ἤγουν
1449 4203 1826 4274 ὲσκοτισμὲνη,

229 4293 332 4348 νοῦ
372 4291 590 4364 κίνησίς
621 4294 787 4357 ἐστιν,
840 4292 955 4356 πῶς
1004 4289 1143 4364 αῦτη
1180 4294 1442 4346 ἀπέλιπεν
1482 4293 1827 4348 διδασκαλίαν

226 4387 524 4455 νεότητος
561 4383 679 4448 πῶς
700 4384 757 4437 δὲ
788 4385 884 4438 καὶ
912 4384 1060 4448 Θείας
1090 4385 1384 4440 ἐπελάθετο
1409 4385 1699 4457 διαθήκης;
1737 4387 1826 4449 Ὠς
1859 4421 1902 4474 D

225 4478 351 4548 γὰρ
377 4477 508 4549 περὶ⁹
530 4475 669 4542 ζώου
699 4476 939 4546 λογικοῦ,
967 4478 1064 4548 τῆς
1089 4479 1263 4549 κακῆς
1287 4477 1626 4549 βουλῆςὴμῖν
1649 4477 1826 4531 διαλέ-

225 4587 416 4639 γεται.
445 4571 514 4622 Ἦ
537 4569 632 4624 νῦν
665 4569 856 4640 βουλὴν
886 4569 1062 4640 κακὴν
1099 4569 1188 4624 τὸν
1210 4569 1454 4623 διάϐολον
1476 4570 1643 4638 λέγει⁹
1671 4570 1826 4634 οὗτος

223 4659 350 4732 γὰρ
369 4658 559 4722 κακῶς
581 4657 954 4720 ἐϐουλεύσατο,
978 4657 1164 4711 εἰπών·
1203 4678 1220 4709 ι
1243 4659 1456 4712 Ἐπάνω
1478 4659 1586 4713 τῶν
1610 4659 1825 4730 ἄστρων

225 4751 393 4822 θήσω
416 4750 510 4803 τὸν
530 4748 719 4821 Θρὸνον
752 4768 874 4820 μου,
901 4751 993 4802 καὶ
1015 4750 1208 4822 ἔσομαι
1229 4747 1414 4821 ὅμοιος
1435 4749 1785 4822 remota-up-
1801 4771 1820 4802 ι

226 4843 538 4898 ἐπελάθετο
566 4843 623 4896 δὲ
648 4843 748 4912 τῆς
781 4842 930 4905 Θείας
954 4841 1227 4911 γνώσεως,
1261 4842 1574 4896 καταλιπὼν
1601 4843 1698 4914 τὴν
1749 4842 1827 4895 δι-

224 4932 538 4986 δασκαλίαν
581 4931 681 5002 τῆς
716 4932 981 5001 νεότητοςο
1018 4934 1139 5002 ἥτις
1171 4931 1360 5002 νεότης
1403 4932 1502 5004 τὴν
1557 4933 1827 5004 προτέραν

226 5025 407 5079 αὐτοῦ
434 5024 770 5078 κατάστασιν
802 5024 970 5095 δηλοῖ,
1026 5023 1148 5077 καθ’
1177 5024 1244 5096 ἢν
1273 5025 1367 5078 καὶ
1395 5022 1634 5094 ζηλωτὸς
1657 5020 1744 5095 ἦν·
1776 5027 1824 5077 εί

223 5117 290 5170 δὲ
305 5115 463 5179 νέους
497 5114 720 5168 δύναται
751 5114 989 5179 συνετίζε
999 5132 1044 5168 ιν
1065 5114 1192 5168 ἔνθα
1226 5115 1360 5168 πολὺ
1379 5114 1440 5168 τὸ
1460 5115 1729 5186 δυσήνιον,
1750 5115 1824 5187 μὴ

226 5209 544 5280 παρούσης·
571 5206 752 5276 πολλῷ
776 5207 976 5277 μᾶλλον
998 5206 1276 5278 πρεσϐύτῃ
1301 5202 1595 5277 ὠφέλιμος.

307 5385 462 5437 Ὅσοι
521 5382 1028 5453 καταλαμϐάνονται
1069 5381 1172 5436 ὑπὸ
1221 5385 1480 5438 ἐνιαυτῶν
1524 5384 1688 5455 ζωῆς,
1735 5383 1822 5438 διὰ

217 5475 347 5530 τῶν
374 5476 554 5548 ἔργων
585 5474 688 5544 τῆς
715 5472 1014 5544 μελλούσης
1034 5473 1263 5538 ἀειζώου
1290 5475 1456 5546 ζωῆς,
1486 5469 1630 5528 οὗτοι
1661 5487 1824 5528 κατα-

1931 1976 2188 2032 tationem
2220 1973 2520 2043 experitur,
2548 1983 2602 2028 et
2640 1973 2804 2041 paulo
2838 1985 2958 2043 post
3010 1975 3060 2028 in
3097 1990 3264 2046 regno
3292 1973 3383 2029 Dei
3415 1976 3510 2030 ha-

1929 2067 2126 2123 bitabit
2157 2084 2171 2120 :
2205 2065 2403 2135 quippe
2433 2065 2522 2134 qui
2549 2063 2801 2119 mandata
2829 2064 2948 2136 ejus
2977 2066 3353 2133 custodiverit,
3383 2067 3510 2137 quia

1931 2162 2168 2233 speravit
2192 2161 2245 2214 in
2271 2175 2417 2214 cum.

2009 2370 2052 2402 ’³
2082 2368 2172 2423 Sic
2199 2367 2291 2422 Dei
2315 2375 2642 2436 praeceptum
2691 2367 3002 2430 abscondit,
3039 2369 3128 2437 qui
3158 2369 3286 2425 illud
3320 2371 3512 2426 obser-

1933 2470 2043 2524 vat,
2073 2457 2156 2514 vel
2187 2458 2278 2528 qui
2310 2458 2452 2512 haud
2480 2460 2548 2513 ob
2567 2473 2758 2512 vanam
2788 2458 3016 2524 gloriam
3039 2459 3312 2518 observat.
3332 2461 3511 2528 Quare

1932 2563 1990 2609 et
2016 2551 2311 2612 dmmones,
2357 2552 2484 2605 dum
2521 2565 2618 2606 nos
2653 2565 2759 2605 non
2797 2551 2981 2606 sinunt
3021 2550 3148 2606 illud
3180 2553 3508 2620 observare,

1933 2659 2127 2715 rapere
2166 2643 2442 2698 dicuntur.

2008 2738 2052 2770 “
2092 2737 2245 2792 Tunc
2276 2735 2546 2804 intelliges
2574 2736 2842 2806 quomodo
2865 2736 3028 2792 timor
3051 2736 3265 2792 Domini
3296 2739 3510 2794 initium

1932 2831 2209 2901 sapientite
2244 2829 2336 2895 sit,
2373 2839 2428 2883 et
2476 2829 2746 2898 quomodo
2774 2829 3070 2900 agnitionis
3101 2828 3194 2886 Dei
3230 2832 3388 2887 dator
3416 2833 3511 2900 sit,

1931 2922 2366 2992 quotiescunque
2413 2936 2534 2975 cum
2567 2920 2672 2976 fide
2700 2929 2754 2974 et
2783 2920 3052 2975 desiderio
3106 2921 3202 2978 lies
3234 2923 3349 2978 Deo
3379 2939 3510 2989 snp-

1933 3014 2075 3082 plex.
2109 3011 2214 3067 Sed
2259 3012 2468 3066 anteire
2513 3011 2674 3066 debet
2717 3012 2981 3080 sapientia
3027 3021 3082 3068 et
3132 3013 3510 3084 intelligentia,

1933 3103 2082 3172 prius
2109 3117 2269 3172 quam
2310 3101 2522 3156 Domini
2566 3102 2814 3157 timorem
2846 3103 3306 3171 comprehendere
3333 3115 3514 3160 mente

1930 3210 2119 3264 queas.
2155 3194 2281 3250 Haec
2318 3194 2384 3250 iis
2413 3193 2755 3248 inculcamus
2785 3194 2875 3264 qui
2911 3194 3232 3262 sapientiam
3265 3207 3320 3251 et
3348 3196 3510 3252 intel-

1929 3287 2205 3358 ligentiam
2254 3293 2646 3355 aspernantur;
2681 3293 2737 3340 et
2791 3294 2971 3340 tamen
3019 3287 3086 3341 ad
3137 3285 3227 3339 Dei
3257 3286 3508 3342 timorem

1931 3378 2191 3434 accedere
2219 3378 2426 3442 volunt,
2456 3386 2716 3446 tanquam
2748 3376 2814 3432 ad
2845 3376 3005 3432 facile
3031 3376 3329 3446 negotium.

2001 3471 2044 3501 ¹⁵
2077 3467 2186 3522 Nisi
2221 3467 2469 3522 Christus
2501 3483 2600 3522 nos
2627 3467 2838 3531 liberet,
2880 3470 3019 3524 mala
3045 3469 3131 3524 via
3159 3468 3320 3538 quasi
3362 3467 3502 3522 bona

1930 3573 2238 3629 pergamus.
2271 3558 2454 3613 Sancti
2499 3568 2650 3613 certe
2702 3558 2933 3615 fideliter
2987 3559 3169 3614 omnia
3205 3560 3416 3623 dicunt,
3453 3567 3510 3613 et

1928 3667 2052 3722 quae
2076 3660 2204 3707 sunt
2243 3665 2424 3706 secus.
2460 3649 2716 3706 Diabolus
2737 3667 2868 3706 vero
2901 3651 3034 3706 nihil
3063 3651 3314 3716 fideliter,
3345 3652 3396 3707 id
3427 3661 3511 3708 est

1930 3743 2034 3799 ﬁde
2065 3743 2305 3814 dignum.
2331 3741 2579 3813 Namque
2609 3743 2699 3798 hic
2731 3743 3003 3798 diabolum
3039 3744 3137 3798 viri
3170 3743 3388 3801 nomine
3415 3746 3514 3800 de-

1931 3845 2106 3902 notat,
2137 3846 2195 3891 ut
2225 3837 2277 3891 in
2300 3837 2625 3908 Evangeliis,
2673 3836 2938 3907 siquidem
2974 3837 3082 3893 illic
3129 3837 3299 3894 malus
3343 3839 3511 3892 homo

1931 3929 2140 3982 zizania
2189 3928 2346 3983 sevit.
2381 3926 2737 3982 Maximarum
2791 3937 2938 3983 certe
2983 3929 3304 3983 insidiarum
3343 3929 3512 3983 instar

1929 4026 2032 4084 est,
2067 4033 2190 4073 cum
2220 4018 2416 4088 aliquis
2446 4018 2501 4072 in
2531 4034 2757 4088 pravum
2787 4018 3069 4072 consilium
3115 4018 3324 4084 incidit,
3348 4025 3510 4090 atque

1931 4110 1983 4164 in
2019 4110 2267 4166 homines
2297 4109 2535 4172 dolosos,
2567 4108 2812 4174 fallaces,
2845 4116 2899 4163 et
2928 4110 3224 4178 improbos.

2003 4201 2049 4231 ¹⁶
2079 4198 2137 4253 Si
2181 4198 2505 4253 cuicuimodi
2535 4198 2824 4252 consilium
2853 4199 3173 4264 contritum,
3206 4200 3260 4255 id
3283 4209 3368 4256 est
3407 4202 3509 4256 ob-

1931 4297 2229 4348 scuratum,
2275 4288 2471 4341 mentis
2511 4288 2804 4342 commotio
2849 4297 2965 4354 est,
2997 4305 3094 4344 cur
3125 4289 3508 4348 adolescentia:

1930 4379 2272 4448 disciplinam
2300 4379 2573 4445 deseruit;
2606 4395 2705 4435 cur
2731 4379 2898 4435 divini
2939 4379 3162 4436 faaderis
3193 4381 3360 4436 oblita
3383 4383 3514 4439 est?

1929 4470 2064 4524 Nam
2100 4469 2265 4524 veluti
2300 4485 2423 4524 cum
2454 4467 2704 4523 rationali
2737 4469 2958 4524 animali
2994 4471 3061 4526 de
3084 4486 3249 4542 pravo
3282 4473 3509 4528 consilio

1928 4562 2210 4616 nobiscum
2237 4561 2494 4630 loquitur.
2521 4559 2618 4616 Vel
2652 4575 2796 4615 nunc
2824 4560 3022 4615 malum
3055 4562 3342 4616 consilium
3375 4562 3510 4617 dicit

1928 4652 2218 4707 diabolum.
2253 4651 2350 4706 Hic
2384 4652 2528 4706 enim
2569 4651 2811 4722 improbe
2831 4665 3024 4707 secum
3057 4652 3507 4718 deliberavit,di-

1928 4759 2055 4799 cens
2091 4758 2106 4796 :
2145 4763 2165 4795 ‹
2192 4743 2366 4813 Super
2396 4753 2540 4797 astra
2565 4758 2764 4812 ponam
2806 4744 3056 4798 thronum
3080 4759 3282 4810 meum,
3304 4759 3508 4814 eroqne

1927 4835 2120 4889 similis
2137 4835 2434 4890 Altissimo.
2466 4853 2484 4886 ι
2509 4834 2615 4889 Sed
2641 4835 2842 4890 oblitus
2866 4845 2949 4891 est
2975 4837 3170 4890 divina:
3186 4835 3502 4906 agnitionis,

1929 4927 2135 4994 abiecta
2169 4926 2550 4981 adolescentiae
2588 4925 2894 4997 disciplina.
2923 4926 3299 4982 Adolescentia
3319 4935 3503 4981 autem

1929 5016 2253 5084 intelligitur
2289 5014 2438 5085 prior
2471 5013 2589 5082 ejus
2630 5019 2827 5079 status,
2869 5030 2978 5083 quo
3009 5014 3137 5068 felix
3171 5023 3310 5068 erat.
3346 5012 3500 5079 Quod

1931 5109 1974 5163 si
2032 5107 2406 5162 adolescentes
2450 5107 2737 5176 disciplina
2786 5109 3005 5162 erudire
3048 5107 3336 5176 valct,quae
3369 5113 3506 5158 retas

1928 5201 2135 5269 absque
2160 5199 2446 5268 disciplina
2475 5199 2630 5254 valde
2662 5208 2954 5254 contumax
2977 5206 3091 5263 est;
3119 5197 3306 5266 utique
3335 5193 3508 5250 multo

1930 5290 2037 5345 erit
2071 5289 2257 5344 utilior
2283 5289 2487 5344 homini
2517 5290 2656 5344 seni.

2002 5383 2044 5414 "
2085 5381 2403 5451 Quicunque
2438 5381 2918 5452 apprehenduntur
2948 5380 3015 5434 ab
3049 5377 3206 5433 annis
3235 5378 3379 5445 vita),
3406 5389 3507 5448 per

1929 5489 2092 5544 opera
2124 5474 2316 5530 futura:
2343 5483 2563 5529 :eternae
2599 5474 2743 5538 vitm,
2790 5471 2842 5526 hi
2891 5481 3067 5526 rectas
3095 5470 3322 5525 semitas
3353 5469 3506 5524 inve—
3598 5457 3605 5465 ’

308 5665 354 5697 ’⁸
380 5681 432 5720 v.
458 5666 550 5720 9.7.
631 5666 673 5696 ι’
714 5680 767 5721 v.
799 5664 890 5720 3'2.
969 5664 1010 5695 ¹²
1039 5678 1089 5718 v.
1124 5663 1215 5718 35.
1299 5659 1413 5718 ην.
1462 5664 1484 5718 1
1593 5663 1638 5694 ίδ
1675 5677 1725 5719 v.
1763 5661 1816 5717 ⁸5.

1978 5679 2026 5718 v.
2065 5663 2151 5718 12.
2195 5664 2277 5750 ,⁸⁸
2305 5679 2356 5720 v.
2389 5664 2475 5721 17.
2551 5663 2596 5694 ⁸⁷
2621 5678 2672 5716 ν.
2702 5664 2786 5718 19.

303 5785 666 5859 (ἓιιιοοειιιιε
695 5787 761 5841 de
793 5786 957 5842 variis
998 5785 1191 5856 σοφίας
1220 5785 1511 5857 generibus
1564 5783 1852 5858 Origenes,
1888 5786 1975 5844 hic
2014 5787 2231 5858 quidem
2279 5801 2506 5859 pravam
2535 5786 2831 5856 serpentis,
2893 5800 2987 5842 seu
3035 5782 3258 5849 diaboli,
3289 5780 3508 5852 sapien-

231 5859 370 5918 tiam
396 5856 701 5926 indigitat.’
