3926 6546
501 469 602 525 167

1378 451 1940 516 SUPPLEMENTUM
1979 455 2070 508 AD
2101 450 2428 509 οιιιοΕΝιδ
2460 449 2880 507 EXEGETICA.

3664 448 3765 504 168

495 582 648 637 nient
680 579 1083 650 imperturbatae
1109 575 1416 646 quietacque
1447 574 1568 629 vitae
1612 575 1735 644 (Qui
1761 578 1940 642 secus)
1974 572 2077 626 mi-

2182 569 2518 641 λαμϐάνουσι
2551 565 2769 639 τρίϐους
2809 564 3022 629 εὐθείας
3057 565 3155 635 τῆς
3180 565 3450 650 ἀταράχου
3487 563 3580 617 καὶ
3619 563 3771 617 ἀδια-

496 673 793 730 sericordia
819 671 910 725 Dei
939 685 1040 724 non
1067 666 1544 738 compellunturiu
1580 666 1696 720 vias
1722 676 1900 720 rectas
1921 674 2082 719 teter-

497 781 580 820 nre
611 759 1027 820 vite—"Nam
1061 767 1359 815 sectatores
1369 755 1778 828 justitimdiligit
1805 755 2080 817 Dominus,

500 868 676 922 neque
701 866 794 905 eos
833 849 1009 919 capiet
1039 848 1325 903 consilium
1364 847 1585 902 malum.
1611 845 1714 912 Qui
1760 856 1943 899 autem
1971 859 2076 899 non

499 943 907 1012 apprehendunt
931 951 1109 996 rectas
1133 939 1262 995 vitae
1289 941 1427 1004 vias,
1464 948 1569 992 non
1605 945 1990 992 convertentur
2013 936 2079 991 ad

500 1048 722 1104 regnum
762 1032 876 1101 Dei,
912 1033 1040 1103 quia
1072 1032 1282 1088 scilicet
1316 1030 1532 1086 diabolo
1558 1027 1864 1084 confidunt.

2192 661 2387 718 στάτου
2424 659 2588 730 ζωῆς·
2631 660 2690 711 οὐ
2723 657 3232 728 καταλαμϐάνονται
3260 655 3365 708 ὐπὸ
3396 641 3504 708 τῶν
3532 656 3768 728 οἰκτειρ-

2194 750 2310 822 μῶν
2338 749 2504 804 αὐτοῦ
2539 750 2618 811 εἰς
2649 747 2748 812 τὰς
2783 747 3002 819 τρίϐους
3030 747 3130 817 τῆς
3157 746 3369 806 εὐθείας
3401 745 3678 808 ἀειζωῒας.
3702 775 3773 787 -—-

2189 838 2493 902 Διώκοντας
2515 838 2620 909 γὰρ
2641 836 2985 907 δικαιοσύνην
3009 837 3198 905 ἀγαπᾷ
3222 835 3447 907 Κύριος,
3479 836 3576 889 καὶ
3607 834 3668 887 ού
3698 833 3770 906 μὴ

2185 928 2660 999 σὐγκαταλάϐηται
2688 928 2883 990 αὐτοὺς
2909 928 2941 997 ἡ
2969 927 3063 980 τοῦ
3095 926 3335 998 πονηροῦ
3369 925 3555 997 βουλή·
3591 926 3652 978 οὐ
3679 942 3772 977 κα-

2181 1021 2588 1094 ταλαμϐάνουσι
2639 1021 2695 1074 δὲ
2726 1020 2945 1092 τρίϐους
2970 1020 3183 1084 εὐθείας
3216 1017 3379 1090 ζωῆςο
3415 1019 3537 1072 οὐδὲ
3571 1019 3646 1090 μὴ
3675 1019 3771 1072 ἀν-

2189 1113 2573 1185 τιστρέψουσιν
2603 1113 2684 1175 είς
2709 1111 2807 1182 τὴν
2855 1110 3128 1182 βασιλείαν
3157 1111 3249 1165 τοῦ
3281 1109 3438 1177 Θεοῦ,
3471 1112 3520 1164 οἱ
3549 1111 3628 1181 τῷ
3659 1111 3771 1164 δια-

2197 1205 2337 1276 ϐόλῳ
2359 1203 2700 1267 πεποιθότες.

2001 1318 2155 1375 CAP.
2189 1319 2278 1374 Ill.

575 1414 619 1447 "
649 1414 741 1470 Ille
769 1415 1112 1470 obliviscitur
1151 1412 1309 1483 legis,
1351 1413 1442 1483 qui
1485 1411 1732 1483 legitime
1757 1425 1862 1467 non
1894 1412 2030 1467 vivit
2060 1428 2076 1468 :

497 1507 742 1564 meminit
769 1521 900 1561 vero
949 1505 1102 1576 legis,
1143 1506 1234 1576 qui
1267 1521 1334 1561 ex
1362 1505 1481 1576 ejus
1503 1520 1691 1561 norma
1737 1505 1904 1560 vitam
1932 1521 2078 1560 com-

495 1598 665 1666 ponit.
690 1595 785 1652 llle
814 1597 942 1652 item
977 1597 1142 1651 verba
1190 1596 1281 1651 Dei
1314 1597 1571 1660 cuStodit,
1597 1597 1686 1667 qui
1712 1611 1824 1668 non
1859 1611 1923 1651 ea
1954 1605 2076 1651 tan—

494 1689 774 1744 tummodo
803 1689 1146 1757 exsequitur,
1186 1688 1280 1744 sed
1321 1698 1377 1743 et
1413 1689 1534 1744 aliis
1568 1689 1707 1744 idem
1740 1689 1922 1744 facere
1951 1705 2076 1744 sua-

492 1783 602 1837 det.
631 1781 681 1837 ls
707 1791 887 1837 autem
923 1783 1086 1837 verba
1111 1782 1204 1836 Dei
1235 1783 1570 1853 pessumdat,
1601 1784 1695 1852 qui
1736 1797 1834 1838 nec
1861 1784 1977 1855 ipse
2007 1798 2072 1839 ea

491 1873 717 1944 exsequi
757 1872 892 1936 vult,
923 1880 979 1928 et
1026 1873 1166 1928 alios
1213 1873 1436 1945 insuper
1483 1874 1728 1943 impedit.
1769 1872 1885 1929 Non
1928 1873 2073 1929 enim

492 1965 770 2020 auditores
807 1964 941 2036 legis
978 1963 1440 2034 iustificabuntur.

563 2057 610 2089 ¹⁹
641 2056 878 2122 Sanitas,
923 2071 1088 2125 quam
1124 2057 1298 2112 virtus
1332 2059 1554 2128 praebet,
1608 2058 1812 2114 medela
1836 2067 1922 2114 est
1953 2059 2073 2114 vita:

497 2160 602 2205 tua:
645 2151 764 2205 :sic
815 2151 976 2204 etiam
1035 2149 1131 2204 Dei
1168 2151 1339 2219 gratia
1374 2159 1429 2204 et
1474 2165 1606 2204 cura
1651 2150 2075 2221 cogitationibus

493 2243 602 2295 tuis
616 2250 671 2295 et
685 2241 947 2296 consiliis.
967 2241 1102 2297 Cum
1126 2243 1321 2297 anima:
1350 2243 1516 2306 vires,
1539 2243 1591 2297 id
1615 2250 1700 2298 est
1724 2242 1974 2308 virtutes,
1992 2243 2075 2297 di-

489 2334 669 2387 vinam
692 2347 874 2387 curam
899 2333 1104 2387 sortitae
1123 2331 1345 2398 fuerint,
1361 2343 1487 2388 tunc
1506 2331 1686 2387 omnia
1708 2347 1830 2388 ossa
1849 2347 1966 2387 mea
1986 2331 2071 2386 di-

489 2431 617 2478 cent
646 2439 661 2476 :
701 2443 719 2475 (
747 2422 989 2489 Domine,
1014 2423 1259 2489 Domine,
1285 2423 1407 2492 quis
1423 2423 1613 2478 similis
1637 2432 1718 2477 est
1736 2423 1869 2478 tibi?
1893 2441 1913 2474 ι
1936 2421 2071 2478 Nam

491 2511 675 2566 divino
702 2511 953 2581 praesidio
981 2512 1291 2580 impetrato,
1319 2501 1651 2568 memorialis
1688 2511 1920 2566 facultas
1953 2512 2071 2566 ani-

491 2618 590 2656 ma:
613 2617 832 2672 prorsus
848 2603 1023 2656 dicet:
1044 2602 1276 2657 rMemor
1289 2603 1363 2656 fui
1386 2603 1497 2669 Dei,
1517 2612 1570 2658 et
1587 2603 1761 2658 laetata
1789 2619 1927 2659 sum.
1945 2623 1964 2656 ι
1987 2604 2071 2658 Si-

489 2693 694 2749 militer
711 2693 1125 2762 contemplativa
1148 2689 1378 2751 facultas
1393 2697 1536 2752 dicet
1562 2714 1575 2750 :
1605 2717 1622 2748 ι
1655 2696 2067 2766 lntellexiopera

490 2795 598 2847 tua,
619 2794 671 2838 et
688 2784 959 2854 obstupui.
986 2805 1004 2836 ι
1022 2784 1392 2842 Desiderativa
1407 2803 1561 2858 teque
1579 2789 1749 2844 dicet:
1771 2810 1789 2840 ‹
1821 2791 2066 2854 Domine.

485 2889 668 2932 coram
706 2884 760 2930 te
788 2889 950 2929 omne
983 2875 1312 2933 desiderium
1352 2895 1555 2935 meum.
1580 2899 1599 2931 ι
1631 2883 1868 2952 Denique
1906 2883 2068 2937 ratio-

489 2969 625 3025 nalis
654 2969 882 3028 facultas
907 2973 1080 3029 dicet:
1112 2990 1130 3022 ‹
1161 2970 1405 3041 Cogitavi
1437 2973 1551 3027 dies
1577 2976 1847 3044 antiquos.
1874 2993 1892 3026 ι
1923 2973 2068 3031 Reli-

486 3075 608 3130 qua
640 3066 843 3131 pariter
881 3065 1165 3119 facultates
1198 3064 1271 3118 ita
1296 3078 1353 3118 se
1386 3074 1598 3134 gerent.

555 3241 602 3272 ’ί
640 3239 933 3311 Sapientia:
957 3241 1217 3298 studiosis
1252 3241 1388 3296 nihil
1435 3237 1718 3297 molestum
1752 3230 1882 3308 erit,
1927 3242 2068 3298 sicut

484 3335 650 3387 etiam
698 3334 753 3388 in
789 3335 1031 3405 pecunia:
1087 3335 1386 3405 cupiditate
1424 3334 1699 3389 usuvenit.
1741 3333 1894 3388 Mens
1929 3349 2065 3404 pura

485 3425 808 3494 propinquat
836 3426 1140 3495 sapientiae,
1173 3428 1301 3495 quia
1332 3426 1474 3496 quod
1521 3429 1721 3480 bonum
1752 3438 1838 3480 est
1877 3426 2068 3496 digno--

483 3514 606 3573 scit.
662 3513 1045 3570 Verumtamen
1091 3518 1306 3586 impura
1358 3531 1511 3572 mens
1569 3517 1833 3587 sapientia
1879 3516 2065 3587 procul

486 3605 633 3658 :tberl
644 3614 680 3659 t.

553 3699 603 3730 "
666 3695 778 3752 lloc
832 3699 1033 3769 lignum
1111 3706 1234 3767 post
1299 3699 1787 3770 transgressionem
1845 3711 2064 3766 gustare

483 3790 722 3842 Adamus
755 3790 1116 3858 prohibetur;
1149 3791 1349 3860 quippe
1389 3791 1516 3860 quia
1552 3805 1580 3844 a
1609 3790 1836 3858 justitite
1871 3791 2062 3846 fructi-

484 3886 583 3938 bus
607 3883 853 3938 nascitur
886 3883 1049 3938 arbor
1080 3885 1230 3939 vitae.
1272 3884 1448 3938 Arbor
1477 3899 1608 3938 vero
1635 3885 1780 3948 vine.
1800 3883 2060 3954 sapientia

481 3972 578 4031 Dei
610 3985 714 4030 est.
752 3973 952 4029 Merito
976 3989 1161 4032 autem
1195 3985 1420 4045 tangere
1446 3975 1653 4044 lignum
1701 3977 1805 4031 hoc
1833 3976 2059 4030 interdi-

482 4068 627 4121 citur
653 4067 841 4137 iniquo
867 4066 1060 4125 cuivis.

550 4157 600 4189 ’⁸
622 4158 762 4212 Deus
796 4157 1062 4226 sapientia
1089 4172 1184 4213 sua
1221 4165 1422 4213 terram
1453 4175 1670 4230 quoque
1698 4159 1972 4227 fundavit,
2007 4171 2061 4218 et

482 4263 648 4304 sensu
693 4248 811 4316 ejus
840 4261 1139 4320 eruperunt
1176 4251 1380 4321 abyssi,
1421 4261 1473 4306 et
1520 4255 1689 4306 nubes
1719 4267 1842 4307 rore
1865 4267 2056 4306 mana-

481 4350 628 4395 runt.
670 4340 840 4407 Quam
866 4356 993 4411 ergo
1038 4341 1125 4396 hic
1165 4342 1420 4396 Salomon
1469 4353 1676 4398 terram
1724 4345 2058 4421 dixitnPau-

480 4433 565 4488 lus
608 4434 950 4488 latitudinem
985 4435 1317 4512 appellavit;
1361 4445 1415 4490 et
1450 4437 1540 4506 qui
1577 4437 1666 4491 hic
1705 4436 1827 4491 coeli
1871 4438 2058 4492 dicun-

2255 1405 2424 1478 Οὗτος
2447 1411 2860 1468 ἐπιλανθάνεται
2874 1412 2968 1467 τοῦ
2985 1414 3173 1484 νόμου,
3196 1415 3224 1466 6
3245 1411 3318 1484 μὴ
3335 1411 3580 1483 νομίμως
3597 1410 3767 1480 βιούς·

2183 1499 2336 1570 οὗτος
2366 1505 2424 1558 δὲ
2456 1504 2725 1576 μέμνηται
2765 1504 2860 1558 τοῦ
2907 1505 3095 1576 νόμου,
3127 1507 3157 1558 6
3187 1503 3295 1569 ζῶν
3321 1504 3443 1556 κατ’
3465 1502 3650 1556 αὐτόν·
3677 1502 3774 1555 καὶ

2183 1594 2336 1663 οὗτος
2367 1601 2526 1671 τηρεῖ
2556 1597 2624 1652 τά
2673 1599 2892 1671 ῥήματα
2922 1597 3015 1651 τοῦ
3050 1596 3207 1662 Θεοῦ,
3234 1599 3262 1649 6
3301 1597 3376 1668 μὴ
3411 1596 3570 1672 μόνον
3599 1594 3774 1648 ποιῶν

2181 1693 2345 1756 αὐτὰ,
2401 1691 2536 1746 ἀλλὰ
2582 1693 2677 1745 καὶ
2727 1691 2906 1754 ἄλλοις
2943 1690 3460 1761 συμϐουλευόμενος.
3497 1683 3666 1752 Οὗτος
3711 1686 3774 1741 δὲ

2179 1781 2470 1836 ἀπόλλυσιν
2501 1780 2662 1846 αὐτὰ,
2695 1782 2724 1833 6
2750 1779 2824 1851 μὴ
2847 1779 3167 1851 βουλόμενος
3201 1779 3460 1850 πράττειν
3487 1777 3649 1842 αὐτὰ,
3674 1775 3777 1830 καὶ

2175 1875 2398 1947 ἐτέρους
2425 1872 2666 1928 κωλύωνο
2713 1873 2774 1926 οὐ
2817 1873 2926 1943 γάρ
2968 1873 3018 1926 οἱ
3064 1873 3328 1944 ἀκροαταὶ
3362 1871 3458 1925 τοῦ
3485 1872 3648 1942 νόμου
3698 1869 3776 1922 δι-

2175 1968 2600 2038 καιωθήσονται.

2247 2066 2420 2128 Ἴασις
2444 2063 2590 2115 ἐστὶν
2613 2063 2647 2132 ἡ
2681 2047 2741 2126 ἐξ
2759 2059 2964 2131 ἀρετῆς
2998 2058 3179 2128 ὑγίεια
3210 2061 3275 2129 τῇ
3313 2057 3559 2129 πολιτείᾳ
3581 2074 3697 2110 σου·
3732 2059 3770 2128 ἠ

2172 2155 2228 2210 δὲ
2259 2154 2354 2208 τοῦ
2386 2153 2519 2207 Θεοῦ
2565 2153 2726 2225 χάρις
2759 2152 2854 2205 καὶ
2893 2150 3184 2221 ἐπιμέλεια
3221 2151 3335 2213 τοῖς
3355 2148 3636 2220 λογισμοῖς
3668 2165 3771 2201 σου

2173 2248 2268 2302 καὶ
2291 2246 2665 2317 διανοήμασινο
2697 2245 2828 2296 ὅταν
2859 2243 2919 2297 αἱ
2949 2241 3207 2313 δυνάμεις
3234 2241 3331 2312 τῆς
3355 2240 3551 2310 ψυχῆς,
3597 2239 3775 2310 ἧγουν

2172 2341 2229 2392 αί
2261 2338 2478 2410 ἀρεταὶ,
2523 2333 2839 2408 ἐπιμελείας
2877 2333 3102 2404 τύχωσι,
3135 2333 3195 2387 τὸ
3236 2331 3536 2404 τηνικαῦτα
3579 2329 3775 2403 ἐροῦσι

2133 2455 2140 2461 “
2175 2432 2348 2486 πάντα
2381 2430 2449 2483 τὰ
2468 2430 2600 2483 ὀστᾶ
2627 2445 2747 2500 μουο
2769 2447 2786 2479 ι
2817 2426 3010 2498 Κύριε,
3037 2425 3228 2497 Κύριε,
3271 2425 3354 2488 τίς
3382 2423 3566 2495 ὅμοιός
3589 2439 3669 2476 σοι
3693 2440 3708 2487 ;
3741 2440 3771 2478 ι

2189 2523 2534 2594 Ἐπιμελεῐας
2557 2521 2665 2592 γὰρ
2677 2519 2916 2591 τυχοῦσα
2942 2521 2976 2590 ἡ
2997 2536 3099 2591 μνη
3109 2517 3398 2590 μονευτικὴ
3421 2516 3646 2587 δύναμις
3665 2516 3775 2588 τῆς

2168 2611 2365 2684 ψυχῆς,
2397 2613 2612 2676 πάντως
2651 2614 2767 2682 ὲρεί
2796 2611 2874 2665 τό·
2907 2629 2926 2662 ι
2949 2609 3254 2681 Ἑμνήσθην
3273 2608 3366 2661 τοῦ
3396 2607 3533 2662 Θεοῦ
3563 2609 3656 2661 καὶ
3672 2610 3775 2661 εὐ-

2172 2704 2434 2775 φράνθην.
2459 2723 2478 2756 ι
2496 2703 2728 2775 Ὁμοίως
2747 2703 2804 2756 δὲ
2826 2703 2918 2756 καὶ
2935 2701 3184 2773 ἡ⁶ὁπτικὴ
3211 2698 3352 2765 λέξει
3369 2699 3448 2755 τόο
3468 2723 3483 2751 α
3497 2701 3779 2774 Κατενόη-

2172 2793 2307 2847 σατά
2323 2793 2459 2863 ἔργα
2472 2810 2586 2858 σου,
2616 2794 2709 2845 καὶ
2741 2792 2983 2862 ἐξέστην.
2998 2810 3016 2843 ι
3037 2788 3309 2854 Ὡσαύτως
3323 2791 3378 2845 δὲ
3395 2792 3489 2845 καὶ
3511 2793 3542 2864 ἡ
3573 2791 3776 2846 ἐπιθυ-

2172 2887 2394 2957 μητικήσ
2418 2905 2435 2935 ‹
2464 2883 2656 2955 Κύριε,
2689 2884 2930 2937 ἐναντίον
2965 2901 3056 2936 σου
3076 2884 3224 2936 πᾶσα
3251 2869 3297 2954 η’
3314 2883 3574 2955 ἐπιθυμία
3600 2901 3728 2956 μου’
3745 2903 3768 2938 ι

2169 2981 2282 3048 ἐρεῖ
2314 2976 2369 3029 δὲ
2387 2977 2479 3029 καὶ
2497 2977 2530 3046 ἡ
2547 2975 2761 3046 λογική·
2788 2974 3209 3047 «Διελογισάμην
3235 2975 3448 3047 ἡμέρας
3467 2976 3732 3047 ἀρχαίας.
3746 2997 3767 3030 ι

2168 3068 2326 3123 Κατά
2357 3066 2532 3122 ταῦτα
2581 3066 2920 3138 συμϐήσεται
2953 3068 3046 3121 καὶ
3071 3068 3163 3120 ἐπὶ
3210 3066 3316 3120 τῶν
3369 3065 3546 3122 ἄλλων
3595 3067 3773 3123 δυνά-

2096 3190 2136 3248 C
2177 3174 2347 3228 μεων.

2240 3249 2627 3313 Τουτέστιτοῖς
2655 3247 2998 3319 βουλομένοις
3033 3248 3185 3302 οὐδὲν
3213 3248 3469 3302 δύσκολον
3497 3248 3632 3320 ἔχοι,
3661 3268 3773 3304 κα-

2170 3342 2350 3415 θάπερ
2375 3346 2408 3414 η
2438 3341 2544 3396 τῶν
2569 3341 2865 3412 χρημάτων
2893 3339 3176 3411 ἐπιθυμία·
3194 3341 3319 3405 νοῦς
3345 3341 3585 3414 καθαρὸς
3613 3344 3774 3412 ἐγγί⁴

2169 3435 2248 3500 ζει
2272 3436 2454 3507 σοφίᾳο
2483 3434 2670 3504 ἐπειδὴ
2701 3433 2762 3486 τὸ
2799 3427 2857 3486 εὖ
2884 3431 3159 3502 γινώσκει·
3189 3433 3218 3486 6
3237 3432 3294 3485 δὲ
3317 3431 3627 3506 ἀκάθαρτος
3661 3452 3771 3505 μα.-

2167 3526 2371 3599 κρυνθή
2383 3544 2531 3581 σεται
2564 3528 2658 3580 ἀπ’
2673 3525 2862 3596 αὐτῆς.

2237 3699 2440 3755 Τούτου
2490 3701 2582 3756 τοῦ
2619 3699 2777 3767 ξύλου
2823 3699 2958 3770 μετά
3001 3698 3099 3770 τὴν
3144 3698 3459 3771 παράϐασιν
3493 3701 3522 3752 6
3584 3699 3771 3772 Ἀδὰμ

2169 3793 2604 3865 μεταλαμϐάνειν
2655 3791 2953 3845 κωλύεταιο
3012 3792 3168 3863 εἴπερ
3225 3791 3334 3845 ἀπὸ
3387 3791 3623 3864 καρπῶν
3681 3794 3771 3847 δι·-

2165 3884 2458 3956 καιοσύνης
2505 3883 2790 3953 φυτεύεται
2838 3883 3051 3954 δένδρον
3103 3884 3274 3954 ζωῆς
3323 3883 3385 3936 τὸ
3435 3883 3492 3936 δὲ
3538 3883 3772 3955 δένδρον

2162 3976 2328 4047 ζωῆς,
2363 3977 2395 4046 ἡ
2443 3975 2536 4028 τοῦ
2578 3975 2712 4028 Θεοῦ
2751 3975 2912 4043 σοφία
2967 3973 3118 4026 ἐστί·
3155 3973 3387 4037 δικαίως
3417 3975 3475 4028 δὲ
3510 3973 3768 4044 ἅψασθαι

2163 4066 2467 4119 κεκώλυται
2491 4065 2681 4118 τούτου
2711 4065 2804 4119 τοῦ
2831 4065 2989 4130 ξύλου
3021 4066 3131 4127 πᾶς
3164 4066 3502 4136 παράνομος.

2242 4159 2302 4211 '0
2344 4158 2477 4223 Θεὸς
2525 4161 2590 4229 τῇ
2642 4159 2740 4228 μὲν
2789 4159 2952 4229 σοφίᾳ
2979 4157 3072 4210 καὶ
3100 4157 3198 4228 τὴν
3239 4159 3342 4230 γῆν
3385 4158 3766 4229 ἐθεμελίωσεο

2161 4250 2251 4303 διά
2283 4249 2340 4303 δέ
2372 4251 2471 4321 τῆς
2501 4250 2804 4321 αίσθήσεως
2841 4249 3004 4304 αὐτοῦ
3038 4247 3352 4320 ἐρῤἀγησαν
3396 4249 3650 4310 ἄϐυσσοι,
3688 4252 3770 4304 τὰ.

2157 4343 2214 4395 δὲ
2238 4342 2373 4412 νέφη
2401 4341 2676 4413 ἐρρύησαν
2704 4341 2955 4413 δρόσους’
2988 4341 3053 4413 ἦν
3083 4337 3176 4394 οῦν
3200 4341 3436 4395 ἐνταῦθα
3465 4343 3571 4412 γῆν
3607 4339 3766 4407 εἷπε,

2160 4435 2370 4498 Παῦλος
2404 4436 2432 4486 6
2465 4434 2619 4502 ἆγιος
2647 4433 2848 4496 πλάτος
2888 4433 3136 4504 ὠνόμασε
3156 4451 3170 4465 ο
3219 4433 3316 4488 καὶ
3348 4436 3476 4497 τούς
3515 4434 3772 4490 ἐνταῦθα

483 4536 592 4592 tur,
623 4524 964 4579 altitudinem
990 4525 1081 4580 ille
1109 4534 1270 4580 vocat
1301 4527 1602 4594 inEpistola
1644 4528 1712 4582 ad
1751 4529 2010 4598 Ephesios
2037 4547 2052 4593 ;

2176 4523 2420 4594 ιύρανοὺς
2449 4522 2796 4594 λεγομένους,
2831 4521 2963 4593 ὐψος
3003 4523 3208 4586 ἐκεῖνος
3229 4525 3284 4577 ἐν
3314 4525 3379 4594 τῇ
3409 4524 3549 4593 πρὸς
3587 4519 3769 4594 Ἐφε-

478 4627 680 4686 etquae
710 4618 917 4685 tropice
951 4617 1208 4672 dicuntur
1253 4620 1454 4690 abyssi,
1497 4635 1590 4674 eas
1625 4621 2051 4690 profunditatem

478 4710 611 4765 dicit
642 4732 655 4766 :
687 4711 949 4768 roriferas
977 4711 1210 4782 denique
1251 4711 1441 4777 nubes,
1483 4712 1890 4782 longitudinem.
1925 4711 2051 4767 Haec

475 4816 641 4874 porro
675 4804 856 4858 omnia
894 4803 1246 4858 rationalium
1279 4813 1594 4857 naturarum
1626 4803 1867 4874 symbola
1900 4815 2045 4871 sunt,

474 4909 594 4963 qua:
633 4905 829 4949 ornatu
858 4904 911 4949 et
941 4908 1173 4966 corpore
1201 4891 1456 4948 differunt
1487 4896 1785 4949 secundum
1813 4895 2047 4964 propria:

474 4988 882 5043 constitutionis
911 4987 1240 5056 analogiam.
1265 4985 1528 5056 Congruit
1550 4987 1828 5056 sapientiae
1848 5001 2044 5040 nomen

472 5079 636 5132 etiam
661 5079 751 5133 Dei
771 5078 928 5136 Filio.
957 5079 1065 5134 Sed
1089 5090 1144 5133 et
1171 5079 1355 5131 anima
1383 5077 1576 5142 fidelis,
1607 5087 1748 5132 terra
1766 5086 1848 5132 est
1861 5086 2050 5132 centu-

470 5171 666 5240 plicem
697 5171 932 5226 fructum
964 5171 1237 5227 reddens:
1273 5186 1396 5242 qua:
1436 5169 1654 5240 quidem
1698 5184 1766 5224 ex
1818 5170 2046 5238 pingue-

472 5263 616 5329 dine,
647 5264 804 5318 idest
830 5265 1122 5334 sapientia,
1167 5263 1390 5332 sapiens
1431 5266 1521 5327 ﬁt,
1561 5263 1670 5318 Deo
1722 5261 2048 5331 sapientiam

472 5367 631 5421 super
661 5370 722 5408 ea
753 5353 1034 5412 fundante.
1073 5355 1224 5410 Facit
1250 5357 1394 5409 enim
1422 5356 1564 5410 hanc
1589 5355 1822 5408 animam
1841 5353 2047 5407 doctri-

470 5455 552 5495 na:
581 5444 877 5511 cumulum,
916 5446 1198 5515 sapientia:
1228 5448 1488 5511 cinnum;
1533 5455 1694 5514 atque
1722 5459 1786 5497 ex
1813 5457 1874 5497 ea
1905 5457 2047 5496 sem-

469 5544 563 5596 νει·
593 5533 930 5600 proﬁciente,
959 5535 1160 5590 ccelum
1191 5533 1355 5590 efficit
1379 5575 1394 5599 ,
1440 5533 1789 5603 purissimam
1823 5540 2043 5583 creatu-

469 5631 603 5685 ram,
636 5623 952 5691 angelorum
996 5636 1160 5694 atque
1209 5625 1660 5681 intellectualium
1714 5619 2044 5677 substantia-

469 5727 584 5764 rum
617 5711 980 5770 habitaculum
1007 5757 1023 5784 ,
1057 5719 1373 5773 exsistentis
1407 5719 1503 5772 Dei
1545 5730 1705 5770 sensu
1737 5711 2039 5782 prmditam,

538 5888 582 5919 ⁸⁸
605 5904 654 5942 v.
688 5890 770 5947 l9.
811 5893 854 5924 ¹⁹
925 5896 1060 5949 v.1.

2155 4612 2304 4675 σίους
2335 4611 2519 4664 καλεῖ·
2546 4611 2639 4663 καὶ
2665 4610 2764 4674 τὰς
2793 4611 3092 4681 λεγομένας
3127 4610 3405 4682 τροπικῶς
3444 4613 3766 4678 ἀϐύσσους,

2152 4694 2406 4773 ὀνομάζει
2452 4702 2640 4772 βάθος’
2694 4703 2764 4756 τὰ
2815 4703 3198 4775 δεδροσωμένα
3233 4703 3391 4776 νέφη,
3439 4705 3620 4775 μῆκος
3653 4724 3770 4760 κα-

2151 4797 2266 4849 λεῖο
2301 4794 2475 4848 ταῦτα
2503 4795 2558 4848 δὲ
2591 4794 2769 4848 πάντα
2802 4796 3036 4864 λογικῶν
3073 4797 3188 4848 ἐστι
3223 4795 3439 4865 φύσεων
3471 4797 3762 4868 σύμϐολα,

2151 4887 2544 4958 διαιρουμένων
2591 4887 2815 4957 κόσμοις
2849 4886 2942 4941 καὶ
2991 4886 3204 4958 σώματι
3255 4887 3397 4940 κατά
3449 4888 3770 4958 ἀναλογίαν

2152 4981 2252 5051 τῆς
2295 4980 2708 5043 καταστάσεωςο
2751 4978 2980 5052 ἁρμόζει
3023 4978 3181 5031 τοῦτο
3222 4980 3316 5032 καὶ
3359 4977 3454 5032 νῦν
3505 4980 3586 5051 τῷ
3632 4981 3768 5052 Υἱῷ

2153 5072 2247 5126 τοῦ
2289 5070 2455 5125 Θεοῦ⁸
2517 5071 2653 5125 ἀλλά
2714 5071 2808 5124 καὶ
2859 5072 2892 5141 ἡ
2949 5070 3094 5141 ψυχὴ
3141 5071 3176 5141 ἡ
3229 5068 3419 5140 πιστὴ,
3475 5071 3547 5142 γῆ
3595 5073 3765 5126 ἐστιν

2159 5161 2650 5216 έκατονταπλασίον
2709 5161 3161 5233 καρποφοροῦσα’
3227 5161 3364 5233 αὕτη
3413 5162 3470 5215 δὲ
3526 5166 3592 5216 ἐκ
3644 5165 3768 5236 τῆς

2157 5255 2429 5326 πιότητος,
2459 5255 2580 5325 ⁴ἣτις
2626 5253 2745 5307 ἐστὶ
2781 5254 2961 5322 σοφία,
3001 5254 3134 5324 σοφὴ
3160 5271 3174 5284 ο
3222 5253 3604 5324 θεμελιοῦντος
3647 5256 3771 5310 αὖ-

2153 5347 2252 5419 τὴν
2311 5347 2395 5399 ἐπ’
2447 5345 2582 5415 αὐτῇ
2631 5343 2727 5398 τοῦ
2772 5344 2941 5397 Θεοῦ·
2994 5345 3206 5413 έδράζει
3250 5345 3361 5417 γὰρ
3418 5347 3593 5418 αὐτὴν
3640 5348 3766 5418 τὴν

2155 5437 2472 5508 συναγωγὴν
2525 5439 2624 5509 τῆς
2675 5435 3045 5501 διδασκαλίας,
3102 5437 3194 5489 καὶ
3251 5436 3412 5506 πῆξιν
3473 5438 3584 5490 ἀπὸ
3654 5455 3765 5493 σο-

2154 5531 2279 5599 φίας
2325 5528 2679 5599 ποιούμενος·
2736 5529 2831 5581 καὶ
2882 5529 2968 5581 ἀεὶ
3027 5529 3469 5600 προκοπτούσης,
3507 5530 3763 5601 οὐρανὸν

2151 5623 2545 5694 ἀπεργάζεται,
2581 5621 2964 5692 καθαρώτατον
3003 5620 3227 5691 κτίσμα,
3268 5622 3522 5689 ἀγγέλων
3556 5639 3614 5675 τε
3644 5625 3764 5678 καὶ

2150 5711 2258 5765 τῶν
2292 5711 2496 5782 νοερῶν
2523 5711 2720 5764 οὐσιῶν
2768 5710 3105 5781 οίκητήριον,
3145 5709 3421 5764 λαϐοῦσαν
3456 5728 3514 5764 τε
3543 5712 3763 5785 αἴσθη-

1140 5896 1183 5926 "
1219 5912 1269 5949 v.
1302 5897 1354 5951 8.
1415 5899 1479 5971 _"
1518 5912 1568 5951 v.
1616 5896 1703 5950 15.
1780 5897 1829 5926 "
1867 5909 1920 5949 v.
1973 5893 2057 5951 l8.
2085 5895 2182 5969 ﬁ"
2221 5910 2270 5948 v.
2304 5896 2394 5952 l9.
