4004 6542
233 493 325 546 169
1395 486 1761 543 EXPOSITIO
1803 487 1867 541 IN
1907 486 2324 545 PROVERBIA.

3385 492 3485 546 I70

221 628 304 662 σιν
340 608 437 662 τοῦ
484 608 657 675 ὖντος,
698 610 792 664 καὶ
836 606 1203 661 κατανοοῦσαν
1256 608 1353 678 τὴν
1402 607 1510 660 τῶν
1551 608 1807 679 πραγμά-

1931 625 2094 663 -erum
2137 609 2341 663 intimae
2386 618 2589 665 natura?
2640 612 2909 680 peritam,
2948 620 3033 667 et-r
3068 612 3338 667 variorum
3395 616 3499 668 Dei-

217 716 327 752 των
372 698 683 770 ἀκρίϐειαν,
727 700 891 751 οἱονεὶ
935 699 996 751 τὸ
1023 697 1343 770 ’πολύμυθον
1391 697 1496 751 τῶν
1538 697 1631 751 τοῦ
1673 697 1808 752 Θεοῦ

1936 700 2255 755 udiciorttm.

218 790 533 862 χριμάτων.

293 882 442 954 Πρὸς
478 882 653 953 μόνην
701 881 803 952 τὴν
847 881 1040 951 σοφίαν
1068 881 1423 936 ἀδυνατοῦσιν
1457 884 1503 933 oi
1532 880 1807 952 δαίμονες,

218 973 517 1043 λογισμοὺς
546 972 837 1044 ἐμϐάλλειν
871 976 951 1037 εἰς
980 973 1077 1045 τὴν
1100 972 1331 1044 καρδίαν
1355 972 1447 1026 τοῦ
1486 972 1810 1042 σεσοφισμὲ-

218 1080 312 1115 νου
349 1062 427 1134 μὴ
456 1062 925 1135 συγχωρούμενοι·
960 1064 989 1116 ὁ
1029 1062 1137 1135 γὰρ
1178 1062 1302 1126 νοῦς
1344 1063 1455 1126 τοῖς
1485 1063 1585 1131 τῆς
1622 1060 1813 1130 σοφίας

219 1154 673 1224 ἀντιποιούμενος
728 1153 1109 1226 θεωρήμασιν,
1181 1153 1532 1217 ἀνεπίδεκτος
1602 1153 1811 1221 γίνεται

219 1244 499 1316 λογισμῶν
538 1245 887 1317 ἀκαθάρτων.
925 1277 994 1287 -
1023 1245 1168 1310 Νοῦς
1206 1245 1445 1316 καθαρὸς
1489 1245 1696 1313 ἐγγίζει
1726 1262 1813 1297 σο-

220 1336 337 1408 φίᾳ,
388 1337 581 1407 ἐπειδὴ
621 1337 684 1391 τὸ
738 1332 796 1391 εὖ
842 1336 1134 1405 γινώσκει·
1179 1338 1208 1389 ό
1245 1336 1301 1390 δὲ
1351 1334 1659 1407 ἀκάθαρτος
1704 1353 1811 1405 μα-

220 1428 589 1500 κρυνθήσεται
621 1428 714 1481 ἀπ’
746 1429 936 1499 αὐτῆς.

291 1518 639 1590 Πρόσκομμα
687 1517 913 1587 λογικῆς
963 1515 1178 1587 φύσεώς
1214 1519 1330 1571 ἐστι
1379 1516 1635 1588 λογισμὸς
1677 1516 1815 1571 ἀκά-

221 1607 446 1679 θαρτος,
493 1607 529 1679 ἢ
574 1607 777 1676 γνῶσις
816 1606 1050 1679 ψευδής·
1083 1610 1112 1662 ό
1150 1607 1207 1662 δὲ
1239 1611 1306 1680 τῇ
1344 1609 1437 1662 τοῦ
1476 1609 1612 1664 Θεοῦ
1648 1609 1810 1684 βουλῇ

218 1700 807 1773 περιστοιχειούμενος,
841 1702 898 1753 ἐν
927 1701 1140 1764 τούτοις
1166 1700 1230 1753 ού
1261 1701 1621 1773 προσκόπτει.

290 1790 435 1845 Οὔτε
481 1791 693 1860 ἔφοδος,
746 1777 902 1863 φησὶ,
947 1793 1202 1863 πονηρῶν
1251 1793 1528 1864 λογισμῶν
1588 1792 1812 1863 φοϐήσει

215 1882 310 1936 τὸν
343 1884 607 1951 γεγονότα
652 1882 834 1954 σοφὸν,
882 1881 1007 1936 οὔτε
1053 1883 1276 1948 ἀσεϐεῖς
1323 1883 1520 1949 ἔξωθεν
1566 1883 1812 1948 ἐπιόντες

1987 879 2031 909 ’⁸
2080 877 2375 947 Sapientia:
2439 878 2817 933 tantummodo
2870 879 3168 947 praevalere
3209 894 3488 953 nequeunt

1916 970 2214 1033 dmmones,
2251 972 2340 1039 qui
2372 988 2564 1037 pravas
2612 971 2971 1040 cogitationes
3014 976 3066 1027 in
3103 990 3198 1029 cor
3230 977 3492 1046 sapientis

1916 1078 2022 1115 non
2052 1063 2310 1116 sinuntur
2355 1062 2596 1129 injicere.
2668 1061 2801 1117 Nam
2834 1078 2986 1118 mens
3031 1067 3312 1134 sapientia:
3358 1084 3491 1123 con-

1917 1153 2356 1222 templationibus
2411 1154 2616 1208 intenta
2639 1194 2653 1217 ,
2708 1155 2943 1227 impuris
2977 1157 3397 1227 c0gitationibus
3431 1161 3493 1216 lit

1917 1246 2223 1314 impervia.-
2257 1246 2432 1301 -Mcus
2454 1261 2589 1315 pura
2620 1249 3023 1319 appropinquat
3044 1253 3343 1321 sapientiae,
3366 1259 3490 1324 quia

1915 1339 2059 1407 quod
2094 1349 2303 1393 rectum
2338 1350 2421 1394 est
2453 1340 2699 1408 agnoscit
2736 1354 2927 1395 :secus
2951 1357 3076 1397 vero
3099 1342 3309 1414 impura
3340 1361 3492 1402 meus

1915 1444 1944 1482 a
1980 1428 2245 1499 sapientia
2278 1428 2440 1499 longe
2473 1429 2724 1484 discedit.

1984 1521 2030 1554 “
2064 1521 2391 1576 Scandalum
2419 1521 2708 1575 rationalis
2742 1530 2952 1577 natura:
2980 1533 3067 1578 est
3091 1524 3355 1595 cogitatio
3388 1526 3483 1580 im-

1916 1626 2077 1681 pura,
2120 1612 2202 1666 vel
2243 1613 2380 1681 falsa
2410 1614 2667 1682 cognitio.
2701 1612 2803 1679 Qui
2852 1624 3037 1669 autem
3082 1615 3261 1671 divina
3303 1618 3493 1673 volun-

1918 1714 2029 1759 tate
2060 1705 2514 1760 circummunitus
2540 1714 2648 1770 est,
2686 1705 2740 1760 in
2768 1716 2896 1762 ante
2929 1708 3070 1763 dicta
3104 1723 3209 1762 non
3238 1709 3487 1763 incurrit.

1985 1795 2029 1825 ’⁷
2068 1794 2251 1863 Neque
2285 1795 2547 1861 incursio,
2577 1796 2775 1865 inquit,
2810 1800 3074 1851 malarum
3099 1799 3489 1868 cogitationum

1916 1886 2216 1955 sapientem
2262 1886 2643 1950 terrefacient;
2686 1901 2860 1958 neque
2925 1888 3074 1956 impii
3123 1889 3370 1945 exterius
3414 1891 3491 1944 ir-

214 1973 318 2045 τὴν
345 1973 515 2028 αὑτοῦ
561 1972 954 2045 καθαιρήσουσι
999 1971 1248 2043 δύναμιν,
1297 1971 1585 2044 ἐρημῶσαι
1632 1972 1810 2025 θέλον-

1931 1988 2160 2040 mentes,
2189 1978 2444 2032 virtutem
2471 1978 2590 2048 ejus
2621 1957 2945 2051 infringent,
2971 1980 3099 2035 dum
3129 1996 3253 2036 eum
3281 1992 3495 2036 natura-

220 2081 314 2129 τες
338 2064 450 2117 τῶν
474 2064 635 2135 φύσει
667 2064 849 2119 καλῶν
868 2082 882 2097 ·
913 2063 1005 2118 τὸν
1046 2064 1155 2136 γὰρ
1187 2063 1460 2118 ἀνάλωτον
1496 2064 1672 2128 οὐδεὶς
1712 2064 1806 2117 δυ-

215 2157 446 2226 νήσεται
472 2148 658 2209 λαϐεῖν
694 2172 708 2185 ·
748 2156 950 2220 καίτοι,
987 2156 1038 2209 τί
1086 2155 1181 2208 τοῦ
1224 2154 1453 2218 ἀσεϐοῦς
1489 2154 1810 2207 αὐθαδέστε-

223 2263 355 2317 ρον;
391 2247 553 2302 Ἀλλά
598 2247 692 2301 καί⁵
733 2245 898 2300 αὐτοῦ
940 2264 1072 2319 φησι
1107 2245 1203 2299 τοῦ
1247 2244 1588 2300 παντοδαποῦ
1621 2245 1808 2318 θηρίου

222 2336 590 2409 περιγενήσῃ,
627 2337 812 2407 πρᾶος
854 2335 929 2389 ὢν
982 2335 1077 2390 καὶ
1137 2334 1405 2406 ἐπιεικὴς,
1453 2333 1546 2389 τοῦ
1604 2334 1808 2406 Κυρίου

219 2427 377 2490 bno;
405 2427 547 2498 μετά
582 2427 674 2481 σοῦ
697 2445 709 2457 ·
736 2426 983 2480 ἐντεῦθεν
1014 2427 1071 2480 δὲ
1105 2426 1469 2498 μανθάνομεν,
1503 2425 1578 2490 ὡς
1603 2428 1635 2497 ἡ
1660 2426 1813 2495 ἐλεη-

223 2518 436 2590 μοσύνη
471 2522 749 2592 περιαιρεῖ
782 2518 1019 2591 φοϐερὰς
1057 2519 1379 2589 φαντασίας,
1424 2518 1639 2591 νύκτωρ
1680 2520 1811 2589 ἡμῖν

220 2612 656 2685 συμϐαινούσας,
687 2613 722 2685 ἢ
752 2614 847 2667 καὶ
866 2612 1217 2684 θεωρητικῶς
1237 2626 1249 2641 ·
1288 2611 1349 2664 οὐ
1384 2610 1543 2682 μόνον
1569 2610 1646 2675 δὲ,
1677 2611 1811 2663 ἀλλά

221 2708 323 2762 καὶ
346 2706 461 2759 τῶν
490 2707 550 2759 ἐν
570 2709 637 2777 τῇ
665 2706 993 2777 μεταστάσει
1031 2703 1284 2776 πονηρῶν
1325 2702 1688 2776 κατηγοριῶν,
1720 2706 1812 2756 καὶ

218 2800 333 2853 τῶν
351 2801 409 2853 ὲν
434 2801 502 2871 τῇ
535 2799 715 2871 κρίσει
746 2798 1054 2869 βλαπτικῶν
1082 2798 1357 2853 κολάσεων
1388 2799 1662 2869 περιαιρεῖ
1685 2796 1812 2860 τοὺς

213 2891 369 2946 οὕτω
399 2890 764 2962 φρονοῦντας·
796 2890 858 2943 τὸ
894 2891 1025 2944 αὐτὸ
1048 2890 1105 2944 δὲ
1141 2892 1283 2943 ποιεῖ
1318 2888 1410 2943 καὶ
1450 2888 1695 2959 πραότας
1716 2889 1811 2941 καὶ

213 2983 521 3056 ἀοργησία,
558 2984 649 3035 καὶ⁵
701 2983 1087 3055 μακροθυμία,
1147 2982 1243 3036 καὶ
1291 2983 1391 3036 ὅσα
1446 2981 1653 3051 πέφυκε
1708 2998 1809 3034 κα-

212 3078 541 3134 ταστέλλειν
579 3076 671 3131 τὸν
716 3077 887 3149 θυμὸν
931 3077 1354 3148 ταρασσόμενον·
1404 3075 1563 3145 εἴπερ
1609 3076 1673 3128 ἐκ
1710 3074 1811 3144 τῆς

212 3171 475 3244 ταραχῆς
509 3169 607 3224 τοῦ
654 3168 827 3242 θυμοῦ
866 3170 935 3224 τὰ
976 3168 1180 3242 φοϐερά
1226 3168 1486 3240 φάσματα
1524 3165 1682 3221 εῖωθε
1727 3166 1812 3235 γί-

215 3266 436 3321 νεσθαι.
1150 3294 1153 3295 ⁷

1916 2070 2060 2125 libus
2114 2069 2273 2125 bouis
2324 2070 2562 2139 spoliare
2612 2069 2820 2125 volunt.
2880 2069 3125 2142 Namque
3159 2074 3487 2144 inexpugna-

1918 2160 2082 2215 bilem
2132 2160 2256 2228 quis
2303 2160 2620 2229 expugnet?
2694 2158 3015 2232 Quanquam
3084 2177 3273 2219 revera
3325 2164 3492 2232 impio

1919 2249 2138 2303 homine
2168 2249 2300 2303 nihil
2329 2258 2411 2303 est
2436 2249 2723 2306 audacius.
2757 2250 2899 2318 Quin
2930 2253 3064 2306 adeo
3086 2252 3259 2319 ipsam
3276 2269 3493 2325 quoque

1921 2342 2373 2396 immanissimam
2406 2340 2578 2396 I‘eram
2610 2341 2918 2411 superabis,
2962 2343 3109 2399 mitis
3150 2345 3195 2399 si
3241 2345 3413 2401 lueris
3441 2360 3495 2400 et

1919 2436 2218 2506 benignus,
2265 2433 2377 2487 Deo
2427 2432 2524 2487 tibi
2574 2432 2884 2490 assistente.
2947 2433 3086 2490 Hinc
3122 2436 3493 2507 intelligimus,

1918 2529 1991 2582 ab
2033 2526 2384 2597 eleemosyna
2428 2526 2707 2597 exstingui
2736 2527 2909 2582 malas
2946 2528 3321 2599 cogitationes,
3374 2546 3495 2600 qua:

1920 2627 2081 2673 noctu
2114 2618 2272 2671 nobis
2323 2616 2603 2683 eveniunt,
2651 2616 2737 2670 vel
2782 2631 2880 2687 per
2906 2616 3273 2686 phantasiam.
3313 2617 3495 2688 Neque

1919 2710 1972 2765 id
2004 2709 2383 2766 tantummodo
2409 2724 2423 2776 ;
2452 2708 2545 2765 sed
2584 2724 2612 2763 a
2639 2708 2794 2764 malis
2829 2708 2882 2763 in
2910 2709 3036 2764 vita:
3070 2711 3301 2764 transitu
3332 2726 3495 2766 accu-

1918 2802 2224 2857 sationibus
2247 2841 2263 2867 ,
2292 2811 2349 2857 et
2380 2816 2412 2856 a
2450 2800 2693 2856 molestis
2724 2799 2914 2868 iudicii
2953 2803 3138 2870 plenis
3172 2801 3365 2857 liberat
3402 2819 3496 2858 eos

1917 2893 2010 2964 qui
2067 2894 2169 2948 hac
2212 2902 2398 2948 mente
2432 2902 2579 2948 sunt.
2628 2892 2773 2948 Idem
2808 2902 3071 2963 pnestant
3115 2896 3490 2954 mansuetudo.

1918 2985 2133 3051 lenitas,
2176 2984 2460 3055 patientia,
2494 2993 2549 3040 et
2574 2999 2912 3055 quaecunque
2946 2983 3013 3037 ad
3043 2984 3378 3040 cohibendas
3402 2987 3494 3040 ira:

1919 3077 2314 3133 commotiones
2352 3085 2641 3147 spectant:
2678 3075 2945 3145 siquidem
2970 3092 3037 3131 ex
3072 3076 3170 3132 ira:
3206 3079 3493 3147 perturba-

1921 3172 2066 3226 tione
2094 3170 2369 3227 terribiles
2401 3169 2702 3239 phantasia:
2733 3170 2849 3224 lteri
2877 3169 3074 3224 solent.

290 3315 569 3429 δέῑμόνον
596 3355 703 3410 τῶν
734 3353 1009 3425 ἐδωδίμων
1054 3351 1129 3425 μὴ
1165 3351 1380 3423 ἀπόσχῃ
1413 3344 1471 3404 εὖ
1508 3352 1682 3403 ποιεῖν
1728 3351 1812 3402 ἐν·

1985 3348 2031 3380 ”
2047 3346 2164 3401 Non
2181 3344 2454 3401 alimoniae
2476 3342 2849 3399 tantummodo
2872 3341 3055 3414 largus
3070 3354 3189 3398 eSto
3209 3343 3489 3415 indigenti,

212 3451 338 3522 δεῆ,
377 3450 521 3506 ἀλλά
581 3449 675 3502 καὶ
712 3446 965 3516 γνώσεως
1009 3444 1145 3498 Θεοῦ
1180 3445 1275 3497 καὶ
1310 3443 1501 3514 σοφίας
1540 3443 1633 3496 καὶ
1666 3444 1813 3495 ἐντο-

214 3544 359 3597 λῶν·
410 3542 507 3595 καὶ
554 3542 666 3595 πᾶν
718 3538 897 3594 ὁτιοῦν
947 3537 1066 3608 Θεῷ
1110 3537 1262 3606 φίλον
1323 3537 1419 3590 καὶ
1467 3537 1606 3606 πρὸς
1648 3535 1812 3589 αὐτὸν

214 3634 481 3698 οἰκειοῦν,
510 3633 587 3707 μὴ
621 3633 837 3703 ἀπόσχῃ
861 3627 920 3684 εὖ
957 3632 1129 3683 ποιεῖν
1152 3629 1231 3700 τῷ
1261 3629 1557 3700 ἐνδεομένῳ
1588 3644 1701 3682 σου.

287 3810 444 3878 Αὕτη
478 3810 514 3881 ή
545 3807 683 3881 πρὸς
707 3807 796 3861 τὸν
828 3806 1058 3879 πλησίον
1087 3806 1254 3878 ἔχθρα
1281 3804 1653 3877 ἀπεργάζεται
1693 3820 1815 3858 τινα

218 3901 414 3965 κακὸν,
449 3901 514 3953 ού
551 3900 711 3971 μόνον
745 3899 1075 3971 σωματικὸν,
1100 3897 1237 3950 ἀλλά
1269 3897 1363 3950 καὶ
1384 3893 1635 3966 ψυχικόν.

294 3993 530 4060 ’Δγνοια
553 3990 759 4059 Κυρίου
797 3991 855 4043 ἐν
892 3989 1062 4052 οἰκοις
1102 3986 1335 4051 ἀσεϐῶν,
1361 3985 1561 4055 γνῶσις
1596 3983 1653 4035 δὲ
1680 3981 1815 4035 Θεοῦ

217 4087 277 4139 ἐν
313 4082 519 4153 ψυχαῖς
558 4080 811 4135 δικαίων·
864 4080 1121 4143 ἐπαύλεις
1165 4078 1390 4131 δικαίων
1444 4074 1813 4143 εὐλογοῦνται,

216 4179 352 4231 ὅταν
388 4178 419 4229 ό
463 4174 700 4247 Χριστὸς
744 4174 994 4247 ἀπονέμῃ
1027 4172 1095 4226 τὰ
1126 4172 1264 4243 γέρα
1311 4170 1528 4239 ἑκάστῳ
1572 4166 1712 4221 κατά
1749 4165 1817 4219 τὰ

215 4267 366 4335 ἔργα
392 4262 607 4318 αὐτῶν·
642 4266 757 4327 τοῖς
783 4262 1005 4317 ἀσεϐέσι
1032 4262 1090 4316 δὲ
1123 4260 1372 4331 κατάραν
1405 4260 1500 4313 καὶ
1533 4258 1635 4311 οὐκ
1665 4257 1818 4311 εὐλο-

216 4358 375 4425 γίαν.

302 4446 378 4502 Ἥ
420 4446 569 4521 ἄκρα
610 4446 781 4501 κακία
816 4446 911 4499 καὶ
954 4446 1033 4509 είς
1085 4443 1235 4507 τέλος
1287 4440 1603 4513 ἐπηρμένη,
1646 4440 1817 4510 ὑπερ-

212 4536 435 4610 ηφανία
478 4536 756 4590 καλεῖται·
802 4534 1185 4589 ἀντιτάσσεται
1224 4532 1281 4586 δὲ
1312 4530 1518 4602 Κύριος
1561 4532 1671 4592 τοῖς
1720 4528 1818 4599 μὲν

1916 3455 2104 3497 verum
2130 3439 2291 3493 etiam
2317 3436 2523 3492 notitia:
2549 3435 2645 3489 Dei
2677 3435 3065 3506 sapientiaeque
3096 3434 3214 3505 ejus
3255 3445 3311 3490 et
3350 3452 3488 3507 pra:-

1915 3544 2217 3603 ceptorum.
2260 3529 2328 3585 Et
2362 3528 2629 3600 quidquid
2664 3528 2773 3582 Deo
2802 3537 3014 3598 gratum
3047 3538 3152 3592 est,
3195 3528 3355 3598 eique
3394 3545 3491 3583 nus

1916 3626 2379 3696 appropinquans,
2429 3635 2497 3677 ne
2539 3621 2781 3677 tribuere
2808 3622 3014 3675 abnuas
3042 3622 3092 3676 ei
3142 3620 3235 3691 qui
3273 3636 3376 3692 ope
3401 3630 3492 3677 tua

1918 3719 2142 3787 indiget.

1989 3812 2035 3843 ”
2061 3808 2188 3865 Hec
2217 3809 2479 3863 adversus
2526 3805 2837 3874 proximum
2866 3803 3151 3859 inimicitia
3183 3804 3323 3860 male
3367 3805 3497 3860 facit

1921 3900 2156 3956 hominis
2183 3915 2288 3954 non
2318 3897 2535 3967 corpori
2574 3906 2810 3959 tantum,
2838 3896 2932 3949 sed
2959 3896 3123 3949 etiam
3159 3897 3375 3951 animat.

1990 3993 2035 4026 ³⁸
2066 3990 2375 4063 Ignorantia
2404 3989 2497 4044 Dei
2527 3989 2579 4043 in
2607 3986 2861 4041 domibus
2889 3987 3172 4057 impiorum
3199 4005 3215 4052 ;
3248 3989 3341 4044 Dei
3369 4004 3497 4043 con-

1920 4098 2001 4141 tra
2031 4083 2218 4139 notitia
2261 4082 2314 4136 in
2345 4077 2947 4147 animabusjustorum.
2986 4078 3269 4133 Domicilia
3320 4080 3495 4148 justo—

1920 4195 2039 4234 rum
2075 4174 2471 4231 benedicuntur
2504 4186 2517 4223 :
2550 4184 2673 4227 cum
2718 4169 2927 4225 scilicet
2952 4169 3206 4225 Christus
3255 4171 3494 4240 ipsorqu

1919 4270 2179 4342 operibus
2202 4266 2421 4339 praemia
2450 4263 2744 4325 retribuet;
2771 4271 3143 4318 verumtamen
3182 4264 3360 4334 impiis
3386 4280 3498 4318 ma-

1921 4361 2290 4425 ledictionem,
2322 4373 2428 4412 non
2460 4354 2915 4412 benedictionem.

1990 4452 2033 4485 ³⁸
2088 4451 2314 4506 Summa
2368 4456 2424 4502 et
2475 4454 2850 4501 consummata
2896 4444 3180 4515 nequitia,
3243 4446 3494 4515 superbia

1923 4544 2251 4616 appellatur.
2288 4541 2619 4596 Adversatur
2646 4545 2829 4589 autem
2869 4535 3009 4591 Deus
3042 4535 3276 4604 iniustis,
3306 4548 3497 4606 quate-

213 4636 459 4699 ἀδίκοις,
490 4633 567 4698 ὡς
598 4630 913 4703 δικαιοσύνη
934 4648 948 4661 ·
981 4632 1093 4692 τοῖς
1124 4625 1408 4698 ψεύσταις,
1446 4623 1522 4687 ὡς
1552 4622 1780 4693 ἀλήθεια
1800 4638 1812 4651 ·

1931 4654 2025 4692 nus
2078 4634 2293 4705 justitia
2341 4639 2447 4697 est,
2507 4627 2863 4683 mendacibus
2920 4638 3189 4696 quatenus
3242 4628 3447 4683 veritas
3480 4670 3494 4692 .

214 4732 339 4792 τοῖς
384 4726 445 4779 δὲ
489 4723 878 4795 ὑπερηφάνοις,
925 4723 1002 4785 ὡς
1047 4716 1547 4789 ταπεινοφροσύνη·
1592 4714 1672 4767 διὸ
1720 4714 1812 4766 καὶ

1931 4727 2172 4799 superbis
2203 4733 2473 4795 quatenus
2503 4720 2766 4777 modestia
2789 4728 2889 4775 est.
2919 4719 3215 4790 Propterea
3241 4729 3293 4774 et
3324 4720 3499 4775 humi-

212 4822 341 4884 τοῖς
387 4818 622 4872 ταπεινά
655 4815 906 4887 φρονοῦσι
959 4814 1110 4883 φίλος
1148 4812 1296 4866 ἐστι·
1338 4808 1498 4864 τοῦτο
1539 4806 1648 4879 γάρ
1697 4808 1812 4860 ἐστι

210 4912 309 4973 τὺ,
343 4909 539 4963 Δίδωσι
567 4910 726 4981 χάριν
756 4907 1028 4970 ταπεινοῖς
1046 4922 1059 4935 ·
1096 4906 1207 4969 τοῖς
1236 4903 1291 4957 δὲ
1316 4902 1685 4973 ὑπερηφάνοις
1722 4901 1815 4954 ἀν·

216 5000 570 5057 τιτάσσεται.

294 5095 474 5161 Δόξαν
525 5092 777 5166 οὐράνιον
824 5090 1321 5163 κληρονομήσουσιν
1379 5089 1430 5142 οἰ
1479 5088 1578 5160 τὴν
1636 5087 1816 5143 ἔνθεον

216 5186 428 5256 σοφίαν
464 5185 727 5257 μαθόντες
755 5200 815 5236 τε
846 5182 940 5236 καὶ
974 5180 1315 5246 διδάξαντες·
1356 5179 1580 5251 ὕψωσαν
1611 5181 1667 5233 δὲ
1700 5182 1821 5233 ἑαυο

214 5282 345 5343 τοῖς
390 5278 615 5349 ἀτιμίαν
658 5277 708 5330 οῖ
760 5275 976 5338 ἀσεϐεῖς
1027 5272 1256 5327 ἐνώπιον
1291 5272 1540 5341 ἀγγέλων
1584 5272 1679 5326 καὶ
1720 5274 1816 5326 ἀν-

216 5369 474 5445 ορὼταυν
500 5367 653 5440 παρά
682 5365 777 5420 τοῦ
805 5364 1067 5436 Χριστοῦ.

1921 4822 2049 4875 lium
2074 4820 2283 4873 amicus
2318 4825 2422 4871 est.
2450 4814 2525 4869 lta
2545 4812 2691 4868 enim
2720 4812 3032 4882 signiﬁcant
3060 4811 3226 4866 verba
3260 4831 3273 4867 :
3307 4809 3496 4865 Humi-

1925 4915 2065 4968 libus
2098 4912 2192 4966 dat
2221 4909 2455 4981 gratiam
2479 4922 2495 4973 ;
2521 4914 2577 4959 at
2601 4906 2850 4978 superbis
2878 4904 3225 4960 adversatur.

1992 5088 2036 5119 ⁸⁸
2085 5082 2376 5141 (Σωιεειθιη
2406 5079 2636 5150 gloriam
2667 5076 3089 5141 ltaereditabunt,
3135 5076 3225 5144 qui
3256 5074 3496 5128 divinam

1920 5177 2239 5247 sapientiam
2271 5171 2568 5227 didicerint
2595 5178 2653 5224 et
2684 5165 2991 5222 docuerint.
3040 5162 3332 5219 Cutnulaut
3365 5179 3496 5217 vero

1918 5272 2022 5326 sibi
2051 5263 2404 5339 ignominiam
2428 5262 2613 5333 impii,
2644 5273 2826 5315 coram
2858 5255 3065 5325 angelis
3085 5266 3141 5309 et
3166 5254 3515 5332 hominibus”

1920 5377 1952 5416 ιι
1977 5359 2220 5415 Christo.

1745 5501 1896 5559 CAP.
1932 5500 2020 5555 IV.

298 5618 585 5683 Παιδείαν,
622 5616 723 5688 τὴν
767 5613 965 5686 ήθικὴν
996 5613 1195 5687 ἀρετήν
1235 5613 1410 5682 λέγει·
1452 5614 1681 5678 ἔννοιαν,
1717 5612 1815 5682 τὴν

2001 5588 2047 5646 δέ
2100 5604 2450 5674 Disciplinam
2516 5601 2653 5657 dicit
2699 5597 2958 5653 moralem
3002 5598 3287 5663 virtutem;
3345 5598 3502 5653 intel-

214 5715 386 5771 θείαν
422 5710 653 5782 γνῶσιν·
689 5707 802 5771 υίὸς
831 5707 885 5761 δὲ
921 5706 1131 5777 ἀρετῶν
1165 5707 1194 5759 ό
1224 5708 1342 5759 κατ’
1382 5704 1549 5770 αύτάς
1587 5722 1812 5759 πεποιω-

1931 5702 2157 5769 lectum,
2192 5697 2437 5755 divinant
2472 5693 2776 5751 scientiam.
2820 5690 2993 5746 Filius
3028 5702 3208 5747 autem
3237 5691 3499 5747 virtutum

347 5934 391 5967 "
427 5951 483 5990 v.
512 5932 600 5989 18.
677 5931 725 5962 ’⁸
760 5946 812 5984 v.
845 5928 930 5984 23.
1014 5932 1056 5963 ’⁷
1087 5943 1140 5980 v.
1171 5926 1262 5979 25.
1338 5925 1383 5958 "
1413 5940 1463 5980 v.
1491 5923 1583 5980 27.
1662 5923 1709 5957 "
1737 5939 1786 5980 v.

1983 5921 2028 5957 “
2052 5938 2100 5977 v.
2136 5920 2224 5979 33.
2298 5919 2337 5953 "
2369 5935 2417 5974 v.
2450 5919 2539 5975 54.
2615 5917 2658 5954 ⁸⁸
2686 5936 2735 5975 v.
2774 5919 2865 5976 '55.
2940 5919 2985 5953 ⁸³
3010 5916 3138 5973 v.1.

569 6035 839 6094 Ριταοι..
886 6030 1004 6091 (in.
1052 6022 1249 6090 XVII.

3103 6013 3143 6072 0
