4004 6514
323 431 426 498 ns
1493 426 1862 514 Exposmo
1891 454 1956 513 lN
1992 449 2410 522 PROVERBIA.
2701 480 2706 483 δ
3487 483 3586 537 m

316 562 437 616 ἐστι
480 561 554 617 τὰ
614 563 733 634 Θεῷ
764 564 903 635 μόνα
945 565 1091 638 φίλα,
1127 569 1293 642 ἤγουν
1326 571 1392 627 τά
1433 576 1582 646 παρὰ
1616 579 1724 631 τῶν
1771 597 1898 650 προ-

2018 593 2128 636 ιυιιι
2162 601 2282 654 qua:
2321 587 2429 639 Deo
2460 598 2586 643 sunt
2615 588 2813 660 placita
2842 612 2858 659 ;
2883 607 3075 664 nempe
3099 610 3219 665 quae
3248 609 3278 652 a
3309 601 3590 671 prophetis

315 652 504 723 φητῶν
531 654 666 724 ἡμῖν
708 657 1107 728 σαφηνισθέντα
1154 663 1282 732 περὶ
1325 664 1418 717 τοῦ
1462 668 1698 738 Χριστοῦ
1749 671 1898 740 μόνοι

2017 652 2361 730 manifestata
2386 678 2542 734 nobis
2578 652 2801 737 fuerunt
2842 652 2905 738 de
2949 652 3064 741 solo
3094 652 3326 744 ἀπίδω.

313 745 410 796 καὶ
441 744 554 797 τῶν
586 745 844 816 μαθητῶν
876 749 1044 804 αὑτοῦ
1070 769 1084 781 ·
1123 754 1220 806 καὶ
1252 755 1352 808 ὅσα
1385 759 1538 826 παρὰ
1581 775 1728 821 τινος
1769 758 1898 830 πρὸς

2014 761 2183 831 lisque
2208 763 2324 831 ejus
2358 784 2371 820 :
2406 779 2746 840 qua:cunqne
2778 773 3010 843 denique
3043 777 3144 831 abs
3186 782 3380 848 quovis
3402 744 3592 838 dicen-

311 835 406 888 τὸν
436 837 672 906 Χριστὸν
695 839 997 893 οίκειοῦντα
1023 841 1282 916 λαληθείη
1309 847 1402 900 καὶ
1439 847 1619 916 μόνον.

2012 861 2101 906 tur
2132 855 2197 906 ad
2223 835 2502 912 Christum
2529 835 2904 916 tantummodo
2922 835 3280 922 'deducentia.

381 928 677 998 Συμφωνεῖ
709 929 920 994 τούτοις
953 933 1032 994 τὸ,
1079 935 1207 989 Ἐὰν
1243 936 1320 1007 μὴ
1352 937 1556 1009 Κύριος
1582 939 1898 1012 οἰκοδομήσῖ

2081 945 2128 976 ⁸³
2156 944 2252 1000 His
2285 960 2590 1004 consonant
2627 951 2716 1006 illa
2753 969 2766 1004 :
2801 949 2917 1009 Nisi
2945 955 3204 1014 Dominus
3227 961 3590 1019 azdiiicaverit

309 1017 480 1087 οἷκον,
516 1024 611 1076 καὶ
650 1024 857 1096 φυλάξῃ
900 1026 1088 1079 πόλινο
1135 1030 1412 1084 τουτέστιν
1441 1030 1536 1084 ὲάν
1579 1031 1657 1104 μὴ
1701 1027 1898 1104 Κύριος

2010 1033 2253 1101 domum,
2277 1047 2333 1093 et
2347 1041 2701 1098 custodiverit
2722 1044 3031 1114 civitatem;
3070 1050 3123 1104 id
3143 1060 3247 1118 est,
3273 1054 3373 1110 nisi
3400 1054 3578 1111 Domi-

307 1114 422 1186 δώῃ
451 1117 585 1187 ἡμῖν
621 1117 772 1188 ἰσχὺν
804 1119 898 1173 τοῦ
943 1115 1275 1175 κατευθῦναι
1307 1122 1377 1176 τὰ
1413 1121 1552 1194 πρὸς
1590 1120 1751 1177 αὑτὸν
1789 1124 1898 1179 δια-

2015 1141 2116 1180 nus
2151 1125 2310 1184 nobis
2338 1129 2448 1184 vim
2493 1133 2928 1201 suppeditaverit
2975 1114 3244 1207 dirigendi
3292 1144 3360 1197 ad
3409 1145 3588 1214 ipsum

307 1205 553 1278 σήματα,
583 1211 760 1282 μάτην
790 1211 954 1284 ἡμεῖς
993 1215 1296 1285 κοπιῶμεν,
1329 1215 1378 1269 oi
1421 1217 1496 1288 μὴ
1529 1217 1587 1270 έν
1618 1218 1898 1290 παρακλή-

2009 1229 2232 1285 gressus
2258 1229 2505 1287 nostros,
2531 1221 2735 1279 frustra
2763 1240 2861 1280 nos
2893 1205 3202 1284 laboramus
3222 1270 3238 1294 ,
3267 1233 3358 1300 qui
3389 1205 3590 1304 nequa-

309 1312 392 1352 σει
436 1299 600 1358 αὑτὸν
646 1305 1096 1378 ἐπικαλούμενοι,
1142 1304 1261 1363 ἀλλ’
1299 1309 1358 1361 έν
1398 1307 1657 1382 αὐθαδείῃ
1691 1310 1898 1379 ἐπιχει-

2009 1323 2172 1380 quam
2208 1327 2333 1367 eum
2379 1315 2633 1383 precibus
2671 1317 3024 1385 invocamus,
3067 1321 3164 1377 sed
3200 1299 3324 1379 cum
3360 1299 3587 1384 audacia

307 1390 556 1461 ροῦντες.

2006 1415 2124 1455 rem
2163 1403 2428 1472 gerimus.

1839 1492 1992 1551 CAP.
2029 1487 2098 1547 ν.

375 1580 826 1659 Στωμυλεύονται
854 1589 962 1660 γὰρ
995 1589 1114 1644 αῖτε
1158 1587 1420 1663 πρόδηλοί
1454 1592 1674 1664 πόρναι,
1711 1591 1807 1646 καὶ
1848 1589 1898 1647 αι

2078 1589 2124 1622 ιδ
2181 1589 2458 1649 Blaterant
2501 1595 2646 1651 enim
2673 1605 2784 1652 tum
2824 1598 3056 1667 publica;
3083 1603 3398 1660 meretrices
3423 1647 3439 1670 .
3466 1615 3582 1662 tum

304 1678 415 1750 τῶν
483 1680 808 1752 ἑτεροδόξων
883 1679 1245 1747 διδασκαλίαι,
1315 1683 1605 1736 ἀπατῶσαι
1659 1683 1748 1738 διὰ
1805 1683 1898 1755 τῆς

2002 1681 2463 1740 heterodoxorum
2494 1689 2694 1743 schola:
2717 1733 2732 1756 ,
2792 1692 3019 1760 pulchro
3071 1695 3287 1764 eloquio
3322 1698 3588 1765 ingenuo-

306 1767 706 1844 χρηστολογίας
762 1775 862 1839 τὰς
915 1771 1022 1827 τῶν
1072 1772 1295 1828 ἀκάκων
1341 1773 1608 1847 καρδίας⁶
1669 1776 1898 1849 μεγίστη

2001 1785 2121 1828 rum
2144 1777 2307 1831 corda
2339 1776 2690 1848 decipientes.
2746 1779 2843 1837 Est
2877 1783 3062 1854 itaque.
3097 1794 3273 1840 tntum
3315 1789 3572 1850 maxime.

301 1854 398 1917 οὖν
423 1866 692 1935 ἀσφάλεια
725 1860 786 1920 τὸ
821 1863 899 1939 μὴ
929 1866 1134 1922 ἀλῶναι
1163 1867 1258 1938 τὴν
1290 1869 1496 1938 ἀρχήνο
1541 1863 1736 1922 ἁλόντα
1768 1868 1898 1941 γὰρ,

2000 1880 2068 1920 ne
2135 1867 2294 1922 initio
2353 1869 2725 1941 decipiantur;
2797 1889 2920 1928 nam
2988 1873 3277 1948 deceptus,
3357 1881 3580 1937 diiIicile

297 1950 562 2010 δῦσκολον
585 1958 903 2028 διαφυγεῖν.
1929 1999 1971 2055 Β
1999 1959 2204 2055 evadit.

371 2049 555 2122 Μέχρι
597 2051 696 2122 μὲν
733 2053 832 2123 τῆς
873 2052 1046 2122 ἀκοῆς
1061 2052 1275 2122 αὐτῶν,
1323 2052 1384 2106 τὸ
1412 2051 1595 2106 καλόν.
1633 2053 1892 2124 Σημαίνει

297 2132 353 2191 δὲ
387 2139 450 2192 τὸ
482 2140 637 2204 λῖπος
681 2141 780 2213 τὴν
831 2138 1048 2213 ἡδονὴν,
1078 2142 1174 2211 ἀφ’
1199 2132 1267 2214 ἦς
1295 2141 1535 2195 τίκτεται
1568 2137 1602 2211 ὴ
1645 2140 1890 2214 ἀκαθαρ-

299 2232 430 2284 σία·
464 2226 537 2302 ἦς
560 2232 804 2301 ἔκγονον,
853 2234 1020 2286 κακία
1054 2231 1150 2286 καὶ
1187 2235 1410 2303 ἄγνοιαο
1453 2226 1529 2286 ὧν
1581 2231 1734 2286 οὐδὲν
1778 2233 1893 2288 ἔστι

297 2325 629 2398 πικρότερον
667 2322 726 2379 ὲν
753 2323 868 2390 τοῖς
906 2324 1188 2396 γεγονόσιν
1240 2325 1421 2398 εὑρεῖν
1463 2327 1522 2379 ὲν
1558 2323 1742 2397 ἡμέρᾳ
1774 2323 1893 2396 κρί-

300 2424 465 2478 σεως.

379 2505 664 2560 Ἐντεῦθεν
710 2502 1056 2578 γινώσκομεν
1102 2507 1184 2560 ὅτι
1219 2505 1280 2560 τὸ
1312 2503 1541 2577 θυμικὸν
1577 2505 1742 2577 μέρος
1773 2506 1892 2558 ὲπι-

295 2600 494 2667 κρατεῖ
524 2598 583 2650 ὲν
610 2592 724 2660 τοῖς
766 2594 1049 2668 δαίμοσινο
1083 2593 1427 2668 ’Ᾱνελεήμων
1450 2596 1580 2668 γὰρ,
1613 2591 1767 2666 φησὶ,
1797 2595 1890 2649 θυ-

297 2689 424 2758 μὸς,
451 2687 544 2740 καὶ
581 2685 729 2752 ὀξεῖα
753 2687 891 2760 ὀργὴ
920 2680 1100 2742 αὖτῶν
1125 2707 1137 2718 ο
1171 2687 1464 2759 Θηρεύουσι
1490 2690 1600 2758 γὰρ
1634 2688 1713 2750 είς
1741 2684 1892 2739 ἀπώδ

293 2776 454 2834 λειαν
491 2781 620 2843 τοὺς
659 2773 1089 2853 πειθαρχολῦντας
1121 2776 1305 2845 αὐτοῖς
1325 2797 1338 2810 ο
1381 2778 1524 2834 οὓτω
1549 2779 1657 2852 γὰρ
1691 2779 1890 2850 τιμῶσι

295 2871 426 2934 τοὺς
451 2871 727 2942 τιμῶντας
754 2871 975 2933 αὐτούς.
1212 2860 1218 2866 ’

363 2961 466 3014 Διά
513 2962 625 3015 τῶν
686 2964 897 3018 κακιῶν
951 2965 1001 3018 oi
1067 2967 1295 3040 πονηροὶ
1352 2965 1738 3038 κατατρίϐουσι
1792 2963 1892 3028 τὰς

291 3058 509 3128 σάρκας
553 3057 645 3111 τοῦ
689 3058 950 3130 Χριστοῦ,
997 3060 1092 3114 καὶ
1139 3060 1200 3113 τὸ
1236 3054 1374 3132 αἷμα
1411 3060 1890 3117 καταναλίσκουσι.

289 3148 472 3202 κοινὸν
531 3144 664 3202 αὐτὸ
709 3151 1051 3222 ἡγησάμενοι
1102 3152 1201 3223 (1)’
1251 3149 1310 3207 Ὀ
1343 3152 1570 3224 τρώγων
1614 3153 1723 3225 γάρ
1766 3170 1889 3224 μου,

287 3239 448 3309 φησὶ,
483 3237 582 3310 τὴν
609 3240 808 3311 σάρκα,
844 3241 938 3294 καὶ
969 3238 1140 3295 πίνων
1179 3259 1280 3312 μου
1316 3240 1378 3296 τὸ
1410 3237 1569 3312 αἷμα,
1605 3242 1716 3313 ἔχει
1747 3241 1891 3313 ζωὴν

2070 2047 2120 2079 ’⁸⁸
2152 2049 2466 2105 Auditionis
2504 2061 2682 2118 tenus,
2731 2053 3038 2112 delectatio.
3077 2057 3357 2129 Pinguedo
3394 2070 3576 2118 autem

1999 2139 2332 2208 voluptatem
2383 2143 2638 2207 denotat,
2697 2157 2763 2198 ex
2815 2161 2919 2214 qua
2966 2147 3258 2215 imp‘nritas
3304 2151 3578 2221 gignitur;

1995 2229 2153 2299 stultis
2183 2234 2492 2302 progenies,
2520 2237 2759 2304 nequitia
2788 2247 2841 2292 et
2867 2238 3106 2294 inscitia.
3138 2241 3304 2312 Atqui
3333 2243 3418 2299 bis
3437 2241 3585 2300 vitiis

1996 2322 2144 2387 nihil
2165 2323 2474 2381 invenietur
2504 2327 2748 2384 amarius
2780 2329 2833 2384 in
2862 2330 2952 2386 die
2971 2329 3184 2402 judicii.

2074 2494 2122 2528 “
2174 2495 2314 2552 liinc
2359 2498 2740 2568 cognoscimus
2779 2499 3101 2570 qualitatem
3153 2489 3472 2561 iraeundam
3525 2508 3579 2564 in

1995 2593 2330 2648 dmmonibns
2359 2593 2677 2662 praevalere.
2735 2595 2966 2653 Immitis
3019 2612 3164 2654 enim
3218 2611 3323 2666 est,
3379 2603 3572 2672 inquit,

1995 2681 2150 2739 furor
2176 2697 2386 2748 eorum.
2413 2697 2464 2740 et
2493 2685 2573 2740 ira
2599 2697 2780 2741 acuta.
2813 2688 3094 2744 Venantur
3122 2692 3317 2763 quippe
3349 2696 3414 2747 ad
3442 2695 3582 2749 inte-

1995 2777 2160 2831 ritum
2183 2792 2279 2833 eos
2306 2778 2396 2846 qui
2420 2777 2524 2833 sibi
2550 2777 2954 2848 obtemperant.
2985 2784 3080 2839 Sic
3120 2785 3368 2842 videlicet
3403 2787 3574 2842 hono-

1997 2877 2120 2921 rant
2141 2882 2258 2931 eos,
2285 2869 2378 2937 qui
2407 2869 2552 2939 ipsos
2585 2872 2876 2929 honorant.

2066 2960 2110 2992 ⁸⁷
2137 2960 2384 3016 Peccatis
2417 2961 2533 3016 suis
2561 2963 2794 3032 improbi
2842 2965 3090 3020 homines
3124 2965 3331 3022 Christi
3384 2983 3579 3023 carnes

1997 3061 2308 3117 conterunt,
2338 3061 2392 3108 et
2417 3057 2733 3125 sanguinem
2765 3068 3110 3122 consumunt,
3144 3073 3259 3113 rem
3292 3059 3575 3129 profanam

1995 3146 2400 3202 existimantes.
2433 3148 2687 3203 Attamen
2712 3149 2788 3202 ait
2811 3147 3062 3204 Christus
3097 3166 3113 3204 :
3143 3151 3244 3218 Qui
3287 3153 3575 3207 manducat

1997 3249 2174 3290 meam
2235 3251 2462 3292 carnem
2520 3250 2576 3293 et
2611 3238 2744 3294 bibit
2791 3255 2968 3294 meum
3025 3244 3368 3314 sanguinem,
3407 3245 3569 3300 habet

283 3329 532 3392 αἰώνιον,
589 3325 749 3399 κάγὼ
803 3326 1096 3403 ἀναστήσω
1137 3332 1301 3387 αὑτὸν
1329 3334 1388 3387 ὲν
1420 3333 1626 3405 ἐσχάτῃ
1668 3331 1882 3404 ἡμέραδ

1999 3327 2158 3380 vitam
2183 3335 2468 3393 aeternam,
2490 3337 2662 3399 etego
2681 3331 3017 3386 resuscitabo
3033 3348 3158 3387 eum
3191 3335 3242 3388 in
3275 3336 3574 3390 novissimo

283 3419 316 3473 ὁ
337 3421 395 3476 δὲ
429 3421 667 3488 ἀναξίως
702 3417 897 3478 ἐσθίων
929 3425 988 3479 τὺ
1018 3424 1178 3496 σῶμα
1211 3425 1306 3480 καὶ
1338 3426 1512 3481 πίνων
1541 3424 1603 3480 τὸ
1637 3420 1775 3497 αἷμα
1793 3420 1887 3478 τοῦ

286 3511 521 3583 Κυρίου,
548 3515 722 3585 κρῖμα
755 3513 933 3586 ἑαυτῷ
953 3515 1122 3569 ἐσθίει
1157 3516 1253 3570 καὶ
1282 3515 1444 3570 πίνει.

357 3594 469 3656 Ἦν
493 3605 584 3657 ὅτε
617 3603 719 3659 οὐκ
754 3601 823 3677 ἦν
851 3606 1043 3672 κακὸν,
1090 3605 1185 3662 καὶ
1229 3607 1383 3662 ἔσται
1418 3604 1508 3662 ὅτε
1552 3609 1654 3662 οὐκ
1701 3607 1882 3662 ἔσταιδ

283 3695 656 3762 ἀνεξάλειπτα
689 3699 800 3772 γὰρ
841 3700 910 3753 τά
946 3701 1238 3774 σπέρματα
1287 3699 1388 3774 τῆς
1431 3701 1661 3774 ἀρετῆς’
1713 3704 1887 3757 πείθει

280 3783 343 3842 δέ
376 3807 446 3860 με
475 3791 572 3844 καὶ
604 3785 756 3854 οὗτος
789 3788 922 3863 παρ⁵
943 3793 1144 3861 ὀλίγον,
1169 3793 1265 3847 καὶ
1289 3791 1351 3847 οὗ
1379 3793 1603 3858 τελείως
1637 3795 1695 3849 ὲν
1725 3793 1888 3850 παντὶ

275 3880 444 3951 κακῷ
485 3881 728 3950 γεγονὼς
775 3885 805 3938 ό
849 3882 1105 3948 πλούσιος
1156 3887 1213 3939 ἐν
1256 3885 1335 3958 τῷ
1383 3887 1488 3961 ᾄδῃ
1537 3886 1626 3940 διὰ
1684 3888 1886 3941 κακίαν

281 3970 632 4046 κρινόμενος,
666 3975 758 4029 καὶ
799 3974 1085 4048 οἰκτείρων
1121 3978 1250 4041 τοὺς
1289 3979 1554 4048 ἀδελφούς
1591 3979 1668 4049 (2)
1691 3995 1703 4007 ⁶
1743 3978 1802 4032 τὺ
1829 3974 1884 4031 δὲ

278 4065 476 4130 ἐλεεῖν,
503 4066 728 4139 σπέρμα
748 4069 1005 4138 τυγχάνει
1029 4070 1091 4123 τὸ
1123 4069 1409 4125 κάλλιστον
1439 4070 1536 4141 τῆς
1567 4070 1788 4141 ἀρετῆς.

364 4239 434 4298 Ἠ
475 4243 682 4312 γνῶσις
730 4239 822 4297 καὶ
871 4241 1050 4318 φρέαρ
1095 4243 1212 4299 ἐστὶ
1252 4247 1344 4300 καὶ
1393 4247 1544 4318 πηγή
1567 4261 1579 4276 ·
1618 4243 1728 4309 τοῖς
1782 4245 1881 4316 μὲν

275 4335 391 4405 γὰρ
418 4329 780 4407 προσελθοῦσι
809 4339 928 4400 ταῖς
954 4333 1198 4408 ἀρεταῖς,
1235 4338 1372 4408 βαθὺ
1405 4336 1582 4410 φρέαρ
1626 4329 1766 4392 εἶναι
1797 4337 1882 4390 δο-

276 4427 400 4480 κεῖ·
425 4431 544 4490 τοῖς
570 4425 627 4480 δὲ
663 4427 901 4480 ἀπαθέσι
929 4429 1024 4482 καὶ
1054 4427 1340 4501 καθαροῖς,
1386 4431 1572 4501 πηγή·
1610 4429 1753 4483 οὕτω
1787 4429 1880 4483 καὶ

273 4519 307 4572 δ
336 4519 530 4594 Σωτὴρ
564 4519 853 4584 ἐκαθέζετο
883 4522 976 4574 ἐπὶ
1003 4519 1069 4592 τῇ
1098 4518 1270 4592 πηγῇ,
1298 4521 1415 4592 ὥρα
1442 4517 1509 4592 ἦν
1539 4517 1672 4574 ὡσεὶ
1711 4523 1875 4591 ἕκτη’

273 4613 550 4684 mmet
581 4611 692 4667 νόει
719 4608 818 4685 τὴν
868 4613 1020 4667 θείαν
1067 4613 1290 4682 γνῶσιν,
1343 4613 1440 4666 καὶ
1479 4613 1540 4666 οὑ
1589 4613 1650 4666 τὸ
1700 4614 1878 4686 φρέαρ

1992 3415 2104 3471 die.
2118 3414 2236 3471 Jam
2254 3433 2384 3472 vero
2405 3419 2494 3488 qui
2513 3418 2730 3490 indigne
2747 3436 2942 3491 corpus
2964 3424 3256 3480 manducat
3275 3435 3328 3480 et
3347 3428 3568 3496 sangui-

1992 3523 2115 3564 nem
2146 3510 2282 3565 bibit
2309 3509 2548 3576 Domini,
2576 3510 2839 3580 judicium
2869 3515 2970 3570 sibi
3006 3517 3302 3572 manducat
3326 3525 3382 3572 et
3406 3519 3565 3574 bibit.

2063 3599 2111 3631 “
2141 3599 2282 3656 Olim
2317 3615 2425 3656 non
2455 3601 2555 3655 fuit
2584 3603 2812 3668 malum,
2848 3614 2906 3660 et
2934 3603 3036 3660 hoc
3063 3605 3238 3676 ipsum
3281 3607 3574 3675 aliquando

1991 3704 2099 3745 non
2155 3691 2304 3745 erit:
2336 3701 2466 3746 sunt
2517 3691 2666 3746 enim
2722 3693 3032 3749 indelebilia
3067 3697 3290 3751 virtutis
3337 3697 3568 3752 semina.

1991 3782 2104 3838 Hoc
2149 3783 2282 3838 mihi
2340 3781 2731 3854 propemodum
2780 3787 2980 3842 suadet
3018 3788 3172 3844 dives
3219 3789 3308 3844 ille
3339 3791 3430 3859 qni
3466 3805 3570 3844 non

1988 3875 2212 3929 omnino
2243 3883 2392 3929 lotus
2419 3877 2596 3932 malus
2621 3877 2830 3942 fuerat,
2877 3879 2980 3932 etsi
3011 3880 3082 3933 ob
3111 3881 3408 3948 nequitiam
3434 3879 3571 3934 infe-

1987 3965 2066 4019 ris
2094 3966 2444 4032 adjudicatus
2476 3985 2491 4022 :
2519 3982 2648 4024 ecce
2685 3970 2830 4024 enim
2859 3969 2947 4024 ille
2979 3969 3410 4024 misericordiam
3439 3985 3565 4040 erga

1989 4052 2185 4108 fratres
2239 4057 2528 4110 retinebat.
2589 4059 2753 4127 Atqui
2804 4058 3182 4114 misericordia
3248 4075 3432 4115 semen
3485 4073 3568 4115 est

1986 4147 2206 4202 virtutis
2235 4149 2521 4217 Optimum.

2054 4241 2099 4272 δ’
2148 4241 2393 4297 Scientia
2441 4255 2635 4314 puteus
2680 4243 2842 4298 simul
2907 4253 2994 4300 est
3046 4255 3103 4300 et
3158 4245 3324 4302 fons:
3359 4249 3562 4302 etenim

1986 4331 2098 4388 illis
2127 4335 2217 4402 qui
2251 4334 2317 4388 ad
2349 4335 2608 4390 virtutem
2661 4338 2897 4408 primum
2943 4339 3231 4404 accedunt,
3262 4339 3564 4409 profundus

1983 4435 2180 4494 puteus
2208 4426 2422 4483 videtur
2453 4443 2468 4482 :
2499 4439 2557 4483 at
2585 4429 3000 4506 imperturbatis
3028 4444 3189 4500 atque
3214 4433 3388 4500 puris,
3418 4432 3558 4488 fons.

1984 4516 2078 4572 Sic
2101 4519 2265 4572 etiam
2317 4518 2570 4574 Salvator
2603 4520 2824 4575 sedebat
2854 4536 3019 4589 supra
3058 4521 3262 4576 fontem
3296 4522 3426 4576 hora
3453 4523 3563 4576 cir-

1984 4609 2122 4663 citer
2145 4619 2318 4664 sexta.
2347 4611 2428 4664 Tu
2454 4626 2584 4666 vero
2605 4614 2816 4667 fontem
2849 4613 3089 4684 intelligo
3115 4615 3350 4668 divinam
3384 4615 3557 4670 scien-
3581 4609 3584 4612 ’

275 4707 374 4760 τοῦ
410 4706 637 4772 ὓδατος·
685 4706 874 4779 ὥσπερ
919 4707 975 4760 δὲ
1028 4705 1061 4778 ἡ
1103 4707 1254 4778 πηγὴ
1302 4705 1589 4779 πρόκειται
1635 4705 1877 4770 ἀκόπως,

1999 4703 2144 4766 tiam,
2198 4719 2304 4757 non
2353 4719 2508 4774 aqua:
2566 4715 2808 4774 puteum.
2857 4706 2926 4761 Et
2961 4707 3122 4761 sicuti
3178 4707 3299 4761 fons
3347 4712 3560 4776 prostat

275 4799 530 4853 τουτέστι
584 4799 648 4852 τὸ
692 4800 885 4872 τρέχον
943 4799 1087 4872 ὕδωρ
1139 4801 1253 4862 τοῖς
1314 4798 1562 4868 διψῶσιν,
1616 4798 1759 4852 οὕτω
1815 4797 1876 4850 τὸ

272 4893 459 4965 φρέαρ
491 4895 551 4947 έν
584 4893 739 4962 κόπῳ
768 4890 880 4957 τοῖς
909 4889 1153 4946 θέλουσιν
1189 4887 1402 4945 ἀντλεῖν
1422 4910 1434 4923 ·
1484 4892 1578 4945 καὶ
1619 4891 1808 4961 ὥσπερ
1839 4893 1872 4962 ή

273 4986 434 5056 ετηγὴ
452 4981 731 5049 ἀπαυστός
750 4987 863 5038 ἐστι
880 4983 974 5038 τοῦ
997 4986 1132 5055 ῥεῖν,
1145 4982 1359 5054 οὔτωςή
1379 4983 1670 5054 αἰσθητικὴ
1686 4983 1872 5055 γραφὴ

275 5076 504 5131 ἅένναον
536 5077 651 5147 ἔχει
689 5075 779 5130 τὸν
807 5076 1027 5148 δρόμον,
1056 5076 1150 5130 καὶ
1171 5075 1394 5129 εὕκολον
1425 5078 1539 5139 τοῖς
1568 5075 1762 5144 διψῶσι
1781 5075 1871 5127 τὸν

272 5165 412 5222 Θεὸν
442 5165 754 5241 γεραίρειν·
785 5169 881 5222 καὶ
909 5166 1098 5238 ὥσπερ
1139 5167 1198 5220 τὸ
1231 5167 1407 5238 φρέαρ
1441 5166 1608 5219 κόπον
1642 5166 1872 5238 παρέχει

269 5264 389 5322 τοῖς
424 5261 734 5324 ἀντλοῧσιν,
779 5261 920 5314 οὕτω
967 5261 1062 5314 καὶ
1106 5262 1140 5331 ἡ
1183 5259 1497 5330 θεωρητικὴ
1531 5259 1730 5327 γνῶσις
1759 5261 1872 5324 τοῖς

274 5351 494 5406 θέλουσι
523 5349 592 5405 δι’
621 5351 794 5421 αὐτῆς
823 5353 920 5415 τὰς
952 5352 1153 5423 ἀρετὰς
1197 5351 1562 5424 κατορθῶσαι,
1605 5349 1781 5420 ψυχῆς
1810 5365 1870 5403 τε

267 5444 371 5496 καὶ
407 5441 687 5514 σώματος.
722 5443 792 5497 τά.
818 5460 876 5496 τε
908 5443 1026 5497 θεῖα
1067 5446 1286 5508 ἐννοεῖν,
1329 5444 1424 5498 καὶ
1452 5441 1552 5513 τῆς
1598 5441 1871 5512 βασιλείας

271 5534 386 5587 τῶν
417 5535 671 5606 οὐρανῶν
703 5535 1140 5607 ἀντιποιηθῆναι.

345 5670 478 5726 ⁸³ν.
519 5670 616 5726 27.
693 5671 740 5704 ⁸⁸
785 5687 836 5726 v.
886 5671 940 5726 1.

337 5797 849 5878 (ΙχΑειίριίιιΙνοιιε
893 5800 1228 5878 catholicum
1262 5801 1561 5878 doctissimi
1614 5811 1668 5856 et
1711 5801 1856 5878 anti-

170 5871 175 5889 ί
272 5868 527 5945 quissimi
555 5868 809 5945 Origenis
839 5871 1210 5927 testimonium
1251 5874 1316 5928 de
1363 5881 1716 5930 sacrosancta
1755 5871 1860 5927 Eu-

275 5939 563 5994 theristia.

1984 4797 2192 4866 absque
2223 4798 2435 4865 labore,
2477 4810 2663 4868 utpote
2704 4815 2845 4870 aqua
2885 4802 3197 4858 discurrens
3220 4803 3558 4868 sitientibus,

1981 4889 2055 4943 ita
2081 4900 2278 4959 puteus
2306 4891 2544 4946 laborem
2571 4893 2804 4962 requirit
2831 4894 3131 4950 volentium
3157 4897 3461 4952 exantiare.
3492 4897 3557 4952 Et

1981 4980 2140 5034 sicuti
2178 4980 2302 5037 fons
2345 4983 2684 5040 incessanter
2735 4996 2944 5052 manat,
3005 4991 3077 5041 ita
3112 4989 3386 5043 sensibilis
3421 4989 3558 5043 serio

1979 5082 2135 5140 ptura
2162 5087 2451 5140 perennem
2493 5075 2659 5133 habet
2685 5078 2923 5144 fluxum,
2976 5080 3322 5148 faciliterque
3348 5079 3434 5134 his
3461 5081 3556 5149 qui

1977 5163 2169 5217 sitiunt
2235 5165 2399 5219 Deum
2454 5166 2648 5225 donat.
2713 5169 2774 5224 Et
2835 5171 2995 5226 sicuti
3054 5179 3248 5240 puteus
3312 5171 3552 5226 laborem

1975 5263 2127 5310 creat
2152 5255 2576 5324 exantiantibus,
2595 5261 2667 5314 ita
2701 5272 2756 5315 et
2782 5263 3009 5316 scientia
3040 5263 3452 5333 contemplativa
3488 5265 3556 5322 iis

1977 5346 2070 5416 qui
2095 5346 2282 5401 volunt
2297 5348 2524 5405 virtutes
2552 5363 2699 5408 recte
2718 5368 2978 5408 exercere
2995 5354 3187 5409 animae
3198 5357 3556 5426 corporisque

1977 5448 2034 5493 et
2095 5438 2275 5494 divina
2335 5440 2681 5514 intelligere,
2737 5456 2792 5500 et
2834 5447 3095 5501 caelorum
3141 5460 3367 5516 regnum
3431 5449 3551 5503 adi-

1979 5546 2110 5600 pisci
2121 5571 2134 5584 .

1016 5675 1061 5704 ⁸⁸
1102 5689 1154 5726 v.
1198 5674 1253 5728 5.
1329 5673 1374 5706 ⁸⁸
1407 5689 1458 5727 v.
1499 5673 1552 5728 9.
1629 5673 1672 5705 "
1715 5671 1859 5729 v.11.
1938 5670 1982 5703 ”
2022 5687 2074 5724 v.
2112 5671 2199 5726 Η.
2277 5670 2524 5732 "v.15.

2037 5797 2115 5868 (2)
2161 5797 2259 5852 llic
2301 5799 2477 5854 innuit
2518 5799 2780 5872 Origenes
2821 5819 3065 5862 errorem
3114 5806 3264 5861 illum
3299 5823 3452 5864 suum
3486 5809 3555 5864 de

1969 5867 2174 5992 futura.
2200 5879 2322 5938 post
2355 5873 2538 5939 vitam,
2564 5867 2918 5934 conversione
2941 5878 3252 5948 impiorum,
3281 5889 3335 5934 et
3357 5892 3552 5950 pinnar-

1969 5954 2086 5992 rnm
2150 5957 2235 5992 ne.

1968 5954 2086 5994 l'ulll
2111 5954 2235 5994 nuc.
