  <div class='ocr_page' id='page_1' title='image "/cluster/home/n/w/nwhite01/storage/ocr_20150623/17/hvd.32044051719607/097.png"; bbox 0 0 3926 6542; ppageno 0'>
   <div class='ocr_carea' id='block_1_1' title="bbox 474 417 577 474">
    <p class='ocr_par' dir='ltr' id='par_1_1' title="bbox 474 417 577 474">
     <span class='ocr_line' id='line_1_1' title="bbox 474 417 577 474; baseline 0.029 -4"><span class='ocrx_word' id='word_1_1' title='bbox 474 417 577 474; x_wconf 71' lang='grc'><strong>175</strong></span> 
     </span>
    </p>
   </div>
   <div class='ocr_carea' id='block_1_2' title="bbox 1324 416 2796 479">
    <p class='ocr_par' dir='ltr' id='par_1_2' title="bbox 1324 416 2796 479">
     <span class='ocr_line' id='line_1_2' title="bbox 1324 416 2796 479; baseline 0.005 -8"><span class='ocrx_word' id='word_1_2' title='bbox 1324 416 1880 474; x_wconf 82' lang='lat' dir='ltr'><strong>SUPPLEMENTUM</strong></span> <span class='ocrx_word' id='word_1_3' title='bbox 1911 419 1999 473; x_wconf 79' lang='lat' dir='ltr'><strong>AD</strong></span> <span class='ocrx_word' id='word_1_4' title='bbox 2031 417 2351 476; x_wconf 82' lang='lat' dir='ltr'><strong>ORIGENIS</strong></span> <span class='ocrx_word' id='word_1_5' title='bbox 2387 418 2796 479; x_wconf 77' lang='lat' dir='ltr'><strong>EXEGETICA.</strong></span> 
     </span>
    </p>
   </div>
   <div class='ocr_carea' id='block_1_3' title="bbox 3606 427 3712 485">
    <p class='ocr_par' dir='ltr' id='par_1_3' title="bbox 3606 427 3712 485">
     <span class='ocr_line' id='line_1_3' title="bbox 3606 427 3712 485; baseline 0.009 -1"><span class='ocrx_word' id='word_1_6' title='bbox 3606 427 3712 485; x_wconf 64' lang='grc' dir='ltr'>ιτς</span> 
     </span>
    </p>
   </div>
   <div class='ocr_carea' id='block_1_4' title="bbox 541 529 2037 612">
    <p class='ocr_par' dir='ltr' id='par_1_4' title="bbox 541 529 2032 597">
     <span class='ocr_line' id='line_1_4' title="bbox 541 529 2032 597; baseline -0.003 -8"><span class='ocrx_word' id='word_1_7' title='bbox 541 535 588 567; x_wconf 79' lang='grc' dir='ltr'><strong>³ο</strong></span> <span class='ocrx_word' id='word_1_8' title='bbox 607 535 704 591; x_wconf 91' lang='lat' dir='ltr'><strong>llic</strong></span> <span class='ocrx_word' id='word_1_9' title='bbox 748 531 987 588; x_wconf 80' lang='lat' dir='ltr'><strong>mulieris</strong></span> <span class='ocrx_word' id='word_1_10' title='bbox 1024 529 1287 587; x_wconf 91' lang='lat' dir='ltr'><strong>vocabulo</strong></span> <span class='ocrx_word' id='word_1_11' title='bbox 1332 533 1614 588; x_wconf 96' lang='lat' dir='ltr'><strong>scientiam</strong></span> <span class='ocrx_word' id='word_1_12' title='bbox 1651 532 1745 587; x_wconf 88' lang='lat' dir='ltr'><strong>Dei</strong></span> <span class='ocrx_word' id='word_1_13' title='bbox 1777 534 2032 597; x_wconf 87' lang='lat' dir='ltr'><strong>denotat;</strong></span> 
     </span>
    </p>
   </div>
   <div class='ocr_carea' id='block_1_5' title="bbox 2130 529 3708 612">
    <p class='ocr_par' dir='ltr' id='par_1_5' title="bbox 2210 534 3708 612">
     <span class='ocr_line' id='line_1_5' title="bbox 2210 534 3708 612; baseline 0.009 -27"><span class='ocrx_word' id='word_1_14' title='bbox 2210 534 2445 587; x_wconf 84' lang='grc' dir='ltr'><strong>Γυναῖκα</strong></span> <span class='ocrx_word' id='word_1_15' title='bbox 2479 534 2707 587; x_wconf 72' lang='grc' dir='ltr'>ἐνταῦθα</span> <span class='ocrx_word' id='word_1_16' title='bbox 2736 535 2833 606; x_wconf 84' lang='grc' dir='ltr'><strong>τὴν</strong></span> <span class='ocrx_word' id='word_1_17' title='bbox 2868 534 2960 588; x_wconf 89' lang='grc' dir='ltr'><strong>τοῦ</strong></span> <span class='ocrx_word' id='word_1_18' title='bbox 2986 534 3119 589; x_wconf 87' lang='grc' dir='ltr'>Θεοῦ</span> <span class='ocrx_word' id='word_1_19' title='bbox 3168 537 3369 606; x_wconf 84' lang='grc' dir='ltr'>γνῶσιν</span> <span class='ocrx_word' id='word_1_20' title='bbox 3416 542 3674 612; x_wconf 79' lang='grc' dir='ltr'><strong>σημαίνει</strong></span> <span class='ocrx_word' id='word_1_21' title='bbox 3696 559 3708 572; x_wconf 95' lang='grc'><strong>·</strong></span> 
     </span>
    </p>
   </div>
   <div class='ocr_carea' id='block_1_6' title="bbox 468 622 2037 698">
    <p class='ocr_par' dir='ltr' id='par_1_6' title="bbox 468 622 2037 698">
     <span class='ocr_line' id='line_1_6' title="bbox 468 622 2037 698; baseline -0.003 -17"><span class='ocrx_word' id='word_1_22' title='bbox 468 643 589 698; x_wconf 74' lang='lat' dir='ltr'><strong>qua:</strong></span> <span class='ocrx_word' id='word_1_23' title='bbox 618 626 772 683; x_wconf 89' lang='lat' dir='ltr'><strong>nobis</strong></span> <span class='ocrx_word' id='word_1_24' title='bbox 802 625 913 694; x_wconf 84' lang='lat' dir='ltr'><strong>jam</strong></span> <span class='ocrx_word' id='word_1_25' title='bbox 950 623 1073 678; x_wconf 92' lang='lat' dir='ltr'><strong>inde</strong></span> <span class='ocrx_word' id='word_1_26' title='bbox 1102 622 1171 678; x_wconf 89' lang='lat' dir='ltr'><strong>ab</strong></span> <span class='ocrx_word' id='word_1_27' title='bbox 1227 622 1590 678; x_wconf 76' lang='lat' dir='ltr'><strong>adolescentia</strong></span> <span class='ocrx_word' id='word_1_28' title='bbox 1646 624 1843 677; x_wconf 76' lang='lat' dir='ltr'><strong>tradita</strong></span> <span class='ocrx_word' id='word_1_29' title='bbox 1904 625 2037 689; x_wconf 85' lang='lat' dir='ltr'><strong>fuit;</strong></span> 
     </span>
    </p>
   </div>
   <div class='ocr_carea' id='block_1_7' title="bbox 467 714 2038 788">
    <p class='ocr_par' dir='ltr' id='par_1_7' title="bbox 467 714 2038 788">
     <span class='ocr_line' id='line_1_7' title="bbox 467 714 2038 788; baseline -0.003 -15"><span class='ocrx_word' id='word_1_30' title='bbox 467 731 523 774; x_wconf 90' lang='lat' dir='ltr'><strong>et</strong></span> <span class='ocrx_word' id='word_1_31' title='bbox 548 734 708 788; x_wconf 86' lang='lat' dir='ltr'><strong>quam</strong></span> <span class='ocrx_word' id='word_1_32' title='bbox 736 717 984 786; x_wconf 85' lang='lat' dir='ltr'><strong>superius</strong></span> <span class='ocrx_word' id='word_1_33' title='bbox 1026 714 1284 772; x_wconf 88' lang='lat' dir='ltr'><strong>Salomon</strong></span> <span class='ocrx_word' id='word_1_34' title='bbox 1318 716 1622 785; x_wconf 85' lang='lat' dir='ltr'><strong>juventutis</strong></span> <span class='ocrx_word' id='word_1_35' title='bbox 1671 717 2038 781; x_wconf 72' lang='lat' dir='ltr'><strong>magisterium</strong></span> 
     </span>
    </p>
   </div>
   <div class='ocr_carea' id='block_1_8' title="bbox 468 807 2040 877">
    <p class='ocr_par' dir='ltr' id='par_1_8' title="bbox 468 807 2040 877">
     <span class='ocr_line' id='line_1_8' title="bbox 468 807 2040 877; baseline -0.003 -12"><span class='ocrx_word' id='word_1_36' title='bbox 468 812 630 865; x_wconf 68' lang='lat' dir='ltr'><strong>dixit.</strong></span> <span class='ocrx_word' id='word_1_37' title='bbox 674 809 798 873; x_wconf 84' lang='lat' dir='ltr'><strong>Fili,</strong></span> <span class='ocrx_word' id='word_1_38' title='bbox 832 807 975 863; x_wconf 91' lang='lat' dir='ltr'><strong>enim</strong></span> <span class='ocrx_word' id='word_1_39' title='bbox 1019 807 1214 877; x_wconf 86' lang='lat' dir='ltr'><strong>inquit,</strong></span> <span class='ocrx_word' id='word_1_40' title='bbox 1247 823 1312 864; x_wconf 92' lang='lat' dir='ltr'><strong>ne</strong></span> <span class='ocrx_word' id='word_1_41' title='bbox 1335 817 1385 862; x_wconf 88' lang='lat' dir='ltr'><strong>te</strong></span> <span class='ocrx_word' id='word_1_42' title='bbox 1414 811 1593 876; x_wconf 86' lang='lat' dir='ltr'><strong>capiat</strong></span> <span class='ocrx_word' id='word_1_43' title='bbox 1615 808 1901 863; x_wconf 86' lang='lat' dir='ltr'><strong>consilium</strong></span> <span class='ocrx_word' id='word_1_44' title='bbox 1925 824 2040 861; x_wconf 86' lang='lat' dir='ltr'><strong>ma-</strong></span> 
     </span>
    </p>
   </div>
   <div class='ocr_carea' id='block_1_9' title="bbox 470 898 2038 974">
    <p class='ocr_par' dir='ltr' id='par_1_9' title="bbox 470 898 2038 974">
     <span class='ocr_line' id='line_1_9' title="bbox 470 898 2038 974; baseline -0.003 -16"><span class='ocrx_word' id='word_1_45' title='bbox 470 904 579 958; x_wconf 93' lang='lat' dir='ltr'><strong>lum</strong></span> <span class='ocrx_word' id='word_1_46' title='bbox 605 904 681 974; x_wconf 92' lang='lat' dir='ltr'><strong>(id</strong></span> <span class='ocrx_word' id='word_1_47' title='bbox 712 901 1060 956; x_wconf 89' lang='lat' dir='ltr'><strong>estdiabolus</strong></span> <span class='ocrx_word' id='word_1_48' title='bbox 1092 901 1356 956; x_wconf 88' lang='lat' dir='ltr'><strong>malorum</strong></span> <span class='ocrx_word' id='word_1_49' title='bbox 1387 902 1740 957; x_wconf 85' lang='lat' dir='ltr'><strong>consiliorum</strong></span> <span class='ocrx_word' id='word_1_50' title='bbox 1779 898 2038 968; x_wconf 87' lang='lat' dir='ltr'><strong>molitor),</strong></span> 
     </span>
    </p>
   </div>
   <div class='ocr_carea' id='block_1_10' title="bbox 402 992 2041 1066">
    <p class='ocr_par' dir='ltr' id='par_1_10' title="bbox 402 992 2041 1066">
     <span class='ocr_line' id='line_1_10' title="bbox 402 992 2041 1066; baseline -0.001 -19"><span class='ocrx_word' id='word_1_51' title='bbox 402 1021 411 1032; x_wconf 90' lang='lat'><em>-</em></span> <span class='ocrx_word' id='word_1_52' title='bbox 472 1012 580 1066; x_wconf 89' lang='lat' dir='ltr'><strong>quo</strong></span> <span class='ocrx_word' id='word_1_53' title='bbox 602 996 852 1051; x_wconf 84' lang='lat' dir='ltr'><strong>doctrina</strong></span> <span class='ocrx_word' id='word_1_54' title='bbox 885 993 1188 1064; x_wconf 76' lang='lat' dir='ltr'><strong>iuventutis</strong></span> <span class='ocrx_word' id='word_1_55' title='bbox 1216 994 1508 1059; x_wconf 88' lang='lat' dir='ltr'><strong>deseritur,</strong></span> <span class='ocrx_word' id='word_1_56' title='bbox 1545 1002 1601 1048; x_wconf 89' lang='lat' dir='ltr'><strong>et</strong></span> <span class='ocrx_word' id='word_1_57' title='bbox 1641 994 1882 1048; x_wconf 85' lang='lat' dir='ltr'><strong>divinqu</strong></span> <span class='ocrx_word' id='word_1_58' title='bbox 1938 992 2041 1046; x_wconf 77' lang='lat' dir='ltr'><strong>foe-</strong></span> 
     </span>
    </p>
   </div>
   <div class='ocr_carea' id='block_1_11' title="bbox 469 1084 2035 1147">
    <p class='ocr_par' dir='ltr' id='par_1_11' title="bbox 469 1084 2035 1147">
     <span class='ocr_line' id='line_1_11' title="bbox 469 1084 2035 1147; baseline -0.004 -2"><span class='ocrx_word' id='word_1_59' title='bbox 469 1091 571 1145; x_wconf 86' lang='lat' dir='ltr'><strong>dus</strong></span> <span class='ocrx_word' id='word_1_60' title='bbox 600 1087 857 1144; x_wconf 82' lang='lat' dir='ltr'><strong>oblivioni</strong></span> <span class='ocrx_word' id='word_1_61' title='bbox 900 1086 1153 1141; x_wconf 88' lang='lat' dir='ltr'><strong>traditur.</strong></span> <span class='ocrx_word' id='word_1_62' title='bbox 1183 1085 1393 1142; x_wconf 82' lang='lat' dir='ltr'><strong>Oblivio</strong></span> <span class='ocrx_word' id='word_1_63' title='bbox 1424 1096 1605 1141; x_wconf 88' lang='lat' dir='ltr'><strong>autem</strong></span> <span class='ocrx_word' id='word_1_64' title='bbox 1646 1094 1702 1140; x_wconf 93' lang='lat' dir='ltr'><strong>et</strong></span> <span class='ocrx_word' id='word_1_65' title='bbox 1729 1084 2035 1147; x_wconf 89' lang='lat' dir='ltr'><strong>derelictio,</strong></span> 
     </span>
    </p>
   </div>
   <div class='ocr_carea' id='block_1_12' title="bbox 466 1176 2038 1252">
    <p class='ocr_par' dir='ltr' id='par_1_12' title="bbox 466 1176 2038 1252">
     <span class='ocr_line' id='line_1_12' title="bbox 466 1176 2038 1252; baseline -0.003 -16"><span class='ocrx_word' id='word_1_66' title='bbox 466 1195 719 1252; x_wconf 81' lang='lat' dir='ltr'><strong>possessu</strong></span> <span class='ocrx_word' id='word_1_67' title='bbox 754 1180 997 1235; x_wconf 83' lang='lat' dir='ltr'><strong>scientiae</strong></span> <span class='ocrx_word' id='word_1_68' title='bbox 1036 1178 1333 1233; x_wconf 83' lang='lat' dir='ltr'><strong>deteriores</strong></span> <span class='ocrx_word' id='word_1_69' title='bbox 1365 1188 1530 1243; x_wconf 89' lang='lat' dir='ltr'><strong>sunt,</strong></span> <span class='ocrx_word' id='word_1_70' title='bbox 1576 1176 1745 1232; x_wconf 77' lang='lat' dir='ltr'><strong>Veluti</strong></span> <span class='ocrx_word' id='word_1_71' title='bbox 1803 1176 2038 1231; x_wconf 85' lang='lat' dir='ltr'><strong>sanitate</strong></span> 
     </span>
    </p>
   </div>
   <div class='ocr_carea' id='block_1_13' title="bbox 468 1264 2034 1342">
    <p class='ocr_par' dir='ltr' id='par_1_13' title="bbox 468 1264 2034 1342">
     <span class='ocr_line' id='line_1_13' title="bbox 468 1264 2034 1342; baseline -0.005 -18"><span class='ocrx_word' id='word_1_72' title='bbox 468 1269 624 1342; x_wconf 80' lang='lat' dir='ltr'><strong>longe</strong></span> <span class='ocrx_word' id='word_1_73' title='bbox 652 1268 804 1339; x_wconf 79' lang='lat' dir='ltr'><strong>pejor</strong></span> <span class='ocrx_word' id='word_1_74' title='bbox 831 1268 1073 1331; x_wconf 82' lang='lat' dir='ltr'><strong>morbus,</strong></span> <span class='ocrx_word' id='word_1_75' title='bbox 1103 1275 1157 1321; x_wconf 79' lang='lat' dir='ltr'><strong>et</strong></span> <span class='ocrx_word' id='word_1_76' title='bbox 1182 1265 1321 1321; x_wconf 83' lang='lat' dir='ltr'><strong>inl‘ra</strong></span> <span class='ocrx_word' id='word_1_77' title='bbox 1351 1266 1517 1319; x_wconf 89' lang='lat' dir='ltr'><strong>vitam</strong></span> <span class='ocrx_word' id='word_1_78' title='bbox 1544 1280 1709 1320; x_wconf 89' lang='lat' dir='ltr'><strong>mors.</strong></span> <span class='ocrx_word' id='word_1_79' title='bbox 1746 1264 1918 1317; x_wconf 88' lang='lat' dir='ltr'><strong>Simul</strong></span> <span class='ocrx_word' id='word_1_80' title='bbox 1951 1274 2034 1317; x_wconf 86' lang='lat' dir='ltr'><strong>ta-</strong></span> 
     </span>
    </p>
   </div>
   <div class='ocr_carea' id='block_1_14' title="bbox 466 1357 2036 1432">
    <p class='ocr_par' dir='ltr' id='par_1_14' title="bbox 466 1357 2036 1432">
     <span class='ocr_line' id='line_1_14' title="bbox 466 1357 2036 1432; baseline -0.004 -15"><span class='ocrx_word' id='word_1_81' title='bbox 466 1379 585 1418; x_wconf 91' lang='lat' dir='ltr'><strong>men</strong></span> <span class='ocrx_word' id='word_1_82' title='bbox 617 1363 731 1432; x_wconf 89' lang='lat' dir='ltr'><strong>ipsa</strong></span> <span class='ocrx_word' id='word_1_83' title='bbox 775 1359 999 1416; x_wconf 90' lang='lat' dir='ltr'><strong>scientia</strong></span> <span class='ocrx_word' id='word_1_84' title='bbox 1032 1370 1085 1413; x_wconf 91' lang='lat' dir='ltr'><strong>et</strong></span> <span class='ocrx_word' id='word_1_85' title='bbox 1122 1368 1297 1412; x_wconf 80' lang='lat' dir='ltr'><strong>mater</strong></span> <span class='ocrx_word' id='word_1_86' title='bbox 1325 1357 1529 1412; x_wconf 90' lang='lat' dir='ltr'><strong>dicitur</strong></span> <span class='ocrx_word' id='word_1_87' title='bbox 1582 1367 1637 1411; x_wconf 87' lang='lat' dir='ltr'><strong>et</strong></span> <span class='ocrx_word' id='word_1_88' title='bbox 1690 1372 1827 1411; x_wconf 68' lang='lat' dir='ltr'><strong>uxor</strong></span> <span class='ocrx_word' id='word_1_89' title='bbox 1872 1366 2036 1425; x_wconf 90' lang='lat' dir='ltr'><strong>atque</strong></span> 
     </span>
    </p>
   </div>
   <div class='ocr_carea' id='block_1_15' title="bbox 462 1448 2033 1523">
    <p class='ocr_par' dir='ltr' id='par_1_15' title="bbox 462 1448 2033 1523">
     <span class='ocr_line' id='line_1_15' title="bbox 462 1448 2033 1523; baseline -0.006 -11"><span class='ocrx_word' id='word_1_90' title='bbox 462 1473 618 1513; x_wconf 89' lang='lat' dir='ltr'><strong>soror</strong></span> <span class='ocrx_word' id='word_1_91' title='bbox 650 1473 664 1509; x_wconf 91' lang='lat'><strong>:</strong></span> <span class='ocrx_word' id='word_1_92' title='bbox 698 1464 891 1516; x_wconf 90' lang='lat' dir='ltr'><strong>mater,</strong></span> <span class='ocrx_word' id='word_1_93' title='bbox 922 1454 1045 1523; x_wconf 85' lang='lat' dir='ltr'><strong>quia</strong></span> <span class='ocrx_word' id='word_1_94' title='bbox 1076 1452 1166 1521; x_wconf 85' lang='lat' dir='ltr'><strong>qui</strong></span> <span class='ocrx_word' id='word_1_95' title='bbox 1208 1452 1391 1505; x_wconf 90' lang='lat' dir='ltr'><strong>docuit</strong></span> <span class='ocrx_word' id='word_1_96' title='bbox 1430 1466 1517 1505; x_wconf 92' lang='lat' dir='ltr'><strong>me</strong></span> <span class='ocrx_word' id='word_1_97' title='bbox 1540 1490 1556 1514; x_wconf 91' lang='lat'><strong>,</strong></span> <span class='ocrx_word' id='word_1_98' title='bbox 1611 1464 1707 1518; x_wconf 88' lang='lat' dir='ltr'><strong>per</strong></span> <span class='ocrx_word' id='word_1_99' title='bbox 1753 1448 2033 1504; x_wconf 81' lang='lat' dir='ltr'><strong>scientiam</strong></span> 
     </span>
    </p>
   </div>
   <div class='ocr_carea' id='block_1_16' title="bbox 462 1540 2031 1618">
    <p class='ocr_par' dir='ltr' id='par_1_16' title="bbox 462 1540 2031 1618">
     <span class='ocr_line' id='line_1_16' title="bbox 462 1540 2031 1618; baseline -0.006 -15"><span class='ocrx_word' id='word_1_100' title='bbox 462 1565 546 1604; x_wconf 91' lang='lat' dir='ltr'><strong>me</strong></span> <span class='ocrx_word' id='word_1_101' title='bbox 560 1548 766 1618; x_wconf 79' lang='lat' dir='ltr'><strong>genuit,</strong></span> <span class='ocrx_word' id='word_1_102' title='bbox 792 1556 847 1599; x_wconf 93' lang='lat' dir='ltr'><strong>ut</strong></span> <span class='ocrx_word' id='word_1_103' title='bbox 879 1544 1073 1597; x_wconf 79' lang='lat' dir='ltr'><strong>Paulus</strong></span> <span class='ocrx_word' id='word_1_104' title='bbox 1099 1557 1192 1612; x_wconf 90' lang='lat' dir='ltr'><strong>per</strong></span> <span class='ocrx_word' id='word_1_105' title='bbox 1221 1542 1568 1610; x_wconf 79' lang='lat' dir='ltr'><strong>Evangelium</strong></span> <span class='ocrx_word' id='word_1_106' title='bbox 1596 1540 1849 1595; x_wconf 81' lang='lat' dir='ltr'><strong>Galatas:</strong></span> <span class='ocrx_word' id='word_1_107' title='bbox 1876 1556 2031 1602; x_wconf 82' lang='lat' dir='ltr'><strong>uxor,</strong></span> 
     </span>
    </p>
   </div>
   <div class='ocr_carea' id='block_1_17' title="bbox 458 1634 2030 1711">
    <p class='ocr_par' dir='ltr' id='par_1_17' title="bbox 458 1634 2030 1711">
     <span class='ocr_line' id='line_1_17' title="bbox 458 1634 2030 1711; baseline -0.004 -18"><span class='ocrx_word' id='word_1_108' title='bbox 458 1643 585 1711; x_wconf 84' lang='lat' dir='ltr'><strong>quia</strong></span> <span class='ocrx_word' id='word_1_109' title='bbox 619 1640 748 1693; x_wconf 92' lang='lat' dir='ltr'><strong>mihi</strong></span> <span class='ocrx_word' id='word_1_110' title='bbox 773 1637 1021 1707; x_wconf 89' lang='lat' dir='ltr'><strong>copulata</strong></span> <span class='ocrx_word' id='word_1_111' title='bbox 1047 1638 1189 1705; x_wconf 86' lang='lat' dir='ltr'><strong>parit</strong></span> <span class='ocrx_word' id='word_1_112' title='bbox 1222 1637 1448 1689; x_wconf 84' lang='lat' dir='ltr'><strong>virtutes</strong></span> <span class='ocrx_word' id='word_1_113' title='bbox 1476 1644 1529 1688; x_wconf 88' lang='lat' dir='ltr'><strong>et</strong></span> <span class='ocrx_word' id='word_1_114' title='bbox 1566 1643 1711 1688; x_wconf 84' lang='lat' dir='ltr'><strong>recta</strong></span> <span class='ocrx_word' id='word_1_115' title='bbox 1742 1634 2030 1703; x_wconf 79' lang='lat' dir='ltr'><strong>dogmata;</strong></span> 
     </span>
    </p>
   </div>
   <div class='ocr_carea' id='block_1_18' title="bbox 460 1723 2028 1797">
    <p class='ocr_par' dir='ltr' id='par_1_18' title="bbox 460 1723 2028 1797">
     <span class='ocr_line' id='line_1_18' title="bbox 460 1723 2028 1797; baseline -0.004 -14"><span class='ocrx_word' id='word_1_116' title='bbox 460 1729 728 1797; x_wconf 82' lang='lat' dir='ltr'><strong>siquidem</strong></span> <span class='ocrx_word' id='word_1_117' title='bbox 767 1742 954 1796; x_wconf 82' lang='lat' dir='ltr'><strong>reapse</strong></span> <span class='ocrx_word' id='word_1_118' title='bbox 1008 1725 1234 1779; x_wconf 86' lang='lat' dir='ltr'><strong>scientia</strong></span> <span class='ocrx_word' id='word_1_119' title='bbox 1273 1725 1413 1793; x_wconf 85' lang='lat' dir='ltr'><strong>parit</strong></span> <span class='ocrx_word' id='word_1_120' title='bbox 1472 1724 1592 1776; x_wconf 90' lang='lat' dir='ltr'><strong>viro</strong></span> <span class='ocrx_word' id='word_1_121' title='bbox 1643 1723 1978 1791; x_wconf 85' lang='lat' dir='ltr'><strong>prudentiam</strong></span> <span class='ocrx_word' id='word_1_122' title='bbox 2015 1740 2028 1776; x_wconf 93' lang='lat'>:</span> 
     </span>
    </p>
   </div>
   <div class='ocr_carea' id='block_1_19' title="bbox 462 1814 2027 1887">
    <p class='ocr_par' dir='ltr' id='par_1_19' title="bbox 462 1814 2027 1887">
     <span class='ocr_line' id='line_1_19' title="bbox 462 1814 2027 1887; baseline -0.003 -16"><span class='ocrx_word' id='word_1_123' title='bbox 462 1834 640 1884; x_wconf 83' lang='lat' dir='ltr'><strong>soror,</strong></span> <span class='ocrx_word' id='word_1_124' title='bbox 675 1819 800 1887; x_wconf 88' lang='lat' dir='ltr'><strong>quia</strong></span> <span class='ocrx_word' id='word_1_125' title='bbox 831 1833 929 1887; x_wconf 79' lang='lat' dir='ltr'><strong>ego</strong></span> <span class='ocrx_word' id='word_1_126' title='bbox 959 1818 1161 1886; x_wconf 90' lang='lat' dir='ltr'><strong>pariter</strong></span> <span class='ocrx_word' id='word_1_127' title='bbox 1214 1826 1373 1883; x_wconf 85' lang='lat' dir='ltr'><strong>atque</strong></span> <span class='ocrx_word' id='word_1_128' title='bbox 1432 1815 1523 1867; x_wconf 89' lang='lat' dir='ltr'><strong>illa</strong></span> <span class='ocrx_word' id='word_1_129' title='bbox 1575 1830 1642 1868; x_wconf 80' lang='lat' dir='ltr'><strong>ex</strong></span> <span class='ocrx_word' id='word_1_130' title='bbox 1697 1829 1805 1867; x_wconf 91' lang='lat' dir='ltr'><strong>uno</strong></span> <span class='ocrx_word' id='word_1_131' title='bbox 1859 1814 2027 1884; x_wconf 82' lang='lat' dir='ltr'><strong>geniti</strong></span> 
     </span>
    </p>
   </div>
   <div class='ocr_carea' id='block_1_20' title="bbox 2144 626 3718 707">
    <p class='ocr_par' dir='ltr' id='par_1_20' title="bbox 2144 626 3718 707">
     <span class='ocr_line' id='line_1_20' title="bbox 2144 626 3718 707; baseline 0.006 -28"><span class='ocrx_word' id='word_1_132' title='bbox 2144 626 2279 697; x_wconf 79' lang='grc' dir='ltr'>αὕτη</span> <span class='ocrx_word' id='word_1_133' title='bbox 2310 627 2363 679; x_wconf 79' lang='grc' dir='ltr'>δὲ</span> <span class='ocrx_word' id='word_1_134' title='bbox 2392 627 2455 679; x_wconf 83' lang='grc' dir='ltr'>ἐκ</span> <span class='ocrx_word' id='word_1_135' title='bbox 2490 627 2735 697; x_wconf 87' lang='grc' dir='ltr'>νεότητος</span> <span class='ocrx_word' id='word_1_136' title='bbox 2781 629 2911 698; x_wconf 76' lang='grc' dir='ltr'>ἡμῖν</span> <span class='ocrx_word' id='word_1_137' title='bbox 2968 628 3156 699; x_wconf 77' lang='grc' dir='ltr'>ἐδόθη·</span> <span class='ocrx_word' id='word_1_138' title='bbox 3223 632 3410 700; x_wconf 74' lang='grc' dir='ltr'>ἥντινα</span> <span class='ocrx_word' id='word_1_139' title='bbox 3461 634 3718 707; x_wconf 80' lang='grc' dir='ltr'>ἀνωτέρω</span> 
     </span>
    </p>
   </div>
   <div class='ocr_carea' id='block_1_21' title="bbox 2140 719 3717 804">
    <p class='ocr_par' dir='ltr' id='par_1_21' title="bbox 2140 719 3717 804">
     <span class='ocr_line' id='line_1_21' title="bbox 2140 719 3717 804; baseline 0.01 -33"><span class='ocrx_word' id='word_1_140' title='bbox 2140 719 2487 773; x_wconf 79' lang='grc' dir='ltr'><strong>διδασκαλίαν</strong></span> <span class='ocrx_word' id='word_1_141' title='bbox 2504 724 2532 775; x_wconf 91' lang='grc' dir='ltr'>ὀ</span> <span class='ocrx_word' id='word_1_142' title='bbox 2552 722 2801 794; x_wconf 86' lang='grc' dir='ltr'>Σολομῶν</span> <span class='ocrx_word' id='word_1_143' title='bbox 2823 724 3072 796; x_wconf 87' lang='grc' dir='ltr'>νεότητος</span> <span class='ocrx_word' id='word_1_144' title='bbox 3094 728 3239 797; x_wconf 85' lang='grc' dir='ltr'>λέγει</span> <span class='ocrx_word' id='word_1_145' title='bbox 3264 746 3276 767; x_wconf 66' lang='grc' dir='ltr'><strong><em>ν</em></strong></span> <span class='ocrx_word' id='word_1_146' title='bbox 3298 730 3413 793; x_wconf 67' lang='lat' dir='ltr'><strong>re,</strong></span> <span class='ocrx_word' id='word_1_147' title='bbox 3430 732 3541 803; x_wconf 88' lang='grc' dir='ltr'><strong>γάρ</strong></span> <span class='ocrx_word' id='word_1_148' title='bbox 3558 750 3717 804; x_wconf 84' lang='grc' dir='ltr'>φησι,</span> 
     </span>
    </p>
   </div>
   <div class='ocr_carea' id='block_1_22' title="bbox 2145 811 3719 891">
    <p class='ocr_par' dir='ltr' id='par_1_22' title="bbox 2145 811 3719 891">
     <span class='ocr_line' id='line_1_22' title="bbox 2145 811 3719 891; baseline 0.011 -31"><span class='ocrx_word' id='word_1_149' title='bbox 2145 811 2217 880; x_wconf 85' lang='grc' dir='ltr'>μή</span> <span class='ocrx_word' id='word_1_150' title='bbox 2253 827 2311 862; x_wconf 83' lang='grc' dir='ltr'><strong>σε</strong></span> <span class='ocrx_word' id='word_1_151' title='bbox 2349 811 2628 884; x_wconf 78' lang='grc' dir='ltr'>καταλάϐῃ</span> <span class='ocrx_word' id='word_1_152' title='bbox 2658 813 2818 886; x_wconf 80' lang='grc' dir='ltr'>βουλὴ</span> <span class='ocrx_word' id='word_1_153' title='bbox 2850 818 2995 888; x_wconf 81' lang='grc' dir='ltr'>κακὴ</span> <span class='ocrx_word' id='word_1_154' title='bbox 3042 817 3167 887; x_wconf 78' lang='grc' dir='ltr'>(τὸν</span> <span class='ocrx_word' id='word_1_155' title='bbox 3220 819 3463 875; x_wconf 85' lang='grc' dir='ltr'>διάϐολον</span> <span class='ocrx_word' id='word_1_156' title='bbox 3517 822 3719 891; x_wconf 76' lang='grc' dir='ltr'>λέγων,</span> 
     </span>
    </p>
   </div>
   <div class='ocr_carea' id='block_1_23' title="bbox 2139 901 3717 979">
    <p class='ocr_par' dir='ltr' id='par_1_23' title="bbox 2139 901 3717 979">
     <span class='ocr_line' id='line_1_23' title="bbox 2139 901 3717 979; baseline 0.01 -26"><span class='ocrx_word' id='word_1_157' title='bbox 2139 902 2215 963; x_wconf 81' lang='grc' dir='ltr'><strong>ὡς</strong></span> <span class='ocrx_word' id='word_1_158' title='bbox 2245 901 2431 964; x_wconf 84' lang='grc' dir='ltr'>κακῶς</span> <span class='ocrx_word' id='word_1_159' title='bbox 2462 903 2927 977; x_wconf 83' lang='grc' dir='ltr'>βουλευσάμενον)·</span> <span class='ocrx_word' id='word_1_160' title='bbox 2995 909 3028 979; x_wconf 78' lang='grc' dir='ltr'>ἡ</span> <span class='ocrx_word' id='word_1_161' title='bbox 3075 910 3413 966; x_wconf 89' lang='grc' dir='ltr'>ἀπολιποῦσα</span> <span class='ocrx_word' id='word_1_162' title='bbox 3469 914 3717 969; x_wconf 80' lang='grc' dir='ltr'>διδασκα-</span> 
     </span>
    </p>
   </div>
   <div class='ocr_carea' id='block_1_24' title="bbox 2139 992 3715 1079">
    <p class='ocr_par' dir='ltr' id='par_1_24' title="bbox 2139 992 3715 1079">
     <span class='ocr_line' id='line_1_24' title="bbox 2139 992 3715 1079; baseline 0.011 -34"><span class='ocrx_word' id='word_1_163' title='bbox 2139 992 2259 1046; x_wconf 87' lang='grc' dir='ltr'>λίαν</span> <span class='ocrx_word' id='word_1_164' title='bbox 2305 995 2573 1066; x_wconf 87' lang='grc' dir='ltr'>νεότητος,</span> <span class='ocrx_word' id='word_1_165' title='bbox 2630 999 2723 1052; x_wconf 76' lang='grc' dir='ltr'>καὶ</span> <span class='ocrx_word' id='word_1_166' title='bbox 2777 998 3039 1071; x_wconf 81' lang='grc' dir='ltr'><strong>διαθήκην</strong></span> <span class='ocrx_word' id='word_1_167' title='bbox 3078 1001 3226 1056; x_wconf 84' lang='grc' dir='ltr'>θείαν</span> <span class='ocrx_word' id='word_1_168' title='bbox 3277 1004 3715 1079; x_wconf 77' lang='grc' dir='ltr'>ὲπιλελησμένη·</span> 
     </span>
    </p>
   </div>
   <div class='ocr_carea' id='block_1_25' title="bbox 2137 1081 3716 1169">
    <p class='ocr_par' dir='ltr' id='par_1_25' title="bbox 2137 1081 3716 1169">
     <span class='ocr_line' id='line_1_25' title="bbox 2137 1081 3716 1169; baseline 0.011 -33"><span class='ocrx_word' id='word_1_169' title='bbox 2137 1081 2273 1169; x_wconf 84' lang='grc' dir='ltr'><strong>λήθη</strong></span> <span class='ocrx_word' id='word_1_170' title='bbox 2303 1083 2358 1137; x_wconf 84' lang='grc' dir='ltr'>δὲ</span> <span class='ocrx_word' id='word_1_171' title='bbox 2386 1087 2477 1139; x_wconf 79' lang='grc' dir='ltr'>καὶ</span> <span class='ocrx_word' id='word_1_172' title='bbox 2510 1087 2813 1158; x_wconf 75' lang='grc' dir='ltr'>ἀπόλειψις,</span> <span class='ocrx_word' id='word_1_173' title='bbox 2850 1091 3102 1159; x_wconf 87' lang='grc' dir='ltr'>γνώσεως</span> <span class='ocrx_word' id='word_1_174' title='bbox 3136 1096 3382 1167; x_wconf 85' lang='grc' dir='ltr'>κτήσεως</span> <span class='ocrx_word' id='word_1_175' title='bbox 3428 1097 3716 1169; x_wconf 80' lang='grc' dir='ltr'>δεύτεραι⁶</span> 
     </span>
    </p>
   </div>
   <div class='ocr_carea' id='block_1_26' title="bbox 2138 1168 3719 1255">
    <p class='ocr_par' dir='ltr' id='par_1_26' title="bbox 2138 1168 3719 1255">
     <span class='ocr_line' id='line_1_26' title="bbox 2138 1168 3719 1255; baseline 0.015 -35"><span class='ocrx_word' id='word_1_176' title='bbox 2138 1168 2327 1242; x_wconf 81' lang='grc' dir='ltr'>ὥσπερ</span> <span class='ocrx_word' id='word_1_177' title='bbox 2360 1174 2454 1225; x_wconf 76' lang='grc' dir='ltr'>καὶ</span> <span class='ocrx_word' id='word_1_178' title='bbox 2475 1174 2660 1249; x_wconf 69' lang='grc' dir='ltr'>ὑγείας</span> <span class='ocrx_word' id='word_1_179' title='bbox 2685 1177 2837 1241; x_wconf 83' lang='grc' dir='ltr'><strong>νόσος</strong></span> <span class='ocrx_word' id='word_1_180' title='bbox 2862 1180 3085 1252; x_wconf 79' lang='grc' dir='ltr'>ἐσχάτη,</span> <span class='ocrx_word' id='word_1_181' title='bbox 3140 1184 3234 1237; x_wconf 78' lang='grc' dir='ltr'>καὶ</span> <span class='ocrx_word' id='word_1_182' title='bbox 3288 1184 3434 1255; x_wconf 77' lang='grc' dir='ltr'>ζωῆς</span> <span class='ocrx_word' id='word_1_183' title='bbox 3483 1168 3719 1251; x_wconf 80' lang='grc' dir='ltr'>θάνατος</span> 
     </span>
    </p>
   </div>
   <div class='ocr_carea' id='block_1_27' title="bbox 2136 1260 3715 1351">
    <p class='ocr_par' dir='ltr' id='par_1_27' title="bbox 2136 1260 3715 1351">
     <span class='ocr_line' id='line_1_27' title="bbox 2136 1260 3715 1351; baseline 0.012 -37"><span class='ocrx_word' id='word_1_184' title='bbox 2136 1260 2385 1334; x_wconf 86' lang='grc' dir='ltr'>δεύτερος</span> <span class='ocrx_word' id='word_1_185' title='bbox 2405 1281 2418 1294; x_wconf 88' lang='grc'><strong>·</strong></span> <span class='ocrx_word' id='word_1_186' title='bbox 2453 1264 2569 1336; x_wconf 80' lang='grc' dir='ltr'>ἅμα</span> <span class='ocrx_word' id='word_1_187' title='bbox 2595 1267 2773 1323; x_wconf 77' lang='grc' dir='ltr'>δὲκαὶ</span> <span class='ocrx_word' id='word_1_188' title='bbox 2819 1270 3028 1334; x_wconf 84' lang='grc' dir='ltr'><strong>τούτοις</strong></span> <span class='ocrx_word' id='word_1_189' title='bbox 3055 1290 3135 1338; x_wconf 84' lang='grc' dir='ltr'><strong>τε,</strong></span> <span class='ocrx_word' id='word_1_190' title='bbox 3165 1275 3246 1327; x_wconf 86' lang='grc' dir='ltr'>ὅτι</span> <span class='ocrx_word' id='word_1_191' title='bbox 3297 1277 3435 1348; x_wconf 80' lang='grc' dir='ltr'>ὅπερ</span> <span class='ocrx_word' id='word_1_192' title='bbox 3485 1279 3518 1348; x_wconf 79' lang='grc' dir='ltr'><strong>ἡ</strong></span> <span class='ocrx_word' id='word_1_193' title='bbox 3571 1278 3715 1351; x_wconf 77' lang='grc' dir='ltr'><strong>αὑτὴ</strong></span> 
     </span>
    </p>
   </div>
   <div class='ocr_carea' id='block_1_28' title="bbox 2135 1355 3712 1441">
    <p class='ocr_par' dir='ltr' id='par_1_28' title="bbox 2135 1355 3712 1441">
     <span class='ocr_line' id='line_1_28' title="bbox 2135 1355 3712 1441; baseline 0.014 -37"><span class='ocrx_word' id='word_1_194' title='bbox 2135 1355 2354 1421; x_wconf 90' lang='grc' dir='ltr'>γνῶσις,</span> <span class='ocrx_word' id='word_1_195' title='bbox 2390 1358 2485 1411; x_wconf 73' lang='grc' dir='ltr'>καὶ</span> <span class='ocrx_word' id='word_1_196' title='bbox 2534 1360 2716 1431; x_wconf 81' lang='grc' dir='ltr'><strong>μήτηρ</strong></span> <span class='ocrx_word' id='word_1_197' title='bbox 2743 1361 2960 1430; x_wconf 87' lang='grc' dir='ltr'>λέγεται</span> <span class='ocrx_word' id='word_1_198' title='bbox 2993 1365 3084 1418; x_wconf 78' lang='grc' dir='ltr'>καὶ</span> <span class='ocrx_word' id='word_1_199' title='bbox 3116 1368 3253 1438; x_wconf 81' lang='grc' dir='ltr'>γυνὴ</span> <span class='ocrx_word' id='word_1_200' title='bbox 3301 1368 3396 1422; x_wconf 75' lang='grc' dir='ltr'>καὶ</span> <span class='ocrx_word' id='word_1_201' title='bbox 3461 1369 3667 1441; x_wconf 83' lang='grc' dir='ltr'>ἀδελφή</span> <span class='ocrx_word' id='word_1_202' title='bbox 3698 1388 3712 1400; x_wconf 90' lang='grc'><strong>·</strong></span> 
     </span>
    </p>
   </div>
   <div class='ocr_carea' id='block_1_29' title="bbox 2138 1442 3716 1531">
    <p class='ocr_par' dir='ltr' id='par_1_29' title="bbox 2138 1442 3716 1531">
     <span class='ocr_line' id='line_1_29' title="bbox 2138 1442 3716 1531; baseline 0.01 -33"><span class='ocrx_word' id='word_1_203' title='bbox 2138 1446 2321 1527; x_wconf 70' lang='grc' dir='ltr'>μήτηρ</span> <span class='ocrx_word' id='word_1_204' title='bbox 2346 1449 2463 1518; x_wconf 84' lang='grc' dir='ltr'>μὲν,</span> <span class='ocrx_word' id='word_1_205' title='bbox 2490 1452 2677 1523; x_wconf 81' lang='grc' dir='ltr'>ἐπειδὴ</span> <span class='ocrx_word' id='word_1_206' title='bbox 2708 1454 2737 1506; x_wconf 97' lang='lat'><strong>6</strong></span> <span class='ocrx_word' id='word_1_207' title='bbox 2771 1452 2987 1520; x_wconf 80' lang='grc' dir='ltr'>διδάξας</span> <span class='ocrx_word' id='word_1_208' title='bbox 3028 1454 3115 1526; x_wconf 65' lang='lat' dir='ltr'><strong>ps‘,</strong></span> <span class='ocrx_word' id='word_1_209' title='bbox 3156 1458 3223 1510; x_wconf 77' lang='grc' dir='ltr'>δι’</span> <span class='ocrx_word' id='word_1_210' title='bbox 3243 1458 3414 1529; x_wconf 80' lang='grc' dir='ltr'>αὐτῆς</span> <span class='ocrx_word' id='word_1_211' title='bbox 3532 1442 3716 1529; x_wconf 78' lang='grc' dir='ltr'>γεγέν·</span> 
     </span>
    </p>
   </div>
   <div class='ocr_carea' id='block_1_30' title="bbox 2133 1541 3716 1621">
    <p class='ocr_par' dir='ltr' id='par_1_30' title="bbox 2133 1541 3716 1621">
     <span class='ocr_line' id='line_1_30' title="bbox 2133 1541 3716 1621; baseline 0.012 -32"><span class='ocrx_word' id='word_1_212' title='bbox 2133 1555 2315 1607; x_wconf 81' lang='grc' dir='ltr'>νηκεν,</span> <span class='ocrx_word' id='word_1_213' title='bbox 2337 1541 2411 1603; x_wconf 82' lang='grc' dir='ltr'>ὡς</span> <span class='ocrx_word' id='word_1_214' title='bbox 2427 1542 2635 1606; x_wconf 84' lang='grc' dir='ltr'>Παῦλος</span> <span class='ocrx_word' id='word_1_215' title='bbox 2663 1543 2750 1597; x_wconf 84' lang='grc' dir='ltr'><strong>διά</strong></span> <span class='ocrx_word' id='word_1_216' title='bbox 2781 1544 2872 1597; x_wconf 79' lang='grc' dir='ltr'><strong>τοῦ</strong></span> <span class='ocrx_word' id='word_1_217' title='bbox 2902 1546 3231 1615; x_wconf 84' lang='grc' dir='ltr'>Εύαγγελίου</span> <span class='ocrx_word' id='word_1_218' title='bbox 3264 1549 3504 1615; x_wconf 85' lang='grc' dir='ltr'>Γαλάτας</span> <span class='ocrx_word' id='word_1_219' title='bbox 3527 1567 3542 1583; x_wconf 74' lang='grc'>⁸</span> <span class='ocrx_word' id='word_1_220' title='bbox 3575 1552 3716 1621; x_wconf 69' lang='grc' dir='ltr'>γυνὴ</span> 
     </span>
    </p>
   </div>
   <div class='ocr_carea' id='block_1_31' title="bbox 2131 1629 3714 1713">
    <p class='ocr_par' dir='ltr' id='par_1_31' title="bbox 2131 1629 3714 1713">
     <span class='ocr_line' id='line_1_31' title="bbox 2131 1629 3714 1713; baseline 0.009 -31"><span class='ocrx_word' id='word_1_221' title='bbox 2131 1629 2207 1693; x_wconf 84' lang='grc' dir='ltr'>δὲ,</span> <span class='ocrx_word' id='word_1_222' title='bbox 2251 1631 2331 1684; x_wconf 83' lang='grc' dir='ltr'><strong>δτι</strong></span> <span class='ocrx_word' id='word_1_223' title='bbox 2383 1634 2614 1688; x_wconf 89' lang='grc' dir='ltr'>συνοῦσά</span> <span class='ocrx_word' id='word_1_224' title='bbox 2644 1653 2734 1705; x_wconf 92' lang='grc' dir='ltr'><strong>μοι</strong></span> <span class='ocrx_word' id='word_1_225' title='bbox 2774 1637 2946 1691; x_wconf 83' lang='grc' dir='ltr'>τίκτει</span> <span class='ocrx_word' id='word_1_226' title='bbox 2972 1640 3069 1702; x_wconf 87' lang='grc' dir='ltr'><strong>τὰς</strong></span> <span class='ocrx_word' id='word_1_227' title='bbox 3107 1641 3305 1711; x_wconf 82' lang='grc' dir='ltr'>ἀρετάς</span> <span class='ocrx_word' id='word_1_228' title='bbox 3338 1642 3431 1695; x_wconf 80' lang='grc' dir='ltr'>καὶ</span> <span class='ocrx_word' id='word_1_229' title='bbox 3462 1642 3714 1713; x_wconf 83' lang='grc' dir='ltr'>δόγματα</span> 
     </span>
    </p>
   </div>
   <div class='ocr_carea' id='block_1_32' title="bbox 2131 1720 3708 1804">
    <p class='ocr_par' dir='ltr' id='par_1_32' title="bbox 2131 1720 3708 1804">
     <span class='ocr_line' id='line_1_32' title="bbox 2131 1720 3708 1804; baseline 0.008 -31"><span class='ocrx_word' id='word_1_230' title='bbox 2131 1720 2269 1792; x_wconf 84' lang='grc' dir='ltr'>ὀρθά</span> <span class='ocrx_word' id='word_1_231' title='bbox 2287 1738 2299 1751; x_wconf 91' lang='grc'><strong>·</strong></span> <span class='ocrx_word' id='word_1_232' title='bbox 2333 1722 2388 1774; x_wconf 82' lang='grc' dir='ltr'><strong>εί</strong></span> <span class='ocrx_word' id='word_1_233' title='bbox 2410 1740 2473 1791; x_wconf 87' lang='grc' dir='ltr'><strong>γε</strong></span> <span class='ocrx_word' id='word_1_234' title='bbox 2501 1726 2533 1793; x_wconf 83' lang='grc' dir='ltr'>ἡ</span> <span class='ocrx_word' id='word_1_235' title='bbox 2567 1727 2727 1792; x_wconf 82' lang='grc' dir='ltr'>σοφία</span> <span class='ocrx_word' id='word_1_236' title='bbox 2759 1727 2911 1801; x_wconf 75' lang='grc' dir='ltr'>ἀνδρὶ</span> <span class='ocrx_word' id='word_1_237' title='bbox 2942 1729 3115 1783; x_wconf 83' lang='grc' dir='ltr'><strong>τίκτει</strong></span> <span class='ocrx_word' id='word_1_238' title='bbox 3142 1731 3402 1801; x_wconf 82' lang='grc' dir='ltr'>φρόνησιν</span> <span class='ocrx_word' id='word_1_239' title='bbox 3429 1749 3443 1762; x_wconf 92' lang='grc'><strong>·</strong></span> <span class='ocrx_word' id='word_1_240' title='bbox 3479 1734 3708 1804; x_wconf 81' lang='grc' dir='ltr'>ἀδελφὴ,</span> 
     </span>
    </p>
   </div>
   <div class='ocr_carea' id='block_1_33' title="bbox 2132 1811 3710 1891">
    <p class='ocr_par' dir='ltr' id='par_1_33' title="bbox 2132 1811 3710 1891">
     <span class='ocr_line' id='line_1_33' title="bbox 2132 1811 3710 1891; baseline 0.008 -28"><span class='ocrx_word' id='word_1_241' title='bbox 2132 1811 2211 1865; x_wconf 77' lang='grc' dir='ltr'>ὅτι</span> <span class='ocrx_word' id='word_1_242' title='bbox 2242 1812 2354 1881; x_wconf 81' lang='grc' dir='ltr'><strong>ἐγώ</strong></span> <span class='ocrx_word' id='word_1_243' title='bbox 2374 1831 2433 1866; x_wconf 87' lang='grc' dir='ltr'><strong>τε</strong></span> <span class='ocrx_word' id='word_1_244' title='bbox 2466 1816 2559 1868; x_wconf 80' lang='grc' dir='ltr'>καὶ</span> <span class='ocrx_word' id='word_1_245' title='bbox 2578 1815 2715 1885; x_wconf 82' lang='grc' dir='ltr'>αῦτη</span> <span class='ocrx_word' id='word_1_246' title='bbox 2744 1817 2808 1869; x_wconf 80' lang='grc' dir='ltr'>ἐκ</span> <span class='ocrx_word' id='word_1_247' title='bbox 2841 1818 2934 1871; x_wconf 90' lang='grc' dir='ltr'><strong>τοῦ</strong></span> <span class='ocrx_word' id='word_1_248' title='bbox 2965 1820 3081 1882; x_wconf 81' lang='grc' dir='ltr'>ἐνὸς</span> <span class='ocrx_word' id='word_1_249' title='bbox 3108 1821 3409 1891; x_wconf 81' lang='grc' dir='ltr'>γεγόναμεν</span> <span class='ocrx_word' id='word_1_250' title='bbox 3442 1822 3577 1876; x_wconf 88' lang='grc' dir='ltr'>Θεοῦ</span> <span class='ocrx_word' id='word_1_251' title='bbox 3612 1824 3710 1875; x_wconf 83' lang='grc' dir='ltr'><strong>καὶ</strong></span> 
     </span>
    </p>
   </div>
   <div class='ocr_carea' id='block_1_34' title="bbox 460 1883 2037 1981">
    <p class='ocr_par' dir='ltr' id='par_1_34' title="bbox 460 1883 2026 1975">
     <span class='ocr_line' id='line_1_34' title="bbox 460 1883 2026 1975; baseline -0.003 -16"><span class='ocrx_word' id='word_1_252' title='bbox 460 1883 661 1963; x_wconf 80' lang='lat' dir='ltr'><strong>luimus</strong></span> <span class='ocrx_word' id='word_1_253' title='bbox 688 1883 796 1962; x_wconf 87' lang='lat' dir='ltr'><strong>Deo</strong></span> <span class='ocrx_word' id='word_1_254' title='bbox 826 1883 1004 1962; x_wconf 71' lang='lat' dir='ltr'><strong>Patre.</strong></span> <span class='ocrx_word' id='word_1_255' title='bbox 1032 1905 1131 1959; x_wconf 82' lang='lat' dir='ltr'><strong>Dic</strong></span> <span class='ocrx_word' id='word_1_256' title='bbox 1166 1905 1334 1969; x_wconf 88' lang='lat' dir='ltr'><strong>enim,</strong></span> <span class='ocrx_word' id='word_1_257' title='bbox 1369 1905 1567 1975; x_wconf 89' lang='lat' dir='ltr'><strong>inquit,</strong></span> <span class='ocrx_word' id='word_1_258' title='bbox 1624 1883 1921 1972; x_wconf 66' lang='lat' dir='ltr'><strong>sapientiae,</strong></span> <span class='ocrx_word' id='word_1_259' title='bbox 1970 1912 2026 1956; x_wconf 82' lang='lat' dir='ltr'><strong>ut</strong></span> 
     </span>
    </p>
   </div>
   <div class='ocr_carea' id='block_1_35' title="bbox 2130 1883 3710 1981">
    <p class='ocr_par' dir='ltr' id='par_1_35' title="bbox 2130 1883 3710 1981">
     <span class='ocr_line' id='line_1_35' title="bbox 2130 1883 3710 1981; baseline 0.009 -28"><span class='ocrx_word' id='word_1_260' title='bbox 2130 1901 2370 1973; x_wconf 85' lang='grc' dir='ltr'><strong>Πατρός·</strong></span> <span class='ocrx_word' id='word_1_261' title='bbox 2400 1897 2590 1959; x_wconf 77' lang='grc' dir='ltr'>Εἶπον</span> <span class='ocrx_word' id='word_1_262' title='bbox 2611 1883 2743 1981; x_wconf 83' lang='grc' dir='ltr'>γὰρ,</span> <span class='ocrx_word' id='word_1_263' title='bbox 2775 1908 2929 1979; x_wconf 83' lang='grc' dir='ltr'>φησὶ,</span> <span class='ocrx_word' id='word_1_264' title='bbox 2964 1908 3078 1976; x_wconf 81' lang='grc' dir='ltr'><strong>τὴν</strong></span> <span class='ocrx_word' id='word_1_265' title='bbox 3103 1883 3346 1979; x_wconf 31' lang='lat' dir='ltr'><strong>(rogatae,</strong></span> <span class='ocrx_word' id='word_1_266' title='bbox 3374 1911 3501 1979; x_wconf 77' lang='grc' dir='ltr'><strong>σὴν</strong></span> <span class='ocrx_word' id='word_1_267' title='bbox 3531 1912 3710 1967; x_wconf 79' lang='grc' dir='ltr'>ἀδελ-</span> 
     </span>
    </p>
   </div>
   <div class='ocr_carea' id='block_1_36' title="bbox 457 2001 917 2060">
    <p class='ocr_par' dir='ltr' id='par_1_36' title="bbox 457 2001 917 2060">
     <span class='ocr_line' id='line_1_36' title="bbox 457 2001 917 2060; baseline -0.013 0"><span class='ocrx_word' id='word_1_268' title='bbox 457 2022 608 2060; x_wconf 79' lang='lat' dir='ltr'><strong>soror</strong></span> <span class='ocrx_word' id='word_1_269' title='bbox 636 2016 727 2057; x_wconf 85' lang='lat' dir='ltr'><strong>tua</strong></span> <span class='ocrx_word' id='word_1_270' title='bbox 753 2004 818 2057; x_wconf 75' lang='lat' dir='ltr'><strong>sit</strong></span> <span class='ocrx_word' id='word_1_271' title='bbox 850 2001 917 2054; x_wconf 85' lang='grc'><strong>⁸¹.</strong></span> 
     </span>
    </p>
   </div>
   <div class='ocr_carea' id='block_1_37' title="bbox 526 2090 2022 2153">
    <p class='ocr_par' dir='ltr' id='par_1_37' title="bbox 526 2090 2022 2153">
     <span class='ocr_line' id='line_1_37' title="bbox 526 2090 2022 2153; baseline -0.005 0"><span class='ocrx_word' id='word_1_272' title='bbox 526 2098 572 2129; x_wconf 76' lang='grc'><strong>⁵⁸</strong></span> <span class='ocrx_word' id='word_1_273' title='bbox 604 2096 790 2153; x_wconf 86' lang='lat' dir='ltr'><strong>Gratia</strong></span> <span class='ocrx_word' id='word_1_274' title='bbox 821 2105 876 2151; x_wconf 91' lang='lat' dir='ltr'><strong>et</strong></span> <span class='ocrx_word' id='word_1_275' title='bbox 932 2094 1170 2149; x_wconf 89' lang='lat' dir='ltr'><strong>amicitia</strong></span> <span class='ocrx_word' id='word_1_276' title='bbox 1224 2093 1481 2148; x_wconf 88' lang='lat' dir='ltr'><strong>liberant.</strong></span> <span class='ocrx_word' id='word_1_277' title='bbox 1512 2090 1697 2146; x_wconf 82' lang='lat' dir='ltr'><strong>Virtus</strong></span> <span class='ocrx_word' id='word_1_278' title='bbox 1738 2099 1919 2144; x_wconf 90' lang='lat' dir='ltr'><strong>autem</strong></span> <span class='ocrx_word' id='word_1_279' title='bbox 1971 2099 2022 2146; x_wconf 85' lang='lat' dir='ltr'><strong>et</strong></span> 
     </span>
    </p>
   </div>
   <div class='ocr_carea' id='block_1_38' title="bbox 459 2182 2022 2253">
    <p class='ocr_par' dir='ltr' id='par_1_38' title="bbox 459 2182 2022 2253">
     <span class='ocr_line' id='line_1_38' title="bbox 459 2182 2022 2253; baseline -0.004 -10"><span class='ocrx_word' id='word_1_280' title='bbox 459 2189 684 2245; x_wconf 81' lang='lat' dir='ltr'><strong>scientia</strong></span> <span class='ocrx_word' id='word_1_281' title='bbox 748 2186 1068 2242; x_wconf 88' lang='lat' dir='ltr'><strong>rationalem</strong></span> <span class='ocrx_word' id='word_1_282' title='bbox 1104 2184 1339 2240; x_wconf 88' lang='lat' dir='ltr'><strong>animam</strong></span> <span class='ocrx_word' id='word_1_283' title='bbox 1376 2184 1633 2239; x_wconf 87' lang='lat' dir='ltr'><strong>liberant.</strong></span> <span class='ocrx_word' id='word_1_284' title='bbox 1668 2182 1799 2237; x_wconf 88' lang='lat' dir='ltr'><strong>Nam</strong></span> <span class='ocrx_word' id='word_1_285' title='bbox 1852 2184 2022 2253; x_wconf 76' lang='lat' dir='ltr'><strong>gratia</strong></span> 
     </span>
    </p>
   </div>
   <div class='ocr_carea' id='block_1_39' title="bbox 452 2274 2024 2345">
    <p class='ocr_par' dir='ltr' id='par_1_39' title="bbox 452 2274 2024 2345">
     <span class='ocr_line' id='line_1_39' title="bbox 452 2274 2024 2345; baseline -0.003 -10"><span class='ocrx_word' id='word_1_286' title='bbox 452 2294 507 2337; x_wconf 91' lang='lat' dir='ltr'><strong>et</strong></span> <span class='ocrx_word' id='word_1_287' title='bbox 543 2282 809 2345; x_wconf 87' lang='lat' dir='ltr'><strong>amicitia,</strong></span> <span class='ocrx_word' id='word_1_288' title='bbox 837 2280 1011 2334; x_wconf 89' lang='lat' dir='ltr'><strong>virtus</strong></span> <span class='ocrx_word' id='word_1_289' title='bbox 1033 2288 1089 2332; x_wconf 90' lang='lat' dir='ltr'><strong>et</strong></span> <span class='ocrx_word' id='word_1_290' title='bbox 1120 2278 1347 2332; x_wconf 89' lang='lat' dir='ltr'><strong>scientia</strong></span> <span class='ocrx_word' id='word_1_291' title='bbox 1390 2286 1535 2331; x_wconf 87' lang='lat' dir='ltr'><strong>sunt.</strong></span> <span class='ocrx_word' id='word_1_292' title='bbox 1577 2274 1695 2330; x_wconf 85' lang='lat' dir='ltr'><strong>Jam</strong></span> <span class='ocrx_word' id='word_1_293' title='bbox 1723 2276 1769 2331; x_wconf 87' lang='lat' dir='ltr'><strong>si</strong></span> <span class='ocrx_word' id='word_1_294' title='bbox 1828 2290 2024 2330; x_wconf 91' lang='lat' dir='ltr'><strong>cervus</strong></span> 
     </span>
    </p>
   </div>
   <div class='ocr_carea' id='block_1_40' title="bbox 449 2367 2023 2440">
    <p class='ocr_par' dir='ltr' id='par_1_40' title="bbox 449 2367 2023 2440">
     <span class='ocr_line' id='line_1_40' title="bbox 449 2367 2023 2440; baseline -0.005 -13"><span class='ocrx_word' id='word_1_295' title='bbox 449 2389 514 2427; x_wconf 76' lang='lat' dir='ltr'><strong>ex</strong></span> <span class='ocrx_word' id='word_1_296' title='bbox 558 2372 818 2436; x_wconf 84' lang='lat' dir='ltr'><strong>amicitia,</strong></span> <span class='ocrx_word' id='word_1_297' title='bbox 851 2382 906 2426; x_wconf 90' lang='lat' dir='ltr'><strong>et</strong></span> <span class='ocrx_word' id='word_1_298' title='bbox 938 2370 1116 2440; x_wconf 88' lang='lat' dir='ltr'><strong>pullus</strong></span> <span class='ocrx_word' id='word_1_299' title='bbox 1154 2384 1218 2422; x_wconf 81' lang='lat' dir='ltr'><strong>ex</strong></span> <span class='ocrx_word' id='word_1_300' title='bbox 1268 2368 1457 2440; x_wconf 80' lang='lat' dir='ltr'><strong>gratiis</strong></span> <span class='ocrx_word' id='word_1_301' title='bbox 1516 2367 1790 2439; x_wconf 75' lang='lat' dir='ltr'><strong>gignitur;</strong></span> <span class='ocrx_word' id='word_1_302' title='bbox 1833 2380 2023 2419; x_wconf 87' lang='lat' dir='ltr'><strong>cervus</strong></span> 
     </span>
    </p>
   </div>
   <div class='ocr_carea' id='block_1_41' title="bbox 450 2457 2023 2532">
    <p class='ocr_par' dir='ltr' id='par_1_41' title="bbox 450 2457 2023 2532">
     <span class='ocr_line' id='line_1_41' title="bbox 450 2457 2023 2532; baseline -0.004 -16"><span class='ocrx_word' id='word_1_303' title='bbox 450 2463 669 2532; x_wconf 78' lang='lat' dir='ltr'><strong>quidem</strong></span> <span class='ocrx_word' id='word_1_304' title='bbox 702 2473 788 2517; x_wconf 83' lang='lat' dir='ltr'><strong>est</strong></span> <span class='ocrx_word' id='word_1_305' title='bbox 837 2459 1315 2529; x_wconf 84' lang='lat' dir='ltr'><strong>contemplationis</strong></span> <span class='ocrx_word' id='word_1_306' title='bbox 1351 2458 1676 2530; x_wconf 81' lang='lat' dir='ltr'><strong>symbolum,</strong></span> <span class='ocrx_word' id='word_1_307' title='bbox 1712 2457 1889 2526; x_wconf 89' lang='lat' dir='ltr'><strong>pullus</strong></span> <span class='ocrx_word' id='word_1_308' title='bbox 1921 2473 2023 2511; x_wconf 92' lang='lat' dir='ltr'><strong>au-</strong></span> 
     </span>
    </p>
   </div>
   <div class='ocr_carea' id='block_1_42' title="bbox 453 2547 2021 2621">
    <p class='ocr_par' dir='ltr' id='par_1_42' title="bbox 453 2547 2021 2621">
     <span class='ocr_line' id='line_1_42' title="bbox 453 2547 2021 2621; baseline -0.001 -17"><span class='ocrx_word' id='word_1_309' title='bbox 453 2564 559 2606; x_wconf 88' lang='lat' dir='ltr'><strong>tem</strong></span> <span class='ocrx_word' id='word_1_310' title='bbox 583 2551 789 2621; x_wconf 65' lang='lat' dir='ltr'><strong>quietis</strong></span> <span class='ocrx_word' id='word_1_311' title='bbox 827 2566 857 2603; x_wconf 94' lang='lat' dir='ltr'><strong>a</strong></span> <span class='ocrx_word' id='word_1_312' title='bbox 892 2548 1319 2619; x_wconf 75' lang='lat' dir='ltr'><strong>cupiditatibus;</strong></span> <span class='ocrx_word' id='word_1_313' title='bbox 1371 2562 1602 2617; x_wconf 90' lang='lat' dir='ltr'><strong>quorum</strong></span> <span class='ocrx_word' id='word_1_314' title='bbox 1659 2547 1891 2602; x_wconf 89' lang='lat' dir='ltr'><strong>alterum</strong></span> <span class='ocrx_word' id='word_1_315' title='bbox 1955 2562 2021 2603; x_wconf 83' lang='lat' dir='ltr'><strong>ex</strong></span> 
     </span>
    </p>
   </div>
   <div class='ocr_carea' id='block_1_43' title="bbox 449 2641 2021 2711">
    <p class='ocr_par' dir='ltr' id='par_1_43' title="bbox 449 2641 2021 2711">
     <span class='ocr_line' id='line_1_43' title="bbox 449 2641 2021 2711; baseline -0.004 -10"><span class='ocrx_word' id='word_1_316' title='bbox 449 2646 764 2711; x_wconf 89' lang='lat' dir='ltr'><strong>virtutibus,</strong></span> <span class='ocrx_word' id='word_1_317' title='bbox 795 2644 1025 2700; x_wconf 89' lang='lat' dir='ltr'><strong>alterum</strong></span> <span class='ocrx_word' id='word_1_318' title='bbox 1073 2658 1139 2698; x_wconf 80' lang='lat' dir='ltr'><strong>ex</strong></span> <span class='ocrx_word' id='word_1_319' title='bbox 1187 2642 1411 2697; x_wconf 87' lang='lat' dir='ltr'><strong>scientia</strong></span> <span class='ocrx_word' id='word_1_320' title='bbox 1446 2641 1677 2696; x_wconf 85' lang='lat' dir='ltr'><strong>conﬁeri</strong></span> <span class='ocrx_word' id='word_1_321' title='bbox 1739 2657 2021 2708; x_wconf 70' lang='lat' dir='ltr'><strong>compara-</strong></span> 
     </span>
    </p>
   </div>
   <div class='ocr_carea' id='block_1_44' title="bbox 451 2733 2020 2804">
    <p class='ocr_par' dir='ltr' id='par_1_44' title="bbox 451 2733 2020 2804">
     <span class='ocr_line' id='line_1_44' title="bbox 451 2733 2020 2804; baseline -0.004 -11"><span class='ocrx_word' id='word_1_322' title='bbox 451 2749 565 2793; x_wconf 90' lang='lat' dir='ltr'><strong>tum</strong></span> <span class='ocrx_word' id='word_1_323' title='bbox 591 2748 694 2793; x_wconf 87' lang='lat' dir='ltr'><strong>est.</strong></span> <span class='ocrx_word' id='word_1_324' title='bbox 726 2767 798 2777; x_wconf 93' lang='lat'><strong><em>—</em></strong></span> <span class='ocrx_word' id='word_1_325' title='bbox 826 2737 1032 2792; x_wconf 84' lang='lat' dir='ltr'><strong>Cervus</strong></span> <span class='ocrx_word' id='word_1_326' title='bbox 1061 2746 1145 2789; x_wconf 89' lang='lat' dir='ltr'><strong>cst</strong></span> <span class='ocrx_word' id='word_1_327' title='bbox 1178 2733 1659 2804; x_wconf 87' lang='lat' dir='ltr'><strong>contemplationis</strong></span> <span class='ocrx_word' id='word_1_328' title='bbox 1707 2734 2020 2804; x_wconf 89' lang='lat' dir='ltr'><strong>symbolum</strong></span> 
     </span>
    </p>
   </div>
   <div class='ocr_carea' id='block_1_45' title="bbox 445 2826 2022 2900">
    <p class='ocr_par' dir='ltr' id='par_1_45' title="bbox 445 2826 2022 2900">
     <span class='ocr_line' id='line_1_45' title="bbox 445 2826 2022 2900; baseline -0.005 -13"><span class='ocrx_word' id='word_1_329' title='bbox 445 2832 591 2887; x_wconf 84' lang='lat' dir='ltr'><strong>circa</strong></span> <span class='ocrx_word' id='word_1_330' title='bbox 623 2844 883 2900; x_wconf 91' lang='lat' dir='ltr'><strong>corporea</strong></span> <span class='ocrx_word' id='word_1_331' title='bbox 905 2840 959 2881; x_wconf 88' lang='lat' dir='ltr'><strong>et</strong></span> <span class='ocrx_word' id='word_1_332' title='bbox 991 2828 1307 2896; x_wconf 88' lang='lat' dir='ltr'><strong>incorporea</strong></span> <span class='ocrx_word' id='word_1_333' title='bbox 1337 2837 1390 2881; x_wconf 91' lang='lat' dir='ltr'><strong>et</strong></span> <span class='ocrx_word' id='word_1_334' title='bbox 1415 2826 1700 2881; x_wconf 83' lang='lat' dir='ltr'><strong>scientiam</strong></span> <span class='ocrx_word' id='word_1_335' title='bbox 1732 2826 1822 2878; x_wconf 88' lang='lat' dir='ltr'><strong>Dei</strong></span> <span class='ocrx_word' id='word_1_336' title='bbox 1850 2826 2022 2879; x_wconf 84' lang='lat' dir='ltr'><strong>:attti-</strong></span> 
     </span>
    </p>
   </div>
   <div class='ocr_carea' id='block_1_46' title="bbox 450 2917 2014 2988">
    <p class='ocr_par' dir='ltr' id='par_1_46' title="bbox 450 2917 2014 2988">
     <span class='ocr_line' id='line_1_46' title="bbox 450 2917 2014 2988; baseline -0.003 -11"><span class='ocrx_word' id='word_1_337' title='bbox 450 2923 581 2977; x_wconf 78' lang='lat' dir='ltr'><strong>cilia</strong></span> <span class='ocrx_word' id='word_1_338' title='bbox 630 2931 833 2979; x_wconf 87' lang='lat' dir='ltr'><strong>autem.</strong></span> <span class='ocrx_word' id='word_1_339' title='bbox 863 2919 1171 2974; x_wconf 86' lang='lat' dir='ltr'><strong>dilectionis</strong></span> <span class='ocrx_word' id='word_1_340' title='bbox 1196 2934 1322 2988; x_wconf 77' lang='lat' dir='ltr'><strong>erga</strong></span> <span class='ocrx_word' id='word_1_341' title='bbox 1385 2918 1552 2973; x_wconf 90' lang='lat' dir='ltr'><strong>Deum</strong></span> <span class='ocrx_word' id='word_1_342' title='bbox 1606 2930 1662 2971; x_wconf 88' lang='lat' dir='ltr'><strong>et</strong></span> <span class='ocrx_word' id='word_1_343' title='bbox 1722 2917 2014 2972; x_wconf 84' lang='lat' dir='ltr'><strong>homines:</strong></span> 
     </span>
    </p>
   </div>
   <div class='ocr_carea' id='block_1_47' title="bbox 447 3010 2021 3086">
    <p class='ocr_par' dir='ltr' id='par_1_47' title="bbox 447 3010 2021 3086">
     <span class='ocr_line' id='line_1_47' title="bbox 447 3010 2021 3086; baseline -0.003 -18"><span class='ocrx_word' id='word_1_344' title='bbox 447 3015 630 3086; x_wconf 85' lang='lat' dir='ltr'><strong>pullus</strong></span> <span class='ocrx_word' id='word_1_345' title='bbox 662 3013 920 3083; x_wconf 90' lang='lat' dir='ltr'><strong>denique,</strong></span> <span class='ocrx_word' id='word_1_346' title='bbox 954 3011 1329 3083; x_wconf 88' lang='lat' dir='ltr'><strong>imperturbati</strong></span> <span class='ocrx_word' id='word_1_347' title='bbox 1355 3012 1544 3066; x_wconf 90' lang='lat' dir='ltr'><strong>animi.</strong></span> <span class='ocrx_word' id='word_1_348' title='bbox 1565 3011 1630 3064; x_wconf 87' lang='lat' dir='ltr'><strong>Et</strong></span> <span class='ocrx_word' id='word_1_349' title='bbox 1663 3010 1870 3073; x_wconf 82' lang='lat' dir='ltr'><strong>theoria</strong></span> <span class='ocrx_word' id='word_1_350' title='bbox 1906 3010 2021 3079; x_wconf 81' lang='lat' dir='ltr'><strong>qui-</strong></span> 
     </span>
    </p>
   </div>
   <div class='ocr_carea' id='block_1_48' title="bbox 444 3101 2014 3170">
    <p class='ocr_par' dir='ltr' id='par_1_48' title="bbox 444 3101 2014 3170">
     <span class='ocr_line' id='line_1_48' title="bbox 444 3101 2014 3170; baseline -0.004 -10"><span class='ocrx_word' id='word_1_351' title='bbox 444 3107 567 3161; x_wconf 86' lang='lat' dir='ltr'><strong>dem</strong></span> <span class='ocrx_word' id='word_1_352' title='bbox 606 3104 848 3160; x_wconf 75' lang='lat' dir='ltr'><strong>scicntiae</strong></span> <span class='ocrx_word' id='word_1_353' title='bbox 886 3103 1003 3169; x_wconf 90' lang='lat' dir='ltr'><strong>Dei,</strong></span> <span class='ocrx_word' id='word_1_354' title='bbox 1044 3118 1109 3157; x_wconf 82' lang='lat' dir='ltr'><strong>ex</strong></span> <span class='ocrx_word' id='word_1_355' title='bbox 1150 3102 1343 3157; x_wconf 79' lang='lat' dir='ltr'><strong>anima:</strong></span> <span class='ocrx_word' id='word_1_356' title='bbox 1396 3101 1683 3154; x_wconf 77' lang='lat' dir='ltr'><strong>virtutibus</strong></span> <span class='ocrx_word' id='word_1_357' title='bbox 1743 3101 2014 3170; x_wconf 86' lang='lat' dir='ltr'><strong>procreari</strong></span> 
     </span>
    </p>
   </div>
   <div class='ocr_carea' id='block_1_49' title="bbox 2129 1990 2455 2063">
    <p class='ocr_par' dir='ltr' id='par_1_49' title="bbox 2129 1990 2455 2063">
     <span class='ocr_line' id='line_1_49' title="bbox 2129 1990 2455 2063; baseline 0.009 -16"><span class='ocrx_word' id='word_1_358' title='bbox 2129 1992 2255 2063; x_wconf 73' lang='grc' dir='ltr'><strong>φὴν</strong></span> <span class='ocrx_word' id='word_1_359' title='bbox 2276 1990 2455 2051; x_wconf 80' lang='grc' dir='ltr'>εἷναι.-</span> 
     </span>
    </p>
   </div>
   <div class='ocr_carea' id='block_1_50' title="bbox 2213 2085 3712 2168">
    <p class='ocr_par' dir='ltr' id='par_1_50' title="bbox 2213 2085 3712 2168">
     <span class='ocr_line' id='line_1_50' title="bbox 2213 2085 3712 2168; baseline 0.006 -29"><span class='ocrx_word' id='word_1_360' title='bbox 2213 2085 2275 2139; x_wconf 86' lang='grc' dir='ltr'><strong>Ἦ</strong></span> <span class='ocrx_word' id='word_1_361' title='bbox 2300 2088 2459 2159; x_wconf 88' lang='grc' dir='ltr'>χάρις</span> <span class='ocrx_word' id='word_1_362' title='bbox 2484 2090 2578 2143; x_wconf 80' lang='grc' dir='ltr'>καὶ</span> <span class='ocrx_word' id='word_1_363' title='bbox 2615 2092 2647 2161; x_wconf 83' lang='grc' dir='ltr'>ἠ</span> <span class='ocrx_word' id='word_1_364' title='bbox 2689 2090 2840 2161; x_wconf 91' lang='grc' dir='ltr'>φιλία</span> <span class='ocrx_word' id='word_1_365' title='bbox 2873 2090 3240 2166; x_wconf 76' lang='grc' dir='ltr'>ἐλευθεροῖ·η</span> <span class='ocrx_word' id='word_1_366' title='bbox 3294 2095 3350 2150; x_wconf 85' lang='grc' dir='ltr'>δὲ</span> <span class='ocrx_word' id='word_1_367' title='bbox 3395 2094 3565 2168; x_wconf 76' lang='grc' dir='ltr'>ἀρετὴ</span> <span class='ocrx_word' id='word_1_368' title='bbox 3610 2095 3712 2149; x_wconf 58' lang='grc' dir='ltr'><strong>καὶ⁸</strong></span> 
     </span>
    </p>
   </div>
   <div class='ocr_carea' id='block_1_51' title="bbox 2127 2177 3714 2261">
    <p class='ocr_par' dir='ltr' id='par_1_51' title="bbox 2127 2177 3714 2261">
     <span class='ocr_line' id='line_1_51' title="bbox 2127 2177 3714 2261; baseline 0.008 -32"><span class='ocrx_word' id='word_1_369' title='bbox 2127 2177 2325 2245; x_wconf 90' lang='grc' dir='ltr'>γνῶσις</span> <span class='ocrx_word' id='word_1_370' title='bbox 2359 2180 2699 2252; x_wconf 76' lang='grc' dir='ltr'>ἐλευθεροῦσι</span> <span class='ocrx_word' id='word_1_371' title='bbox 2758 2182 2937 2255; x_wconf 70' lang='grc' dir='ltr'>ψυχὴν</span> <span class='ocrx_word' id='word_1_372' title='bbox 2986 2185 3245 2257; x_wconf 82' lang='grc' dir='ltr'>λογικήν·</span> <span class='ocrx_word' id='word_1_373' title='bbox 3304 2189 3338 2258; x_wconf 80' lang='grc' dir='ltr'><strong>η</strong></span> <span class='ocrx_word' id='word_1_374' title='bbox 3394 2188 3553 2259; x_wconf 90' lang='grc' dir='ltr'>χάρις</span> <span class='ocrx_word' id='word_1_375' title='bbox 3592 2189 3714 2261; x_wconf 5' lang='grc' dir='ltr'>,γάρ</span> 
     </span>
    </p>
   </div>
   <div class='ocr_carea' id='block_1_52' title="bbox 2126 2270 3713 2351">
    <p class='ocr_par' dir='ltr' id='par_1_52' title="bbox 2126 2270 3713 2351">
     <span class='ocr_line' id='line_1_52' title="bbox 2126 2270 3713 2351; baseline 0.007 -28"><span class='ocrx_word' id='word_1_376' title='bbox 2126 2270 2221 2323; x_wconf 77' lang='grc' dir='ltr'>καὶ</span> <span class='ocrx_word' id='word_1_377' title='bbox 2249 2272 2281 2341; x_wconf 84' lang='grc' dir='ltr'>ή</span> <span class='ocrx_word' id='word_1_378' title='bbox 2311 2270 2481 2340; x_wconf 87' lang='grc' dir='ltr'>φιλία,</span> <span class='ocrx_word' id='word_1_379' title='bbox 2509 2273 2678 2345; x_wconf 81' lang='grc' dir='ltr'>ἀρετὴ</span> <span class='ocrx_word' id='word_1_380' title='bbox 2712 2276 2806 2329; x_wconf 70' lang='grc' dir='ltr'>καὶ</span> <span class='ocrx_word' id='word_1_381' title='bbox 2841 2275 3042 2342; x_wconf 87' lang='grc' dir='ltr'>γνῶσίς</span> <span class='ocrx_word' id='word_1_382' title='bbox 3080 2278 3259 2331; x_wconf 76' lang='grc' dir='ltr'>ἐστιν·</span> <span class='ocrx_word' id='word_1_383' title='bbox 3300 2279 3350 2332; x_wconf 83' lang='grc' dir='ltr'><strong>εί</strong></span> <span class='ocrx_word' id='word_1_384' title='bbox 3399 2279 3453 2332; x_wconf 87' lang='grc' dir='ltr'>δὲ</span> <span class='ocrx_word' id='word_1_385' title='bbox 3506 2280 3713 2351; x_wconf 79' lang='grc' dir='ltr'>ἔλαφος</span> 
     </span>
    </p>
   </div>
   <div class='ocr_carea' id='block_1_53' title="bbox 2127 2364 3714 2445">
    <p class='ocr_par' dir='ltr' id='par_1_53' title="bbox 2127 2364 3714 2445">
     <span class='ocr_line' id='line_1_53' title="bbox 2127 2364 3714 2445; baseline 0.006 -28"><span class='ocrx_word' id='word_1_386' title='bbox 2127 2368 2189 2417; x_wconf 83' lang='grc' dir='ltr'>ὲκ</span> <span class='ocrx_word' id='word_1_387' title='bbox 2219 2364 2317 2434; x_wconf 79' lang='grc' dir='ltr'>τῆς</span> <span class='ocrx_word' id='word_1_388' title='bbox 2340 2365 2541 2434; x_wconf 85' lang='grc' dir='ltr'>φιλίας,</span> <span class='ocrx_word' id='word_1_389' title='bbox 2568 2368 2596 2419; x_wconf 92' lang='lat'><strong>6</strong></span> <span class='ocrx_word' id='word_1_390' title='bbox 2620 2367 2794 2431; x_wconf 85' lang='grc' dir='ltr'>πῶλος</span> <span class='ocrx_word' id='word_1_391' title='bbox 2832 2369 2895 2421; x_wconf 82' lang='grc' dir='ltr'>ὲκ</span> <span class='ocrx_word' id='word_1_392' title='bbox 2923 2368 3031 2423; x_wconf 89' lang='grc' dir='ltr'><strong>τῶν</strong></span> <span class='ocrx_word' id='word_1_393' title='bbox 3059 2370 3297 2441; x_wconf 88' lang='grc' dir='ltr'>χαρίτων</span> <span class='ocrx_word' id='word_1_394' title='bbox 3324 2372 3578 2441; x_wconf 75' lang='grc' dir='ltr'>γεννᾶται</span> <span class='ocrx_word' id='word_1_395' title='bbox 3611 2390 3624 2402; x_wconf 88' lang='grc'><strong>·</strong></span> <span class='ocrx_word' id='word_1_396' title='bbox 3674 2375 3714 2445; x_wconf 76' lang='grc' dir='ltr'>ἡ</span> 
     </span>
    </p>
   </div>
   <div class='ocr_carea' id='block_1_54' title="bbox 2123 2452 3711 2532">
    <p class='ocr_par' dir='ltr' id='par_1_54' title="bbox 2123 2452 3711 2532">
     <span class='ocr_line' id='line_1_54' title="bbox 2123 2452 3711 2532; baseline 0.006 -24"><span class='ocrx_word' id='word_1_397' title='bbox 2123 2452 2215 2509; x_wconf 79' lang='grc' dir='ltr'>οὖν</span> <span class='ocrx_word' id='word_1_398' title='bbox 2248 2456 2444 2528; x_wconf 74' lang='grc' dir='ltr'>ἔλαφός</span> <span class='ocrx_word' id='word_1_399' title='bbox 2467 2461 2583 2513; x_wconf 79' lang='grc' dir='ltr'>ἐστι</span> <span class='ocrx_word' id='word_1_400' title='bbox 2611 2458 2712 2529; x_wconf 81' lang='grc' dir='ltr'>τῆς</span> <span class='ocrx_word' id='word_1_401' title='bbox 2746 2460 2975 2530; x_wconf 87' lang='grc' dir='ltr'>θεωρίας</span> <span class='ocrx_word' id='word_1_402' title='bbox 3000 2461 3264 2532; x_wconf 86' lang='grc' dir='ltr'>σύμϐολον</span> <span class='ocrx_word' id='word_1_403' title='bbox 3284 2480 3297 2494; x_wconf 96' lang='grc'><strong>·</strong></span> <span class='ocrx_word' id='word_1_404' title='bbox 3346 2465 3375 2516; x_wconf 92' lang='lat'><strong>6</strong></span> <span class='ocrx_word' id='word_1_405' title='bbox 3405 2463 3462 2517; x_wconf 84' lang='grc' dir='ltr'>δὲ</span> <span class='ocrx_word' id='word_1_406' title='bbox 3502 2465 3711 2530; x_wconf 83' lang='grc' dir='ltr'>πῶλος,</span> 
     </span>
    </p>
   </div>
   <div class='ocr_carea' id='block_1_55' title="bbox 2122 2550 3709 2627">
    <p class='ocr_par' dir='ltr' id='par_1_55' title="bbox 2122 2550 3709 2627">
     <span class='ocr_line' id='line_1_55' title="bbox 2122 2550 3709 2627; baseline 0.007 -27"><span class='ocrx_word' id='word_1_407' title='bbox 2122 2550 2224 2619; x_wconf 79' lang='grc' dir='ltr'>τῆς</span> <span class='ocrx_word' id='word_1_408' title='bbox 2244 2550 2512 2613; x_wconf 83' lang='grc' dir='ltr'>ἀπαθείας</span> <span class='ocrx_word' id='word_1_409' title='bbox 2533 2567 2547 2580; x_wconf 92' lang='grc'><strong>·</strong></span> <span class='ocrx_word' id='word_1_410' title='bbox 2589 2552 2623 2621; x_wconf 80' lang='grc' dir='ltr'><strong>ἡ</strong></span> <span class='ocrx_word' id='word_1_411' title='bbox 2665 2551 2763 2622; x_wconf 86' lang='grc' dir='ltr'>μὲν</span> <span class='ocrx_word' id='word_1_412' title='bbox 2793 2551 2923 2623; x_wconf 87' lang='grc' dir='ltr'>γὰρ,</span> <span class='ocrx_word' id='word_1_413' title='bbox 2950 2552 3008 2619; x_wconf 74' lang='grc' dir='ltr'><strong>ἐξ</strong></span> <span class='ocrx_word' id='word_1_414' title='bbox 3042 2553 3250 2625; x_wconf 84' lang='grc' dir='ltr'>ἀρετῶν</span> <span class='ocrx_word' id='word_1_415' title='bbox 3272 2570 3284 2581; x_wconf 91' lang='grc'><strong>·</strong></span> <span class='ocrx_word' id='word_1_416' title='bbox 3315 2557 3349 2624; x_wconf 79' lang='grc' dir='ltr'><strong>ἡ</strong></span> <span class='ocrx_word' id='word_1_417' title='bbox 3374 2555 3452 2619; x_wconf 81' lang='grc' dir='ltr'>δὲ,</span> <span class='ocrx_word' id='word_1_418' title='bbox 3501 2557 3567 2609; x_wconf 78' lang='grc' dir='ltr'>ἐκ</span> <span class='ocrx_word' id='word_1_419' title='bbox 3603 2556 3709 2627; x_wconf 84' lang='grc' dir='ltr'>τῆς</span> 
     </span>
    </p>
   </div>
   <div class='ocr_carea' id='block_1_56' title="bbox 2123 2637 3716 2714">
    <p class='ocr_par' dir='ltr' id='par_1_56' title="bbox 2123 2637 3716 2714">
     <span class='ocr_line' id='line_1_56' title="bbox 2123 2637 3716 2714; baseline 0.007 -24"><span class='ocrx_word' id='word_1_420' title='bbox 2123 2637 2372 2706; x_wconf 83' lang='grc' dir='ltr'>γνώσεως</span> <span class='ocrx_word' id='word_1_421' title='bbox 2400 2639 2645 2707; x_wconf 86' lang='grc' dir='ltr'>γίνεσθαι</span> <span class='ocrx_word' id='word_1_422' title='bbox 2682 2640 2943 2709; x_wconf 78' lang='grc' dir='ltr'>πέφυκεν.</span> <span class='ocrx_word' id='word_1_423' title='bbox 2985 2673 3053 2682; x_wconf 93' lang='lat'>—</span> <span class='ocrx_word' id='word_1_424' title='bbox 3082 2642 3146 2695; x_wconf 84' lang='grc' dir='ltr'>Ἡ</span> <span class='ocrx_word' id='word_1_425' title='bbox 3193 2643 3292 2714; x_wconf 79' lang='grc' dir='ltr'>μὲν</span> <span class='ocrx_word' id='word_1_426' title='bbox 3334 2644 3533 2714; x_wconf 85' lang='grc' dir='ltr'>ἔλαφός</span> <span class='ocrx_word' id='word_1_427' title='bbox 3557 2648 3716 2701; x_wconf 78' lang='grc' dir='ltr'>ἐστιν</span> 
     </span>
    </p>
   </div>
   <div class='ocr_carea' id='block_1_57' title="bbox 2124 2730 3715 2807">
    <p class='ocr_par' dir='ltr' id='par_1_57' title="bbox 2124 2730 3715 2807">
     <span class='ocr_line' id='line_1_57' title="bbox 2124 2730 3715 2807; baseline 0.005 -24"><span class='ocrx_word' id='word_1_428' title='bbox 2124 2730 2356 2802; x_wconf 87' lang='grc' dir='ltr'>θεωρίας</span> <span class='ocrx_word' id='word_1_429' title='bbox 2410 2733 2709 2803; x_wconf 81' lang='grc' dir='ltr'>σύμϐολον,</span> <span class='ocrx_word' id='word_1_430' title='bbox 2763 2734 3031 2805; x_wconf 89' lang='grc' dir='ltr'>σωμάτων</span> <span class='ocrx_word' id='word_1_431' title='bbox 3106 2735 3202 2789; x_wconf 69' lang='grc' dir='ltr'><strong>καλ⁵</strong></span> <span class='ocrx_word' id='word_1_432' title='bbox 3242 2737 3551 2807; x_wconf 79' lang='grc' dir='ltr'>ἀσωμάτων</span> <span class='ocrx_word' id='word_1_433' title='bbox 3611 2741 3715 2793; x_wconf 80' lang='grc' dir='ltr'>καὶ</span> 
     </span>
    </p>
   </div>
   <div class='ocr_carea' id='block_1_58' title="bbox 2121 2824 3793 2901">
    <p class='ocr_par' dir='ltr' id='par_1_58' title="bbox 2121 2824 3793 2901">
     <span class='ocr_line' id='line_1_58' title="bbox 2121 2824 3793 2901; baseline 0.007 -26"><span class='ocrx_word' id='word_1_434' title='bbox 2121 2824 2379 2891; x_wconf 81' lang='grc' dir='ltr'>γνώσεως</span> <span class='ocrx_word' id='word_1_435' title='bbox 2411 2824 2546 2877; x_wconf 84' lang='grc' dir='ltr'>Θεοῦ</span> <span class='ocrx_word' id='word_1_436' title='bbox 2573 2843 2586 2856; x_wconf 95' lang='grc'><strong>·</strong></span> <span class='ocrx_word' id='word_1_437' title='bbox 2620 2828 2652 2897; x_wconf 80' lang='grc' dir='ltr'>ἡ</span> <span class='ocrx_word' id='word_1_438' title='bbox 2682 2826 2739 2879; x_wconf 83' lang='grc' dir='ltr'>δὲ</span> <span class='ocrx_word' id='word_1_439' title='bbox 2772 2828 2945 2896; x_wconf 87' lang='grc' dir='ltr'>φιλία,</span> <span class='ocrx_word' id='word_1_440' title='bbox 2977 2828 3077 2899; x_wconf 78' lang='grc' dir='ltr'><strong>τῆς</strong></span> <span class='ocrx_word' id='word_1_441' title='bbox 3118 2829 3255 2901; x_wconf 83' lang='grc' dir='ltr'>πρὸς</span> <span class='ocrx_word' id='word_1_442' title='bbox 3285 2831 3417 2884; x_wconf 84' lang='grc' dir='ltr'>Θεὸν</span> <span class='ocrx_word' id='word_1_443' title='bbox 3465 2832 3561 2887; x_wconf 75' lang='grc' dir='ltr'>καὶ</span> <span class='ocrx_word' id='word_1_444' title='bbox 3616 2833 3715 2886; x_wconf 78' lang='grc' dir='ltr'><strong>τὸν</strong></span> <span class='ocrx_word' id='word_1_445' title='bbox 3790 2848 3793 2851; x_wconf 69' lang='grc'><strong><em>⁷</em></strong></span> 
     </span>
    </p>
   </div>
   <div class='ocr_carea' id='block_1_59' title="bbox 2124 2917 3712 2996">
    <p class='ocr_par' dir='ltr' id='par_1_59' title="bbox 2124 2917 3712 2996">
     <span class='ocr_line' id='line_1_59' title="bbox 2124 2917 3712 2996; baseline 0.004 -26"><span class='ocrx_word' id='word_1_446' title='bbox 2124 2917 2347 2987; x_wconf 86' lang='grc' dir='ltr'>πλησίον</span> <span class='ocrx_word' id='word_1_447' title='bbox 2383 2918 2601 2989; x_wconf 81' lang='grc' dir='ltr'>ἀγάπης</span> <span class='ocrx_word' id='word_1_448' title='bbox 2623 2932 2636 2948; x_wconf 88' lang='lat'><strong>&#39;</strong></span> <span class='ocrx_word' id='word_1_449' title='bbox 2673 2919 2702 2971; x_wconf 97' lang='lat'><strong>6</strong></span> <span class='ocrx_word' id='word_1_450' title='bbox 2735 2919 2792 2972; x_wconf 81' lang='grc' dir='ltr'>δὲ</span> <span class='ocrx_word' id='word_1_451' title='bbox 2837 2918 3036 2983; x_wconf 83' lang='grc' dir='ltr'>πῶλος,</span> <span class='ocrx_word' id='word_1_452' title='bbox 3062 2920 3161 2991; x_wconf 80' lang='grc' dir='ltr'>τῆς</span> <span class='ocrx_word' id='word_1_453' title='bbox 3192 2922 3457 2986; x_wconf 84' lang='grc' dir='ltr'>ἀπαθείας</span> <span class='ocrx_word' id='word_1_454' title='bbox 3478 2940 3491 2952; x_wconf 92' lang='grc'><strong>·</strong></span> <span class='ocrx_word' id='word_1_455' title='bbox 3527 2924 3625 2977; x_wconf 77' lang='grc' dir='ltr'>καὶ</span> <span class='ocrx_word' id='word_1_456' title='bbox 3672 2928 3712 2996; x_wconf 80' lang='grc' dir='ltr'>ἡ</span> 
     </span>
    </p>
   </div>
   <div class='ocr_carea' id='block_1_60' title="bbox 2125 3009 3713 3087">
    <p class='ocr_par' dir='ltr' id='par_1_60' title="bbox 2125 3009 3713 3087">
     <span class='ocr_line' id='line_1_60' title="bbox 2125 3009 3713 3087; baseline 0.006 -26"><span class='ocrx_word' id='word_1_457' title='bbox 2125 3009 2223 3080; x_wconf 83' lang='grc' dir='ltr'>μὲν</span> <span class='ocrx_word' id='word_1_458' title='bbox 2254 3010 2453 3087; x_wconf 75' lang='grc' dir='ltr'>θεωρία</span> <span class='ocrx_word' id='word_1_459' title='bbox 2490 3011 2589 3081; x_wconf 81' lang='grc' dir='ltr'><strong>τῆς</strong></span> <span class='ocrx_word' id='word_1_460' title='bbox 2611 3012 2745 3083; x_wconf 76' lang='grc' dir='ltr'>πρὸς</span> <span class='ocrx_word' id='word_1_461' title='bbox 2770 3011 2901 3066; x_wconf 84' lang='grc' dir='ltr'>Θεὸν</span> <span class='ocrx_word' id='word_1_462' title='bbox 2924 3011 3196 3080; x_wconf 84' lang='grc' dir='ltr'>γνώσεως,</span> <span class='ocrx_word' id='word_1_463' title='bbox 3226 3013 3283 3080; x_wconf 76' lang='grc' dir='ltr'>ἐξ</span> <span class='ocrx_word' id='word_1_464' title='bbox 3306 3015 3515 3086; x_wconf 80' lang='grc' dir='ltr'>ἀρετῶν</span> <span class='ocrx_word' id='word_1_465' title='bbox 3541 3016 3713 3070; x_wconf 71' lang='grc' dir='ltr'>εἴωθε</span> 
     </span>
    </p>
   </div>
   <div class='ocr_carea' id='block_1_61' title="bbox 2121 3101 3715 3177">
    <p class='ocr_par' dir='ltr' id='par_1_61' title="bbox 2121 3101 3715 3177">
     <span class='ocr_line' id='line_1_61' title="bbox 2121 3101 3715 3177; baseline 0.004 -23"><span class='ocrx_word' id='word_1_466' title='bbox 2121 3102 2365 3169; x_wconf 91' lang='grc' dir='ltr'>γίνεσθαι</span> <span class='ocrx_word' id='word_1_467' title='bbox 2387 3101 2663 3173; x_wconf 77' lang='grc' dir='ltr'>ψυχικῶν·</span> <span class='ocrx_word' id='word_1_468' title='bbox 2701 3106 2734 3174; x_wconf 85' lang='grc' dir='ltr'><strong>ή</strong></span> <span class='ocrx_word' id='word_1_469' title='bbox 2791 3104 2847 3156; x_wconf 81' lang='grc' dir='ltr'>δὲ</span> <span class='ocrx_word' id='word_1_470' title='bbox 2881 3105 3089 3175; x_wconf 85' lang='grc' dir='ltr'>ἀγάπη,</span> <span class='ocrx_word' id='word_1_471' title='bbox 3124 3107 3187 3157; x_wconf 84' lang='grc' dir='ltr'>ὲκ</span> <span class='ocrx_word' id='word_1_472' title='bbox 3239 3105 3337 3175; x_wconf 80' lang='grc' dir='ltr'>τῆς</span> <span class='ocrx_word' id='word_1_473' title='bbox 3389 3106 3585 3177; x_wconf 80' lang='grc' dir='ltr'>σοφίας</span> <span class='ocrx_word' id='word_1_474' title='bbox 3629 3108 3715 3177; x_wconf 81' lang='grc' dir='ltr'>γί-</span> 
     </span>
    </p>
   </div>
   <div class='ocr_carea' id='block_1_62' title="bbox 445 3191 2037 3290">
    <p class='ocr_par' dir='ltr' id='par_1_62' title="bbox 445 3191 2019 3263">
     <span class='ocr_line' id='line_1_62' title="bbox 445 3191 2019 3263; baseline -0.006 -11"><span class='ocrx_word' id='word_1_475' title='bbox 445 3198 583 3254; x_wconf 89' lang='lat' dir='ltr'><strong>solet</strong></span> <span class='ocrx_word' id='word_1_476' title='bbox 611 3216 624 3251; x_wconf 89' lang='lat'><strong>:</strong></span> <span class='ocrx_word' id='word_1_477' title='bbox 657 3195 895 3257; x_wconf 90' lang='lat' dir='ltr'><strong>dilectio,</strong></span> <span class='ocrx_word' id='word_1_478' title='bbox 929 3209 993 3249; x_wconf 77' lang='lat' dir='ltr'><strong>ex</strong></span> <span class='ocrx_word' id='word_1_479' title='bbox 1023 3193 1286 3263; x_wconf 88' lang='lat' dir='ltr'><strong>sapientia</strong></span> <span class='ocrx_word' id='word_1_480' title='bbox 1328 3208 1343 3246; x_wconf 86' lang='lat'><strong>:</strong></span> <span class='ocrx_word' id='word_1_481' title='bbox 1379 3191 1744 3261; x_wconf 87' lang='lat' dir='ltr'><strong>tranquillitas</strong></span> <span class='ocrx_word' id='word_1_482' title='bbox 1766 3231 1780 3255; x_wconf 96' lang='lat'><strong>,</strong></span> <span class='ocrx_word' id='word_1_483' title='bbox 1811 3206 1874 3245; x_wconf 81' lang='lat' dir='ltr'><strong>ex</strong></span> <span class='ocrx_word' id='word_1_484' title='bbox 1910 3191 2019 3244; x_wconf 80' lang='lat' dir='ltr'><strong>vir-</strong></span> 
     </span>
    </p>
   </div>
   <div class='ocr_carea' id='block_1_63' title="bbox 2130 3191 3715 3290">
    <p class='ocr_par' dir='ltr' id='par_1_63' title="bbox 2130 3192 3715 3268">
     <span class='ocr_line' id='line_1_63' title="bbox 2130 3192 3715 3268; baseline 0.003 -23"><span class='ocrx_word' id='word_1_485' title='bbox 2130 3192 2307 3247; x_wconf 82' lang='grc' dir='ltr'>υεσθαι</span> <span class='ocrx_word' id='word_1_486' title='bbox 2336 3194 2576 3263; x_wconf 81' lang='grc' dir='ltr'>πέφυκεν</span> <span class='ocrx_word' id='word_1_487' title='bbox 2595 3211 2607 3223; x_wconf 74' lang='grc'><strong><em>⁸</em></strong></span> <span class='ocrx_word' id='word_1_488' title='bbox 2638 3195 2670 3265; x_wconf 76' lang='grc' dir='ltr'>ἡ</span> <span class='ocrx_word' id='word_1_489' title='bbox 2702 3193 2758 3247; x_wconf 85' lang='grc' dir='ltr'>δὲ</span> <span class='ocrx_word' id='word_1_490' title='bbox 2780 3194 3042 3258; x_wconf 81' lang='grc' dir='ltr'>ἀπάθεια,</span> <span class='ocrx_word' id='word_1_491' title='bbox 3076 3197 3141 3248; x_wconf 82' lang='grc' dir='ltr'>ὲκ</span> <span class='ocrx_word' id='word_1_492' title='bbox 3169 3195 3278 3248; x_wconf 88' lang='grc' dir='ltr'><strong>τῶν</strong></span> <span class='ocrx_word' id='word_1_493' title='bbox 3308 3196 3401 3251; x_wconf 91' lang='grc' dir='ltr'><strong>τοῦ</strong></span> <span class='ocrx_word' id='word_1_494' title='bbox 3448 3196 3715 3268; x_wconf 82' lang='grc' dir='ltr'>σώματος</span> 
     </span>
    </p>
   </div>
   <div class='ocr_carea' id='block_1_64' title="bbox 445 3283 2018 3359">
    <p class='ocr_par' dir='ltr' id='par_1_64' title="bbox 445 3283 2018 3359">
     <span class='ocr_line' id='line_1_64' title="bbox 445 3283 2018 3359; baseline -0.003 -16"><span class='ocrx_word' id='word_1_495' title='bbox 445 3288 649 3344; x_wconf 89' lang='lat' dir='ltr'><strong>tutibus</strong></span> <span class='ocrx_word' id='word_1_496' title='bbox 669 3288 934 3359; x_wconf 87' lang='lat' dir='ltr'><strong>corporis.</strong></span> <span class='ocrx_word' id='word_1_497' title='bbox 961 3284 1223 3340; x_wconf 83' lang='lat' dir='ltr'><strong>Hortatur</strong></span> <span class='ocrx_word' id='word_1_498' title='bbox 1260 3300 1391 3339; x_wconf 86' lang='lat' dir='ltr'><strong>vero</strong></span> <span class='ocrx_word' id='word_1_499' title='bbox 1428 3300 1525 3339; x_wconf 91' lang='lat' dir='ltr'><strong>uos</strong></span> <span class='ocrx_word' id='word_1_500' title='bbox 1564 3295 1621 3337; x_wconf 92' lang='lat' dir='ltr'><strong>ut</strong></span> <span class='ocrx_word' id='word_1_501' title='bbox 1658 3300 1781 3339; x_wconf 91' lang='lat' dir='ltr'><strong>enm</strong></span> <span class='ocrx_word' id='word_1_502' title='bbox 1834 3283 2018 3352; x_wconf 86' lang='lat' dir='ltr'><strong>hujus-</strong></span> 
     </span>
    </p>
   </div>
   <div class='ocr_carea' id='block_1_65' title="bbox 447 3380 2018 3450">
    <p class='ocr_par' dir='ltr' id='par_1_65' title="bbox 447 3380 2018 3450">
     <span class='ocr_line' id='line_1_65' title="bbox 447 3380 2018 3450; baseline 0.001 -16"><span class='ocrx_word' id='word_1_503' title='bbox 447 3381 591 3436; x_wconf 88' lang='lat' dir='ltr'><strong>modi</strong></span> <span class='ocrx_word' id='word_1_504' title='bbox 628 3381 822 3450; x_wconf 74' lang='lat' dir='ltr'><strong>gratiis</strong></span> <span class='ocrx_word' id='word_1_505' title='bbox 858 3394 1074 3449; x_wconf 82' lang='lat' dir='ltr'><strong>seraper</strong></span> <span class='ocrx_word' id='word_1_506' title='bbox 1098 3394 1381 3434; x_wconf 87' lang='lat' dir='ltr'><strong>versemur</strong></span> <span class='ocrx_word' id='word_1_507' title='bbox 1415 3398 1429 3433; x_wconf 90' lang='lat'><strong>:</strong></span> <span class='ocrx_word' id='word_1_508' title='bbox 1490 3394 1614 3434; x_wconf 91' lang='lat' dir='ltr'><strong>nam</strong></span> <span class='ocrx_word' id='word_1_509' title='bbox 1650 3380 1741 3448; x_wconf 88' lang='lat' dir='ltr'><strong>qui</strong></span> <span class='ocrx_word' id='word_1_510' title='bbox 1774 3395 1893 3434; x_wconf 90' lang='lat' dir='ltr'><strong>cum</strong></span> <span class='ocrx_word' id='word_1_511' title='bbox 1951 3382 2018 3436; x_wconf 89' lang='lat' dir='ltr'><strong>iis</strong></span> 
     </span>
    </p>
   </div>
   <div class='ocr_carea' id='block_1_66' title="bbox 446 3470 2015 3537">
    <p class='ocr_par' dir='ltr' id='par_1_66' title="bbox 446 3470 2015 3537">
     <span class='ocr_line' id='line_1_66' title="bbox 446 3470 2015 3537; baseline 0.001 -11"><span class='ocrx_word' id='word_1_512' title='bbox 446 3480 785 3532; x_wconf 88' lang='lat' dir='ltr'><strong>consuescet,</strong></span> <span class='ocrx_word' id='word_1_513' title='bbox 816 3486 925 3526; x_wconf 89' lang='lat' dir='ltr'><strong>non</strong></span> <span class='ocrx_word' id='word_1_514' title='bbox 959 3470 1025 3525; x_wconf 90' lang='lat' dir='ltr'><strong>ad</strong></span> <span class='ocrx_word' id='word_1_515' title='bbox 1055 3471 1219 3525; x_wconf 88' lang='lat' dir='ltr'><strong>Deum</strong></span> <span class='ocrx_word' id='word_1_516' title='bbox 1250 3471 1423 3525; x_wconf 88' lang='lat' dir='ltr'><strong>solum</strong></span> <span class='ocrx_word' id='word_1_517' title='bbox 1462 3473 1717 3537; x_wconf 83' lang='lat' dir='ltr'><strong>accedet,</strong></span> <span class='ocrx_word' id='word_1_518' title='bbox 1764 3474 1859 3527; x_wconf 89' lang='lat' dir='ltr'><strong>sed</strong></span> <span class='ocrx_word' id='word_1_519' title='bbox 1890 3488 2015 3529; x_wconf 89' lang='lat' dir='ltr'><strong>eum</strong></span> 
     </span>
    </p>
   </div>
   <div class='ocr_carea' id='block_1_67' title="bbox 444 3562 2015 3631">
    <p class='ocr_par' dir='ltr' id='par_1_67' title="bbox 444 3562 2015 3631">
     <span class='ocr_line' id='line_1_67' title="bbox 444 3562 2015 3631; baseline 0.001 -14"><span class='ocrx_word' id='word_1_520' title='bbox 444 3564 535 3617; x_wconf 89' lang='lat' dir='ltr'><strong>illo</strong></span> <span class='ocrx_word' id='word_1_521' title='bbox 563 3565 729 3618; x_wconf 90' lang='lat' dir='ltr'><strong>etiam</strong></span> <span class='ocrx_word' id='word_1_522' title='bbox 784 3562 1072 3617; x_wconf 86' lang='lat' dir='ltr'><strong>habitabit.</strong></span> <span class='ocrx_word' id='word_1_523' title='bbox 1105 3592 1175 3603; x_wconf 97' lang='lat'><strong>—</strong></span> <span class='ocrx_word' id='word_1_524' title='bbox 1206 3562 1428 3631; x_wconf 87' lang='lat' dir='ltr'><strong>Propria</strong></span> <span class='ocrx_word' id='word_1_525' title='bbox 1485 3564 1764 3620; x_wconf 89' lang='lat' dir='ltr'><strong>rationalis</strong></span> <span class='ocrx_word' id='word_1_526' title='bbox 1811 3576 2015 3619; x_wconf 68' lang='lat' dir='ltr'><strong>natura?</strong></span> 
     </span>
    </p>
   </div>
   <div class='ocr_carea' id='block_1_68' title="bbox 441 3655 2015 3725">
    <p class='ocr_par' dir='ltr' id='par_1_68' title="bbox 441 3655 2015 3725">
     <span class='ocr_line' id='line_1_68' title="bbox 441 3655 2015 3725; baseline 0.001 -15"><span class='ocrx_word' id='word_1_527' title='bbox 441 3667 523 3711; x_wconf 81' lang='lat' dir='ltr'><strong>est</strong></span> <span class='ocrx_word' id='word_1_528' title='bbox 551 3660 744 3722; x_wconf 88' lang='lat' dir='ltr'><strong>virtus,</strong></span> <span class='ocrx_word' id='word_1_529' title='bbox 775 3670 896 3724; x_wconf 71' lang='lat' dir='ltr'><strong>quae</strong></span> <span class='ocrx_word' id='word_1_530' title='bbox 929 3655 1169 3708; x_wconf 88' lang='lat' dir='ltr'><strong>amicitia</strong></span> <span class='ocrx_word' id='word_1_531' title='bbox 1214 3655 1534 3725; x_wconf 80' lang='lat' dir='ltr'><strong>appellatur,</strong></span> <span class='ocrx_word' id='word_1_532' title='bbox 1563 3666 1617 3711; x_wconf 90' lang='lat' dir='ltr'><strong>et</strong></span> <span class='ocrx_word' id='word_1_533' title='bbox 1678 3656 1788 3712; x_wconf 91' lang='lat' dir='ltr'><strong>Deo</strong></span> <span class='ocrx_word' id='word_1_534' title='bbox 1834 3659 2015 3713; x_wconf 86' lang='lat' dir='ltr'><strong>conci-</strong></span> 
     </span>
    </p>
   </div>
   <div class='ocr_carea' id='block_1_69' title="bbox 444 3745 2013 3818">
    <p class='ocr_par' dir='ltr' id='par_1_69' title="bbox 444 3745 2013 3818">
     <span class='ocr_line' id='line_1_69' title="bbox 444 3745 2013 3818; baseline 0 -16"><span class='ocrx_word' id='word_1_535' title='bbox 444 3750 539 3803; x_wconf 83' lang='lat' dir='ltr'><strong>liat</strong></span> <span class='ocrx_word' id='word_1_536' title='bbox 587 3746 914 3816; x_wconf 88' lang='lat' dir='ltr'><strong>copulatque</strong></span> <span class='ocrx_word' id='word_1_537' title='bbox 940 3760 1035 3800; x_wconf 90' lang='lat' dir='ltr'><strong>eos</strong></span> <span class='ocrx_word' id='word_1_538' title='bbox 1068 3745 1161 3815; x_wconf 90' lang='lat' dir='ltr'><strong>qui</strong></span> <span class='ocrx_word' id='word_1_539' title='bbox 1200 3760 1261 3800; x_wconf 86' lang='lat' dir='ltr'><strong>se</strong></span> <span class='ocrx_word' id='word_1_540' title='bbox 1294 3756 1592 3815; x_wconf 80' lang='lat' dir='ltr'><strong>sequuntur</strong></span> <span class='ocrx_word' id='word_1_541' title='bbox 1612 3763 1708 3818; x_wconf 87' lang='lat' dir='ltr'><strong>per</strong></span> <span class='ocrx_word' id='word_1_542' title='bbox 1729 3750 2013 3803; x_wconf 85' lang='lat' dir='ltr'><strong>scientiam</strong></span> 
     </span>
    </p>
   </div>
   <div class='ocr_carea' id='block_1_70' title="bbox 442 3838 2015 3908">
    <p class='ocr_par' dir='ltr' id='par_1_70' title="bbox 442 3838 2015 3908">
     <span class='ocr_line' id='line_1_70' title="bbox 442 3838 2015 3908; baseline -0.001 -12"><span class='ocrx_word' id='word_1_543' title='bbox 442 3841 560 3896; x_wconf 87' lang='lat' dir='ltr'><strong>Dei.</strong></span> <span class='ocrx_word' id='word_1_544' title='bbox 602 3870 669 3881; x_wconf 89' lang='grc'><strong>--</strong></span> <span class='ocrx_word' id='word_1_545' title='bbox 696 3839 831 3893; x_wconf 83' lang='lat' dir='ltr'><strong>Nam</strong></span> <span class='ocrx_word' id='word_1_546' title='bbox 868 3838 962 3907; x_wconf 85' lang='lat' dir='ltr'><strong>qui</strong></span> <span class='ocrx_word' id='word_1_547' title='bbox 989 3839 1210 3893; x_wconf 88' lang='lat' dir='ltr'><strong>virtutis</strong></span> <span class='ocrx_word' id='word_1_548' title='bbox 1252 3839 1601 3908; x_wconf 51' lang='lat' dir='ltr'><strong>scientia’que</strong></span> <span class='ocrx_word' id='word_1_549' title='bbox 1651 3854 1837 3895; x_wconf 87' lang='lat' dir='ltr'><strong>amore</strong></span> <span class='ocrx_word' id='word_1_550' title='bbox 1865 3840 2015 3896; x_wconf 81' lang='lat' dir='ltr'><strong>duci-</strong></span> 
     </span>
    </p>
   </div>
   <div class='ocr_carea' id='block_1_71' title="bbox 444 3931 1458 4004">
    <p class='ocr_par' dir='ltr' id='par_1_71' title="bbox 444 3931 1458 4004">
     <span class='ocr_line' id='line_1_71' title="bbox 444 3931 1458 4004; baseline 0 -16"><span class='ocrx_word' id='word_1_551' title='bbox 444 3943 552 4001; x_wconf 89' lang='lat' dir='ltr'><strong>tur,</strong></span> <span class='ocrx_word' id='word_1_552' title='bbox 591 3942 1008 4004; x_wconf 88' lang='lat' dir='ltr'><strong>quotuscuuque</strong></span> <span class='ocrx_word' id='word_1_553' title='bbox 1040 3931 1323 3988; x_wconf 88' lang='lat' dir='ltr'><strong>meliorum</strong></span> <span class='ocrx_word' id='word_1_554' title='bbox 1352 3944 1458 3988; x_wconf 89' lang='lat' dir='ltr'><strong>est.</strong></span> 
     </span>
    </p>
   </div>
   <div class='ocr_carea' id='block_1_72' title="bbox 510 4114 2010 4185">
    <p class='ocr_par' dir='ltr' id='par_1_72' title="bbox 510 4114 2010 4185">
     <span class='ocr_line' id='line_1_72' title="bbox 510 4114 2010 4185; baseline -0.001 -14"><span class='ocrx_word' id='word_1_555' title='bbox 510 4115 559 4149; x_wconf 81' lang='grc'>³³</span> <span class='ocrx_word' id='word_1_556' title='bbox 581 4114 833 4171; x_wconf 83' lang='lat' dir='ltr'><strong>Nonnulli</strong></span> <span class='ocrx_word' id='word_1_557' title='bbox 866 4115 968 4169; x_wconf 89' lang='lat' dir='ltr'><strong>hoc</strong></span> <span class='ocrx_word' id='word_1_558' title='bbox 997 4114 1061 4167; x_wconf 91' lang='lat' dir='ltr'><strong>de</strong></span> <span class='ocrx_word' id='word_1_559' title='bbox 1085 4114 1310 4183; x_wconf 82' lang='lat' dir='ltr'><strong>profana</strong></span> <span class='ocrx_word' id='word_1_560' title='bbox 1346 4114 1610 4183; x_wconf 78' lang='lat' dir='ltr'><strong>sapientia</strong></span> <span class='ocrx_word' id='word_1_561' title='bbox 1658 4115 1763 4170; x_wconf 89' lang='lat' dir='ltr'><strong>dici</strong></span> <span class='ocrx_word' id='word_1_562' title='bbox 1799 4124 2010 4185; x_wconf 86' lang='lat' dir='ltr'><strong>putant,</strong></span> 
     </span>
    </p>
   </div>
   <div class='ocr_carea' id='block_1_73' title="bbox 442 4204 2011 4275">
    <p class='ocr_par' dir='ltr' id='par_1_73' title="bbox 442 4204 2011 4275">
     <span class='ocr_line' id='line_1_73' title="bbox 442 4204 2011 4275; baseline 0 -15"><span class='ocrx_word' id='word_1_563' title='bbox 442 4207 497 4261; x_wconf 79' lang='lat' dir='ltr'><strong>in</strong></span> <span class='ocrx_word' id='word_1_564' title='bbox 522 4221 626 4275; x_wconf 88' lang='lat' dir='ltr'><strong>qua</strong></span> <span class='ocrx_word' id='word_1_565' title='bbox 649 4206 741 4259; x_wconf 89' lang='lat' dir='ltr'><strong>diu</strong></span> <span class='ocrx_word' id='word_1_566' title='bbox 778 4205 979 4259; x_wconf 89' lang='lat' dir='ltr'><strong>versari</strong></span> <span class='ocrx_word' id='word_1_567' title='bbox 1017 4220 1121 4257; x_wconf 90' lang='lat' dir='ltr'><strong>non</strong></span> <span class='ocrx_word' id='word_1_568' title='bbox 1151 4204 1388 4272; x_wconf 80' lang='lat' dir='ltr'><strong>expedit,</strong></span> <span class='ocrx_word' id='word_1_569' title='bbox 1412 4216 1631 4274; x_wconf 85' lang='lat' dir='ltr'><strong>propter</strong></span> <span class='ocrx_word' id='word_1_570' title='bbox 1658 4206 1930 4262; x_wconf 67' lang='lat' dir='ltr'><strong>hierentes</strong></span> <span class='ocrx_word' id='word_1_571' title='bbox 1957 4208 2011 4261; x_wconf 93' lang='lat' dir='ltr'><strong>in</strong></span> 
     </span>
    </p>
   </div>
   <div class='ocr_carea' id='block_1_74' title="bbox 440 4295 2013 4363">
    <p class='ocr_par' dir='ltr' id='par_1_74' title="bbox 440 4295 2013 4363">
     <span class='ocr_line' id='line_1_74' title="bbox 440 4295 2013 4363; baseline 0 -13"><span class='ocrx_word' id='word_1_572' title='bbox 440 4310 507 4350; x_wconf 82' lang='lat' dir='ltr'><strong>ca</strong></span> <span class='ocrx_word' id='word_1_573' title='bbox 537 4310 773 4352; x_wconf 79' lang='lat' dir='ltr'><strong>errores.</strong></span> <span class='ocrx_word' id='word_1_574' title='bbox 793 4295 897 4349; x_wconf 83' lang='lat' dir='ltr'><strong>Alii</strong></span> <span class='ocrx_word' id='word_1_575' title='bbox 933 4295 1387 4361; x_wconf 89' lang='lat' dir='ltr'><strong>deimprobilate,</strong></span> <span class='ocrx_word' id='word_1_576' title='bbox 1423 4295 1714 4363; x_wconf 89' lang='lat' dir='ltr'><strong>quominus</strong></span> <span class='ocrx_word' id='word_1_577' title='bbox 1758 4296 2013 4350; x_wconf 90' lang='lat' dir='ltr'><strong>videlicet</strong></span> 
     </span>
    </p>
   </div>
   <div class='ocr_carea' id='block_1_75' title="bbox 444 4385 2013 4455">
    <p class='ocr_par' dir='ltr' id='par_1_75' title="bbox 444 4385 2013 4455">
     <span class='ocr_line' id='line_1_75' title="bbox 444 4385 2013 4455; baseline 0.002 -17"><span class='ocrx_word' id='word_1_578' title='bbox 444 4385 746 4440; x_wconf 83' lang='lat' dir='ltr'><strong>familiares</strong></span> <span class='ocrx_word' id='word_1_579' title='bbox 794 4385 844 4440; x_wconf 92' lang='lat' dir='ltr'><strong>ei</strong></span> <span class='ocrx_word' id='word_1_580' title='bbox 900 4386 1091 4449; x_wconf 83' lang='lat' dir='ltr'><strong>simus,</strong></span> <span class='ocrx_word' id='word_1_581' title='bbox 1143 4387 1569 4454; x_wconf 88' lang='lat' dir='ltr'><strong>interpretantur</strong></span> <span class='ocrx_word' id='word_1_582' title='bbox 1619 4386 1699 4441; x_wconf 87' lang='lat' dir='ltr'><strong>sic</strong></span> <span class='ocrx_word' id='word_1_583' title='bbox 1748 4405 1759 4440; x_wconf 92' lang='lat'><strong>:</strong></span> <span class='ocrx_word' id='word_1_584' title='bbox 1819 4401 2013 4455; x_wconf 88' lang='lat' dir='ltr'><strong>nempe</strong></span> 
     </span>
    </p>
   </div>
   <div class='ocr_carea' id='block_1_76' title="bbox 444 4474 2010 4549">
    <p class='ocr_par' dir='ltr' id='par_1_76' title="bbox 444 4474 2010 4549">
     <span class='ocr_line' id='line_1_76' title="bbox 444 4474 2010 4549; baseline 0.001 -20"><span class='ocrx_word' id='word_1_585' title='bbox 444 4478 595 4546; x_wconf 89' lang='lat' dir='ltr'><strong>quia,</strong></span> <span class='ocrx_word' id='word_1_586' title='bbox 618 4477 722 4532; x_wconf 90' lang='lat' dir='ltr'><strong>etsi</strong></span> <span class='ocrx_word' id='word_1_587' title='bbox 757 4477 1088 4545; x_wconf 86' lang='lat' dir='ltr'><strong>impossibile</strong></span> <span class='ocrx_word' id='word_1_588' title='bbox 1119 4488 1201 4533; x_wconf 91' lang='lat' dir='ltr'><strong>est</strong></span> <span class='ocrx_word' id='word_1_589' title='bbox 1232 4474 1521 4532; x_wconf 67' lang='lat' dir='ltr'><strong>hominem&#39;</strong></span> <span class='ocrx_word' id='word_1_590' title='bbox 1548 4478 1703 4533; x_wconf 88' lang='lat' dir='ltr'><strong>malis</strong></span> <span class='ocrx_word' id='word_1_591' title='bbox 1726 4479 2010 4549; x_wconf 50' lang='lat' dir='ltr'><strong>cogitatio-t</strong></span> 
     </span>
    </p>
   </div>
   <div class='ocr_carea' id='block_1_77' title="bbox 2119 3284 3713 3361">
    <p class='ocr_par' dir='ltr' id='par_1_77' title="bbox 2119 3284 3713 3361">
     <span class='ocr_line' id='line_1_77' title="bbox 2119 3284 3713 3361; baseline 0.004 -24"><span class='ocrx_word' id='word_1_592' title='bbox 2119 3284 2362 3355; x_wconf 85' lang='grc' dir='ltr'>ἀρετῶν·</span> <span class='ocrx_word' id='word_1_593' title='bbox 2410 3287 2663 3354; x_wconf 86' lang='grc' dir='ltr'>παραινεῖ</span> <span class='ocrx_word' id='word_1_594' title='bbox 2691 3285 2746 3339; x_wconf 79' lang='grc' dir='ltr'>δὲ</span> <span class='ocrx_word' id='word_1_595' title='bbox 2797 3286 2946 3357; x_wconf 80' lang='grc' dir='ltr'>ἡμᾶς</span> <span class='ocrx_word' id='word_1_596' title='bbox 2989 3290 3108 3352; x_wconf 85' lang='grc' dir='ltr'>ταῖς</span> <span class='ocrx_word' id='word_1_597' title='bbox 3167 3288 3444 3354; x_wconf 78' lang='grc' dir='ltr'>τοιαύταις</span> <span class='ocrx_word' id='word_1_598' title='bbox 3484 3291 3713 3361; x_wconf 79' lang='grc' dir='ltr'>χάρισιν</span> 
     </span>
    </p>
   </div>
   <div class='ocr_carea' id='block_1_78' title="bbox 2120 3374 3714 3450">
    <p class='ocr_par' dir='ltr' id='par_1_78' title="bbox 2120 3374 3714 3450">
     <span class='ocr_line' id='line_1_78' title="bbox 2120 3374 3714 3450; baseline 0.003 -21"><span class='ocrx_word' id='word_1_599' title='bbox 2120 3377 2208 3429; x_wconf 71' lang='grc' dir='ltr'>ἀεὶ</span> <span class='ocrx_word' id='word_1_600' title='bbox 2237 3376 2612 3448; x_wconf 87' lang='grc' dir='ltr'>προσομιλεῖν·</span> <span class='ocrx_word' id='word_1_601' title='bbox 2647 3378 2675 3429; x_wconf 90' lang='lat'><strong>6</strong></span> <span class='ocrx_word' id='word_1_602' title='bbox 2698 3376 2753 3428; x_wconf 85' lang='grc' dir='ltr'>δὲ</span> <span class='ocrx_word' id='word_1_603' title='bbox 2776 3374 2983 3440; x_wconf 88' lang='grc' dir='ltr'>τούτοις</span> <span class='ocrx_word' id='word_1_604' title='bbox 3006 3378 3419 3450; x_wconf 86' lang='grc' dir='ltr'>ὲμφιλοχωρῶν,</span> <span class='ocrx_word' id='word_1_605' title='bbox 3451 3380 3514 3431; x_wconf 84' lang='grc' dir='ltr'><strong>ού</strong></span> <span class='ocrx_word' id='word_1_606' title='bbox 3540 3381 3714 3450; x_wconf 88' lang='grc' dir='ltr'>μόνον</span> 
     </span>
    </p>
   </div>
   <div class='ocr_carea' id='block_1_79' title="bbox 2115 3469 3714 3542">
    <p class='ocr_par' dir='ltr' id='par_1_79' title="bbox 2115 3469 3714 3542">
     <span class='ocr_line' id='line_1_79' title="bbox 2115 3469 3714 3542; baseline 0 -18"><span class='ocrx_word' id='word_1_607' title='bbox 2115 3471 2195 3542; x_wconf 84' lang='grc' dir='ltr'>τῷ</span> <span class='ocrx_word' id='word_1_608' title='bbox 2218 3469 2337 3542; x_wconf 77' lang='grc' dir='ltr'><strong>Θεῷ</strong></span> <span class='ocrx_word' id='word_1_609' title='bbox 2359 3470 2773 3542; x_wconf 87' lang='grc' dir='ltr'>προσομιλήσει,</span> <span class='ocrx_word' id='word_1_610' title='bbox 2794 3469 2930 3524; x_wconf 87' lang='grc' dir='ltr'><strong>ἀλλά</strong></span> <span class='ocrx_word' id='word_1_611' title='bbox 2974 3472 3067 3524; x_wconf 72' lang='grc' dir='ltr'><strong>καὶ</strong></span> <span class='ocrx_word' id='word_1_612' title='bbox 3117 3469 3362 3535; x_wconf 73' lang='grc' dir='ltr'>σύνοικος</span> <span class='ocrx_word' id='word_1_613' title='bbox 3408 3472 3714 3542; x_wconf 87' lang='grc' dir='ltr'>γενήσεται</span> 
     </span>
    </p>
   </div>
   <div class='ocr_carea' id='block_1_80' title="bbox 2117 3560 3709 3633">
    <p class='ocr_par' dir='ltr' id='par_1_80' title="bbox 2117 3560 3709 3633">
     <span class='ocr_line' id='line_1_80' title="bbox 2117 3560 3709 3633; baseline 0.01 -22"><span class='ocrx_word' id='word_1_614' title='bbox 2117 3560 2285 3630; x_wconf 77' lang='grc' dir='ltr'>αύτῷ.</span> <span class='ocrx_word' id='word_1_615' title='bbox 2318 3593 2386 3601; x_wconf 94' lang='lat'><strong>—</strong></span> <span class='ocrx_word' id='word_1_616' title='bbox 2410 3560 2534 3614; x_wconf 85' lang='grc' dir='ltr'>Ἰδία</span> <span class='ocrx_word' id='word_1_617' title='bbox 2566 3562 2665 3632; x_wconf 82' lang='grc' dir='ltr'><strong>τῆς</strong></span> <span class='ocrx_word' id='word_1_618' title='bbox 2691 3561 2917 3631; x_wconf 81' lang='grc' dir='ltr'>λογικῆς</span> <span class='ocrx_word' id='word_1_619' title='bbox 2979 3560 3195 3631; x_wconf 85' lang='grc' dir='ltr'>φύσεώς</span> <span class='ocrx_word' id='word_1_620' title='bbox 3258 3564 3405 3615; x_wconf 84' lang='grc' dir='ltr'>ὲστιν</span> <span class='ocrx_word' id='word_1_621' title='bbox 3427 3563 3461 3632; x_wconf 76' lang='grc' dir='ltr'><strong>ἡ</strong></span> <span class='ocrx_word' id='word_1_622' title='bbox 3504 3560 3709 3633; x_wconf 67' lang='grc' dir='ltr'>ἀρετὴν</span> 
     </span>
    </p>
   </div>
   <div class='ocr_carea' id='block_1_81' title="bbox 2117 3652 3712 3731">
    <p class='ocr_par' dir='ltr' id='par_1_81' title="bbox 2117 3652 3712 3731">
     <span class='ocr_line' id='line_1_81' title="bbox 2117 3652 3712 3731; baseline 0.001 -26"><span class='ocrx_word' id='word_1_623' title='bbox 2117 3652 2241 3723; x_wconf 80' lang='grc' dir='ltr'>ἥτις</span> <span class='ocrx_word' id='word_1_624' title='bbox 2270 3652 2513 3708; x_wconf 82' lang='grc' dir='ltr'>καλεῖται</span> <span class='ocrx_word' id='word_1_625' title='bbox 2546 3652 2731 3731; x_wconf 28' lang='grc' dir='ltr'>φιλία’,</span> <span class='ocrx_word' id='word_1_626' title='bbox 2788 3654 2883 3708; x_wconf 66' lang='grc' dir='ltr'><strong>καὶ⁵</strong></span> <span class='ocrx_word' id='word_1_627' title='bbox 2916 3652 3262 3724; x_wconf 75' lang='grc' dir='ltr'>συμφιλιάζει</span> <span class='ocrx_word' id='word_1_628' title='bbox 3290 3652 3368 3723; x_wconf 88' lang='grc' dir='ltr'>τῷ</span> <span class='ocrx_word' id='word_1_629' title='bbox 3415 3652 3537 3723; x_wconf 78' lang='grc' dir='ltr'><strong>Θεῷ</strong></span> <span class='ocrx_word' id='word_1_630' title='bbox 3574 3655 3712 3718; x_wconf 86' lang='grc' dir='ltr'>τοὺς</span> 
     </span>
    </p>
   </div>
   <div class='ocr_carea' id='block_1_82' title="bbox 2117 3742 3714 3822">
    <p class='ocr_par' dir='ltr' id='par_1_82' title="bbox 2117 3742 3714 3822">
     <span class='ocr_line' id='line_1_82' title="bbox 2117 3742 3714 3822; baseline 0.002 -27"><span class='ocrx_word' id='word_1_631' title='bbox 2117 3743 2417 3815; x_wconf 79' lang='grc' dir='ltr'>ἑπομένους</span> <span class='ocrx_word' id='word_1_632' title='bbox 2446 3744 2581 3815; x_wconf 81' lang='grc' dir='ltr'>αὐτῇ</span> <span class='ocrx_word' id='word_1_633' title='bbox 2632 3743 2719 3797; x_wconf 65' lang='grc' dir='ltr'><strong>διὰ</strong></span> <span class='ocrx_word' id='word_1_634' title='bbox 2772 3744 2874 3814; x_wconf 81' lang='grc' dir='ltr'>τῆς</span> <span class='ocrx_word' id='word_1_635' title='bbox 2914 3742 3182 3822; x_wconf 31' lang='grc' dir='ltr'>’γνώσεως</span> <span class='ocrx_word' id='word_1_636' title='bbox 3213 3743 3305 3817; x_wconf 79' lang='grc' dir='ltr'><strong>τοῦ</strong></span> <span class='ocrx_word' id='word_1_637' title='bbox 3336 3742 3494 3798; x_wconf 89' lang='grc' dir='ltr'>Θεοῦ.</span> <span class='ocrx_word' id='word_1_638' title='bbox 3516 3773 3587 3783; x_wconf 90' lang='lat'><strong>-—</strong></span> <span class='ocrx_word' id='word_1_639' title='bbox 3614 3744 3714 3798; x_wconf 80' lang='grc' dir='ltr'>Ἐν</span> 
     </span>
    </p>
   </div>
   <div class='ocr_carea' id='block_1_83' title="bbox 2115 3832 3714 3907">
    <p class='ocr_par' dir='ltr' id='par_1_83' title="bbox 2115 3832 3714 3907">
     <span class='ocr_line' id='line_1_83' title="bbox 2115 3832 3714 3907; baseline 0 -20"><span class='ocrx_word' id='word_1_640' title='bbox 2115 3834 2225 3904; x_wconf 90' lang='grc' dir='ltr'><strong>γάρ</strong></span> <span class='ocrx_word' id='word_1_641' title='bbox 2254 3837 2319 3906; x_wconf 78' lang='grc' dir='ltr'><strong>τῇ</strong></span> <span class='ocrx_word' id='word_1_642' title='bbox 2373 3834 2475 3905; x_wconf 81' lang='grc' dir='ltr'>τῆς</span> <span class='ocrx_word' id='word_1_643' title='bbox 2523 3836 2723 3907; x_wconf 77' lang='grc' dir='ltr'>ἀρετῆς</span> <span class='ocrx_word' id='word_1_644' title='bbox 2774 3835 2925 3907; x_wconf 81' lang='grc' dir='ltr'>φιλίᾳ</span> <span class='ocrx_word' id='word_1_645' title='bbox 2970 3837 3060 3889; x_wconf 73' lang='grc' dir='ltr'>καὶ</span> <span class='ocrx_word' id='word_1_646' title='bbox 3110 3839 3174 3906; x_wconf 79' lang='grc' dir='ltr'>τῇ</span> <span class='ocrx_word' id='word_1_647' title='bbox 3215 3835 3315 3905; x_wconf 82' lang='grc' dir='ltr'><strong>τῆς</strong></span> <span class='ocrx_word' id='word_1_648' title='bbox 3371 3832 3714 3903; x_wconf 81' lang='grc' dir='ltr'>γνώσεως,ὁ</span> 
     </span>
    </p>
   </div>
   <div class='ocr_carea' id='block_1_84' title="bbox 2116 3924 3705 3997">
    <p class='ocr_par' dir='ltr' id='par_1_84' title="bbox 2116 3924 3705 3997">
     <span class='ocr_line' id='line_1_84' title="bbox 2116 3924 3705 3997; baseline 0.001 -20"><span class='ocrx_word' id='word_1_649' title='bbox 2116 3926 2650 3997; x_wconf 84' lang='grc' dir='ltr'>συμπεριφερόμενος</span> <span class='ocrx_word' id='word_1_650' title='bbox 2709 3926 2995 3992; x_wconf 88' lang='grc' dir='ltr'>πολλοστός</span> <span class='ocrx_word' id='word_1_651' title='bbox 3054 3929 3168 3980; x_wconf 77' lang='grc' dir='ltr'>ἐστι</span> <span class='ocrx_word' id='word_1_652' title='bbox 3208 3926 3315 3980; x_wconf 89' lang='grc' dir='ltr'><strong>τῶν</strong></span> <span class='ocrx_word' id='word_1_653' title='bbox 3378 3924 3705 3996; x_wconf 75' lang='grc' dir='ltr'>ὠφελουμέ-</span> 
     </span>
    </p>
   </div>
   <div class='ocr_carea' id='block_1_85' title="bbox 2114 4035 2241 4071">
    <p class='ocr_par' dir='ltr' id='par_1_85' title="bbox 2114 4035 2241 4071">
     <span class='ocr_line' id='line_1_85' title="bbox 2114 4035 2241 4071; baseline -0.016 0"><span class='ocrx_word' id='word_1_654' title='bbox 2114 4035 2241 4071; x_wconf 87' lang='grc' dir='ltr'>νων.</span> 
     </span>
    </p>
   </div>
   <div class='ocr_carea' id='block_1_86' title="bbox 2187 4106 3708 4181">
    <p class='ocr_par' dir='ltr' id='par_1_86' title="bbox 2187 4106 3708 4181">
     <span class='ocr_line' id='line_1_86' title="bbox 2187 4106 3708 4181; baseline -0.001 -19"><span class='ocrx_word' id='word_1_655' title='bbox 2187 4108 2345 4172; x_wconf 81' lang='grc' dir='ltr'>Τινὲς</span> <span class='ocrx_word' id='word_1_656' title='bbox 2374 4108 2473 4179; x_wconf 87' lang='grc' dir='ltr'>μὲν</span> <span class='ocrx_word' id='word_1_657' title='bbox 2505 4109 2662 4162; x_wconf 89' lang='grc' dir='ltr'>τοῦτο</span> <span class='ocrx_word' id='word_1_658' title='bbox 2682 4109 2811 4181; x_wconf 70' lang='grc' dir='ltr'>περὶ</span> <span class='ocrx_word' id='word_1_659' title='bbox 2855 4109 2954 4179; x_wconf 83' lang='grc' dir='ltr'>τῆς</span> <span class='ocrx_word' id='word_1_660' title='bbox 2982 4108 3178 4174; x_wconf 73' lang='grc' dir='ltr'>ἔξωθεν</span> <span class='ocrx_word' id='word_1_661' title='bbox 3209 4109 3397 4177; x_wconf 86' lang='grc' dir='ltr'>σοφίας</span> <span class='ocrx_word' id='word_1_662' title='bbox 3440 4106 3708 4178; x_wconf 77' lang='grc' dir='ltr'>νομίζου-</span> 
     </span>
    </p>
   </div>
   <div class='ocr_carea' id='block_1_87' title="bbox 2119 4196 3711 4269">
    <p class='ocr_par' dir='ltr' id='par_1_87' title="bbox 2119 4196 3711 4269">
     <span class='ocr_line' id='line_1_87' title="bbox 2119 4196 3711 4269; baseline 0 -19"><span class='ocrx_word' id='word_1_663' title='bbox 2119 4216 2171 4251; x_wconf 91' lang='grc' dir='ltr'><strong>σι</strong></span> <span class='ocrx_word' id='word_1_664' title='bbox 2198 4198 2470 4267; x_wconf 81' lang='grc' dir='ltr'>λέγεσθαι,</span> <span class='ocrx_word' id='word_1_665' title='bbox 2505 4199 2641 4269; x_wconf 75' lang='grc' dir='ltr'>πρὸς</span> <span class='ocrx_word' id='word_1_666' title='bbox 2666 4199 2731 4268; x_wconf 76' lang='grc' dir='ltr'>ἢν</span> <span class='ocrx_word' id='word_1_667' title='bbox 2765 4196 3031 4269; x_wconf 78' lang='grc' dir='ltr'>χρονίζειν</span> <span class='ocrx_word' id='word_1_668' title='bbox 3059 4199 3117 4251; x_wconf 84' lang='grc' dir='ltr'>οὐ</span> <span class='ocrx_word' id='word_1_669' title='bbox 3165 4198 3328 4251; x_wconf 76' lang='grc' dir='ltr'>καλὸν</span> <span class='ocrx_word' id='word_1_670' title='bbox 3360 4197 3449 4250; x_wconf 86' lang='grc' dir='ltr'><strong>διά</strong></span> <span class='ocrx_word' id='word_1_671' title='bbox 3502 4197 3603 4261; x_wconf 82' lang='grc' dir='ltr'><strong>τὰς</strong></span> <span class='ocrx_word' id='word_1_672' title='bbox 3644 4198 3711 4250; x_wconf 79' lang='grc' dir='ltr'>ἐν</span> 
     </span>
    </p>
   </div>
   <div class='ocr_carea' id='block_1_88' title="bbox 2117 4290 3713 4362">
    <p class='ocr_par' dir='ltr' id='par_1_88' title="bbox 2117 4290 3713 4362">
     <span class='ocr_line' id='line_1_88' title="bbox 2117 4290 3713 4362; baseline -0.001 -18"><span class='ocrx_word' id='word_1_673' title='bbox 2117 4292 2255 4361; x_wconf 73' lang='grc' dir='ltr'>αὐτῇ</span> <span class='ocrx_word' id='word_1_674' title='bbox 2284 4292 2498 4354; x_wconf 87' lang='grc' dir='ltr'>ἀπάτας</span> <span class='ocrx_word' id='word_1_675' title='bbox 2520 4309 2533 4322; x_wconf 86' lang='grc'><strong>·</strong></span> <span class='ocrx_word' id='word_1_676' title='bbox 2557 4290 2701 4353; x_wconf 83' lang='grc' dir='ltr'>τινὲς</span> <span class='ocrx_word' id='word_1_677' title='bbox 2725 4290 2781 4342; x_wconf 84' lang='grc' dir='ltr'>δὲ</span> <span class='ocrx_word' id='word_1_678' title='bbox 2829 4291 2958 4362; x_wconf 70' lang='grc' dir='ltr'>περὶ</span> <span class='ocrx_word' id='word_1_679' title='bbox 2984 4290 3081 4360; x_wconf 80' lang='grc' dir='ltr'>τῆς</span> <span class='ocrx_word' id='word_1_680' title='bbox 3115 4291 3313 4354; x_wconf 89' lang='grc' dir='ltr'>κακίας</span> <span class='ocrx_word' id='word_1_681' title='bbox 3355 4291 3451 4343; x_wconf 75' lang='grc' dir='ltr'>καὶ</span> <span class='ocrx_word' id='word_1_682' title='bbox 3516 4290 3581 4342; x_wconf 85' lang='grc' dir='ltr'>τὸ</span> <span class='ocrx_word' id='word_1_683' title='bbox 3625 4290 3713 4362; x_wconf 78' lang='grc' dir='ltr'>μὴ</span> 
     </span>
    </p>
   </div>
   <div class='ocr_carea' id='block_1_89' title="bbox 2116 4380 3711 4454">
    <p class='ocr_par' dir='ltr' id='par_1_89' title="bbox 2116 4380 3711 4454">
     <span class='ocr_line' id='line_1_89' title="bbox 2116 4380 3711 4454; baseline 0.001 -19"><span class='ocrx_word' id='word_1_684' title='bbox 2116 4382 2282 4435; x_wconf 76' lang='grc' dir='ltr'>πολὺν</span> <span class='ocrx_word' id='word_1_685' title='bbox 2310 4380 2449 4436; x_wconf 81' lang='grc' dir='ltr'>εἶναι</span> <span class='ocrx_word' id='word_1_686' title='bbox 2504 4382 2640 4453; x_wconf 77' lang='grc' dir='ltr'>πρὸς</span> <span class='ocrx_word' id='word_1_687' title='bbox 2677 4382 2876 4453; x_wconf 82' lang='grc' dir='ltr'>αὐτὴν,</span> <span class='ocrx_word' id='word_1_688' title='bbox 2924 4383 3319 4454; x_wconf 82' lang='grc' dir='ltr'>ἑρμηνεύουσιν</span> <span class='ocrx_word' id='word_1_689' title='bbox 3363 4382 3573 4445; x_wconf 88' lang='grc' dir='ltr'>οῦτως·</span> <span class='ocrx_word' id='word_1_690' title='bbox 3616 4383 3711 4436; x_wconf 79' lang='grc' dir='ltr'>ὅτι</span> 
     </span>
    </p>
   </div>
   <div class='ocr_carea' id='block_1_90' title="bbox 2114 4470 3713 4544">
    <p class='ocr_par' dir='ltr' id='par_1_90' title="bbox 2114 4470 3713 4544">
     <span class='ocr_line' id='line_1_90' title="bbox 2114 4470 3713 4544; baseline -0.001 -18"><span class='ocrx_word' id='word_1_691' title='bbox 2114 4472 2371 4527; x_wconf 89' lang='grc' dir='ltr'>ἀδύνατον</span> <span class='ocrx_word' id='word_1_692' title='bbox 2396 4472 2493 4542; x_wconf 87' lang='grc' dir='ltr'>μὲν</span> <span class='ocrx_word' id='word_1_693' title='bbox 2523 4471 2864 4525; x_wconf 88' lang='grc' dir='ltr'>παντάπασιν</span> <span class='ocrx_word' id='word_1_694' title='bbox 2887 4471 3185 4542; x_wconf 81' lang='grc' dir='ltr'>ἀπέχεσθαι</span> <span class='ocrx_word' id='word_1_695' title='bbox 3214 4470 3499 4543; x_wconf 81' lang='grc' dir='ltr'>ἄνθρωπον</span> <span class='ocrx_word' id='word_1_696' title='bbox 3530 4490 3713 4544; x_wconf 86' lang='grc' dir='ltr'>πονη-</span> 
     </span>
    </p>
   </div>
   <div class='ocr_carea' id='block_1_91' title="bbox 442 4564 2037 4639">
    <p class='ocr_par' dir='ltr' id='par_1_91' title="bbox 442 4567 2005 4635">
     <span class='ocr_line' id='line_1_91' title="bbox 442 4567 2005 4635; baseline 0.001 -13"><span class='ocrx_word' id='word_1_697' title='bbox 442 4567 600 4622; x_wconf 87' lang='lat' dir='ltr'><strong>nibus</strong></span> <span class='ocrx_word' id='word_1_698' title='bbox 622 4568 843 4622; x_wconf 91' lang='lat' dir='ltr'><strong>omnino</strong></span> <span class='ocrx_word' id='word_1_699' title='bbox 872 4582 1059 4623; x_wconf 86' lang='lat' dir='ltr'><strong>carere</strong></span> <span class='ocrx_word' id='word_1_700' title='bbox 1081 4608 1097 4632; x_wconf 90' lang='lat'><strong>,</strong></span> <span class='ocrx_word' id='word_1_701' title='bbox 1121 4579 1360 4625; x_wconf 89' lang='lat' dir='ltr'><strong>attamen</strong></span> <span class='ocrx_word' id='word_1_702' title='bbox 1392 4571 1442 4625; x_wconf 93' lang='lat' dir='ltr'><strong>in</strong></span> <span class='ocrx_word' id='word_1_703' title='bbox 1468 4570 1533 4623; x_wconf 87' lang='lat' dir='ltr'><strong>iis</strong></span> <span class='ocrx_word' id='word_1_704' title='bbox 1565 4585 1670 4626; x_wconf 86' lang='lat' dir='ltr'><strong>non</strong></span> <span class='ocrx_word' id='word_1_705' title='bbox 1706 4571 2005 4635; x_wconf 86' lang='lat' dir='ltr'><strong>immorari,</strong></span> 
     </span>
    </p>
   </div>
   <div class='ocr_carea' id='block_1_92' title="bbox 2130 4564 3712 4639">
    <p class='ocr_par' dir='ltr' id='par_1_92' title="bbox 2130 4564 3712 4639">
     <span class='ocr_line' id='line_1_92' title="bbox 2130 4564 3712 4639; baseline 0 -20"><span class='ocrx_word' id='word_1_706' title='bbox 2130 4568 2222 4621; x_wconf 79' lang='grc' dir='ltr'>&gt;ῶν</span> <span class='ocrx_word' id='word_1_707' title='bbox 2244 4568 2537 4638; x_wconf 90' lang='grc' dir='ltr'>λογισμῶν·</span> <span class='ocrx_word' id='word_1_708' title='bbox 2569 4568 2643 4639; x_wconf 84' lang='grc' dir='ltr'>μὴ</span> <span class='ocrx_word' id='word_1_709' title='bbox 2672 4566 3001 4639; x_wconf 76' lang='grc' dir='ltr'>ἐγχρονίζειν</span> <span class='ocrx_word' id='word_1_710' title='bbox 3023 4566 3203 4639; x_wconf 81' lang='grc' dir='ltr'>μέντοι</span> <span class='ocrx_word' id='word_1_711' title='bbox 3228 4566 3285 4619; x_wconf 80' lang='grc' dir='ltr'>ἐν</span> <span class='ocrx_word' id='word_1_712' title='bbox 3304 4564 3511 4628; x_wconf 75' lang='grc' dir='ltr'>αὐτοῖς,</span> <span class='ocrx_word' id='word_1_713' title='bbox 3537 4564 3712 4620; x_wconf 81' lang='grc' dir='ltr'>δυνα-</span> 
     </span>
    </p>
   </div>
   <div class='ocr_carea' id='block_1_93' title="bbox 439 4658 1583 4729">
    <p class='ocr_par' dir='ltr' id='par_1_93' title="bbox 439 4658 1583 4729">
     <span class='ocr_line' id='line_1_93' title="bbox 439 4658 1583 4729; baseline 0.003 -17"><span class='ocrx_word' id='word_1_714' title='bbox 439 4659 731 4726; x_wconf 86' lang='lat' dir='ltr'><strong>possibile;</strong></span> <span class='ocrx_word' id='word_1_715' title='bbox 759 4673 895 4729; x_wconf 89' lang='lat' dir='ltr'><strong>quas</strong></span> <span class='ocrx_word' id='word_1_716' title='bbox 925 4669 1120 4716; x_wconf 86' lang='lat' dir='ltr'><strong>auctor</strong></span> <span class='ocrx_word' id='word_1_717' title='bbox 1148 4658 1304 4713; x_wconf 90' lang='lat' dir='ltr'><strong>ulnas</strong></span> <span class='ocrx_word' id='word_1_718' title='bbox 1324 4660 1583 4729; x_wconf 84' lang='lat' dir='ltr'><strong>appellat.</strong></span> 
     </span>
    </p>
   </div>
   <div class='ocr_carea' id='block_1_94' title="bbox 2116 4658 2972 4728">
    <p class='ocr_par' dir='ltr' id='par_1_94' title="bbox 2116 4658 2972 4728">
     <span class='ocr_line' id='line_1_94' title="bbox 2116 4658 2972 4728; baseline -0.001 -17"><span class='ocrx_word' id='word_1_719' title='bbox 2116 4658 2206 4712; x_wconf 86' lang='grc' dir='ltr'><strong>τόν</strong></span> <span class='ocrx_word' id='word_1_720' title='bbox 2226 4675 2241 4689; x_wconf 87' lang='grc'><strong>·</strong></span> <span class='ocrx_word' id='word_1_721' title='bbox 2277 4658 2370 4723; x_wconf 85' lang='grc' dir='ltr'><strong>οὒς</strong></span> <span class='ocrx_word' id='word_1_722' title='bbox 2395 4659 2490 4712; x_wconf 79' lang='grc' dir='ltr'>καὶ</span> <span class='ocrx_word' id='word_1_723' title='bbox 2521 4660 2769 4728; x_wconf 87' lang='grc' dir='ltr'>ἀγκάλας</span> <span class='ocrx_word' id='word_1_724' title='bbox 2801 4658 2972 4712; x_wconf 86' lang='grc' dir='ltr'>καλεῖ.</span> 
     </span>
    </p>
   </div>
   <div class='ocr_carea' id='block_1_95' title="bbox 1950 4772 2232 4830">
    <p class='ocr_par' dir='ltr' id='par_1_95' title="bbox 1950 4772 2232 4830">
     <span class='ocr_line' id='line_1_95' title="bbox 1950 4772 2232 4830; baseline -0.007 0"><span class='ocrx_word' id='word_1_725' title='bbox 1950 4774 2101 4830; x_wconf 78' lang='lat' dir='ltr'><strong>CAP.</strong></span> <span class='ocrx_word' id='word_1_726' title='bbox 2143 4772 2232 4829; x_wconf 83' lang='lat' dir='ltr'><strong>Vl.</strong></span> 
     </span>
    </p>
   </div>
   <div class='ocr_carea' id='block_1_96' title="bbox 509 4865 2003 4941">
    <p class='ocr_par' dir='ltr' id='par_1_96' title="bbox 509 4865 2003 4941">
     <span class='ocr_line' id='line_1_96' title="bbox 509 4865 2003 4941; baseline 0.003 -20"><span class='ocrx_word' id='word_1_727' title='bbox 509 4868 559 4900; x_wconf 76' lang='lat'><strong>“</strong></span> <span class='ocrx_word' id='word_1_728' title='bbox 584 4868 905 4937; x_wconf 85' lang='lat' dir='ltr'><strong>Quicunque</strong></span> <span class='ocrx_word' id='word_1_729' title='bbox 938 4867 1039 4922; x_wconf 90' lang='lat' dir='ltr'><strong>sibi</strong></span> <span class='ocrx_word' id='word_1_730' title='bbox 1074 4866 1306 4921; x_wconf 88' lang='lat' dir='ltr'><strong>anticum</strong></span> <span class='ocrx_word' id='word_1_731' title='bbox 1353 4865 1629 4923; x_wconf 90' lang='lat' dir='ltr'><strong>Christum</strong></span> <span class='ocrx_word' id='word_1_732' title='bbox 1682 4871 2003 4941; x_wconf 77' lang='lat' dir='ltr'><strong>despondet,</strong></span> 
     </span>
    </p>
   </div>
   <div class='ocr_carea' id='block_1_97' title="bbox 440 4958 2006 5029">
    <p class='ocr_par' dir='ltr' id='par_1_97' title="bbox 440 4958 2006 5029">
     <span class='ocr_line' id='line_1_97' title="bbox 440 4958 2006 5029; baseline 0.001 -14"><span class='ocrx_word' id='word_1_733' title='bbox 440 4969 700 5029; x_wconf 87' lang='lat' dir='ltr'><strong>tanquam</strong></span> <span class='ocrx_word' id='word_1_734' title='bbox 742 4958 1009 5027; x_wconf 87' lang='lat' dir='ltr'><strong>justitiam</strong></span> <span class='ocrx_word' id='word_1_735' title='bbox 1040 4972 1105 5013; x_wconf 92' lang='lat' dir='ltr'><strong>ac</strong></span> <span class='ocrx_word' id='word_1_736' title='bbox 1146 4959 1453 5023; x_wconf 86' lang='lat' dir='ltr'><strong>veritatem,</strong></span> <span class='ocrx_word' id='word_1_737' title='bbox 1487 4960 1533 5016; x_wconf 90' lang='lat' dir='ltr'><strong>is</strong></span> <span class='ocrx_word' id='word_1_738' title='bbox 1576 4960 1814 5016; x_wconf 87' lang='lat' dir='ltr'><strong>animam</strong></span> <span class='ocrx_word' id='word_1_739' title='bbox 1849 4979 2006 5017; x_wconf 88' lang='lat' dir='ltr'><strong>suam</strong></span> 
     </span>
    </p>
   </div>
   <div class='ocr_carea' id='block_1_98' title="bbox 438 5052 2008 5123">
    <p class='ocr_par' dir='ltr' id='par_1_98' title="bbox 438 5052 2008 5123">
     <span class='ocr_line' id='line_1_98' title="bbox 438 5052 2008 5123; baseline 0.001 -17"><span class='ocrx_word' id='word_1_740' title='bbox 438 5052 675 5108; x_wconf 86' lang='lat' dir='ltr'><strong>inimicis</strong></span> <span class='ocrx_word' id='word_1_741' title='bbox 700 5052 1001 5115; x_wconf 90' lang='lat' dir='ltr'><strong>contradit,</strong></span> <span class='ocrx_word' id='word_1_742' title='bbox 1037 5052 1127 5120; x_wconf 91' lang='lat' dir='ltr'><strong>qui</strong></span> <span class='ocrx_word' id='word_1_743' title='bbox 1180 5052 1426 5107; x_wconf 85' lang='lat' dir='ltr'><strong>homines</strong></span> <span class='ocrx_word' id='word_1_744' title='bbox 1471 5068 1788 5123; x_wconf 84' lang='lat' dir='ltr'><strong>oppugnare</strong></span> <span class='ocrx_word' id='word_1_745' title='bbox 1831 5054 2008 5108; x_wconf 86' lang='lat' dir='ltr'><strong>solent</strong></span> 
     </span>
    </p>
   </div>
   <div class='ocr_carea' id='block_1_99' title="bbox 436 5134 2007 5212">
    <p class='ocr_par' dir='ltr' id='par_1_99' title="bbox 436 5134 2007 5212">
     <span class='ocr_line' id='line_1_99' title="bbox 436 5134 2007 5212; baseline -0.002 -15"><span class='ocrx_word' id='word_1_746' title='bbox 436 5153 657 5212; x_wconf 87' lang='lat' dir='ltr'><strong>propter</strong></span> <span class='ocrx_word' id='word_1_747' title='bbox 686 5134 924 5212; x_wconf 88' lang='lat' dir='ltr'><strong>ipsorum</strong></span> <span class='ocrx_word' id='word_1_748' title='bbox 959 5156 1087 5211; x_wconf 73' lang='lat' dir='ltr'><strong>erga</strong></span> <span class='ocrx_word' id='word_1_749' title='bbox 1112 5140 1452 5195; x_wconf 86' lang='lat' dir='ltr'><strong>Salvatorem</strong></span> <span class='ocrx_word' id='word_1_750' title='bbox 1500 5143 1839 5197; x_wconf 83' lang='lat' dir='ltr'><strong>eharitatem.</strong></span> <span class='ocrx_word' id='word_1_751' title='bbox 1872 5140 2007 5194; x_wconf 82' lang='lat' dir='ltr'><strong>Nunt</strong></span> 
     </span>
    </p>
   </div>
   <div class='ocr_carea' id='block_1_100' title="bbox 437 5231 2008 5304">
    <p class='ocr_par' dir='ltr' id='par_1_100' title="bbox 437 5231 2008 5304">
     <span class='ocr_line' id='line_1_100' title="bbox 437 5231 2008 5304; baseline -0.001 -15"><span class='ocrx_word' id='word_1_752' title='bbox 437 5234 676 5290; x_wconf 84' lang='lat' dir='ltr'><strong>charitas</strong></span> <span class='ocrx_word' id='word_1_753' title='bbox 694 5233 974 5304; x_wconf 78' lang='lat' dir='ltr'><strong>Spiritalis,</strong></span> <span class='ocrx_word' id='word_1_754' title='bbox 991 5242 1073 5287; x_wconf 87' lang='lat' dir='ltr'><strong>est</strong></span> <span class='ocrx_word' id='word_1_755' title='bbox 1090 5231 1319 5287; x_wconf 89' lang='lat' dir='ltr'><strong>scientia</strong></span> <span class='ocrx_word' id='word_1_756' title='bbox 1346 5232 1459 5293; x_wconf 90' lang='lat' dir='ltr'><strong>Dei,</strong></span> <span class='ocrx_word' id='word_1_757' title='bbox 1483 5232 1635 5300; x_wconf 86' lang='lat' dir='ltr'><strong>cujus</strong></span> <span class='ocrx_word' id='word_1_758' title='bbox 1660 5248 1823 5287; x_wconf 85' lang='lat' dir='ltr'><strong>causa</strong></span> <span class='ocrx_word' id='word_1_759' title='bbox 1839 5233 2008 5287; x_wconf 88' lang='lat' dir='ltr'><strong>sancti</strong></span> 
     </span>
    </p>
   </div>
   <div class='ocr_carea' id='block_1_101' title="bbox 438 5323 2010 5394">
    <p class='ocr_par' dir='ltr' id='par_1_101' title="bbox 438 5323 2010 5394">
     <span class='ocr_line' id='line_1_101' title="bbox 438 5323 2010 5394; baseline -0.001 -13"><span class='ocrx_word' id='word_1_760' title='bbox 438 5330 539 5382; x_wconf 86' lang='lat' dir='ltr'><strong>viri</strong></span> <span class='ocrx_word' id='word_1_761' title='bbox 582 5329 677 5383; x_wconf 91' lang='lat' dir='ltr'><strong>Dei</strong></span> <span class='ocrx_word' id='word_1_762' title='bbox 719 5337 843 5382; x_wconf 87' lang='lat' dir='ltr'><strong>sunt</strong></span> <span class='ocrx_word' id='word_1_763' title='bbox 894 5326 1079 5388; x_wconf 91' lang='lat' dir='ltr'><strong>amici,</strong></span> <span class='ocrx_word' id='word_1_764' title='bbox 1115 5335 1175 5379; x_wconf 92' lang='lat' dir='ltr'><strong>ut</strong></span> <span class='ocrx_word' id='word_1_765' title='bbox 1219 5323 1456 5379; x_wconf 81' lang='lat' dir='ltr'><strong>Joannes</strong></span> <span class='ocrx_word' id='word_1_766' title='bbox 1510 5324 1751 5394; x_wconf 81' lang='lat' dir='ltr'><strong>Baptista</strong></span> <span class='ocrx_word' id='word_1_767' title='bbox 1801 5327 2010 5380; x_wconf 86' lang='lat' dir='ltr'><strong>amicus</strong></span> 
     </span>
    </p>
   </div>
   <div class='ocr_carea' id='block_1_102' title="bbox 436 5416 2010 5489">
    <p class='ocr_par' dir='ltr' id='par_1_102' title="bbox 436 5416 2010 5489">
     <span class='ocr_line' id='line_1_102' title="bbox 436 5416 2010 5489; baseline -0.003 -14"><span class='ocrx_word' id='word_1_768' title='bbox 436 5423 617 5489; x_wconf 85' lang='lat' dir='ltr'><strong>sponsi</strong></span> <span class='ocrx_word' id='word_1_769' title='bbox 642 5430 780 5485; x_wconf 89' lang='lat' dir='ltr'><strong>erat,</strong></span> <span class='ocrx_word' id='word_1_770' title='bbox 822 5419 1163 5488; x_wconf 75' lang='lat' dir='ltr'><strong>Moysesque,</strong></span> <span class='ocrx_word' id='word_1_771' title='bbox 1191 5425 1245 5470; x_wconf 90' lang='lat' dir='ltr'><strong>et</strong></span> <span class='ocrx_word' id='word_1_772' title='bbox 1272 5416 1497 5485; x_wconf 83' lang='lat' dir='ltr'><strong>apostoli</strong></span> <span class='ocrx_word' id='word_1_773' title='bbox 1533 5435 1546 5470; x_wconf 91' lang='lat'><strong>:</strong></span> <span class='ocrx_word' id='word_1_774' title='bbox 1579 5417 1697 5472; x_wconf 85' lang='lat' dir='ltr'><strong>Jam</strong></span> <span class='ocrx_word' id='word_1_775' title='bbox 1728 5419 1892 5482; x_wconf 90' lang='lat' dir='ltr'><strong>enim,</strong></span> <span class='ocrx_word' id='word_1_776' title='bbox 1928 5418 2010 5471; x_wconf 76' lang='lat' dir='ltr'><strong>in-</strong></span> 
     </span>
    </p>
   </div>
   <div class='ocr_carea' id='block_1_103' title="bbox 440 5508 1727 5581">
    <p class='ocr_par' dir='ltr' id='par_1_103' title="bbox 440 5508 1727 5581">
     <span class='ocr_line' id='line_1_103' title="bbox 440 5508 1727 5581; baseline -0.002 -18"><span class='ocrx_word' id='word_1_777' title='bbox 440 5513 573 5581; x_wconf 85' lang='lat' dir='ltr'><strong>quit,</strong></span> <span class='ocrx_word' id='word_1_778' title='bbox 596 5527 702 5566; x_wconf 90' lang='lat' dir='ltr'><strong>non</strong></span> <span class='ocrx_word' id='word_1_779' title='bbox 727 5510 1011 5580; x_wconf 86' lang='lat' dir='ltr'><strong>appellabo</strong></span> <span class='ocrx_word' id='word_1_780' title='bbox 1034 5525 1127 5563; x_wconf 90' lang='lat' dir='ltr'><strong>vos</strong></span> <span class='ocrx_word' id='word_1_781' title='bbox 1151 5523 1361 5571; x_wconf 87' lang='lat' dir='ltr'><strong>servos,</strong></span> <span class='ocrx_word' id='word_1_782' title='bbox 1387 5508 1480 5562; x_wconf 86' lang='lat' dir='ltr'><strong>sed</strong></span> <span class='ocrx_word' id='word_1_783' title='bbox 1503 5509 1727 5561; x_wconf 86' lang='lat' dir='ltr'><strong>amicos.</strong></span> 
     </span>
    </p>
   </div>
   <div class='ocr_carea' id='block_1_104' title="bbox 508 5687 2001 5758">
    <p class='ocr_par' dir='ltr' id='par_1_104' title="bbox 508 5687 2001 5758">
     <span class='ocr_line' id='line_1_104' title="bbox 508 5687 2001 5758; baseline -0.009 -7"><span class='ocrx_word' id='word_1_784' title='bbox 508 5695 553 5728; x_wconf 82' lang='grc'>⁸⁸</span> <span class='ocrx_word' id='word_1_785' title='bbox 582 5694 772 5750; x_wconf 84' lang='lat' dir='ltr'><strong>Videu‘</strong></span> <span class='ocrx_word' id='word_1_786' title='bbox 797 5703 1070 5749; x_wconf 87' lang='lat' dir='ltr'><strong>certamen</strong></span> <span class='ocrx_word' id='word_1_787' title='bbox 1107 5699 1161 5745; x_wconf 91' lang='lat' dir='ltr'><strong>et</strong></span> <span class='ocrx_word' id='word_1_788' title='bbox 1203 5688 1536 5758; x_wconf 81' lang='lat' dir='ltr'><strong>vigilantiam</strong></span> <span class='ocrx_word' id='word_1_789' title='bbox 1560 5688 1583 5742; x_wconf 83' lang='lat'><strong>?</strong></span> <span class='ocrx_word' id='word_1_790' title='bbox 1608 5687 1816 5742; x_wconf 73' lang='lat' dir='ltr'><strong>Anima:</strong></span> <span class='ocrx_word' id='word_1_791' title='bbox 1843 5688 2001 5757; x_wconf 86' lang='lat' dir='ltr'><strong>quip-</strong></span> 
     </span>
    </p>
   </div>
   <div class='ocr_carea' id='block_1_105' title="bbox 2185 4863 3713 4939">
    <p class='ocr_par' dir='ltr' id='par_1_105' title="bbox 2185 4863 3713 4939">
     <span class='ocr_line' id='line_1_105' title="bbox 2185 4863 3713 4939; baseline -0.005 -15"><span class='ocrx_word' id='word_1_792' title='bbox 2185 4872 2302 4934; x_wconf 84' lang='grc' dir='ltr'><strong>Πᾶς</strong></span> <span class='ocrx_word' id='word_1_793' title='bbox 2348 4872 2377 4924; x_wconf 91' lang='lat'><strong>6</strong></span> <span class='ocrx_word' id='word_1_794' title='bbox 2429 4870 2518 4923; x_wconf 82' lang='grc' dir='ltr'>τὸν</span> <span class='ocrx_word' id='word_1_795' title='bbox 2568 4868 2720 4938; x_wconf 86' lang='grc' dir='ltr'>φίλον</span> <span class='ocrx_word' id='word_1_796' title='bbox 2771 4868 2862 4921; x_wconf 80' lang='grc' dir='ltr'><strong>τὸν</strong></span> <span class='ocrx_word' id='word_1_797' title='bbox 2908 4866 3145 4939; x_wconf 74' lang='grc' dir='ltr'>Χριστὸν</span> <span class='ocrx_word' id='word_1_798' title='bbox 3193 4863 3568 4935; x_wconf 76' lang='grc' dir='ltr'>ἐγγυώμενος,</span> <span class='ocrx_word' id='word_1_799' title='bbox 3625 4866 3713 4928; x_wconf 83' lang='grc' dir='ltr'>ὡς</span> 
     </span>
    </p>
   </div>
   <div class='ocr_carea' id='block_1_106' title="bbox 2112 4956 3711 5032">
    <p class='ocr_par' dir='ltr' id='par_1_106' title="bbox 2112 4956 3711 5032">
     <span class='ocr_line' id='line_1_106' title="bbox 2112 4956 3711 5032; baseline -0.005 -15"><span class='ocrx_word' id='word_1_800' title='bbox 2112 4962 2457 5032; x_wconf 87' lang='grc' dir='ltr'>δικαιοσύνην</span> <span class='ocrx_word' id='word_1_801' title='bbox 2507 4960 2601 5014; x_wconf 77' lang='grc' dir='ltr'>καὶ</span> <span class='ocrx_word' id='word_1_802' title='bbox 2647 4959 2925 5030; x_wconf 79' lang='grc' dir='ltr'>ἀλήθειαν,</span> <span class='ocrx_word' id='word_1_803' title='bbox 2966 4957 3305 5027; x_wconf 88' lang='grc' dir='ltr'>παραδίδωσι</span> <span class='ocrx_word' id='word_1_804' title='bbox 3351 4956 3452 5026; x_wconf 82' lang='grc' dir='ltr'>τὴν</span> <span class='ocrx_word' id='word_1_805' title='bbox 3494 4957 3711 5010; x_wconf 77' lang='grc' dir='ltr'>ἑαυτοῦ</span> 
     </span>
    </p>
   </div>
   <div class='ocr_carea' id='block_1_107' title="bbox 2110 5048 3718 5127">
    <p class='ocr_par' dir='ltr' id='par_1_107' title="bbox 2110 5048 3718 5127">
     <span class='ocr_line' id='line_1_107' title="bbox 2110 5048 3718 5127; baseline -0.005 -19"><span class='ocrx_word' id='word_1_806' title='bbox 2110 5055 2288 5127; x_wconf 82' lang='grc' dir='ltr'>ψυχὴν</span> <span class='ocrx_word' id='word_1_807' title='bbox 2307 5057 2421 5117; x_wconf 81' lang='grc' dir='ltr'>τοῖς</span> <span class='ocrx_word' id='word_1_808' title='bbox 2449 5052 2682 5124; x_wconf 77' lang='grc' dir='ltr'>ἐχθροῖς,</span> <span class='ocrx_word' id='word_1_809' title='bbox 2699 5053 2811 5113; x_wconf 91' lang='grc' dir='ltr'>τοῖς</span> <span class='ocrx_word' id='word_1_810' title='bbox 2837 5049 3050 5103; x_wconf 78' lang='grc' dir='ltr'>εἰωθόσι</span> <span class='ocrx_word' id='word_1_811' title='bbox 3081 5048 3335 5117; x_wconf 84' lang='grc' dir='ltr'>πολεμεῖν</span> <span class='ocrx_word' id='word_1_812' title='bbox 3351 5051 3461 5110; x_wconf 86' lang='grc' dir='ltr'>τοῖς</span> <span class='ocrx_word' id='word_1_813' title='bbox 3485 5048 3587 5101; x_wconf 88' lang='grc' dir='ltr'><strong>ἀνθ</strong></span> <span class='ocrx_word' id='word_1_814' title='bbox 3594 5050 3718 5120; x_wconf 81' lang='grc' dir='ltr'><strong>ρώ-</strong></span> 
     </span>
    </p>
   </div>
   <div class='ocr_carea' id='block_1_108' title="bbox 2115 5139 3718 5214">
    <p class='ocr_par' dir='ltr' id='par_1_108' title="bbox 2115 5139 3718 5214">
     <span class='ocr_line' id='line_1_108' title="bbox 2115 5139 3718 5214; baseline -0.003 -15"><span class='ocrx_word' id='word_1_815' title='bbox 2115 5163 2257 5209; x_wconf 87' lang='grc' dir='ltr'>ποις,</span> <span class='ocrx_word' id='word_1_816' title='bbox 2292 5144 2380 5197; x_wconf 88' lang='grc' dir='ltr'><strong>διά</strong></span> <span class='ocrx_word' id='word_1_817' title='bbox 2405 5142 2502 5214; x_wconf 77' lang='grc' dir='ltr'>τὴν</span> <span class='ocrx_word' id='word_1_818' title='bbox 2553 5142 2687 5213; x_wconf 74' lang='grc' dir='ltr'>πρὸς</span> <span class='ocrx_word' id='word_1_819' title='bbox 2714 5141 2804 5194; x_wconf 83' lang='grc' dir='ltr'>τὸν</span> <span class='ocrx_word' id='word_1_820' title='bbox 2847 5141 3075 5211; x_wconf 81' lang='grc' dir='ltr'>Σωτῆρα</span> <span class='ocrx_word' id='word_1_821' title='bbox 3115 5139 3329 5209; x_wconf 89' lang='grc' dir='ltr'>φιλίαν·</span> <span class='ocrx_word' id='word_1_822' title='bbox 3378 5139 3533 5208; x_wconf 86' lang='grc' dir='ltr'>φιλία</span> <span class='ocrx_word' id='word_1_823' title='bbox 3588 5142 3718 5214; x_wconf 90' lang='grc' dir='ltr'><strong>γάρ</strong></span> 
     </span>
    </p>
   </div>
   <div class='ocr_carea' id='block_1_109' title="bbox 2115 5230 3719 5305">
    <p class='ocr_par' dir='ltr' id='par_1_109' title="bbox 2115 5230 3719 5305">
     <span class='ocr_line' id='line_1_109' title="bbox 2115 5230 3719 5305; baseline -0.002 -15"><span class='ocrx_word' id='word_1_824' title='bbox 2115 5239 2230 5291; x_wconf 74' lang='grc' dir='ltr'>ἐστι</span> <span class='ocrx_word' id='word_1_825' title='bbox 2259 5233 2624 5305; x_wconf 78' lang='grc' dir='ltr'>πνευματικὴ,</span> <span class='ocrx_word' id='word_1_826' title='bbox 2662 5232 2863 5302; x_wconf 90' lang='grc' dir='ltr'>γνῶσις</span> <span class='ocrx_word' id='word_1_827' title='bbox 2889 5230 3045 5298; x_wconf 90' lang='grc' dir='ltr'>Θεοῦ,</span> <span class='ocrx_word' id='word_1_828' title='bbox 3070 5230 3193 5284; x_wconf 81' lang='grc' dir='ltr'>καθ’</span> <span class='ocrx_word' id='word_1_829' title='bbox 3224 5232 3288 5300; x_wconf 79' lang='grc' dir='ltr'>ἣν</span> <span class='ocrx_word' id='word_1_830' title='bbox 3315 5233 3408 5284; x_wconf 73' lang='grc' dir='ltr'>καὶ</span> <span class='ocrx_word' id='word_1_831' title='bbox 3440 5232 3491 5283; x_wconf 83' lang='grc' dir='ltr'>οἱ</span> <span class='ocrx_word' id='word_1_832' title='bbox 3545 5231 3719 5300; x_wconf 71' lang='grc' dir='ltr'>ἅγιοι</span> 
     </span>
    </p>
   </div>
   <div class='ocr_carea' id='block_1_110' title="bbox 2117 5319 3722 5394">
    <p class='ocr_par' dir='ltr' id='par_1_110' title="bbox 2117 5319 3722 5394">
     <span class='ocr_line' id='line_1_110' title="bbox 2117 5319 3722 5394; baseline -0.002 -17"><span class='ocrx_word' id='word_1_833' title='bbox 2117 5325 2261 5394; x_wconf 83' lang='grc' dir='ltr'>φίλοι</span> <span class='ocrx_word' id='word_1_834' title='bbox 2316 5322 2448 5377; x_wconf 87' lang='grc' dir='ltr'>Θεοῦ</span> <span class='ocrx_word' id='word_1_835' title='bbox 2487 5321 2934 5393; x_wconf 72' lang='grc' dir='ltr'>χρηματίζουσιν,</span> <span class='ocrx_word' id='word_1_836' title='bbox 2963 5321 3039 5383; x_wconf 86' lang='grc' dir='ltr'>ὼς</span> <span class='ocrx_word' id='word_1_837' title='bbox 3067 5322 3095 5373; x_wconf 92' lang='lat'><strong>6</strong></span> <span class='ocrx_word' id='word_1_838' title='bbox 3133 5319 3383 5389; x_wconf 79' lang='grc' dir='ltr'>Ἰωάννης</span> <span class='ocrx_word' id='word_1_839' title='bbox 3436 5321 3464 5371; x_wconf 89' lang='lat'><strong>6</strong></span> <span class='ocrx_word' id='word_1_840' title='bbox 3494 5322 3722 5374; x_wconf 72' lang='grc' dir='ltr'>Βαπτιο</span> 
     </span>
    </p>
   </div>
   <div class='ocr_carea' id='block_1_111' title="bbox 2117 5408 3721 5485">
    <p class='ocr_par' dir='ltr' id='par_1_111' title="bbox 2117 5408 3721 5485">
     <span class='ocr_line' id='line_1_111' title="bbox 2117 5408 3721 5485; baseline -0.002 -18"><span class='ocrx_word' id='word_1_841' title='bbox 2117 5415 2247 5485; x_wconf 79' lang='grc' dir='ltr'>στὴς</span> <span class='ocrx_word' id='word_1_842' title='bbox 2272 5414 2422 5484; x_wconf 85' lang='grc' dir='ltr'>φίλος</span> <span class='ocrx_word' id='word_1_843' title='bbox 2443 5408 2511 5484; x_wconf 81' lang='grc' dir='ltr'>ἦν</span> <span class='ocrx_word' id='word_1_844' title='bbox 2539 5412 2631 5465; x_wconf 90' lang='grc' dir='ltr'><strong>τοῦ</strong></span> <span class='ocrx_word' id='word_1_845' title='bbox 2658 5411 2911 5479; x_wconf 86' lang='grc' dir='ltr'>νυμφίου,</span> <span class='ocrx_word' id='word_1_846' title='bbox 2930 5410 3169 5479; x_wconf 82' lang='grc' dir='ltr'>Μωῦσῆς</span> <span class='ocrx_word' id='word_1_847' title='bbox 3194 5426 3253 5461; x_wconf 89' lang='grc' dir='ltr'><strong>τε</strong></span> <span class='ocrx_word' id='word_1_848' title='bbox 3287 5410 3379 5460; x_wconf 76' lang='grc' dir='ltr'>καὶ</span> <span class='ocrx_word' id='word_1_849' title='bbox 3397 5410 3721 5464; x_wconf 83' lang='grc' dir='ltr'>οίάπόστο-</span> 
     </span>
    </p>
   </div>
   <div class='ocr_carea' id='block_1_112' title="bbox 2118 5498 3727 5577">
    <p class='ocr_par' dir='ltr' id='par_1_112' title="bbox 2118 5498 3727 5577">
     <span class='ocr_line' id='line_1_112' title="bbox 2118 5498 3727 5577; baseline -0.003 -20"><span class='ocrx_word' id='word_1_850' title='bbox 2118 5505 2227 5558; x_wconf 90' lang='grc' dir='ltr'>λοι·</span> <span class='ocrx_word' id='word_1_851' title='bbox 2260 5504 2601 5575; x_wconf 83' lang='grc' dir='ltr'>Οὐκέτιγὰρ,</span> <span class='ocrx_word' id='word_1_852' title='bbox 2648 5500 3005 5577; x_wconf 13' lang='grc' dir='ltr'>φησὶν,ἢύμᾶς</span> <span class='ocrx_word' id='word_1_853' title='bbox 3055 5499 3206 5552; x_wconf 89' lang='grc' dir='ltr'>καλῶ</span> <span class='ocrx_word' id='word_1_854' title='bbox 3263 5498 3505 5563; x_wconf 86' lang='grc' dir='ltr'>δούλους,</span> <span class='ocrx_word' id='word_1_855' title='bbox 3560 5501 3727 5557; x_wconf 80' lang='grc' dir='ltr'>ἀλλὰ</span> 
     </span>
    </p>
   </div>
   <div class='ocr_carea' id='block_1_113' title="bbox 2118 5597 2318 5666">
    <p class='ocr_par' dir='ltr' id='par_1_113' title="bbox 2118 5597 2318 5666">
     <span class='ocr_line' id='line_1_113' title="bbox 2118 5597 2318 5666; baseline 0 -17"><span class='ocrx_word' id='word_1_856' title='bbox 2118 5597 2318 5666; x_wconf 83' lang='grc' dir='ltr'>φίλους.</span> 
     </span>
    </p>
   </div>
   <div class='ocr_carea' id='block_1_114' title="bbox 2190 5672 3733 5759">
    <p class='ocr_par' dir='ltr' id='par_1_114' title="bbox 2190 5672 3733 5759">
     <span class='ocr_line' id='line_1_114' title="bbox 2190 5672 3733 5759; baseline -0.003 -19"><span class='ocrx_word' id='word_1_857' title='bbox 2190 5689 2351 5759; x_wconf 78' lang='grc' dir='ltr'>Ὁρᾷς</span> <span class='ocrx_word' id='word_1_858' title='bbox 2380 5687 2563 5755; x_wconf 84' lang='grc' dir='ltr'>ἀγῶνα</span> <span class='ocrx_word' id='word_1_859' title='bbox 2595 5686 2687 5742; x_wconf 59' lang='grc' dir='ltr'><strong>καί⁸</strong></span> <span class='ocrx_word' id='word_1_860' title='bbox 2714 5683 3020 5757; x_wconf 76' lang='grc' dir='ltr'>ἀγρυπνίαν</span> <span class='ocrx_word' id='word_1_861' title='bbox 3040 5699 3053 5748; x_wconf 90' lang='grc'>;</span> <span class='ocrx_word' id='word_1_862' title='bbox 3076 5672 3296 5745; x_wconf 54' lang='grc' dir='ltr'>’Ὕπνος</span> <span class='ocrx_word' id='word_1_863' title='bbox 3322 5682 3423 5753; x_wconf 83' lang='grc' dir='ltr'>μέν</span> <span class='ocrx_word' id='word_1_864' title='bbox 3450 5682 3576 5737; x_wconf 79' lang='grc' dir='ltr'>ἐστι</span> <span class='ocrx_word' id='word_1_865' title='bbox 3595 5684 3733 5755; x_wconf 79' lang='grc' dir='ltr'>ψυ-</span> 
     </span>
    </p>
   </div>
   <div class='ocr_carea' id='block_1_115' title="bbox 506 5840 2037 5907">
    <p class='ocr_par' dir='ltr' id='par_1_115' title="bbox 506 5840 2032 5907">
     <span class='ocr_line' id='line_1_115' title="bbox 506 5840 2032 5907; baseline -0.021 -1"><span class='ocrx_word' id='word_1_866' title='bbox 506 5850 551 5883; x_wconf 81' lang='grc'><strong>⁸⁹</strong></span> <span class='ocrx_word' id='word_1_867' title='bbox 577 5867 627 5906; x_wconf 88' lang='lat' dir='ltr'><strong>v.</strong></span> <span class='ocrx_word' id='word_1_868' title='bbox 664 5849 750 5903; x_wconf 81' lang='grc'><strong>18.</strong></span> <span class='ocrx_word' id='word_1_869' title='bbox 822 5847 866 5879; x_wconf 88' lang='grc'><strong>⁸¹</strong></span> <span class='ocrx_word' id='word_1_870' title='bbox 901 5843 1059 5898; x_wconf 82' lang='lat' dir='ltr'><strong>Prov.</strong></span> <span class='ocrx_word' id='word_1_871' title='bbox 1100 5858 1189 5907; x_wconf 90' lang='lat' dir='ltr'><strong>vn,</strong></span> <span class='ocrx_word' id='word_1_872' title='bbox 1218 5842 1269 5897; x_wconf 73' lang='grc'><strong>4.</strong></span> <span class='ocrx_word' id='word_1_873' title='bbox 1347 5841 1392 5872; x_wconf 81' lang='grc'><strong>⁸³</strong></span> <span class='ocrx_word' id='word_1_874' title='bbox 1421 5842 1579 5896; x_wconf 70' lang='lat' dir='ltr'><strong>v.19.</strong></span> <span class='ocrx_word' id='word_1_875' title='bbox 1654 5840 1700 5872; x_wconf 79' lang='grc'><strong>⁵³</strong></span> <span class='ocrx_word' id='word_1_876' title='bbox 1736 5857 1786 5897; x_wconf 72' lang='grc' dir='ltr'><strong>ν,</strong></span> <span class='ocrx_word' id='word_1_877' title='bbox 1820 5841 1909 5897; x_wconf 62' lang='grc' dir='ltr'><strong>2ο,</strong></span> <span class='ocrx_word' id='word_1_878' title='bbox 1988 5842 2032 5875; x_wconf 63' lang='grc' dir='ltr'>ιδ</span> 
     </span>
    </p>
   </div>
   <div class='ocr_carea' id='block_1_116' title="bbox 2130 5840 2496 5907">
    <p class='ocr_par' dir='ltr' id='par_1_116' title="bbox 2157 5842 2496 5897">
     <span class='ocr_line' id='line_1_116' title="bbox 2157 5842 2496 5897; baseline 0.006 -2"><span class='ocrx_word' id='word_1_879' title='bbox 2157 5842 2209 5895; x_wconf 80' lang='lat'><strong>5.</strong></span> <span class='ocrx_word' id='word_1_880' title='bbox 2288 5842 2333 5873; x_wconf 85' lang='lat'><strong>&quot;</strong></span> <span class='ocrx_word' id='word_1_881' title='bbox 2361 5858 2411 5897; x_wconf 85' lang='grc' dir='ltr'>ν.</span> <span class='ocrx_word' id='word_1_882' title='bbox 2446 5842 2496 5897; x_wconf 74' lang='grc'><strong>4.</strong></span> 
     </span>
    </p>
   </div>
  </div>
