3958 6510
325 404 427 461 177

1508 406 1876 463 EXPOSITIO
1908 407 1970 461 ΙΝ
2011 407 2422 463 PROVERBIA.

3492 406 3596 459 173

322 527 496 599 χῆςη
555 528 675 580 κατ’
720 513 999 598 ἐνέργειαν
1041 530 1320 601 ἁμαρτία·
1372 530 1679 601 νυσταγμὸς
1734 530 1813 593 δὲ,
1861 548 1887 582 τ

2023 546 2088 599 pe
2123 546 2348 585 somnus
2380 538 2457 585 est
2480 538 2761 601 peractum
2794 539 3071 597 peccatum
3105 544 3115 577 :
3155 528 3469 583 dot-nutatio
3505 546 3597 579 au-

320 621 543 689 πρῶτον
565 623 622 673 ἐν
655 624 721 691 τῇ
748 620 893 692 ψυχῇ
930 623 1319 693 συνιστάμενον
1346 622 1656 693 ἀκάθαρτον
1698 623 1878 693 νόημα
1898 641 1910 652 ·

319 713 737 785 ὲπινυσταγμὸς
765 714 821 767 δὲ
843 717 876 784 ἡ
903 715 1038 785 πρὸς
1060 716 1127 768 τὰ
1156 716 1323 787 χείρω
1345 716 1484 786 ῥοπή
1506 734 1515 743 ·
1548 715 1744 768 κωλύει
1771 712 1862 767 οὖν
1886 718 1914 768 6

322 806 425 874 μὲν
444 806 609 879 νόμος
640 808 729 861 τὸν
770 806 934 861 ὕπνον
954 825 965 836 ·
994 809 1083 861 τὸν
1127 809 1183 861 δὲ
1213 808 1523 878 νυσταγμδν
1569 808 1631 861 τὸ
1674 808 1915 877 Εὐαγγέ-

318 898 434 952 λιον
453 916 467 931 ο
491 901 544 952 ει
566 916 630 968 γε
646 900 674 952 6
695 900 792 970 μὲν
822 900 1145 970 περικόπτει
1166 902 1266 971 τὴν
1292 902 1411 954 κατ’
1436 900 1716 973 ἐνέργειαν
1743 903 1916 972 ἀμαρ-

320 990 479 1044 τίαν·
514 991 575 1045 τὸ
610 991 691 1057 δὲ,
720 992 819 1063 τὴν
856 993 1002 1046 κατά
1031 993 1271 1047 διάνοιαν
1322 993 1539 1064 πρῶτον
1590 995 1913 1063 συνισταμέ-

318 1074 417 1153 νην
447 1085 663 1139 κακίαν·
702 1084 930 1158 Ἐρρέθη
954 1086 1084 1158 γὰρ,
1118 1087 1271 1158 φησὶ,
1296 1089 1406 1151 τοῖς
1433 1086 1699 1159 ἀρχαίοις.
1717 1087 1794 1141 Οὐ
1818 1104 1912 1155 φο-

316 1175 529 1238 νεύσεις
557 1193 573 1207 *
603 1175 712 1245 ἐγὼ
732 1176 788 1230 δὲ
808 1176 950 1244 λέγω
976 1178 1123 1248 ύμῖν,
1155 1179 1270 1232 Ούκ
1296 1178 1623 1250 ὀργισθήση.

395 1268 739 1339 Σημειωτέον
766 1269 1022 1333 ἐνταῦθα,
1054 1271 1135 1324 ὅτι
1157 1270 1256 1341 τὴν
1282 1270 1377 1323 τοῦ
1413 1270 1703 1341 μύρμηκος
1754 1286 1910 1339 φυσι-

316 1357 424 1427 κὴν
459 1359 782 1430 ἐναρμόνιον
816 1360 1051 1431 κίνησιν,
1104 1362 1295 1431 σοφίαν
1349 1361 1535 1415 καλεί’
1578 1362 1671 1415 καὶ
1720 1361 1829 1433 γὰρ
1880 1363 1909 1414 6

313 1450 629 1522 σοφώτερος
667 1451 856 1519 σοφοῦ,
915 1452 1222 1525 σοφώτερος
1276 1453 1524 1522 λέγεται·
1556 1453 1677 1517 πῶς
1719 1454 1773 1506 δὲ
1815 1456 1907 1507 καὶ

307 1542 413 1595 οὐκ
436 1541 586 1596 ἔστιν
620 1543 726 1596 ὑπὸ
757 1544 1045 1616 δεσπότην,
1082 1546 1133 1598 εἴ
1164 1562 1227 1613 γε
1266 1546 1334 1599 τὰ
1392 1545 1684 1616 σύμπαντα
1743 1547 1905 1601 δούλα

308 1634 405 1687 τοῦ
437 1633 578 1687 Θεοῦ
608 1635 675 1705 ςῆ
705 1638 922 1706 μήποτε
942 1640 970 1690 6
1004 1638 1137 1701 Θεὸς
1190 1638 1407 1706 λέγεται
1436 1638 1700 1709 δεσπότης
1722 1639 1902 1709 διχῶς,

305 1726 385 1789 ὡς
414 1724 771 1798 δημιουργὸς,
807 1728 901 1782 καὶ
929 1729 1005 1793 ὡς
1038 1729 1474 1800 γινωσκόμενοςς
1507 1731 1599 1785 Διὸ
1633 1733 1725 1784 καὶ
1759 1734 1903 1785 Παῦ-

305 1815 397 1880 λος
459 1817 702 1887 γράφειο
745 1820 897 1873 Νυνὶ
952 1818 1021 1873 δὲ
1064 1820 1565 1890 ἐλευθερωθέντες
1619 1823 1738 1877 ἀπὸ
1795 1821 1903 1890 τῆς

2021 633 2127 679 tem
2152 623 2417 678 conflatus
2442 624 2495 678 in
2523 624 2706 677 anima
2738 624 2983 692 impurus
3009 625 3277 691 cogitatus
3313 639 3328 675 :
3362 620 3597 691 denique

2018 716 2412 779 indormitatio,
2430 716 2721 771 declinatio
2745 717 2812 769 ad
2839 716 3133 769 deteriora.
3161 713 3318 769 Vetat
3345 729 3592 769 somnum

2016 810 2123 877 lex,
2159 810 2597 865 dormitationem
2632 808 2982 879 Evangelium
3012 827 3024 862 :
3059 809 3145 862 illa
3170 809 3315 863 enim
3356 818 3593 877 amputat

2015 902 2225 972 peccati
2254 901 2799 963 consummationem,
2845 902 2948 955 hoc
3003 902 3373 956 suborientem
3424 901 3589 956 ιιιειιιί

2015 995 2330 1063 nequitiam.
2360 992 2494 1046 Nam
2526 992 2725 1047 dictum
2757 992 2852 1045 fuit
2883 993 3122 1062 antiquis
3154 1010 3165 1043 :
3199 992 3320 1049 Non
3352 992 3590 1057 occides;

2012 1102 2114 1158 ego
2150 1096 2331 1141 autem
2360 1087 2482 1141 dico
2508 1084 2682 1151 vobis,
2713 1085 2831 1138 Non
2866 1085 3121 1139 irascaris

2088 1263 2132 1294 "
2174 1262 2271 1318 llic
2305 1262 2843 1319 animadvertendum
2872 1272 2978 1325 est,
3012 1260 3254 1317 formicm
3292 1260 3587 1315 naturalem

2010 1362 2341 1416 concinnum
2368 1369 2601 1426 motum,
2637 1359 2820 1413 vocari
2870 1357 2940 1411 ab
2969 1367 3190 1411 auctore
3242 1355 3588 1425 sapientiam.

2012 1453 2145 1507 Nam
2175 1453 2265 1522 qui
2292 1461 2376 1507 est
2402 1451 2650 1521 sapiente
2681 1450 3001 1519 sapientior,
3031 1448 3077 1503 is
3128 1448 3328 1503 dicitur
3370 1446 3587 1516 sapien-

2013 1547 2140 1600 tior.
2168 1544 2457 1611 Quomodo
2490 1554 2671 1597 autem
2706 1543 2929 1597 formica
2960 1543 3063 1596 sub
3102 1540 3318 1596 domino
3349 1555 3453 1595 non
3479 1546 3589 1607 est,

2010 1636 2460 1708 quandoquidem
2483 1636 2663 1689 omnia
2704 1635 2815 1690 Deo
2856 1632 3224 1688 famulantur?
3283 1632 3387 1686 nisi
3442 1631 3587 1701 quod

2011 1728 2151 1782 Deus
2176 1726 2468 1796 dupliciter
2492 1725 2692 1780 dicitur
2718 1724 2988 1788 dominus,
3013 1734 3066 1779 et
3103 1724 3228 1793 quia
3270 1732 3505 1787 creator,
3533 1730 3588 1775 et

2009 1819 2135 1889 quia
2165 1819 2438 1889 cognitus.
2476 1818 2653 1885 Quare
2671 1827 2724 1870 et
2759 1815 2957 1871 Paulus
2990 1816 3180 1870 scribit
3220 1833 3231 1867 :
3266 1814 3421 1869 Nunc
3468 1831 3586 1868 vero

303 1910 618 1977 ἁμαρτίας,
653 1910 1058 1979 δουλωθέντες
1085 1912 1154 1966 δὲ
1187 1913 1269 1979 τῷ
1322 1912 1444 1980 Θεῷ
1478 1915 1742 1987 (δηλονότι
1775 1920 1887 1969 κατ

2009 1912 2219 1965 liberati
2245 1930 2275 1964 ιι
2301 1921 2533 1980 peccato,
2556 1909 2690 1963 servi
2712 1918 2886 1961 autem
2933 1908 3060 1977 facti
3087 1906 3198 1962 Deo
3230 1904 3307 1978 (id
3366 1918 3449 1963 est
3502 1924 3589 1963 se-

301 2003 508 2075 ἀρετὴν
552 2004 646 2058 καὶ
682 2004 902 2073 γνῶσιν)
931 2005 1098 2075 ἔχετε
1155 2007 1267 2061 τὸν
1307 2008 1540 2076 καρπὸν
1587 2009 1754 2079 ὑμῶν
1808 2013 1894 2076 εὶς

300 2094 624 2164 ἁγιασμόν,
661 2096 725 2150 τὸ
758 2096 826 2149 δὲ
855 2096 1030 2164 τέλος
1060 2096 1214 2167 ζωὴν
1260 2100 1535 2153 αἰώνιον·
1595 2104 1643 2155 εί
1695 2102 1748 2155 δὲ
1799 2102 1893 2156 τοῦ

301 2187 549 2241 τοιούτου
574 2189 765 2252 τέλους
813 2189 1036 2261 καὶτῆς
1084 2190 1340 2259 γνώσεως
1387 2192 1616 2263 ἄμοιρός
1676 2197 1823 2249 ἐστιν
1868 2200 1895 2250 6

302 2279 555 2350 μύρμηξ,
578 2280 773 2349 ἄλογος
789 2280 885 2347 ὢν,
933 2282 1096 2353 δῆλον
1121 2284 1205 2337 ὅτι
1238 2285 1332 2339 καὶ
1364 2286 1464 2358 τῆς
1491 2287 1745 2360 τοιαύτης
1776 2291 1895 2345 δου-

299 2370 450 2435 λείας
483 2372 768 2444 ἐλεύθερος
799 2392 812 2409 ο
848 2374 1025 2438 καλῶς
1045 2371 1138 2430 οὖν
1170 2376 1384 2445 λέγεται
1417 2380 1491 2450 μὴ
1525 2376 1661 2434 εἶναι
1689 2382 1717 2433 6
1755 2382 1894 2453 μύρ-

302 2464 413 2534 μηξ
447 2464 557 2517 ὑπὸ
599 2464 888 2535 δεσπότην,
940 2465 1084 2520 κατὰ
1127 2466 1333 2539 ταύτην
1385 2469 1485 2542 τὴν
1533 2472 1851 2527 δεσποτείαν
1878 2492 1890 2506 ·

298 2548 439 2605 εἶναι
471 2553 529 2606 δὲ
562 2554 724 2607 πάλιν
755 2556 861 2608 ὑπὸ
891 2554 1207 2612 δεσποτείαν
1236 2556 1473 2628 λέγεται,
1494 2561 1598 2616 ὑπὸ
1618 2563 1707 2617 τὸν
1738 2562 1891 2627 Θεὸν,

297 2644 375 2709 ὡς
411 2646 520 2699 ὑπὸ
541 2645 897 2720 δημιουργόν.

368 2739 474 2791 Διά
524 2740 623 2809 μὲν
670 2739 767 2793 τοῦ
812 2742 1103 2813 μύρμηκος
1166 2742 1343 2797 ἔοικεν
1408 2747 1437 2798 6
1486 2745 1737 2817 Σολομῶν
1794 2748 1893 2819 τὴν

297 2832 616 2901 πρακτικὴν
650 2832 765 2887 ὁδὸν
809 2836 941 2905 ἡμῖν
997 2836 1372 2907 ὑπογράφεινο
1432 2836 1520 2891 διὰ
1546 2838 1603 2891 δὲ
1656 2839 1757 2909 τῆς
1793 2857 1889 2909 με-

295 2920 515 2989 λίσσης,
548 2922 647 2993 τὴν
676 2923 908 2995 Θεωρίαν
929 2925 1039 2980 τῶν
1075 2927 1377 2996 γεγονότων
1405 2928 1659 2998 σημαίνει
1687 2931 1893 2984 καὶαύ-

293 3014 389 3066 τοῦ
411 3012 508 3066 τοῦ
539 3015 885 3087 ποιήσαντος.
930 3017 1123 3086 ἥντινα
1145 3018 1241 3070 καὶ
1260 3018 1491 3091 καθαροὶ
1530 3021 1624 3073 καὶ
1657 3022 1893 3094 ἀκάθαρ-

298 3122 404 3167 τοι,
435 3107 535 3159 καὶ
595 3106 754 3175 σοφοὶ
800 3109 895 3161 καὶ
949 3108 1189 3180 ἀνόητοι,
1238 3111 1376 3181 πρὸς
1421 3111 1520 3182 τὴν
1566 3112 1667 3182 τῆς
1711 3112 1891 3185 ψυχῆς

294 3197 488 3266 ὑγείαν
520 3198 920 3270 προσφέρονται
941 3218 952 3229 ·
982 3202 1077 3255 καὶ
1107 3203 1355 3272 φαίνεται
1389 3206 1486 3275 μέν
1519 3222 1610 3275 μοι
1641 3206 1668 3256 6
1699 3208 1887 3277 κηρὸς,

291 3288 479 3342 αὐτῶν
500 3290 610 3342 τῶν
629 3292 972 3363 πραγμάτων
1001 3293 1157 3363 λόγον
1180 3296 1395 3367 ἐπέχειν
1414 3313 1427 3326 °
1465 3297 1524 3350 τὸ
1542 3298 1585 3351 δ’
1602 3300 1887 3369 ’ἐναποκεί-

294 3396 458 3447 μενον
509 3380 661 3452 αὐτῷ
701 3381 844 3452 μέλι,
889 3382 1153 3453 σύμϐολον
1193 3382 1331 3439 εἶναι
1379 3387 1473 3457 τῆς
1508 3387 1740 3459 θεωρίας
1787 3391 1885 3444 αύ-

286 3468 399 3522 τῶν
426 3486 440 3501 ο
476 3472 618 3537 καὶὸ
642 3472 742 3543 μὲν
776 3474 945 3545 κηρὸς
975 3476 1393 3547 παρελεύσεται·
1430 3479 1488 3532 '0
1509 3480 1739 3551 οὐρανὸς
1751 3480 1885 3551 γὰρ,

288 3564 449 3634 φησὶ,
481 3564 636 3635 καὶὴ
666 3565 737 3635 γῆ
790 3566 1217 3637 παρελεύσεται·
1253 3568 1315 3621 τὸ
1351 3569 1407 3622 δὲ
1459 3568 1579 3640 μέλι
1627 3570 1686 3622 ού
1746 3589 1885 3642 παρ-

286 3655 606 3709 ιλεύσεταιθ
636 3656 757 3710 οὐδὲ
777 3656 883 3729 γάρ
914 3660 961 3711 ot
992 3658 1137 3729 λόγοι
1166 3660 1595 3732 παρελεύσονται
1620 3662 1715 3715 τοῦ
1773 3664 1885 3715 Σω-

286 3746 456 3817 τῆρος
490 3744 651 3815 ἡμῶν
687 3746 865 3819 Ἰησοῦ
896 3749 1160 3821 Χριστοῦο
1200 3751 1329 3822 περὶ
1358 3744 1433 3805 ὧν
1465 3751 1613 3821 λέγει
1661 3757 1689 3807 6
1728 3753 1885 3807 Σολο-

291 3837 444 3908 μῶν·
478 3839 672 3905 Κηρία
694 3839 959 3908 μέλιτος,
995 3842 1158 3912 λόγοι
1195 3844 1371 3897 καλοί
1391 3862 1406 3876 ο
1446 3847 1767 3916 γλύκασμα
1817 3846 1884 3902 δὲ

282 3929 507 3993 αὐτῶν,
543 3930 708 3998 Ζασις
739 3931 977 4003 ψυχῆςο
1005 3936 1100 3989 καὶ
1131 3937 1159 3989 6
1191 3936 1373 4002 Δαυῖδ,
1403 3938 1495 4004 Ὠς
1522 3941 1879 4008 γλυκύτερα,

280 4024 441 4093 φησὶ,
471 4022 555 4089 τῷ
577 4024 831 4096 λόρυγγί
850 4044 992 4096 μου,
1021 4028 1093 4082 τὰ
1119 4029 1293 4099 λόγιά
1316 4047 1432 4085 σου
1464 4030 1614 4099 ὑπὲρ
1637 4033 1773 4101 μέλι
1800 4032 1881 4098 τῷ

281 4115 545 4183 στόματι
566 4132 691 4185 μου
711 4132 725 4146 ⁸
760 4115 820 4169 τὸ
852 4117 907 4171 δὲ
930 4118 1274 4191 ἀποτέλεσμα
1310 4121 1403 4175 τοῦ
1430 4123 1594 4175 πόνου
1623 4123 1732 4176 τῶν
1752 4126 1879 4195 ἀρε-

280 4204 395 4260 τῶν
424 4206 521 4259 καὶ
544 4207 646 4277 τῆς
683 4208 961 4276 γνώσεως,
1010 4211 1171 4266 πόνον
1209 4212 1493 4284 ὠνόμασεο
1542 4214 1781 4285 βασιλεῖς
1820 4214 1877 4267 δὲ

280 4298 379 4350 καὶ
438 4298 676 4365 ἰδιώτας,
708 4301 769 4354 ού
796 4301 921 4365 τοὺς
954 4302 1014 4355 τὸ
1036 4302 1273 4375 διάδημα
1297 4304 1517 4375 ἔχοντας
1540 4345 1553 4368 ,
1602 4306 1634 4376 ἢ
1665 4306 1787 4369 τοὺς
1818 4307 1875 4359 ἐν

277 4388 488 4460 κοπρίᾳ
513 4390 753 4462 πένητας
775 4391 946 4461 λέγει,
978 4394 1115 4448 ἀλλά
1144 4395 1270 4459 τοὺς
1303 4397 1439 4467 πρὸς
1486 4398 1579 4449 τὸν
1610 4396 1741 4450 Θεὸν
1782 4398 1874 4452 τὸν

274 4481 406 4534 νοῦν
438 4484 833 4553 σεσοφισμένον
859 4488 953 4541 καὶ
985 4488 1299 4560 ἐρρωμένον
1326 4493 1447 4554 ταῖς
1478 4491 1695 4563 ἀρεταῖς
1722 4491 1872 4561 έχον-

273 4589 399 4639 τας,
440 4575 678 4645 βασιλεῖς
704 4576 869 4645 λέγει.

358 4665 425 4719 '0
465 4666 634 4731 ὕπνος
661 4662 814 4732 οὗτος
841 4669 977 4742 μόνῇ
1011 4670 1251 4740 πέφυκεν
1280 4672 1695 4744 ἐπισυμδαίνείν
1721 4672 1867 4746 ψυχῇ

269 4757 472 4829 λογικῇ
495 4776 509 4788 σ
532 4760 788 4830 σημαίνει
816 4762 922 4832 γὰρ
956 4763 1193 4819 ἐνταῦθα
1224 4763 1498 4835 [ἄγνοι]αν
1536 4764 1630 4819 καὶ
1691 4766 1870 4833 ἀγνω-

271 4852 424 4905 σίαν·
439 4845 516 4905 ὧν
539 4853 572 4923 ή
600 4854 881 4925 ἀγρυπνία
904 4858 1049 4910 ποιεῖ
1070 4874 1211 4922 τινα,
1227 4857 1303 4923 ὠς
1326 4858 1606 4931 στρουθίον
1637 4860 1869 4932 μονάζον

271 4946 373 4999 ἐπὶ
409 4944 677 5016 δώματος.

352 5038 689 5108 Προσεκτέον
728 5038 962 5093 ἐνταῦθα
994 5041 1202 5112 μήποτε
1238 5042 1346 5113 ἄρα
1388 5042 1475 5095 διὰ
1529 5043 1635 5097 τῶν
1688 5043 1865 5099 τοιοῦ-

269 5145 387 5181 των
420 5131 736 5200 κινημάτων
767 5131 861 5184 τοῦ
890 5130 1142 5203 σώματος
1174 5132 1515 5202 γινώσκωσιν
1552 5136 1601 5187 οἱ
1626 5136 1864 5191 ἀντικεί-

271 5239 435 5293 μενοι
460 5223 587 5287 τοὺς
612 5224 799 5279 αὐτῶν
837 5224 1130 5298 λογισμοὺς
1169 5229 1227 5281 ἐν
1262 5227 1393 5299 ἡμῖν
1429 5227 1827 5298 στρεφομένους
1849 5247 1862 5260 ⁸

265 5311 468 5384 ἐπειδὴ
498 5313 939 5388 καρδιογνώστην
969 5318 1132 5389 μόνον
1150 5317 1242 5372 τὸν
1264 5318 1395 5373 Θεὸν
1422 5317 1868 5391 πεπιστεύκαμεν

263 5399 438 5459 εἶναι.

343 5496 463 5558 Πᾶς
487 5498 517 5550 6
545 5498 776 5570 τρώγων
804 5498 905 5564 τὰς
932 5500 1142 5572 σάρκας
1160 5500 1253 5555 τοῦ
1288 5501 1523 5575 Χριστοῦ
1552 5502 1647 5555 καὶ
1689 5504 1857 5559 πίνων

260 5586 328 5640 τδ
357 5582 502 5657 αἷμα
532 5589 699 5645 αὐτοῦ
729 5591 831 5664 (1),
862 5594 1054 5647 κτᾶται
1089 5588 1227 5665 αἷμα
1277 5594 1485 5649 δίκαιον
1508 5611 1522 5627 ⁸
1572 5587 1633 5648 οῦ
1681 5613 1858 5666 στερι-

373 5725 427 5759 ⁸⁶
450 5744 502 5783 v.
534 5730 592 5784 6.
668 5730 716 5764 ⁸⁷
748 5730 908 5788 Rom.
944 5750 1018 5799 vi,
1050 5734 1143 5789 22.
1235 5736 1283 5768 "
1327 5751 1377 5789 ν.
1407 5736 1461 5791 8.
1538 5738 1584 5771 ”
1612 5738 1772 5793 Prov.
1804 5754 1917 5802 xvi,
1939 5734 2031 5788 Ἠ.

336 5840 421 5908 (t)
458 5838 671 5897 Rursus
694 5842 950 5912 Origenis
974 5845 1042 5900 de
1071 5844 1170 5903 SS.
1211 5846 1547 5903 EurltariStia
1584 5848 1857 5904 sententia

1999 2004 2236 2059 cundum
2262 2005 2521 2057 virtutem
2552 2018 2617 2057 ac
2642 2001 3175 2071 scientiam),habetis
3215 2002 3444 2069 fructum
3500 2015 3583 2053 ve-

1998 2108 2165 2151 strum
2196 2100 2248 2151 in
2266 2096 2933 2166 sanctiﬁcationemmiiem
2953 2113 3068 2151 vero
3088 2096 3244 2151 vitam
3258 2094 3577 2150 wlernam".

1997 2190 2114 2245 Jam
2138 2193 2182 2245 si
2227 2192 2351 2246 linis
2406 2190 2709 2259 hujusmodi
2762 2200 2925 2255 atque
2968 2189 3218 2243 scientiis
3256 2198 3582 2265 experscst

2002 2281 2228 2336 formica
2250 2292 2439 2352 utpote
2465 2280 2819 2343 irrationalis,
2846 2289 3060 2333 constat
3092 2294 3211 2334 eam
3246 2296 3368 2335 esse
3389 2280 3582 2350 hujus-

1996 2376 2206 2430 cemodi
2232 2391 2451 2446 quoque
2478 2373 2742 2429 famulatu
2772 2374 3041 2429 liberam.’
3059 2372 3206 2429 Bene
3227 2390 3357 2444 ergo
3380 2374 3582 2428 dicitur

2000 2467 2225 2523 formica
2267 2482 2370 2523 non
2404 2482 2524 2521 esse
2582 2469 2683 2520 sub
2715 2466 2958 2527 domino,
2993 2465 3295 2522 secundum
3324 2465 3577 2535 hujusce-

1999 2560 2145 2613 modi
2180 2559 2541 2613 dominatum.
2565 2559 2819 2612 Attamen
2852 2558 2952 2613 sub
2984 2557 3077 2612 Dei
3114 2558 3388 2611 domiualu
3417 2556 3579 2613 vicis-

1995 2652 2098 2707 sim
2132 2651 2357 2715 dicitur,
2384 2652 2484 2705 sub
2512 2666 2575 2706 eo
2606 2651 2814 2705 scilicet
2844 2659 3103 2720 tanquam
3137 2659 3408 2705 creatore.

2072 2743 2117 2776 ⁸⁸
2150 2743 2413 2798 Formica:
2454 2743 2813 2799 similitudine
2844 2744 3060 2798 videtur
3111 2746 3265 2800 nobis
3319 2744 3578 2799 Salomon

1997 2837 2140 2889 viam
2203 2836 2397 2905 ﬂgt'lltli
2456 2836 2774 2890 describere
2830 2852 2847 2889 :
2903 2851 3004 2904 ape
3061 2846 3242 2890 autem
3309 2836 3576 2890 theoriam

1996 2938 2241 2982 actarum
2280 2944 2461 2982 rermn
2494 2928 2770 2997 ipsiusque
2825 2929 3029 2983 actoris
3063 2930 3324 2984 denotare
3354 2946 3366 2980 :
3412 2944 3574 2998 quam

1998 3020 2263 3075 theoriam
2312 3035 2407 3075 seu
2441 3020 2747 3075 doctrinam
2787 3022 2903 3089 puri
2947 3036 3102 3089 asque
3147 3030 3311 3090 atque
3356 3021 3574 3090 impuri,

1995 3114 2268 3181 sapientes
2289 3128 2353 3167 ac
2384 3113 2539 3177 fatui,
2567 3115 2631 3165 ad
2679 3127 2791 3167 sua:
2831 3114 3028 3168 anima'
3082 3106 3372 3169 sanitatem
3421 3115 3575 3169 adhi-

1997 3207 2143 3258 bent.
2185 3203 2251 3257 Et
2278 3205 2404 3257 mihi
2440 3206 2653 3259 videtur
2696 3206 2870 3266 favus,
2921 3204 3161 3271 ipsorum
3232 3208 3571 3274 negotiorum

1992 3295 2170 3351 locum
2202 3305 2390 3351 tenere
2418 3312 2431 3349 :
2460 3296 2671 3350 lucrens
2689 3306 2869 3349 autem
2896 3296 2943 3351 ei
2975 3296 3103 3361 mel,
3122 3297 3424 3367 symbolum
3453 3313 3573 3352 esse

1992 3388 2219 3444 theoriae
2243 3390 2503 3457 ipsorum.
2541 3388 2604 3442 Et
2634 3388 2792 3443 favus
2816 3390 3032 3456 quidem
3060 3390 3360 3461 praeteribit
3389 3406 3403 3444 :
3448 3405 3568 3443 nam

1980 3482 2209 3545 leum,
2238 3482 2429 3551 inquit,
2448 3493 2502 3536 et
2524 3492 2667 3537 terra
2691 3483 3044 3553 przmeribunt
3074 3504 3086 3539 :
3119 3482 3221 3536 mel
3252 3490 3432 3537 tamen
3460 3499 3564 3538 non

1988 3575 2308 3645 praeteribit,
2336 3575 2463 3644 quia
2486 3574 2784 3631 Salvatoris
2811 3576 2982 3631 nostri
3004 3574 3130 3631 Jesu
3169 3575 3369 3631 Christi
3406 3577 3565 3630 verba

1988 3684 2093 3724 non
2121 3668 2493 3739 prazteribunt.
2538 3668 2612 3723 De
2641 3668 2839 3739 quibus
2898 3669 3031 3725 dicit
3072 3668 3325 3725 Salomon
3360 3687 3374 3724 :
3432 3666 3566 3721 Favi

1986 3759 2180 3824 mellis,
2204 3759 2412 3828 pulchri
2448 3776 2753 3824 sermones;
2796 3772 2841 3814 et
2878 3761 3103 3815 dulcedo
3136 3761 3344 3824 horum,
3374 3762 3566 3813 animm

1985 3852 2186 3907 medela
2216 3852 2283 3906 '9.
2318 3851 2488 3906 David
2518 3853 2682 3907 etiam
2716 3872 2729 3906 :
2764 3851 3039 3916 Dulciora,
3078 3852 3275 3919 inquit,
3320 3851 3565 3920 faucibus

1982 3946 2109 4000 meis
2136 3944 2357 3999 oracula
2390 3956 2502 4009 tua,
2532 3944 2650 4012 plus
2677 3960 2833 4014 quam
2860 3945 2960 3997 mcl
2991 3946 3070 3997 ori
3120 3959 3232 3997 meo
3298 3944 3364 3998 ⁸ο.
3414 3942 3555 3998 Είῐεο

1982 4047 2133 4092 ctum
2158 4051 2289 4091 vero
2320 4036 2522 4091 laboris
2547 4036 2807 4089 virtutum
2837 4045 3000 4105 atque
3021 4036 3287 4099 scientia‘,
3318 4034 3559 4088 laborem

1979 4128 2302 4184 nominavit.
2342 4128 2514 4195 Reges
2540 4142 2705 4196 porro
2738 4138 2793 4183 et
2818 4128 3036 4194 idiotas,
3066 4144 3171 4181 non
3196 4126 3327 4181 dicit
3354 4127 3435 4179 vel
3463 4141 3558 4179 eos

1978 4221 2070 4292 qui
2100 4219 2408 4275 diademate
2444 4229 2734 4281 ornantur,
2767 4218 2851 4272 vel
2872 4218 2939 4273 de
2976 4218 3323 4287 sterquilinio
3357 4230 3557 4285 paupe-

1978 4330 2106 4379 res;
2133 4316 2228 4368 sed
2252 4310 2501 4367 homines
2522 4314 2613 4382 qui
2641 4328 2767 4383 erga
2796 4312 2963 4367 Deum
3005 4319 3237 4365 mentem
3272 4310 3408 4363 bene
3430 4323 3555 4363 eru-

1973 4406 2146 4461 ditam
2176 4415 2340 4475 atque
2373 4405 2426 4459 in
2474 4405 2775 4461 virtutibus
2808 4405 3155 4460 obﬁrmatatn
3196 4404 3417 4467 habent,
3457 4402 3554 4457 hos

1976 4512 2128 4568 reges
2150 4498 2300 4553 dicit.

2046 4678 2086 4712 “
2129 4677 2368 4734 Somnus
2402 4678 2491 4733 hic
2524 4676 2774 4735 rationali
2825 4686 3030 4732 tantum
3084 4677 3277 4732 anima:
3318 4676 3548 4746 obrepit.

1974 4770 2221 4842 Namque
2245 4773 2334 4828 hic
2374 4773 2655 4844 significat
2714 4772 3083 4841 insipientiam
3139 4780 3196 4824 et
3254 4770 3547 4824 inscitiam.

1973 4863 2265 4934 Evigilatio
2296 4866 2519 4933 quidem
2563 4865 2694 4919 facit
2748 4863 3022 4918 hominem
3085 4869 3343 4930 tauquam
3404 4871 3550 4913 stru-

1972 4957 2213 5010 thionem
2255 4956 2563 5010 solitarium
2604 4955 2657 5009 in
2690 4957 2867 5010 domo.

2041 5048 2085 5079 ⁶¹
2114 5047 2210 5101 llic
2240 5048 2629 5102 attendendum
2664 5056 2771 5110 est,
2804 5064 2868 5100 ne
2904 5046 3042 5100 forte
3064 5060 3127 5099 cx
3172 5041 3543 5111 hujuscemodi

1966 5140 2213 5209 corporis
2236 5140 2476 5194 motibus
2500 5149 2835 5206 cognoscant
2862 5137 3160 5193 adversarii
3186 5134 3547 5205 cogitationes

1964 5232 2107 5287 intra
2135 5247 2235 5287 nos
2260 5241 2573 5287 versantes.
2629 5230 2765 5285 Nam
2792 5232 3037 5285 cordiqu
3091 5228 3311 5298 quidem
3364 5225 3545 5281 solum

1966 5326 2136 5381 Deum
2166 5325 2501 5396 cognitorem
2532 5340 2654 5382 esse
2687 5326 2979 5381 credimus.

2040 5506 2436 5576 “Quicunque
2457 5505 2658 5561 Christi
2713 5518 2910 5560 carnes
2951 5504 3263 5567 manducat,
3314 5514 3369 5557 et
3425 5500 3547 5571 ejus

1966 5600 2293 5669 sanguinem
2330 5598 2486 5663 bibit,
2512 5598 2828 5668 sanguinem
2847 5597 3054 5667 justum
3100 5595 3374 5665 possidet;
3434 5609 3541 5663 quo

2138 5735 2183 5767 “
2212 5736 2300 5789 Ps.
2343 5750 2535 5793 cxvm.
2572 5735 2692 5790 105.
2778 5736 2819 5766 ⁶¹
2845 5736 3024 5791 v.9."
3060 5751 3109 5788 v.
3139 5734 3224 5790 13.
3289 5734 3335 5766 ⁸³
3370 5749 3420 5789 v.
3451 5732 3541 5788 l7.

1970 5846 2192 5919 exponit
2224 5856 2388 5919 atque
2430 5856 2606 5904 tuetur
2636 5846 2866 5906 lluctius
2884 5848 2937 5904 in
2973 5846 3331 5919 Origcuianis,
3352 5848 3444 5905 lib.
3480 5862 3540 5915 Il,

264 5913 563 5980 catholica,
600 5927 764 5980 quam
801 5922 854 5969 et
904 5915 960 5971 in
1017 5915 1136 5972 aliis
1188 5918 1431 5986 ejusdem
1476 5920 1693 5991 scriptis
1744 5919 1849 5974 late
1959 5913 2382 5981 disSert.xrv,2.
