3958 6554
491 429 587 482 1τ9

1331 416 1896 478 SUPPLEMENTUM
1926 414 2018 470 Al)
2057 410 2382 470 OBIGENIS
2413 369 2826 467 maceries.
3331 427 3338 431 -
3611 415 3695 473 tso

487 548 528 601 si
558 545 798 616 privetur
841 540 1119 597 rationalis
1145 540 1345 605 anima,
1379 555 1442 596 ea
1470 538 1606 596 mori
1645 539 1865 592 dicitur.
1914 534 2035 589 Nam

2160 534 2397 602 σχομένη
2436 530 2582 601 ψυχὴ
2622 529 2833 598 λογικὴ,
2883 527 3097 597 λέγεται
3135 527 3520 598 ἀποθνήσκειν·
3561 533 3694 608 Ψυχή

486 641 677 694 anima
697 651 816 706 quae
840 644 1047 706 peccat,
1076 635 1188 706 ipsa
1223 636 1500 690 morietur.
1529 634 1682 700 Quod
1703 633 1746 686 si
1786 632 1908 702 quis
1929 645 2056 684 san-

484 733 601 800 guis
629 730 812 800 justus
833 735 939 790 est,
971 727 1160 794 utique
1193 727 1300 780 erit
1335 735 1392 780 et
1439 724 1695 794 iniustus,
1745 739 1905 794 quem
1951 722 2054 777 sibi

483 819 762 873 attrahunt
793 819 888 887 qui
938 816 1228 871 comedunt
1269 817 1454 870 datum
1505 816 1557 869 in
1607 830 1788 870 escam
1841 813 2055 884 populis

481 913 795 982 .Ethiopum
829 912 874 942 “
904 908 1242 980 (draconem)
1286 923 1426 978 pane
1455 909 1724 962 mendacii
1765 909 2049 962 nutritum.

479 1005 547 1058 Et
571 1017 702 1058 sane
735 1003 827 1071 qui
869 1003 972 1058 diis
996 1001 1188 1058 alienis
1211 1001 1545 1064 sacriﬁcant,
1582 1001 1786 1069 justum
1829 999 2050 1068 sangui-

478 1110 601 1148 nem
632 1109 787 1148 suum
832 1093 1230 1162 pessumdant:
1270 1093 1362 1162 qui
1413 1103 1592 1147 autem
1627 1103 1801 1147 semet
1840 1091 2052 1147 sacriﬁ-

475 1187 622 1239 cium
656 1185 767 1240 Deo
797 1185 894 1240 soli
927 1185 1182 1251 oﬂerunt,
1215 1184 1254 1238 ii
1290 1185 1610 1255 sanguinem
1640 1185 1898 1254 injustum
1941 1182 2052 1238 dis-

475 1277 732 1347 perdunt.
774 1278 1145 1348 Subsequetur
1189 1279 1647 1335 autem’omnino
1684 1277 1868 1348 injusti
1922 1267 2050 1332 sian-

473 1371 653 1440 gninis
677 1372 977 1442 corruptio.
1014 1371 1402 1426 Verumtamen
1456 1373 1508 1426 id
1539 1372 1752 1427 nonnisi
1782 1376 2049 1439 pmesente

472 1471 715 1532 tempore
738 1463 965 1527 accidit;
987 1463 1082 1518 sed
1105 1464 1172 1518 ab
1196 1465 1350 1519 initio
1370 1479 1475 1519 non
1505 1464 1606 1518 fuit
1630 1463 1730 1518 sic.
1760 1462 1875 1516 Non
1901 1460 2044 1515 enim

470 1557 522 1609 in
553 1556 726 1612 morbi
757 1558 1103 1627 corruptione
1133 1557 1386 1613 valetudo
1435 1573 1727 1630 puerorum
1773 1557 1905 1621 fuit,
1951 1554 2041 1624 qui

465 1652 580 1708 sani
619 1649 775 1706 initio
796 1651 964 1718 geniti
992 1649 1232 1705 fuerunt.

535 1743 582 1774 "
603 1742 972 1812 Reprehendit
1011 1750 1204 1798 mutua
1248 1742 1550 1807 mendacia,
1602 1757 1726 1810 qua:
1775 1741 1923 1810 ipsos
1975 1744 2041 1795 ad

2159 624 2289 692 γὰρ,
2311 624 2493 695 φησὶν,
2519 625 2552 693 ή
2589 621 2998 697 ἁμαρτάνουσα,
3027 619 3166 690 αὕτη
3193 620 3532 676 ἀποθανεῖται
3551 642 3562 656 ’
3585 628 3627 679 εί
3648 628 3696 682 δέ

2157 718 2305 770 ἐστιν
2331 710 2469 786 αἷμα
2495 715 2724 778 δίκαιον,
2761 713 2876 766 ἐστι
2906 712 3150 784 δηλονότι
3187 712 3281 765 καὶ
3313 706 3452 783 αἷμα
3490 714 3652 771 ἄδικον
3680 736 3693 750 ο

2154 810 2292 878 ὅπερ
2326 808 2649 874 συνάγουσιν
2688 807 2746 858 ἐν
2783 807 2998 869 ἑαυτοῖς
3024 806 3074 858 οἱ
3107 805 3481 872 κατεσθίοντες
3502 809 3558 863 τὸ
3573 809 3694 865 δεδο.

2157 900 2316 970 μένον
2341 899 2534 971 βρῶμα
2564 899 2713 961 λαοῖς
2741 900 2852 961 τοῖς
2889 897 3102 967 Αἰθίοψι
3126 939 3141 963 ,
3171 899 3266 953 καὶ
3301 902 3614 972 τρεφόμενον
3632 904 3698 974 τῷ

2153 993 2302 1064 ἄρτῳ
2331 989 2424 1044 τοῦ
2450 989 2708 1060 ψεύδους·
2762 989 2856 1044 καὶ
2893 991 2942 1044 οἱ
2985 990 3082 1060 μὲν
3133 989 3352 1054 θύοντες
3398 991 3532 1055 θεοῖς
3567 993 3697 1048 ἀλλον

2151 1081 2342 1152 τρίοις,
2376 1079 2436 1132 τὸ
2469 1078 2670 1133 δίκαιον
2705 1078 2914 1132 ἑαυτῶν
2944 1077 3082 1150 αἷμα
3126 1081 3626 1137 καταναλίσκουσιν
3649 1089 3691 1140 οἱ

2149 1173 2206 1226 δὲ
2237 1173 2449 1234 ἑαυτοῖς
2481 1169 2672 1224 θυσίαν
2692 1169 2771 1241 τῷ
2798 1171 2944 1242 μόνῳ
2974 1169 3114 1241 Θεῷ,
3143 1171 3205 1223 τὸ
3255 1172 3436 1226 ἄδικον
3489 1174 3700 1246 διαφθεί,

2153 1278 2338 1332 ρουσιν
2368 1255 2534 1332 αἷμα·
2557 1260 2916 1330 ἀκολουθήσει
2945 1260 3002 1314 δὲ
3031 1260 3250 1326 πάντως
3305 1266 3372 1335 τῇ
3424 1265 3520 1336 μὲν
3548 1243 3700 1338 φθορᾷ
3787 1243 3795 1255 δ

2147 1353 2241 1408 τοῦ
2267 1354 2453 1407 ἀδίκου
2485 1354 2733 1425 αἵματος·
2767 1353 2903 1409 ἀλλά
2936 1353 3092 1409 τοῦτο
3118 1356 3218 1428 μὲν
3243 1358 3461 1422 πάντως
3502 1359 3589 1413 νῦν
3615 1361 3698 1414 πέρ

2147 1463 2287 1516 φυκε
2316 1445 2585 1515 γίνεσθαι,
2614 1447 2708 1500 ἀπ’
2729 1446 2902 1519 ἀρχῆς
2919 1446 2976 1502 δὲ
3005 1448 3102 1518 οὐχ
3132 1447 3304 1514 οὓτως
3327 1468 3340 1480 ο
3367 1451 3427 1503 οὐ
3457 1450 3560 1522 γὰρ
3580 1454 3701 1508 κατά

2147 1536 2353 1609 φθορὰν
2385 1538 2542 1594 νόσου
2593 1537 2752 1606 ύγεία
2777 1537 2886 1592 τῶν
2923 1537 3151 1604 παίδων,
3190 1540 3330 1610 μετά
3388 1541 3488 1612 τῆς
3535 1543 3701 1614 ὑγείας

2146 1627 2240 1681 ἀπ’
2265 1629 2439 1702 ἀρχῆς
2461 1628 2814 1699 τικτομένων.

2214 1720 2525 1776 Διαϐἁλλων
2553 1721 2613 1774 τὸ
2648 1720 2842 1790 ψεῦδος
2874 1720 3142 1794 ἀλλήλοις,
3167 1724 3365 1789 αὐτοὺς
3389 1725 3470 1790 είς
3517 1727 3702 1800 διακρίο

463 1832 891 1902 diseeptationes
941 1835 1232 1890 conferunt
1272 1843 1436 1902 atque
1493 1833 1634 1887 lites.
1694 1831 1789 1886 Vel
1843 1833 2035 1887 fratres

2148 1832 2258 1878 σεις
2297 1815 2452 1886 φέρει
2481 1816 2576 1869 καὶ
2607 1815 2902 1880 ἀντιδικίας
2929 1833 2944 1848 ο
2969 1815 3002 1887 ἦ
3029 1817 3248 1886 ἀδελφοί
3276 1820 3412 1874 εἰσιν
3439 1821 3490 1874 οἱ
3538 1822 3595 1874 τὸ
3617 1822 3703 1892 τῆς

463 1932 614 1987 sunt,
653 1922 748 1992 qui
773 1925 1082 1993 ad0ptionis
1126 1924 1357 1994 gratiam
1407 1923 1632 1987 habent,
1689 1934 1743 1978 et
1792 1926 1892 1979 sub
1928 1939 2035 1979 uno

2148 1907 2416 1970 υἱοθεσίας
2448 1909 2662 1978 ἔχοντες
2692 1908 2956 1980 χάρισμα,
2993 1909 3087 1962 καὶ
3117 1909 3224 1962 ὑπὸ
3250 1910 3342 1965 τὸν
3378 1913 3538 1967 αὑτὸν
3568 1914 3702 1977 ὄντες

468 2024 606 2068 sunt.
626 2023 780 2082 patre
809 2015 1058 2081 Christo;
1089 2033 1225 2087 quos
1260 2015 1493 2070 invicem
1537 2016 1845 2071 distrahere
1875 2034 2038 2072 cona-

463 2117 555 2160 tur
585 2107 740 2160 testis
792 2107 1119 2176 iniquitatis,
1153 2108 1592 2177 perturbationes
1657 2108 1790 2176 ipsis
1834 2110 2036 2163 immit-

458 2209 578 2256 tens
600 2199 901 2269 etjudicia.
937 2201 1172 2256 Verbum
1201 2213 1382 2256 autem
1445 2218 1463 2252 ι
1507 2204 1756 2257 accendit
1791 2222 1809 2256 ι
1869 2218 2036 2273 appo—

458 2293 706 2356 nitnr,ut
739 2293 928 2360 credo,
964 2303 1188 2364 pr0pter
1232 2295 1459 2351 vitiosas
1490 2296 1870 2366 cogitationes,
1917 2311 2035 2363 quae

455 2386 697 2442 animum
726 2388 791 2441 ad
819 2388 956 2441 iram
981 2389 1277 2456 odiumque
1303 2387 2032 2456 inflammant,cupiditatem

454 2490 635 2535 autem
697 2481 766 2536 ad
824 2480 1002 2550 turpia
1049 2495 1235 2549 opera.
1299 2478 1620 2546 Huiusmodi
1676 2481 2032 2550 cogitationes

453 2571 652 2627 Paulus
683 2588 904 2642 quoque
928 2571 1268 2642 appellavit“
1293 2572 1519 2642 maligni
1561 2572 1665 2626 tela
1700 2574 1874 2644 ignea,
1912 2588 2032 2643 qua:

453 2664 686 2718 animam
717 2663 1009 2719 vulnerant
1037 2675 1376 2734 mortemque
1408 2665 1708 2721 adducunt.

519 2757 564 2788 "
607 2751 832 2812 matrem
853 2772 1038 2812 secum
1061 2756 1264 2812 habere
1295 2772 1418 2810 eum
1447 2757 1622 2826 jubet,
1649 2773 1770 2826 qua:
1814 2767 1898 2814 est
1945 2774 2030 2813 sa-

452 2850 656 2919 pientia
721 2849 1029 2923 generans,‘
1074 2865 1271 2918 nempe
1318 2849 1410 2903 illa
1479 2851 1774 2904 secundum
1831 2851 2024 2908 Deum.

446 2943 616 3011 Atqui
649 2933 980 3011 oportuisset
1012 2952 1222 3011 patrem
1251 2944 1433 3011 potius
1465 2943 1774 3009 nominare,
1796 2959 2026 3014 namque

447 3036 535 3090 hic
565 3034 635 3088 ad
653 3034 748 3088 lilii
779 3035 1159 3090 exsistentiam
1191 3035 1311 3104 plus
1339 3036 1570 3090 confert.
1606 3035 1714 3090 Sed
1745 3036 1872 3104 quia
1905 3037 2021 3091 fieri

447 3126 658 3196 nequit,
689 3136 749 3181 ut
783 3126 897 3196 ipse
917 3127 1083 3184 Deum
1110 3137 1408 3198 cognoscat
1442 3137 1569 3182 ante
1612 3127 1880 3183 factarum
1936 3145 2023 3184 re-

2143 1998 2355 2068 πατέρα
2387 1999 2618 2070 Χριστόν
2641 2017 2654 2028 ·
2689 1997 2780 2062 οὓς
2810 1998 3063 2070 χωρίζειν
3109 2003 3378 2072 ἐπιχειρεῖ
3431 2004 3461 2055 ὁ
3511 2003 3704 2074 μάρτυς

2137 2090 2236 2160 τῆς
2262 2089 2495 2152 ἀδικίας,
2535 2090 2777 2160 ταραχὰς
2809 2091 2868 2144 ἐν
2915 2092 3100 2155 αὐτοῖς
3143 2091 3429 2163 ἐμϐάλλων
3468 2096 3559 2149 καὶ
3600 2096 3703 2164 κρί-

2139 2200 2250 2246 σεις
2269 2201 2284 2214 ε
2307 2183 2365 2234 τὸ
2389 2183 2444 2234 δὲ
2472 2202 2490 2234 ι
2511 2181 2741 2246 ἐκκαίει,
2773 2201 2792 2235 ι
2821 2182 2896 2246 ὡς
2921 2179 3094 2254 οἶμαι,
3115 2186 3464 2257 προστίθεται
3490 2187 3574 2241 διὰ
3593 2189 3704 2251 τοὺς

2136 2275 2404 2345 ἐμπαθεῖς
2460 2275 2774 2346 λογισμοὺς,
2803 2275 3146 2341 ἀνάπτοντας
3187 2279 3358 2342 θυμὸν
3416 2281 3537 2351 μὲν,
3581 2279 3702 2351 πρὸς

2133 2366 2301 2436 ὀργὴν
2334 2367 2428 2419 καὶ
2465 2370 2618 2436 μῖσος
2658 2367 2954 2438 ἐπιθυμίαν
2982 2368 3038 2424 δὲ
3093 2370 3230 2441 πρὸς
3275 2373 3510 2444 αἰσχρὰς
3553 2375 3704 2443 ἐργα-

2134 2458 2288 2522 σίας*
2317 2458 2541 2522 τούτους
2567 2461 2693 2523 τοὺς
2742 2458 3040 2531 λογισμοὺς
3083 2463 3178 2516 καὶ
3211 2463 3240 2514 ὁ
3291 2462 3450 2532 ἅγιος
3508 2463 3704 2526 Παῦλος

2131 2551 2385 2622 ὠνόμασε
2442 2551 2533 2605 τοῦ
2595 2552 2834 2624 πονηροῦ
2882 2552 3014 2623 βέλη
3066 2554 3465 2627 πεπυρωμένα,
3503 2553 3702 2627 τιτρώ-

2133 2658 2330 2694 σκοντα
2362 2641 2462 2711 τὴν
2485 2641 2683 2712 ψυχὴν,
2720 2641 2815 2696 καὶ
2838 2641 3066 2695 θάνατον
3100 2642 3467 2714 ἐργαζόμενα.

2201 2755 2313 2826 Τήν
2349 2753 2563 2826 μητέρα
2596 2753 2899 2822 ἐπάγεσθαι
2932 2753 3284 2827 προστάσσει,
3340 2755 3466 2825 ήτις
3502 2755 3643 2810 ἐστὶν
3671 2753 3707 2824 ἡ

2131 2847 2293 2916 σοφία
2309 2846 2576 2916 γεννῶσα,
2611 2848 2643 2918 ὴ
2669 2847 2768 2917 μὲν
2799 2847 2942 2901 κατά
2975 2848 3107 2902 Θεόν
3129 2866 3142 2879 ο
3191 2848 3366 2900 καίτοι
3394 2849 3564 2920 ἐχρῆν
3611 2848 3704 2902 αύ-

2126 2939 2217 2992 τὸν
2236 2941 2409 2992 εἰπεῖν
2433 2940 2523 2993 τὸν
2552 2940 2766 3010 πατέρα
2787 2959 2799 2970 ’
2823 2933 2978 3002 οὗτος
2996 2939 3105 3010 γάρ
3136 2941 3271 3011 πρὸς
3295 2941 3355 2994 τὸ
3382 2945 3619 2996 συνεῖναι
3631 2940 3706 3011 τῷ

2127 3030 2229 3101 υἱῷ
2261 3031 2459 3102 μᾶλλον
2488 3030 2925 3104 ἐπιτηδειότερος
2950 3047 2962 3061 ·
2990 3029 3106 3083 ἀλλ’
3137 3032 3326 3103 ἐπειδὴ
3356 3034 3418 3086 οὐ
3465 3032 3704 3094 δυνατὸν,

2125 3126 2287 3181 αὐτὸν
2313 3125 2515 3196 γνῶναι
2542 3125 2632 3179 τὸν
2667 3125 2799 3179 Θεὸν
2827 3127 2935 3194 πρὸ
2965 3126 3064 3197 τῆς
3105 3129 3212 3181 τῶν
3241 3128 3548 3196 γεγονότων
3577 3127 3701 3181 θεωο

446 3233 564 3272 rum
588 3217 862 3285 notitiam,
890 3218 1011 3275 ideo
1034 3229 1262 3273 matrem
1289 3220 1468 3289 potius
1502 3235 1666 3290 quam
1697 3230 1908 3292 patrem
1933 3237 2017 3276 se-

2148 3220 2271 3283 ›ίας,
2306 3218 2494 3272 τούτου
2519 3220 2678 3291 χάριν
2716 3219 2815 3289 τὴν
2859 3218 3070 3290 μητέρα
3116 3219 3212 3272 καὶ
3238 3219 3300 3272 οὐ
3343 3219 3436 3273 τὸν
3498 3219 3704 3290 πατέρα

441 3323 566 3363 cum
599 3310 804 3364 habere
838 3309 1035 3378 jubet;
1097 3319 1154 3362 ut
1189 3324 1287 3378 per
1328 3318 1557 3364 matrem
1605 3309 1747 3365 filius
1807 3321 2016 3380 patrem

2148 3301 2455 3379 προστάσσει
2480 3309 2810 3377 ἐπάγεσθαι·
2841 3310 2927 3363 ἵνα
2951 3309 3040 3363 διὰ
3063 3309 3164 3380 τῆς
3195 3309 3401 3380 μητρὸς
3427 3315 3458 3364 ὁ
3490 3311 3602 3374 υίὸς
3626 3310 3708 3380 ἴδῃ

439 3411 752 3474 cognoscat.
780 3400 914 3456 Nam
943 3401 1051 3455 nisi
1081 3403 1195 3470 ipsa
1219 3416 1343 3456 eum
1375 3403 1670 3471 pepererit,
1701 3401 1876 3458 lucem
1911 3420 2019 3459 non

2148 3399 2214 3453 ’ὸν
2251 3401 2466 3472 πατέρα
2489 3417 2504 3432 ο
2547 3399 2642 3454 ἐὰν
2674 3401 2780 3474 γὰρ
2819 3402 2957 3474 αὑτὴ
3000 3400 3075 3473 μὴ
3103 3403 3364 3472 γεννήσῃ,
3411 3403 3477 3458 οὐ
3525 3402 3708 3472 βλέπει

440 3497 655 3568 aspicit,
687 3511 810 3564 qua:
837 3495 1088 3549 videlicet
1113 3494 1284 3562 ipsius
1319 3495 1408 3547 Dei
1436 3495 1646 3564 agnitio
1672 3505 1775 3552 est.
1928 3529 1930 3531 ν

2148 3492 2182 3545 εδ
2210 3493 2345 3562 φῶς,
2373 3494 2511 3564 ὅπερ
2532 3494 2650 3546 ἐστὶ
2679 3495 2880 3563 γνῶσις
2911 3495 3079 3548 αὐτοῦ
3099 3494 3196 3548 τοῦ
3223 3495 3381 3548 Θεοῦ.

508 3588 553 3619 ⁸⁸
587 3588 724 3654 Quia
761 3586 1073 3640 mandatum
1098 3586 1231 3654 legis
1292 3586 1513 3640 lucerna
1558 3597 1644 3642 est
1689 3597 1745 3642 et
1794 3588 1907 3644 lux.
1953 3590 2020 3644 Et

2193 3585 2314 3638 Ὀτι
2348 3587 2381 3654 ή
2409 3584 2595 3657 ἐντολὴ
2614 3586 2708 3638 τοῦ
2740 3587 2904 3656 νόμου
2938 3586 3128 3657 λύχνος
3152 3586 3269 3638 ἐστὶ
3302 3587 3396 3639 καὶ
3425 3585 3546 3656 φῶς
3571 3604 3586 3617 ο
3614 3584 3710 3639 καὶ

438 3683 670 3735 fortasse
691 3681 909 3734 lucerna
943 3678 1351 3736 Testamentum
1378 3677 1546 3735 Vetus
1578 3690 1662 3735 est
1686 3697 1700 3733 :
1726 3681 1856 3736 illud
1872 3683 2015 3736 enim

2148 3678 2261 3747 ’ἀχα
2284 3677 2494 3748 λύχνος,
2524 3682 2558 3749 ή
2589 3679 2802 3734 Παλαιά
2824 3680 3069 3750 Διαθήκη
3111 3679 3259 3732 ἐστίν
3280 3698 3293 3711 ·
3345 3679 3559 3742 ἐκεῖνος
3599 3677 3710 3748 γάρ

437 3784 556 3828 erat
590 3775 746 3843 quasi
780 3773 997 3826 lucerna
1028 3787 1148 3840 qua:
1181 3771 1581 3827 incendebatur
1608 3783 1661 3827 et
1693 3775 2009 3843 apparebat.

2148 3785 2186 3838 ιν
2217 3767 2460 3838 ὁλύχνος
2491 3769 2520 3820 ὁ
2566 3769 2854 3840 καιόμενος
2899 3770 2994 3823 καὶ⁸
3041 3769 3280 3839 φαίνων·
3335 3769 3475 3839 φῶς,
3509 3772 3544 3840 ή
3594 3767 3710 3821 Νέα

435 3865 551 3922 Lux
585 3880 732 3930 vero,
758 3863 965 3918 Novum
994 3863 1406 3919 Testamentum
1441 3874 1558 3920 est:
1598 3866 1710 3937 Ego
1733 3866 1902 3932 enim,
1930 3867 2014 3920 in-

2148 3859 2358 3930 ιιαθήκη
2386 3874 2397 3886 ·
2419 3858 2561 3928 Ἐγὼ
2592 3861 2720 3931 γὰρ,
2750 3861 2936 3932 φησὶν,
2963 3863 3079 3932 εἰμὶ
3109 3861 3172 3914 τὸ
3199 3861 3314 3930 φῶς
3343 3862 3440 3915 τοῦ
3461 3864 3701 3933 κόσμου·

436 3957 576 4026 quit,
635 3957 726 4015 lux
777 3971 896 4011 sum
961 3957 1186 4022 mundi;
1248 3959 1621 4026 improborum
1679 3959 2012 4030 redargutio,

2148 3951 2338 4022 λεγχος
2368 3953 2465 4022 μὲν
2484 3953 2592 4006 τῶν
2627 3954 2833 4018 κακῶν,
2855 3955 3075 4010 παιδεία
3101 3953 3158 4010 δὲ
3187 3954 3298 4008 τῶν
3331 3955 3562 4024 ἀγαθῶν
3583 3975 3596 3988 ’
3621 3955 3710 4010 διὰ

434 4053 700 4110 bonorum
741 4052 998 4108 eruditio.
1047 4052 1182 4107 Nam
1223 4067 1320 4126 per
1363 4051 1535 4123 legem
1591 4053 1833 4124 cognitio
1884 4068 2019 4123 pec-

430 4145 564 4209 cad.

497 4237 544 4268 "
567 4235 744 4293 Tanta
769 4245 855 4292 est
888 4237 1032 4293 enim
1069 4238 1325 4315 nequitia:
1353 4238 1627 4309 voluptas,
1658 4249 1863 4308 quanta
1891 4239 2013 4293 uni-

363 4318 366 4321 ’
426 4329 474 4385 ci
506 4331 684 4400 panis.

494 4421 540 4452 ὀ
567 4421 626 4476 Si
651 4436 682 4475 a
714 4437 839 4477 vera
867 4421 1097 4478 scicntia
1128 4421 1483 4492 corripietur,
1511 4421 1794 4477 scientiam
1820 4438 2010 4492 quam-

422 4515 560 4570 libet
592 4515 785 4571 falsam
816 4515 1052 4585 abjiciet,
1084 4517 1174 4586 qui
1194 4526 1354 4569 antea
1393 4515 1793 4581 furabatur,-ob
1824 4517 2006 4570 scien-

2117 4045 2222 4117 γὰρ
2253 4045 2418 4117 νόμου
2453 4047 2751 4116 ἐπίγνωσις
2776 4048 3072 4120 ἁμαρτίας.

2187 4224 2434 4295 Τοσαύτη
2456 4226 2564 4297 γάρ
2594 4227 2741 4280 ἐστιν
2777 4230 2810 4298 ή
2838 4227 3000 4300 ήδονὴ
3033 4229 3133 4300 τῆς
3165 4230 3386 4295 κακίας,
3437 4231 3545 4300 ὅση
3615 4229 3706 4281 καὶ

2113 4319 2231 4382 ἐνὸς
2261 4320 2450 4389 ἄρτου.

2197 4411 2320 4465 Ἐὰν
2351 4412 2463 4482 ἁλῷ
2495 4414 2599 4467 ὑπὸ
2638 4412 2892 4482 γνώσεως
2933 4415 3186 4486 ἀληθοῦς,
3229 4416 3574 4488 ἀποθήσεται
3610 4419 3705 4471 πᾶ-

2115 4522 2213 4558 σαν
2237 4509 2438 4573 γνῶσιν
2460 4507 2651 4580 ψευδῆ,
2705 4512 2734 4563 ὁ
2767 4510 3029 4582 πρότερον
3061 4510 3329 4576 κλέπτων,
3373 4514 3443 4566 δι’
3480 4514 3702 4567 ἔνδειαν

427 4611 515 4670 tia:
549 4609 932 4684 indigentiam,
964 4625 1030 4664 ex
1086 4611 1349 4665 infatuata
1389 4628 1419 4666 a
1462 4611 1760 4666 Servatore
1819 4621 2006 4666 nostro

2151 4599 2386 4664 νὼσεως,
2412 4603 2519 4656 ἀπὸ
2557 4603 2656 4674 τῆς
2713 4607 3094 4678 μωρανθείσης
3147 4608 3252 4662 ὑπὸ
3306 4608 3399 4662 τοῦ
3435 4609 3702 4678 Σωτῆρος

425 4701 660 4756 scientia
692 4716 758 4758 ac
781 4701 1079 4770 sapientia.
1111 4701 1450 4756 Redditurns
1483 4713 1663 4755 autem
1694 4701 2003 4770 septuplum

2148 4690 2265 4761 μῶν
2301 4690 2556 4760 γνώσεως
2600 4695 2693 4748 καὶ⁸
2730 4697 2958 4764 σοφίας⁶
3021 4699 3302 4753 ἀποτίσειν
3352 4699 3408 4752 δὲ
3473 4697 3703 4766 λέγεται

423 4792 652 4858 dicitur,
678 4795 805 4862 quia
827 4796 1030 4869 septies
1059 4796 1224 4851 indie
1249 4796 1494 4851 laudabit
1529 4797 1698 4850 Deum
1731 4836 1746 4863 ,
1779 4803 1834 4850 et
1867 4810 2002 4849 cun-

2148 4785 2536 4849 πταπλασίονα,
2569 4787 2629 4840 τὸ
2689 4789 2917 4854 ἑπτάκις
2956 4790 3056 4861 τῆς
3113 4792 3330 4862 ήμέρας
3382 4793 3564 4847 αἰνεῖν
3614 4791 3712 4843 τὸν

422 4886 528 4941 clis
551 4888 809 4942 sensibus
834 4888 951 4942 suis
975 4889 1084 4943 Deo
1112 4889 1347 4955 traditis,
1385 4889 1644 4945 liberabit
1677 4903 1737 4945 se
1773 4904 1802 4942 a
1837 4904 2000 4964 para-

2149 4877 2266 4930 εόνο
2309 4878 2403 4932 καὶ
2442 4880 2618 4934 πάντα
2659 4880 2730 4934 τὰ
2771 4882 3084 4954 ὑπάρχοντα
3144 4883 3294 4953 αὐτῷ
3357 4883 3705 4954 αἰσθητήρια

421 4978 491 5036 tis
524 4977 746 5041 diabolo
781 4987 837 5035 et
864 4980 1073 5059 angelis
1098 4979 1217 5052 eius
1253 4981 1562 5060 suppliciis.

2148 4971 2222 5035 ib;
2267 4972 2345 5043 τῷ
2415 4973 2555 5043 Θεῷ,
2634 4973 2857 5044 ῥύσεται
2903 4975 3094 5029 ἐαυτὸν
3155 4972 3227 5028 ’ἐκ
3289 4976 3398 5030 τῶν
3453 4979 3705 5047 ἡτοιμα-

2107 5064 2326 5133 σμένων
2353 5064 2430 5136 τῷ
2461 5065 2692 5137 διαϐόλῳ
2719 5067 2808 5120 καὶ
2849 5069 2962 5130 τοῖς
2991 5067 3242 5138 ἀγγέλοις
3300 5068 3467 5123 αὐτοῦ
3521 5086 3705 5138 τιμωο

2104 5176 2254 5229 ριων.

487 5246 532 5279 ⁷⁸
587 5245 782 5302 Omnis
834 5246 928 5316 qui
959 5245 1262 5318 iniquitati
1305 5248 1715 5315 communicat,
1752 5250 2002 5307 metellus

2172 5253 2287 5314 Πᾶς
2321 5253 2353 5304 ὁ
2405 5253 2745 5324 κοινωνήσας
2787 5255 2854 5322 τῇ
2921 5253 3114 5324 κακίᾳ,
3173 5254 3359 5325 μοιχός
3415 5254 3541 5306 ἐστι
3572 5265 3576 5268 ’
3605 5251 3707 5304 τοῦ

413 5341 517 5397 est,
555 5334 756 5388 diaboli
790 5335 1020 5391 scilicet
1050 5337 1144 5405 qui
1197 5341 1408 5407 primus
1447 5353 1678 5394 uxorem
1718 5341 1871 5395 duxit
1901 5357 1997 5396 ne-

2150 5341 2346 5397 αὸὀλου
2368 5345 2461 5397 τοῦ
2503 5345 2719 5415 πρώτου
2747 5345 3028 5416 γήμαντος
3055 5345 3156 5417 τὴν
3191 5340 3390 5400 κακίαν
3407 5387 3422 5409 ,
3466 5346 3574 5400 καὶ
3602 5346 3704 5398 ἀπ’

413 5425 666 5494 quitiam,
693 5437 750 5480 et
769 5427 838 5481 ab
861 5428 1019 5484 initio
1053 5429 1324 5484 homicida
1362 5430 1489 5496 fuit.
1529 5430 1674 5494 Idem
1723 5449 1847 5490 cum
1897 5433 1988 5490 illo

2148 5437 2274 5508 ρχῆς
2323 5437 2608 5505 γεγονότος
2665 5437 3116 5510 ἀνθρωποκτόνου
3143 5454 3158 5469 ο
3216 5439 3310 5492 καὶ
3380 5437 3482 5490 σὺν
3541 5436 3707 5508 αὐτῷ

413 5519 611 5573 anima:
640 5519 874 5588 propriae
897 5519 1125 5580 exitium
1160 5521 1344 5579 infert.

2148 5529 2371 5582 πιῦλειαν
2393 5533 2457 5594 τῇ
2493 5530 2637 5602 ψυχῇ
2671 5531 2836 5585 αὑτοῦ
2871 5535 3262 5602 περιποιεῖται.

1913 5625 2066 5683 CAP.
2113 5621 2213 5681 νη.

481 5705 527 5740 ⁷·
564 5707 731 5763 Soror
772 5719 956 5767 nostra
989 5714 1254 5782 sapientia
1304 5725 1410 5782 est,
1447 5726 1714 5786 quatenus
1748 5719 1838 5775 ille
1896 5723 1992 5791 qui

2187 5722 2412 5794 ’Λδελφὴ
2455 5723 2610 5795 ήμῶν
2663 5724 2820 5795 σοφία
2875 5724 3008 5793 ἐστὶ,
3049 5723 3180 5778 διότι
3228 5725 3256 5777 ὁ
3297 5724 3537 5796 ποιήσας
3593 5721 3707 5795 τὴν

481 5898 524 5933 ⁸⁸
564 5901 651 5959 Ps.
689 5918 880 5971 LXXIII,
908 5904 987 5964 l4.
1055 5906 1096 5940 ⁸⁵
1133 5924 1179 5964 ι’.
1218 5908 1300 5967 l9.
1353 5909 1390 5944 ⁵⁸
1421 5909 1559 5985 Eph.
1589 5927 1660 5982 rt,
1695 5912 1778 5971 l6.
1860 5917 1900 5949 ⁸⁷
1938 5914 2035 5976 tua

2179 5914 2220 5946 ⁵⁸
2257 5911 2416 5972 v.25.
2497 5914 2538 5947 ευ
2565 5929 2614 5970 ι’.
2645 5913 2732 5973 9.6.
2813 5913 2854 5946 7°
2895 5927 2942 5970 ι.
2976 5911 3062 5972 50.
3139 5911 3180 5946 τί
3217 5928 3266 5970 ι’.
3304 5908 3390 5974 δι.
3498 5911 3520 5940 ¹
3550 5924 3606 5970 r.
3642 5907 3707 5974 4.
