3958 6510
502 347 597 402 135

1332 346 1894 406 SUPPLEMENTUM
1927 346 2018 401 AD
2053 345 2373 402 ORIGENIS
2403 343 2816 401 EXEGETICA.

3602 345 3690 402 181

495 469 650 535 phus,
685 476 740 524 et
767 469 856 539 qni
891 469 1066 534 albus,
1095 477 1150 538 et
1171 470 1267 538 qui
1300 469 1589 525 asteriscus
1618 469 2054 538 appellatur.llos

2170 469 2344 534 tsuxb;
2367 511 2382 534 ,
2408 471 2500 525 καὶ
2524 472 2553 524 ὁ
2579 469 2902 542 ἀστερίσκος
2923 466 3256 538 καλούμενος
3276 484 3289 498 ·
3319 465 3514 521 τούτων
3535 468 3564 521 ὀ
3589 469 3698 539 idp-

413 557 416 562 ’
496 561 636 614 inter
696 562 956 630 cemphus
1005 561 1397 630 intemperante
1439 563 1506 616 ad
1553 564 1754 616 coitum
1815 561 2054 624 libidine,

495 650 612 705 dire
640 651 950 711 concumbit
994 661 1048 705 et
1087 653 1273 706 veneri
1301 652 1561 722 indulget,
1594 653 1902 721 clamatque
1929 653 2056 705 dum

494 741 824 811 libidinatur,
865 743 1183 810 sanguinem
1217 744 1392 798 oculis
1418 745 1697 809 emittens,
1726 753 2057 814 generatque

490 854 791 898 aerumnose
814 848 868 893 et
890 854 994 894 non
1025 841 1142 895 sine
1165 839 1428 894 cruciatu.
1455 837 1576 894 Jam
1600 853 1730 894 vero
1750 839 1966 893 videtur
1990 854 2057 894 ex

495 930 650 1000 hujus
676 931 926 988 animalis
961 932 1184 988 historia
1221 931 1494 988 delineare
1522 933 1657 988 istos
1687 933 1900 1002 cemphi
1937 933 2058 988 imi-

493 1030 697 1076 tatores
724 1037 789 1077 ac
835 1022 1043 1078 similes
1085 1032 1306 1094 propter
1343 1023 1837 1092 intemperantiam.
1887 1023 1982 1078 Est
2004 1033 2059 1078 et

490 1111 634 1166 aliud
669 1113 721 1167 in
745 1113 878 1168 mari
914 1115 1267 1184 cemphorum
1295 1129 1484 1182 genus,
1515 1115 1779 1184 gregatim
1810 1115 1910 1168 hac
1939 1114 2060 1168 illac

491 1204 756 1270 volitans;
791 1221 931 1275 quos
959 1215 1134 1261 nauta:
1177 1206 1342 1261 multa
1386 1219 1507 1261 esca
1542 1206 1653 1260 l'uni
1690 1207 1938 1276 imposita
1969 1222 2062 1261 vc-

493 1305 709 1352 nantur.
750 1297 811 1352 Ili
848 1298 992 1354 enim
1022 1314 1124 1352 non
1163 1299 1322 1353 modo
1349 1313 1453 1352 non
1489 1298 1699 1368 fugiunt
1728 1297 1772 1354 si
1803 1313 1942 1367 quos
1971 1314 2059 1352 ca-

493 1397 612 1448 ptos
637 1389 840 1454 vident,
889 1392 982 1445 sed
1019 1389 1156 1445 alius
1188 1391 1350 1444 alium
1385 1393 1690 1460 praecedere
1744 1389 1965 1446 festinat
1993 1389 2058 1444 ad

491 1490 790 1550 capturam.
816 1481 907 1537 Sic
941 1483 1187 1537 videntur
1213 1485 1303 1553 qui
1333 1484 1384 1537 in
1415 1484 1546 1539 vitio
1569 1483 1897 1549 volutantur,
1919 1483 2061 1537 alius

493 1571 653 1624 alium
718 1587 974 1640 superare
1028 1573 1394 1642 voluptatibus
1461 1575 1785 1645 gestientes,
1852 1571 2058 1628 exitiali

493 1671 665 1718 morte
694 1672 865 1720 semet
895 1664 1193 1736 implicare.

2164 577 2262 630 φος
2293 560 2547 633 ἀκρατῶς
2578 559 2716 631 ἔχων
2745 559 2872 630 περὶ
2901 557 2998 621 τὰς
3024 558 3218 629 μίξεις,
3246 559 3489 629 χαλεπῶς
3513 561 3699 625 εὐνάζε-

2163 670 2249 706 ται
2281 653 2374 707 καὶ
2403 650 2603 722 ὀχεύει,
2636 651 2826 724 κράζει
2849 668 2932 711 τε,
2962 651 3058 704 καὶ
3093 651 3296 720 ὀχεύων
3323 645 3460 723 αἷμα
3505 654 3698 724 ἀφίησιν

2163 745 2227 798 ὲκ
2254 744 2362 798 τῶν
2393 743 2705 814 ὀφθαλμῶν,
2740 743 2833 797 καί
2863 741 3035 796 τίκτει
3059 742 3277 812 φαύλως
3299 746 3395 798 καὶ
3424 745 3696 816 ὀδυνηρῶς·

2161 827 2304 888 ἕόικε
2331 833 2390 888 δὲ
2417 834 2450 905 ἡ
2482 833 2668 906 γραφὴ
2694 833 2802 887 ἀπὸ
2833 832 2933 903 τῆς
2965 833 3201 904 ἱστορίας
3227 833 3320 887 τοῦ
3349 831 3485 898 ζώου
3514 837 3698 898 τούτου.

2162 925 2287 986 τοὺς
2319 921 2670 993 πειθομένους
2694 924 2760 993 τῇ
2789 920 3020 993 πονηρίᾳ
3054 922 3445 994 κεμφωμένους
3503 926 3590 979 καὶ
3630 927 3701 993 ἐξ-

2163 1013 2548 1086 ωμοιωμὲνους
2569 1011 2675 1066 τῶν
2720 1012 2922 1084 ὀρνέων
2954 1013 3022 1066 δι’
3050 1012 3345 1069 ἀκολασίαν
3367 1029 3384 1048 ⁸
3413 1014 3524 1069 ἐστι
3544 1017 3596 1070 δὲ
3625 1017 3703 1070 καὶ

2165 1104 2292 1158 ἄλλο
2311 1100 2449 1168 εἶδος
2478 1104 2691 1174 κέμφου
2734 1105 2792 1156 ὲν
2828 1106 2893 1175 τῇ
2932 1101 3173 1175 θαλάσσῃ
3205 1105 3323 1157 κατ’
3341 1105 3535 1174 ἀγέλας
3568 1109 3703 1162 ίπτά-

2170 1213 2328 1268 μενον
2371 1189 2475 1249 ὧδε
2515 1195 2737 1249 κάκεῖσε
2757 1211 2772 1226 ο
2807 1194 2836 1247 ὃ
2877 1194 2927 1247 oi
2973 1194 3257 1266 πλωτῆρες
3297 1197 3706 1272 πολυάγκυστρον

2163 1285 2508 1350 δελεάσαντες
2559 1287 2764 1355 σχοῖνον
2787 1325 2803 1349 ,
2859 1284 3150 1355 ἀγρεύουσι
3173 1303 3186 1316 ·
3219 1285 3312 1338 καὶ
3371 1287 3432 1339 οὐ
3485 1288 3628 1357 μόνον
3655 1291 3705 1343 οὐ

2166 1377 2355 1450 φεύγει
2382 1378 2591 1448 βλέπων
2613 1377 2681 1430 τὰ
2710 1375 3040 1448 θηρευθέντα
3062 1417 3077 1440 ,
3127 1376 3262 1431 ἀλλά
3291 1379 3385 1432 καὶ
3410 1379 3559 1443 ἄλλος
3588 1379 3709 1452 ἄλλῳ

2168 1470 2454 1544 προτρέχει
2493 1451 2856 1540 άγρευθῆναι·
2904 1466 3078 1532 οὕτως
3112 1469 3355 1524 ἐοίκασιν
3393 1475 3442 1525 οἱ
3469 1477 3530 1545 τῇ
3568 1475 3710 1545 κακίᾳ

2167 1560 2650 1634 προσομιλοῦντες,
2691 1560 2850 1624 ἀλλος
2898 1558 3054 1613 ἄλλον
3099 1562 3258 1632 νικᾷν
3300 1563 3608 1628 σπεύδοντες
3638 1565 3710 1618 διὰ

2164 1655 2273 1709 τῶν
2297 1653 2518 1727 ἡδονῶν,
2537 1652 2810 1725 ὲπολέθρῳ
2834 1651 3047 1725 θανάτῳ
3064 1652 3291 1716 ἑαυτοὺς
3305 1640 3709 1727 περιπείρουσιν.

1983 1756 2135 1815 CAP.
2174 1751 2306 1809 VIII.

561 1847 606 1880 "
634 1849 743 1902 tio'r
771 1847 873 1904 hoc
902 1848 1021 1904 loco
1055 1851 1184 1905 dicit
1217 1866 1316 1919 pro
1341 1851 1564 1916 virtute,
1594 1868 1713 1920 qnze
1748 1851 1896 1908 cordi
1921 1850 2068 1906 acci-

2241 1841 2483 1914 Καρδὲαν
2521 1839 2754 1895 ἐνταῦθα
2777 1840 2873 1912 τὴν
2895 1840 3097 1912 ἀρετὴν
3130 1839 3338 1913 εἴρηκε,
3378 1843 3476 1916 τὴν
3504 1844 3714 1914 ἐπισυμ-

494 1938 594 1993 dit.
637 1937 730 1995 Vel
757 1955 852 1995 cor
898 1941 1030 1995 dicit
1066 1942 1195 1997 illud
1226 1953 1468 1998 creatum
1513 1961 1542 1998 a
1574 1945 1684 2000 Deo
1715 1954 1770 2000 et
1800 1944 2063 2015 spiritale.

562 2116 608 2148 ⁸ο
672 2115 1006 2188 Sapientiam
1078 2119 1164 2174 hic
1221 2138 1318 2192 pro
1381 2123 1614 2192 quodam
1667 2123 1963 2194 disciplinze
2013 2136 2065 2181 et

495 2207 734 2264 scientiae
756 2225 956 2280 genere
982 2213 1200 2281 accipit.
1240 2213 1374 2268 Nam
1406 2214 1687 2284 disciplina
1733 2217 2068 2286 scientiaque

495 2301 805 2371 nominatis,
839 2304 990 2360 addit
1021 2324 1032 2360 :
1064 2303 1261 2360 Melior
1292 2315 1368 2362 ett
1396 2307 1541 2362 enim
1580 2310 1842 2378 sapientia
1870 2309 2068 2378 lapidi-

497 2397 587 2448 bus
627 2397 873 2466 pretiosis
926 2415 945 2452 :
976 2399 1128 2467 quasi
1173 2400 1464 2468 disciplina
1511 2409 1566 2455 et
1598 2401 1828 2456 scientia
1879 2402 2061 2457 conti-

495 2497 686 2542 neatnr
718 2489 770 2542 in
795 2491 1079 2560 sapientia,
1109 2505 1228 2560 qum
1259 2507 1289 2545 a
1323 2489 1526 2560 Spiritu
1555 2493 1728 2554 datur.
1763 2494 1814 2547 id
1840 2503 1923 2548 est
1946 2507 2068 2550 ver-

496 2580 620 2633 hnm
652 2581 954 2650 sapientiae.
988 2581 1045 2638 ld
1082 2582 1259 2653 ipsum
1313 2597 1445 2638 vero
1479 2584 1680 2639 dicitur
1710 2586 1872 2640 etiam
1907 2586 2068 2656 spiri-

497 2684 581 2726 tus
609 2672 935 2743 adoptionis.

563 2763 605 2795 ⁸¹
639 2765 1016 2820 Adnotandum
1064 2776 1168 2831 est,
1212 2767 1552 2835 iniquitatem
1609 2779 1665 2822 et
1717 2768 1972 2837 iniuriam
2009 2777 2103 2832 et_

493 2854 826 2922 superbiam,
873 2856 978 2911 dici
1017 2855 1106 2912 hic
1136 2871 1234 2926 pro
1266 2858 1484 2913 homine
1526 2857 1748 2927 injuste,
1787 2869 2066 2914 contume-

497 2947 647 3010 lioso,
683 2955 737 3002 et
769 2947 1024 3017 superbo,
1061 2963 1221 3018 quem
1254 2963 1321 3004 ex
1357 2949 1458 3006 hoc
1493 2950 1728 3019 pessimo
1763 2951 1927 3006 animi
1967 2953 2064 3006 ha-

495 3037 604 3090 bittt
638 3037 905 3108 indigitat.

562 3129 608 3160 "
635 3129 689 3183 ld
724 3138 868 3190 est,a
894 3145 977 3184 me
1007 3139 1212 3185 rectum
1254 3130 1540 3185 consilium
1566 3140 1616 3185 et
1665 3139 1835 3184 tntum
1876 3145 2063 3200 prece.

493 3220 568 3274 dit
597 3237 610 3274 :
641 3221 731 3276 ubi
760 3221 900 3276 enim
933 3221 1084 3287 illud,
1121 3223 1190 3278 ibi
1225 3224 1324 3278 hoc
1347 3239 1564 3292 quoque
1593 3232 1698 3279 est.
1735 3223 1919 3278 Viden‘
1938 3224 2055 3277 uhi-

491 3328 600 3378 que
635 3314 933 3382 anteposita
967 3325 1020 3369 et
1052 3317 1362 3384 prmstantia
1405 3317 1723 3385 incorporea
1766 3315 2063 3384 corporali-

492 3407 627 3463 hns?
673 3407 874 3462 Deinde
917 3417 1207 3478 postquam
1255 3409 1414 3476 dixit,
1463 3423 1685 3478 regnum
1738 3409 1912 3478 ipsum
1946 3423 2064 3462 a—se

493 3499 749 3563 conferri,
797 3499 944 3554 addit
991 3483 1133 3568 quod
1166 3499 1338 3554 multo
1390 3498 1563 3566 majus
1616 3509 1700 3554 est
1734 3514 1748 3551 :
1787 3515 1911 3552 nam
1962 3499 2064 3554 hoc

496 3605 683 3658 reapse
733 3603 966 3660 regnare
1003 3599 1111 3653 est,
1161 3591 1206 3645 si
1238 3591 1361 3661 quis
1408 3591 1684 3645 dominatu
1726 3591 1874 3660 jnste
1924 3591 2066 3646 sciat

493 3681 588 3734 uti.
617 3679 871 3734 Nonnulli
897 3681 1222 3751 interpretes
1255 3697 1440 3751 regum
1469 3682 1688 3737 nomine
1732 3683 1820 3737 hic
1865 3682 2063 3737 intelli-

492 3780 624 3842 gunt
644 3781 862 3828 sanctos
885 3781 940 3826 et
968 3787 1249 3841 proceres;
1290 3783 1550 3843 tyrannos
1579 3783 1760 3828 autem
1799 3774 1939 3839 illos,
1970 3774 2061 3842 qui

493 3863 669 3917 adhuc
705 3877 826 3917 cum
871 3877 1043 3918 carne
1087 3864 1400 3930 decertant,
1459 3873 1514 3918 et
1568 3865 1892 3933 cupiditates
1935 3880 2063 3921 suas

493 3954 725 4010 violenta
755 3955 803 4008 vi
836 3963 1103 4026 premunt.

566 4048 612 4080 "
665 4047 922 4116 Maiorem
968 4047 1260 4103 dilectione
1318 4047 1407 4104 hic
1454 4063 1692 4104 amorem
1747 4049 2060 4117 introducit,

495 4141 712 4207 quando
746 4140 934 4194 eodem
964 4140 1154 4195 ordine
1185 4156 1289 4195 non
1317 4142 1554 4211 ponitur.
1587 4143 1724 4196 Ecce
1752 4143 1897 4197 enim
1930 4143 2063 4198 Ser-

491 4240 680 4284 valere
707 4230 917 4286 dicente
961 4229 1142 4294 Petro,
1171 4231 1339 4285 Amas
1381 4247 1467 4286 me
1497 4231 1576 4285 "'1
1624 4232 1711 4286 hic
1737 4233 2062 4302 alloquentis

494 4325 630 4376 liene
662 4337 888 4392 gnarus,
923 4323 1065 4393 quod
1091 4323 1270 4379 minus
1302 4336 1418 4379 erat
1456 4328 1557 4382 sibi
1605 4329 1794 4384 tribuit
1828 4331 2017 4384 dicens
2045 4349 2056 4382 :

492 4411 660 4482 D.ligo
688 4421 760 4467 te.
797 4412 981 4469 Tertio
1001 4423 1176 4469 autem
1209 4416 1435 4472 audiens
1467 4437 1481 4472 :
1515 4419 1700 4474 Simon
1746 4418 1914 4487 Jonm,
1939 4423 2059 4477 dili-

2170 1936 2456 1992 ϐαίνουσαν
2490 1939 2554 2008 τῇ
2586 1936 2787 2009 καρδία·
2814 1939 2847 2010 ἦ
2877 1939 2975 2010 τὴν
2998 1938 3102 1991 ὑπὸ
3121 1937 3256 1992 Θεοῦ
3285 1935 3606 2009 κτιζομένην
3635 1935 3716 2007 τὴν

2177 2028 2564 2098 πνευματικήν.

2240 2119 2349 2190 Τὴν
2393 2119 2581 2187 σοφίαν
2611 2117 2842 2174 ἐνταῦθα
2870 2123 2948 2184 ὡς
2976 2120 3131 2190 γένος
3163 2119 3322 2175 ἔλαϐε
3363 2120 3464 2191 τῆς
3497 2118 3716 2181 παιδείας

2169 2211 2262 2265 καὶ
2302 2210 2400 2278 τῆς
2434 2209 2687 2279 γνώσεως
2710 2229 2723 2241 ·
2769 2211 3014 2266 παιδείαν
3041 2211 3150 2284 γὰρ
3189 2212 3282 2266 καὶ
3310 2211 3513 2280 γνῶσιν
3538 2209 3706 2282 προτάο

2169 2302 2314 2370 ξας,ὲ
2322 2303 2480 2372 πάγει
2490 2319 2502 2332 ⁸
2520 2303 2831 2372 Ιίρείσσων
2849 2305 2958 2374 γὰρ
2969 2305 3154 2373 σοφία
3171 2305 3356 2358 λίθων
3367 2300 3714 2363 πολυτελῶν,

2166 2394 2243 2458 ὼς
2278 2396 2376 2466 τῆς
2409 2394 2653 2458 παιδείας
2687 2396 2782 2448 καὶ
2823 2396 2921 2467 τῆς
2948 2395 3202 2464 γνώσεως
3242 2395 3634 2467 περισχομένης
3670 2395 3717 2446 ἐν

2166 2490 2232 2559 τῇ
2263 2488 2424 2560 σοφίᾳ
2445 2488 2543 2558 (l),
2581 2489 2727 2560 ἥπερ
2751 2487 2838 2559 διὰ
2865 2487 2956 2542 τοῦ
2991 2487 3308 2559 Πνεύματος
3337 2488 3569 2550 δίδοται,
3587 2486 3720 2556 λόγος

2169 2579 2359 2649 σοφίας
2384 2597 2398 2611 ο
2431 2579 2491 2632 τὸ
2527 2579 2572 2632 δ’
2619 2579 2756 2633 αὐτὸ
2795 2579 2952 2633 τοῦτο
2983 2578 3200 2648 λέγεται
3245 2579 3340 2634 καὶ
3373 2579 3587 2651 πνεῦμα
3626 2579 3721 2631 uto—

2167 2671 2374 2735 θεσίας.

2236 2763 2578 2836 Σημειωτέον
2616 2764 2698 2818 ὃτι
2736 2762 2948 2818 ἀδικίαν
2978 2763 3071 2818 καὶ
3109 2762 3268 2835 ὕϐριν
3307 2762 3403 2818 καὶ
3455 2763 3720 2835 ὑπερηφα-

2167 2857 2304 2919 νίαν,
2331 2857 2422 2909 τὸν
2443 2856 2625 2911 άδικον
2652 2855 2912 2928 ὑϐριστὴν
2935 2857 3030 2910 καὶ
3059 2857 3406 2928 ὑπερήφανον
3429 2855 3594 2927 λέγει,
3628 2853 3722 2909 ἀπὸ

2166 2949 2266 3020 τῆς
2295 2949 2578 3021 χειρίστης
2600 2948 2766 3016 ἕξεως
2783 2947 3064 3020 ὀνομάζων
3085 2949 3268 3004 αὐτόν.

2238 3149 2495 3203 Τουτὲστι
2523 3151 2650 3219 παρ’
2673 3150 2804 3222 ἐμοῦ
2833 3151 2893 3204 τὸ
2915 3149 3169 3204 εὔϐουλον
3193 3151 3288 3205 καὶ
3308 3150 3551 3220 ἀσφαλές
3569 3164 3580 3178 ·
3603 3149 3722 3203 ὅπου

2164 3241 2271 3315 γὰρ
2299 3243 2478 3307 τοῦτο,
2513 3244 2760 3297 κάκεῖνο·
2795 3243 2929 3314 δρᾷς
2955 3243 3229 3315 πανταχοῦ
3275 3243 3641 3315 προτιθέμενα
3665 3243 3722 3292 τὰ

2163 3334 2427 3406 ἀσώματα
2455 3336 2561 3390 τῶν
2577 3336 2906 3408 σωματικῶν
2927 3336 3019 3390 καὶ
3043 3336 3381 3407 κρατοῦντα;
3411 3331 3548 3388 Εἶτα
3571 3331 3723 3386 εἰπὼν

2164 3428 2258 3480 καὶ
2283 3428 2414 3482 αὐτὸ
2441 3429 2501 3482 τὺ
2525 3429 2824 3499 βασιλεύειν
2846 3429 2912 3482 δι’
2932 3428 3102 3500 αὐτῆς
3149 3428 3432 3498 γινόμενον
3451 3469 3467 3493 ,
3500 3427 3724 3497 ἐπήγαγε

2165 3521 2257 3573 καὶ
2283 3520 2311 3573 ὃ
2355 3520 2534 3592 πολλῷ
2581 3522 2764 3592 μεῖζόν
2793 3524 2908 3574 ἐστι
2932 3539 2945 3553 ·
2977 3521 3134 3576 τοῦτο
3168 3520 3278 3591 γὰρ
3313 3519 3615 3591 βασιλεύειν
3637 3559 3650 3580 ,
3671 3513 3725 3567 τὸ

2162 3611 2419 3667 δύνασθαι
2453 3614 2677 3676 δικαίως
2709 3613 3007 3686 κεχρῆσθαι
3033 3616 3098 3684 τῇ
3131 3614 3295 3684 ἀρχῇ,
3327 3611 3534 3682 βέλτιον
3564 3627 3576 3641 ’
3607 3609 3724 3661 ἔνιοι

2162 3705 2240 3768 δὲ,
2274 3705 2513 3774 βασιλεῖς
2549 3707 2648 3778 μὲν
2687 3709 2812 3770 τοὺς
2861 3707 3050 3776 ἁγίους
3081 3708 3174 3760 καὶ¹
3231 3707 3592 3776 μεγιστᾶνας·
3644 3718 3726 3754 τυ-

2167 3799 2390 3871 ράννους
2409 3800 2487 3862 δὲ,
2513 3800 2638 3862 τοὺς
2667 3799 2749 3852 ἔτι
2778 3799 3150 3871 πολεμοῦντας
3169 3798 3268 3870 τὴν
3290 3798 3492 3870 σάρκα,
3520 3797 3611 3852 καὶ
3631 3794 3726 3848 τῶν

2165 3884 2354 3940 παθῶν
2381 3885 2798 3958 τυραννοῦντας.

2236 4066 2424 4130 Μείζω
2456 4067 2637 4137 φιλίας
2665 4069 2874 4137 εἰσάγει
2895 4069 2996 4139 τὴν
3022 4067 3244 4140 ἀγάπην
3265 4068 3501 4123 ἐνταῦθα
3524 4111 3538 4130 ,
3576 4068 3726 4137 ἡνίκα

2165 4155 2240 4227 μὴ
2273 4156 2413 4210 κατὰ
2448 4157 2542 4210 τοῦ
2576 4157 2741 4211 αὑτοῦ
2783 4157 3035 4214 τάττεται
3061 4177 3072 4189 θ
3121 4159 3310 4229 ἀμέλει
3356 4159 3452 4212 τοῦ
3488 4159 3726 4228 Σωτῆρος
3800 4148 3804 4156 ί

2161 4247 2238 4318 τῷ
2262 4248 2452 4319 Πέτρῳ
2466 4249 2734 4317 λέγοντος,
2776 4251 3018 4321 Ἀγαπᾷς
3044 4269 3110 4322 με
3130 4269 3143 4313 ;
3163 4252 3249 4304 τὸν
3283 4250 3724 4323 προσδιαλεγόμε-

2162 4357 2249 4392 νον
2271 4338 2445 4403 είδὼς,
2468 4341 2528 4392 τὸ
2551 4335 2710 4410 ἦττον
2731 4339 2944 4394 δίδωσιν
2967 4341 3166 4413 ἑαυτῷ,
3201 4344 3284 4407 τὸ,
3318 4345 3445 4397 ’Ὁτι
3478 4342 3616 4414 φιλῶ
3641 4357 3723 4394 σε·

2161 4431 2222 4484 τὸ
2257 4431 2313 4484 δὲ
2344 4431 2524 4501 τρίτον
2559 4432 2821 4496 ἀκούσας,
2847 4434 3028 4504 Σίμων
3076 4435 3250 4499 Ἰωνᾶ,
3281 4435 3455 4506 φιλεῖς
3489 4453 3591 4506 με;
3618 4433 3727 4486 ὲλυ-

491 4502 574 4566 gis
603 4504 729 4557 me?
757 4520 902 4573 aegro
936 4506 1116 4559 animo
1148 4506 1272 4572 luit,
1312 4509 1438 4577 quia
1473 4511 1627 4566 tertia
1675 4513 1775 4566 hac
1809 4512 1924 4568 vice
1960 4514 2060 4568 mi—

2170 4522 2311 4593 πήθη
2333 4524 2415 4577 ὅτι
2441 4524 2503 4576 τὸ
2531 4520 2692 4596 ἧττον
2716 4525 2896 4597 τρίτον
2915 4502 3080 4597 αὐτῷ
3111 4502 3438 4598 προσένειμε
3461 4502 3561 4599 (Ξ),

490 4593 639 4647 noris
667 4584 1002 4665 signiﬁcatus
1036 4598 1351 4653 vocabulum
1385 4616 1568 4656 secum
1591 4603 1946 4659 adhibuisset.

560 4682 607 4714 ⁸⁵
639 4682 798 4740 Solus
845 4687 1060 4755 sapiens
1113 4687 1262 4744 dives
1309 4689 1640 4761 illustrisque
1680 4702 1762 4748 est
1799 4711 1812 4748 :
1855 4697 2054 4751 etenim

492 4773 771 4845 multiplex
794 4777 931 4842 apud
965 4791 1085 4831 eum
1119 4778 1388 4848 possessio
1427 4791 1529 4846 est,
1569 4790 1624 4836 et
1667 4784 1944 4852 sapientia:
1973 4801 2056 4842 se-

492 4867 672 4932 mina;
705 4883 825 4937 qute
854 4868 904 4922 in
931 4869 1121 4938 spiritu
1151 4886 1360 4935 serens,
1390 4873 1550 4926 vitam
1585 4875 1756 4928 metit.
1801 4875 1934 4930 Cum
1960 4892 2056 4932 au-

490 4967 595 5012 tem
622 4974 748 5014 suas
784 4974 904 5014 esse
943 4961 1073 5015 dicit
1117 4961 1358 5030 divitias,
1383 4965 1563 5021 dicere
1613 4966 1826 5022 videtur
1859 4983 1870 5018 :
1911 4966 2054 5023 Nihil

435 5063 440 5070 '
487 5065 622 5118 optts
693 5052 786 5107 tibi
836 5061 923 5114 est
960 5054 1234 5123 expensis.
1283 5071 1379 5112 nec
1440 5073 1496 5112 re
1541 5073 1676 5112 nova
1726 5059 1944 5129 aliqua,
1997 5069 2056 5114 ut

488 5159 672 5200 amore
702 5161 822 5200 meo
849 5149 1078 5216 potiaris
1105 5165 1119 5213 ;
1159 5159 1367 5203 tantum
1400 5151 1613 5222 diligas,
1646 5160 1700 5207 et
1735 5153 2054 5208 reda‘mabe-

488 5237 582 5290 ris.
629 5237 754 5292 Ime,
784 5250 927 5308 quod
969 5248 1052 5293 cst
1077 5240 1347 5303 mirabile.
1387 5257 1576 5309 nempe
1626 5244 1677 5297 in
1708 5245 1909 5300 divitiis
1930 5258 2051 5300 esse

481 5329 770 5398 justitiam,
796 5331 848 5386 id
876 5347 1092 5402 quoque
1123 5336 1263 5404 apud
1297 5348 1384 5389 me
1407 5344 1513 5397 est,
1535 5344 1585 5390 et
1611 5335 1753 5390 aliud
1776 5337 2055 5407 quodlibet

487 5418 704 5474 bonum.

586 5536 793 5591 "v.5.
875 5539 1124 5596 “tu”.
1203 5541 1438 5595 ‘-v.l5.

1517 5541 1614 5594 “v.
1646 5540 1730 5594 Η.
1822 5543 1868 5575 ³³
1899 5559 1950 5599 v.
2002 5546 2086 5600 17.

2237 4704 2358 4756 Ὅτι
2393 4703 2552 4772 μόνος
2605 4704 2634 4755 ὁ
2685 4705 2846 4773 σοφὸς
2891 4703 3142 4768 πλούσιος
3189 4706 3283 4758 καὶ
3319 4705 3548 4772 εὒκλεής
3573 4721 3587 4736 υ
3620 4704 3726 4757 ἔστι

2164 4794 2272 4864 γάρ
2294 4795 2351 4846 ἐν
2379 4793 2527 4863 αὐτῷ
2569 4790 2756 4865 κτῆσις
2786 4795 2994 4849 πολλῶν
3040 4797 3134 4850 καὶ
3162 4798 3478 4868 γεννήματα
3497 4796 3694 4866 ,σοφίας
3711 4810 3722 4822 ·

2162 4882 2198 4936 ἃ
2226 4883 2320 4937 καὶ
2349 4883 2584 4956 σπείρων
2620 4886 2698 4948 εἰς
2743 4886 2802 4938 τὸ
2839 4886 3082 4957 πνεῦμα,
3119 4886 3322 4960 θερίζει
3377 4889 3554 4960 ζωήν·
3591 4887 3726 4941 ἔοικε

2161 4975 2219 5028 δὲ
2259 4975 2348 5030 διά
2389 4975 2485 5029 τοῦ
2519 4979 2717 5049 ἑαυτῆς
2749 4978 2927 5047 λέγειν
2969 4981 3061 5032 τὸν
3096 4980 3356 5045 πλοῦτον,
3396 4981 3636 5036 τοιοῦτόν
3677 4997 3726 5034 τι

2160 5065 2360 5135 λέγειν,
2388 5068 2470 5121 ὅτι
2497 5068 2571 5120 Οὐ
2619 5067 2776 5138 χρεία
2807 5085 2889 5122 σοι
2909 5067 3152 5140 δαπάνης
3169 5111 3184 5133 ,
3215 5070 3334 5123 οὐδὲ
3361 5071 3724 5142 καινοτομίας,

2157 5158 2237 5221 είς
2267 5158 2357 5212 τὸν
2384 5158 2518 5230 πρὸς
2547 5159 2646 5229 ἐμὲ
2673 5159 2848 5230 ἔρωτα
2873 5200 2887 5225 ,
2923 5161 3038 5213 ἀλλ’
3076 5163 3238 5232 ἀρκεῖ
3267 5163 3330 5215 τὸ
3358 5162 3584 5232 φιλῆσαι
3633 5161 3727 5232 μύ-

2156 5267 2264 5315 νον,
2297 5250 2388 5304 καὶ
2413 5251 2864 5325 ἀνταγαπηθήσῃ.
2904 5252 3066 5308 ’Δλλά
3102 5255 3228 5326 μὴν,
3251 5256 3344 5310 καὶ
3362 5257 3392 5309 δ
3419 5255 3724 5325 θαυμαστόν

2157 5341 2272 5394 ἐστι
2291 5381 2306 5404 ,
2333 5340 2394 5394 τὸ
2423 5343 2480 5392 ὲν
2499 5340 2722 5409 “’πλούτῳ
2749 5338 2886 5394 εἶναι
2913 5341 3259 5416 δικαιοσύνην
3277 5385 3293 5409 ,
3329 5349 3457 5417 παρ’
3485 5347 3607 5417 ἐμοὶ
3636 5345 3724 5397 καὶ

2161 5431 2317 5486 τοῦτό
2345 5433 2479 5497 ἐστι,
2502 5433 2595 5486 καὶ
2626 5431 2696 5484 τὰ
2721 5431 2854 5487 ἄλλα
2883 5435 3058 5490 πάντα
3078 5437 3275 5506 ἀγαθά.

2157 5547 2202 5579 ³⁸
2241 5545 2397 5602 Joan.
2445 5564 2554 5613 xxi,
2589 5547 2773 5603 15-17.
2844 5552 2891 5583 ⁸⁵
2923 5569 2977 5607 v.
3024 5555 3108 5608 l8.

555 5628 811 5713 (ηλικιιά
845 5631 1233 5713 Augustinum,
1262 5631 1456 5685 Contra
1500 5633 1659 5688 Acad.
1688 5650 1748 5698 tl.
1786 5636 1867 5700 16,
1914 5646 2087 5692 exstat
2124 5637 2437 5707 famigerata
2475 5642 2755 5698 delinitio:
2793 5643 3062 5713 Sapientia
3107 5655 3182 5700 est
3239 5665 3410 5702 rerum
3461 5651 3718 5703 humana-

484 5715 599 5753 rum
627 5700 1020 5766 (“amarumque
1049 5703 1286 5753 scientia.

555 5767 628 5840 (εἰ)
670 5768 989 5825 Accut'alam
1040 5772 1441 5826 distinctionem
1485 5771 1610 5828 facit
1636 5775 1853 5832 GI‘iBCIIS
1890 5779 2027 5834 inter
2057 5779 2272 5851 ἀγαπᾷν
2309 5792 2358 5835 et
2389 5782 2580 5852 φιλεῖν,
2615 5786 2754 5855 quod
2792 5802 2950 5842 secus
2976 5787 3027 5842 in
3069 5786 3185 5842 Lat.
3230 5787 3440 5860 vulgato
3481 5789 3564 5843 Iit-
