3958 6550
258 372 368 431 185

323 496 499 550 (iaciat
524 495 661 554 οὖσα
689 499 722 570 ἡ
751 499 844 554 τοῦ
872 500 1007 555 Θεοῦ
1033 501 1226 571 σοφία,
1257 501 1362 574 πρὸ
1385 500 1600 556 αἰώνων
1624 501 1846 573 γεγὲνη-
1875 503 1923 570 A

254 609 374 652 ται,
406 594 502 646 καὶ
549 592 656 664 πρὸ
687 594 920 658 κτίσεως
943 593 1116 658 ἀίδιος
1149 590 1218 665 ἦν
1239 613 1251 624 ·
1281 597 1370 650 ὅτε
1399 595 1456 649 δὲ
1481 595 1666 666 σχέσιν
1700 595 1838 667 πρὸς

251 677 321 731 τὰ
370 681 608 750 γεννητά
647 681 902 747 ἐδέξατο,
943 683 1065 736 τότε
1105 685 1249 756 ἀρχὴ
1278 684 1386 738 τῶν
1412 685 1547 740 ὁδῶν
1583 685 1680 739 τοῦ
1709 686 1847 740 Θεοῦ

253 771 452 836 γέγονε
509 771 620 825 τῶν
666 772 965 848 ποιητικῶν
1011 775 1108 828 καὶ
1163 777 1562 848 προνοητικῶν·
1614 775 1848 846 σύζυγος

252 856 350 912 οὖν
381 862 414 932 ἡ
443 861 590 934 ἀρχὴ
623 866 736 928 τοῖς
763 863 1060 934 κτίσμασιν
1087 858 1166 920 ὧν
1218 867 1444 937 γέγονεν
1481 865 1654 940 ἁρχὴ,
1689 885 1852 923 τουτ-

255 951 410 1006 έστιν
438 954 473 1025 ἡ
503 955 641 1027 πρὸς
669 954 738 1008 τὰ
776 956 1012 1025 γεννητά
1048 958 1262 1029 σχέσιςο
1287 959 1321 1029 ή
1363 958 1420 1012 δὲ
1459 958 1620 1026 σοφία
1655 959 1848 1025 ἀΐδιος,

255 1046 536 1114 οὺσιωδῶς
567 1047 673 1120 πρὸ
700 1047 910 1102 αἰώνων
934 1049 1086 1122 παρὰ
1106 1048 1185 1121 τῷ
1212 1049 1332 1122 Θεῷ
1363 1049 1706 1124 ὑπάρχουσα.

345 1308 598 1365 ’Δσέϐεια
631 1311 732 1383 μέν
762 1313 910 1366 ἐστιν
941 1314 973 1384 ἡ
1005 1313 1086 1379 είς
1107 1311 1240 1368 Θεὸν
1269 1315 1513 1386 ἁμαρτία
1533 1334 1545 1346 ·
1582 1317 1769 1372 ἀσεϐεῖ
1790 1319 1848 1373 δὲ

259 1400 357 1454 καὶ
383 1403 464 1465 είς
501 1401 599 1473 τὴν
633 1403 825 1456 ἑαυτοῦ
850 1402 1026 1475 ψυχὴν
1050 1406 1078 1458 6
1097 1405 1352 1476 σωρεύων
1381 1406 1602 1460 κόλασιν
1629 1411 1694 1480 τῇ
1720 1411 1846 1463 ὲαυ-

258 1491 355 1546 τοῦ
390 1493 560 1565 ψυχῇ,
597 1493 694 1565 τὴν
719 1499 830 1559 τοῖς
865 1496 1120 1550 ἀσεϐέσιν
1152 1497 1592 1570 ἡτοιμασμένην·
1624 1499 1849 1554 ἀκόλου-

258 1585 354 1637 θον
384 1585 442 1639 δὲ
476 1586 652 1640 καὶτὸ
671 1587 892 1660 ἀγαπᾷν
916 1588 1145 1643 θάνατον
1165 1589 1292 1654 τοὺς
1314 1589 1504 1662 σοφίαν
1525 1591 1842 1661 μισοῦντας,

257 1678 421 1748 εἴπερ
455 1678 492 1749 ἡ
517 1678 677 1748 σοφία
707 1677 842 1750 ζωή.

1428 378 1803 436 EXPOSITIO
1841 378 1906 436 ΙΝ
1946 378 2363 438 PROVERBIA.

3416 383 3520 438 ιεο

2019 501 2067 534 ⁸⁸
2106 500 2420 557 Substantia
2458 515 2582 556 cum
2620 501 2693 556 sit
2721 500 2816 556 Dei
2843 499 3137 570 sapientia,
3165 508 3297 555 ante
3322 503 3519 556 sterila

1948 602 2071 646 nata
2096 604 2202 656 est,
2226 602 2280 646 et
2304 603 2432 648 ante
2453 602 2742 648 creaturas
2773 595 3128 663 sempiterna.
3167 593 3302 647 Cum
3339 603 3530 646 autem

1944 685 2263 740 relationem
2303 696 2760 755 erga-creaturas
2817 686 3073 750 admisit,
3129 696 3259 740 tunc
3307 685 3522 740 initium

1943 777 2156 831 viarum
2191 776 2284 832 Dei
2329 777 2470 832 facta
2511 787 2618 840 est.
2645 779 2939 834 creationis
2980 776 3230 833 videlicet
3259 787 3313 832 et
3341 779 3526 846 provi-

1943 866 2172 934 dentiae;
2205 867 2523 924 consociato
2573 869 2830 924 nimirum
2869 870 3027 926 initio
3069 885 3194 925 cum
3227 869 3529 932 creaturis,-

1944 957 2140 1029 quibus
2175 959 2324 1013 dedit
2353 958 2589 1021 initium.
2622 960 2675 1014 id
2694 969 2779 1014 est
2807 959 3125 1016 relationem
3152 973 3279 1026 erga
3310 969 3526 1014 creatu-

1946 1063 2036 1105 ras
2065 1047 2266 1104 habere
2305 1049 2493 1120 coepit.
2543 1051 2800 1107 Attamen
2846 1052 2960 1122 ipsa
3009 1051 3276 1121 sapientia
3322 1049 3528 1121 sempie

1942 1149 2092 1194 terna
2133 1151 2239 1206 est,
2281 1142 2715 1198 substantialiter
2761 1152 2892 1198 ante
2927 1144 3128 1198 saecula
3177 1143 3319 1212 apud
3355 1143 3524 1199 Deum

1940 1235 2240 1290 cxsistens.

2012 1323 2058 1355 ⁸⁷
2100 1324 2351 1392 Impietas
2387 1334 2476 1379 est
2504 1324 2774 1380 adversus
2817 1325 2982 1379 Deum
3013 1331 3324 1394 peccatum.
3357 1322 3531 1393 lmpie

1943 1420 2054 1486 agit
2074 1419 2238 1474 etiam
2264 1429 2454 1473 contra
2480 1419 2718 1472 animam
2748 1434 2924 1477 suam.
2947 1420 3038 1488 qui
3060 1418 3310 1490 congerit
3333 1419 3528 1471 animm

1940 1511 2437 1580 sumpunitiouem,
2471 1511 2654 1581 impiis
2676 1521 3061 1580 praeparatam.
3090 1511 3530 1567 Consentaneum

1948 1616 2164 1670 quoque
2207 1611 2313 1664 est.
2357 1611 2418 1657 ut
2467 1601 2502 1656 ii
2545 1609 2776 1655 mortem
2821 1611 3008 1657 ament
3054 1603 3146 1672 qui
3202 1600 3529 1672 sapientiam

1949 1693 2214 1758 oderunt;
2245 1692 2514 1762 siquidem
2538 1693 2808 1763 sapientia
2835 1694 2945 1747 vita
2979 1703 3084 1750 cst.

1772 1781 1925 1837 CAP.
1969 1784 2058 1839 IX.

1772 1785 1856 1836 CA

332 1868 450 1940 Τὴν
502 1868 697 1938 σοφίαν
744 1869 979 1923 ἐνταῦθα
1023 1869 1222 1936 δισσῶς
1275 1871 1553 1928 ὲπιλασεῖν
1576 1915 1592 1939 ,
1644 1875 1742 1948 τὴν
1788 1879 1855 1932 ὲκ

1969 1785 2058 1839 IX.

2030 1883 2077 1914 ⁸⁸
2117 1881 2456 1952 Sapientiam
2506 1881 2610 1937 boc
2646 1879 2769 1935 loco
2807 1878 3099 1948 dupliciter
3146 1875 3374 1944 intelligi
3393 1874 3524 1930 aio:

261 1957 588 2028 Πνεύματος
616 1960 772 2028 ἁγίου
799 1962 942 2032 φημὶ
976 1963 1034 2016 ἐν
1068 1961 1249 2032 λόγοις
1277 1964 1372 2018 καὶ
1392 1970 1576 2039 γραφῇ
1603 1967 1848 2023 δοθεῖσαν

262 2055 379 2115 τοῖς
414 2051 699 2125 θεόφροσιν
720 2094 736 2116 ,
759 2055 825 2108 δι’
853 2051 922 2127 ἦς
966 2055 1060 2110 καὶ
1095 2057 1129 2128 ἡ
1154 2057 1452 2126 ἐπίγνωσις
1478 2062 1573 2114 τοῦ
1602 2061 1738 2116 Θεοῦ
1773 2063 1851 2135 τῷ

261 2143 458 2214 κόσμῳ
479 2145 787 2218 ἐγνωρίσθη
811 2165 822 2177 ·
852 2146 1115 2212 ὡσαύτως
1145 2150 1202 2203 δὲ
1229 2151 1326 2217 καὶ
1357 2151 1448 2204 τὸν
1479 2152 1844 2208 ὲνυπόστατον

265 2235 394 2289 Υἰὺν
418 2236 514 2289 καὶ
540 2236 712 2305 Λόγον
735 2233 829 2291 τοῦ
858 2239 1016 2302 Θεοῦ,
1045 2239 1137 2294 τὸν
1171 2241 1232 2306 ἐξ
1246 2243 1346 2296 οὐκ
1368 2243 1496 2297 ὄντα
1519 2247 1598 2308 είς
1631 2246 1692 2298 τὸ
1713 2241 1852 2302 εἶναι

263 2329 658 2397 παραγαγόντα
688 2331 757 2384 τὰ
778 2332 1072 2401 σύμπαντα
1093 2335 1162 2404 τῇ
1189 2333 1351 2404 σοφίᾳ
1375 2333 1564 2390 αὐτοῦ.

332 2419 564 2491 Θύματα
588 2421 823 2476 ἐνταῦθά
850 2441 984 2496 φησι
1023 2425 1148 2489 τοὺς
1177 2425 1293 2480 ὅσοι
1320 2429 1597 2500 προφῆται
1623 2431 1690 2502 τῇ
1720 2447 1854 2500 παρ-

258 2509 468 2564 αινὲσει
508 2512 750 2582 Χριστοῦ
799 2515 1226 2586 σφραγισθέντες
1268 2519 1364 2571 καὶ
1410 2519 1850 2592 σφαγιαζόμενοι,

259 2603 351 2657 διὰ
388 2605 450 2657 τὸ
490 2605 683 2676 κιρνᾷν
728 2606 926 2670 αὐτοὺς
967 2606 1044 2678 τῷ
1070 2608 1171 2680 τῆς
1193 2609 1448 2678 γνώσεως
1480 2612 1718 2684 κρατῆρι
1753 2613 1853 2685 τὴν

259 2695 339 2758 ὡς
361 2691 505 2749 οἶνον
528 2696 656 2768 ἡδὺν
685 2698 979 2768 ἐπίγνωσιν
1009 2701 1176 2756 αὐτοῦ
1197 2705 1307 2767 τοῖς
1333 2703 1587 2776 ἐχέφροσι
1605 2722 1620 2735 ο
1657 2705 1852 2775 λέγων,

259 2787 357 2857 Μὴ
391 2789 664 2862 φοὸηθῆτε
682 2790 790 2844 ἀπὸ
803 2791 910 2845 τῶν
932 2792 1360 2850 ἀποκτεινόντων
1382 2797 1442 2850 τὸ
1465 2795 1645 2868 σῶμα,
1670 2797 1768 2869 τὴν
1796 2799 1853 2851 δὲ

257 2878 447 2951 ψυχὴν
479 2880 554 2950 μὴ
577 2880 890 2953 δυναμένων
914 2886 1264 2940 ἀποκτεῖναι·
1301 2887 1396 2942 καὶ
1422 2889 1530 2963 γὰρ
1559 2889 1721 2954 αὐτὸς
1752 2892 1852 2945 αὐ-

258 2970 394 3033 τοὺς
422 2971 744 3040 ὲσφαγίασε,
785 2975 878 3026 καί
917 2976 1230 3045 σφαγιάζει,
1251 2977 1338 3032 διὰ
1364 2977 1426 3032 τὸ
1457 2980 1854 3051 παρακελεύειν

260 3064 434 3125 suam
459 3066 587 3127 τοὺς
629 3067 710 3129 εἰς
755 3066 921 3119 αὐτὸν
956 3070 1307 3135 πιστεύοντας
1360 3072 1502 3144 ὑπὲρ
1551 3073 1753 3138 αὑτοῦ,
1777 3073 1854 3139 ὡς

258 3157 432 3218 αὐτὸς
461 3155 600 3228 ὑπὲρ
631 3157 782 3228 ὑμῶν
815 3158 1171 3231 ἀποθνήσκει.

1952 1988 2145 2044 nempe
2177 1975 2323 2029 illam
2354 1990 2476 2044 quae
2503 1989 2533 2028 a
2572 1983 2768 2030 sancto
2813 1972 3021 2042 Spiritu
3059 1970 3220 2042 datur
3263 1967 3533 2038 religiosis

1953 2065 2284 2129 hominibus,
2345 2082 2441 2135 per
2483 2083 2646 2137 quam
2693 2066 2787 2121 Dei
2829 2077 3047 2136 quoque
3092 2061 3283 2116 notitia
3333 2061 3536 2113 mundo

1954 2155 2224 2210 inclaruit.
2266 2155 2391 2210 Pari
2434 2156 2598 2211 modo
2643 2157 2807 2210 etiam
2852 2145 3532 2224 enbypostatlcumFilium

1952 2263 2016 2301 ac
2041 2247 2273 2302 Verbum
2304 2249 2422 2310 Dei,
2448 2264 2478 2302 a
2504 2247 2658 2315 cujus
2677 2247 2944 2318 sapientia
2967 2246 3150 2301 omnia
3179 2259 3245 2300 ex
3269 2243 3440 2297 nihilo
3465 2241 3535 2294 ad

1859 2389 1864 2393 .
1952 2339 2329 2394 exsislendum
2367 2340 2565 2394 educta
2591 2340 2831 2394 fuerunt.

2025 2430 2070 2463 ⁸³
2112 2429 2370 2485 Victimas
2416 2431 2518 2486 hoc
2562 2431 2682 2485 loco
2722 2429 2854 2484 dicit
2895 2427 3211 2498 prophetas,
3260 2430 3535 2495 «ιηοιειιιοι

1954 2521 2156 2576 Christi
2197 2521 2574 2576 adhortatione
2623 2521 2820 2591 signati
2865 2529 2920 2575 et
2968 2517 3230 2575 immolati
3286 2515 3536 2574 fuerunt;

1953 2615 2078 2672 dum
2133 2613 2186 2666 in
2222 2613 2469 2667 scientiae
2508 2623 2729 2668 cratere
2775 2611 3132 2683 propinarent
3185 2607 3340 2677 quasi
3377 2604 3536 2659 dulce

1953 2707 2138 2760 viuum
2189 2707 2345 2760 bona-
2392 2705 2591 2761 mentis
2639 2705 2952 2759 hominibus
3001 2702 3206 2758 Christi
3262 2697 3534 2759 notitiam,

1955 2797 2188 2853 dicentis
2214 2796 2326 2852 :Ne
2355 2799 2594 2853 timeatis
2621 2813 2726 2853 eos
2750 2798 2842 2867 qui
2867 2795 3126 2851 occidunt
3155 2805 3374 2859 corpus,
3415 2789 3536 2842 ani-
3629 2797 3631 2799 ‘

1956 2906 2099 2948 main
2141 2899 2320 2944 autem
2356 2907 2461 2945 non
2511 2898 2738 2959 possunt
2767 2889 3040 2944 occidere.
3075 2886 3235 2940 Certe
3264 2884 3378 2950 ipse
3409 2880 3536 2935 illos

1954 2980 2354 3051 quodammodo
2402 2979 2722 3051 immolavit,
2766 2989 2822 3034 ct
2864 2978 3045 3032 adhuc
3088 2973 3361 3033 immolat,
3403 2971 3540 3025 dum

1957 3073 2180 3124 mandat
2209 3070 2275 3124 iis
2297 3070 2387 3133 qui
2415 3069 2518 3124 sibi
2542 3069 2777 3124 credunt
2800 3071 2872 3124 ita
2905 3067 3065 3131 mori,
3102 3074 3264 3135 prout
3284 3063 3401 3132 ipse
3427 3076 3530 3130 pro

1959 3164 2116 3217 vobis
2137 3173 2385 3218 mortuus
2412 3172 2523 3217 est.

338 3247 400 3300 Εἰ
437 3224 648 3312 Παῦλος
668 3224 708 3302 ⁷ό
735 3224 1030 3314 ἀπόστολος
1061 3251 1246 3317 δοῦλος
1287 3224 1524 3325 Χριστοῦ
1547 3293 1562 3319 ,
1587 3257 1616 3310 ὁ
1633 3257 1691 3310 δὲ
1716 3258 1854 3328 Χρι-

2026 3256 2074 3286 ⁹⁶
2122 3253 2178 3309 Si
2223 3253 2424 3308 Paulus
2460 3252 2736 3322 apostolus
2755 3264 2953 3314 servus
2993 3246 3235 3309 Christi,
3285 3244 3542 3300 Christus

262 3340 392 3403 στδς
417 3339 579 3410 σοφία
607 3342 724 3395 ἐστὶ
745 3383 758 3405 ,
788 3343 998 3408 Παῦλος
1023 3344 1132 3416 γὰρ
1160 3348 1189 3398 6
1222 3346 1520 3411 ἀπόστολος
1545 3347 1728 3412 δοῦλος
1758 3351 1856 3420 τῆς

263 3433 462 3502 σοφίας
495 3433 644 3488 ἐστίν
663 3451 676 3463 ⁸
716 3434 979 3500 ὡσαύτως
1009 3437 1104 3490 καὶ
1135 3435 1354 3492 ἐπὶτῶν
1378 3437 1579 3492 λοιπῶν
1615 3439 1853 3494 ἀποστό-

262 3525 374 3578 λων
407 3526 506 3579 καὶ
534 3527 829 3598 προφητῶν
854 3528 946 3582 τὸν
974 3528 1132 3598 λόγον
1164 3530 1484 3602 συνάξομεν,
1516 3531 1734 3598 δούλους
1758 3534 1857 3605 τῆς

262 3617 465 3686 σοφίας
491 3618 660 3671 αὑτοῦ
688 3619 1088 3686 ἀποδείξαντες.

338 3709 417 3761 Οὐ
444 3709 531 3760 δεῖ
562 3709 977 3779 ἁμαρτάνοντας
1019 3709 1262 3781 ἐλέγχειν
1293 3713 1420 3775 τοὺς
1453 3713 1689 3777 κακοὺς,
1721 3712 1859 3766 ἀλλά

263 3803 399 3872 περὶ
437 3801 586 3854 θείου
621 3801 786 3868 φόϐου
816 3803 1016 3866 αὐτοὺς
1063 3802 1502 3875 ὑπομιμνήσκειν
1525 3846 1540 3869 ,
1572 3806 1721 3870 ὅστις
1762 3807 1859 3859 αὺ-

262 3894 394 3956 τοῦς
420 3893 721 3964 ἀποστήσει
743 3894 842 3962 τῆς
861 3894 1061 3959 κακίας
1076 3912 1088 3924 ·
1113 3894 1146 3966 ἦ
1171 3896 1375 3960 κακοὺς
1397 3898 1522 3959 τοὺς
1546 3898 1654 3951 ἀπὸ
1679 3899 1860 3969 ἀμαρ-

261 3984 390 4046 τίας
418 3985 871 4058 ἐπιστρέφοντας,
902 3987 996 4040 καὶ
1030 3987 1282 4052 θέλοντας
1310 3988 1484 4043 ἐλθεῖν
1511 3990 1646 4061 πρὸς
1691 3992 1859 4062 μετά-

261 4098 453 4136 νοιαν·
503 4081 693 4152 ἀκμὴν
735 4082 792 4135 δὲ
841 4084 1045 4148 κακοὺς
1098 4084 1259 4148 δντας
1309 4086 1402 4139 καὶ
1447 4084 1861 4155 τυφλώττοντας

263 4173 511 4244 ὑπόμενε
539 4188 550 4200 ⁸
579 4174 674 4227 καὶ
711 4172 785 4244 μὴ
819 4172 938 4227 καθ’
965 4174 1022 4227 ἒν
1055 4174 1277 4245 σφάλμα
1308 4175 1516 4245 ἔλεγχε,
1547 4177 1634 4230 ἵνα
1665 4176 1739 4247 μὴ
1779 4179 1860 4240 εἰς

268 4266 430 4334 μῖσος
468 4265 537 4316 ὲκ
567 4265 870 4335 προοιμίων
912 4265 1137 4320 ἔλθωσιν
1162 4283 1174 4297 ·
1206 4267 1336 4320 ὃταν
1371 4267 1427 4319 δὲ
1460 4267 1724 4335 γένωνται
1768 4285 1858 4323 σο-

265 4357 395 4424 φοὶ,
428 4357 525 4410 καὶ
555 4356 930 4426 στερεωθῶσιν
950 4395 966 4420 ,
994 4356 1204 4428 ἔλεγχε.
1243 4359 1355 4412 Καὶ
1393 4360 1422 4410 6
1456 4337 1702 4429 Χριστὸς.
1735 4360 1859 4424 τοὺς

268 4447 524 4517 μαθητὰς
547 4447 629 4499 ἔτι
653 4447 803 4510 νέους
833 4447 1014 4512 ὄντας,
1036 4449 1134 4502 ούκ
1163 4449 1381 4520 ἤλεγχε,
1414 4449 1503 4503 διὰ
1531 4449 1592 4502 τὸ
1624 4448 1700 4524 μὴ
1736 4451 1862 4514 τοὺς

265 4540 539 4604 παλαιοὺς
574 4541 776 4604 ἀσκοὺς
810 4541 1064 4606 εὐθέτους
1096 4538 1235 4596 εἶναι
1267 4543 1401 4614 πρὸς
1421 4542 1540 4596 νέον
1575 4543 1740 4598 οἶνον.
1791 4545 1862 4596 Ἦ

266 4633 479 4695 κακοὺς
536 4632 684 4700 λέγει
741 4633 868 4697 τοὺς
919 4635 1161 4706 ἄφρονας
1220 4635 1316 4688 καὶ
1366 4634 1620 4706 μωρούς·
1664 4636 1861 4707 ἢτοὺς

265 4724 454 4792 πάντη
502 4723 816 4794 ἀλλοτρίους
850 4725 949 4796 τῆς
986 4725 1137 4790 θείας
1194 4725 1576 4793 διδασκαλίας,
1623 4726 1718 4791 οὒς
1761 4727 1862 4780 οὐκ

264 4811 542 4882 ἐλέγχειν,
576 4813 710 4867 ἀλλά
741 4815 1030 4880 νουθετεῖν,
1059 4816 1142 4870 δεῖ
1172 4818 1266 4870 καὶ
1284 4816 1584 4872 διδάσκειν·
1605 4820 1654 4872 εί
1684 4819 1741 4872 δὲ
1769 4819 1862 4873 καὶ

263 4901 568 4973 ἠλέγχοντο
609 4905 810 4976 Ἀχαάὁ
856 4907 951 4960 καὶ
989 4907 1235 4980 Ἡρώδης
1256 4947 1270 4970 ,
1304 4908 1421 4963 ἀλλ’
1460 4909 1560 4980 ἤδη
1599 4909 1862 4980 μετέσχον

265 4996 365 5049 τοῦ
393 4996 543 5049 θείου
570 4998 772 5067 νόμου,
804 5000 852 5051 εί
881 4999 976 5053 καὶ
1007 4999 1326 5071 παρέϐησαν
1347 5017 1360 5030 ·
1404 5001 1486 5054 διὸ
1517 5001 1612 5055 καὶ
1642 5001 1878 5064 τούτους,

263 5088 351 5141 δεῖ
376 5087 645 5158 ἐλέγχειν.
689 5089 757 5141 ’Ἡ
788 5089 929 5143 ἔοικε
968 5090 1138 5144 ταῦτα
1174 5089 1308 5159 πρὸς
1351 5082 1477 5154 τοὺς
1515 5090 1636 5144 τότε
1660 5091 1858 5159 λέγειν,

261 5178 396 5241 τοὺς
428 5178 895 5249 νηπιωδεστέρους
915 5199 926 5209 ·
954 5181 1079 5233 ἐπεὶ
1097 5180 1239 5244 τίνος
1265 5180 1449 5234 ἕνεκεν
1471 5180 1700 5252 ἧλεγχεν
1742 5182 1857 5235 Ἰω-

265 5269 440 5338 άννης
472 5269 566 5321 καὶ
599 5269 810 5334 Παῦλος
837 5273 1018 5336 ;-Ού
1065 5271 1146 5325 δεῖ
1174 5273 1589 5346 ἁμαρτάνοντας
1613 5273 1861 5344 ἐλέγχειν

264 5363 393 5423 τοὺς
417 5361 626 5426 κακούς
645 5379 657 5392 °
695 5365 725 5416 6
748 5363 857 5434 γὰρ
880 5365 961 5427 είς
991 5364 1281 5434 πρόσωπον
1305 5365 1544 5436 ἔλεγχος,
1571 5366 1862 5436 ἀναισχυν-

265 5455 494 5524 τότερον
531 5458 676 5508 ποιεῖ
719 5455 810 5510 τὸν
865 5457 1249 5528 ἁμαρτάνοντα
1267 5475 1279 5487 ·
1328 5458 1435 5528 χρὴ
1478 5457 1536 5510 δὲ
1580 5459 1729 5528 ἡμᾶς
1768 5458 1862 5512 ἐπὶ

267 5543 456 5612 σοφῶν
502 5545 597 5598 καὶ
647 5545 872 5600 δικαίων
930 5545 1090 5600 τοῦτο
1141 5551 1344 5602 ποιεῖν·
1390 5549 1705 5614 ἁναμεταξῦ
1758 5549 1857 5620 μὲν

262 5653 359 5688 του
391 5637 756 5708 ἐλεγχομένου
791 5639 883 5693 καὶ
916 5640 1250 5710 ἐλέγχοντος,
1287 5642 1386 5696 ούκ
1418 5642 1510 5694 ἐπὶ
1537 5641 1744 5694 πολλῶν
1772 5641 1848 5694 δέ.

1959 3359 2137 3402 autem
2180 3349 2446 3418 sapientia
2485 3357 2591 3412 est,
2641 3345 2842 3400 Paulus
2870 3343 3060 3411 utique
3105 3337 3386 3410 apostolus
3417 3349 3540 3389 ser-

1958 3453 2057 3494 vus
2079 3439 2359 3510 sapientiae
2387 3447 2492 3491 est.
2539 3437 2664 3492 Pari
2698 3433 2859 3489 modo
2883 3442 2940 3488 et
2968 3435 3036 3488 de
3071 3431 3294 3499 reliquis
3321 3433 3540 3499 aposto-

1959 3533 2024 3587 lis
2048 3533 2190 3587 etde
2214 3530 2496 3601 prophetis
2517 3528 2891 3601 syllogismum
2917 3525 3542 3587 coucludenuus,servos

1958 3640 2052 3678 eos
2074 3625 2354 3692 sapientiae
2390 3622 2594 3678 Christi
2631 3619 2990 3674 afﬁrmantes.

2029 3715 2073 3746 ⁹¹
2109 3714 2224 3768 Non
2264 3723 2478 3782 oportet
2510 3711 2686 3766 malos
2733 3710 2825 3779 qui
2879 3717 3110 3781 peccant
3151 3717 3402 3775 arguere,
3442 3701 3542 3758 sed

1963 3807 2110 3876 ipsos
2140 3808 2436 3861 admonere
2464 3805 2648 3874 potius
2673 3803 2845 3858 divini
2880 3801 3115 3863 timoris,
3139 3799 3232 3868 qui
3259 3813 3355 3853 eos
3383 3811 3415 3848 a
3445 3811 3544 3849 ne-o

1959 3902 2131 3969 quitia
2170 3902 2434 3954 retrabet.
2469 3896 2563 3952 Vel
2600 3897 2772 3952 malos
2810 3896 2967 3960 dicit,
3009 3895 3101 3962 qui
3141 3905 3320 3946 tamen
3375 3905 3406 3944 a
3445 3904 3543 3941 ne-
3611 3916 3614 3919 -

1961 3994 2133 4063 quitia
2179 3993 2293 4058 jam
2349 3989 2702 4059 resipiscuut,
2739 3996 2797 4043 et
2841 3987 2908 4040 ad
2940 3983 3316 4056 paenitentiam
3351 3981 3542 4036 volunt

1962 4085 2239 4141 accedere.
2273 4083 2660 4137 Verumtamen
2706 4080 2828 4134 illos
2855 4079 2947 4148 qui
2993 4091 3206 4132 summe
3247 4073 3374 4129 ntali
3413 4081 3549 4127 sunt-

1961 4189 2016 4235 et
2039 4176 2352 4238 caicutiunt,
2381 4173 2620 4239 sustine;
2658 4185 2838 4240 neque
2869 4170 2937 4224 ad
2967 4166 3176 4238 singula
3207 4175 3426 4237 peccata
3451 4181 3547 4217 ar-

1961 4285 2086 4340 gue,
2132 4284 2198 4322 ne
2242 4264 2616 4342 statimliuitio
2662 4264 2847 4320 odium
2896 4262 3245 4331 suscipiant:
3281 4257 3378 4314 sed
3409 4273 3546 4313 cum

1963 4347 2502 4427 deinum~sapientes
2548 4357 2680 4412 tient
2729 4365 2782 4412 et
2831 4355 3134 4416 llrmiores,
3186 4363 3318 4408 tunc
3350 4363 3549 4420 argue.-

1967 4450 2098 4505 Nam
2134 4466 2202 4506 ne
2227 4449 2480 4506 Christus
2507 4448 2726 4518 quidem
2763 4446 3062 4517 discipulos
3085 4444 3266 4499 adhuc
3283 4453 3545 4499 recentes

1871 4570 1937 4624 νο
1968 4544 2321 4612 increpabat;
2371 4541 2500 4611 quia
2554 4551 2770 4595 veteres
2815 4547 2969 4593 utres
3016 4552 3156 4594 novo
3200 4535 3338 4590 vino
3399 4533 3549 4590 haud

1967 4644 2122 4691 erant
2160 4633 2360 4688 idonei.
2417 4630 2514 4686 Vel
2574 4631 2748 4686 malos
2794 4630 2926 4685 dicit
2964 4628 3215 4684 homines
3261 4626 3458 4683 stultos
3488 4632 3546 4679 et

1969 4725 2188 4790 bardos,
2216 4723 2296 4778 vel
2331 4723 2451 4778 illos
2487 4724 2580 4792 qui
2609 4738 2638 4775 a
2672 4722 2852 4775 divina
2880 4720 3129 4776 doctrina
3163 4733 3384 4789 prorsus
3412 4718 3548 4772 alicd

1969 4817 2022 4871 ni
2052 4826 2210 4878 sunt;
2237 4831 2376 4884 quos
2407 4830 2512 4869 non
2551 4813 2841 4880 increpare
2867 4811 2962 4865 sed
3007 4811 3304 4864 admonere
3329 4814 3547 4875 oportet

1972 4922 2036 4962 ac
2073 4906 2291 4962 docere.
2332 4905 2486 4972 Quod
2517 4904 2562 4959 si
2611 4902 2973 4959 nihilominus
3012 4899 3285 4970 objurgatl
3326 4899 3538 4952 fuerunt

1971 5001 2256 5055 Achaabus
2302 5008 2467 5068 atque
2524 4996 2786 5060 Herodes,
2839 4995 2895 5050 hi
2948 4994 3168 5063 quidem
3206 4991 3316 5061 jam
3353 4988 3545 5042 imbuti

1969 5092 2186 5146 inierant
2264 5091 2446 5144 divina
2511 5090 2667 5159 lege,
2735 5103 2902 5157 quam
2969 5094 3155 5140 erant-
3199 5081 3542 5156 transgressi.

1967 5181 2332 5251 Quamobrem
2355 5191 2410 5236 et
2443 5180 2543 5236 hos
2567 5180 2820 5251 redargui
2847 5193 2946 5250 par
2979 5177 3103 5233 fuit.
3128 5173 3227 5229 Vel
3255 5173 3370 5226 haec
3398 5171 3545 5224 vide-

1969 5283 2058 5328 tur
2100 5273 2283 5328 dicere
2311 5273 2380 5328 de
2428 5273 2512 5328 sui
2557 5270 2824 5342 temporis
2868 5267 3183 5323 rudioribus
3212 5262 3543 5318 hominibus.

1966 5367 2076 5422 Cur
2100 5372 2245 5423 enim
2293 5366 2528 5424 Joannes
2563 5381 2780 5438 quoque
2828 5375 2882 5420 et
2941 5361 3142 5418 Paulus
3184 5358 3546 5427 reprehendere
3608 5372 3609 5375 ‘

1964 5461 2136 5515 bant?
2160 5490 2230 5508 --
2258 5459 2428 5514 Malos
2450 5460 2541 5528 qui
2575 5467 2802 5528 peccant
2845 5470 2953 5510 non
2975 5461 3192 5525 oportet
3220 5450 3542 5522 obiurgare;

1963 5567 2088 5605 nam
2126 5552 2475 5622 reprehensio
2506 5552 2558 5604 in
2584 5550 2775 5604 faciem
2815 5545 3054 5617 objecta,
3087 5543 3548 5614 impudentioren!

1961 5642 2096 5696 facit
2125 5659 2248 5698 eum
2299 5643 2389 5712 qui
2433 5653 2641 5712 peccat.
2684 5644 2928 5710 Arguere
2976 5639 3156 5698 notius
3193 5633 3407 5706 oportet
3460 5649 3537 5689 suc

264 5731 485 5798 pientes
521 5745 584 5784 ac
606 5729 817 5798 justus;
871 5744 1266 5799 verumtamen,
1321 5733 1649 5802 reprehenso
1681 5746 1745 5783 ac
1778 5730 2232 5801 reprehendente,
2272 5749 2378 5789 non
2414 5740 2595 5787 autem
2631 5729 2833 5797 multis,
2864 5726 3240 5800 praesentibus.

336 5822 384 5853 "
421 5821 569 5879 v.22.
644 5823 684 5854 ’⁷
721 5839 768 5878 v.
797 5823 885 5881 56.
958 5823 1002 5856 "‘
1044 5839 1092 5878 v.
1136 5824 1184 5882 ι.
1262 5825 1306 5857 ⁸⁸
1339 5841 1389 5880 ν.
1421 5824 1474 5881 2.
1549 5825 1593 5855 ⁹⁰
1634 5838 1680 5877 v.
1711 5822 1764 5880 ’5.
1843 5823 1884 5854 ⁹¹
1918 5838 1967 5877 v.
2001 5823 2057 5880 8.
