3926 6518
464 387 590 443 ’187

553 507 603 540 ο·
631 505 734 572 Qui
773 505 919 558 omni
951 511 1114 557 vento
1167 502 1428 556 doctrina:
1468 501 1874 565 circumfertur,
1927 502 2048 556 fidei
2079 514 2126 570 Α

487 599 828 667 naufragium
863 596 1085 656 faciens,
1111 608 1171 648 se
1199 591 1434 661 procella
1470 591 1633 646 veluti
1661 602 1716 646 et
1754 592 1888 646 alios
1915 606 2054 660 quos

487 690 626 756 regit
653 689 860 756 perdet.
895 683 1189 753 Dereliquit
1211 685 1354 738 enim
1385 685 1500 739 vias
1531 685 1909 739 mandatorum
1937 684 2053 751 ejus

485 778 576 844 qui
629 777 757 831 dicit
791 791 805 829 :
840 774 950 844 Ego
981 789 1102 829 sum
1139 774 1291 839 vitis,
1345 790 1442 829 vos
1489 775 1761 844 palmites,
1809 786 1863 830 et
1891 776 2054 831 Pater

488 886 640 927 meus
668 870 905 941 agricola
943 879 1051 926 est.
1073 898 1145 909 —-
1181 867 1282 936 Qui
1327 869 1430 923 sibi
1474 884 1580 924 non
1627 880 1914 925 coacervat
1949 871 2057 927 vir-

487 963 693 1018 tutibus
714 962 952 1016 divinam
980 961 1290 1026 scientiam,
1323 962 1409 1016 hic
1441 977 1546 1016 non
1574 973 1860 1017 coacervat
1895 976 2055 1019 aeter-

488 1056 542 1110 ni
575 1054 724 1122 regni
751 1053 1112 1108 immortalem
1138 1054 1394 1109 fructum.
1438 1054 1536 1108 Est
1558 1065 1734 1108 autem
1766 1055 2048 1116 sterilitas.

489 1145 730 1214 nequitia
761 1155 816 1199 et
846 1145 1082 1200 inscitia.

555 1237 602 1268 ”
633 1239 738 1291 Ceu
771 1251 939 1304 panes
986 1236 1199 1301 vitales,
1253 1235 1435 1290 divina
1487 1237 1650 1291 verba
1695 1235 2053 1306 libenter‘gu-

489 1335 656 1388 stare,
695 1335 750 1379 et
805 1327 856 1379 in
891 1327 1089 1380 mentis
1137 1326 1399 1395 penetrali
1441 1326 1745 1380 divinorum
1797 1341 2052 1382 sensuum

491 1415 1022 1484 contemplationem.
1051 1446 1119 1458 —-
1157 1415 1330 1469 Panes
1379 1415 1574 1468 animae
1622 1423 1747 1469 sunt
1804 1417 2052 1481 virtutes,

489 1521 626 1576 quas
655 1517 840 1561 noster
861 1523 1076 1577 quoque
1100 1507 1363 1563 Servator
1393 1508 1550 1562 nobis
1578 1508 1885 1576 imperavit,
1915 1507 2055 1580 jeju-

493 1600 640 1652 nium
671 1599 902 1663 scilicet,
932 1600 1290 1666 continentia,
1312 1601 1510 1666 oratio,
1560 1610 1614 1655 et
1650 1603 1869 1658 similia.
1903 1604 2054 1658 Clam

490 1703 620 1744 vero
641 1689 754 1744 haec
783 1691 1008 1761 agenda,
1035 1707 1103 1746 ne
1127 1693 1182 1746 in
1208 1701 1499 1762 conspectu
1537 1694 1812 1749 hominum
1853 1694 1983 1750 sint.

1365 379 1926 439 SUPPLEMENTUM
1960 379 2054 436 AD
2089 379 2413 437 ORIGENIS
2453 379 2858 438 EXEGETICA.

3618 388 3724 445 188

2238 504 2297 555 Ὀ
2324 501 2485 556 παντὶ
2521 501 2708 573 ἀνέμῳ
2747 503 2845 573 τῆς
2888 503 3231 568 διδασκαλίας
3273 507 3722 578 περιφερόμενος,

2155 597 2471 667 ναυαγήσας
2513 594 2641 665 περὶ
2686 595 2782 666 τὴν
2813 595 3025 658 πίστιν,
3074 597 3150 660 ὡς
3181 597 3272 650 ὑπ’
3311 599 3497 670 ἀνέμῳ
3529 600 3728 652 ἑαυτόν

2153 703 2213 738 τε
2243 687 2336 739 καὶ
2356 685 2548 748 ἄλλους
2575 686 2866 756 ποιμάνας,
2888 685 3165 741 ἀπώλεσεν
3182 705 3197 718 ο
3223 687 3451 740 ἀπέλιπε
3479 688 3589 760 γάρ
3614 689 3732 742 τῶν

2153 777 2379 831 ἐντολῶν
2406 775 2506 840 τὰς
2531 776 2699 841 ὁδοὺς,
2733 777 2827 831 τοῦ
2860 777 3122 842 εἰπόντος,
3150 779 3290 848 Ἐγώ
3323 781 3437 850 είμι
3467 782 3500 850 ή
3538 779 3724 851 ἄμπε-

2154 869 2264 932 λος,
2291 871 2448 940 ὑμεῖς
2471 869 2538 922 τά
2562 869 2835 940 κλήματα,
2871 872 2964 924 καὶ
2989 874 3018 924 ό
3038 872 3226 942 Πατήρ
3260 890 3360 942 μου
3392 873 3421 926 ὁ
3449 874 3724 944 γεωργός.

2153 963 2293 1014 -Ὀ
2324 962 2399 1032 μὴ
2427 962 2675 1030 συνάγων
2703 964 2798 1015 σὺν
2816 965 2934 1025 ταῖς
2956 963 3177 1033 ἀρεταῖς
3201 962 3296 1034 τήν
3321 963 3470 1018 θείαν
3495 965 3730 1032 γνῶσινι

2153 1048 2307 1116 οὗτος
2349 1053 2412 1106 οὐ
2443 1055 2662 1122 συνάγει
2694 1054 2792 1123 τῆς
2833 1053 3047 1108 αἰωνίου
3079 1054 3350 1124 βασιλείας
3383 1049 3720 1126 τὴνάθάνα-

2153 1163 2243 1201 τον
2270 1145 2574 1216 εὐκαρπίαν
2598 1162 2612 1174 ⁸
2643 1145 2886 1216 ἀκαρπία
2918 1145 2973 1198 δέ
3003 1148 3117 1199 ἐστι
3140 1146 3304 1200 κακία
3332 1148 3426 1202 κα)⁵
3450 1148 3666 1217 ἄγνοια.

2224 1238 2345 1292 Τῶν
2374 1238 2450 1301 ὡς
2481 1237 2660 1308 ἀρτων
2689 1237 2954 1301 ζωτικῶν,
2989 1237 3147 1290 θείων
3179 1237 3349 1306 λόγων
3376 1239 3547 1311 ήδέως
3579 1239 3723 1308 ἀψα-

2155 1331 2278 1384 σθαι
2302 1371 2316 1394 ,
2345 1329 2570 1383 καὶτῶν
2606 1329 2663 1381 ἐν
2700 1330 2765 1399 τῇ
2808 1331 3020 1398 κρυπτῇ
3063 1327 3156 1381 τοῦ
3193 1327 3283 1380 νοῦ
3320 1327 3522 1400 θεωρία
3560 1328 3722 1382 θείων

2155 1422 2725 1494 νοημάτων,-Ἀρτοι
2761 1420 2866 1473 είσῖ⁵
2894 1419 2994 1488 τῆς
3025 1418 3199 1489 ψυχῆς
3229 1418 3282 1470 αἱ
3315 1407 3538 1490 ἀρεταῖ,
3577 1418 3720 1477 αἴτι-

2154 1525 2242 1576 νες
2271 1511 2362 1566 καὶ
2392 1509 2542 1580 παρά
2568 1509 2659 1562 τοῦ
2683 1508 2934 1579 Σωτῆρος
2963 1506 3118 1578 ήμῶν
3147 1508 3557 1580 προσετάγησαν
3588 1507 3724 1580 παρ’

2153 1606 2285 1674 ἡμῖν
2316 1603 2557 1670 γίνεσθαι
2577 1619 2590 1631 ο
2619 1599 2866 1654 τουτέστι
2907 1597 3161 1669 νηστεία,
3192 1599 3481 1670 ἐγκράτεια
3505 1639 3520 1662 ,
3551 1616 3726 1670 προση

2154 1696 2307 1767 ευχὴ,
2348 1694 2440 1748 καὶ
2466 1692 2535 1746 τά
2557 1694 2716 1763 ὃμοια
2735 1707 2748 1720 ⁸
2783 1691 2965 1763 κρυφῇ
2987 1689 3066 1754 δέ,
3101 1689 3238 1759 πρὸς
3258 1690 3322 1743 τὸ
3357 1691 3430 1761 μὴ
3460 1689 3725 1760 θεαθῆναι

2154 1779 2294 1834 αὐτὰ
2325 1781 2436 1839 τοῖς
2467 1775 2795 1848 ἀνθρώποις.

2000 1877 2150 1931 CAP.
2187 1872 2255 1927 Χ.

559 1970 608 2004 ’⁸
641 1972 825 2045 Virum
871 1971 1004 2026 dicit
1049 1971 1294 2029 doctrina
1344 1987 1666 2044 pauperem;
1699 1988 1912 2040 manus,
1960 1989 2051 2030 sa-
2081 1980 2123 2035 Β

493 2061 708 2130 pientta:
735 2069 910 2114 actus.

562 2149 612 2182 “
644 2149 734 2203 Vir
764 2149 1023 2204 cordatus
1061 2149 1132 2203 ab
1151 2152 1408 2204 :erumnis
1436 2159 1491 2204 et
1518 2150 1920 2206 calamitatibus
1950 2168 2056 2208 non

492 2241 818 2305 amburitur,
852 2249 907 2294 et
923 2239 1143 2309 justitia;
1172 2241 1411 2307 germina
1442 2241 1650 2309 profert
1681 2252 1788 2297 εἰη
1816 2242 2057 2312 iniquus,

490 2340 556 2386 ex
589 2346 648 2386 re
681 2345 896 2401 quoque
923 2328 1062 2384 bima
1093 2331 1348 2386 damnum
1377 2332 1601 2402 patitur.

560 2423 610 2454 "
648 2421 998 2490 Disciplinam
1041 2423 1419 2491 increpatione
1455 2433 1726 2480 carentem
1766 2425 1899 2480 dicit
1941 2427 2058 2481 ani-

494 2528 595 2568 mae
629 2514 826 2567 malam
875 2511 1070 2582 agendi
1123 2514 1426 2578 rationem,
1469 2531 1589 2584 qua:
1639 2526 1695 2572 et
1723 2533 1962 2574 errorem
2005 2528 2060 2576 et

491 2603 718 2658 exitium
742 2603 792 2657 ei
815 2603 1046 2659 confert.
1075 2604 1180 2658 Sed
1211 2605 1294 2658 via
1326 2605 1467 2671 vitae,
1489 2622 1593 2660 non
1622 2609 1795 2663 solum
1813 2611 1881 2664 ab
1903 2619 2060 2665 aeter-

491 2709 560 2750 na
584 2709 848 2758 erumna,
866 2710 1057 2750 verum
1074 2696 1236 2750 etiam
1265 2695 1362 2750 abs
1380 2698 1618 2767 qualmet
1647 2700 1768 2754 vita:
1790 2701 2056 2766 molestia,

490 2799 590 2842 eoa
639 2786 732 2856 qui
779 2785 1000 2842 malitia:
1052 2801 1178 2842 sunt
1228 2798 1518 2850 expertes.
1555 2790 1808 2844 defendit.
1858 2790 2058 2846 Malitia

491 2893 625 2936 vero
649 2890 902 2936 carentes
933 2881 1063 2937 dicit
1091 2881 1233 2949 illos,
1265 2898 1356 2952 qut
1407 2885 1547 2938 male
1577 2885 1645 2940 ab
1677 2886 1857 2956 aliquo
1884 2887 2060 2956 passi,

495 2972 859 3032 innocentiam
901 2983 1077 3029 tamen
1107 2990 1228 3030 cum
1270 2975 1535 3030 cbaritate
1571 2977 1820 3033 retinent.
1841 2979 1952 3034 νει-
1982 2980 2064 3034 di-

493 3065 776 3136 cciplinam
790 3066 1170 3135 ἀνεξέλεγκτον
1184 3066 1311 3121 dicit
1336 3067 1502 3132 illa'm,
1531 3083 1650 3137 qtue
1683 3071 1915 3138 speciem
1946 3072 2066 3140 qui-

495 3155 620 3211 dem
651 3158 868 3227 pietatis
902 3160 1082 3224 habet,
1124 3161 1218 3215 sed
1259 3169 1437 3214 tamen
1491 3170 1647 3215 caret
1695 3163 2065 3230 experimento

494 3261 552 3308 et
573 3250 964 3321 exploratione.
997 3251 1130 3306 Nam
1159 3253 1249 3322 qui
1279 3268 1384 3307 non
1415 3253 1576 3307 fuerit
1613 3254 1945 3323 exploratus,
1974 3271 2068 3310 ne-

2226 1965 2447 2036 Ἀνδρα,
2471 1962 2562 2017 τὸν
2591 1960 2686 2015 τοῦ
2719 1959 2877 2028 λόγου
2912 1959 3300 2030 πτωχεύσαντα
3319 1975 3333 1989 ·
3374 1959 3467 2011 καὶ
3498 1959 3688 2030 χεῖρας
3707 1996 3728 2023 ,

2154 2061 2252 2125 τὰς
2285 2060 2384 2129 τῆς
2410 2056 2598 2125 σοφίας
2621 2051 2866 2126 πράξεις.

2237 2152 2294 2205 '0
2331 2151 2548 2220 νοήμων
2582 2147 2686 2200 ὑπὸ
2719 2145 2828 2198 τῶν
2869 2143 3100 2214 θλίψεων
3131 2142 3227 2196 καλ⁵
3274 2141 3384 2195 τῶν
3429 2140 3732 2213 συμφορῶν

2160 2244 2233 2316 μὴ
2257 2241 2668 2311 συγκαιόμενος,
2701 2237 3014 2306 γεννήματα
3036 2234 3375 2305 δικαιοσύνης
3403 2234 3559 2306 φέρει
3577 2250 3593 2264 ο
3621 2235 3650 2286 ὁ
3671 2233 3731 2287 δὲ

2157 2333 2492 2404 παράνομος,
2525 2329 2618 2382 καὶ
2650 2327 2755 2380 ὑπὸ
2785 2325 2894 2379 τῶν
2922 2325 3206 2396 βελτιόνων
3235 2324 3627 2396 διαφθείρεται.

2229 2425 2480 2477 Παιδείαν
2517 2420 2902 2488 ἀνεξέλεγκτον
2955 2418 3207 2490 ὀνομάζει
3251 2419 3349 2488 τὴν
3395 2417 3573 2488 κακὴν
3626 2415 3731 2487 τῆς

2154 2516 2330 2588 ψυχῆς
2350 2513 2644 2578 πολιτείαν,
2670 2515 2791 2584 ἥτις
2820 2513 2914 2566 καὶ
2943 2511 3215 2574 ἀπωλείας
3240 2510 3335 2564 καὶ
3359 2509 3566 2579 πλάνης
3588 2507 3741 2579 αὑτῇ

2157 2611 2365 2680 γίνεται
2401 2608 2690 2679 πρόξενοςο
2719 2608 2752 2676 ή
2786 2607 2843 2659 δὲ
2885 2605 3002 2668 ὁδὸς
3037 2605 3139 2674 τῆς
3177 2604 3338 2672 ζωῆς,
3375 2603 3436 2655 ού
3473 2602 3631 2674 μόνον
3663 2602 3734 2654 ἐκ

2156 2704 2256 2774 τῆς
2287 2702 2526 2764 αἰωνίου,
2555 2699 2693 2754 ἀλλά
2725 2702 2820 2754 καὶ
2850 2700 2916 2752 ἐκ
2937 2697 3117 2768 πάσης
3143 2696 3442 2765 κακότητος
3481 2694 3576 2747 τοῦ
3611 2694 3732 2764 βίου

2157 2795 2474 2867 δυσχερείας
2497 2795 2623 2858 τοὺς
2641 2795 2879 2856 ἀκάκους
2909 2791 3166 2861 φυλάσσει
3184 2805 3198 2820 ο
3235 2788 3562 2852 ἀκάκους.δὲ
3580 2787 3734 2856 λέγει

2159 2888 2284 2951 τοὺς
2299 2886 2483 2950 κακῶς
2507 2886 2569 2941 ἐκ
2581 2903 2724 2949 τινος
2738 2883 3126 2955 ὑπομένοντας,
3151 2882 3242 2934 καὶ
3257 2881 3491 2933 ἀκακίαν
3509 2877 3736 2932 ἀσκοῦν-

2161 2999 2258 3045 τας
2289 2983 2348 3035 ἐν
2364 2981 2570 3054 ἀγάπῃ.
2600 2981 2672 3033 Ἦ
2691 2977 2882 3040 οὕτως.
2921 2975 3347 3042 ’.ἀνεξέλεγκτος
3380 2974 3412 3044 ή
3436 2973 3738 3044 πρόσχημα

2167 3076 2264 3146 μὲν
2288 3074 2566 3137 εὐσεϐείας
2593 3073 2809 3144 ἔχουσα,
2842 3071 3184 3142 ἀγύμναστος
3213 3067 3268 3119 δὲ
3299 3062 3432 3120 οὖσα
3448 3067 3542 3118 καὶ
3557 3065 3740 3132 ἀνεξέ-

2162 3183 2391 3230 ταστοςο
2432 3167 2460 3218 ό
2499 3164 2607 3235 γὰρ
2656 3165 2728 3236 μὴ
2777 3162 3149 3234 ἐλεγχόμενος,
3197 3160 3292 3212 καὶ
3341 3157 3590 3228 φανερῶν
3640 3157 3739 3210 καὶ

2169 3257 2372 3328 ἑτέροις
2401 3255 2471 3309 τά
2495 3257 2816 3327 φρονήματα
2849 3253 2943 3307 καὶ
2976 3251 3101 3315 τοὺς
3128 3247 3506 3316 διαλογισμοὺς
3548 3245 3740 3311 αὐτοῦ,

495 3359 607 3414 que
635 3344 758 3400 aliis
798 3355 1033 3400 mentem
1063 3361 1214 3400 suam
1243 3348 1701 3417 cogitationesque
1726 3348 2062 3418 patefecerit,

2174 3347 2433 3402 πλανᾶται
2451 3349 2644 3418 οἰήσει.

497 3432 547 3489 ia
572 3433 626 3487 in
650 3448 788 3486 vana
813 3434 1230 3502 praesumptione
1261 3443 1524 3488 versatur.

567 3525 614 3558 "
663 3523 919 3594 Operiunt
971 3523 1104 3578 dicit
1135 3539 1256 3591 pro.
1296 3540 1401 3578 non
1439 3525 1623 3578 sinunt
1661 3539 1944 3595 apparere.
1968 3524 2069 3580 Vel

499 3613 840 3671 inimicitiam
866 3615 942 3668 ait
972 3629 1072 3685 pro
1109 3614 1334 3680 malitia,
1366 3615 1522 3683 cujus
1556 3629 1719 3670 causa
1758 3617 1913 3672 invisi
1941 3632 2070 3672 eva-

2237 3522 2909 3591 Τὺ,καλύπτουσιν,ἀντὶ
2929 3519 3044 3587 τοῦ,
3079 3518 3179 3572 οὐκ
3222 3515 3382 3570 ἐῶσιν
3423 3512 3741 3568 ἀνανεῦσαι.

2173 3622 2245 3676 ’Ἡ
2273 3620 2471 3692 ἔχθραν
2496 3618 2594 3689 τὴν
2619 3617 2816 3670 κακίαν
2844 3613 3012 3682 λέγει,
3053 3612 3120 3665 δι’
3149 3607 3216 3682 ἦς
3259 3607 3443 3680 ἐχθροὶ
3473 3603 3743 3675 γινόμεθα

501 3706 680 3762 dimua
706 3706 834 3761 Deo.
865 3704 934 3758 At
976 3705 1122 3759 enim
1157 3705 1495 3760 inimicitiam
1525 3708 1785 3762 adversus
1815 3709 1984 3764 Deum
2014 3719 2072 3766 et

2174 3713 2262 3769 τοῦ
2289 3712 2423 3766 Θεοῦ
2447 3729 2457 3740 ·
2483 3711 2580 3782 τὴν
2594 3710 2648 3762 δὲ
2670 3706 2811 3761 κατά
2831 3705 2923 3759 τοῦ
2939 3703 3074 3758 Θεοῦ
3101 3703 3194 3756 καὶ
3216 3699 3519 3771 ἀνθρώπων
3535 3697 3743 3767 ἔχθραν

500 3797 778 3860 homines,
814 3796 1014 3852 nostris
1069 3797 1123 3851 in
1173 3799 1426 3853 cordibus
1455 3815 1485 3852 a
1537 3799 1778 3864 maligno
1825 3801 2065 3865 insitam,

501 3887 605 3942 viri
633 3887 762 3955 justi
795 3887 1097 3956 expellunt,
1125 3887 1403 3956 Deumque
1435 3887 1594 3942 labiis
1619 3888 1920 3955 celebrant,
1947 3905 2070 3946 cum

2171 3804 2523 3875 ἐγγινομένην
2552 3804 2680 3873 ἡμῖν
2701 3801 2757 3852 ἐν
2781 3800 2848 3868 τῇ
2884 3795 3079 3868 καρδία
3103 3794 3208 3848 ὑπὸ
3233 3791 3324 3845 τοῦ
3352 3789 3610 3860 πονηροῦ,
3639 3788 3745 3842 αὑ-

2170 3895 2268 3966 τὴν
2303 3895 2399 3966 μὲν
2429 3891 2773 3946 ἀποσείονται
2813 3889 2862 3940 οἱ
2903 3887 3118 3949 δίκαιοι,
3171 3885 3284 3946 τοῖς
3311 3882 3366 3936 δὲ
3405 3880 3607 3951 χείλεσι
3649 3878 3752 3932 τὸν

500 3975 576 4032 ita
628 3976 896 4046 malignus
935 3992 1034 4032 eos
1075 3977 1385 4032 tentaverit.
1431 3975 1490 4030 Si
1539 3979 1834 4032 enimvcum
1873 3980 2072 4034 inimici

2174 3989 2304 4043 Θεὸν
2344 3985 2621 4056 ὑμνοῦσιν,
2658 3985 2787 4036 ὅταν
2827 3980 2998 4043 οὕτως
3039 3977 3219 4039 αὐτοῖς
3251 3977 3276 4027 ὁ
3325 3973 3560 4044 πονηρὸς
3603 3971 3749 4024 ὑω-

498 4083 755 4136 euentu,
784 4069 960 4139 inquit
997 4067 1197 4124 Paulus
1217 4069 1285 4134 ’⁸,
1315 4071 1633 4126 reconciliati
1652 4089 1830 4127 sumus
1848 4072 1958 4128 Deo
1983 4089 2076 4144 per

2174 4081 2362 4152 ϐάλλῃ·
2383 4083 2451 4134 El
2475 4077 2584 4147 γὰρ
2609 4074 2808 4144 ἐχθροὶ
2839 4073 3029 4138 ὄντες.
3057 4071 3217 4140 φησιν
3246 4069 3276 4118 ό
3302 4065 3565 4128 Παῦλος’,
3601 4079 3717 4117 κατ’

499 4173 718 4218 mortem
766 4162 897 4217 Filii
941 4165 1080 4235 ejus.
1127 4164 1281 4230 Quod
1315 4167 1360 4220 si
1407 4167 1689 4222 inimicitia
1728 4170 1918 4225 vitium
1954 4182 2072 4237 est,

2173 4173 2525 4243 ηλλὰγημεν
2566 4169 2647 4235 τῷ
2707 4167 2829 4232 Θεῷ
2872 4164 2969 4218 διὰ
3003 4163 3107 4218 τοῦ
3135 4159 3393 4218 θανάτου
3441 4160 3549 4212 τοῦ
3604 4156 3752 4212 Υίοῦ

501 4255 692 4322 utique
740 4254 977 4309 amicitia
1006 4255 1180 4310 virtus
1205 4265 1262 4310 et
1289 4259 1494 4326 agnitio
1534 4259 1650 4326 Dei,
1674 4276 1783 4329 qua
1811 4260 2076 4318 elIicintur

2174 4264 2392 4342 αὐτοῦ’
2435 4264 2483 4315 εί
2513 4262 2569 4314 δὲ
2598 4263 2630 4332 ἠ
2664 4259 2858 4330 ἔχθρα,
2892 4257 3059 4309 κακία
3099 4255 3265 4317 ἐστὶν,
3311 4254 3343 4324 ἡ
3393 4250 3542 4320 φιλία
3573 4248 3751 4322 ἀρετὴ

499 4343 660 4397 amici
695 4343 815 4412 ejus
856 4355 914 4400 et
950 4357 1264 4403 sanctarum
1307 4359 1651 4418 potestatum.
1686 4351 1805 4407 Jam
1844 4356 1935 4425 qui
1980 4356 2072 4412 tali

501 4432 755 4487 amicitiae
790 4449 991 4504 genere
1023 4436 1136 4493 Deo
1165 4438 1367 4494 fuerint
1409 4441 1596 4508 amici,
1630 4447 1817 4512 utique
1848 4455 1903 4500 et
1935 4447 2073 4502 invi-

501 4537 620 4578 cem
643 4526 802 4580 amici
833 4537 1016 4582 erunt.

572 4617 620 4650 ”
645 4619 890 4686 Domine,
933 4630 1056 4676 ante
1088 4632 1136 4676 te
1168 4639 1320 4678 omne
1359 4625 1685 4680 desiderium
1717 4645 1890 4684 meum
1914 4632 1954 4696 ‘,
1986 4632 2072 4686 in-

2173 4361 2267 4414 καὶ
2282 4358 2481 4428 γνῶσις
2501 4354 2656 4415 Θεοῦ,
2682 4353 2749 4406 δι’
2779 4347 2847 4424 ἦς
2873 4351 3014 4422 φίλοι
3037 4349 3298 4420 γινόμεθα
3315 4345 3478 4400 αὑτοῦ
3505 4344 3602 4398 καὶ
3635 4344 3754 4397 τῶν

2175 4451 2346 4520 ἀγίων
2367 4448 2647 4518 δυνάμεων
2671 4465 2684 4478 ο
2711 4444 2803 4498 ἐπὶ
2819 4443 2875 4496 δὲ
2895 4443 2996 4512 τῆς
3025 4440 3204 4510 φιλίας
3242 4437 3463 4508 ταύτης,
3503 4437 3554 4489 oi
3591 4435 3752 4498 ὄντες

2174 4539 2337 4596 αὑτοῦ
2368 4539 2528 4609 φίλοι,
2552 4539 2643 4591 καὶ
2665 4535 2904 4606 ἀλλήλων
2931 4533 3037 4587 εἰσὶ
3058 4531 3222 4601 φίλοι.

2244 4635 2443 4700 Κύριε,
2461 4629 2735 4682 ἐναντίον
2749 4644 2866 4680 σου
2890 4625 3057 4680 πᾶσα
3071 4625 3108 4691 ἡ
3123 4622 3401 4692 ἐπιθυμία
3410 4639 3552 4690 μου,
3581 4617 3754 4691 φησὶν

502 4709 623 4780 quit
653 4709 839 4767 David.
868 4711 925 4766 ld
952 4724 1058 4781 est,
1087 4717 1345 4785 quidquid
1376 4717 1485 4772 Deo
1526 4730 1737 4788 gratum
1766 4733 1874 4787 est,
1913 4736 1962 4779 et
1981 4724 2070 4791 ju-

2174 4728 2203 4780 ὁ
2227 4697 2386 4777 Δαυῖδ
2404 4739 2420 4754 ο
2445 4719 2721 4774 τουτέστιν
2745 4719 2846 4770 ὅσα
2865 4716 2944 4787 τῷ
2975 4714 3098 4786 Θεῷ
3127 4713 3352 4786 ἀρεστὰ,
3386 4712 3479 4764 καὶ
3515 4707 3751 4770 δικαίοις

504 4808 620 4857 atus
639 4801 816 4870 decet,
852 4802 906 4858 id
940 4806 1234 4874 optandum
1267 4815 1370 4872 est,
1394 4815 1455 4859 ut
1475 4809 1821 4875 acceptabilis
1843 4811 1915 4864 sit
1941 4827 2064 4866 ora-

2171 4817 2419 4889 ἁρμόζει,
2441 4813 2727 4884 ἐπιθυμεῖν
2749 4811 2875 4882 χρὴ,
2909 4810 2996 4862 ἵνα
3021 4808 3184 4878 δεκτὴ
3219 4809 3252 4878 ή
3286 4801 3563 4878 προσευχὴ
3587 4799 3750 4872 ἡμῶν

505 4893 584 4950 tio
610 4902 799 4950 nostra
828 4910 1014 4950 coram
1057 4896 1187 4952 Deo.
1211 4898 1278 4952 At
1320 4897 1516 4966 impius
1550 4900 1850 4969 perditione
1877 4915 2070 4971 perpe-

2174 4907 2394 4977 γένηται
2437 4904 2676 4958 ἐναντίον
2719 4900 2814 4954 τοῦ
2845 4898 2981 4952 Θεοῦ
3006 4916 3020 4931 ο
3059 4900 3088 4951 ὸ
3129 4897 3186 4951 δὲ
3231 4895 3453 4965 ἀσεϐὴς,
3499 4892 3757 4962 ἀπωλείᾳ.

504 4996 594 5041 tua
625 4987 1032 5058 circumagitur,
1055 4989 1184 5044 dum
1211 5005 1333 5059 qua:
1357 4989 1467 5048 Deo
1486 4993 1710 5048 minime
1739 5001 1893 5063 grata
1918 5002 2066 5060 sunt,

2174 4999 2368 5070 αἱωνίᾳ
2388 4996 2740 5069 περιφέρεται
2773 4997 2831 5047 ἐν
2853 4991 2932 5063 τῷ
2954 4990 3238 5061 ἐπιθυμεῖν
3262 4989 3355 5042 καὶ
3383 4988 3649 5059 πράττειν
3684 4986 3757 5040 τά

502 5079 650 5148 cupit
677 5080 914 5149 agitque.
2033 5157 2044 5166 ο

2177 5091 2251 5163 μὴ
2277 5089 2397 5171 Θεῷ
2421 5089 2571 5157 φίλα.

571 5172 594 5203 ¹
622 5169 681 5225 Si
709 5172 875 5228 timor
907 5172 1002 5230 Dei
1021 5173 1172 5228 addit
1195 5174 1332 5243 dies,
1351 5174 1563 5230 initium
1591 5183 1771 5230 autem
1788 5173 2071 5245 sapientiae

2247 5169 2311 5236 Εί
2343 5182 2506 5250 φόϐος
2525 5177 2730 5250 Κυρίου
2765 5173 3116 5248 προστίθησιν
3149 5171 3382 5243 ἡμέρας,
3408 5169 3552 5242 ἀρχὴ
3581 5169 3640 5222 δὲ
3668 5185 3759 5223 σο-

504 5261 668 5316 timor
699 5263 933 5330 Domini,
968 5265 1152 5335 utique
1184 5267 1239 5321 lii
1270 5268 1386 5323 dies
1414 5279 1598 5333 partes
1641 5267 1921 5338 sapientiai
1945 5274 2072 5322 sunt

2177 5275 2304 5343 φίας
2327 5272 2487 5341 φόϐος
2508 5271 2734 5342 Κυρίου,
2753 5270 2810 5322 αἱ
2837 5268 3038 5339 ήμέραι
3067 5261 3245 5329 αὗται,
3272 5264 3410 5334 μέρη
3438 5263 3539 5332 τῆς
3563 5263 3760 5331 σοφίας

509 5367 538 5403 a
560 5355 788 5422 iustitiae
823 5356 938 5412 sole
976 5372 1269 5414 concessae.
1294 5359 1426 5414 Nam
1455 5360 1537 5414 vir
1571 5363 1884 5430 proficiens,
1914 5369 2075 5430 auget

2179 5367 2314 5417 εἰσὶν
2341 5364 2445 5416 ὑπὸ
2467 5362 2562 5416 τοῦ
2595 5361 2746 5432 ήλίου
2767 5361 2867 5431 τῆς
2891 5358 3233 5428 δικαιοσύνης
3267 5356 3552 5425 γινόμεναι
3571 5371 3585 5385 ⁶
3623 5371 3760 5424 προ-

505 5446 756 5502 notiones
773 5459 829 5502 et
854 5449 1297 5509 illuminationes.
1324 5454 1430 5508 Pro
1461 5455 1650 5508 diebus
1669 5463 1851 5510 autem
1885 5454 2074 5522 bujus~

2181 5456 2396 5508 κόπτων
2409 5454 2520 5524 γάρ
2540 5453 2860 5523 προστίθησι
2889 5450 3115 5520 γνώσεις
3140 5452 3233 5503 καὶ
3256 5447 3589 5518 φωτισμούςο
3615 5447 3760 5516 ὑπὲρ

509 5538 652 5593 modi
681 5552 805 5596 orat
827 5543 1018 5610 David,
1048 5547 1237 5602 dicens
1266 5566 1281 5602 :
1319 5545 1400 5601 Ne
1437 5564 1640 5602 revoces
1667 5565 1747 5604 me
1770 5549 1824 5602 in
1852 5548 2075 5604 dimidio

2180 5547 2236 5600 δέ
2269 5544 2522 5598 τοιούτων
2561 5543 2782 5614 ἡμερῶν
2815 5541 3031 5614 εὔχεται
3061 5541 3155 5593 καὶ
3204 5538 3365 5594 Δαυῗδ
3406 5538 3582 5606 λέγων
3604 5553 3618 5566 ·
3657 5535 3756 5603 Μὴ

580 5703 626 5736 ’⁸
660 5719 710 5757 v.
741 5705 827 5758 12.

514 5774 598 5830 Η).
669 5773 689 5804 ⁸
716 5788 766 5828 v.
797 5774 886 5829 27.

905 5707 947 5736 ⁹³
984 5723 1032 5763 v.
1070 5709 1149 5762 Π.
1239 5709 1282 5741 ’δ
1326 5725 1372 5764 v.
1405 5709 1454 5764 4.
1534 5710 1633 5763 "t'
1682 5710 1733 5765 5.
1801 5708 1858 5739 ’⁸⁸
1900 5722 1946 5765 v.
1987 5705 2071 5761 l7.

2178 5707 2270 5760 7v.
2308 5706 2389 5762 l8.
2471 5699 2752 5760 “Romae
2792 5697 2876 5758 10.
2951 5695 2994 5728 ⁹⁹
3039 5709 3088 5750 v.
3117 5694 3210 5752 24.
3288 5691 3303 5722 ¹
3350 5688 3495 5750 Psal.
3544 5703 3757 5752 uivu,
