3958 6514
190 403 216 460 Ι
224 404 297 460 39

1360 393 1448 449 EX
1457 390 1730 451 POSITIO
1751 391 1821 448 IN
1861 388 2275 449 PBOVEBBIA.

3354 377 3458 435 190

183 516 490 587 ἀναγάγῃς
515 532 594 586 με
619 514 690 569 ἐν
712 513 915 584 ἡμίσει
937 511 1170 582 ἡμερῶν
1330 528 1342 542 ·
1367 508 1571 573 ταύτας
1596 508 1653 562 δὲ
1674 507 1777 571 τὰς

1898 508 2079 562 lieruut
2107 520 2339 561 merant
2360 504 2405 558 ³.
2435 499 2595 557 Hisce
2625 498 2818 557 diebus
2843 494 3092 566 expletis,
3115 491 3457 549 Abrahamus

186 608 409 682 ἡμέρας
433 610 529 664 καὶ
570 605 823 678 Ἀϐραὰμ
856 603 1152 677 πληρώσας
1188 599 1429 657 ἀπέθανε
1469 599 1773 673 πρεσϐύτε-

191 718 289 771 ρος
315 700 412 753 καὶ
444 700 661 773 πλήρης
706 696 929 769 ἡμερῶν
949 714 962 727 ο
1004 695 1098 748 καὶ
1127 692 1228 757 τὰς
1259 692 1412 757 θείας
1442 692 1662 764 ὁράσεις
1698 691 1774 755 ὡς

185 793 404 862 θμέρας
429 790 751 864 προστίθησι
776 787 985 861 Κύριος
1001 790 1117 850 τοῖς
1143 788 1201 839 ὲν
1214 783 1397 839 πίστει
1419 781 1777 854 φοϐουμένοις

189 884 385 940 ταύτόν·
419 882 489 937 τὰ
522 881 725 936 δὲοτῶν
756 880 970 935 ἀσεϐῶν
1007 879 1125 950 ἐτη,
1170 877 1350 946 ἇσοφα
1383 874 1652 946 ὁραθέντα
1682 874 1783 929 καὶ

183 975 341 1041 θείας
363 975 589 1055 χάριτος
617 973 770 1036 ἄνευ,
792 969 1169 1040 ὼλιγώθησαν.

254 1052 559 1119 Αίῶνατδν
588 1062 888 1136 ἀνθρώπου’
904 1062 1016 1133 βίον
1036 1061 1209 1130 λέγει,
1234 1059 1312 1124 ὡς
1338 1061 1368 1113 6
1402 1057 1646 1122 Παῦλος’
1691 1058 1781 1112 οὐ

173 1157 271 1228 μὴ
300 1157 470 1229 φάγω
497 1155 643 1225 κρέα
668 1157 756 1221 εις
784 1154 893 1209 τὸν
910 1152 1116 1220 αἰῶνα,
1137 1152 1239 1207 ἵνα
1262 1151 1347 1223 μὴ
1378 1151 1485 1205 τὸν
1512 1149 1781 1219 ἀδελφόν

176 1268 308 1320 μου
340 1247 739 1303 σκανδαλίσω
757 1263 774 1278 ·
822 1245 885 1301 τὸ
923 1244 1033 1318 γάρ
1082 1262 1149 1299 συ
1157 1242 1689 1317 μπαρεκτεινόμενον
1712 1243 1780 1313 τῇ

182 1342 450 1396 συστάσει
469 1340 569 1412 τῆς
598 1339 743 1409 ζωῆς
775 1336 965 1403 αὐτοῦ,
997 1336 1174 1392 αἰῶνα
1195 1335 1515 1407 ὠνόμασενι
1542 1333 1659 1387 υὺκ
1695 1334 1782 1387 ὲν-

176 1432 353 1487 δὼσει
379 1431 511 1503 γὰρ,
543 1431 730 1503 φησὶν.
755 1431 785 1484 6
808 1428 1015 1492 δίκαιος
1045 1428 1363 1500 ἁμαρτῆσαι
1396 1424 1785 1496 ἐνοχλούμενος

178 1523 292 1577 ὑπὸ
312 1521 411 1576 τοῦ
446 1520 706 1594 πονηροῦ.
737 1521 801 1576 Οἱ
844 1519 901 1573 δὲ
922 1519 1141 1582 ἀσεϐεῖς
1170 1518 1577 1589 ἁμαρτάνοντες
1601 1516 1663 1569 οὐ
1693 1514 1785 1586 μό-

178 1634 277 1670 νον
301 1613 668 1670 ἐκπεσοῦνται
698 1614 799 1685 τῆς
836 1610 1141 1684 βασιλείας,
1190 1608 1329 1663 ἀλλὰ
1354 1608 1418 1663 τὸ
1442 1606 1554 1680 πῦρ
1591 1607 1688 1661 καὶ
1719 1606 1786 1659 οὐ

177 1708 288 1780 τὴν
311 1708 418 1778 γῆν
450 1692 789 1779 οἰκήσουσιν.

268 1800 419 1854 ’Δντὶ
449 1797 570 1863 τοῦ,
612 1799 835 1869 χάριτος
873 1793 1159 1857 ἀνάπλεώς
1200 1793 1386 1847 ἐστιν’
1436 1788 1697 1854 εὐσεϐοῦς
1726 1788 1784 1843 δὲ

1877 596 2094 669 quoque
2116 598 2253 652 obiit
2281 608 2446 650 senex
2478 593 2781 663 plenusque
2809 589 3043 643 dierum.
3074 583 3294 640 Divinas
3320 597 3458 653 quo-

1875 704 1983 759 que
2013 687 2276 751 visiones,
2304 683 2461 753 quasi
2501 682 2659 746 dies,
2694 678 2845 733 addit
2898 676 3158 732 Dominus
3187 686 3312 727 cum
3353 670 3461 724 [ide

1877 779 2196 835 timentibus
2238 793 2320 833 se.
2364 776 2434 829 At
2470 788 2602 828 vero
2637 772 2927 839 impiorum
2962 765 3113 831 anni,
3141 762 3459 834 insipientes

1876 874 2165 947 comperti,
2193 880 2250 928 et
2271 870 2483 940 absque
2516 866 2700 923 divina
2723 863 2926 936 gratia,
2951 859 3184 917 breviati
3214 857 3454 912 fuerunt.

1952 1064 1975 1096 ⁸
2002 1060 2270 1118 Saeculum
2310 1056 2443 1113 dicit
2498 1055 2793 1109 humanam
2843 1050 3036 1111 vitam,
3062 1054 3124 1099 ut
3162 1042 3363 1098 Paulus
3388 1040 3456 1093 ':

1882 1158 2005 1213 Non
2036 1150 2364 1209 oranducabo
2390 1161 2600 1203 carnem
2626 1146 2681 1198 in
2702 1140 2975 1206 amcitiam,
3004 1155 3066 1193 ne
3090 1137 3223 1207 forte
3242 1134 3461 1204 fratrem

1880 1263 2053 1303 meum
2073 1242 2453 1300 scandalizent.
2490 1238 2698 1308 Quippe
2714 1237 3032 1290 demensum
3052 1230 3177 1284 vitae
3201 1241 3312 1282 sua:
3338 1241 3460 1294 spa-

1884 1340 2039 1403 tium,
2074 1335 2328 1391 saeculum
2364 1329 2688 1387 nominavit.
2739 1325 2856 1380 Non
2906 1321 3230 1384 delabetnr,
3264 1315 3461 1386 inquit,

1876 1431 2059 1500 justus
2087 1428 2155 1483 ad
2176 1423 2511 1497 peccandum
2552 1427 2772 1490 propter
2804 1416 2983 1471 illatas
3018 1412 3127 1469 sibi
3168 1427 3198 1465 a
3228 1408 3463 1477 maligno

1885 1521 2186 1578 molestias.
2216 1518 2288 1571 At
2342 1513 2493 1584 impii
2545 1517 2838 1582 peccantes
2873 1521 2980 1562 non
3035 1518 3205 1570 regno
3255 1509 3462 1556 tantum

1883 1615 2156 1679 excident,
2177 1620 2367 1665 verum
2396 1622 2464 1663 ne
2497 1616 2697 1660 terram
2730 1601 2948 1672 quidem
2976 1594 3324 1655 habitabuut.

1957 1789 1978 1822 ‘
2002 1788 2111 1843 Pro
2141 1800 2207 1840 eo
2242 1799 2308 1840 ac
2346 1782 2390 1838 si
2419 1781 2592 1845 dicat,
2634 1778 2827 1851 gratias
2856 1776 3049 1847 plenus
3070 1780 3173 1829 est.
3206 1767 3462 1838 Religiosi

178 1892 365 1964 στόμα
400 1890 498 1944 νῦν
525 1857 771 1943 τδνηνοῦν
814 1857 964 1955 λέγει
1009 1886 1105 1939 καὶ
1147 1884 1249 1954 τὴν
1279 1883 1507 1955 καρδίαν
1528 1922 1544 1945 ,
1579 1881 1656 1946 ὡς
1688 1880 1776 1935 διὰ

1898 1881 2115 1939 nominis
2128 1893 2192 1941 es
2217 1891 2361 1932 nunc
2381 1891 2479 1945 pro
2506 1881 2688 1928 mente
2716 1870 2850 1925 dicit
2875 1878 2933 1924 et
2957 1868 3276 1947 corde,qua-
3302 1857 3465 1931 quasi

175 1989 295 2044 τῶν
326 1987 554 2060 χεελὲων
573 1984 848 2057 ὑμνοῦσαν
866 1982 959 2037 τὸν
985 1982 1119 2037 Θεόν
1137 1999 1154 2014 ο
1179 1980 1242 2033 τὸ
1262 1980 1319 2033 δὲ
1345 1978 1541 2033 λαλοῦν
1564 1976 1780 2049 πονηρὰ

177 2080 363 2151 στόμα
393 2077 507 2132 τῶν
533 2075 770 2139 ἀσεϐῶν,
818 2073 1227 2145 ἀποστρέφεται
1272 2070 1384 2125 ἀπὸ
1407 2068 1504 2123 τοῦ
1530 2069 1666 2123 Θεοῦ
1692 2070 1774 2132 είς

178 2167 246 2221 τὸ
269 2162 419 2272 εἶναι
436 2164 517 2238 τῷ
550 2162 775 2236 πονηρῷ
793 2177 808 2193 ⁶
832 2163 936 2236 δρα
966 2161 1025 2221 δὲ
1044 2161 1102 2215 τί
1132 2161 1231 2215 ἀπ’
1259 2160 1494 2227 ἐκείνου,
1515 2159 1570 2213 τί
1592 2159 1649 2214 δὲ
1674 2158 1789 2212 ἀπὸ

186 2274 386 2311 τουτου
393 2299 407 2311 .

1874 1975 2039 2031 labiis
2087 1972 2252 2027 Deum
2284 1966 2694 2023 concelebrant.
2737 1961 2893 2029 Quod
2938 1967 3122 2014 autem
3171 1969 3337 2027 prava
3384 1952 3458 2008 lo-

1877 2068 2066 2137 quitur
2094 2079 2159 2120 os
2211 2061 2501 2129 impiorum
2533 2097 2549 2122 ,
2585 2062 2936 2124 retorquetnr
2962 2068 2991 2106 a
3027 2052 3138 2106 Deo
3187 2049 3243 2102 in
3288 2049 3462 2117 ipsum

1880 2158 2128 2230 impium.
2165 2153 2382 2211 Videsis
2403 2160 2586 2207 autem
2614 2150 2743 2220 quid
2770 2148 2840 2203 ab
2875 2146 3063 2214 illo,ct
3087 2141 3216 2215 quid
3245 2138 3314 2195 ab
3340 2139 3462 2193 hoc.

1710 2358 1863 2417 CAP.
1902 2359 1997 2415 XI.

264 2464 450 2535 Ἕχων
470 2461 580 2534 γάρ
607 2460 745 2532 πρὸς
768 2459 836 2513 τὰ
861 2458 1124 2531 μέλλοντα
1150 2458 1243 2513 τὸν
1274 2457 1497 2521 σκοπὸν,
1518 2455 1778 2527 τυγχάνει

186 2558 414 2620 πάντως
438 2549 515 2610 ὧν
540 2553 907 2627 προσεδόκησε
928 2552 1257 2622 τελευτήσας
1281 2553 1310 2605 6
1340 2550 1563 2613 δίκαιος.
1596 2549 1667 2602 Ἢ
1699 2549 1781 2613 εἰς

176 2650 289 2722 τὴν
334 2648 632 2702 ἀνάστασιν
666 2647 814 2717 ἡμᾶς
864 2643 1264 2715 παραπέμπει·
1304 2642 1399 2695 καὶ
1445 2640 1539 2695 ἐπὶ
1570 2639 1780 2722 ¹τούτου

184 2719 292 2813 μέν
346 2742 499 2813 μένει
538 2738 607 2792 τὰ
635 2739 787 2800 ὄντα,
812 2736 907 2791 καὶ
947 2736 1049 2790 οὐκ
1079 2734 1428 2804 ἀφανίζεται·
1457 2734 1545 2788 ἐπ’
1568 2719 1781 2787 ἐκείνου

182 2836 247 2889 ἃ
280 2834 377 2888 καὶ
414 2830 485 2885 τὰ
514 2831 646 2886 ὄντα
686 2829 999 2883 σϐέννυται⁸
1029 2828 1087 2881 ὲν
1110 2826 1221 2899 γὰρ
1251 2825 1330 2898 τῷ
1356 2826 1585 2899 παρόντι
1621 2825 1782 2898 μόνον

181 2922 350 2977 αἰῶνι
386 2919 696 2990 καυχῶνται
718 2936 733 2949 ο
760 2917 890 2991 περ)⁵
918 2912 995 2973 ὧν
1026 2915 1244 2989 εἴρηται
1261 2934 1276 2947 ⁶
1304 2911 1419 2971 Ὧν
1447 2918 1486 2987 ἠ
1534 2916 1684 2982 δόξα
1710 2916 1783 2970 ἐν

181 3016 264 3089 τῇ
288 3016 554 3085 αισχύγῃ
580 3011 799 3069 αὐτῶν.

258 3195 379 3263 οὐχ
412 3191 490 3256 ὡς
533 3190 901 3262 ὑποκειμένου
948 3190 1043 3244 τοῦ
1094 3188 1355 3252 εὐσεϐοῦς
1396 3191 1465 3260 τῇ
1503 3189 1625 3260 δίκῃ
1654 3189 1789 3259 φησι

180 3287 270 3352 τὸ,
290 3285 431 3339 Ἀπ’
444 3282 969 3357 αὐτοῦπαραδίδοται
988 3282 1213 3354 ἀσεϐὴς,
1230 3281 1348 3335 ἀλλ’
1366 3283 1554 3353 ἐπειδὴ
1567 3283 1601 3353 ή
1624 3283 1792 3351 παγίς

182 3380 339 3431 ἐστιν
368 3374 480 3428 ἀπὸ
501 3372 598 3427 τοῦ
626 3372 865 3446 πονηροῦ
884 3370 1025 3429 κατὰ
1051 3371 1147 3426 τοῦ
1164 3370 1406 3444 δικαίου,
1434 3371 1627 3424 τούτου
1660 3374 1789 3443 ῥυο-

186 3467 358 3541 μένου
407 3466 731 3537 περιπίπτει
780 3465 956 3539 ταύτῃ
997 3467 1027 3519 ὁ
1078 3463 1312 3536 ἀσεϐήςο
1343 3461 1710 3535 ὲξαρπάζεται
1761 3464 1792 3515 6

184 3560 424 3631 εὐσεϐὴς
448 3558 555 3639 ὑπὸ
573 3558 733 3624 θεοῦ,
755 3558 784 3611 6
809 3557 865 3612 δὲ
888 3555 1092 3628 ἀσεϐὴς
1123 3554 1594 3624 ἐγκαταλειφθεὶς,
1634 3572 1759 3627 περι
1774 3586 1790 3596 -

188 3652 406 3706 πίπτει·
436 3650 578 3704 κατὰ
604 3651 808 3709 τὺ.Ἐν
841 3649 964 3716 τοῖς
983 3649 1182 3719 ἔργοις
1213 3648 1332 3703 τῶν
1362 3647 1580 3718 χειρῶν
1600 3647 1791 3702 αὐτοῦ

186 3742 553 3812 συνελήφθη
583 3747 617 3798 ό
650 3745 1018 3812 ἁμαρτωλός.
1053 3743 1127 3797 Ἦ
1155 3743 1351 3814 ἐπειδὴ
1378 3745 1406 3797 6
1434 3741 1640 3805 δίκαιος
1659 3743 1791 3795 ὑπό-

189 3838 371 3893 κειταί
398 3854 541 3891 τισιν
560 3836 638 3901 ὡς
662 3836 759 3890 άνο
768 3853 951 3910 ρωπος
978 3837 1391 3908 ἁμαρτήμασιν,
1417 3834 1589 3889 ἐλθὼν
1609 3837 1638 3889 6
1660 3835 1790 3888 ἀσε-

189 3930 295 4003 ϐὴς
327 3931 425 3984 καὶ
460 3931 839 4002 κακοποιήσας
873 3928 964 3982 τὸν
989 3927 1217 3991 δίκαιον,
1240 3927 1349 3982 τῶν
1377 3927 1475 3999 μὲν
1506 3925 1791 3998 ἁμαρτιῶν

192 4024 288 4099 καὶ
320 4021 433 4074 τῶν
463 4022 742 4076 κολάσεων
760 4019 868 4073 τῶν
906 4018 1217 4090 μελλουσῶν
1251 4020 1544 4092 ὲρῤύσατο,
1567 4020 1647 4082 εἰς
1662 4020 1792 4072 ἑαυ-

188 4115 284 4168 τὸν
308 4115 369 4168 δὲ
402 4113 506 4178 τὰς
531 4113 804 4186 τιμωρίας
846 4112 1153 4178 ἀνεδέξατο.
1199 4111 1556 4182 Παραδίδοται
1604 4111 1662 4164 δὲ
1701 4111 1790 4180 ὑφ’

196 4206 398 4260 ἑαυτοῦ
432 4207 540 4260 ὑπὸ
565 4207 666 4277 τῆς
693 4205 828 4270 ἰδίας
860 4204 1081 4270 κακίας,
1110 4204 1186 4269 ὡς
1215 4203 1487 4275 παραδοὺς
1499 4203 1692 4258 ἑαυτὸν
1712 4204 1793 4267 είς

190 4300 455 4370 ἀδόκιμον
480 4297 627 4352 νοῦν.
1637 4297 1640 4303 ’

271 4394 432 4445 Ἤτοι
475 4390 751 4462 διάκρισις
790 4389 825 4460 ή
863 4389 991 4460 περὶ
1036 4388 1147 4442 τῶν
1193 4385 1514 4459 πρακτέων,
1551 4384 1585 4456 ἢ
1616 4386 1690 4457 μή
1712 4400 1726 4415 ³
1756 4383 1788 4455 ἦ

192 4483 337 4539 ὥστε
359 4482 456 4537 τὸν
486 4480 697 4534 ἑαυτῶν
722 4479 836 4550 βίον
862 4481 1167 4551 οἰκονομεῖν
1185 4496 1198 4509 ⁸
1219 4477 1510 4533 κλυδώνιον
1544 4476 1651 4549 γάρ
1677 4477 1793 4528 ἑστι

198 4576 343 4647 μέγα
376 4576 475 4630 καὶ
521 4574 794 4645 ἀφόρητον
818 4590 832 4602 ·
877 4572 927 4625 οἱ
964 4571 1198 4625 τοιοῦτοι
1246 4570 1356 4642 γὰρ
1400 4569 1564 4624 παντὶ
1609 4567 1797 4639 ἀνέμῳ

194 4665 628 4737 περιφερόμενοι
655 4662 956 4731 ναυαγοῦσι
985 4661 1115 4733 περὶ⁵
1137 4661 1230 4714 τὸν
1261 4660 1373 4731 βίον
1406 4659 1563 4731 ήτὴν
1591 4658 1796 4719 πίστιν,

199 4761 296 4813 καὶ
338 4760 417 4824 ὡς
449 4755 629 4827 φύλλα
667 4754 887 4827 δένδρου
927 4753 1220 4807 πίπτουσιν
1249 4752 1360 4806 ἀπὸ
1398 4749 1495 4804 τοῦ
1524 4748 1683 4811 θεοῦ,
1717 4744 1801 4812 οἷς

203 4852 282 4922 μὴ
308 4850 550 4922 ὑπάρχει
583 4847 746 4918 σοφία
784 4844 958 4900 Θεοῦ·
998 4845 1048 4898 εί
1089 4844 1147 4897 δὲ
1180 4846 1214 4916 ή
1259 4842 1502 4914 σωτηρία
1546 4840 1701 4894 ,ἐστὶν
1742 4841 1801 4893 ἐν

202 4948 392 5019 βουλῇ,
423 4947 522 5000 καὶ
549 4945 649 5014 οὐχ
700 4942 890 5004 ἁπλῶς
940 4940 1128 5011 βουλῇ,
1172 4936 1310 4992 ἀλλὰ
1357 4939 1453 4995 καὶ
1478 4935 1668 5006 πολλῇ,
1699 4935 1802 4987 οὐκ

205 5039 319 5110 ἄρα
360 5041 421 5092 ὲν
468 5037 722 5109 σώμασιν
755 5034 789 5105 ἢ
823 5034 1133 5106 χρήμασιν,
1183 5030 1305 5084 οὐδὲ
1336 5027 1483 5083 κατὰ
1516 5026 1678 5097 φύσιν
1716 5042 1803 5090 τις

205 5130 438 5196 σώζεται
458 5147 472 5160 ·
509 5126 655 5182 κατὰ
673 5128 800 5191 τοὺς
827 5125 928 5189 τὰς
954 5123 1147 5195 φύσεις
1175 5121 1512 5189 εἰσάγοντας.

294 5307 560 5363 Ἐνταῦθα
588 5304 688 5377 τὴν
718 5304 899 5376 ψυχὴν
926 5300 1189 5373 ἄντικρυς
1213 5299 1474 5371 προεῖπεν
1501 5296 1679 5369 σῶμαο
1703 5297 1800 5350 καὶ

205 5404 238 5454 6
264 5400 497 5474 Χριστὸς
528 5398 589 5452 δὲ
627 5399 687 5451 ὲν
726 5399 842 5458 τοῖς
867 5392 1247 5462 Εὑαγγελίοις,
1295 5390 1456 5462 σῶμα
1485 5388 1586 5460 τὴν
1620 5386 1800 5459 ψυχὴν

214 5488 461 5561 impiger.
483 5506 499 5521 ·
540 5490 609 5540 '0
632 5486 887 5555 λύχνος,
913 5482 1111 5553 λέγων,
1125 5480 1234 5535 τοῦ
1261 5478 1537 5550 σώματός
1566 5478 1738 5532 ἐστιν
1767 5478 1801 5532 ὁ

210 5583 519 5652 ὀφθαλμός
540 5597 554 5611 ’
603 5578 797 5650 λύχνον
826 5576 953 5647 λμὲν
997 5571 1118 5628 εἷπε
1164 5572 1259 5626 τὸν
1286 5571 1412 5626 νοῦν
1437 5588 1450 5599 ·
1499 5569 1660 5633 αὐτὸς
1694 5567 1805 5641 γάρ

290 5800 314 5833 ⁸
345 5801 481 5855 πνείει.
514 5815 590 5860 ει,
616 5797 708 5852 ‘25.
811 5795 832 5826 ‘
868 5811 918 5850 ν.
957 5794 1045 5847 50.
1149 5791 1170 5822 ⁸
1201 5790 1535 5860 Ιεοτκνιιι,
1592 5788 1676 5845 15.

232 5867 283 5897 ³⁸
339 5882 388 5921 ι.
452 5867 542 5928 Η.
581 5857 657 5901 ὐ
699 5866 865 5932 v.17.
946 5866 988 5899 ³⁸
1021 5863 1211 5926 Matth.
1238 5875 1312 5925 ιἰ,
1341 5857 1431 5924 23.

1908 2448 1913 2477 ι
1954 2457 1975 2490 ⁷
2005 2454 2109 2523 Qui
2149 2467 2372 2525 scopum
2405 2449 2510 2506 sibi
2549 2445 2805 2520 proponit
2848 2458 2937 2498 res
2967 2441 3206 2503 futuras,
3242 2450 3468 2508 prorsus

1884 2549 2120 2619 acquirit
2163 2543 2627 2618 exspectationem
2665 2553 2821 2594 suam
2872 2535 3114 2592 moriens
3143 2529 3342 2600 justus.
3373 2526 3471 2584 Vel

1884 2645 1953 2699 ad
2005 2640 2459 2698 resurrectionem
2499 2650 2601 2691 nos
2647 2631 2902 2688 amandat
2947 2635 3167 2683 auctor.
3218 2622 3284 2678 Et
3313 2620 3471 2691 iusto

1886 2734 2104 2806 quidem
2138 2738 2360 2787 manent
2375 2744 2496 2800 qua:
2519 2725 2702 2788 habet,
2722 2737 2835 2779 nec‘
2849 2725 3082 2791 pereunt
3103 2733 3118 2771 :
3146 2714 3349 2786 injusto
3371 2727 3473 2768 au-

1888 2805 1998 2881 tem
2028 2835 2084 2882 et
2114 2822 2258 2895 quod
2293 2822 2480 2886 habet,
2523 2814 2917 2885 exstinguitur.
2959 2810 3173 2881 Quippe
3196 2805 3468 2879 ejusmodi

1889 2919 2139 2974 homines
2167 2914 2417 2986 prxseutl
2453 2906 2661 2967 tantum
2693 2908 2894 2966 sreculo
2927 2900 3326 2967 existimando
3346 2898 3474 2969 qui-

1898 3009 1998 3066 bus
2020 3011 2221 3066 dictum
2248 3015 2335 3063 est
2355 3008 2379 3038 '
2410 3022 2426 3059 :
2453 3004 2692 3071 Quorum
2718 2999 2889 3072 gloria
2917 2998 2974 3053 in
3005 2993 3294 3067 ignominia
3326 2991 3469 3060 ipso-

1808 3103 1854 3161 C
1889 3122 2030 3161 rum.

1959 3197 2079 3253 Non
2110 3194 2235 3265 quia
2287 3190 2598 3262 suppositus
2626 3182 2961 3242 damnationi
3006 3180 3170 3237 fuerit
3207 3178 3293 3232 vir
3324 3176 3471 3247 pius,

1888 3292 2024 3349 dicit
2054 3312 2065 3345 :
2102 3286 2307 3358 Impius
2361 3283 2601 3338 traditur
2630 3293 2729 3347 pro
2781 3289 2891 3338 eo;
2924 3273 3019 3328 sed
3050 3270 3178 3341 quia
3216 3268 3468 3337 laqueum

1892 3378 2176 3453 improbus
2196 3380 2345 3447 justo
2373 3376 2712 3437 tetenderat;
2740 3371 2846 3424 hoc
2881 3373 3090 3435 erepto,
3112 3361 3304 3418 incidit
3328 3359 3383 3414 in
3410 3358 3470 3411 il-

1893 3476 2005 3531 lum
2055 3470 2358 3541 improbus.
2387 3466 2630 3534 Eripitur
2667 3479 2696 3516 a
2744 3464 2852 3516 Deo
2888 3460 3008 3529 pius
3040 3472 3057 3522 ;
3094 3453 3297 3524 impius
3340 3465 3473 3507 vero

1891 3566 2183 3622 derelictus
2221 3562 2469 3631 laqueum
2501 3555 2754 3610 incurrit.
2787 3551 2950 3608 Juxta
2978 3547 3113 3603 illud
3142 3565 3155 3601 :
3195 3544 3263 3600 ιιι
3293 3542 3471 3613 operi-

1893 3661 1988 3713 bus
2040 3642 2313 3709 "cunnum
2341 3666 2560 3705 sitarum
2599 3648 3004 3716 comprehensus
3047 3646 3125 3694 est
3165 3635 3474 3708 peccator’.

1896 3751 1990 3804 Vel
2034 3768 2047 3803 :
2076 3747 2201 3817 quia
2233 3744 2416 3814 justus
2450 3739 2722 3797 obnoxius
2746 3746 2867 3803 est,
2906 3743 3094 3803 utpote
3120 3730 3304 3792 homo,
3343 3728 3472 3797 qui-

1894 3814 2118 3898 busdam
2170 3833 2429 3905 peeeatis,
2458 3827 2849 3899 superveniens
2896 3823 3098 3892 impius
3139 3828 3197 3875 et
3230 3814 3481 3885 aﬂligens

1890 3935 2120 4005 justum,
2153 3944 2182 3982 ιι
2226 3923 2467 3998 peccatis
2504 3932 2562 3976 et
2592 3919 2789 3975 futuris
2831 3914 3008 3986 penis
3052 3913 3196 3967 hunc
3246 3908 3475 3968 liberat,

1896 3996 1949 4078 in
1978 4037 2038 4077 se
2072 3996 2253 4072 autem
2293 4028 2486 4083 pmuas
2511 4010 2630 4065 illas
2662 4005 2912 4063 attrahit.
2946 4000 3200 4057 Proditor
3217 3996 3476 4051 nimirum

1895 4130 1925 4169 a
1956 4127 2052 4167 sua
2077 4109 2244 4179 ipsius
2267 4104 2491 4168 malitia,
2518 4107 2806 4171 postquam
2823 4109 2885 4150 se
2911 4093 2975 4147 in.
2997 4087 3299 4161 improbam
3323 4100 3475 4141 meno

1897 4212 2004 4259 tem
2041 4196 2295 4266 coniecit.

1968 4379 2013 4412 ¹⁰
2034 4375 2301 4432 Nimirum
2324 4384 2504 4426 rerum
2528 4366 2859 4438 agendarum
2889 4369 2982 4416 aut
3013 4373 3120 4414 non
3149 4354 3479 4429 agendarum

1825 4459 1869 4515 ο
1896 4468 2202 4531 discretio;
2241 4463 2326 4518 vel
2384 4460 2621 4533 propriae
2684 4455 2810 4510 vita:
2864 4446 3308 4507 administratio.
3357 4457 3479 4512 qua

1895 4572 2044 4617 certe
2096 4571 2296 4627 magna
2326 4551 2564 4626 procella
2606 4557 2693 4605 est
2733 4555 2789 4603 et
2831 4539 3208 4599 intolerabilis.
3238 4536 3304 4592 lli
3333 4535 3478 4593 enim

1894 4654 2043 4712 omni
2074 4660 2236 4708 vento
2257 4645 2719 4723 circumferuntur
2747 4641 2802 4695 in
2829 4638 2955 4693 vitae
2984 4643 3077 4690 aut
3110 4631 3234 4688 lidei
3256 4630 3478 4686 naufra-

1896 4748 2003 4818 gio,
2028 4755 2085 4801 et
2104 4721 2360 4813 tauquam
2383 4737 2595 4795 arboris
2623 4734 2749 4790 iulia
2772 4731 3125 4787 decutiuntur
3145 4742 3174 4780 ιι
3202 4725 3330 4789 Deo,
3360 4721 3483 4792 qui-

1900 4816 1999 4896 lius
2042 4834 2434 4905 Dei'sapientia
2476 4845 2581 4885 non
2610 4827 2774 4883 inest.
2800 4823 2953 4896 Quod
2989 4821 3035 4876 si
3075 4817 3228 4899 salus
3258 4816 3313 4870 in
3345 4828 3480 4870 cou-

1899 4928 2027 4984 sllio
2051 4896 2307 4989 vertitur,
2336 4933 2516 4990 neque
2565 4919 2618 4971 in
2669 4914 2900 4971 consilio
2933 4896 3254 4979 simpliciter
3294 4904 3390 4958 sed
3425 4902 3480 4955 iu

1898 5016 2020 5091 ejus
2053 5017 2234 5086 copia,
2269 5028 2375 5068 non
2421 5012 2587 5079 igitur
2610 5006 2933 5077 corporibus
2979 4999 3255 5056 divitiisve
3297 4990 3484 5049 inniti-

1902 5084 1990 5168 tur
2020 5129 2034 5166 :
2064 5084 2243 5177 neque
2272 5106 2340 5161 ab
2389 5101 2569 5158 indole
2607 5098 2828 5170 propria
2861 5095 2986 5167 quis
3020 5089 3306 5151 salvatur;
3337 5084 3481 5152 quod

1900 5201 1991 5256 aio
2012 5208 2203 5253 contra
2240 5193 2446 5265 eosqni
2482 5190 2676 5246 indolis
2707 5185 2956 5243 haeresim
2984 5180 3267 5237 invehunt.

1977 5291 2039 5359 η
2070 5289 2169 5345 llic
2203 5288 2487 5342 evidenter
2524 5279 2843 5337 vocabulum
2885 5275 3069 5331 anima
3115 5284 3214 5336 pro
3255 5277 3484 5324 corpore

1906 5383 2105 5455 posuit.
2142 5380 2209 5435 Et
2261 5378 2476 5448 quidem
2526 5373 2779 5430 Christus
2830 5367 2886 5421 in
2933 5359 3245 5431 Evangeliis
3285 5371 3484 5427 corpus

1907 5451 2040 5531 dicit
2066 5488 2168 5544 pro
2215 5470 2397 5525 anima
2432 5486 2447 5523 :
2481 5466 2775 5527 .Lucema,
2801 5457 2979 5529 inquit
3012 5456 3080 5520 “,
3130 5451 3368 5522 corporis
3405 5460 3482 5503 est

1909 5569 2094 5624 oculus
2128 5579 2148 5629 ;
2179 5564 2454 5619 lucernam
2508 5571 2697 5626 nempe
2739 5554 2926 5609 dicens
2968 5562 3069 5620 pro
3113 5553 3318 5609 mente,
3363 5557 3483 5612 quae

1780 5631 1808 5702 ξ
1913 5657 2156 5715 εοίοιιιία⁵
2193 5668 2364 5723 capax
2408 5657 2513 5718 est.
2560 5647 2770 5714 Corpus
2794 5649 2974 5697 autem
3007 5631 3481 5705 concupiscibilem

3056 5761 3076 5795 '
3104 5756 3249 5819 Psal.
3277 5772 3356 5826 ιι,
3393 5753 3480 5816 l7.

2036 5821 2048 5839 .
2160 5782 2179 5813 "
2215 5796 2264 5837 v.
2299 5779 2349 5834 7.
2457 5776 2477 5806 '
2504 5769 2698 5848 Philip.
2733 5784 2837 5837 ιιι,
2867 5764 2950 5824 ιιι.
