3958 6522
514 403 624 466 I95

1395 405 1956 464 SUPPLEMENTUM
1990 407 2078 462 AD
2128 401 2454 465 ORIGENIS
2488 397 2898 468 EXECE'I‘ICA.

3650 401 3772 472 tas-

1965 527 2121 584 CAP.
2163 528 2306 585 XVI.

581 621 858 679 “Rursus
907 623 979 679 lbi
1020 637 1232 694 quoque
1274 626 1535 696 sapientia
1579 641 1713 695 opus
1743 635 1846 690 est,
1878 635 1936 679 ut
1963 625 2071 679 cle-

2245 625 2412 679 Πάλιν
2459 627 2620 680 κάκεῖ
2642 627 2740 698 τῆς
2774 629 2964 698 σοφίας
2993 629 3171 701 χρεία,
3214 628 3298 682 ἵνα
3353 627 3686 701 ἐξιλάσηται·
3716 629 3753 704 ἢ

509 715 766 768 Inetttiam
791 715 1064 782 impetret.
1097 715 1189 770 Vel
1212 715 1303 784 qui
1337 717 1637 786 punitionis
1666 719 1940 770 decretum
1974 716 2079 770 scit

505 806 752 874 angelus,
785 804 936 859 furor
963 805 1056 858 Dei
1081 805 1299 860 dicitur.
1317 806 1531 860 l’eritus
1556 818 1734 860 autem
1762 807 2073 860 divinorum

509 897 792 950 verborum
833 905 887 950 et
933 911 1186 964 operum,
1217 911 1316 951 ceu
1368 896 1473 967 ipsi
1521 906 1702 952 mente
1748 896 2072 964 conformis,

505 988 648 1041 haud
678 1001 802 1040 eum
831 986 1173 1041 exlimescet.

572 1078 620 1112 ³⁸
647 1077 767 1133 Nidi
798 1079 1079 1148 sapientiae
1121 1090 1251 1135 sunt
1286 1079 1559 1148 Ecclesiae,
1600 1081 1676 1136 vel
1709 1081 1949 1137 cmleStia
1977 1081 2075 1136 ha-

503 1168 757 1224 bitacula.
791 1170 1065 1240 Sapientia
1105 1185 1234 1227 vero
1262 1172 1419 1229 Jesus
1446 1175 1693 1230 Christus
1723 1184 1826 1236 est,
1857 1175 1950 1230 Dei
1980 1174 2074 1230 Fi-

503 1258 624 1313 lius.
659 1257 780 1314 Nidi
805 1269 982 1314 autem
1010 1261 1335 1330 prudentiae,
1385 1265 1794 1334 prtestantiores
1821 1276 2067 1335 argento,

500 1351 756 1418 practicte
785 1351 1011 1405 virtutes
1041 1359 1187 1417 sunt,
1215 1353 1451 1423 justitia,
1487 1356 1741 1421 scientia,
1777 1358 2068 1426 sapientia,

503 1443 883 1511 temperantia,
918 1443 1202 1510 fortitudo,
1231 1445 1640 1514 longanimitas,
1680 1450 1967 1518 patientia,
1994 1452 2068 1505 le-

502 1532 660 1597 nitas,
685 1532 1050 1604 eleetnosyna,
1091 1534 1226 1590 ﬁdes
1253 1551 1375 1591 cum
1416 1553 1512 1608 spe
1537 1551 1592 1594 et
1640 1540 2070 1612 charitatej‘per

499 1638 636 1692 quas
673 1639 770 1679 ceu
807 1627 1074 1682 scalarum
1121 1633 1320 1698 gradus
1354 1631 1406 1684 in
1442 1633 1720 1700 sapientia:
1758 1635 2064 1690 habitacula

497 1716 707 1787 ingredi
738 1719 872 1774 nihil
905 1730 1049 1775 vetat
1074 1737 1169 1777 eos
1191 1724 1281 1792 qui
1315 1723 1442 1778 illuc
1466 1730 1836 1782 conscendere
1879 1739 1933 1783 et
1971 1729 2066 1783 ha-

497 1809 672 1864 bitare
700 1810 996 1869 voluerint.

571 1901 615 1932 ³⁷
649 1901 998 1972 Disciplinam
1024 1904 1154 1960 dicit
1180 1905 1430 1962 timorem
1471 1907 1588 1974 Dei,
1617 1908 1900 1979 jejunium,
1928 1926 2060 1966 con-

500 1993 803 2060 tinentiam;
832 1995 1073 2066 vigilias,
1109 1997 1605 2069 hymnologiam,et
1627 2017 1746 2055 eam
1769 2017 1931 2070 quam
1966 2018 2063 2058 no-
2094 1972 2136 2027 Β

498 2083 582 2138 bis
617 2083 756 2140 Deus
787 2087 1147 2155 experimenti
1177 2104 1340 2144 causa
1373 2092 1682 2146 morbormn
1713 2093 1919 2148 inducit
1940 2109 2061 2149 cas-

497 2176 830 2246 tigatlonem.
859 2177 1332 2248 Reprehensiones
1355 2182 1487 2237 dicit
1513 2186 1764 2238 mandata
1795 2185 1915 2252 Dei;
1949 2188 2062 2240 haec

493 2267 638 2321 enim
666 2277 974 2336 peccantes
1008 2283 1110 2324 nos
1161 2273 1586 2342 reprehendunt.
1622 2275 1750 2330 Vias
1793 2277 1893 2332 hoc
1943 2278 2062 2334 loco

492 2358 628 2415 dicit
659 2373 873 2425 sensus,
905 2375 1042 2430 quos
1068 2362 1159 2431 qui
1183 2365 1446 2430 custodit,
1479 2377 1653 2420 morte
1676 2379 1917 2437 ereptam
1943 2385 2060 2424 ser-

494 2459 585 2508 Vat
640 2453 874 2508 animam
913 2469 1064 2508 suam
1119 2456 1187 2510 ad
1228 2456 1416 2512 vitam.
1450 2457 1617 2514 Porro
1663 2462 1770 2515 vita
1813 2469 1894 2516 est
1941 2477 2060 2531 qua:

491 2545 672 2600 omnia
700 2546 1027 2612 viviﬁcat,et
1054 2561 1121 2602 ex
1151 2548 1320 2605 nihilo
1337 2549 1405 2604 ad
1429 2553 1804 2606 exsistentiam
1832 2555 2059 2610 adduxit

492 2632 732 2690 Trinitas
760 2646 968 2692 sancta.
987 2636 1089 2703 Qui
1109 2647 1292 2692 autem
1319 2638 1487 2693 vitam
1515 2641 1710 2711 diligit,
1735 2657 2059 2714 semperque

493 2723 680 2780 vivere
723 2735 892 2796 Optat,
925 2743 988 2782 os
1038 2741 1196 2783 suum
1249 2731 1569 2796 continebit,
1608 2734 1893 2802 quominus
1921 2752 2058 2790 non-

493 2817 594 2872 nisi
625 2819 691 2873 de
722 2817 830 2873 Deo
853 2819 1033 2875 verbis
1055 2829 1109 2875 et
1143 2823 1398 2891 operibus
1431 2822 1704 2893 loquatur,
1741 2834 1798 2881 et
1832 2825 1930 2882 Dei
1965 2842 2060 2884 co-

490 2907 719 2978 gnitioni
751 2911 988 2965 studium
1021 2911 1313 2982 impendet.

560 2997 606 3029 ³⁸
635 2999 754 3055 Vita
784 2999 929 3058 Deus
957 3012 1062 3059 est.
1109 3003 1254 3060 Fons
1294 3016 1473 3062 autem
1501 3008 1625 3063 vita:
1652 3009 1946 3080 tripliciter-
1965 3025 2059 3080 per

488 3103 550 3144 se
573 3090 910 3160 exslstentis,
941 3094 1230 3165 sapientia,
1261 3098 1509 3165 scientia,
1541 3109 1596 3154 et
1626 3101 1854 3158 virtutes
1895 3113 2053 3169 sunt;

486 3197 596 3255 quo
625 3199 692 3238 ex
720 3184 869 3243 fonte
905 3189 998 3258 qui
1028 3189 1238 3258 bibunt,
1273 3191 1737 3249 immortalitatem
1769 3197 2056 3266 sempiter-

2176 718 2206 770 6
2239 717 2361 780 τοὺς
2405 719 2533 788 περὶ
2563 719 2833 783 κολάσεως
2887 722 3246 791 ἐπιστάμενος
3274 721 3463 790 λόγους
3499 723 3752 791 ἄγγελος,

2177 808 2346 880 θυμὸς
2376 809 2469 862 τοῦ
2502 810 2635 863 Θεοῦ
2668 809 2904 880 λέγεται.
2947 814 3004 866 '0
3035 813 3090 866 δὲ
3118 814 3278 882 σοφὸς
3306 816 3362 866 ὲν
3385 813 3548 878 θείοις
3569 815 3752 886 ἔργοις

2173 901 2269 953 καὶ⁷
2295 900 2492 970 λόγοις,
2537 901 2612 967 ὡς
2666 904 2922 975 ὁμόφρων
2950 905 3099 976 αὐτῷ
3148 904 3244 970 ὣν,
3281 906 3344 959 οὐ
3387 905 3752 977 πτοηθήσεται

2172 993 2357 1047 αὐτόν.

2240 1085 2469 1138 Νοσσιαὶ
2499 1086 2688 1156 σοφίας
2707 1088 2843 1141 εἰσὶν
2872 1088 3279 1162 αἱῈκκλησίαι,
3314 1091 3347 1161 ἢ
3377 1091 3434 1144 αἱ
3460 1091 3518 1145 ἐν
3545 1090 3625 1163 τῷ
3657 1093 3750 1146 οὗ·

2173 1177 2321 1248 ρανῷ
2359 1177 2574 1250 σκηναί·
2618 1179 2780 1248 σοφία
2806 1180 2884 1244 δὲ,
2929 1180 3133 1252 Ἰησοῦς
3154 1183 3404 1254 Χριστὸς,
3439 1184 3467 1236 6
3488 1182 3583 1237 τοῦ
3610 1183 3750 1238 Θεοῦ

2172 1268 2319 1332 Υἱὸς.
2357 1270 2525 1322 ἐστὶν.
2555 1270 2784 1323 Νοσσιαὶ
2803 1271 2858 1324 δὲ
2891 1275 3201 1344 φρονήσεως
3233 1273 3584 1346 αίρετώτεραι
3607 1275 3750 1347 ὑπὲρ

2169 1358 2448 1430 ἀργύριον,
2481 1361 2538 1412 αἱ
2571 1363 2876 1432 πρακτικαὶ
2908 1363 3121 1434 ἀρεταί·
3157 1364 3492 1437 δικαιοσύνη,
3521 1367 3748 1435 γνῶσις,

2171 1453 2352 1522 σοφία,
2397 1453 2742 1526 σωφροσύνη,
2787 1455 3028 1527 ἀνδρεία,
3079 1457 3450 1529 μακροθυμία,
3496 1459 3751 1526 ἀνεξικα-

2168 1545 2280 1608 κία,
2335 1545 2621 1617 ἀοργησία,
2673 1547 3030 1620 ἐλεημοσύνη,
3064 1549 3248 1614 πίστις
3284 1551 3381 1604 σὺν
3436 1550 3612 1605 ἐλπίδι
3646 1553 3747 1605 καὶ

2167 1637 2380 1707 ἀγάπῃο
2417 1637 2484 1690 δι’
2503 1637 2566 1701 ἀς
2593 1638 2668 1702 ὡς
2689 1638 2953 1710 κλίμακος
2985 1639 3270 1710 βαθμίδας,
3293 1643 3372 1705 είς
3401 1642 3500 1706 τὰς
3521 1643 3622 1714 τῆς
3659 1661 3751 1696 σο-

2169 1729 2296 1797 φίας
2365 1730 2571 1799 σκηνὰς
2622 1731 2847 1785 εἰσιέναι
2887 1731 3158 1786 ἀκώλυτον
3210 1735 3334 1799 τοὺς
3388 1737 3595 1790 ἀνιέναι
3649 1741 3748 1791 καὶ

2165 1820 2288 1889 οίκῆ
2297 1837 2383 1874 σαι
2418 1821 2788 1893 βουλομένους.

2233 1912 2488 1968 Παιδείαν
2513 1913 2658 1982 λέγει
2701 1915 2865 1983 φόσου
2889 1915 3046 1982 Θεοῦ,
3081 1917 3362 1988 νηστείαν,
3394 1919 3745 1991 ἐγκράτειαν,

2163 2007 2486 2079 ἀγρυπνίαν,
2516 2008 2702 2079 ὕμνον,
2748 2010 2841 2063 καὶ
2885 2010 2983 2079 τὴν
3027 2013 3085 2064 ὲν
3123 2011 3297 2074 νόσοις
3346 2012 3482 2083 πρὸς
3514 2012 3746 2084 δοκιμὴν

2161 2099 2296 2152 Θεοῦ
2345 2101 2720 2173 ἐπερχομένην
2764 2103 2894 2172 ἡμῖν
2941 2103 3204 2156 παιδείαν.
3249 2103 3534 2174 Ἐλέγχους
3591 2105 3744 2174 λέγει

2161 2192 2258 2255 τὰς
2313 2192 2534 2253 ἐντολὰς
2576 2192 2670 2247 τοῦ
2721 2194 2876 2248 Θεοῦ·
2914 2190 3075 2249 αὗται
3114 2195 3223 2267 γάρ
3255 2198 3403 2266 ἡμᾶς
3431 2197 3748 2267 ἐλέγχουσιν

2163 2285 2590 2357 ἁμαρτάνοντας.
2639 2285 2822 2351 Ὁδοὺς
2855 2287 3088 2341 ἐνταῦθα
3117 2289 3216 2350 τὰς
3243 2288 3524 2360 αἰσθήσεις
3553 2289 3742 2359 φησίνο

2159 2379 2188 2430 6
2211 2377 2266 2431 δὲ
2293 2379 2581 2448 φυλάσσων
2610 2378 2802 2443 αύτάς,
2834 2383 2988 2453 τηρεῖ
3020 2381 3086 2432 ἐκ
3123 2380 3354 2434 θανάτου
3388 2381 3485 2452 τὴν
3545 2376 3742 2437 ἑαυτοῦ

2159 2469 2334 2540 ψυχὴν
2364 2470 2499 2541 πρὸς
2533 2470 2698 2540 ζωήν·
2743 2469 2857 2541 ζωὴ
2906 2471 3015 2543 γάρ
3045 2473 3190 2524 ἐστιν
3223 2473 3256 2542 ἡ
3293 2473 3468 2526 πάντα
3501 2471 3740 2538 ζωοῦσα,

2160 2563 2256 2617 καὶ
2289 2562 2349 2628 ἐξ
2380 2563 2673 2618 οὐκ-ὅντων
2729 2564 2808 2627 είς
2832 2564 2892 2618 τὸ
2939 2560 3079 2618 εἶναι
3131 2566 3529 2636 παραγαγοῦσα
3567 2567 3741 2638 Τριάς

2161 2657 2308 2726 ἀγία’
2347 2659 2375 2710 ὁ
2397 2657 2454 2710 δὲ
2486 2656 2716 2724 ἀγαπῶν
2742 2656 2839 2728 τὴν
2868 2655 3032 2727 ζωὴν,
3064 2658 3155 2710 καὶ
3185 2658 3274 2710 ἀεὶ
3295 2658 3393 2729 ζῇν
3424 2656 3558 2728 αὐτῇ
3587 2659 3739 2725 ἐφιέ-

2161 2763 2340 2818 μενος,
2388 2747 2632 2816 φείσεται
2677 2748 2942 2818 στόματος
2973 2744 3138 2800 αὑτοῦ
3177 2749 3240 2801 ὲκ
3273 2748 3380 2800 τῶν
3400 2749 3472 2819 μὴ
3494 2747 3628 2801 Θεοῦ
3649 2747 3743 2801 λό’

2158 2856 2270 2909 γων
2324 2841 2418 2894 καὶ
2471 2839 2666 2912 ἔργων,
2715 2838 2810 2894 καὶ
2849 2840 2918 2911 τῇ
2968 2839 3168 2910 γνώσει
3228 2840 3320 2893 τοῦ
3372 2840 3507 2893 Θεοῦ
3570 2857 3739 2911 προς-

2157 2932 2290 2998 ἐξει.

2229 3024 2350 3096 Ζωὴ
2381 3025 2410 3076 ό
2439 3023 2572 3088 Θεός
2602 3025 2737 3078 ἐστι’
2771 3024 2870 3095 τῆς
2897 3022 2954 3078 δὲ
2981 3022 3345 3097 τρισσοφαοῦς
3370 3023 3673 3088 αὐτοζωῖας
3703 3026 3737 3092 ἡ

2158 3117 2327 3190 πηγὴ,
2360 3119 2392 3188 ἡ
2427 3115 2585 3186 σοφία
2605 3112 2699 3170 καὶ
2726 3116 2759 3187 ἡ
2789 3116 2990 3184 γνῶσις
3021 3115 3114 3170 καὶ
3149 3118 3204 3169 al
3246 3110 3436 3186 ἀρεταί
3466 3116 3625 3168 εἰσινο
3677 3113 3739 3179 ἐξ

2154 3201 2223 3279 ἦς
2256 3208 2438 3279 πηγῆς
2459 3209 2507 3261 οἱ
2552 3207 2818 3269 πίνοντες,
2847 3206 3141 3270 ἀθανασίας
3188 3205 3472 3276 μετέχουσι
3505 3221 3600 3258 και
3620 3206 3738 3257 an.

488 3290 721 3346 namque
747 3279 915 3333 vitam
941 3282 1290 3354 participant.
1328 3281 1446 3339 Jam
1489 3285 1580 3354 qui
1612 3287 1758 3342 dicto
1785 3287 1931 3343 fonte
1957 3305 2052 3359 po-

2164 3300 2338 3365 :wtac'
2373 3303 2482 3364 τοῖς
2510 3296 2567 3352 δὲ
2597 3299 2958 3370 κεκτημένοις
2978 3294 3076 3370 τὴν
3125 3297 3380 3368 τοιαύτην
3409 3297 3614 3369 πηγὴν,
3649 3291 3736 3350 ἔνι

489 3365 570 3421 titi
601 3378 748 3434 sunt,
776 3369 810 3424 ii
835 3371 995 3427 verba
1027 3373 1152 3428 vita
1177 3375 1529 3430 meditantur.
1565 3378 1638 3432 At
1672 3393 1800 3433 vero
1833 3381 2052 3435 insano-

487 3473 608 3512 rum
631 3459 935 3529 disciplina,
970 3464 1289 3533 improbitas
1316 3477 1401 3522 est
1432 3487 1446 3523 :
1481 3479 1593 3522 tum
1626 3477 1682 3523 et
1713 3484 1832 3539 qua:
1855 3471 2054 3527 dicitur

485 3547 607 3602 siue
630 3551 974 3620 correptione
1004 3554 1314 3623 disciplina,
1349 3559 1575 3614 stultitia
1610 3571 1713 3614 est.

552 3637 596 3671 ³⁸
625 3640 919 3698 Scientiam
975 3648 1273 3716 appellavit
1319 3652 1710 3720 cognitionem,
1761 3654 1886 3723 quia
1940 3655 2052 3711 haec

484 3730 665 3784 omnia
702 3735 916 3804 neg0tia
970 3740 1272 3807 cognoscit.
1324 3741 1431 3796 Cor
1482 3745 1803 3813 sapientium
1851 3748 2053 3817 cogitat

484 3837 606 3892 qua:
644 3825 712 3880 ah
739 3840 835 3882 ore
873 3831 1120 3900 proprio,
1165 3833 1221 3887 in
1245 3832 1454 3900 judicio
1481 3837 1549 3889 de
1581 3838 1856 3906 corporeis
1881 3851 1937 3892 et
1968 3839 2050 3891 in-

484 3919 762 3989 corporeis
803 3937 819 3976 :
859 3930 913 3976 et
962 3924 1107 3993 quod
1159 3924 1257 3994 ipsi
1317 3924 1502 3982 facere
1561 3929 1789 3993 docent,
1848 3929 2053 3999 pariter

483 4019 671 4078 agunt.

557 4100 605 4134 “
646 4102 852 4158 Diaboli
883 4103 1128 4160 doctrina
1158 4108 1356 4164 eruditi
1391 4109 1684 4179 dtemones,
1717 4126 1934 4171 sanctos
1955 4132 2050 4188 op-
2075 4133 2088 4146 '

486 4204 748 4262 pugnant,
778 4211 981 4268 eosque
1029 4215 1058 4254 a
1107 4201 1342 4257 scientia
1387 4205 1480 4259 Dei
1531 4216 1716 4262 arcere
1760 4222 2046 4274 conantur,

481 4297 601 4352 qua:
630 4285 768 4341 solet
823 4288 968 4357 ipsos
1016 4293 1270 4362 copulare
1310 4295 1545 4350 amicitia
1583 4314 1707 4352 cum
1739 4301 2048 4357 ctelestibus

480 4376 865 4442 petestatibus.
911 4378 1022 4435 lloe
1053 4381 1224 4448 ipsum
1259 4384 1512 4440 Salomon
1545 4402 1783 4458 quoque,
1816 4401 1874 4445 ut
1905 4395 2047 4448 arbi-

483 4475 618 4531 tror,
645 4466 746 4522 hoc
767 4468 932 4525 elfato
957 4472 1253 4542 signiﬁcat,
1279 4491 1603 4544 perversum
1625 4481 1841 4548 quidem
1873 4485 2046 4540 homi-

481 4568 604 4608 nem
633 4555 820 4612 dicens
861 4557 1116 4616 Satanam
1154 4581 1168 4617 ;
1201 4575 1550 4623 transeuntes
1578 4571 1685 4625 doli
1725 4571 1891 4638 faces,
1916 4591 2043 4629 eru-

479 4643 622 4703 ditos
649 4649 717 4702 ab
744 4649 835 4704 illo
875 4651 1047 4707 malos
1097 4653 1372 4712 daemones
1398 4675 1412 4711 :
1448 4660 1674 4724 amicos,
1704 4675 1925 4720 sanctos
1952 4669 2042 4735 qui

479 4739 710 4797 scientia
736 4756 833 4798 sua
865 4743 1035 4799 Deum
1065 4747 1342 4818 attingunt
1377 4759 1433 4806 et
1463 4755 1605 4829 inter
1626 4768 1704 4809 se.

549 5003 592 5037 “
623 5001 738 5060 Vir
761 5004 1002 5078 iniquus,
1028 5007 1278 5066 diabolus
1309 5019 1414 5079 est,
1445 5014 1534 5082 qui
1567 5014 1658 5069 Dei
1679 5017 1899 5074 amicos
1927 5029 2044 5075 len-

477 5104 584 5163 tat,
628 5096 939 5166 inducitque
980 5098 1035 5154 in
1081 5099 1197 5156 vias
1244 5103 1564 5170 perditionis
1596 5114 1652 5161 et
1690 5121 1795 5162 non
1847 5111 2037 5168 bonas.

479 5186 769 5260 Postquam
795 5204 924 5246 vero
953 5199 1268 5247 sanctorum
1293 5194 1528 5265 aliquem
1559 5199 1853 5271 deceperit,
1872 5205 2039 5259 oblir-

479 5288 590 5333 mat
615 5281 716 5337 sibi
743 5297 850 5351 pra:
866 5282 1040 5338 oculis
1064 5285 1520 5354 machinationes,
1540 5291 1740 5360 cogitat
1762 5309 2038 5363 perversa.

476 5385 544 5424 ne
590 5371 728 5430 forte
777 5376 1045 5445 pumileas
1094 5377 1334 5432 salvetur
1384 5380 1431 5434 is
1460 5395 1618 5450 quem
1667 5397 1893 5440 venatus
1933 5400 2036 5444 est.

475 5461 522 5494 ”
551 5460 783 5533 Inspirat
804 5477 986 5524 autem
1013 5469 1234 5525 auribus
1277 5471 1396 5540 ejus
1425 5488 1622 5543 pravas
1651 5478 1920 5545 quaslibet
1948 5496 2038 5534 co-

473 5548 785 5619 gitationes,
814 5557 1245 5628 desperationem
1277 5569 1332 5614 et
1356 5565 1722 5622 omnimodam
1759 5569 2027 5642 intempe-

473 5645 662 5702 rantia:
692 5648 1038 5719 voluptatem.
1071 5653 1194 5712 llaec
1216 5667 1300 5714 est
1320 5661 1502 5715 omnis
1527 5661 1782 5729 nequitia:
1811 5662 2025 5730 fornax,

2152 3410 2267 3446 νοια
2296 3391 2469 3460 λόγων
2509 3389 2652 3461 ζωῆς
2680 3390 2816 3444 ὲστιο
2855 3392 2888 3460 ἡ
2919 3389 2977 3444 δὲ
2999 3389 3212 3443 παιδεία
3253 3389 3520 3462 ἀφρόνων,
3628 3405 3735 3443 κα·-

2151 3483 2246 3536 κία
2272 3481 2437 3534 ἐστίν’
2469 3483 2503 3552 ή
2537 3479 2593 3532 δὲ
2637 3479 3022 3550 ἀνεξέλεγκτος
3070 3479 3306 3545 παιδεία,
3360 3482 3396 3551 ἢ
3449 3479 3733 3551 ἀφροσύνη

2154 3573 2316 3626 ἐστίν.

2220 3661 2330 3731 Τὴν
2355 3661 2555 3730 γνῶσιν
2577 3662 3028 3733 ἐπιγνωμοσύνην
3054 3657 3195 3724 εἷπε,
3229 3660 3380 3730 παρά
3411 3658 3471 3714 τὸ
3505 3660 3572 3714 τὰ
3605 3663 3734 3716 πάνυ

2151 3770 2218 3806 τα
2241 3752 2409 3823 αὐτὴν
2451 3752 2834 3820 ἐπιγινώσκειν
2860 3753 2947 3814 ,τά
2986 3755 3304 3824 πράγματα·
3351 3755 3385 3824 ὴ
3428 3753 3484 3806 δὲ
3530 3753 3731 3824 καρδία

2148 3842 2256 3895 τῶν
2289 3843 2469 3912 σοφῶν
2497 3846 2607 3898 νοεῖ
2635 3843 2702 3896 τά
2726 3845 2834 3897 ἀπὸ
2854 3845 2947 3898 τοῦ
2975 3845 3104 3898 ίδίου
3128 3845 3392 3915 στόματος
3419 3844 3476 3897 ἕν
3524 3861 3586 3897 τε
3617 3846 3731 3915 κρὶο

2151 3952 2232 3988 σει
2283 3935 2550 4006 σωμάτων
2579 3937 2673 3988 καὶ
2703 3936 3031 4008 ἀσωμάτων,
3071 3937 3164 3989 καὶ
3202 3936 3343 4006 ἅπερ
3367 3937 3520 3989 αὐτοὶ
3552 3939 3729 3988 ποιεῖν

2147 4025 2452 4081 διδάσκουσι
2486 4026 2578 4079 καὶ
2601 4027 2950 4097 πράττουσιν.

2219 4119 2421 4186 Λόγους
2443 4121 2492 4171 οί
2507 4118 2755 4185 δαίμονες
2775 4117 2924 4189 παρά
2938 4116 3030 4170 τοῦ
3064 4116 3311 4170 διαϐόλου
3338 4116 3726 4187 μανθάνοντες,

2150 4209 2486 4280 ἐπιχειροῦσι
2512 4209 2623 4274 τοῖς
2667 4209 2864 4278 ἁγίοις,
2903 4209 2998 4262 καὶ
3020 4207 3310 4280 πειρᾶσθαι
3337 4208 3595 4279 χωρίζειν
3625 4210 3724 4261 αὑ-

2147 4301 2271 4362 τοὺς
2295 4301 2632 4356 ὲπινοοῦνται
2654 4302 2871 4372 ἀπὸτῆς
2899 4299 3172 4367 γνώσεως,
3218 4301 3341 4371 ἥτις
3363 4301 3576 4369 πέφυκε
3605 4317 3730 4353 συν-

2147 4390 2338 4445 άπτειν
2385 4393 2582 4457 αὐτοὺς
2609 4393 2746 4464 πρὸς
2763 4391 2944 4462 φιλίαν
2981 4394 3100 4456 ταῖς
3131 4391 3471 4462 ἐπουρανίοις
3495 4391 3726 4462 δυνάμε-

2149 4497 2220 4533 σιο
2250 4483 2309 4534 τὸ
2325 4483 2368 4535 δ’
2386 4485 2517 4537 αὐτὸ
2529 4485 2685 4538 τοῦτο
2706 4487 2799 4538 καὶ
2822 4485 2851 4536 6
2871 4483 3120 4555 Σολομῶν
3138 4483 3213 4546 ὡς
3235 4477 3392 4553 οἶμαι
3411 4482 3497 4536 διὰ
3522 4485 3725 4552 ταύτης

2148 4573 2248 4644 τῆς
2267 4576 2564 4646 παροιμίας
2587 4576 2872 4648 δεδήλωκε⁶
2900 4573 3110 4628 σκολιὸν
3134 4577 3230 4645 μὲν
3249 4575 3416 4647 ἄνδρα
3437 4575 3614 4644 λέγων
3633 4576 3725 4629 τὸν

2078 4647 2123 4702 D
2151 4668 2410 4720 Σατανᾶνο
2441 4668 2836 4740 πορευομένους
2874 4668 2930 4721 δὲ
2963 4667 3288 4740 λαμπτῆρας
3309 4668 3459 4720 δόλου
3487 4669 3617 4731 τοὺς
3643 4669 3724 4722 δι-

2143 4758 2504 4829 δασκομένους
2521 4760 2650 4829 παρ’
2665 4760 2828 4812 αὑτοῦ
2853 4761 3056 4823 κακοὺς
3081 4759 3337 4831 δαίμονάς
3353 4775 3504 4829 φησι·
3535 4760 3722 4828 φίλους

2143 4847 2220 4910 δὲ,
2267 4847 2393 4910 τοὺς
2426 4849 2636 4916 ἁγίους,
2686 4849 2810 4911 τοὺς
2843 4848 2930 4902 διὰ
2966 4850 3063 4920 τῆς
3093 4849 3343 4918 γνώσεως
3383 4849 3719 4919 ἁπτομένους

2141 4937 2220 5008 τῷ
2248 4937 2366 5008 Θεῷ
2389 4941 2480 4992 καὶ
2507 4939 2776 5010 ἀλλήλοις.

2227 5031 2389 5101 Ἀνὴρ
2423 5033 2737 5103 παράνομος
2785 5020 2815 5084 6
2855 5030 3098 5096 διάϐολός
3145 5033 3312 5085 ἐστιν·
3353 5031 3718 5102 ἀποπειρᾶται

2135 5121 2192 5175 δὲ
2226 5123 2413 5192 φίλους
2447 5124 2604 5188 Θεοῦ,
2637 5127 2731 5178 καὶ
2775 5104 2980 5194 ἀπάγει
3025 5126 3223 5188 αὐτοὺς
3254 5127 3372 5188 ταῖς
3402 5125 3540 5196 πρὸς
3568 5124 3719 5176 ἀπώ-

2136 5214 2286 5269 λειαν
2307 5217 2445 5280 ὁδοῖς
2476 5218 2569 5270 καὶ
2597 5218 2698 5272 οὐκ
2722 5219 2971 5286 ἀγαθαῖς⁸
3000 5220 3128 5272 ὅταν
3161 5219 3216 5272 δέ
3255 5235 3376 5272 τινα
3404 5219 3511 5269 τῶν
3545 5218 3717 5284 ἁγίων

2136 5307 2410 5381 ἀπατήσῃ,
2467 5309 2707 5380 στηρίξει
2753 5315 3000 5382 νοήματα
3050 5313 3162 5374 τοῖς
3201 5310 3500 5380 ὀφθαλμοῖς
3527 5308 3714 5369 αὑτοῦ,

2137 5399 2232 5451 καὶ
2260 5381 2531 5467 λογίζεται
2553 5381 2976 5474 διεστραμμένα,
3015 5405 3087 5474 μή
3121 5419 3237 5465 πως
3269 5401 3413 5472 σωθῇ
3452 5401 3714 5471 μετανοή-

2137 5505 2236 5551 σας
2261 5489 2320 5541 δν
2354 5490 2633 5562 ὲθήρευσεο
2667 5493 2835 5557 κνίζει
2855 5495 2911 5547 δὲ
2938 5497 3050 5557 τοῖς
3072 5493 3305 5563 χείλεσιν
3332 5491 3498 5546 αὑτοῦ
3522 5493 3579 5542 ὲν
3603 5494 3715 5554 τοῖς

2135 5578 2266 5633 ὠσὶν
2291 5581 2498 5634 ἐκείνου
2518 5583 2697 5637 πάντα
2716 5583 2783 5636 τὰ
2819 5584 2963 5638 κακά
2995 5584 3378 5655 ἐνθυμήματα,
3399 5582 3714 5654 ἀπόγνωσίν

2133 5687 2192 5725 τε
2226 5673 2317 5725 καὶ
2365 5674 2544 5728 πᾶσαν
2575 5673 2766 5746 ἡδονὴν
2798 5675 3111 5739 ἀκολασίας·
3150 5671 3298 5740 οὗτος
3333 5676 3564 5754 κάμινός
3595 5677 3712 5730 ἐστι

537 5805 582 5838 ³⁸
615 5823 664 5862 v.
699 5810 782 5864 Η.
859 5813 902 5845 ⁸⁸
926 5830 970 5870 v.
1003 5815 1088 5873 16.
1166 5819 1208 5851 ³⁷
1241 5821 1406 5876 ν.17.
1486 5825 1529 5856 ³⁸
1548 5842 1596 5880 v.
1627 5826 1715 5882 22.
1794 5827 1836 5862 ³³
1870 5845 1918 5884 t'.
1954 5829 2044 5886 9.5.

2164 5837 2169 5862 '
2201 5847 2247 5888 ν.
2280 5833 2370 5890 28.
2446 5835 2486 5866 ⁵⁸
2519 5851 2569 5889 v.
2599 5835 2692 5891 29.
2764 5835 2808 5867 δ’
2835 5851 2881 5891 v.
2907 5833 2998 5892 50.
