3958 6508
265 403 362 459 Ιθῖ

1451 378 1828 453 ἐχροδιτιυ
1855 393 1925 452 IN
1954 393 2368 452 PROVERBlA.

3400 398 3505 455 I98

259 519 444 591 πάσης
462 518 676 583 κακίας·
709 513 802 572 καὶ
818 516 1005 588 φλέγει
1029 518 1085 570 ὲν
1111 517 1246 588 αὐτῇ
1265 515 1361 579 τὰς
1398 516 1574 586 ψυχὰς
1601 515 1709 568 τῶν
1730 513 1837 566 ὀλι-

1956 516 1997 567 ῑη
2027 528 2131 582 qua
2165 510 2561 568 comburuntur
2590 514 2786 580 animae
2814 527 3002 568 eorum
3034 513 3124 583 qui
3160 511 3288 567 illuc
3315 510 3505 566 labun-

259 612 628 684 σθησομένων·
657 611 794 664 ἀλλά
814 611 1016 682 ταύτης
1045 609 1143 679 τῆς
1167 609 1392 680 καμίνου
1409 609 1713 662 ἐκτινάσσει
1735 606 1832 677 τὴν

257 707 434 775 φλόγα
464 704 688 776 Πνεῦμα
715 705 877 768 θεῖον,
906 703 1212 775 διασυρίζον
1252 703 1442 772 σοφίαν
1473 701 1683 774 δρόσου·
1708 700 1833 752 πολ-

258 798 336 850 λοὶ
371 797 429 849 δὲ
467 798 547 850 ἔτι
583 797 692 851 τῶν
737 799 856 850 κατ’
891 796 1062 868 αὐτὴν
1105 796 1331 867 πονηροὶ
1372 794 1668 864 ἄνθρωποι,
1708 791 1832 844 εἰώ-

257 886 379 939 θασι
409 887 798 957 μιμεῖσθαιτδν
828 885 1038 957 πατέρα
1055 886 1238 948 αὑτοῖς
1261 883 1525 938 διάϐολον.

325 979 580 1043 Κόλπους
614 978 847 1033 ἐνταῦθα
872 980 971 1044 τὰς
1016 979 1240 1050 καρδίας
1271 978 1459 1049 εῐρηκε
1481 977 1589 1030 τῶν
1613 974 1830 1029 ἀδίκων·

248 1063 409 1141 οἶμαι
433 1070 489 1124 δὲ
519 1071 601 1126 ὅτι
624 1072 716 1124 καὶ
736 1071 1009 1142 πανταχοῦ
1038 1072 1066 1124 6
1083 1070 1279 1134 κόλπος
1305 1069 1340 1141 ἢ
1363 1068 1454 1122 τὸν
1481 1067 1626 1133 νοῦν,
1652 1066 1686 1137 ἢ
1735 1066 1834 1135 τὴν

255 1162 460 1230 γνῶσιν
509 1163 783 1234 σημαίνειο
817 1163 913 1217 καὶ
955 1163 1082 1226 τοὺς
1115 1161 1212 1232 μὲν
1238 1159 1507 1232 πονηροὺς
1536 1160 1566 1212 6
1591 1157 1837 1220 διάϐολος

254 1254 660 1323 ὲγκολπίζεται,
688 1257 814 1319 τοὺς
849 1253 906 1308 δὲ
944 1254 1183 1318 δικαίους
1204 1255 1233 1306 6
1261 1254 1484 1326 Κύριος.
1581 1311 1588 1315 _

1941 614 2045 660 tur.
2071 605 2176 659 Sed
2205 609 2349 659 enim
2382 605 2540 674 hujus
2569 621 2789 676 quoque
2810 606 3069 670 gformcis
3091 605 3316 660 discutit
3356 603 3507 658 ﬂam—

1939 711 2082 750 mam
2111 696 2326 752 divinus
2351 697 2610 766 Spiritus,
2645 699 2928 754 insibilans
2977 698 3299 766 sapientiam
3343 711 3504 751 roris.

1938 788 2130 843 Adhuc
2165 803 2294 844 vero
2326 789 2478 844 multi
2515 791 2616 845 hoc
2648 801 2811 859 pacto
2839 791 3066 860 improhi
3099 790 3375 852 homines,
3413 804 3506 859 pa-

1941 890 2076 936 trem
2102 895 2258 935 suum
2291 881 2562 936 diabolum
2586 882 2762 936 solent
2793 883 3016 940 imitari.

2010 970 2056 1002 ⁸⁸
2084 971 2247 1026 Sinus
2279 972 2371 1026 hic
2415 974 2581 1028 corda
2613 974 2748 1028 dixit
2798 974 3125 1044 iniquorum.
3160 972 3299 1026 Puto
3326 981 3504 1026 autem

1939 1063 2117 1118 sinum
2137 1062 2338 1132 ubique
2358 1063 2666 1130 signiﬁcare
2688 1075 2784 1120 aut
2803 1074 3040 1118 mentem
3078 1073 3171 1118 aut
3197 1064 3504 1118 scientiam.

1939 1152 2010 1208 Et
2038 1153 2312 1222 improbos
2341 1154 2558 1224 quidem
2593 1163 2770 1227 gestat
2796 1153 2852 1209 in
2879 1154 3003 1210 sinu
3030 1153 3303 1218 diabolus,
3328 1153 3507 1224 iustos

1944 1244 2220 1301 Dominus.

1727 1337 1882 1394 CAP.
1910 1333 2075 1390 XVH.

325 1442 391 1496 Εί
413 1442 524 1506 πᾶς
568 1439 598 1493 6
641 1438 809 1494 ποιῶν
830 1439 929 1511 τὴν
960 1435 1236 1510 ἁμαρτίαν
1267 1433 1451 1498 δοῦλός
1492 1435 1630 1498 ἐστι,
1654 1433 1764 1496 πᾶς
1813 1432 1842 1483 6

248 1535 500 1598 ἀποστάς
532 1534 632 1606 τῆς
674 1533 870 1596 κακίας
908 1533 997 1586 διὰ
1043 1530 1144 1600 τῆς
1179 1530 1402 1601 ἀρετῆς,
1433 1528 1540 1582 τῶν
1570 1527 1840 1596 δαιμόνων

2011 1428 2056 1460 ⁸⁸
2087 1426 2346 1508 Siomnis
2376 1427 2465 1497 qui
2490 1426 2620 1482 facit
2646 1437 2951 1498 peccatum,
2981 1444 3174 1486 servus
3202 1438 3306 1496 est,
3330 1431 3510 1487 omnis

1939 1522 2180 1578 vicissim
2223 1521 2318 1590 qui
2355 1536 2384 1575 a
2417 1521 2655 1590 nequitia
2709 1523 2918 1578 recedit
2963 1533 3186 1593 propter
3225 1523 3504 1586 virtutem,
3593 1549 3608 1558 ο

248 1627 508 1699 ἀφρόνων
551 1627 719 1678 όντων
767 1623 1043 1677 δεσποτῶν
1097 1623 1417 1693 ἐκράτησεν·
1462 1619 1522 1683 ὃς
1571 1619 1666 1672 καὶ
1691 1612 1838 1679 οἶκος

1956 1614 2276 1670 ιωιηοηίὺιιδ
2323 1613 2540 1667 vesanis
2589 1614 2826 1669 dominis
2877 1616 3156 1685 praevalet.
3197 1614 3298 1671 llic
3343 1618 3506 1670 etiam

251 1681 576 1790 μῦστηρίων
600 1715 736 1769 Θεοῦ
764 1701 1072 1785 γενήσεται,
1114 1681 1254 1766 κάτὰ
1279 1681 1568 1779 ἀναλογίαν
1607 1708 1705 1778 τῆς
1739 1725 1836 1761 κα-

1956 1705 2320 1774 uysteriornm
2356 1703 2448 1757 Dei
2482 1703 2816 1758 domicilium
2849 1681 2960 1770 lict,
2990 1721 3089 1774 pro
3111 1715 3288 1761 status
3321 1708 3512 1762 condi-

246 1813 594 1874 ταστάσεως,
624 1809 840 1879 ἑκάστῳ
866 1807 976 1860 τῶν
1002 1805 1244 1877 ἀδελφῶν
1266 1805 1440 1867 διδοὺς
1462 1801 1662 1872 γνῶσιν
1682 1817 1836 1852 πνευ-

251 1903 520 1975 ματικήνο
553 1900 695 1954 οὑτω
725 1901 819 1954 καὶ
854 1900 1066 1963 Παῦλος
1089 1898 1215 1962 τοὺς
1245 1899 1342 1969 μὲν
1370 1899 1428 1950 ὲν
1462 1893 1711 1967 Κορίνθῳ
1732 1908 1834 1960 γα-

247 1993 585 2058 λαποτίζων,
634 1995 760 2057 τοὺς
807 1993 862 2046 δὲ
889 1994 947 2047 ὲν
999 1990 1208 2060 Ἐφέσῳ
1239 1989 1455 2060 τρέφων
1499 1983 1838 2056 στερεωτέρᾳ

246 2091 454 2162 τροφῇ,
504 2089 633 2160 περὶ
668 2087 834 2157 ὕψους
863 2087 957 2140 καὶ
1005 2086 1211 2156 μήκους
1239 2083 1333 2136 καὶ
1359 2080 1592 2142 πλάτους
1623 2079 1717 2131 καὶ
1741 2077 1837 2147 βά-

244 2181 380 2245 θους
437 2179 836 2249 διαλεγόμενος·
881 2177 976 2230 καὶ
1011 2175 1100 2228 διὰ
1141 2173 1345 2226 τούτων
1386 2170 1494 2223 τῶν
1532 2167 1834 2237 διαστημά-

243 2291 359 2326 των
411 2270 654 2344 τὴντῆς
693 2268 914 2338 λογικῆς
965 2266 1180 2336 φύσεως
1241 2262 1520 2334 σημαίνων
1549 2261 1834 2330 διαίρεσιν,

245 2365 375 2433 ἣτις
397 2364 526 2424 τοὺς
548 2360 676 2431 περὶ
698 2358 931 2431 κρίσεως
957 2357 1052 2409 καὶ
1083 2353 1335 2427 προνοίας
1363 2350 1456 2404 τοῦ
1481 2348 1616 2403 Θεοῦ
1651 2347 1837 2417 λόγους

243 2455 601 2527 ἐμπεριέχει,
654 2453 795 2507 πάνυ
844 2449 1176 2520 βαθυτάτους
1217 2444 1584 2516 ὑπάρχοντας,
1619 2440 1714 2495 καὶ
1742 2441 1836 2493 ὲκ-

244 2548 560 2618 φεύγοντας
584 2546 683 2618 τὴν
714 2541 1064 2614 ἀνθρωπίνην
1103 2538 1456 2593 κατάστασιν.

315 2641 567 2710 Κάμινοι
585 2639 632 2691 οἱ
663 2634 976 2707 πειρασμοί·
1001 2630 1090 2685 διὰ
1112 2630 1222 2702 γὰρ
1244 2629 1352 2683 τῶν
1390 2624 1722 2700 πειρασμῶν,
1739 2641 1837 2678 κα-

248 2737 431 2806 θάρας
471 2732 568 2786 καὶ
601 2727 965 2801 ἀκηλιδώτους
1008 2725 1107 2790 τὰς
1148 2721 1374 2796 καρδίας
1424 2719 1535 2774 τῶν
1567 2716 1839 2772 ἐκλεκτῶν

246 2831 276 2884 6
299 2828 441 2895 Θεὸς
478 2825 782 2893 ἐκλέγεται.

329 2924 397 2976 '0
425 2918 700 2992 αἱρετικὸς
728 2912 991 2970 ὑπακούει
1011 2909 1263 2981 γλώσσης
1296 2909 1395 2978 τῆς
1416 2907 1525 2960 τῶν
1556 2905 1731 2960 ἀθέων
1755 2902 1838 2956 δο-
1871 2947 1880 2958 .

1942 1795 2086 1848 tione
2117 1792 2351 1861 singulis
2379 1792 2640 1860 fratribus
2666 1794 2970 1863 spiritalem
3004 1796 3290 1851 scientiam
3320 1796 3512 1852 distri-

1931 1886 2128 1946 buens.
2162 1882 2255 1940 Sic
2287 1884 2451 1938 etiam
2489 1884 2690 1942 Paulus
2719 1886 3033 1941 Corinthios
3062 1887 3224 1951 lacte.
3247 1887 3513 1955 Ephesios

1937 1981 2197 2044 solidiore
2249 1980 2371 2034 cibo
2399 1981 2677 2050 pascebat,
2725 1981 2792 2036 de
2837 1981 3192 2052 longitudine,
3224 1980 3512 2036 latitudine

1937 2082 1992 2128 et
2023 2073 2389 2142 profunditate
2440 2074 2692 2143 loquens,
2720 2075 2908 2144 spatiis
2951 2075 3034 2128 his
3069 2074 3387 2144 signiﬁcans
3431 2087 3514 2126 ra-

1942 2165 2161 2220 tionalis
2187 2177 2394 2221 naturae
2418 2167 2814 2232 diversitatem,
2844 2184 2962 2236 qua:
2994 2167 3087 2222 Dei
3123 2169 3190 2228 de
3218 2167 3424 2235 judicio
3445 2180 3510 2220 se

1938 2256 2276 2324 providentia
2296 2271 2579 2314 sermones
2592 2261 3026 2328 comprehcndit,
3043 2257 3340 2330 profundos
3359 2259 3513 2330 equi-

1938 2347 2080 2412 dem,
2109 2358 2164 2404 et
2196 2349 2487 2405 hmuanam
2516 2353 2884 2408 conditionem
2911 2353 3260 2410 escedentes.

2006 2617 2052 2648 "
2085 2615 2362 2672 Fornaces
2411 2626 2536 2672 sunt
2590 2618 2939 2673 tentationes.
2963 2615 3176 2671 Etenim
3221 2625 3512 2688 postquam

1938 2722 2035 2776 per
2061 2707 2390 2762 tentationcs
2413 2708 2574 2762 corda
2605 2709 2877 2778 purgavit,
2913 2718 3023 2780 tum
3057 2709 3272 2766 demum
3323 2709 3515 2763 imma-

1940 2801 2119 2856 culata
2144 2801 2246 2855 sibi
2275 2800 2427 2872 eligit
2459 2802 2619 2856 Deus.

2013 2893 2057 2924 “
2083 2892 2253 2947 Hornu
2285 2893 2580 2946 haereticus
2608 2891 3036 2961 irreligiosorum
3067 2891 3382 2960 dogmatum
3414 2891 3516 2946 lin-

248 2983 504 3087 7pétmv:
533 3013 583 3065 οί
607 3011 664 3064 δὲ
688 3008 787 3079 τῆς
815 3004 1158 3076 Ἑκκλησίας,
1189 3002 1309 3056 οὑδὲ
1335 2999 1711 3073 προσέχουσιν.
1741 2995 1839 3087 Διά

1956 2999 2101 3052 gnam
2134 2983 2388 3050 obaudit;
2419 2996 2475 3039 at
2503 2984 2756 3040 Ecclesiae
2782 2984 2966 3039 ﬁdeles
3007 2985 3150 3039 nulla
3179 2991 3319 3039 hanc
3342 2994 3520 3040 atten-

245 3085 348 3162 τοῦ
380 3102 700 3165 ὑπακούειν,
725 3099 785 3152 τὸ
813 3095 1058 3152 ἑκούσιον
1085 3095 1376 3154 δείκνυσιν,
1402 3091 1477 3155 ὠς
1507 3092 1588 3154 είς
1608 3090 1706 3161 τὴν
1741 3085 1838 3141 τοῦ

247 3199 393 3255 Θεοῦ
421 3197 592 3266 σοφὴν
625 3194 889 3264 διοίκησιν
919 3185 1263 3261 ἐξαμαρτών.
1291 3217 1361 3226 --
1379 3179 1548 3253 Οὗτος
1573 3180 1839 3235 ὑπακούει

247 3295 380 3355 ταῖς
403 3287 679 3360 γλώσσαις
712 3284 822 3338 τῶν
848 3281 1199 3355 παρανόμων,
1228 3280 1257 3331 6
1293 3278 1421 3342 τοὺς
1447 3275 1666 3337 ἀδίκους
1686 3272 1839 3343 δεχό-

248 3401 419 3456 μενος
455 3381 589 3453 παρ’
633 3377 813 3434 αὑτῶν
838 3373 1154 3445 λογισμοὺς,
1191 3367 1567 3441 καὶ,σπεύδιυν
1599 3365 1841 3436 ἐνεργεῖν

248 3477 375 3530 κατ’
402 3472 622 3536 αὑτούς·
649 3464 731 3534 οἷς
752 3471 782 3522 6
809 3468 1014 3529 δίκαιος
1039 3464 1256 3532 λέγεται
1284 3461 1358 3534 μὴ
1379 3460 1685 3532 προσέχειν,
1715 3459 1843 3530 δρα-

246 3571 359 3623 τῶν
403 3584 468 3622 τε
495 3567 588 3620 καὶ
615 3563 881 3635 ἀοράτων,
916 3557 1162 3630 τουτέστι
1205 3555 1280 3629 μὴ
1314 3555 1407 3608 ἐπὶ
1438 3553 1601 3607 πλέον
1621 3551 1842 3624 τρέφειν

247 3661 305 3713 έν
329 3657 537 3728 ἑαυτῷ.

333 3749 400 3803 '0
425 3747 642 3809 πιστὸς,
669 3745 854 3816 φησὶν,
883 3741 1074 3812 ὄψεται
1118 3740 1245 3802 τοὺς
1283 3738 1474 3807 λόγους
1507 3733 1602 3789 τοῦ
1639 3735 1842 3805 κόσμου

247 3845 473 3905 τούτου,
501 3839 755 3901 οὕστινας
789 3838 1046 3908 χρήματα
1082 3830 1360 3904 τροπικῶς
1395 3827 1490 3882 τοῦ
1549 3827 1640 3881 νοῦ
1672 3844 1844 3899 προσ-

250 3935 578 4009 ηγόρευσεν*
603 3932 634 3983 6
657 3929 715 3983 δὲ
739 3928 965 3990 ἄπιστος
986 3924 1106 3978 οὑδὲ
1127 3921 1221 3976 τοῦ
1241 3922 1494 3991 τυχόντος
1521 3920 1844 3992 πράγματος

250 4027 531 4098 γνώσεται
565 4020 745 4088 λόγον,
774 4018 862 4072 διὰ
893 4017 993 4088 τὴν
1028 4013 1369 4085 ἀκαθαρσίαν
1393 4013 1493 4082 τῆς
1528 4011 1706 4081 ψυχῆς
1749 4009 1846 4068 αύ-

249 4119 372 4173 τοῦ·
407 4117 492 4170 ὅτι
514 4114 574 4168 δὲ
605 4111 832 4174 πλοῦτος
857 4109 1036 4179 ψυχῆς
1074 4105 1330 4178 ἡγνῶσίς
1358 4106 1473 4157 ἐστι
1501 4102 1596 4156 τοῦ
1625 4100 1783 4164 Θεοῦ,
1817 4101 1845 4152 6

254 4210 474 4273 Παῦλος
492 4206 734 4261 διδάσκει
759 4203 930 4272 λέγων
950 4200 1033 4254 τό·
1072 4200 1175 4254 Ἐν
1191 4197 1368 4251 παντὶ
1385 4197 1842 4261 ἐπλουτίσθητε,

1944 3077 2088 3130 tione
2126 3077 2435 3147 dignantur.
2477 3080 2609 3133 Dum
2643 3087 2827 3132 autem
2878 3076 3167 3131 haereticus
3215 3074 3511 3138 auscultat.

1940 3165 2271 3223 voluntatem
2313 3183 2468 3223 suam
2501 3169 2840 3224 demonstrat
2860 3176 3047 3223 contra
3087 3166 3178 3221 Dei
3206 3167 3511 3236 sapientem

1941 3258 2338 3328 providentiam
2369 3260 2652 3327 peccandi.
2681 3288 2748 3299 —-
2779 3259 2873 3314 llle
2904 3257 3272 3328 improborum
3301 3257 3518 3330 linguas

1943 3349 2116 3412 audit,
2152 3350 2244 3418 qui
2285 3348 2496 3418 iniquas
2522 3349 2592 3404 ab
2626 3350 2707 3412 eis
2757 3350 2987 3420 suscipit
3035 3348 3436 3410 meditationes,
3461 3359 3521 3404 et

1942 3439 2091 3509 paria
2125 3440 2214 3493 his
2243 3453 2408 3508 agere
2429 3440 2651 3509 satagit.
2684 3440 2895 3516 Quibus
2922 3443 3084 3494 homo
3110 3441 3291 3511 justus
3311 3440 3520 3496 dicitur

1944 3547 2052 3586 non
2084 3534 2390 3596 attendere,
2417 3547 2511 3588 seu
2551 3535 2882 3600 visibilibus,
2912 3549 3006 3588 seu
3035 3533 3434 3600 invisibiiibus;
3464 3535 3517 3590 id

1944 3631 2051 3688 est,
2081 3622 2296 3678 illorum
2327 3625 2552 3680 consilia
2582 3625 2787 3680 diutius
2808 3636 2991 3681 mente
3007 3640 3112 3681 non
3139 3625 3306 3682 alere.
3383 3667 3389 3672 ς

1967 3737 1974 3743 ε
2016 3715 2060 3747 ⁸⁷
2097 3715 2320 3782 Fidelis,
2372 3716 2568 3782 inquit,
2615 3717 2775 3771 homo
2804 3716 3007 3771 videbit
3055 3716 3292 3772 rationes
3334 3715 3520 3773 mundi

1944 3807 2125 3876 hujus,
2156 3822 2292 3876 quas
2342 3817 2534 3862 auctor
2567 3807 2773 3876 tropice
2829 3805 3047 3863 divitias
3097 3805 3408 3878 appellarit.
3437 3804 3518 3861 ht-

1947 3900 2200 3956 credulus
2255 3909 2434 3956 autem
2493 3915 2560 3955 ne
2603 3901 2838 3954 minima:
2887 3901 3102 3974 quidem
3132 3900 3207 3956 rei
3253 3901 3515 3960 rationem

1945 3999 2236 4062 cognoscet
2269 4000 2488 4060 propter
2517 4005 2714 4044 anima:
2763 4005 2874 4044 sme
2935 3990 3329 4059 impuritat'cm.
3363 3991 3517 4057 Quod

1947 4100 2076 4138 vero
2125 4081 2325 4136 divitiae
2374 4082 2590 4145 anima',
2621 4080 2824 4150 agnitio
2875 4079 2967 4134 Dei
3003 4080 3094 4146 sit,
3134 4079 3333 4134 Paulus
3363 4081 3524 4134 docet

1947 4176 2174 4232 dicendo
2201 4173 2284 4225 ‘3:
2323 4171 2391 4226 In
2435 4173 2673 4234 omnibus
2727 4171 2912 4227 divites
2966 4172 3097 4241 facti
3141 4173 3350 4238 estis,in
3380 4172 3522 4226 omni

353 4265 527 4366 πάσῃ
563 4293 779 4367 ἰν-νάπει
805 4265 904 4345 καὶ
933 4288 1100 4357 πάσῃ
1121 4288 1326 4357 σοφίῃ·
1353 4287 1402 4338 εί
1421 4285 1478 4339 δέ
1493 4303 1575 4349 τις
1608 4284 1841 4354 βούλοιτο

1956 4270 2167 4324 scientia
2197 4277 2245 4320 et
2277 4267 2418 4320 omni
2463 4267 2744 4334 sapientia.
2790 4265 2942 4332 Quod
2983 4266 3028 4320 si
3070 4265 3191 4334 quis
3240 4265 3525 4320 ostendere

446 4347 537 4463 ’έῆ
559 4347 764 4459 ¹ταύτην
790 4385 891 4457 τὴν
913 4347 1120 4438 ἔννοιάν
1141 4347 1289 4435 εἶναι,
1306 4379 1509 4451 ταύτης
1662 4394 1841 4448 mpet-

1956 4361 2078 4415 velit
2109 4377 2213 4414 non
2238 4359 2380 4413 hunc
2409 4372 2528 4412 esse
2567 4359 2723 4415 huius
2755 4358 2897 4410 eifati
2939 4372 3180 4419 sensum,
3211 4358 3357 4410 dicat
3392 4371 3524 4412 sane

258 4489 415 4559 μίας,
456 4482 664 4552 λεγέτω
709 4478 813 4533 ποῦ
857 4475 1166 4546 εὐπόρησαν
1210 4472 1507 4545 χρημάτων
1544 4473 1593 4524 οἱ
1629 4469 1845 4542 περιελ-

257 4581 447 4641 θόντες
469 4578 530 4629 ἐν
567 4573 864 4644 μηλωταῖς,
901 4569 960 4620 έν
991 4565 1219 4635 αἰγείοις
1247 4563 1500 4635 δέρμασι,
1545 4560 1846 4631 κακουχού-

259 4688 438 4742 μενοι,
479 4665 806 4736 θλιϐόμενοι,
858 4658 1386 4730 στενοχωρούμενοι;
1418 4656 1544 4720 Πῶς
1585 4655 1642 4708 δὲ
1683 4657 1777 4709 καὶ
1820 4657 1849 4708 6

255 4764 494 4822 ἄπιστος
521 4757 621 4826 οὑχ
646 4752 979 4822 ἒξειόϐολὸν,
1015 4749 1223 4804 πολλῶν
1249 4749 1493 4802 ἀπίστων
1523 4747 1850 4819 περιϐεϐλη-

263 4854 446 4923 μένων
483 4849 712 4904 πλοῦτον
742 4843 930 4906 πολὺν,
963 4842 1106 4910 λέγω
1153 4839 1210 4893 δὲ
1245 4838 1505 4909 βασιλέων
1533 4839 1626 4891 καὶ
1655 4837 1849 4907 ἀρχόν-

258 4963 370 4998 των
403 4943 501 4998 τοῦ
525 4943 733 5010 κόσμου
763 4937 986 4998 τούτου;

337 5037 508 5106 Χείλη
538 5030 705 5087 πιστὰ
729 5030 853 5091 τοὺς
873 5025 1110 5095 ἀγαθοὺς
1137 5024 1428 5094 λογισμούς
1446 5037 1626 5090 φησιν·
1653 5020 1848 5093 ἄφρονι

262 5127 324 5184 δὲ
345 5127 528 5182 δεκτοὶ
579 5124 790 5177 ἔσονται
817 5119 1044 5190 πονηροὶ
1075 5116 1343 5186 λογισμοί·
1379 5114 1462 5176 τίς
1493 5114 1601 5182 γάρ
1649 5109 1849 5182 μετοχὴ

263 5220 589 5290 δικαιοσύνῃ
621 5216 757 5286 πρὸς
788 5210 1030 5274 ἀδικίανς
1060 5211 1109 5262 εἰ
1143 5209 1216 5280 μή
1260 5224 1360 5260 που
1393 5205 1732 5276 μετανοήσας
1766 5203 1851 5257 δέ·

267 5313 427 5384 ξηται
457 5307 720 5382 φρόνησιν
744 5321 804 5358 τε
829 5305 924 5358 καὶ
956 5303 1159 5355 πίστιν.

345 5489 444 5542 Διά
486 5487 586 5558 μὲν
608 5485 710 5555 τῆς
751 5481 1118 5552 δικαιοσύνης,
1149 5480 1249 5552 τὴν
1277 5476 1489 5531 ἀδικίαν
1517 5473 1854 5545 κρύπτομεν⁹

1951 4449 2218 4520 quomodo
2253 4449 2454 4502 divitiis
2482 4447 2877 4502 abundaret-int
2925 4446 3020 4509 illi,
3059 4445 3148 4513 qui
3190 4445 3525 4508 circuierunt

1953 4543 2008 4597 in
2041 4540 2271 4603 melotis,
2307 4541 2358 4594 in
2389 4539 2622 4609 pellibus
2658 4538 2918 4606 caprinis,
2967 4536 3167 4601 .tlllicti,
3204 4537 3398 4606 pressi,
3429 4553 3526 4591 an-

1955 4633 2172 4705 gustiati
2205 4633 2283 4686 ‘9?
2315 4631 2598 4698 Quomodo
2626 4631 2753 4684 item
2781 4629 2944 4684 homo
2977 4629 3289 4684 incredulus
3311 4629 3525 4683 obolnm

1956 4745 2064 4786 non
2101 4725 2422 4796 possidebit,
2469 4738 2592 4778 cum
2629 4738 2820 4792 reapse
2881 4721 3034 4776 multi
3068 4721 3328 4776 increduli
3367 4721 3527 4776 lautis

1953 4820 2160 4876 divitiis
2189 4816 2432 4881 aliluant,
2467 4830 2618 4886 reges
2671 4815 2888 4884 inquam
2922 4824 2976 4870 ct
3017 4814 3290 4883 principes
3343 4813 3524 4866 mundi

1956 4913 2150 4980 hujus?

2027 5010 2073 5042 ⁵ο
2099 5008 2264 5062 Labia
2309 5003 2485 5059 fidelia
2525 5000 2658 5056 dicit
2706 5001 2876 5055 honas
2907 4999 3282 5066 cogitationes.
3317 4995 3528 5067 Vesano

1954 5111 2134 5156 tamen
2165 5097 2456 5168 placebunt
2485 5093 2844 5163 cogitationes
2889 5091 3062 5144 malae.
3096 5087 3226 5148 Nam
3260 5102 3379 5156 qua:
3400 5100 3526 5154 par-

1957 5193 2196 5262 ticipatio
2219 5190 2449 5259 iustitia:
2481 5203 2606 5243 cum
2645 5185 2968 5255 iniquitate?
2999 5190 3092 5235 aut
3124 5195 3245 5248 qum
3273 5194 3529 5235 commu-

1958 5288 2052 5341 nio
2079 5285 2213 5338 lucis
2239 5298 2363 5337 cum
2391 5280 2662 5336 tenebris?
2686 5279 2788 5332 nisi
2823 5276 2964 5330 forte
2987 5273 3075 5328 ille
3103 5271 3382 5342 paenitens.
3401 5287 3529 5341 pru-

1954 5377 2194 5434 dentiam
2231 5375 2502 5441 [idemque
2538 5370 2825 5438 receperit.

2027 5470 2068 5500 "
2103 5466 2323 5522 Justitia
2382 5463 2725 5533 iniquitatem
2787 5457 3113 5522 obruimus,
3173 5453 3530 5524 temperantia

263 5581 358 5636 διὰ
383 5580 440 5634 δὲ
468 5543 570 5648 τῆς
596 5543 968 5646 σωφροσύνης,
1002 5543 1112 5643 τήν
1132 5543 1446 5624 ἀκολασίαν·
1469 5543 1570 5619 καὶ⁷
1587 5543 1746 5617 πάλιν
1770 5560 1841 5616 διὲ

1956 5560 2250 5622 luxuriam,
2281 5555 2596 5626 pariterque
2639 5564 2827 5604 amore
2854 5549 3038 5604 odium
3058 5587 3074 5610 ,
3117 5555 3172 5614 et
3204 5543 3529 5600 liberalitate

279 5673 373 5741 ςῆς
405 5637 650 5737 ἀγάπης,
767 5637 940 5734 μῖσος·
956 5637 962 5642 ’
978 5637 1072 5716 καί
1097 5660 1185 5714 διὰ
1208 5659 1306 5731 τῆς
1323 5655 1742 5727 ἀφιλαργυρίας,
1759 5652 1841 5724 τὴ*

1960 5651 2273 5707 avaritiam.
2303 5646 2594 5702 Obruimus
2633 5643 2760 5695 item
2794 5639 3094 5696 humilitate
3119 5637 3451 5707 superbiam,
3472 5642 3531 5688 ct

494 5859 586 5908 33-
670 5855 713 5887 ⁵⁸
739 5869 788 5908 v.
818 5852 872 5906 2.
951 5854 994 5886 "
1025 5868 1074 5908 v.
1109 5852 1163 5906 5.
1240 5850 1283 5883 “
1308 5863 1355 5905 τ.
1392 5848 1445 5904 4.
1523 5847 1566 5878 ’⁸⁷
1595 5862 1643 5902 v.
1673 5844 1725 5901 6.
1797 5833 2021 5900 “lCor.
2050 5859 2089 5907 ι,
2113 5838 2162 5896 ii.

349 5861 392 5891 ³³
419 5877 468 5913 v.
494 5861 586 5915 '53.

2246 5840 2286 5873 "’
2313 5839 2477 5894 llchr.
2507 5852 2584 5900 XI,
2612 5837 2701 5890 37.
2781 5835 2825 5867 ⁸ο
2851 5849 2901 5885 v.
2937 5833 2989 5885 7.
3065 5831 3109 5862 ἰ
3139 5843 3189 5882 v.
3211 5830 3265 5882 9.
