3958 6512
445 398 548 461 (99

1335 406 1903 485 δυρριειιεΝτωι
1933 407 2025 463 AD
2057 405 2378 465 ORIGENIS
2414 406 2829 465 EXEGE'I‘ICA.

3613 412 3717 466 Ξθθ

441 522 857 581 mansuetudine
882 524 1168 590 ferociam,
1201 537 1509 595 quaerentes
1544 527 1847 598 spiritalem
1890 526 2028 581 ami-

2135 526 2459 594 πλεονεξίαν·
2495 526 2810 599 κρύπτομεν
2835 528 2890 581 δὲ
2926 528 3020 581 καὶ
3045 527 3135 583 διὰ
3167 528 3263 599 τῆς
3292 533 3714 601 ταπεινοφροσύ-

440 617 651 680 i-itiam,
691 630 814 687 qua!
847 618 1095 673 sanciam
1131 618 1223 672 Dei
1259 620 1591 689 agnitionem
1635 618 1930 689 signiﬁcat.
1968 620 2034 675 Et

438 709 655 776 quidem
677 708 818 778 apud
850 709 1075 763 Paulum
1109 712 1156 742 ⁸⁸
1187 712 1407 780 quidam
1439 710 1694 764 dicttutur
1726 710 1876 765 cives
1904 726 2031 765 san-

439 810 654 855 ctorum
692 800 846 864 facti,
885 812 939 855 et
973 802 1313 856 habitatores
1362 816 1614 872 superme
1667 800 2029 866 Hierusalem,

437 892 867 960 superaadiﬁcati
916 908 1083 965 super
1115 894 1527 949 fundamentum
1580 893 1950 965 apostolorum
1976 902 2031 948 et

438 984 859 1053 prophetarum.

440 1186 443 1189 -
504 1160 555 1196 ³³
589 1162 813 1217 Domum
849 1160 1048 1214 animat
1082 1156 1220 1213 dicit
1268 1156 1362 1213 hic
1406 1172 1639 1229 corpus;
1676 1158 2028 1229 vicissimque

439 1254 677 1308 animam
722 1252 922 1308 mentis
986 1250 1234 1306 domum.
1270 1249 1405 1304 Item
1464 1250 1580 1319 ipsa
1631 1265 1785 1305 mens
1829 1252 2029 1307 dicitur

439 1346 636 1400 anima:
687 1345 898 1399 oculus.
928 1343 1049 1399 Jam
1096 1341 1189 1410 qui
1232 1341 1471 1395 divinam
1519 1343 1805 1398 scientiam
1852 1359 1915 1398 ac
1946 1359 2028 1397 sa-

438 1440 697 1507 pientiam
743 1438 1018 1503 didicerit,
1066 1444 1123 1489 et
1182 1433 1541 1489 nihilominus
1592 1449 1652 1489 se
1690 1435 2024 1504 improbitati

439 1531 747 1595 tradiderit,
768 1540 825 1586 et
848 1544 947 1598 pro
969 1530 1133 1585 bonis
1158 1529 1377 1599 iniquos
1401 1540 1683 1583 sermones
1709 1529 2022 1597 protulerit,

439 1638 539 1677 nec
564 1623 891 1692 resipiscere
918 1630 970 1676 et
1014 1620 1219 1676 salvari
1249 1621 1507 1683 voluerit,
1538 1635 1605 1675 es
1653 1621 1773 1689 ejus
1802 1622 2022 1690 quidem

435 1713 709 1783 corporali
735 1714 901 1768 domo
939 1712 1201 1781 iniquitas
1233 1712 1669 1781 improbitasth
1711 1727 1814 1766 non
1839 1711 2021 1767 disce-

436 1807 550 1870 det,
578 1806 674 1860 sed
713 1805 768 1859 in
816 1820 880 1860 ea
917 1805 1152 1859 ﬁrmiter
1196 1812 1451 1866 manent,
1485 1810 1546 1855 ut
1585 1816 1840 1872 suprema
1881 1804 2022 1858 mala

2136 636 2230 690 νης
2260 620 2359 690 τὴν
2394 621 2791 691 ὑπερηφανίαν,
2833 621 2929 675 καὶ
2982 621 3072 674 διά
3117 620 3216 691 τὴν
3269 622 3576 693 πραΰτητα,
3620 626 3719 697 τὴν

2134 707 2468 779 θρασύτητα·
2515 708 2805 780 ζητοῦντες
2832 710 2933 781 τὴν
2962 711 3337 784 πνευματικὴν
3372 712 3574 782 φιλίαν,
3598 712 3720 784 ητις

2130 800 2230 872 τὴν
2267 801 2429 869 ἁγίαν
2464 801 2667 870 γνῶσιν
2699 802 2977 873 σημαίνει·
3005 804 3100 856 καὶ
3134 804 3286 875 παρὰ
3328 804 3408 874 τῷ
3439 805 3636 877 Παύλῳ
3664 808 3720 861 δὲ

2133 894 2404 965 συμπολϊτ
2415 910 2472 946 αι
2512 895 2655 958 τινὲς
2682 894 2793 948 τῶν
2822 894 2993 963 ἁγίων
3022 895 3266 963 λέγονται
3302 896 3603 966 γεγονέναι,
3628 901 3721 952 καὶ

2128 986 2317 1040 οἰκεῖοι
2368 988 2467 1058 τῆς
2505 987 2616 1042 ἄνω
2656 986 3037 1059 Ἰερουσαλὴμ,
3074 987 3593 1060 ἐποικοδομηθέντες
3628 990 3722 1051 ἐπὶ

2126 1077 2206 1150 τῷ
2233 1078 2467 1149 θειιελίῳ
2496 1078 2606 1131 τῶν
2636 1078 2947 1133 ἀποστόλων
2975 1081 3069 1132 καὶ
3095 1080 3203 1133 τῶν
3233 1080 3547 1152 προφητῶν.

2198 1164 2361 1223 Οῐκον
2386 1169 2623 1224 ἐνταῦθά
2655 1186 2789 1241 φησι
2822 1168 2925 1240 τῆς
2959 1171 3059 1241 μὲν
3083 1170 3281 1242 ψυχῆς,
3314 1170 3375 1224 τὸ
3407 1172 3589 1244 σῶμα·
3621 1173 3727 1247 τὴν

2126 1262 2182 1315 δὲ
2218 1261 2397 1334 ψυχὴν
2439 1261 2620 1325 πάλιν,
2649 1258 2796 1315 οἷκον
2813 1260 2908 1314 τοῦ
2935 1261 3049 1315 νοῦ·
3072 1262 3159 1315 ὁδ’
3187 1262 3348 1326 αὑτὸς
3379 1264 3542 1319 πάλιν
3573 1264 3721 1329 νοῦς,

2127 1357 2227 1428 τῆς
2257 1357 2436 1427 ψυχῆς
2468 1356 2744 1429 ὀφθαλμὸς
2768 1356 3007 1425 λέγεται·
3039 1358 3069 1409 6
3095 1356 3151 1409 δὲ
3185 1358 3282 1429 τὴν
3317 1356 3495 1410 ἔνθεον
3516 1375 3722 1426 γνωσιν

2127 1451 2221 1502 καὶ
2251 1450 2445 1519 σοφίαν
2476 1448 2686 1520 μαθὼν,
2738 1448 2931 1501 ἐαυτὸν
2962 1448 3018 1501 δὲ
3064 1448 3255 1511 ἐκδοὺς
3286 1451 3353 1519 τῇ
3385 1449 3578 1521 κακίᾳ,
3626 1449 3727 1505 καὶ

2125 1542 2252 1595 ἀντὶ
2276 1541 2499 1611 ἀγαθῶν
2530 1540 2800 1612 πονηροὺς
2834 1539 3028 1607 λόγους
3072 1539 3346 1611 ἐκφέρων,
3378 1540 3515 1611 πρὸς
3566 1541 3624 1594 δὲ
3660 1540 3724 1595 τὺ

2125 1630 2449 1701 ἐπιπρέψαι
2483 1629 2577 1681 καὶ
2599 1628 2837 1700 σωθῆναι
2870 1628 2945 1699 μὴ
2971 1627 3315 1699 βουλόμενος,
3338 1627 3435 1681 τοῦ
3471 1646 3723 1699 σωματι-

2124 1720 2223 1775 κοῦ
2238 1720 2389 1773 οἴκου
2411 1720 2512 1772 οὑκ
2541 1719 2889 1790 ἀναχωρήσει
2922 1721 2954 1789 ἡ
2990 1719 3159 1773 κακία
3181 1719 3318 1791 καὶή
3340 1722 3594 1792 πονηρίαι
3623 1722 3721 1775 ἀλ-

2124 1812 2193 1866 λά
2247 1813 2496 1883 μένουσιν
2542 1811 2773 1885 ἐδραίως
2824 1811 2884 1865 ἐν
2934 1811 3101 1883 αὐτῷ,
3143 1813 3229 1865 ἵνα
3258 1813 3326 1866 τά
3360 1814 3541 1867 τέλεια
3574 1814 3724 1868 κακά

445 1897 724 1959 eveniant,
748 1906 887 1965 qua:
927 1897 1004 1951 illi
1037 1894 1391 1950 immobiliter
1426 1894 1707 1949 haerebunt
1749 1909 1922 1963 usque
1954 1896 2021 1949 ad

2135 1902 2350 1975 ἐπέλθῃ,
2403 1904 2462 1954 ἐν
2491 1900 2641 1972 αὐτῷ
2687 1899 2919 1971 ἀκίνητα
2953 1900 3184 1971 μένοντα
3234 1902 3293 1952 ἐν
3327 1901 3513 1973 ἡμέρᾳ
3549 1900 3722 1971 ὀργῆς

434 1984 581 2040 diem
633 1985 728 2041 ira:
767 1985 1004 2039 Domini.
1029 2012 1101 2025 —-
1131 1982 1479 2038 Fabricatunt
1519 2000 1548 2038 a
1599 1984 1831 2039 Domino
1872 1985 2029 2042 nobis

434 2096 658 2150 corpus,
688 2080 907 2136 domum
955 2081 1045 2136 hic
1087 2080 1346 2151 appellat.
1379 2080 1498 2135 Non
1517 2082 1826 2136 movebitur
1846 2091 2027 2138 autem

436 2176 587 2239 dicit,
623 2190 763 2245 pro:
809 2187 915 2228 non
946 2175 1204 2229 abscedet
1230 2190 1260 2229 a
1310 2175 1472 2229 domo
1507 2172 1625 2241 ejus
1658 2174 1741 2227 ira
1772 2184 1830 2228 et
1856 2176 2029 2229 tribu-

436 2267 716 2335 latio,qua2
736 2281 832 2335 per
854 2265 1102 2321 homines
1119 2264 1508 2335 daemonesque
1524 2280 1554 2319 a
1578 2264 1688 2320 Deo
1716 2266 2024 2321 immittun-

438 2373 527 2417 tur
563 2361 825 2416 adversus
851 2360 1000 2413 illum
1043 2358 1136 2429 qui
1175 2358 1317 2412 mala
1348 2373 1447 2428 pro
1476 2358 1634 2413 bonis
1675 2358 1909 2414 reddidit
1933 2357 2028 2415 be-

439 2453 616 2510 uelico
638 2454 745 2508 sibi
782 2452 1009 2507 homini.
1030 2480 1103 2490 —-
1129 2449 1187 2506 Si
1222 2452 1314 2521 qui
1356 2451 1495 2505 ntala
1528 2466 1626 2519 pro
1666 2451 1826 2506 tnalis
1872 2453 2030 2506 retri-

438 2546 576 2611 buit,
613 2553 838 2615 peccat;
872 2552 1083 2613 quanto
1132 2544 1305 2613 magis
1330 2543 1421 2612 qui
1459 2543 1600 2597 mala
1630 2557 1729 2612 pro
1764 2544 1921 2596 bouis
1945 2559 2028 2596 re-

439 2646 784 2699 muneratur,
839 2645 1105 2707 peccator
1130 2635 1250 2689 est?
1282 2633 1430 2689 Talis
1480 2633 1582 2688 l‘uit
1619 2636 1669 2687 iu
1699 2634 1919 2687 deserto
1961 2635 2029 2687 ls-

439 2727 591 2793 rael;
636 2727 722 2781 cui
763 2726 977 2797 Moyses
1026 2726 1081 2779 in
1119 2724 1543 2779 DeuterouOmio
1591 2725 1773 2779 aiebat
1808 2742 1821 2778 :
1862 2724 2028 2779 Gene-

438 2819 579 2872 ratio
623 2834 788 2885 prava
827 2831 984 2889 atque
1018 2833 1286 2887 perversa.
1319 2817 1546 2872 ha’ccine
1578 2816 1802 2871 Domino
1845 2818 2025 2870 reddi-

444 2914 512 2965 tis
533 2913 581 2943 ⁸⁸
604 2911 628 2964 2

518 3003 567 3036 ⁸⁸
600 3003 711 3059 lloc
740 3004 860 3059 loco
886 3002 1099 3058 initium
1121 3004 1254 3057 diett
1280 3005 1583 3058 scientiam.
1606 3000 1823 3056 Justitia
1846 3011 2025 3055 autem

448 3096 813 3167 subsequitur
862 3096 1189 3162 scientiam;
1232 3110 1466 3165 namque
1498 3110 1565 3150 ex
1608 3096 1834 3149 scientia
1864 3093 2027 3165 gigni-

439 3176 529 3242 tur
576 3186 813 3258 justitia.
872 3187 1119 3259 Egestas,
1155 3198 1240 3241 est
1288 3187 1597 3258 ignorantia
1654 3200 1670 3240 :
1724 3188 1923 3240 seditio
1970 3194 2027 3240 et

438 3279 578 3342 rixa,
616 3280 795 3332 omnis
827 3278 1109 3350 iniquitas.
1141 3278 1331 3332 Anteit
1378 3277 1702 3346 ignorantia:
1738 3276 2021 3345 iniquitas.
2050 3269 2094 3327 C

438 3370 552 3425 Cur
582 3384 713 3425 vero
740 3385 1008 3441 pauperes
1046 3384 1237 3423 rursus
1277 3366 1587 3436 vituperat?
1613 3366 1837 3421 Scilicet
1871 3374 1929 3419 ut
1957 3366 2026 3421 ab

436 3462 721 3517 otiositate
751 3477 852 3515 nos
876 3462 1136 3515 abducat.
1172 3458 1288 3514 Non
1319 3461 1496 3514 oritur
1524 3473 1589 3512 ex
1627 3459 1898 3513 electione
1934 3474 2027 3529 ps-

441 3557 635 3602 testas.
669 3548 823 3613 Quod
873 3548 919 3601 si
976 3547 1113 3601 velis
1148 3563 1273 3601 cum
1322 3546 1517 3600 liducia
1550 3547 1824 3609 incedere,
1849 3546 2028 3615 justus

440 3647 586 3695 esto.
633 3636 901 3692 Praecedit
944 3646 1246 3705 egestatem
1295 3637 1490 3692 seditio
1532 3646 1591 3691 et
1641 3638 1793 3704 rixa;
1838 3652 2030 3705 nempe

442 3731 662 3802 iniustis
691 3733 951 3802 praecedit
979 3731 1197 3787 virtutis
1231 3733 1434 3803 inepia.

520 3825 565 3859 "
595 3826 809 3882 Similis
834 3836 919 3881 est
950 3827 1076 3881 huic
1105 3826 1197 3895 qui
1232 3827 1365 3880 dicit
1397 3840 1646 3879 amarum
1683 3838 1805 3879 esse
1849 3824 2031 3884 dulce,

441 3928 501 3973 et
536 3917 691 3973 dulce
721 3932 969 3972 amarum
998 3958 1015 3981 ,
1051 3927 1107 3971 et
1138 3917 1229 3987 qui
1261 3915 1438 3971 lucem
1468 3915 1706 3987 appellat
1749 3916 2024 3980 tenebras,

444 4011 799 4080 vicissimque
829 4009 1083 4067 tenebras
1117 4009 1318 4065 lucem.

522 4102 567 4131 ⁵⁸
606 4100 747 4171 Opes
787 4116 931 4155 nunc
967 4101 1288 4169 sapientiam
1323 4108 1377 4156 et
1422 4099 1515 4156 Dei
1548 4100 1831 4156 scientiam
1864 4098 2017 4153 dicit.

453 4192 669 4247 Vesano
706 4201 885 4247 autem
926 4209 1025 4246 cur
1072 4194 1163 4247 tiat
1202 4193 1481 4265 sapientiae
1513 4202 1566 4248 et
1601 4192 1798 4249 divina:
1843 4192 2021 4246 scien-

449 4284 543 4337 tia:
596 4281 1002 4350 magisterium?
1050 4280 1185 4336 Nam
1237 4285 1380 4337 sicut
1433 4282 1550 4338 fieri
1611 4282 1801 4352 nequit
1849 4292 1909 4335 ut
1964 4282 2019 4334 in

446 4373 583 4426 mari
615 4372 689 4427 sit
730 4372 874 4440 vitis,
906 4373 979 4425 ita
1010 4374 1063 4427 in
1090 4374 1279 4427 stultis
1302 4374 1570 4442 sapientia
1600 4374 1837 4427 fructum
1863 4377 2029 4428 virtu-

447 4465 519 4520 tis
572 4463 821 4536 proferre
872 4466 1090 4534 nequit.
1156 4466 1297 4518 Sunt
1351 4466 1499 4519 enim
1553 4466 1740 4518 vesani
1795 4467 2029 4521 hominis

444 4569 597 4624 opes,
628 4555 680 4609 in
721 4556 958 4623 singulis
988 4556 1222 4626 negotiis
1248 4554 1367 4622 ejus
1404 4554 1756 4610 stoliditates.
1793 4555 1894 4608 Per
1930 4556 2028 4609 has

445 4646 648 4716 quippe
678 4646 856 4703 factus
884 4661 1105 4712 excors,
1148 4646 1430 4715 possidere
1461 4646 1786 4716 sapientiam
1817 4648 2025 4716 nequit.

446 4739 674 4793 --“lo
701 4740 847 4793 omni
880 4739 1098 4809 negotio
1153 4739 1407 4809 quisquis
1453 4752 1513 4793 se
1564 4738 1805 4803 extollit,
1853 4739 2031 4792 humi-

448 4830 716 4897 liabitur;
760 4832 887 4901 quia
930 4831 1072 4888 Deus
1119 4833 1370 4903 superbis
1405 4832 1637 4887 resistit.
1673 4831 1775 4899 Qui
1812 4831 2027 4900 oblique

446 4924 643 4991 quatit
697 4936 787 4978 res
837 4922 1053 4980 divinas
1104 4923 1340 4990 discere,
1397 4923 1541 4979 malo
1586 4923 1794 4994 judicio
1853 4923 2032 4994 prola-

448 5013 629 5067 betur.

517 5102 565 5136 ⁸⁸
608 5103 857 5161 Amicum
918 5106 1008 5161 hic
1050 5106 1187 5162 dicit
1246 5104 1533 5162 Christum
1567 5144 1582 5169 ,
1638 5106 1733 5174 qui
1809 5113 2034 5174 propter

445 5210 601 5252 suam
643 5211 769 5271 erga
807 5199 1082 5255 hominem
1138 5197 1442 5253 amicitiam
1485 5197 1664 5251 factus
1714 5207 1803 5251 est
1847 5198 2028 5251 homo.

434 5286 578 5344 Non
600 5290 897 5358 inmunes
910 5307 999 5347 vos
1025 5291 1171 5356 dico,
1191 5291 1268 5345 ait
1285 5290 1595 5359 discipulis,
1627 5292 1716 5343 sed
1740 5292 1943 5343 amicas
1960 5290 2028 5346 “.

446 5378 606 5436 Ouini
646 5393 793 5439 certe
826 5393 1067 5455 tempore
1104 5384 1359 5441 Christus
1392 5383 1490 5438 tibi
1526 5382 1736 5437 amicus
1770 5387 1866 5438 sit.
1900 5384 2021 5438 Filii

446 5487 577 5527 vero
606 5473 807 5529 Christi
882 5476 1116 5531 invicem
1157 5485 1286 5531 sunt
1326 5474 1531 5529 amici:
1592 5474 1767 5543 angeli
1812 5476 2021 5530 scilicet

443 5573 501 5617 et
527 5560 658 5631 justi
690 5565 956 5635 homines,
984 5577 1169 5624 mutuo
1198 5576 1327 5623 sunt
1349 5566 1574 5631 fratres,
1618 5563 1829 5633 Spiritu
1878 5568 2011 5623 adu-

554 5748 822 5824 ".Ephes.
847 5767 911 5816 ιι,
936 5751 1136 5824 19.20.
1169 5750 1214 5781 ”
1243 5764 1295 5802 v.
1321 5749 1405 5804 13.
1433 5751 1496 5824 ff
1525 5750 1648 5809 cod.
1692 5749 1916 5824 Ἰησοῦς.

451 5817 497 5852 ⁸⁸
523 5834 572 5874 v.
606 5821 687 5875 lii.
764 5820 810 5854 “
839 5837 888 5877 v.
918 5823 1001 5876 t7.
1050 5822 1267 5881 “'Joan.
1299 5837 1386 5889 xv,
1426 5820 1513 5880 15.

2018 5760 2062 5791 ⁸⁵
2096 5759 2253 5813 Deut.
2283 5776 2451 5825 xxxii,
2481 5760 2533 5825 Β,
2564 5761 2617 5815 6.

2132 1995 2431 2067 Κυρίου.-
2446 1994 2521 2046 Τὸ
2544 1995 2609 2047 ἐκ
2635 1993 2737 2064 τῆς
2763 1994 2866 2064 γῆς
2894 1991 3047 2063 παρά
3077 1992 3284 2063 Κυρίου
3310 1992 3548 2046 πλασθὲν
3588 1994 3722 2063 ἡμῖν

2134 2086 2311 2157 σῶμα,
2338 2081 2484 2138 οἷκον
2505 2084 2740 2139 ἐνταῦθά
2768 2100 2919 2154 φησι·
2940 2083 3001 2136 τὸ
3024 2083 3104 2147 δὲ,
3122 2083 3184 2135 οὐ
3212 2083 3723 2154 κινηθήσεται,ἀντὶ

2130 2179 2244 2242 τοῦ,
2284 2178 2384 2231 οὐκ
2430 2178 2776 2248 ἀναχωρήσει
2811 2177 2875 2229 ἐκ
2914 2174 3010 2228 τοῦ
3052 2175 3202 2228 οἴκου
3236 2174 3403 2228 αὑτοῦ
3437 2176 3574 2247 ὀργὴ
3627 2177 3723 2228 καὶ

2131 2270 2329 2341 θλίψις,
2360 2271 2450 2325 διά
2483 2288 2542 2324 τε
2578 2268 3001 2340 ἀνθρώπωνκαὶ
3024 2266 3297 2337 δαιμόνων
3320 2267 3720 2337 ἐκπεμπόμενα

2130 2362 2282 2434 παρά
2304 2361 2533 2433 Κυρίου,
2558 2360 2701 2415 κατὰ
2729 2359 2825 2413 τοῦ
2858 2361 2978 2414 ἀντὶ
3001 2358 3221 2427 ἀγαθῶν
3240 2357 3385 2411 κακά
3409 2356 3720 2412 ἄποδώσαν-

2129 2472 2219 2519 τος
2249 2454 2329 2525 τῷ
2351 2452 2665 2524 ἀγαθοποιῷ
2687 2452 2854 2506 αὑτοῦ
2888 2452 3183 2524 ἀνθρώπῳ.
3198 2483 3266 2491 -
3288 2450 3351 2503 Εἰ
3372 2450 3403 2501 6
3432 2450 3579 2503 κακά
3601 2451 3721 2503 ἀντὶ

2129 2548 2316 2601 κακῶν
2333 2546 2615 2611 ἀποδιδοὺς
2644 2546 2981 2618 παράνομος,
3000 2546 3151 2612 πόσῳ
3178 2543 3379 2613 μᾶλλον
3396 2547 3424 2597 ὁ
3440 2542 3589 2596 κακά
3599 2544 3721 2597 ἀντὶ

2129 2638 2348 2708 ἀγαθῶν
2358 2637 2642 2702 ἀποδιδοὺς
2660 2653 2735 2690 πα
2741 2652 2872 2707 ρανο
2877 2634 3021 2707 μώτε
3030 2652 3120 2706 ρος
3138 2652 3152 2699 ;
3168 2634 3419 2698 Τοιοῦτος
3435 2634 3492 2689 δὲ
3503 2636 3720 2703 ἐγένετο

2129 2730 2269 2784 κατά
2284 2730 2382 2801 τὴν
2408 2728 2614 2801 ἔρημον
2632 2730 2660 2781 6
2693 2727 2930 2800 Ἰσραήλ·
2957 2726 3093 2799 πρὸς
3113 2725 3172 2779 ὃν
3189 2726 3469 2797 όΜωῦσῆς
3488 2727 3537 2759 ⁸⁸
3560 2729 3619 2780 ἐν
3641 2728 3719 2797 τῷ

2128 2822 2531 2897 Δευτερονομίῳ
2562 2821 2715 2892 φησί·
2754 2821 2944 2875 Γενεὰ
2971 2820 3189 2873 σκολιὰ
3212 2819 3310 2872 καί
3333 2818 3718 2889 διεστραμμέ-

2126 2934 2225 2984 νη,
2253 2914 2439 2969 ταῦτα
2469 2914 2664 2983 Κιφίῳ
2693 2911 3166 2973 autumamus;

2212 3006 2472 3060 Ἐνταῦθα
2501 3005 2695 3077 ἀρχὴν,
2727 3005 2828 3075 τὴν
2870 3004 3073 3073 γνῶσίν
3102 3020 3257 3075 φησι·
3293 3002 3610 3074 δικαιοσύνη
3661 3004 3717 3058 δὲ

2127 3100 2317 3152 ἕπεται
2340 3101 2407 3170 τῇ
2438 3097 2656 3167 γνώσει·
2698 3097 2763 3150 ἐκ
2788 3097 2899 3168 γάρ
2927 3097 3026 3168 τῆς
3056 3095 3310 3165 γνώσεως
3340 3096 3373 3166 ὴ
3399 3095 3716 3168 δικαιοσύνη

2127 3192 2389 3245 τίκτεται·
2424 3190 2601 3244 ἔνδεια
2634 3189 2690 3243 δέ
2713 3191 2830 3242 ἐστι
2859 3188 3071 3257 ἄγνοια·
3105 3189 3296 3252 στάσις
3324 3188 3382 3242 δὲ
3411 3189 3505 3241 καὶ
3539 3188 3714 3259 μάχη.

2129 3284 2281 3335 πᾶσα
2304 3282 2491 3335 κακία·
2519 3282 2841 3351 προηγεῖται
2866 3279 2921 3333 δὲ
2943 3280 3042 3350 τῆς
3068 3279 3310 3348 ἀγνοίας,
3344 3280 3378 3350 ἡ
3401 3279 3592 3335 κακία.
3627 3280 3719 3331 Τί-

2131 3390 2219 3437 νος
2249 3372 2435 3426 ἓνεκεν
2467 3371 2630 3425 πάλιν
2667 3370 2778 3423 τῶν
2809 3372 3055 3442 πενήτων
3093 3373 3423 3442 κατηγορεῖς
3462 3370 3718 3438 Ἀπάγων

2130 3463 2276 3532 ἡμᾶς
2319 3462 2537 3533 ἀργίας·
2578 3461 2681 3514 οὐκ
2721 3462 2832 3531 ἄρα
2878 3460 2989 3513 ἀπὸ
3028 3461 3363 3531 χειροτονίας
3396 3461 3431 3531 ή
3473 3459 3713 3526 ἐξουσία·

2130 3552 2335 3605 ῶστεεί
2360 3552 2537 3622 βούλει
2568 3552 2706 3623 μετὰ
2737 3552 3048 3623 παρρησίας
3081 3550 3336 3623 βαδίζειν,
3365 3552 3573 3615 δίκαιος
3605 3551 3715 3603 ἔσο·

2130 3646 2454 3714 προηγεῖται
2486 3641 2542 3694 δὲ
2564 3643 2663 3713 τῆς
2683 3643 2890 3707 ἐνδείας
2920 3642 3107 3705 στάσις
3141 3643 3236 3697 καὶ
3262 3642 3433 3714 μάχη,
3462 3644 3584 3713 ἦτοι
3605 3645 3716 3705 10L;

2131 3732 2408 3787 ἀδικοῦσιν
2437 3733 2613 3798 ἔνδεια
2643 3735 2866 3806 ἀρετῆς.

2202 3824 2427 3894 Ὃμοιός
2457 3825 2573 3877 ἐστι
2617 3824 2790 3895 τούτῳ
2822 3827 2851 3877 6
2879 3824 3051 3892 λέγων
3084 3824 3144 3877 τὸ
3177 3823 3371 3895 πικρὸν
3395 3824 3589 3892 γλυκὺ,
3624 3824 3718 3877 καὶ

2128 3915 2193 3969 τὸ
2221 3915 2393 3984 γλυκὺ
2419 3916 2614 3987 πικρόν
2634 3933 2648 3947 ·
2664 3917 2779 3969 λκαὶ
2805 3916 2866 3969 τὸ
2897 3916 2997 3987 μὲν
3028 3915 3165 3985 φῶς,
3188 3914 3474 3986 ὀνομάζων
3502 3915 3717 3980 σκότος,

2127 4008 2192 4061 τὸ
2217 4008 2272 4062 δὲ
2315 4007 2528 4071 σκότος,
2558 4008 2694 4077 φῶς.

2196 4103 2470 4173 Χρήματα
2497 4102 2729 4155 ἐνταῦθα
2766 4101 2865 4174 τὴν
2898 4100 3088 4169 σοφίαν
3115 4100 3210 4153 καὶ
3236 4099 3336 4171 τὴν
3376 4098 3582 4167 γνῶσίν
3610 4115 3715 4168 φηο

2131 4210 2254 4247 σιν·
2283 4194 2476 4264 ἄφρονι
2508 4194 2599 4257 δὲ,
2657 4194 2743 4246 ἵνα
2785 4192 2837 4246 τί
2881 4191 3118 4264 ὑπῆρξεν
3165 4194 3197 4263 ἡ
3242 4192 3343 4262 τῆς
3385 4190 3579 4261 σοφίας
3625 4192 3718 4242 καὶ

2127 4286 2379 4356 γνώσεως
2414 4286 2686 4358 μάθησις;
2718 4286 2794 4349 ὼς
2827 4285 2938 4356 γὰρ
2967 4285 3213 4355 ἄμπελον
3244 4283 3506 4337 ἀδύνατον
3539 4284 3599 4335 ἐν
3629 4281 3716 4336 θα-

2127 4379 2302 4452 λάσσῃ
2342 4380 2627 4449 γενέσθαι,
2656 4379 2829 4443 οὕτως
2876 4380 2935 4431 ἐν
2983 4379 3213 4449 ἄφροσιν
3255 4379 3289 4448 ἠ
3324 4375 3486 4445 σοφία
3512 4375 3711 4447 ἀρετὴν

2128 4474 2556 4544 καρπώσασθαι·
2588 4475 2846 4545 χρήματα
2871 4471 2977 4544 γὰρ
3020 4471 3252 4542 ἄφρονός
3278 4471 3450 4532 ἐστιν,
3487 4470 3545 4522 αί
3581 4469 3712 4539 περ).

2128 4565 2249 4618 καθ’
2274 4565 2477 4618 ἕκαστα
2503 4565 2667 4618 αὐτοῦ
2702 4566 3001 4635 πράγματα
3030 4563 3331 4634 ἀφροσύναι
3350 4579 3363 4591 ·
3396 4562 3484 4614 διὰ.
3512 4560 3714 4621 ταύτας

2133 4660 2241 4731 γὰρ
2268 4659 2361 4712 καὶ
2396 4659 2653 4731 ἀκάρδιος
2674 4657 2934 4726 γεγονὼς,
2962 4655 3269 4727 κτήσασθαι
3300 4654 3493 4723 σοφίαν
3521 4655 3715 4707 ἀδυνα-

2132 4754 2233 4809 τεῖ.
2254 4752 2425 4803 -Ὲν
2457 4751 2620 4805 παντὶ
2654 4750 2979 4821 πράγματι,
3014 4750 3120 4811 πᾶς
3146 4748 3175 4799 ό
3203 4746 3355 4815 ὑψῶν
3397 4745 3589 4798 ἑαυτὸν
3622 4762 3715 4799 τα-

2129 4843 2546 4913 πεινωθήσεται·
2574 4843 2656 4895 ὅτι
2679 4843 2883 4913 Κύριος
2910 4839 3283 4910 ὑπερηφάνοις
3310 4837 3710 4891 ἀντιτάσσεται·

2126 4937 2155 4988 6
2186 4936 2242 4989 δὲ
2274 4934 2573 4999 πολιάζων
2615 4934 2710 4988 τοῦ
2742 4934 2929 5006 μαθεῖν
2974 4934 3042 4986 τὰ
3084 4934 3388 5004 πράγματα
3435 4930 3526 4982 τοῦ
3556 4928 3713 4993 Θεοῦ,

2126 5028 2447 5096 ἐμπεσεῖται
2482 5028 2561 5089 είς
2594 5025 2740 5078 κακά
2770 5025 2897 5095 περὶ
2924 5022 3022 5095 τὴν
3056 5022 3257 5094 κρίσιν.

2206 5115 2469 5169 Ἐνταῦθα
2495 5115 2644 5185 φίλον
2673 5114 2764 5168 τὸν
2784 5115 3020 5186 Χριστόν
3044 5130 3231 5183 φησιν,
3258 5111 3319 5176 δς
3339 5111 3427 5164 διά
3448 5107 3549 5179 τὴν
3575 5107 3711 5177 πρὸς

2122 5205 2405 5278 ἄνθρωπον
2418 5206 2620 5276 φιλίαν,
2637 5204 2920 5279 ἄνθρωπος
2942 5206 3187 5273 γέγονεν.
3209 5202 3421 5257 Οὐκέτι
3435 5202 3546 5271 γὰρ
3560 5199 3714 5268 λέγω

2122 5298 2277 5368 ὑμᾶς
2292 5299 2577 5365 δούλους,
2604 5292 2758 5350 εἶπεν
2778 5298 2891 5361 τοῖς
2928 5296 3196 5368 μαθηταῖς
3215 5335 3229 5359 ,
3254 5293 3416 5347 ἀλλὰ
3430 5292 3670 5362 φίλους·
3697 5306 3709 5319 ·

2121 5392 2180 5445 ἐν
2210 5391 2370 5443 παντὶ
2399 5389 2455 5443 δὲ
2486 5388 2661 5459 καιρῷ
2684 5391 2713 5443 6
2740 5389 2973 5463 Χριστὸς
3005 5387 3395 5458 συνυπαρχέτω
3422 5401 3503 5437 σοι
3535 5382 3704 5451 φίλος

2121 5484 2167 5535 εἰ
2200 5482 2255 5534 δὲ
2279 5484 2329 5536 ol
2358 5480 2453 5535 τοῦ
2486 5481 2720 5553 Χριστοῦ
2756 5482 2882 5542 υἱοὶ,
2918 5481 3162 5551 ἀλλήλων
3195 5479 3300 5531 είσὶ
3333 5477 3498 5547 φίλοι·
3536 5476 3585 5528 oi
3618 5474 3714 5540 ἄγ-

2124 5574 2263 5643 γελοι
2298 5574 2391 5628 καὶ
2416 5575 2463 5625 οί
2494 5573 2691 5627 δίκαιοι
2740 5573 3014 5644 ἄνθρωποι
3042 5612 3057 5636 ,
3094 5570 3339 5640 ἀλλήλων
3372 5569 3512 5623 εἰσὶν
3559 5565 3709 5620 ἀδελ-

3444 5755 3488 5788 ⁵⁸
3532 5770 3583 5809 v.
3625 5754 3707 5807 ιο.

2724 5760 2769 5791 ⁸⁶
2802 5776 2850 5813 v.
2890 5760 2973 5815 Η.
3081 5760 3123 5790 ⁸⁷
3157 5774 3208 5813 v.
3242 5758 3327 5814 l5.
