3958 6554
212 423 304 484 ﬁl

1371 425 1733 484 EXPOSlTiO
1774 425 1839 481 IN
1879 423 2294 483 PROVERBIA.

3351 423 3481 478 9.οΞ-

209 546 316 617 φοὶ,
345 543 428 616 τῷ
459 545 560 616 τῆς
587 545 858 610 υἱοθεσίας
901 545 1229 616 γεννώμενοι
1263 546 1565 616 πνεύματι·
1594 544 1788 599 τούτου

1905 544 2090 599 )tionis
2112 544 2301 615 geniti.
2336 543 2486 600 lianc
2514 544 2663 601 enim
2687 545 2757 600 ob
2783 557 3006 600 causam
3034 538 3212 612 angeli
3251 557 3318 597 ex
3364 556 3459 596 sa-

207 637 312 708 γάρ
342 637 504 708 χάριν
530 638 624 690 καὶ
653 637 945 706 γεννῶνται
969 636 1074 688 ὐπὸ
1095 636 1191 706 τῆς
1227 636 1437 704 σοφίας,
1466 635 1553 690 ἴνα
1581 634 1785 707 ἀνθρώ-

207 744 338 795 πους
369 729 708 800 όδηγήσωσιν
755 728 865 783 ἀπὸ
896 727 1094 791 κακίας
1142 730 1222 793 εἰς
1266 727 1468 800 ἀρετὴν
1493 769 1506 792 ,
1536 728 1631 782 καί
1674 727 1786 784 ἀπὺ

206 820 476 890 ἀγνωσίας
505 822 586 884 είς
610 821 906 889 ἐπίγνωσιν
935 820 1092 874 Θεοῦ.

271 905 444 976 ηὖτός
474 915 623 966 ἐστιν
647 912 1033 984 εὐμετάβολος,
1059 914 1087 966 6
1111 912 1309 984 ῥᾳδίως
1337 913 1447 966 ἀπὸ
1467 913 1666 984 ἀρετῆς
1691 912 1796 966 ἐπὶ

208 1004 403 1058 κακίαν
422 1003 910 1075 μεταϐαλλόμενος,
935 993 1063 1068 τοῖς
1082 1006 1336 1076 πονηροῖς
1351 1002 1632 1074 λογισμοῖς
1657 1021 1785 1058 συν-

209 1095 492 1166 απαχθείς.

273 1184 496 1256 Πατέρα
526 1182 760 1238 ἐνταῦθα
792 1184 885 1238 τὸν
917 1184 1052 1238 Θεόν
1083 1201 1255 1256 φησι·
1287 1186 1518 1258 μητέρα,
1550 1186 1650 1257 τὴν
1700 1204 1790 1257 φι-

207 1275 551 1347 λανθρωπίαν
580 1275 744 1331 αὐτοῦ
770 1293 784 1308 ·
830 1276 866 1348 ἢ
901 1278 992 1331 καὶ
1032 1277 1330 1349 πεποίηκεν
1363 1278 1525 1330 αὐτὸν
1569 1295 1786 1350 σαρκωο

159 1374 164 1378 ’
207 1367 367 1438 θῆναι
391 1409 406 1433 ,
434 1370 529 1422 καὶ
573 1369 723 1440 πάθη
752 1370 1040 1441 ὑπομεῖναι
1086 1369 1156 1423 δι’
1185 1371 1333 1442 ἡμᾶς
1351 1385 1366 1400 ·
1399 1372 1430 1423 6
1457 1369 1514 1422 δὲ
1538 1370 1672 1433 Θεὸς
1694 1370 1790 1424 κα)⁸

207 1460 396 1531 Πατὴρ
421 1461 598 1532 ήμῶν,
623 1462 725 1514 οὐκ
763 1461 1113 1532 εὐφραίνεται
1146 1461 1239 1514 ἐπὶ
1287 1460 1390 1531 υίῷ
1426 1460 1788 1532 υἱοθετηθέντι

207 1552 303 1623 μὲν
326 1593 344 1616 ,
379 1552 454 1624 μὴ
486 1553 902 1624 πεπαιδευμένῳ
943 1553 1000 1607 δὲ
1041 1552 1140 1624 τὴν
1179 1551 1274 1608 τοῦ
1304 1551 1439 1606 Θεοῦ
1475 1553 1666 1622 σοφίαν
1695 1554 1789 1608 καὶ

205 1643 440 1711 γνῶσιν,
486 1643 619 1696 ἀλλὰ
671 1643 838 1715 κακίᾳ
881 1643 977 1698 καὶ
1019 1644 1253 1716 πονηρίᾳ
1302 1643 1491 1698 ἑαυτὸν
1539 1643 1746 1698 ὲκδόντι
1771 1659 1785 1674 ·

205 1733 317 1796 υίὸς
340 1733 399 1784 δὲ
427 1733 693 1804 φρόνιμος
735 1733 1017 1806 εὐφραίνει
1060 1733 1159 1803 τὴν
1207 1732 1421 1804 μητέρα
1449 1732 1614 1786 αὐτοῦ
1641 1773 1656 1797 ,
1687 1732 1788 1803 τὴν

203 1823 292 1876 τοῦ
320 1824 462 1877 Θεοῦ
506 1823 946 1895 φιλανθρωπίαν·
978 1824 1012 1896 ἢ
1054 1825 1148 1878 καὶ
1177 1825 1443 1896 προσάγει
1469 1825 1616 1896 ημᾶς
1640 1823 1794 1894 αὐτῷ

203 1916 275 1987 τῷ
295 1915 422 1988 Θεῷ
449 1890 544 1970 καί
575 1890 766 1989 “arpi,
795 1917 872 1980 ὡς
899 1890 1048 1981 υίούς
1074 1890 1667 1986 ἀπογαλακτισθέντας,
1692 1890 1788 1970 καὶ
1820 1890 1861 1946 Β

201 2009 297 2078 τῆς
355 2010 733 2080 πνευματικῆς
801 2011 1029 2081 στερεᾶς
1071 2011 1278 2082 τροφῆς
1322 2010 1677 2082 ἐφιεμένους·
1719 2011 1786 2064 ἶν’

201 2097 274 2162 ὥς
304 2099 434 2152 καθ’
462 2100 753 2171 ὁμοιότητα
782 2101 1006 2170 ἁδελφὸς
1035 2103 1166 2172 ἡμῖν
1197 2099 1438 2172 γεγονὼς
1478 2105 1508 2157 6
1540 2102 1667 2166 Υίδς
1699 2103 1792 2156 αὐ-

91 2219 95 2222 «
198 2189 288 2243 τοῦ
320 2190 536 2262 Ἰησοῦς
552 2193 804 2264 Χριστὸς,
823 2192 996 2256 οὕτως
1019 2195 1115 2249 καὶ
1136 2196 1296 2266 ἡμεῖς
1314 2194 1507 2268 πράξει
1532 2197 1626 2250 καὶ
1647 2195 1791 2266 λόγῳ

202 2282 636 2353 ⁴ιεολιτειιώμεθα·
672 2282 860 2337 ἔστιδὲ
888 2286 1070 2358 μήτηρ
1097 2285 1255 2356 ἡμῶν
1295 2287 1441 2358 καὶὴ
1473 2285 1788 2358 Ἐκκλησία,

201 2371 264 2442 ἦν
297 2371 382 2441 τῷ
407 2372 687 2443 Πνεύματι
717 2374 797 2445 τῷ
837 2375 979 2446 ἁγίῳ
1022 2375 1202 2448 ἑαυτῷ
1230 2379 1259 2431 ό
1298 2376 1432 2440 Θεὸς
1457 2377 1554 2430 καὶ
1597 2377 1790 2449 Πατὴρ

201 2464 487 2534 ἡρμόσατο
514 2466 593 2528 εἰς
615 2468 850 2534 γυναῖκα
871 2484 884 2498 ·
916 2468 1091 2521 τίκτει
1121 2468 1230 2540 γὰρ
1251 2468 1338 2522 ἀεὶ
1369 2467 1437 2522 δι’
1461 2470 1632 2540 αὐτῆς
1661 2471 1790 2524 ἑαυ-

199 2555 274 2625 τῷ
299 2555 459 2619 υἱοὺς
499 2556 594 2610 καὶ
625 2557 924 2630 θυγατέρας
943 2575 958 2590 ·
990 2558 1085 2614 καὶ
1110 2560 1202 2613 ἐπὶ
1238 2558 1336 2631 μὲν
1358 2562 1470 2624 τοίς
1494 2560 1790 2614 πεπαιδευ-

203 2647 392 2716 μένοις
415 2645 517 2719 τὴν
551 2647 643 2701 τοῦ
673 2647 808 2701 Θεοῦ
838 2648 1038 2716 γνῶσιν
1066 2649 1162 2703 καὶ
1189 2649 1406 2720 σοφίαν,
1436 2649 1791 2721 εὐφραίνεται

203 2739 292 2791 καὶ
323 2741 356 2791 6
403 2737 597 2810 Πατὴρ
640 2740 795 2810 ἡμῶν
827 2739 981 2808 Θεὸς,
1008 2741 1157 2813 καὶὴ
1189 2741 1371 2815 μήτηρ
1403 2743 1437 2812 ἡ
1474 2741 1788 2813 Ἐκκλησία·

199 2831 292 2884 ἐπὶ
315 2832 381 2884 δὲ
403 2833 520 2894 τοῖς
546 2831 913 2898 ἀπαιδεύτοις,
937 2834 1077 2887 πάνυ
1109 2833 1207 2906 μὲν
1235 2833 1460 2905 κήδεται
1486 2833 1582 2887 καὶ⁵
1615 2833 1795 2888 λυπεῖ-

201 2939 309 2987 ται,
356 2923 437 2987 ὡς
468 2922 544 2995 μὴ
576 2922 837 2978 θελόντων
865 2924 1020 2996 ἡμῶν
1049 2927 1371 2999 ἐπιπρέψαι
1403 2926 1499 2981 καὶ
1532 2927 1792 2998 σωθῆναι,

199 3016 338 3069 ἀλλὰ
366 3018 436 3087 τῇ
467 3016 640 3087 κακίᾳ
662 3018 1012 3088 προσμένειν.

272 3107 583 3179 Πρόσωπον
610 3107 846 3163 ἐνταῦθα
875 3108 973 3180 τὴν
1002 3108 1233 3180 θεωρίαν
1262 3109 1426 3182 φησί·
1457 3109 1662 3181 Θεωρία
1685 3109 1794 3181 γὰρ

200 3200 502 3271 νοημάτων
538 3199 756 3254 συνετοῦ
797 3199 1008 3271 ἀνδρὸς,
1039 3200 1201 3300 σοφία
1236 3200 1348 3300 καὶ.
1360 3199 1561 3270 γνῶσις
1586 3200 1791 3300 καὶιδι-
1820 3241 1864 3300 C

201 3290 474 3360 καιοσύνη
500 3303 514 3317 ·
541 3289 591 3343 οἱ
621 3289 678 3343 δὲ
704 3288 879 3360 νοεροὶ
907 3287 1174 3359 ὀφθαλμοὶ
1197 3287 1290 3340 τοῦ
1320 3287 1586 3358 ἄφρονος,
1617 3287 1709 3340 καὶ
1737 3288 1794 3340 ὲν

202 3383 425 3453 σώματι
460 3383 522 3434 ὲν
549 3379 695 3452 ἄκρᾳ
719 3380 919 3444 κακίας
944 3380 1038 3434 καὶ
1062 3379 1348 3450 πονηρίας.

286 3558 469 3630 Ὀργὴ
507 3556 586 3630 τῷ
610 3558 805 3628 ἄφρονι
838 3554 938 3628 υἱῷ
980 3553 1130 3628 παρὰ
1156 3554 1250 3608 τοῦ
1280 3553 1412 3608 Θεοῦ
1449 3555 1541 3608 καὶ
1583 3556 1796 3626 Πατρδς

199 3628 562 3722 ἐκπέμπεται
577 3650 635 3702 ὲν
658 3651 724 3720 τῇ
746 3647 929 3721 ἡμέρᾳ
953 3647 1052 3719 τῆς
1077 3645 1311 3718 κρίσεως
1331 3663 1344 3675 ·
1378 3649 1446 3717 τῇ
1475 3645 1531 3698 δὲ
1566 3645 1795 3716 Ἐκκλη-

200 3745 294 3816 σίᾳ
315 3746 390 3814 τῇ
423 3741 803 3812 γεννησαμένη
831 3739 909 3812 τῷ
943 3737 1365 3815 Πνεύματιδκαὶ
1397 3740 1464 3810 τῇ
1491 3737 1598 3792 τῶν
1625 3737 1796 3808 ἁγίων

197 3836 421 3908 χορείᾳ,
447 3833 612 3904 ὀδύνη
644 3833 766 3886 τότε
789 3833 1006 3895 πάντως
1029 3831 1180 3885 ἔσται
1213 3831 1306 3884 ἐπὶ
1332 3833 1397 3902 τῇ
1425 3831 1673 3903 ἀπωλείᾳ
1700 3831 1796 3884 τοῦ

199 3925 446 3995 ἄφρονος
471 3923 611 3976 υίοῦ⁸
631 3921 723 3975 καὶ
747 3922 829 3975 ὅτι
852 3924 880 3975 6
894 3922 994 3992 μὲν
1019 3921 1282 3993 φρόνιμος
1296 3920 1410 3984 υἱὸς
1431 3919 1798 3974 καὶτεκοῦσαν

198 4017 317 4087 ἔχει
347 4015 448 4070 καὶ
477 4014 692 4086 μητέρα
709 4028 723 4042 ⁸
750 4016 778 4067 6
798 4013 854 4066 δὲ
886 4013 1074 4084 ἄφρων
1103 4013 1271 4084 μόνην
1295 4010 1560 4066 τεκοῦσαν
1581 4027 1594 4041 ·
1629 4013 1662 4084 η
1689 4012 1799 4084 γὰρ

197 4111 397 4181 μήτηρ
424 4108 524 4162 καὶ
566 4105 798 4161 τεκοῦσα
823 4122 838 4135 ·
867 4107 901 4177 ἡ
936 4105 993 4157 δὲ
1023 4103 1276 4168 τεκοῦσα,
1303 4105 1366 4158 οὐ
1392 4105 1608 4169 πάντως
1648 4103 1797 4158 ἔσται

199 4201 298 4254 καὶ
329 4201 556 4271 μήτηρ·
593 4197 686 4252 ἐάν
708 4197 815 4268 γὰρ
845 4195 1090 4266 ἀποθάνῃ
1117 4194 1178 4248 τὸ
1206 4194 1392 4264 τεχθὲν
1419 4197 1476 4247 ὲν
1508 4193 1676 4264 κακίᾳ
1702 4198 1798 4247 καὶ

195 4292 478 4363 ἀγνωσία,
509 4289 742 4343 τεκοῦσα
774 4287 872 4359 μὲν
903 4286 1042 4351 ἔστι,
1072 4287 1255 4358 μήτηρ
1279 4285 1336 4338 δὲ
1360 4287 1460 4339 οὐκ
1483 4285 1628 4338 ἐστι·
1663 4284 1798 4338 διότι

199 4384 346 4457 μηδὲ
395 4382 495 4436 τοῦ
546 4382 647 4453 τῆς
697 4379 968 4444 υἱοθεσίας
1009 4379 1310 4450 μετέσχηκε
1366 4375 1678 4448 Πνεῦματος
1735 4376 1799 4430 τὸ

195 4477 402 4548 τεχθέν
426 4491 440 4505 ·
476 4473 741 4537 ὡσαύτως
765 4473 821 4526 δὲ
850 4472 944 4524 καὶ
982 4471 1075 4524 ὲπὶ
1103 4469 1211 4524 τῶν
1241 4467 1515 4540 αἰσθητῶν
1548 4468 1799 4541 μητέρων

1885 636 2086 706 pientia
2127 637 2443 706 gignuntur,
2475 646 2534 692 ut
2565 638 2674 692 sint
2708 635 3022 692 hominibus
3048 635 3217 692 duces
3250 649 3282 688 a
3321 634 3458 688 vitio

1886 725 1954 780 ad
2003 724 2290 790 virtutem,
2325 733 2382 782 et
2424 725 2493 780 ab
2550 726 2762 781 inscitia
2810 727 2878 782 ad
2921 724 3016 780 Dei
3059 724 3452 796 cognitionem.

1959 910 2004 942 “
2043 907 2138 965 Ille
2176 918 2263 965 est
2297 907 2575 974 volubilis,
2613 909 2706 977 qui
2747 906 2909 962 facile
2951 923 2981 962 a
3023 908 3226 964 virtute
3267 907 3337 962 ad
3375 905 3479 966 vi-.

1889 1003 2021 1058 tium
2051 1001 2312 1068 declinat,
2343 1001 2502 1057 malis
2533 1000 2958 1071 cogitationibus
2982 1001 3312 1057 abstractus.

1960 1178 2005 1211 ⁸⁸
2032 1177 2249 1234 Patrem
2285 1193 2430 1234 nunc
2475 1179 2604 1235 dit-it
2647 1179 2816 1234 Deum
2853 1197 2870 1246 ;
2914 1191 3165 1250 matrem,
3208 1183 3458 1255 benigni-

1889 1279 2058 1336 tatem
2082 1270 2202 1340 ejus
2228 1285 2354 1339 erga
2386 1270 2658 1337 homines,
2688 1286 2810 1341 qua:
2831 1272 2989 1328 etilli
3022 1272 3459 1332 incarnationem

1888 1362 2080 1426 suasit,
2109 1371 2164 1417 et
2195 1376 2295 1431 pro
2327 1361 2484 1416 nobis
2509 1361 2645 1431 pati.
2669 1360 2864 1418 Noster
2891 1373 3072 1420 autem
3103 1365 3268 1421 Pater
3297 1367 3478 1433 Deus,

1889 1468 1996 1508 non
2030 1454 2249 1510 laetatur
2281 1453 2538 1523 ad0ptivo
2569 1452 2705 1520 ﬁlio,
2751 1455 2847 1526 qui
2875 1455 2969 1511 Dei
2999 1458 3327 1532 sapientiam
3375 1470 3460 1515 at-

1887 1560 1996 1616 que
2029 1546 2276 1602 notitiam
2317 1560 2424 1600 non
2456 1545 2529 1600 sit
2559 1545 2808 1613 edoctus,
2837 1548 2933 1602 sed
2963 1551 3222 1620 nequitiae
3260 1563 3318 1608 et
3354 1553 3462 1609 im-

1888 1637 2148 1706 probitati
2193 1637 2438 1692 deditns.
2482 1637 2729 1692 Prudens
2771 1637 2916 1694 ﬁlius
2954 1638 3196 1696 lwtilicat
3230 1653 3459 1698 matrem

1889 1743 2073 1795 suam,
2126 1728 2179 1784 id
2220 1738 2306 1784 est
2330 1728 2420 1784 Dei
2459 1729 2880 1799 benignitatem.
2915 1728 3014 1786 Vel
3049 1733 3212 1787 etiam
3241 1735 3462 1791 adducit

1889 1835 1991 1876 nos
2020 1821 2088 1876 ad
2119 1821 2286 1877 Deum
2330 1819 2569 1888 Patrem,
2617 1831 2680 1876 ut
2721 1821 2863 1877 ﬁlios
2900 1821 3012 1891 jam
3053 1825 3373 1894 ablactatos,
3407 1839 3482 1884 et~

1890 1912 2156 1984 spiritalis
2195 1913 2472 1969 solidioris
2510 1913 2615 1970 cibi
2654 1915 2905 1986 cupidos.
2945 1915 3014 1973 Ut
3044 1915 3114 1972 ob
3147 1918 3463 1974 similitudi-

1889 2018 2012 2060 nem
2045 2002 2218 2062 frater
2247 2014 2433 2058 noster
2465 2003 2709 2070 effectus,
2745 2005 2916 2062 Filius
2945 2007 3065 2078 ejus
3101 2005 3263 2065 Iesus
3295 2010 3486 2066 Chri-.

1888 2104 2025 2162 stus,
2057 2095 2133 2150 ita
2163 2103 2220 2151 et
2247 2110 2345 2150 nos
2379 2107 2504 2152 actu
2534 2109 2588 2150 et
2619 2110 2872 2152 sermone
2905 2099 3175 2154 vivamus.
3211 2099 3308 2156 Est
3348 2117 3460 2156 ma-

1892 2195 1976 2242 ter
2032 2197 2219 2244 nostra
2275 2189 2443 2245 etiam
2483 2189 2749 2258 Ecclesia,
2822 2208 2984 2263 quam
3042 2209 3142 2264 per
3198 2193 3462 2265 Spiritum

1889 2288 2136 2333 sanctum
2168 2280 2308 2336 Deus
2337 2280 2502 2338 Pater
2527 2283 2630 2339 sibi
2664 2298 2917 2352 sponsam
2946 2285 3238 2355 copulavit.
3277 2287 3465 2358 Gignit

1889 2370 2032 2424 enim
2059 2370 2162 2427 sibi
2203 2386 2304 2442 per
2338 2375 2509 2442 ipsam
2539 2389 2756 2446 semper
2792 2376 2936 2434 ﬁlios
2972 2377 3222 2450 ﬁliasque
3264 2398 3278 2435 :
3313 2390 3368 2435 et
3398 2383 3466 2438 de

1889 2464 2098 2518 eductis
2147 2463 2242 2519 Dei
2289 2465 2540 2522 notitiam
2583 2477 2749 2538 atque
2798 2470 3126 2539 sapientiam
3153 2471 3339 2528 liberis
3372 2472 3466 2528 lte-

1893 2561 2040 2608 tatur
2090 2563 2246 2622 pater
2283 2567 2470 2612 noster
2520 2557 2660 2613 Deus
2689 2568 2972 2630 materque
2998 2547 3262 2620 Ecclesia.
3294 2565 3362 2620 Et
3397 2564 3466 2621 de

1893 2645 2183 2704 ineruditis
2223 2647 2467 2706 tristatur
2493 2665 2827 2722 magnopere
2859 2668 2922 2710 ac
2951 2655 3118 2721 dolet,
3150 2657 3274 2726 quia
3309 2656 3465 2712 nolu-

1894 2753 2013 2794 mus
2055 2741 2296 2796 converti
2343 2756 2409 2797 ac
2459 2743 2686 2810 salvari,
2737 2747 2834 2802 sed
2881 2745 2936 2802 in
2989 2749 3233 2820 nequitia
3280 2764 3468 2820 perse-

1893 2843 1957 2883 ve
1963 2844 2019 2883 ra
2029 2845 2105 2887 re.

1965 3095 2012 3128 ⁸⁵
2051 3094 2271 3153 Vultum
2321 3101 2425 3156 hoc
2477 3101 2598 3158 loco
2656 3103 2793 3159 dicit
2840 3105 3276 3162 meditationem.
3332 3107 3464 3163 Nam

1898 3187 2182 3243 meditatio
2206 3190 2598 3260 cogitationum
2646 3196 2852 3251 cordati
2886 3198 3010 3262 viri,
3065 3199 3330 3268 sapientia
3359 3212 3462 3262 est.

1897 3285 2058 3347 atque
2100 3281 2349 3349 scientia,
2375 3291 2431 3338 et
2459 3282 2692 3353 iustitia.
2734 3284 3137 3342 lntellectuales
3169 3303 3298 3343 vero
3322 3291 3464 3345 oculi

1896 3369 1996 3424 viri
2029 3370 2226 3434 insani.
2264 3373 2319 3428 in
2352 3388 2579 3443 corpore
2607 3391 2823 3448 quoque
2848 3393 3114 3434 summam
3144 3380 3348 3436 habent
3383 3397 3470 3437 ne-

1896 3463 2124 3534 quitiam
2153 3476 2208 3520 οι
2237 3466 2665 3536 improbitatem.
3359 3457 3362 3460 ’

1969 3554 2015 3586 ⁸⁸
2049 3555 2129 3610 Ira
2161 3557 2214 3610 in
2245 3556 2412 3612 ﬁlium
2445 3558 2838 3630 imprudentem
2883 3577 2914 3616 a
2965 3563 3076 3618 Deo
3103 3562 3268 3620 Patre
3295 3565 3469 3621 επινι-

1898 3646 2046 3702 ditur
2081 3648 2133 3702 in
2165 3648 2256 3705 die
2297 3649 2515 3720 judicii.
2564 3651 2819 3708 Ecclesia:
2864 3662 3047 3711 autem
3094 3673 3217 3728 quae
3262 3658 3466 3728 Spiritu

1899 3738 2130 3806 peperit,
2171 3747 2227 3793 et
2274 3751 2590 3798 sanctorum
2643 3745 2834 3807 cmtui,
2880 3744 3036 3801 dolor
3085 3763 3310 3818 prorsus
3365 3749 3472 3804 erit

1899 3838 2122 3901 prepter
2175 3829 2276 3886 ﬁlii
2329 3831 2689 3902 imprudentis
2715 3837 3097 3906 perditionem.
3130 3839 3198 3894 Et
3222 3841 3470 3896 animad-

1898 3929 2076 3982 verte,
2125 3923 2394 3989 quomodo
2455 3925 2690 3993 prudens
2735 3927 2878 3982 ﬁlius
2907 3938 2961 3982 et
2991 3939 3274 3997 parentem
3305 3932 3469 3987 habet

1899 4021 1955 4068 et
1997 4022 2224 4069 matrem
2263 4029 2280 4080 ;
2336 4014 2653 4084 imprudens
2703 4027 2885 4072 autem
2945 4019 3114 4076 solam
3163 4033 3466 4090 parentem.

1899 4101 2032 4158 Nam
2060 4115 2256 4166 mater.
2286 4107 2472 4175 utique
2499 4115 2554 4160 et
2579 4122 2776 4176 parens
2803 4119 2926 4177 est;
2965 4113 3061 4168 sed
3095 4127 3200 4168 non
3229 4113 3468 4171 vicissim

1900 4209 2117 4264 parens,
2146 4205 2322 4252 mater
2352 4211 2569 4268 quoque
2603 4209 2712 4255 est.
2747 4199 2882 4255 Nam
2936 4203 2985 4257 si
3024 4205 3118 4274 qui
3151 4215 3338 4273 partus
3368 4205 3474 4262 fuit

1901 4287 2044 4344 ﬁlius
2094 4287 2366 4344 moriatur
2395 4289 2449 4344 in
2484 4292 2725 4361 nequitia
2753 4304 2809 4348 et
2839 4294 3081 4362 inscitia,
3126 4297 3218 4356 illa
3250 4298 3473 4368 quidem

1899 4396 2118 4452 parens,
2151 4392 2256 4449 est,
2302 4399 2414 4439 non
2471 4397 2666 4442 mater.
2708 4387 3076 4454 Quamobrem
3121 4405 3191 4446 ne
3236 4389 3476 4460 Spiritus

1900 4473 2120 4541 quidem
2173 4474 2519 4544 adoptionem
2571 4477 2940 4548 participatis
2967 4481 3062 4550 qui
3099 4491 3287 4551 partus
3344 4480 3469 4538 fuit.

196 4568 560 4640 νοηθήσεται,
591 4565 686 4617 καὶ
711 4564 802 4616 ἐπὶ
826 4562 920 4617 τοῦ
951 4561 1184 4616 θανάτου
1225 4559 1320 4615 τοῦ
1361 4559 1622 4632 αἰσθητοῦ
1646 4578 1658 4590 ο
1699 4559 1798 4631 τὴν

1906 4564 2169 4620 Similiter
2195 4575 2252 4620 et
2273 4565 2345 4620 de
2374 4567 2751 4623 materialibus
2773 4568 2985 4625 dicetur
3011 4571 3302 4638 matribus,
3327 4573 3472 4632 etde

197 4660 313 4731 γὰρ
348 4658 569 4730 μητέρα
599 4655 830 4726 ἐροῦμεν
857 4654 951 4708 καὶ
971 4651 1232 4706 τεκοῦσαν
1253 4666 1269 4683 ⁸
1290 4651 1471 4705 οὐκέτι
1502 4651 1559 4704 δὲ
1585 4651 1800 4723 μητέρα

196 4751 296 4805 τοῦ
328 4750 530 4813 παιδὸς
556 4747 941 4810 ἀποθανόντος.

270 4925 612 4999 Πλημμελεί
652 4941 766 4987 τις,
795 4921 888 4976 τοῦ
929 4919 1134 4974 δικαίου
1183 4919 1245 4972 τὺ
1275 4919 1482 4973 δίκαιον
1526 4919 1798 4997 ἀφαιρῶν,

196 5017 234 5089 ἢ
288 5016 646 5087 διαστρέφων
689 5011 853 5066 αὐτοῦ
903 5011 1039 5082 πρὸς
1091 5008 1302 5063 ἀδικίαν
1346 5011 1474 5073 τοὺς
1527 5007 1796 5081 μαθητὰς,

197 5108 522 5181 ἁμαρτάνει
543 5124 556 5138 .
589 5105 782 5176 κτῆσιν
812 5105 919 5176 γὰρ
949 5103 1146 5166 αὐτοὺς
1177 5101 1336 5172 ἔχων,
1369 5100 1672 5173 ἐζημίωται
1697 5118 1710 5132 ·
1739 5101 1801 5154 οὐ

195 5203 315 5272 γὰρ
352 5198 582 5272 ζητοῦσι
614 5197 682 5251 τὰ
709 5197 886 5268 ἡμῶν,
916 5194 1029 5248 ἀλλ’
1063 5195 1243 5266 ἡμᾶς·
1273 5194 1540 5257 δυνάστας
1563 5193 1620 5248 δὲ
1653 5190 1801 5261 λέγει

192 5296 333 5358 τοὺς
365 5295 432 5347 ὲν
460 5289 680 5363 Χριστῷ
716 5288 1115 5362 βασιλεύοντας.

1908 4663 2082 4710 morte
2124 4655 2427 4712 materialis
2475 4656 2762 4713 ﬁliiznam
2799 4670 3030 4716 matrem
3059 4663 3277 4731 quidem
3325 4663 3472 4717 dice-

1907 4759 2028 4800 mus
2063 4745 2231 4801 etiam
2283 4755 2589 4818 parentem,
2625 4763 2968 4821 nequaquam
3022 4761 3202 4810 tamen
3243 4763 3472 4808 matrem

1903 4836 2055 4910 pueri
2095 4839 2317 4897 mortui.

1975 4927 2021 4959 ⁶⁶
2049 4926 2324 5000 Delinquit
2339 4931 2559 5001 aliquis,
2585 4947 2708 4988 cum
2728 4931 2996 5002 justitiam
3028 4936 3175 5005 justo
3194 4937 3354 5006 eripit
3378 4953 3395 5001 ;
3419 4948 3476 4989 et.

1906 5037 2028 5078 cum
2062 5022 2180 5091 ejus
2208 5026 2504 5096 discipulos
2528 5027 2594 5082 ad
2622 5029 2961 5098 iniquitatem
2995 5031 3316 5101 distorquet,
3347 5047 3476 5100 pec-

1904 5124 2014 5168 cat.
2057 5114 2193 5169 Nam
2241 5130 2372 5171 cum
2425 5118 2528 5174 hos
2577 5121 2731 5190 quasi
2767 5121 3161 5191 possessionem
3213 5121 3463 5184 haberet.

1905 5204 2106 5258 damno
2151 5203 2406 5264 afﬁcitur.
2463 5207 2579 5264 Non
2631 5211 2778 5265 enim
2826 5223 3011 5267 nostra
3059 5221 3330 5281 quaarunt,
3377 5217 3474 5268 sed

1904 5312 2026 5353 nos.
2060 5297 2330 5370 Dynastas
2378 5301 2614 5372 denique
2657 5303 2810 5370 dicit,
2877 5306 2968 5374 qui
3017 5306 3068 5359 in
3117 5303 3337 5362 Christo
3387 5321 3478 5361 re-

1666 5503 1820 5558 CAP.
1857 5501 2045 5558 XVIII.

286 5607 356 5663 '0
388 5605 661 5679 ἀγόμενος
683 5606 751 5676 τῇ
770 5602 880 5656 τῶν
901 5601 1172 5673 δαιμόνων
1201 5600 1502 5673 ἀφροσύνῃ,
1528 5600 1589 5652 οὐ
1616 5599 1806 5670 χρείαν

1987 5598 2031 5630 ⁸⁷
2057 5599 2158 5665 Qui
2187 5599 2493 5656 daamonum
2529 5602 2739 5658 insania
2773 5602 2972 5675 agitur,
3027 5603 3353 5675 sapientiam
3387 5602 3476 5658 Dei

195 5701 322 5773 ἔχει
358 5698 558 5768 σοφίας
599 5695 736 5750 Θεοῦ
765 5694 802 5765 ἣ
828 5691 1111 5761 γνώσεως·
1153 5691 1285 5745 διότι
1318 5691 1569 5762 ἠγάπησε
1605 5689 1801 5760 μᾶλλον

1914 5688 2310 5763 scientiamque
2341 5708 2450 5750 non
2491 5693 2724 5765 requirit
2768 5713 2783 5751 :
2842 5695 2969 5766 quia
3027 5695 3277 5752 tenebras
3308 5695 3480 5766 magis

281 5863 333 5896 κ
365 5876 429 5915 ν.
451 5858 540 5913 20.

465 5959 736 6020 Panos.
775 5961 891 6020 (in.
934 5957 1129 6022 XVll.

636 5861 683 5903 β³
715 5875 766 5914 v.
794 5861 884 5916 ει.
927 5874 938 5886 '
963 5859 1008 5890 “
1043 5873 1093 5911 ν.
1123 5855 1214 5913 24.
1297 5857 1339 5888 ⁸⁸
1384 5871 1432 5909 ν.
1469 5855 1558 5910 εδ.
1643 5853 1687 5886 ⁸⁸
1717 5851 1879 5909 v.96.
1960 5851 2002 5882 ⁸⁷
2042 5865 2088 5904 νο
2120 5850 2152 5902 3

3170 5943 3212 6004 7
