3958 6508
225 383 330 450 905.

1397 385 1769 442 EXPOSI'I‘IO
1806 386 1874 464 _l.\'
1911 387 2326 471 PRO\’ERDIA_.

3390 390 3496 464 ξοδ

287 499 542 572 Τὸνβίον
571 501 665 556 τὸν
705 501 865 574 ὀρθὸν
902 502 1080 558 τοίνυν
1129 498 1282 556 εἶπεν
1311 503 1464 575 Δδόμα
1495 504 1804 576 ἀνθρώπου,

1984 509 2029 540 ⁷⁷
2066 509 2291 564 ltectam
2344 508 2526 578 itaque
2575 507 2742 582 vitam
2797 507 2931 564 dicit
2983 508 3223 564 hominis
3273 509 3498 586 donum,

219 596 366 666 ὅστις
406 593 569 646 αὑτὸν
613 593 874 649 πλατύνει
915 597 1008 649 καὶ
1054 595 1282 667 παρέχει
1314 595 1406 666 τοῦ
1442 595 1812 668 πληρώματος

219 686 366 750 ἄξιον
411 685 504 740 τοῦ
539 685 673 740 Θεοῦ
695 703 708 716 ·
743 687 880 759 ὅπερ
907 688 1182 759 καθέδραν
1210 688 1489 743 δυναστῶν
1531 688 1808 761 ὀνομάζει.

220 778 387 846 ἧγουν
425 776 535 829 τῶν
572 777 743 846 ἁγίων
780 777 1066 850 δυνάμεων
1087 796 1098 810 ’
1131 779 1224 833 νοῦ
1254 778 1364 851 γὰρ
1390 779 1632 852 καθέδρα
1663 782 1812 835 ἐστὶν

220 867 332 932 ἕξις
359 867 557 940 ἀρίστη
580 910 595 933 ,
623 868 941 940 δυσκίνητον
983 869 1015 940 ἦ
1055 869 1312 940 ἀκίνητον
1352 870 1684 943 διατηροῦσα
1720 872 1811 927 τὸν

219 958 607 1032 καθεζόμενον.
1378 943 1382 947 μ

289 1054 514 1108 Ἀνοιαν
555 1053 717 1108 παύει
758 1055 992 1124 γνῶσις
1026 1055 1166 1126 αῦτη
1213 1055 1322 1127 γάρ
1365 1058 1513 1109 ἐστιν
1537 1059 1566 1110 6
1611 1056 1812 1129 κλῆρος

214 1147 313 1217 τῆς
341 1146 557 1214 φύσεως
584 1147 685 1218 τῆς
713 1147 941 1218 λογικῆς
960 1167 973 1180 ο
1006 1150 1100 1203 καὶ
1133 1152 1190 1202 ἐν
1215 1149 1505 1214 δυνάσταις
1519 1151 1695 1222 ὁρίζει
1728 1152 1812 1220 γί-

215 1238 404 1292 νεσθαί
435 1257 506 1304 τι,
551 1241 646 1294 καὶ
680 1241 922 1294 ποιοῦσι·
959 1241 1037 1312 τῷ
1065 1242 1173 1314 γὰρ
1201 1243 1402 1312 γνῶσιν
1428 1244 1606 1315 ἔχοντι
1638 1245 1807 1309 Θείαν,

215 1333 490 1387 κλίνονται
520 1333 721 1398 πάντες
747 1349 758 1361 ·
795 1334 828 1405 ἢ
855 1333 1166 1404 ἀντιλογίας
1199 1335 1435 1390 ἐνταῦθα
1463 1337 1588 1402 τοὺς
1614 1339 1677 1391 ὲκ
1702 1338 1811 1393 τῶν

213 1426 490 1498 δαιμόνων
531 1427 654 1492 καθ’
694 1417 850 1497 ἡμῶν
885 1429 1268 1499 ἐγειρομένους
1320 1429 1614 1502 λογισμούς
1653 1450 1808 1502 φησι,

211 1518 338 1582 τοὺς
359 1521 428 1589 τῇ
456 1518 626 1590 ἀρετῇ
649 1519 998 1584 ἀντιπάλους,
1015 1521 1110 1572 καὶ
1129 1520 1222 1574 τοῦ
1247 1520 1382 1574 Θεοῦ
1406 1522 1639 1595 χωρίσαι
1665 1525 1810 1594 ἡμᾶς

213 1610 550 1674 σπεύδοντας
570 1627 582 1638 ·
615 1611 780 1665 παύει
825 1611 883 1664 δὲ
923 1612 1128 1677 ταύτας
1171 1614 1266 1682 ἀφ’
1296 1613 1453 1684 ἡμῶν
1487 1616 1516 1667 ὁ
1546 1617 1645 1687 τῆς
1672 1616 1812 1685 γνώ-

213 1719 355 1766 σεως
373 1702 599 1774 κλῆρος,
621 1705 717 1758 καὶ
746 1705 874 1770 τοὺς
897 1707 1165 1772 δυνάστας
1195 1707 1454 1779 δαίμονας
1482 1709 1653 1781 ὁρίζει
1683 1712 1812 1778 ovat-

211 1797 446 1865 χωρεῖν,
477 1795 554 1859 ὡς
591 1795 1012 1868 κεκληρωμένος
1047 1799 1125 1869 τῷ
1156 1799 1304 1870 Θεῷ,
1343 1800 1402 1867 ἐξ
1431 1801 1595 1854 αὑτοῦ
1625 1821 1682 1858 τε
1718 1807 1810 1858 καὶ

210 1885 393 1940 ἄλλων
416 1886 494 1952 ὡς
527 1886 682 1944 θείαν
714 1889 919 1958 γνῶσιν
947 1890 1108 1961 ἔχων.

213 2126 218 2130 _
281 2072 366 2124 Ἦ
392 2071 492 2142 τὴν
513 2070 692 2144 ψυχὴν
725 2071 908 2142 λέγει,
942 2072 1087 2145 ζωῆς
1135 2075 1228 2127 καὶ
1258 2073 1491 2129 θανάτου
1529 2075 1807 2147 δεκτικὴν,

210 2164 300 2234 ἀφ’
330 2158 411 2216 ὧν
447 2163 507 2218 τὸ
539 2164 886 2230 αὐτεξούσιον
925 2164 1196 2220 δείκνυται
1223 2166 1332 2220 τῶν
1371 2166 1467 2220 νῦν
1491 2184 1553 2220 τε
1579 2169 1674 2221 καὶ
1700 2169 1810 2222 τῶν

210 2256 524 2326 μελλόντων
554 2258 682 2322 τοὺς
708 2258 952 2329 καρποὺς
996 2258 1166 2330 αὐτῆς
1210 2258 1515 2315 ἀπολαῦσαι
1543 2259 1724 2314 καλῶν
1749 2277 1810 2332 τε

211 2346 242 2416 ἢ
271 2347 492 2401 κακῶν.

280 2442 385 2503 Ὃς
407 2434 538 2510 εὗρε
568 2439 763 2509 σοφίαν
785 2439 1020 2511 ἀγαθὴν,
1055 2433 1184 2506 εὗρε
1208 2440 1436 2514 χάριτας
1461 2440 1598 2494 Θεοῦ
1619 2458 1632 2471 ο
1656 2473 1724 2482 -
1751 2443 1808 2494 '0

210 2531 463 2600 κατέχων
509 2532 745 2598 κακίαν,
772 2533 961 2604 ἄφρων
995 2533 1090 2587 καὶ
1122 2534 1360 2605 ἀσεϐὴς,
1399 2533 1475 2597 ὡς
1511 2534 1810 2606 ὲφευρετὴς

208 2622 385 2695 αὐτῆς
410 2623 686 2691 διάϐολος.

1920 608 2182 668 quantum
2234 599 2464 669 quisque
2511 599 2562 653 id
2615 599 2868 670 ampliat,
2901 610 3112 654 etcum
3163 600 3504 669 plenitudine

1919 690 2080 746 oll'ert
2144 692 2307 762 digna
2346 691 2490 748 Deo:
2535 692 2696 761 idque
2735 695 2899 747 etiam
2957 693 3274 748 cathedram
3329 695 3505 766 dyna-

1919 793 2126 838 starum
2151 783 2418 854 nominat,
2438 781 2489 837 id
2517 795 2600 837 est
2630 794 2942 838 sanctarum
2981 793 3332 854 potestatum.
3363 783 3504 837 Men-

1922 877 1991 930 tis
2016 876 2160 931 enim
2189 874 2448 930 cathedra
2482 886 2590 942 est,
2615 876 2826 948 optima
2876 876 3218 931 consuetudo
3247 893 3370 945 qua:
3412 879 3504 952 ltr-

1912 986 2067 1044 .mum
2103 969 2542 1038 immobilemque
2574 979 2720 1024 tenet
2751 969 3027 1024 sedentem
3061 970 3114 1023 in
3157 968 3267 1022 illa.

1992 1060 2038 1092 ⁷⁸
2079 1060 2388 1114 Amcntiam
2412 1058 2712 1132 exstinguit
2761 1056 3036 1121 scientia;
3079 1055 3195 1110 haec
3232 1056 3374 1110 enim
3405 1064 3491 1110 est

1921 1153 2202 1208 rationalis
2241 1161 2448 1207 natum
2483 1151 2599 1205 dos.
2643 1150 2763 1219 Ipsa
2811 1148 3057 1219 dynastis
3096 1162 3314 1218 quoque
3365 1147 3499 1200 dell-

1921 1248 2000 1301 nit
2025 1246 2152 1316 quid
2194 1255 2356 1316 agant
2385 1255 2489 1315 ;'et
2518 1244 2572 1298 hi
2609 1244 2836 1298 faciunt.
2871 1241 3004 1296 Nam
3043 1241 3091 1296 ei
3124 1240 3216 1310 qui
3250 1241 3492 1294 divinam

1915 1339 2199 1412 scientiam
2229 1339 2412 1404 habet,
2447 1338 2630 1392 cuncti
2662 1337 3059 1406 obsequuntur.
3090 1332 3186 1390 Vel
3220 1333 3498 1388 contradio

1917 1431 2127 1487 ctiones
2163 1432 2266 1486 hoc
2303 1415 2422 1485 loco
2475 1429 2608 1484 dicit
2661 1429 2965 1484 concitatas
3010 1427 3280 1482 adversus
3319 1441 3420 1480 nos
3469 1440 3498 1478 a

1921 1514 2259 1577 daemonibus
2285 1518 2668 1589 cogitationes,
2699 1518 2920 1573 virtutis
2969 1517 3247 1580 inimicas,
3293 1532 3502 1587 nosque

1907 1628 1946 1686 la
1984 1613 2094 1667 Deo
2117 1626 2376 1682 separare
2404 1598 2736 1681 satagentes.
2784 1611 2894 1665 Has
2929 1623 3062 1664 vero
3105 1609 3158 1663 in
3196 1608 3359 1663 nobis
3407 1623 3503 1663 ex-

1917 1703 2151 1780 stinguit
2177 1701 2420 1757 scientiae
2448 1703 2567 1766 dos,
2617 1703 2982 1772 dynastasque
3011 1700 3283 1754 dannoncs
3315 1698 3502 1768 fugere

1913 1795 2066 1864 jubet
2097 1809 2114 1858 ;
2156 1801 2413 1863 tanquam
2442 1791 2552 1848 Deo
2578 1792 2783 1855 addicti
2813 1793 3006 1858 simus,
3054 1790 3124 1868 ab
3167 1804 3340 1860 eoque
3364 1791 3501 1843 alia-

1833 1893 1886 1946 Β
1920 1901 2036 1938 rum
2071 1899 2286 1955 quoque
2320 1899 2500 1939 rerum
2529 1883 2822 1939 scientiam
2853 1885 3008 1953 quasi
3033 1883 3270 1938 divinam
3297 1883 3499 1938 habea-

1914 1992 2053 2031 mus.

1994 2069 2040 2100 '"
2072 2067 2167 2123 Vel
2198 2069 2434 2126 animam
2473 2067 2629 2133 dicit,
2675 2068 2804 2123 vita:
2847 2066 3150 2140 mortisque
3205 2081 3488 2137 capacem,

1912 2161 2054 2216 unde
2079 2160 2314 2238 liberum
2345 2160 2464 2231 ejus
2513 2157 2802 2214 arbitrium
2859 2169 3216 2221 monstratur,
3265 2160 3330 2213 ad
3363 2145 3494 2213 car-

1912 2253 2119 2323 pendos
2171 2261 2283 2305 tum
2337 2251 2625 2322 praesentis
2669 2259 2778 2305 tum
2837 2249 3005 2304 futuri
3050 2260 3225 2307 status
3258 2251 3492 2314 fructus.

1915 2347 2186 2400 bonorum
2217 2344 2432 2417 scilicet
2453 2345 2535 2398 vel
2572 2345 2838 2399 malorum
2869 2358 3116 2414 operum.
3462 2343 3466 2347 ’

1987 2435 2031 2465 ⁸ο
2063 2434 2164 2501 Qui
2194 2434 2517 2505 sapientiam
2544 2434 2742 2490 bonam
2774 2435 3004 2502 invenit,
3037 2435 3242 2507 gratias
3279 2435 3375 2490 Dei
3411 2434 3496 2490 in-

1916 2529 2085 2584 venit.
2117 2559 2184 2571 ——
2217 2529 2318 2596 Qui
2355 2530 2654 2600 nequitiam
2688 2532 2906 2598 retinet,
2933 2545 3171 2587 vesanus
3204 2542 3290 2589 est
3319 2539 3374 2588 et
3394 2532 3494 2588 im-

1918 2623 2064 2692 pius,
2097 2632 2156 2698 ut
2186 2624 2438 2680 inventor
2471 2623 2621 2680 illius
2648 2624 2932 2704 diabolus.

1687 2724 1844 2780 CAP.
1884 2721 2030 2776 XIX.

201 2854 206 2858 .
276 2811 526 2878 Πλοῦτος
550 2813 806 2883 γνώσεως
836 2817 930 2871 καὶ
955 2818 1147 2888 σοφίας
1173 2820 1528 2892 προστίθησιν
1554 2823 1684 2893 ἡμῖν
1709 2823 1808 2890 ἀγ-

199 2901 402 2972 γέλους
428 2903 661 2968 πολλούς
681 2921 694 2934 ο
725 2907 755 2958 6
780 2905 836 2958 δὲ
857 2907 1185 2978 ἀκάθαρτος,
1210 2910 1272 2975 ,ὃν
1306 2911 1513 2982 πένητά
1541 2929 1694 2984 φησι,
1713 2914 1808 2990 καὶ

205 2992 314 3045 ἀπὸ
337 2991 437 3046 τοῦ
464 2993 712 3058 δοθέντος
744 2995 890 3067 αὐτῷ
919 2998 984 3051 ἐκ
1015 2999 1204 3064 παιδὸς
1231 3001 1466 3071 ἀγγέλου
1492 3003 1804 3075 χωρίζεταιο

201 3084 242 3155 ,ἡ
281 3085 398 3158 γὰρ
446 3087 792 3158 πνευματικὴ
842 3089 1031 3170 φιλία’,
1078 3090 1245 3164 ἀρετή
1303 3095 1418 3146 ἐστι
1472 3097 1567 3150 καὶ
1609 3094 1809 3162 γνῶσις

206 3179 366 3247 Θεοῦ,
391 3179 462 3232 δι’
492 3173 569 3234 ὧν
600 3182 980 3254 συναπτόμεθα
1002 3184 1139 3255 πρὸς
1165 3186 1346 3254 φιλίαν
1367 3191 1490 3252 ταῖς
1513 3189 1699 3256 ἁγίαις
1726 3188 1802 3242 δυ-

1987 2817 2030 2848 ⁸¹
2067 2818 2276 2873 Divitiae
2329 2819 2572 2874 scientia?
2625 2833 2689 2874 ac
2737 2817 3027 2890 sapientia:
3077 2818 3285 2872 addunt
3341 2817 3495 2872 nobis

1895 2909 2135 2982 _angelos
2169 2911 2497 2980 complures.
2529 2912 2598 2965 At
2638 2913 2906 2983 impurus,
2941 2929 3100 2982 quem
3143 2922 3332 2968 auctor
3361 2928 3494 2982 pau-

1895 3016 2100 3075 perem
2130 3001 2396 3069 nominat,
2428 3003 2592 3057 etiam
2626 3006 2754 3059 dato
2788 3006 2890 3060 sibi
2922 3020 2989 3061 ex
3025 3006 3258 3076 pueritia
3301 3004 3493 3074 angelo

1895 3095 2181 3186 'privatur.
2229 3095 2363 3149 Nam
2413 3096 2682 3165 spiritalis
2733 3098 2997 3162 amicitia,
3057 3099 3234 3153 virtus
3291 3107 3377 3152 est
3430 3113 3493 3151 ac

1913 3189 2168 3254 scientia,
2191 3203 2223 3243 a
2246 3188 2444 3258 quibus
2472 3189 2651 3244 amice
2685 3190 3006 3259 copulamur
3037 3206 3161 3244 cum
3205 3190 3492 3259 potestati-

206 3268 440 3337 νάμεσιν
461 3286 476 3300 ·
541 3269 656 3339 εἴγε
683 3272 730 3324 οί
760 3272 1144 3341 μετανοοῦντες
1178 3275 1477 3348 ἄνθρωποι,
1513 3280 1688 3349 χαρᾶς
1720 3279 1804 3332 αἵ-

1916 3283 2012 3336 bus
2062 3282 2267 3337 sanctis
2306 3299 2321 3337 :
2369 3282 2809 3352 quandoquidem
2856 3283 3182 3352 praenitentes
3243 3283 3494 3337 homines

195 3379 306 3416 -τιοι
337 3364 588 3431 γίνονται
618 3365 730 3428 τοῖς
757 3365 1036 3433 ἀγγέλοις·
1065 3366 1207 3421 οὕτω
1231 3368 1326 3421 καὶ
1356 3371 1384 3422 6
1408 3370 1599 3442 Σωτὴρ
1622 3370 1808 3440 φίλους

205 3456 385 3513 καλεῖ.
408 3455 540 3519 τοὺς
557 3456 780 3525 ,δούλους
811 3457 958 3521 ποτὲ,
984 3459 1084 3528 τῆς
1112 3459 1357 3530 μείζονος
1380 3443 1546 3514 αὐτοῦ
1577 3462 1808 3533 θεωρίας

205 3547 562 3612 καταξιώσας
578 3564 594 3578 ο
625 3547 767 3602 οὕτω
796 3551 890 3603 καὶ
920 3551 1171 3622 Ἀϐραὰμ
1193 3552 1486 3617 πλουτίσας
1505 3555 1564 3608 ὲν
1586 3554 1804 3622 γνώσει,

197 3639 300 3710 ,τὴν
331 3637 612 3711 μυστικὴν
629 3640 846 3712 ἐκείνην
871 3642 1204 3715 παρατίθησι
1227 3643 1504 3716 τράπεζαν
1525 3648 1638 3709 τοῖς
1667 3645 1808 3699 κατά

202 3731 298 3802 τὴν
332 3731 691 3804 μεσημϐρίαν
735 3737 948 3803 φανεῖσι
981 3734 1156 3804 φίλοις
1194 3737 1383 3791 αὐτοῦ’
1415 3737 1588 3792 Σαοὺλ
1627 3737 1806 3793 δὲκαὶ

192 3824 312 3877 ἀπὸ
336 3824 436 3878 τοῦ
463 3825 802 3898 ὑπάρχοντος
833 3828 984 3898 φίλου
1017 3828 1107 3883 διὰ
1135 3830 1234 3902 τὴν
1262 3831 1462 3886 κακίαν
1490 3832 1800 3904 χωρίζεται⁸

193 3919 523 3989 γέγραπται
568 3918 682 3990 γάρ
700 3934 714 3949 ⁸
751 3920 862 3975 Καὶ
893 3920 1128 3991 ἀπέστη
1164 3924 1403 3994 πνεῦμα
1435 3926 1658 3994 Κυρίου
1685 3926 1806 3980 ἀπὸ

201 4011 430 4064 Σασύλο
465 4009 568 4064 καί
594 4012 831 4083 πνεῦμα
865 4013 1131 4082 πονηρόν
1163 4015 1324 4084 παρὰ
1348 4017 1575 4084 Κυρίου
1598 4018 1807 4087 ἕπνιγε

191 4101 307 4154 ,τὸν
330 4101 544 4155 Σαούλ
561 4118 575 4132 ·
613 4104 708 4157 καὶ
732 4102 948 4176 πνεῦμα
976 4106 1184 4178 Κυρίου
1216 4107 1386 4177 λέγων
1412 4108 1504 4162 τὸν
1531 4109 1762 4178 ἄγγελον
1786 4128 1799 4140 ο

189 4192 270 4242 σ⁹0
308 4193 530 4256 ποιῶν,
563 4193 694 4265 γὰρ,
721 4195 853 4264 φησὶ
872 4235 887 4261 ε
917 4197 1060 4264 τοὺς
1077 4197 1374 4268 ἀγγέλους
1399 4198 1587 4254 αὐτοῦ
1619 4202 1803 4254 πνεύ-

193 4297 396 4346 ματα,
430 4281 533 4336 καὶ
567 4281 710 4349 τοὺς
752 4286 1138 4357 λειτουργοὺς
1165 4287 1352 4341 αὐτοῦ
1385 4288 1507 4356 πῦρ
1537 4289 1798 4360 φλέγον-

200 4370 274 4430 ί9)
311 4372 404 4424 ὄντι
418 4371 478 4425 δὲ
500 4371 719 4440 ἄγγελοι
733 4374 856 4437 τοὺς
875 4373 1193 4447 ἀνθρώπους
1212 4378 1696 4449 ἐμπεπίστευνται,
1721 4380 1800 4433 δι-

187 4462 395 4520 δάσκει
425 4465 487 4517 ὲν
518 4467 632 4528 τοῖς
661 4465 1014 4535 Εὐαγγελίοις
1033 4470 1060 4523 6
1080 4469 1284 4541 Κύριος
1303 4510 1318 4535 ,
1358 4470 1798 4542 Ὀρᾶτε,λέγων,

191 4555 279 4623 μὴ
311 4555 914 4624 καταφρονῆτε-ἐνὸς
943 4557 1064 4614 τῶν
1080 4560 1311 4630 μικρῶν
1333 4563 1579 4628 τούτων,
1611 4563 1701 4618 ὅτι
1747 4546 1799 4619 οἱ

196 4645 451 4717 ἄγγελοι
471 4645 675 4700 αὐτῶν
699 4646 797 4703 διὰ
818 4651 1044 4718 παντὸς
1061 4653 1368 4717 βλέπουσι
1387 4654 1453 4709 τὸ
1473 4657 1802 4724 πρόσωπον
1835 4647 1877 4702 Ι)

198 4739 306 4792 τοῦ
343 4738 579 4807 Πατρός
602 4755 724 4808 μου
759 4741 864 4795 τοῦ
897 4742 968 4796 ἐν
990 4744 1270 4812 οὐρανοῖς
1289 4763 1302 4776 ’
1331 4747 1424 4801 καί
1449 4746 1612 4802 πάλιν
1638 4750 1666 4800 6
1706 4749 1803 4801 Ἰα-

197 4830 315 4884 r716
334 4849 350 4864 ο
400 4831 453 4884 Ὀ
486 4830 744 4900 ἄγγελός
774 4848 891 4888 σου
924 4836 958 4888 ό
979 4835 1278 4906 ῥυόμενός
1304 4855 1382 4907 με
1409 4838 1530 4894 ἀπὸ
1557 4839 1801 4894 πάντων

196 4937 320 4977 των
347 4942 576 4978 κακων.

271 5015 434 5068 Ὅσοι
458 5018 589 5080 τοὺς
622 5016 750 5090 περὶ
779 5017 1011 5089 κρίσεως
1055 5017 1150 5072 καί¹
1175 5018 1433 5091 προνοίας
1475 5019 1796 5088 ἀγνοοῦντες

194 5102 396 5173 λόγους
417 5148 434 5170 ,
466 5108 561 5161 τὸν
593 5109 922 5181 δημιουργὸν
950 5110 1350 5183 βλασφημοῦσι,
1383 5111 1657 5184 μάρτυρές
1690 5114 1796 5165 είσι

193 5196 454 5267 ψευδεῖς·
489 5201 592 5255 οὐκ
632 5201 970 5275 ἁτιμώρητοι
1012 5202 1069 5257 δὲ
1113 5203 1456 5274 διαμένουσιν
1499 5205 1556 5256 ὲν
1609 5203 1797 5276 ἡμέρᾳ

194 5291 476 5362 κρίσεως·
515 5295 610 5349 καὶ
640 5296 753 5348 ὅσοι
783 5296 944 5350 πάλιν
983 5295 1089 5350 ὑπὸ
1146 5296 1255 5350 τῶν
1298 5297 1446 5350 ίδίων
1480 5295 1667 5350 παθῶν
1719 5299 1800 5351 ὲν-

193 5384 521 5456 οχλούμενοι
551 5387 863 5459 νομίζουσιν
888 5390 1265 5461 ἀκατόρθωτον
1292 5387 1430 5444 εἶναι
1457 5389 1557 5463 τὴν
1574 5391 1794 5462 ἀρετὴν,

192 5470 346 5528 οὗτοι
377 5479 457 5546 τῷ
478 5476 734 5532 δεδωκότι
763 5480 855 5532 τὸν
888 5479 1052 5551 νόμον
1085 5479 1408 5548 ἐγκαλοῦσιν
1437 5479 1656 5544 ἀδίκως.

263 5566 334 5618 Οἱ
362 5567 571 5638 χυδαῐοι
603 5569 667 5622 οὑ
699 5569 759 5622 τὸ
789 5568 1007 5641 ἀξίωμα
1044 5569 1312 5642 τιμῶντες
1343 5571 1655 5625 ἀποδιδόασι
1701 5571 1792 5636 τὸν

268 5681 316 5714 π
361 5697 417 5735 v.
465 5682 556 5739 16.
635 5683 878 5740 "v.18.
951 5686 996 5720 ⁷⁸
1023 5703 1078 5742 v.
1148 5688 1243 5743 2|.
1338 5688 1386 5738 9°
1414 5689 1585 5743 v.32.

193 5766 358 5818 mn,
396 5753 480 5810 10.
559 5753 606 5786 ’⁵
650 5752 786 5809 Gen.
840 5771 1028 5820 sum,
1075 5757 1162 5812 l6.
1239 5758 1284 5790 ⁸⁸
1313 5774 1366 5812 v.
1407 5759 1459 5814 5.
1533 5759 1578 5792 ⁸⁷
1616 5775 1666 5814 v.
1697 5759 1750 5814 6.

1691 5689 1735 5720 ⁸⁸
1769 5705 1821 5744 v.
1861 5686 1918 5744 ι.
1992 5687 2037 5719 θ’
2073 5685 2091 5739 l
2124 5685 2258 5756 Reg.
2297 5700 2411 5752 xw,
2455 5683 2544 5738 H.

1890 3374 2092 3450 ‘gaudii
2143 3390 2309 3431 causa
2365 3375 2507 3431 ﬁunt
2553 3376 2784 3446 angelis.
2839 3375 2932 3432 Sic
2996 3377 3160 3433 etiam
3223 3375 3490 3432 Dominus

1892 3469 2117 3536 amicos
2141 3479 2319 3533 vocat,
2356 3469 2446 3540 qui
2478 3479 2639 3524 antea
2669 3470 2812 3524 servi
2840 3479 3024 3534 erant,
3062 3469 3269 3538 majore
3293 3471 3376 3524 sui
3406 3485 3494 3524 co-

1887 3562 2152 3631 gnitione
2195 3562 2451 3634 dignaris.
2508 3564 2602 3620 Sic
2654 3565 2782 3619 item
2852 3564 3202 3620 Abrahamus
3261 3558 3488 3640 scientia

1891 3655 2219 3733 abundans,
2260 3657 2549 3726 mysticam
2583 3656 2732 3711 illam
2763 3657 2986 3725 apponit
3018 3672 3263 3710 mensam
3319 3673 3487 3728 appa-

1889 3748 2156 3810 rentibus
2203 3749 2305 3804 sub
2336 3748 2620 3803 meridiem
2674 3748 2867 3804 amicis
2921 3734 3054 3803 suis.
3107 3746 3241 3802 Sani
3298 3758 3489 3823 contra

1887 3841 1978 3915 .ab
2025 3841 2325 3896 inhaerente
2365 3840 2469 3895 sibi
2515 3841 2694 3918 amico
2743 3843 2816 3897 ob
2860 3843 3158 3912 nequitiam
3208 3840 3488 3894 dividitur.

1908 3933 2181 4004 Scriptum
2211 3942 2295 3989 est
2323 3935 2469 3988 enim
2516 3953 2530 3988 :
2583 3935 2656 3989 Et
2684 3936 2921 3989 discessit
2943 3934 3162 4002 spiritus
3202 3932 3418 3986 Domini
3456 3949 3490 3985 α

1909 4025 2111 4090 8ηᾶ1ε;
2157 4035 2205 4080 et
2234 4027 2453 4096 spiritus
2495 4027 2670 4081 malus
2721 4044 2753 4080 α
2801 4027 3025 4081 Domino
3070 4025 3288 4081 Saﬁlem
3315 4026 3485 4094 suﬁc-

1907 4117 2060 4172 rabat
2099 4117 2168 4173 3'.
2202 4119 2269 4173 Et
2298 4119 2552 4188 spiritum
2592 4119 2806 4174 Domini
2846 4119 3037 4174 dicens
3077 4118 3353 4190 angelum,
3383 4116 3488 4182 Qui

1889 4209 2060 4279 facit,
2103 4211 2200 4277 ait,
2255 4211 2472 4282 angelos
2524 4230 2649 4267 suos
2686 4215 2929 4283 spiritus,
2970 4221 3022 4268 et
3064 4213 3334 4267 ministros
3362 4229 3486 4267 suos

1906 4305 2082 4373 ignem
2131 4311 2370 4358 urentem
2409 4304 2476 4359 ⁸⁸.
2517 4303 2638 4360 Jam
2669 4305 2814 4375 quod
2847 4305 3057 4375 angelis
3087 4305 3336 4360 homines
3375 4305 3490 4361 sint

1883 4396 2294 4460 _commendati,
2325 4398 2486 4452 'docet
2513 4397 2567 4452 in
2593 4396 2907 4460 Evangeliis
2949 4396 3213 4452 Dominus
3252 4385 3484 4452 dicens;

1905 4485 2095 4543 Cavete
2133 4503 2198 4543 ne
2223 4489 2571 4544 contemnatis
2599 4505 2761 4543 unum
2791 4505 2856 4544 ea;
2889 4489 2970 4542 his
2998 4488 3367 4558 pusillis,quia
3397 4507 3489 4558 an-

1905 4579 2008 4651 geli
2053 4596 2235 4635 earnm
2279 4597 2483 4648 semper
2529 4583 2706 4637 vident
2731 4583 2922 4652 facient
2959 4581 3143 4654 Patris
3185 4583 3288 4659 mei
3318 4582 3486 4653 quiin

1906 4674 2048 4729 caelis
2067 4685 2142 4729 est
2165 4675 2235 4728 ⁸⁵.
2272 4676 2402 4730 Item
2430 4673 2636 4736 Jarob:
2671 4675 2902 4746 Angelus
2926 4687 3068 4740 tuus,
3102 4676 3192 4745 qui
3225 4676 3362 4730 eruit
3404 4689 3492 4728 in:

1905 4767 1968 4820 de
2000 4769 2200 4821 cunctis
2241 4768 2397 4821 malis
2425 4768 2495 4822 ⁸⁸.

1971 5018 2019 5049 ⁸⁸
2055 5017 2332 5087 Quotquot
2361 5019 2427 5073 de
2453 5017 2659 5088 judicio
2688 5029 2742 5074 et
2773 5018 3112 5087 providentia
3161 5017 3482 5087 ignorantes

1904 5112 2251 5176 doctrinam,
2301 5119 2606 5165 creatorem
2664 5110 3082 5182 blasphemaut,
3136 5118 3306 5163 testes
3355 5118 3482 5184 sunt

1904 5205 2242 5267 mendaces;
2293 5217 2470 5273 neque
2521 5203 2769 5274 impunes
2807 5210 2970 5256 erunt
3019 5199 3072 5254 in
3129 5201 3217 5256 die
3260 5201 3470 5270 judicii.

1902 5293 2180 5362 Quotquot
2223 5294 2351 5348 item
2380 5309 2410 5347 a
2445 5293 2562 5349 suis
2601 5293 2991 5366 cupiditatibus
3017 5292 3213 5347 irretiti
3237 5329 3254 5356 ,
3286 5291 3476 5345 existi-

1901 5395 2055 5440 mant
2083 5384 2474 5455 impossibilem
2525 5399 2650 5441 esse
2698 5387 2980 5452 virtutem,
3008 5385 3063 5438 hi
3099 5382 3229 5454 legis
3246 5381 3473 5437 latorem

1900 5476 2101 5543 injuste
2131 5482 2410 5530 accusant.

1971 5567 2015 5600 "’
2049 5567 2314 5639 Vulgares
2357 5565 2604 5619 hom.nes
2638 5575 2745 5615 non
2773 5560 2902 5630 quia
2938 5559 3255 5631 dignitatem
3291 5558 3470 5613 hono~

2637 5683 2680 5715 ⁸³
2711 5680 2858 5740 Psal.
2912 5696 3030 5747 cm,
3068 5683 3120 5758 ι.
3196 5677 3464 5750 ⁸⁸,,,Μιίιιιι.

267 5847 352 5920 (9)
378 5847 540 5906 Vides
573 5849 879 5906 doctrinam
908 5852 972 5907 de
994 5853 1316 5910 custodibus
1341 5853 1619 5909 hominum
1643 5852 1852 5924 angelis
1877 5851 1964 5910 hic
1990 5860 2039 5908 et
2068 5849 2235 5906 intra.
2286 5911 2288 5914 ,
