3926 6588
517 431 620 490 107

1403 431 1967 493 SUPPLEMENTUM
2001 435 2092 492 Μ)
2125 435 2448 496 ORIGENIS
2485 438 2898 498 EXEGETICA.

3655 449 3754 505 908

518 559 662 618 rent,
695 552 1056 608 reverentiam
1086 551 1369 620 exhibent,
1403 555 1498 609 sed
1529 563 1871 613 assentantes
1902 573 2085 629 respe-

2193 560 2371 631 φόϐον,
2406 561 2542 616 ἀλλά
2575 562 2804 628 κόλακες
2833 564 2988 629 ὄντες
3015 563 3610 637 προσωποληπτοῦσινό
3647 570 3678 624 6
3705 570 3758 626 δι

517 656 664 700 ctum
698 660 942 716 persona:
973 645 1188 700 habent.
1229 646 1297 701 At
1320 647 1462 701 enim
1492 648 1576 702 vir
1603 663 1767 705 verax
1792 650 1934 706 haud
1960 652 2094 706 adu-

518 737 724 792 labitur
755 737 829 791 rei
860 735 1035 803 malai,
1068 735 1164 789 sed
1192 737 1571 806 reprehendet.

585 832 634 866 ⁸⁸
687 831 1008 898 Quicunque
1058 827 1174 883 odit
1215 829 1428 900 inopem
1476 831 1740 901 fratrem,
1795 834 1884 890 hic
1933 833 2090 906 juxta

516 927 646 984 illud
686 942 701 980 :
737 923 884 979 Beati
908 936 1172 994 pauperes
1202 923 1417 992 spiritu,
1450 927 1707 996 quoniam
1743 929 1982 998 ipsorum
2008 936 2092 984 est

515 1034 742 1089 regnum
773 1017 1060 1078 calorum,
1105 1031 1134 1068 a
1179 1013 1274 1069 Dei
1321 1024 1374 1072 ct
1404 1019 1718 1087 angelorum
1747 1035 1936 1075 amore
1965 1035 2092 1090 pro-

513 1111 601 1167 cul
650 1112 776 1166 erit.
807 1109 926 1180 Vel,
959 1112 1287 1183 quicumque
1330 1111 1557 1167 fratrem
1608 1114 1831 1168 virtutis
1861 1114 2088 1182 inopem

512 1206 650 1270 odit,
677 1205 744 1261 ab
772 1203 967 1261 aﬂ‘ectu
1003 1221 1216 1276 quoque
1245 1206 1499 1260 amicitiae
1528 1207 1717 1276 procul
1749 1209 1854 1262 erit
1876 1208 1929 1260 in
1955 1209 2083 1262 vita.

507 1323 586 1342 η-
626 1294 830 1351 Bonam
864 1299 1248 1366 cogitationem
1296 1297 1589 1366 appellavit
1633 1297 1723 1353 Dei
1742 1294 2091 1366 agnitionem,

511 1388 606 1457 qui
673 1403 792 1442 eam
829 1387 1155 1442 habentibus
1187 1389 1349 1442 corde
1390 1403 1526 1456 puro
1605 1387 1745 1442 solet
1791 1388 2088 1458 apprOpin-

513 1494 703 1550 quare.
746 1479 847 1547 Qui
879 1495 1006 1549 ergo
1052 1480 1192 1534 hanc
1227 1478 1571 1550 disciplinam
1609 1479 1804 1536 docilis
1835 1481 2087 1551 suscipit,

513 1573 751 1641 prudens
786 1581 868 1627 est
893 1611 909 1637 ,
938 1581 993 1625 et
1039 1572 1278 1626 inveniet
1322 1587 1461 1626 eam.
1497 1602 1567 1612 —
1593 1572 1695 1642 Qui
1744 1572 1910 1628 multa
1944 1574 2085 1630 mala

513 1667 643 1721 facit
668 1665 835 1720 verbo
877 1675 931 1720 et
965 1680 1162 1736 Opere,
1201 1666 1248 1720 is
1279 1665 1541 1722 malitiam
1571 1677 1934 1735 consummat,
1967 1684 2088 1738 qua:

509 1775 673 1815 umue
717 1774 890 1831 genus
944 1760 1150 1829 peccati
1203 1759 1605 1829 complectitur.
1659 1760 1760 1828 Qui
1807 1777 1940 1817 vero
1991 1762 2086 1816 ad-

510 1864 700 1904 versus
731 1849 975 1904 homines
1005 1863 1287 1903 sermones
1332 1848 1593 1905 exitiosos
1633 1852 1750 1906 sine
1778 1851 1950 1908 limite
1999 1853 2082 1908 ef-

513 1940 717 2007 fundit,
762 1949 818 1993 et
857 1940 911 1993 in
961 1939 1128 1993 Deum
1173 1940 1577 2010 blasphemias,
1617 1941 1706 1998 hic
1746 1958 1855 1999 non
1906 1945 2085 2000 salva-

509 2032 672 2098 bitur.

579 2119 625 2156 “
658 2123 844 2194 Neque
881 2125 1076 2180 anima:
1113 2140 1289 2196 neque
1326 2125 1574 2197 corporis
1617 2126 1824 2183 delicia
1877 2142 2084 2184 vesano

509 2226 757 2284 prosunt.
787 2213 920 2270 Nam
962 2217 1273 2287 spiritales,
1313 2233 1440 2272 cum
1485 2217 1558 2272 sit
1591 2233 1682 2273 sus
1719 2219 2079 2289 voluptarius,

508 2310 732 2377 pedibus
775 2308 1122 2364 conculcabit
1163 2325 1180 2364 :
1221 2324 1251 2363 a
1283 2323 1539 2365 sensuum
1583 2320 1762 2363 autem
1803 2310 2082 2381 voluptate

501 2415 636 2454 caro
663 2399 782 2468 ejus
812 2401 879 2454 ad
925 2401 1247 2472 cupiditates
1268 2398 1717 2468 commovebitur,
1748 2410 1801 2456 et
1833 2402 1885 2456 in
1911 2400 2078 2456 Deum

505 2489 876 2559 hlasphemias
905 2489 1152 2559 jactabit.
1186 2489 1412 2546 Etiamsi
1449 2504 1480 2546 e
1512 2505 1672 2546 servo
1698 2507 1870 2564 nuper
1907 2493 1981 2548 sit
2014 2492 2080 2547 li-

503 2578 771 2650 bertinus,
805 2582 876 2636 ita
901 2597 959 2637 se
984 2591 1152 2653 geret.

577 2675 626 2707 ⁹⁰
655 2674 711 2729 Si
745 2675 836 2745 qui
873 2686 1021 2730 recte
1070 2675 1357 2746 gloriatur,
1403 2677 1455 2732 in
1496 2675 1727 2733 Domino
1771 2680 2073 2750 gloriatur;

505 2763 766 2821 Dominus
801 2776 979 2822 autem
1017 2778 1204 2822 noster
1230 2769 1498 2838 sapientia
1552 2779 1668 2836 est;
1718 2771 1964 2839 sequitur
2017 2783 2076 2827 ut

504 2861 598 2929 qui
647 2866 794 2912 recte
844 2857 1130 2930 gloriatur,
1186 2859 1238 2913 in
1295 2860 1562 2930 sapientia
1616 2861 1904 2931 glorietur.
1941 2862 2075 2919 Glo-

505 2953 664 3006 riatio
709 2951 875 3022 igitur
931 2949 1256 3020 longanimis
1305 2959 1360 3005 et
1410 2953 1812 3021 misericordis,
1855 2956 2075 3026 sapien-

505 3045 576 3096 tia
624 3055 709 3097 cst
751 3052 805 3097 et
858 3043 1064 3111 agnitio
1110 3041 1224 3096 Dei.
1274 3041 1602 3113 Supervenit
1651 3054 1832 3100 autem
1882 3062 2076 3117 pecca-

501 3135 710 3189 toribus
765 3133 1076 3190 absterrens
1131 3149 1224 3188 eos
1277 3149 1306 3188 a
1359 3135 1546 3202 malo,
1604 3151 1746 3192 nunc
1793 3139 2013 3208 quidem
2054 3183 2071 3210 ,

2192 652 2396 726 άληθὴς
2428 653 2566 726 ἀνὴρ
2598 655 2660 708 οὐ
2692 655 3010 712 κολακεύσει
3031 656 3092 711 τὺ
3123 657 3310 724 κακὸν,
3339 657 3455 713 ἀλλ’
3478 657 3725 730 ἐλέγξει.

2259 828 2376 891 Πᾶς
2404 828 2463 892 δς
2499 831 2646 900 μισεῖ
2675 830 2765 884 τὸν
2793 831 3006 904 πτωχὸν
3027 832 3272 904 ἀδελφὸν,
3295 833 3440 888 κατά
3465 834 3548 902 τδ,
3575 837 3764 891 Μακά-

2192 935 2298 990 ριοι
2331 921 2381 973 oi
2426 923 2630 993 πτωχοὶ
2653 922 2730 993 τῷ
2769 923 3058 994 πνεύματι,
3092 927 3173 978 ὅτι
3208 925 3386 981 αὐτῶν
3428 929 3576 982 ἐστιν
3609 928 3641 997 ἡ
3674 928 3767 996 βαν-

2193 1011 2364 1064 σιλεία
2389 1012 2498 1065 τῶν
2521 1014 2763 1086 οὐρανῶν
2783 1056 2797 1079 ,
2833 1018 2928 1070 καὶ
2954 1017 3175 1088 ἀγάπης
3217 1016 3355 1072 Θεοῦ
3385 1019 3480 1072 καὶ⁸
3521 1019 3767 1088 ἀγγέλων

2193 1104 2412 1176 μακρὰν
2461 1105 2612 1161 ἔσται
2632 1125 2646 1139 ·
2687 1107 2720 1180 ἢ
2756 1111 2864 1173 πᾶς
2907 1109 2968 1173 ὃς
3021 1109 3247 1180 ἀδελφὸν
3298 1111 3500 1182 ἀρετῆς
3554 1111 3764 1183 πτωχὸν

2188 1195 2316 1250 ὄντα
2342 1200 2508 1268 μισεῖ,
2532 1198 2627 1253 καὶ
2658 1201 2755 1272 τῆς
2790 1202 2926 1273 πρὸς
2958 1201 3027 1255 τὰ
3056 1203 3197 1275 πάθη
3229 1203 3408 1273 φιλίας
3429 1204 3766 1276 μακρύνεται

2188 1285 2285 1339 τοῦ
2325 1288 2458 1360 βίου.
2483 1292 2802 1365 -Ἂγαθὴν
2853 1293 3060 1349 ἔννοιαν
3107 1295 3207 1367 τὴν
3247 1295 3343 1350 τοῦ
3381 1295 3518 1350 Θεοῦ
3565 1296 3767 1365 γνῶσιν

2189 1374 2477 1448 ὠνόμασε,
2521 1380 2617 1434 καὶ
2664 1385 2779 1447 τοῖς
2810 1383 3006 1440 είδόσιν
3046 1385 3214 1458 αὐτὴν
3245 1389 3356 1450 τοῖς
3394 1374 3654 1458 καθαροῖς
3698 1391 3765 1459 τῇ

2188 1467 2403 1539 καρδίᾳ,
2439 1469 2596 1523 εἴωθε
2624 1472 2834 1537 τούτοις
2865 1475 3097 1544 ὲγγιεῖν·
3131 1479 3160 1530 6
3189 1477 3248 1531 δὲ
3292 1477 3610 1548 πειθόμενος
3647 1479 3769 1532 τού-

2185 1575 2300 1623 τοις
2331 1562 2412 1624 είς
2435 1561 2691 1633 μάθησιν,
2723 1566 2985 1638 φρόνιμός
3016 1570 3153 1632 ἐστι,
3192 1570 3286 1623 καὶ
3318 1570 3536 1642 εὑρήσει
3571 1571 3764 1642 αὐτήν.

2184 1651 2326 1704 --⁹Ο
2357 1653 2524 1708 πολλά
2558 1657 2869 1712 κακοποιῶν
2905 1659 2972 1713 δι’
3001 1660 3177 1732 ἔργων
3221 1662 3316 1715 καὶ
3357 1662 3530 1732 λόγων
3553 1704 3568 1729 ,
3614 1663 3766 1717 τελει

2188 1752 2430 1820 σιουργεί
2451 1750 2671 1817 κακίαν,
2704 1753 2738 1824 ἧ
2769 1755 2918 1807 ἐστιν
2951 1756 3101 1810 πᾶσα
3144 1757 3418 1827 ἁμαρτία·
3464 1758 3524 1822 ὃς
3577 1758 3636 1812 δὲ
3681 1776 3769 1812 τε-

2185 1838 2362 1896 λεσιου
2372 1847 2491 1916 ργεῖ
2520 1845 2660 1900 κατὰ
2680 1846 2982 1919 ἀνθρώπων
3009 1848 3201 1917 λόγους
3222 1852 3303 1914 είς
3332 1850 3611 1905 ἀπώλειαν
3628 1891 3644 1917 ,
3671 1851 3769 1906 καὶ

2189 1935 2536 2009 βλασφημίας
2566 1939 2707 1994 κατὰ
2739 1939 2892 2006 Θεὸν,
2918 1942 2980 1995 οὐ
3011 1942 3311 2016 σωθήσεται
3345 1940 3518 2009 οὗτος.

2255 2113 2450 2188 Οῦτεή
2485 2116 2624 2170 κατά
2669 2117 2850 2190 ψυχὴν
2898 2118 3110 2191 τρυφὴ,
3164 2119 3288 2175 οὔτε
3337 2123 3370 2193 ἡ
3413 2121 3557 2178 κατά
3606 2123 3766 2197 σῶμα

2185 2208 2452 2279 συμφέρει
2477 2208 2557 2280 τῷ
2593 2209 2820 2282 ἄφρονι·
2853 2210 2953 2282 τὴν
2978 2212 3078 2282 μὲν
3105 2213 3214 2285 γὰρ
3246 2217 3625 2288 καταπατήσει
3653 2222 3768 2284 τοῖς

2182 2299 2331 2360 ποσὶ,
2351 2301 2532 2370 χοῖρος
2565 2300 2846 2372 φιλήδονος
2870 2301 2946 2356 ῶν
2962 2320 2976 2334 ·
3013 2303 3120 2358 ὑπὸ
3145 2305 3201 2358 δὲ
3225 2305 3325 2377 τῆς
3347 2307 3613 2381 αἰσθητῆς
3638 2327 3770 2382 τρυ-

2183 2390 2342 2462 φῆςὴ
2379 2392 2514 2464 σάρξ
2545 2392 2709 2446 αὐτοῦ
2743 2393 2880 2466 πρὸς
2899 2395 3046 2466 πάθη
3079 2396 3460 2468 κινηθήσεται,
3496 2402 3590 2453 καὶ
3623 2402 3773 2458 κατά

2179 2481 2315 2535 Θεοῦ
2352 2481 2702 2555 βλασφημίας
2735 2483 2915 2555 ῥίψει·
2951 2488 2999 2539 εί
3030 2487 3122 2540 καὶ
3159 2487 3266 2542 ἀπὸ
3303 2489 3507 2546 δούλων
3543 2493 3770 2548 ἐλεύθε-

2183 2590 2293 2645 ρος,
2325 2574 2484 2628 τοῦτο
2517 2578 2754 2648 ποιήσει.

2249 2667 2313 2719 Εί
2341 2668 2370 2720 6
2402 2668 2754 2739 καυχώμενος
2780 2669 2975 2742 ὀρθῶς,
3010 2673 3069 2724 ὲν
3097 2672 3288 2745 Κυρίῳ
3312 2659 3617 2747 καυχᾶται,
3648 2679 3678 2731 6
3710 2677 3778 2732 δὲ

2178 2757 2382 2832 Κύριος
2415 2759 2571 2830 ἡμῶν
2605 2761 2765 2830 σοφία
2803 2761 2980 2826 ἐστὶν,
3017 2766 3046 2817 6
3087 2765 3435 2839 καυχώμενος
3467 2770 3674 2843 ὀρθῶς,
3708 2774 3777 2827 ἐν

2179 2850 2340 2921 σοφίᾳ
2374 2854 2674 2922 seduxit-ar
2716 2853 2780 2907 τὸ
2812 2855 3073 2926 καύχημα
3116 2858 3293 2914 τοίνυν
3340 2861 3436 2914 τοῦ
3480 2864 3775 2936 μακροθύ-

2179 2958 2281 3011 μου
2316 2943 2409 2996 καὶ
2432 2943 2721 3016 ἐλεήμονος
2744 2987 2759 3011 ,
2815 2947 2962 3000 ἐστὶν
2989 2950 3024 3020 ἡ
3049 2949 3209 3019 σοφία
3235 2952 3329 3006 καὶ
3368 2955 3400 3025 ἡ
3433 2955 3639 3023 γνῶσις
3666 2957 3777 3010 αὐ-

2173 3032 2268 3086 τοῦ
2293 3051 2307 3065 ·
2342 3035 2631 3107 ἐπέρχεται
2665 3038 2724 3091 δὲ
2755 3041 2868 3102 τοῖς
2909 3042 3249 3114 παρανόμοις
3274 3045 3634 3102 ἀπαλλάττων
3664 3050 3776 3104 αὑ-

2172 3127 2299 3190 τοὺς
2330 3128 2550 3193 κακίας,
2579 3129 2673 3183 νῦν
2702 3131 2802 3202 μὲν
2835 3132 3219 3205 ἐνδεχομένως,
3251 3138 3310 3192 ἐν
3328 3137 3384 3192 δὲ
3411 3140 3490 3212 τῷ
3508 3141 3776 3213 μέλλοντι

500 3226 676 3295 quoad
712 3225 825 3280 ﬁeri
863 3233 1078 3295 potest;
1111 3224 1162 3278 in
1197 3222 1382 3280 futuro
1411 3236 1592 3281 autem
1627 3228 1847 3296 saculo,
1874 3246 2067 3289 neces-

2193 3217 2331 3272 ιίῶνι
2363 3221 2692 3289 ἀναγκαίως.

499 3332 662 3371 sario.

566 3410 612 3442 "
644 3410 902 3466 Dominus
928 3418 1111 3466 noster
1139 3411 1276 3483 ignis
1314 3427 1642 3470 consumens
1671 3426 1777 3481 est.
1807 3429 1862 3474 et
1894 3420 2072 3478 iratus

497 3499 599 3555 leo.
655 3499 713 3554 ln
752 3502 1126 3571 peccatoribus
1173 3503 1410 3558 amburit
1451 3507 1866 3576 consuluitque,
1919 3519 1978 3564 ut
2003 3511 2069 3564 li-

497 3589 820 3660 gna,fenum
864 3601 956 3645 aut
992 3591 1245 3661 stipulam
1269 3633 1284 3660 ,
1319 3593 1641 3650 militantem
1670 3598 1932 3656 adversus
1959 3603 2072 3672 spi-

477 3675 659 3737 ritum
701 3698 941 3738 carnem.
990 3680 1106 3737 Lux
1149 3698 1276 3738 vero
1317 3694 1372 3739 et
1421 3700 1511 3742 ros
1552 3698 1699 3743 recte
1750 3693 2068 3762 agentibus,

497 3784 805 3829 monstrans
840 3772 948 3829 illis
975 3785 1217 3828 actarum
1261 3791 1444 3831 rerum
1481 3779 1743 3846 rationes,
1775 3793 1828 3836 et
1857 3785 2067 3839 exstin-

494 3880 664 3937 guens
701 3865 867 3936 ignita
899 3866 1001 3922 tela
1043 3868 1296 3937 maligni,
1331 3866 1774 3942 refrigeransque
1799 3875 1950 3932 illum
1973 3879 2066 3949 qui

493 3959 562 4014 ab
585 3958 793 4028 agendo
815 3959 1084 4030 contingit
1107 3961 1381 4018 ardorem.

558 4135 606 4170 ³¹
634 4136 903 4207 lmpuram
938 4137 1175 4194 animam
1200 4148 1442 4195 scortum
1472 4141 1793 4212 appellavit;
1821 4154 1874 4201 et
1903 4145 2064 4218 hujus

488 4230 815 4294 mercedem,
847 4228 986 4283 dixit
1011 4229 1253 4299 ejusdem
1285 4234 1674 4303 substantiam,
1717 4254 1782 4294 ex
1812 4255 1918 4310 qua
1952 4257 2060 4297 non

487 4333 637 4388 pura:
673 4318 808 4374 nunt
837 4319 1159 4376 oblationes.

561 4409 608 4443 ”
650 4411 857 4467 Docere
900 4411 1103 4469 liberos
1143 4413 1399 4470 virtutem
1433 4427 1488 4472 et
1523 4420 1770 4476 notitiam
1802 4423 1937 4492 Dei,
1965 4442 2061 4496 pa-

489 4511 702 4556 rentum
738 4501 971 4557 oilicium
1001 4513 1100 4558 est.
1138 4503 1245 4560 Sed
1284 4508 1604 4577 sapientiam
1635 4515 1818 4582 pueris
1845 4515 2052 4585 indere,

487 4596 700 4651 Domini
747 4607 847 4652 est.
897 4595 1032 4653 Nam
1071 4601 1354 4654 mulierem
1401 4600 1488 4655 hic
1524 4601 1655 4657 dicit
1701 4607 2048 4676 sapientiam.

481 4689 640 4752 Ama,
671 4687 871 4759 inquit,
901 4689 1247 4761 sapientiam,
1272 4701 1324 4748 et
1345 4693 1695 4750 conservabit
1727 4705 1814 4765 te;
1843 4700 2052 4758 honora

479 4791 627 4846 eam,
658 4789 718 4835 ut
738 4792 789 4836 te
818 4782 1230 4852 complectatur.

551 4962 599 4995 ”
641 4961 1230 5035 Praecepta,quatenus
1271 4977 1397 5023 sunt
1439 4981 1470 5021 a
1509 4967 1859 5039 praecipiente
1899 4971 2045 5038 Deo,

478 5052 549 5107 ita
578 5052 922 5122 appellantur
952 5072 966 5109 :
996 5065 1263 5125 quatenus
1281 5072 1409 5112 vero
1433 5059 1633 5113 mentis
1661 5059 1766 5114 iter
1783 5059 2044 5132 dirigunt,

478 5142 578 5196 viae
630 5143 904 5199 dicuntur.
958 5144 1059 5213 Qui
1107 5145 1196 5201 illa
1245 5137 1524 5213 custodit,
1569 5143 1752 5204 servat
1805 5152 2043 5208 animam

476 5249 627 5290 suam
661 5236 727 5292 de
759 5247 936 5292 morte
969 5238 1036 5292 ad
1070 5238 1237 5294 vitam
1269 5255 1284 5295 :
1316 5240 1406 5308 qui
1435 5243 1760 5308 contemnit,
1786 5253 2044 5300 aeternam

475 5336 708 5380 mortem
742 5328 1002 5386 incurret.

544 5418 592 5450 "
627 5418 683 5472 In
727 5421 888 5475 rebus
920 5421 1138 5489 quidem
1186 5424 1535 5482 sensibilibus
1578 5429 1649 5482 ita
1697 5426 1772 5481 tit.
1825 5427 2042 5494 Quanto

473 5508 552 5562 sul
593 5508 718 5564 luna
751 5513 1118 5579 praestantior,
1153 5524 1306 5570 tanto
1337 5527 1557 5584 prmstat
1589 5519 1694 5587 ille
1742 5519 1833 5586 qui
1865 5521 2040 5572 virtu-

477 5601 622 5656 tibus
653 5602 842 5671 inopes
877 5604 1188 5675 miseratur,
1233 5624 1488 5665 reereans
1530 5627 1621 5666 eos
1663 5612 1949 5683 disciplina
1988 5622 2043 5668 et

474 5693 694 5750 monitis
734 5695 964 5752 Domini.
1000 5697 1205 5755 Donum
1243 5710 1420 5757 autem
1451 5703 1559 5760 Deo
1583 5705 1830 5760 oblatum
1855 5748 1870 5772 ,
1914 5705 2044 5759 dicit

546 5855 664 5908 ιον.
695 5855 747 5909 1.
823 5857 941 5909 "v.
978 5858 1064 5913 to.
1144 5861 1203 5930 ,ιο
1238 5877 1288 5916 v.
1327 5861 1413 5918 tt.
1487 5864 1529 5894 ἰ
1569 5880 1619 5918 v.
1663 5867 1749 5920 te.
1839 5869 1883 5900 θ’
1920 5869 2081 5924 v.15.

2257 3397 2314 3450 '0
2346 3397 2548 3471 Κύριος
2582 3400 2738 3472 ἡμῶν
2766 3403 2877 3475 πῦρ
2907 3405 3010 3476 μὲν
3048 3407 3440 3464 καταναλίσκον
3481 3413 3579 3466 καὶ
3621 3414 3779 3470 λέων

2171 3489 2522 3561 ὀργιζόμενος
2542 3507 2556 3523 ο
2592 3495 2728 3564 πρὸς
2748 3493 2804 3548 δὲ
2834 3499 2960 3561 τοὺς
2999 3499 3410 3570 ἁμαρτάνοντας
3455 3510 3778 3562 κατακαῖον

2171 3585 2264 3636 καὶ
2293 3582 2602 3651 ἀναλίσκον,
2629 3587 2705 3651 ὡς
2745 3586 2874 3652 ξύλα
2903 3591 3112 3661 χόρτων
3141 3593 3394 3667 καλάμην
3411 3636 3428 3662 ,
3453 3599 3555 3670 τὴν
3589 3616 3781 3672 στρα-

2168 3675 2465 3748 τευομένην
2497 3678 2679 3750 σάρκα
2711 3683 2854 3736 κατά
2885 3683 2978 3736 τοῦ
3027 3685 3334 3757 πνεύματος
3354 3707 3368 3720 θ
3401 3688 3517 3759 φῶς
3557 3692 3619 3748 δὲ
3660 3695 3780 3749 καὶ

2167 3767 2356 3841 δρόσος
2387 3771 2524 3843 πρὸς
2544 3775 2670 3837 τοὺς
2700 3775 3102 3846 κατορθοῦντας
3122 3819 3136 3844 ,
3169 3779 3380 3844 δεικνὺς
3419 3785 3610 3850 αὐτοῖς
3646 3787 3779 3842 τῶν

2166 3861 2466 3930 γεγονότων
2495 3865 2619 3927 τοὺς
2646 3865 2866 3935 λόγους,
2906 3869 3001 3922 καὶ
3028 3871 3443 3928 κατασϐεννύων
3473 3878 3545 3931 τὰ
3579 3896 3783 3934 πεπυ-

2169 3955 2391 4028 ρωμένα
2424 3956 2552 4029 βέλη
2582 3959 2676 4011 τοῦ
2695 3961 2953 4033 πονηροῦ,
2985 3963 3077 4015 καὶ
3097 3965 3414 4036 περιψύχων
3443 3969 3537 4023 τὸν
3563 3973 3632 4025 ὲκ
3657 3973 3780 4045 τῆς

2165 4046 2418 4123 πράξεως
2452 4067 2514 4102 συ
2523 4051 2815 4122 μσαίνοντα
2839 4053 3120 4111 καύσωνα.

2235 4143 2347 4215 Τὴν
2370 4143 2679 4218 ἀκάθαρτον
2693 4145 2890 4220 ψυχὴν,
2921 4149 3146 4224 ἑταίραν
3169 4151 3453 4223 ὠνόμασεο
3487 4156 3586 4210 καὶ
3617 4158 3782 4213 ταύ-

2162 4257 2264 4312 της
2294 4241 2352 4293 τὸ
2378 4239 2634 4314 μίσθωμα
2656 4281 2671 4306 ,
2705 4241 2804 4314 τὴν
2827 4244 3158 4301 κατάστασιν
3179 4247 3400 4320 είρηκεν
3431 4251 3630 4324 αὐτῆς,
3660 4256 3783 4329 ἀφ’

2159 4326 2228 4402 ἧς
2253 4332 2314 4384 οὐ
2336 4333 2574 4404 καθαραὶ
2596 4333 2838 4401 γίνονται
2868 4338 3189 4408 προσευχαί.

2234 4423 2307 4477 Τὸ
2336 4425 2435 4495 μὲν
2461 4425 2735 4482 διδάσκειν
2768 4429 2894 4494 τοὺς
2923 4432 3072 4495 υίοὺς
3097 4433 3226 4504 περὶ
3256 4433 3460 4506 ἀρετῆς
3485 4437 3584 4490 καὶ
3609 4439 3786 4507 γνὼ-

2162 4532 2300 4582 σεως
2332 4517 2426 4570 τοῦ
2472 4518 2644 4584 Θεοῦ,
2690 4521 2798 4575 τῶν
2849 4523 3100 4595 πατέρων
3139 4526 3319 4579 ἐστίν⁸
3351 4526 3413 4579 τὸ
3455 4527 3516 4582 δὲ
3552 4532 3787 4601 σοφίαν

2157 4607 2340 4662 δοῦναι
2369 4612 2482 4674 τοῖς
2511 4611 2688 4677 παισὶ,
2707 4611 2802 4666 τοῦ
2825 4614 3033 4686 Κυρίου
3069 4618 3183 4670 ὲστί
3202 4635 3215 4648 ·
3251 4622 3488 4687 γυναῖκα
3509 4621 3626 4695 γὰρ
3663 4626 3786 4679 ὲν-

2156 4700 2330 4755 ταῦθα
2361 4701 2460 4774 τὴν
2491 4705 2682 4772 σοφίαν
2713 4705 2879 4774 λέγει·
2910 4708 3314 4782 ὲράσθητιγὰρ,
3333 4715 3492 4783 φησὶ,
3523 4716 3626 4787 τῆς
3664 4734 3788 4773 σοι·

2158 4795 2316 4864 φίας,
2338 4798 2432 4851 καλ⁵
2474 4799 2702 4870 τηρήσει
2741 4818 2800 4854 σε
2823 4819 2836 4831 ·
2859 4801 3089 4873 τίμησον
3128 4804 3330 4877 αὐτὴν,
3367 4807 3454 4861 ἵνα
3490 4825 3552 4862 σε
3584 4827 3790 4886 περι-

2156 4886 2316 4963 λάϐῃ.

2223 4982 2288 5035 Al
2328 4982 2572 5050 ἐντολαὶ,
2623 4983 2699 5050 ώς
2736 4985 2870 5056 πρὸς
2910 4987 3008 5058 μὲν
3051 4987 3143 5040 τὸν
3175 4989 3558 5060 ἐντειλάμενον
3587 4993 3790 5063 Θεὸν,

2154 5071 2443 5126 καλοῦνται
2467 5073 2680 5128 ἐντολαί
2698 5092 2710 5107 ’
2744 5075 2819 5140 ὡς
2846 5075 2901 5129 δὲ
2931 5078 3067 5151 πρὸς
3094 5078 3186 5132 τὸν
3217 5080 3472 5134 ὁδεύοντα
3501 5081 3641 5136 νοῦν
3713 5091 3792 5142 ἐν

2154 5166 2344 5228 αὑταῖς
2367 5205 2382 5229 ,
2411 5165 2701 5220 καλοῦνται
2734 5168 2874 5222 ὁδοί’
2912 5171 3007 5224 καὶ
3039 5173 3067 5224 6
3101 5172 3198 5241 μὲν
3222 5172 3547 5241 φυλάσσων,
3585 5190 3797 5254 τηρεῖ

2153 5257 2216 5308 ὲκ
2252 5256 2483 5310 θανάτου
2515 5258 2652 5329 πρὸς
2692 5257 2838 5330 ζωὴν
2881 5261 2978 5332 τὴν
3010 5261 3186 5333 ψυχὴν
3219 5265 3413 5318 ἑαυτοῦ
3435 5283 3448 5296 ·
3481 5271 3510 5320 ὁ
3554 5269 3615 5323 δὲ
3658 5291 3797 5327 κα.-

2153 5350 2455 5420 ταφρονῶν,
2483 5349 2576 5402 τὸν
2602 5351 2905 5421 ἀπέραντον
2938 5353 3165 5408 θάνατον
3197 5356 3463 5410 θανεῖται.

2235 5443 2356 5495 Ἐπὶ
2383 5443 2483 5512 μὲν
2503 5441 2611 5495 τῶν
2639 5444 2911 5515 αἰσθητῶν
2931 5444 3102 5509 οὕτως
3127 5446 3237 5517 ἔχει
3254 5465 3268 5478 ·
3294 5449 3418 5501 ὅσον
3442 5449 3501 5502 δὲ
3526 5453 3554 5502 6
3588 5453 3797 5524 ἥλιος

2147 5532 2248 5602 τῆς
2282 5533 2511 5603 σελήνης
2561 5533 2865 5604 ὑπερφυὴςν
2917 5535 3167 5588 τοσοῦτον
3214 5539 3242 5589 ⁶
3299 5537 3468 5590 ἐλεῶν
3509 5541 3661 5607 τοὺς
3717 5549 3797 5601 ἐν

2149 5624 2392 5694 πτωχείᾳ
2423 5623 2633 5695 ἀρετῶν
2663 5624 2758 5677 καὶ
2786 5625 3168 5696 ἀνακτώμενος
3191 5629 3390 5693 αὐτοὺς
3425 5632 3485 5684 ὲν
3514 5637 3713 5691 παιδε
3725 5642 3799 5695 ἴα

2149 5713 2240 5766 καὶ
2271 5714 2520 5787 νουθεσίᾳ
2545 5715 2753 5786 Κυρίου
2773 5733 2785 5746 ·
2823 5716 2960 5788 δόμα
3004 5718 3061 5771 δὲ
3092 5719 3291 5774 διδόναι
3324 5722 3406 5793 τῷ
3440 5722 3570 5797 Θεῷ
3589 5765 3616 5792 ,
3659 5701 3802 5798 τὴξο

2159 5871 2203 5903 ’³
2239 5871 2401 5928 v.14.
2493 5872 2539 5905 ³⁸
2576 5889 2624 5927 v.
2662 5873 2745 5930 l6.
2835 5877 2882 5909 ’⁸
2916 5892 2965 5928 v.
2996 5877 3077 5930 l7.
