3958 6508
242 426 347 482 209

1402 407 1768 468 EXPOSITIO
1804 405 1869 463 ΙΝ
1909 404 2323 463 PROVERBIA.

3386 399 3497 456 210

242 536 589 615 καθαρότητα
626 540 723 609 τῆς
772 538 997 610 καρδίας
1031 537 1314 608 ὠνόμασεν
1348 533 1492 588 κατά
1535 528 1812 597 ἀναλογίαη

1929 527 2111 582 cordis
2137 524 2471 583 munditiem.
2512 520 2647 576 Nam
2680 532 2778 590 pro
2821 526 2939 572 rata
2970 524 3126 591 parte
3165 515 3492 572 innocentia:

239 636 349 705 γάρ
378 634 478 703 τῆς
508 631 774 695 ἀπαθείας
802 630 960 702 ἡμῶν
994 626 1399 701 καταξιούμεθα
1428 624 1682 695 γνώσεως
1714 622 1818 674 ὑπὸ

238 726 333 780 τοῦ
366 725 522 779 Θεοῦ.

315 821 384 872 Ὅ
406 818 555 887 λέγει
577 815 819 870 τοιοῦτόν
853 817 970 869 ἐστι
996 814 1126 887 περὶ
1154 814 1264 868 τῶν
1284 815 1343 867 ἐν
1368 811 1445 883 τῷ
1469 810 1567 882 βίῳ
1585 826 1598 839 ·
1632 806 1743 877 ἐγὼ
1763 808 1820 860 δὲ

238 909 466 982 νομίζω,
487 908 586 980 τὴν
611 909 710 980 μὲν
743 908 940 980 πολλὴν
972 908 1175 979 ζημίαν
1195 948 1209 972 ,
1247 906 1503 977 στέρησιν
1547 901 1820 973 περιέχειν

235 1002 340 1072 τῆς
370 1001 603 1073 θεωρίας
638 1002 746 1054 τῶν
785 1001 1087 1070 γεγονότων
1114 1019 1125 1031 ·
1157 1000 1256 1071 τὴν
1290 998 1348 1052 δὲ
1380 996 1695 1070 προσθήκην
1722 996 1820 1066 τῆς

235 1094 448 1163 ψυχῆς,
481 1093 788 1165 ἀφανισμὸν
830 1093 941 1147 τῶν
975 1092 1220 1162 φυσικῶν
1252 1091 1380 1164 περὶ
1417 1088 1551 1145 Θεοῦ
1578 1087 1816 1153 ἐννοιῶν,

236 1184 588 1237 παντάπασιν
608 1184 776 1253 αὐτῆς
810 1184 891 1246 είς
918 1182 1139 1252 ἀλογίαν
1178 1179 1597 1251 καταπεσούσης
1621 1195 1635 1208 ·
1668 1177 1764 1231 καὶ
1791 1180 1821 1232 6

235 1276 498 1348 Σωτὴρδὲ
516 1279 573 1329 ἐν
596 1278 707 1338 τοῖς
725 1273 1074 1343 Εὐαγγελίοις
1102 1273 1268 1345 φησί’
1305 1272 1367 1327 Τί
1379 1267 1820 1340 ὠφεληθήσεται

232 1369 572 1437 ἄνθρωπος,
590 1368 699 1421 ἐὰν
728 1366 834 1420 τὸν
864 1366 1098 1436 κόσμον
1122 1363 1271 1422 ὅλον
1300 1363 1591 1433 κερδήσῃ,
1609 1360 1726 1429 τὴν
1750 1358 1820 1412 δὲ

232 1462 453 1531 ψυχὴν
472 1460 657 1515 αὐτοῦ
670 1458 943 1527 ἀπολέσῃ
964 1456 1063 1511 καὶ
1075 1453 1327 1526 ζημιωθῇ
1331 1454 1601 1519 ;Ενταῦθα
1614 1455 1648 1525 ἡ
1670 1453 1821 1507 ἀπώ-

230 1552 351 1605 λεια
372 1552 472 1623 τὴν
495 1554 717 1622 ἄγνοιαν
746 1551 1011 1621 σωμάτων
1060 1550 1154 1604 καὶ
1189 1547 1496 1620 ἀσωμάτων
1533 1546 1815 1617 ἐμφαίνειο

228 1645 263 1714 ἠ
304 1643 366 1696 δὲ
395 1642 568 1714 ζημία
601 1641 700 1712 τὴν
731 1641 966 1714 ἐσχάτην
993 1641 1213 1711 ἀλογίαν
1244 1641 1591 1715 παρίστησιν.

300 1819 372 1871 Et
400 1816 565 1887 φόϐος
594 1817 800 1888 Κυρίου
829 1818 909 1881 εἰς
938 1817 1081 1888 ζωὴν
1103 1816 1257 1888 ἀνδρὶ
1277 1856 1291 1881 ,
1322 1817 1482 1885 φόϐος
1513 1818 1571 1872 δὲ
1608 1817 1813 1890 Κυρίου

229 1909 398 1978 σοφία
422 1910 515 1963 καὶ
538 1909 755 1963 παιδεία
776 1948 791 1973 ,
821 1911 856 1979 ἡ
889 1908 1000 1980 ζωὴ
1029 1907 1121 1962 τοῦ
1158 1908 1348 1980 ἀνδρὸς
1377 1908 1484 1980 ἄρα
1512 1909 1672 1979 σοφία
1698 1910 1816 1964 ἐστὶ

170 2022 173 2023 ν
228 2002 325 2056 καὶ
373 2001 623 2055 παιδεία·
673 2002 736 2054 τὸ
777 1997 871 2055 οὖν
912 2001 1113 2071 γνῶναι
1156 2004 1348 2074 σοφίαν
1406 2004 1500 2057 καὶ
1542 2002 1811 2069 παιδείαν,

227 2090 436 2160 γνῶναί
465 2093 582 2144 ἐστι
614 2091 705 2145 τὸν
736 2090 970 2162 Χριστὸν
1008 2092 1103 2146 καὶ
1131 2093 1230 2165 τὴν
1252 2093 1415 2148 αὑτοῦ
1430 2093 1809 2148 διδασκαλίαν*

226 2186 255 2237 6
280 2180 381 2239 οὖν
427 2185 631 2254 ἄφοϐος
678 2185 833 2240 ἔσται
893 2186 952 2239 ἐν
1000 2188 1168 2260 κακίᾳ
1199 2191 1293 2244 καὶ
1328 2191 1607 2263 ἀγνωσία,
1640 2193 1698 2246 ἐν
1728 2185 1815 2256 αἷς

224 2278 325 2332 οὐκ
360 2276 512 2330 ἔστιν
542 2279 573 2330 6
608 2278 876 2349 Χριστός·
912 2280 962 2333 oi
1002 2275 1095 2334 οὖν
1135 2283 1194 2336 ἐν
1233 2284 1405 2354 κακίᾳ
1437 2284 1530 2336 καὶ
1568 2282 1815 2354 ἀγνωσία

224 2367 464 2433 ζῶντες,
501 2371 602 2423 οὐκ
629 2370 1047 2424 ἐπισκέπτονται
1074 2374 1132 2426 ἐν
1171 2374 1355 2437 αὐτοῖς
1392 2374 1484 2427 τὸν
1510 2374 1673 2445 φόϐον
1717 2373 1813 2428 τοῦ

223 2462 361 2515 θεοῦ
389 2502 405 2527 ,
453 2464 549 2516 καὶ
582 2463 644 2515 τὸ
675 2464 823 2529 ἔλεος
854 2465 939 2534 ἐφ’
978 2466 1192 2531 ἑαυτοῖς
1220 2467 1293 2539 μὴ
1321 2468 1628 2533 ἐλπίζοντες
1648 2487 1660 2499 ·
1693 2468 1814 2523 οὐδὲ

223 2554 467 2625 Χριστός
496 2557 646 2608 ἐστιν
671 2557 729 2609 ἐν
758 2557 965 2623 αὐτοῖς,
997 2556 1147 2628 παρά
1168 2557 1230 2612 τὸ
1260 2558 1337 2631 μὴ
1369 2558 1542 2613 θέλειν
1572 2560 1790 2623 αὐτούς.

300 2817 364 2873 ’0
400 2818 480 2890 μὴ
500 2820 677 2892 ὀρθῶς
703 2822 872 2894 βιοὺς,
898 2826 1133 2896 κρύπτει
1160 2827 1218 2879 ὲν
1244 2829 1313 2898 τῇ
1340 2826 1485 2899 ψυχῇ
1518 2828 1684 2882 αὐτοῦ
1713 2828 1814 2894 τάς

220 2912 413 2983 χεῖρας
455 2911 679 2980 ἀδίκως,
730 2915 832 2987 τὴν
861 2915 1055 2969 ἐαυτοῦ
1082 2918 1184 2987 γῆν
1208 2918 1544 2988 ἐργάσασθαι
1581 2920 1657 2992 μὴ
1693 2921 1815 2991 βου-

222 3002 476 3071 λόμενος,
510 3007 758 3060 τουτέστι
790 3009 849 3061 τὸ
880 3008 1038 3080 σῶμα
1059 3028 1071 3039 ·
1112 3010 1247 3082 μηδὲ
1303 3011 1684 3083 ἐμπλησθῆναι
1719 3014 1816 3085 ἀρ-

215 3115 325 3153 των
347 3096 601 3170 ψυχικῶν
616 3116 629 3129 ⁸
656 3101 711 3153 αί
733 3101 840 3172 γὰρ
855 3103 1157 3172 πρακτικαὶ
1176 3104 1389 3174 ἀρεταὶ,
1414 3107 1611 3176 χειρῶν
1632 3107 1813 3179 ἔχουσι

1922 626 2144 683 nostra},
2170 614 2400 695 scientia
2427 614 2690 671 donamur
2721 622 2751 663 a
2784 609 2907 663 Deo.

1995 800 2043 833 ιο
2072 798 2225 865 Quod
2254 795 2406 861 dicit,
2441 794 2512 850 ita
2536 806 2728 861 reapse
2754 792 2808 846 in
2857 789 3040 846 mundi
3080 790 3245 846 rebus
3282 770 3496 845 contin;

1920 890 2016 962 git.
2053 890 2169 961 Ego
2200 905 2329 945 vero
2352 888 2630 951 existimo,
2662 899 2826 953 grave
2854 884 3072 956 quidem
3097 884 3378 947 damnum,
3410 880 3496 935 in-

1922 984 2092 1055 telligi
2152 983 2517 1053 privationem
2578 978 2815 1035 notionis
2880 991 3069 1031 eorum
3118 990 3239 1044 quae
3296 973 3494 1027 ﬂuntz’

1922 1078 2117 1133 anima:
2158 1090 2291 1132 vero
2339 1073 2728 1138 traditionem,
2766 1068 3209 1128 obscurationem
3242 1079 3361 1119 esse
3405 1078 3498 1118 na-

1924 1168 2179 1225 turalium
2211 1167 2278 1221 de
2298 1167 2408 1221 Deo
2443 1165 2748 1227 notionum,
2775 1176 2899 1217 cum
2941 1158 3123 1213 anima
3149 1157 3203 1211 in
3226 1156 3498 1212 omninoo-

1920 1262 2043 1315 dam
2098 1259 2378 1315 vesaniam
2419 1256 2635 1315 incidit.
2680 1254 2935 1310 Salvator
2977 1265 3192 1323 quoque
3230 1249 3282 1304 in
3318 1248 3497 1302 Evan-

1919 1354 2076 1424 geliis
2126 1354 2205 1408 ait
2248 1369 2263 1408 :
2315 1350 2459 1418 Quid
2506 1350 2741 1420 proderit
2803 1347 3043 1412 homini,
3095 1344 3142 1399 si
3199 1344 3499 1396 universum

1920 1447 2178 1501 mundum
2204 1444 2461 1510 lucretur,
2490 1444 2680 1497 animat
2709 1457 2833 1496 vero
2855 1454 2966 1495 suae
2986 1436 3198 1493 exitiale
3224 1432 3501 1488 detrimen-

1919 1546 2032 1591 tum
2088 1537 2331 1606 patiatur
2364 1534 2409 1567 ⁸⁷
2451 1534 2474 1589 7
2525 1532 2639 1586 Hoc
2687 1531 2808 1586 loco
2856 1528 3092 1600 perditio
3136 1524 3496 1597 ignorantiam

1920 1628 2283 1697 corporalium
2320 1624 2851 1695 incorporaliumqne
2872 1636 3051 1677 rerum
3090 1620 3313 1675 denotat
3348 1634 3363 1672 :
3401 1618 3503 1671 de-

1921 1720 2266 1784 trimentum,
2303 1725 2605 1772 extremam
2640 1713 2920 1767 vesaniam
2947 1710 3241 1781 signiﬁcat.

1992 1811 2039 1843 "
2075 1808 2133 1865 Si
2164 1810 2329 1865 timor
2355 1807 2570 1863 Domini
2611 1808 2677 1860 ad
2710 1804 2877 1858 vitam
2907 1804 3027 1858 viro
3049 1811 3172 1868 est;
3206 1802 3366 1857 timor
3392 1814 3500 1855 au-

1920 1913 2025 1959 tem
2051 1900 2267 1958 Domini
2295 1898 2563 1970 sapientia
2597 1895 2957 1966 etdisciplina
2982 1911 3000 1959 ;
3036 1898 3283 1963 sequitur
3304 1902 3363 1947 ut
3383 1894 3496 1947 vita

1914 1996 2015 2051 viri
2050 1996 2124 2051 sit
2162 1993 2428 2067 sapientia
2450 2007 2514 2047 ac
2552 1988 2859 2060 disciplina.
2901 1987 3044 2057 Ergo
3088 2001 3248 2043 nosse
3277 1985 3497 2055 sapien-

1914 2086 2047 2141 tiam
2082 2100 2147 2141 ac
2178 2083 2561 2152 disciplinam,
2598 2080 2740 2135 idem
2775 2091 2862 2136 est
2907 2095 2973 2135 ac
3010 2092 3175 2133 nosse
3216 2076 3494 2132 Christum

1914 2175 2139 2247 ejusque
2179 2173 2506 2229 doctrinam.
2546 2172 2650 2240 Qui
2676 2186 2807 2243 ergo
2852 2172 2969 2226 sine
3016 2170 3111 2226 Dei
3149 2171 3347 2224 timore
3373 2177 3501 2233 est,

1915 2270 1971 2325 in
2030 2267 2275 2336 nequitia
2327 2275 2382 2322 et
2438 2265 2742 2334 ignorantia
2787 2263 3133 2330 versabitur,
3194 2262 3246 2316 in
3294 2259 3496 2331 quibus

1914 2368 2068 2416 certe
2096 2357 2352 2414 Christus
2392 2370 2499 2410 non
2536 2363 2927 2409 commoratur.
2972 2353 3142 2425 Igitur
3179 2352 3271 2422 qui
3308 2351 3362 2406 in
3397 2362 3494 2405 ne-

1912 2450 2082 2521 quitia
2115 2457 2172 2504 et
2204 2446 2512 2521 ignorantia
2546 2446 2735 2500 vivunt
2758 2485 2775 2511 ,
2808 2460 2916 2500 non
2960 2444 3406 2499 animadvertunt
3435 2440 3490 2494 in

1913 2558 1974 2600 se
2028 2540 2280 2597 timorem
2337 2539 2430 2595 Dei
2461 2578 2477 2602 ,
2526 2552 2703 2607 neque
2746 2536 3182 2593 misericordiam
3229 2535 3349 2604 ejus
3386 2532 3495 2590 sibi

1913 2642 2173 2709 sperant;
2208 2645 2384 2703 neque
2422 2630 2677 2687 Christus
2713 2629 2769 2686 in
2807 2629 2887 2685 eis
2928 2637 3045 2703 est,
3077 2628 3201 2699 quia
3246 2627 3351 2696 ipsi
3392 2639 3491 2681 no-

1912 2730 2048 2784 lunt.

1980 2823 2026 2854 ”
2057 2820 2162 2887 Qui
2209 2825 2360 2874 recte
2400 2831 2510 2872 non
2548 2813 2705 2877 vivit,
2739 2825 2931 2867 manus
2961 2811 3013 2866 in
3050 2810 3272 2883 propria
3312 2810 3505 2865 anima.

1913 2911 2201 2969 abscondit
2231 2910 2453 2981 injuste,
2490 2916 2691 2962 terram
2724 2916 2878 2957 suam
2908 2901 3097 2958 nolens
3123 2900 3411 2965 excolere,
3438 2900 3493 2954 id

1912 3018 1999 3063 est
2041 3018 2274 3074 corpus,
2324 3016 2501 3069 neque
2544 2996 2886 3069 spiritalibus
2960 2994 3194 3051 saturari
3241 2992 3491 3064 panibus.

1914 3100 2047 3155 Nam
2090 3097 2348 3170 practica:
2388 3094 2620 3149 virtutes
2664 3106 2927 3148 manuum
2967 3099 3157 3145 tenent
3191 3088 3456 3143 rationem
3475 3126 3503 3153 ,.

217 3190 403 3259 λόγον,
440 3193 498 3244 αἱ
527 3191 619 3243 τὸν
647 3192 812 3263 ἄρτον
838 3192 917 3264 τῷ
945 3193 1173 3264 στόματι
1199 3197 1231 3266 ἡ
1242 3194 1356 3265 μῶν
1378 3176 1808 3268 προσφέρουσαι,

1927 3204 2101 3258 easque
2137 3200 2333 3259 panem
2408 3183 2491 3238 ori
2537 3190 2726 3237 nostro
2769 3181 3105 3244 admovent,
3140 3192 3368 3248 panem,
3421 3176 3505 3230 in-

215 3281 308 3335 τὸν
330 3282 446 3335 ἀπὸ
478 3282 588 3334 τῶν
612 3283 857 3353 οὐρανῶν
882 3284 1198 3339 καταϐάντα
1218 3326 1233 3350 ,
1277 3287 1371 3340 καὶ
1409 3287 1554 3359 ζωὴν
1594 3288 1806 3343 διδόντα

1927 3298 2100 3353 quam,
2130 3279 2226 3350 qui
2258 3279 2325 3334 de
2354 3275 2493 3333 coelo
2518 3273 2837 3339 descendit,
2869 3272 3146 3342 vitamque
3172 3269 3376 3325 mundo
3405 3270 3496 3325 dat

214 3372 293 3445 τῷ
310 3374 514 3445 κόσμῳ
541 3374 608 3427 δι’
634 3373 819 3429 ἐνθέου
855 3376 1047 3446 σοφίας
1069 3378 1163 3432 καὶ
1194 3377 1467 3447 γνώσεως.

1913 3390 2010 3445 per
2040 3374 2280 3429 divinam
2314 3366 2640 3440 sapientiam
2670 3373 2725 3420 et
2754 3364 3061 3420 scientiam.

1694 3476 1847 3533 CAP.
1886 3472 2006 3529 XX.

282 3563 351 3617 Et
369 3562 567 3633 ,θυμὸς
591 3563 898 3634 δρακόντων
938 3567 967 3619 ό
1009 3560 1150 3629 οἶνος
1179 3565 1390 3631 αὐτῶν,
1421 3567 1719 3623 ἀκόλαστον
1746 3568 1805 3622 δὲ

213 3654 242 3706 6
267 3648 450 3717 οἶνος,
484 3654 783 3719 ἀκόλαστος
821 3654 929 3727 ἄρα
962 3657 992 3708 6
1037 3656 1241 3727 θυμὸς,
1265 3656 1594 3723 ἀκολάστους
1639 3660 1808 3712 ποιῶν

213 3743 341 3807 τοὺς
395 3742 756 3814 ἀνθρώπουςο
801 3745 896 3799 καὶ
940 3746 1251 3817 ὑϐριστικὸν
1298 3749 1331 3819 ὴ
1375 3747 1550 3821 ὀργή·
1600 3748 1809 3818 γίνεται

212 3834 325 3906 γὰρ
351 3828 468 3888 ἀπὸ
491 3834 704 3900 ζέοντος
726 3836 897 3908 θυμοῦ
923 3855 937 3870 ·
969 3841 1019 3892 εί
1040 3839 1097 3892 δὲ
1122 3839 1263 3893 οίνου
1285 3842 1333 3893 οἱ
1356 3840 1659 3912 Ναζαραίοι
1678 3841 1821 3896 κατά

210 3926 305 3978 τὸν
348 3924 521 3996 νόμον
560 3927 889 3997 ἀπέχονται,
936 3928 1110 4000 θυμοῦ
1151 3931 1259 4002 ἀρα
1306 3932 1430 3997 τοὺς
1472 3932 1819 4006 Ναζαραίους

214 4018 380 4080 ἐκτὸς
405 4012 545 4070 εἶναι
576 4018 1018 4091 νενομοθέτηται.

296 4192 576 4247 Ἐνταῦθα
600 4194 690 4248 τὸν
722 4196 959 4266 Χριστὸν
992 4197 1253 4269 ἄντικρυς
1273 4196 1463 4270 εἴρηκε
1495 4200 1747 4270 βασιλὲαο
1780 4202 1810 4254 6

211 4284 324 4356 γὰρ
353 4285 549 4339 τοῦτον
581 4286 667 4341 διά
692 4288 798 4342 τῶν
822 4289 1107 4360 ἁμαρτιῶν
1132 4290 1477 4360 παροξύνων,
1508 4293 1810 4364 ἁμαρτάνει

211 4378 295 4442 είς
318 4380 427 4449 τὴν
458 4379 655 4432 ἑαυτοῦ
686 4378 883 4451 ψυχήν.

290 4475 517 4543 Ὥσπερ
548 4474 578 4526 6
612 4473 800 4543 ἄφρων
830 4472 888 4525 τὸ
910 4474 1112 4537 ὄνειδος
1141 4475 1242 4527 οὐκ
1269 4475 1604 4545 αἰσχύνεται,
1635 4475 1809 4541 οὕτως

1986 3565 2004 3596 ⁸
2056 3561 2115 3618 Si
2169 3559 2322 3615 iuror
2363 3556 2704 3618 draconum,
2749 3552 2937 3607 vinum
2982 3565 3216 3616 eorum;
3265 3558 3352 3605 est
3396 3563 3493 3603 au-

1917 3665 2023 3712 tem
2080 3667 2172 3709 res
2223 3652 2596 3721 intemperans
2648 3647 2887 3713 vinum;
2934 3660 3066 3715 ergo
3122 3645 3499 3717 intemperans

1917 3746 2101 3810 furor,
2146 3745 2573 3812 intemperantes
2620 3754 2718 3795 seu
2766 3736 3000 3793 etl‘renes
3046 3736 3256 3793 faciens
3308 3736 3494 3791 homi-

1913 3850 2029 3891 nes.
2064 3834 2158 3888 Est
2196 3832 2324 3886 item
2362 3830 2753 3885 contumeliosa
2796 3830 2877 3882 ira
2903 3866 2919 3891 ,
2949 3841 3068 3896 quae
3105 3826 3163 3879 lit
3200 3840 3268 3880 ex
3294 3826 3496 3878 arden-

1914 3937 1966 3983 te
2001 3927 2205 3981 furore.
2246 3923 2401 3990 Quod
2441 3922 2487 3977 si
2527 3924 2652 3979 vino
2681 3921 2926 3979 Nazarzei
2953 3921 3106 3991 juxta
3154 3920 3329 3988 legem
3365 3919 3496 3971 abs-

1917 4020 2113 4081 tinent,
2151 4026 2304 4070 extra
2339 4014 2580 4068 furorem
2613 4030 2733 4069 esse
2768 4012 3058 4068 Nazareos
3083 4011 3199 4081 lege
3229 4018 3499 4064 statutum

1912 4116 2017 4163 est.

1988 4200 2009 4229 ⁸
2046 4196 2160 4251 lloc
2203 4195 2322 4251 loco
2364 4195 2647 4249 Christum
2689 4195 2970 4250 evidenter
3015 4193 3309 4265 appellavit
3348 4194 3501 4262 regis

1916 4289 2155 4345 nomine.
2191 4287 2325 4341 Nam
2358 4291 2450 4356 qui
2479 4286 2758 4342 Christum
2789 4287 3028 4358 peccatis
3060 4287 3265 4351 irritat,
3297 4284 3494 4341 adver-

1915 4396 2010 4437 sus
2031 4380 2273 4434 animam
2309 4394 2467 4432 suam
2501 4386 2706 4448 peccat.

1988 4473 2010 4505 ³
2035 4473 2189 4528 Sicut
2219 4472 2419 4527 stultus
2450 4472 2812 4542 exprobratus
2843 4486 2950 4525 non
2986 4468 3278 4534 erubescit,
3307 4468 3381 4523 ita
3404 4469 3497 4537 qui

205 4568 243 4619 ὁ
272 4564 672 4634 δανεισάμενος
704 4568 846 4617 σῖτον
880 4567 1101 4637 σπεῖραι
1142 4567 1200 4620 ἐν
1232 4566 1428 4638 ἀμητῷ
1447 4584 1460 4598 ·
1511 4568 1611 4640 ἤδη
1640 4568 1721 4621 ὃτι
1745 4570 1810 4622 ἐκ

1927 4565 2103 4621 Terrore
2140 4566 2341 4636 accipit
2382 4564 2719 4619 frumentum
2763 4563 2827 4615 ad
2862 4563 3156 4618 serendum
3201 4562 3256 4617 in
3296 4577 3495 4616 messe.

210 4656 309 4709 τοῦ
330 4655 612 4726 γεωργίου
639 4653 801 4707 αὑτοῦ
828 4654 1219 4726 ἀποδοθήσεται
1247 4655 1326 4726 τῷ
1350 4656 1675 4720 δανείσαντι,
1707 4654 1809 4708 κᾶν

207 4748 354 4820 τύχῃ
393 4747 687 4801 ἀποθανεῖν
716 4747 810 4800 τὸν
846 4746 1357 4802 δανεισθέντα.-Εί
1387 4747 1533 4801 ἔστιν
1571 4748 1630 4801 ἐν
1666 4749 1808 4820 ἀμη-

207 4840 289 4911 τῷ
312 4844 468 4893 σῖτον
495 4838 842 4893 δανείσασθαι
869 4840 1020 4911 παρά
1050 4840 1159 4892 τῶν
1190 4839 1581 4913 ἐργασαμένων
1609 4842 1667 4893 ἐν
1695 4842 1807 4903 τοῖς

209 4933 272 4997 εξ
292 4934 446 4986 ἐτεσι
468 4932 567 5003 τὴν
592 4931 796 4985 ἐαυτῶν
827 4932 952 5002 γῆν,
980 4932 1226 4985 τουτέστι
1259 4933 1409 5003 παρὰ
1436 4932 1545 4985 τῶν
1573 4932 1672 5002 τῆς
1703 4931 1808 5004 πρὸ

207 5025 307 5079 τοῦ
335 5023 581 5096 Χριστοῦ
622 5024 920 5094 παρουσίας
954 5025 1012 5076 ἐν
1043 5025 1155 5088 τοῖς
1186 5024 1245 5091 ἐξ
1281 5024 1441 5078 αἰῶσι
1478 5024 1808 5095 λαμψάντων

206 5115 440 5170 δικαίων
470 5117 566 5169 καὶ
600 5115 894 5187 προφητῶν
923 5115 1022 5180 τὰς
1060 5114 1262 5187 ἀρετὰς
1296 5116 1637 5187 μιμήσασθαι
1656 5156 1670 5179 ,
1700 5115 1809 5169 τῶν

208 5210 309 5262 καὶ
356 5208 671 5279 τρεφόντων
719 5209 777 5260 ἐν
802 5207 879 5278 τῷ
910 5208 1123 5279 ἑϐδόμῳ
1151 5208 1259 5261 ἔτει
1289 5209 1462 5279 χήραν
1505 5209 1599 5261 καὶ
1640 5209 1811 5279 ὀρφα-

209 5301 385 5365 νοὺς,
428 5302 510 5363 εἰς
558 5300 623 5352 τὸ
665 5299 1093 5370 ἀπαποδοθῆναι
1133 5302 1315 5364 αὐτοῖς
1361 5304 1419 5354 ἐν
1459 5304 1526 5372 τῇ
1563 5300 1810 5375 βασιλεία

208 5390 324 5444 τῶν
353 5390 606 5462 οὐρανῶν
632 5391 727 5444 τὸν
751 5391 945 5462 μισθὸν
984 5393 1084 5463 τῆς
1117 5391 1393 5458 ἐνδείξεως
1430 5392 1539 5446 τῶν
1568 5393 1804 5465 ἀρετῶν,

216 5481 299 5544 ὡς
325 5481 559 5555 ἀπαρχὴ
586 5481 875 5550 γεγονότες
906 5482 1017 5534 τῶν
1039 5482 1273 5554 ἀρετῶν.

280 5659 401 5725 Ob;
442 5664 563 5716 κατ’
593 5661 795 5736 ἀρετὴν
839 5664 1079 5735 δηλονότι
1114 5665 1409 5738 γεγέννηκά
1459 5684 1541 5731 τις
1569 5705 1583 5731 ,
1622 5666 1805 5720 εἰκόνα

284 5844 341 5880 ’⁸
376 5860 429 5903 v.
464 5847 548 5903 t9.

625 5848 693 5921 ,f'
719 5846 913 5905 Matth.
944 5863 1053 5913 3m,
1080 5847 1168 5905 26.
1245 5851 1292 5883 οι
1323 5864 1373 5908 v,
1401 5850 1495 5907 23.
1571 5854 1614 5885 θ’
1648 5867 1698 5906 ν,
1730 5852 1828 5907 94,

1915 4658 2078 4713 Certe
2109 4671 2179 4711 ex
2207 4657 2329 4728 ejus
2368 4672 2501 4728 agro
2534 4654 2788 4710 reddetur
2818 4670 2940 4710 sors
2973 4654 3265 4720 feneranti,
3302 4657 3501 4709 etiam-

1914 4747 1959 4802 si
2004 4746 2221 4802 interim
2268 4749 2408 4802 mori
2453 4747 2746 4815 contigerit
2781 4746 2829 4799 ei
2862 4746 2954 4816 qui
2998 4761 3120 4801 cum
3172 4744 3365 4802 fenore
3406 4759 3497 4800 ac-

1915 4850 2154 4909 ceperat.
2184 4869 2258 4880 —-
2288 4838 2407 4894 Jam
2455 4838 2695 4893 triticum
2743 4853 2869 4892 cum
2907 4837 3097 4892 fenore
3138 4838 3313 4906 accipi
3351 4850 3509 4891 mes~

1914 4932 1990 4985 sis
2039 4940 2319 5000 tempore,
2358 4930 2426 4985 ab
2474 4929 2541 4983 iis
2605 4928 2697 4998 qui
2754 4943 2943 4999 agrum
2989 4943 3146 4982 suum
3194 4941 3290 4981 sex
3335 4929 3494 4980 annis

1912 5032 2071 5078 erant
2105 5024 2357 5092 operati,
2400 5022 2504 5077 hoc
2540 5019 2817 5091 signiﬁcat
2865 5019 3079 5073 illorum
3121 5028 3247 5071 ante
3287 5017 3493 5072 Christi

1913 5115 2207 5169 adventum
2258 5128 2356 5168 sex
2400 5114 2656 5168 aetatibus
2702 5111 2971 5183 clarorum
3013 5107 3286 5177 justorum
3329 5116 3495 5176 atque

1914 5206 2303 5275 prophetarum
2336 5204 2570 5258 virtutes
2611 5201 2815 5257 imitari
2852 5209 3143 5269 Oportcre,
3188 5199 3281 5268 qui
3326 5197 3494 5252 etiam

1914 5297 2147 5367 septimo
2193 5310 2336 5349 anno
2384 5297 2698 5349 nutrierunt
2739 5292 2934 5346 viduas
2978 5301 3035 5345 ct
3074 5291 3398 5361 orphanos;
3436 5299 3495 5345 ut

1911 5390 2014 5445 sibi
2072 5389 2393 5443 redderetur
2436 5389 2491 5443 in
2542 5402 2711 5457 regno
2770 5385 3034 5441 caelorum
3085 5399 3296 5440 merces
3336 5400 3493 5440 exer-

1914 5490 1982 5537 tte
2038 5480 2303 5545 virtutis,
2366 5480 2461 5550 qui
2529 5480 2640 5534 imo
2701 5478 2921 5532 fuerunt
2969 5476 3235 5531 virtutum
3294 5477 3492 5549 primi-

1912 5574 2024 5629 tias.

1987 5663 2007 5695 ‘
2039 5663 2184 5731 Quos
2205 5663 2502 5718 secundum
2536 5661 2797 5719 virtutem
2830 5663 2956 5734 quis
2987 5661 3173 5734 genuit
3193 5701 3212 5731 ,
3238 5675 3332 5719 eos
3354 5661 3492 5718 ima-

1920 5851 2103 5905 ‘VJ.
2190 5850 2370 5905 ἐπὶ.
2462 5849 2644 5905 ⁸ν.ι.
2736 5848 2918 5906 ‘v.7.
