3958 6522
449 399 554 488 in
1320 403 1906 488 SUPPLEMENTUM
1950 423 2039 482 AD
2076 403 2398 482 ORIGENIS
2436 424 2848 480 EXEGETICA.
3592 425 3690 478 ate

449 537 629 620 ginem
677 557 732 604 et
769 531 1136 605 laudationem
1189 548 1461 619 relinquet
1503 551 1742 621 posteris
1788 550 1875 603 vir
1917 550 2012 603 im-

2132 544 2215 600 καὶ
2253 545 2599 617 μακαρισμὸν
2642 542 2956 612 καταλείψει
3001 544 3113 607 τοῖς
3165 537 3453 614 μετέπειτα
3483 545 3510 596 6
3542 544 3695 614 ἄμωο

450 641 784 706 maculatus,
818 650 873 697 et
921 643 988 696 ad
1023 640 1250 712 jUStitiae
1292 642 1685 696 nutrimentum
1736 655 1911 712 usque
1963 640 2013 694 in

1868 656 1911 695 Ie
1963 640 2020 694 in
2127 649 2245 702 μος,
2270 632 2364 685 καὶ
2395 631 2736 700 δικαιοσύνην
2758 631 3070 703 ἀνατροφῆς
3099 631 3202 694 ἓως
3224 632 3431 696 τέλους.

455 735 635 790 linem.

523 826 544 857 ⁸
591 823 725 879 Mori
766 825 903 880 dixit
946 833 1001 879 et
1049 823 1179 879 alibi
1225 824 1572 881 maledicum.
1611 823 1719 880 Sed
1762 831 1820 879 et
1865 817 2024 879 Cltri-

2196 810 2463 886 Τελευτᾷν
2501 814 2610 888 γὰρ
2657 809 2809 868 εἶπεν
2841 813 3074 885 ἀλλαχοῦ
3119 815 3211 868 τὸν
3266 812 3695 880 κακολογοῦντα·

453 904 570 972 stus
599 910 618 972 ε’
639 915 743 982 Qui
772 915 1024 973 Ecclesia:
1055 918 1362 982 maledicit,
1399 917 1694 986 privabitur
1729 916 1834 984 ﬁde
1857 957 1872 978 ,
1909 932 2016 982 qum

2151 906 2261 960 ιλλὰ
2298 908 2392 960 καὶ
2424 906 2687 978 Χριστός·
2718 907 2825 960 Καὶ
2853 908 2886 959 ὀ
2923 905 3038 972 τὴν
3064 906 3428 974 Ἐκκλησίαν
3450 910 3714 962 κακολοο·

452 1009 546 1063 lux
605 1010 653 1063 ei
711 997 822 1064 erat
884 1019 1005 1065 ante
1064 1007 1554 1065 Obtrectationem'.
1608 1007 1746 1062 Dicit
1813 1007 2015 1061 {ortast

2141 997 2281 1067 Γῶν,
2313 993 2748 1066 στερηθήσεται
2779 998 2894 1067 τῆς
2933 999 3196 1068 πίστεως
3225 1043 3234 1060 ,
3281 998 3416 1066 ἣτις
3440 994 3519 1068 ἦν
3541 998 3704 1065 αὐτῷ

449 1088 510 1156 ae
541 1101 709 1155 etiam
741 1101 807 1158 de
851 1103 1092 1158 tenebris
1138 1096 1544 1158 exterioribus:
1575 1099 1698 1153 ideo
1735 1109 1791 1154 et
1834 1099 1899 1154 de
1945 1097 2012 1151 fu-

2138 1088 2254 1156 ςεῶς
2280 1090 2391 1157 πρὸ
2439 1088 2552 1158 τῆς
2591 1089 2876 1158 διαϐολῆς
2897 1107 2911 1122 ·
2947 1090 3093 1158 λέγει
3137 1091 3182 1144 δ’
3217 1090 3284 1145 ἂν
3325 1091 3578 1162 καὶπερὶ
3607 1089 3701 1144 τώ

452 1199 579 1244 turo
631 1191 853 1246 dicitur.
910 1191 977 1247 Et
1020 1194 1137 1263 ipse
1183 1193 1474 1260 Christus,
1529 1187 1696 1260 pater
1740 1199 2015 1260 materque

2141 1176 2394 1251 ἑξωτέρου
2445 1179 2667 1243 σκάτους
2688 1196 2702 1210 ·
2733 1180 2814 1234 διὸ
2851 1179 2946 1234 καὶ
2997 1181 3092 1234 ἐπὶ
3127 1180 3416 1252 μέλλοντος
3453 1181 3704 1254 εἴρηται·

454 1267 561 1336 dici
619 1291 798 1352 potest
854 1300 868 1338 :
919 1274 1079 1354 pater
1124 1285 1345 1354 quidem
1399 1283 1740 1340 habentium.
1773 1279 2017 1352 spiritum

2143 1270 2223 1323 καὶ
2253 1272 2282 1323 6
2313 1271 2548 1342 Χριστὸς
2597 1271 2688 1336 δὲ,
2719 1271 2901 1344 πατὴρ
2943 1271 3037 1328 καὶ
3072 1274 3254 1345 μήτηρ
3301 1273 3523 1327 δύναται
3550 1273 3706 1340 λέγε-

456 1357 798 1442 ἆιΙοριῑοιιίςς
847 1385 1023 1430 mater
1067 1371 1433 1446 indigentium
1473 1376 1620 1430 lacte
1647 1384 1704 1430 et
1745 1389 1852 1429 non
1901 1373 2019 1430 soli-

2145 1359 2286 1413 τθαι·
2330 1359 2512 1432 πατὴρ
2557 1361 2654 1433 μὲν
2688 1361 2794 1415 τῶν
2844 1362 3078 1433 ἐχόντων
3129 1362 3348 1434 πνεῦμα
3394 1361 3708 1425 υἱοθεσίας·

457 1460 612 1520 diore
643 1465 780 1521 cibo.
823 1464 1067 1537 Namque
1097 1477 1151 1523 et
1189 1467 1245 1522 in
1275 1466 1444 1521 Paulo
1485 1465 1714 1538 loquens
1742 1466 2020 1530 Christus,

2147 1455 2325 1526 μήτηρ·
2348 1453 2406 1507 δὲ
2455 1453 2564 1506 τῶν
2610 1454 2877 1525 δεομένων
2923 1453 3190 1522 γάλακτος
3245 1453 3340 1507 καὶ
3378 1453 3440 1506 οὐ
3485 1454 3710 1524 στερεᾶς

457 1566 612 1626 pater
652 1558 1009 1628 Ephesiorum
1052 1558 1253 1626 ﬂebat,
1280 1559 1560 1629 sapientiai
1609 1559 1746 1629 ipsis
1783 1558 2020 1612 revelant

2150 1547 2370 1618 τροφῆς·
2403 1545 2635 1618 καὶγὰρ
2672 1547 2767 1601 καὶ
2797 1548 2826 1599 6
2880 1547 2938 1599 ὲν
2983 1545 3182 1617 Παύλῳ
3233 1545 3410 1599 λαλῶν
3454 1545 3713 1618 Χριστος,

459 1635 717 1718 mysteria
771 1665 785 1702 :
845 1657 1027 1704 mater
1070 1665 1204 1705 vero
1251 1649 1656 1705 Corinthiorum
1706 1647 1903 1719 quibus
1950 1647 2022 1702 lat

2154 1639 2315 1711 τατήρ
2358 1638 2456 1710 μὲν
2497 1640 2604 1693 τῶν
2653 1640 2915 1708 Ἐφεσίων
2974 1640 3184 1708 ἐγίνετο
3207 1680 3226 1704 ,
3291 1638 3482 1708 σοφίας
3526 1639 3717 1702 αὑτοῖς

456 1738 753 1808 prmbebat,
2133 1729 2529 1783 ἀποκαλύπτων
2557 1731 2859 1802 μυστήρια·
2881 1733 3062 1805 μήτηρ
3090 1730 3202 1802 (l0)
3228 1730 3548 1801 Κορινθίων,
3574 1729 3717 1799 γάλα

2135 1818 2368 1884 ποτίζων
2401 1821 2616 1885 αὑτούς.

549 1920 569 1952 ⁷
631 1910 1004 1991 Excogitatam
1056 1921 1212 1976 nobis
1268 1933 1299 1973 a
1357 1919 1593 1986 maligno
1643 1919 2022 1988 voluptatem,
2060 1913 2101 1971 Β

2203 1912 2314 1984 Τὴν
2363 1913 2428 1966 ὲκ
2471 1913 2566 1967 τοῦ
2615 1908 2860 1986 πονηροῦ
2889 1914 3278 1986 ὲφευρεθεῖσαν
3329 1915 3458 1986 ήμϊν
3500 1910 3716 1985 ἡδονὴν,

461 2027 622 2082 quam
677 2021 883 2082 partem
935 2012 988 2066 in
1047 2013 1238 2081 primis
1287 2011 1570 2082 appellat,
1616 2010 1768 2065 brevi
1817 2010 2024 2079 quidem

2158 2005 2204 2076 δν
2258 2005 2452 2079 μερίδα
2505 2005 2670 2076 φησὶν
2699 2007 2757 2058 ὲν
2805 2003 3077 2077 πρώτοις,
3113 2005 3446 2077 πρόσκαιρον
3493 2005 3594 2075 μὲν
3635 2004 3721 2056 λι-

463 2111 647 2172 guttur
677 2103 941 2175 inungere
978 2103 1181 2158 senties
1204 2141 1219 2170 ,
1249 2117 1373 2157 mox
1411 2113 1593 2157 tamen
1625 2099 1752 2156 felle
1793 2100 2026 2155 amario-

2156 2096 2317 2150 ταίνει
2363 2096 2454 2150 σὺν
2520 2097 2777 2169 φάρυγγα
2814 2136 2829 2160 ,
2885 2095 3112 2167 ὕστερον
3157 2096 3341 2168 μέντοι
3391 2097 3719 2169 πικρότερον

464 2205 600 2244 rem.

2137 2187 2302 2258 χολῆς
2335 2187 2606 2259 εὑρήσεις.

535 2278 558 2311 ⁸
591 2278 736 2336 Cave
765 2278 916 2337 dicas
948 2281 1198 2352 superbia
1227 2292 1530 2338 commotus
1550 2321 1565 2347 ,
1587 2283 1703 2352 Ego
1735 2284 1881 2336 solus
1914 2296 2036 2338 cum

2209 2279 2301 2351 Μὴ
2332 2281 2492 2355 εἴπῃς
2518 2279 2638 2333 καθ’
2666 2277 3047 2352 ὑπερηφανίαν
3075 2272 3396 2351 κινούμενος
3415 2298 3427 2310 ·
3470 2279 3584 2349 ἐγὼ
3619 2281 3718 2351 μό-

463 2371 713 2429 ltostibus
743 2369 975 2445 pugnam
1004 2371 1324 2441 conseram;
1356 2377 1448 2431 sed
1483 2376 1776 2430 Dominum
1803 2386 2026 2445 expecta

2162 2393 2228 2440 νος
2253 2378 2365 2440 τοῖς
2389 2375 2602 2449 ἐχθροῖς
2630 2376 2955 2447 πολεμήσω,
3006 2375 3118 2428 ἀλλ’
3160 2376 3453 2446 ὑπόμεινον
3479 2376 3572 2430 τὸν
3607 2375 3725 2430 Κύ-

466 2473 524 2518 et
551 2465 766 2533 invoca,
803 2476 861 2520 ut
897 2467 991 2522 tibi
1026 2467 1340 2522 auxilietur.
1375 2467 1452 2521 Ne
1494 2467 1590 2521 tibi
1618 2456 1861 2521 conlidas
1884 2466 2029 2536 quasi

2162 2486 2257 2522 κον
2303 2469 2396 2522 καὶ
2447 2469 2741 2533 ὲπικαλοῦ,
2789 2469 2877 2522 ἵνα
2942 2465 3023 2522 σοι
3076 2468 3350 2542 βοηθήσῃ·
3404 2469 3477 2542 μὴ
3527 2469 3725 2541 θάρρει

469 2557 675 2624 absque
724 2557 952 2612 Domino
986 2557 1191 2626 aliquid
1222 2553 1438 2619 valeasi
1483 2557 1608 2627 quia
1659 2559 1855 2625 praeter
1891 2558 2032 2610 illum

2166 2559 2326 2630 παυτῷ
2355 2560 2432 2623 ὡς
2462 2561 2631 2632 χωρὶς
2673 2561 2878 2631 Κυρίου
2908 2557 3236 2630 δυνάμενος·
3273 2561 3353 2614 ὅτι
3394 2560 3502 2634 γὰρ
3553 2562 3729 2634 χωρῖς-

468 2661 580 2702 non
607 2657 690 2704 est
727 2650 1038 2709 auxiliator.
1077 2650 1168 2705 Ait
1212 2649 1382 2704 David
1405 2651 1426 2681 ⁹
1460 2670 1472 2703 :
1504 2649 1625 2703 Non
1653 2650 1790 2704 enim
1828 2650 1883 2702 in
1913 2665 2031 2703 arcu

2163 2652 2309 2707 ιὺτοῦ
2342 2653 2442 2707 οὐκ
2473 2653 2588 2706 ἐστι
2621 2652 2830 2725 βοηθὸς,
2862 2652 3008 2722 λέγει
3038 2654 3201 2708 Δαυῒδ
3222 2670 3238 2685 ·
3264 2657 3347 2709 Οὐ
3377 2656 3489 2725 γὰρ
3508 2655 3608 2708 ἐπὶ
3644 2654 3726 2720 τῷ

467 2761 580 2797 meo
604 2742 842 2811 sperabo.
1375 2811 1378 2814 ἢ

1375 2811 1378 2814 ,
2144 2746 2299 2812 τόξῳ
2316 2763 2435 2815 μου
2460 2745 2664 2800 ὲλπιῶ.

543 2835 586 2866 ¹⁶
618 2833 678 2887 lu
709 2829 872 2887 rebus
895 2831 1110 2900 quidem
1139 2829 1487 2885 sensibilibus
1509 2838 1766 2885 stateram
1794 2845 2042 2900 magnam

2228 2836 2352 2890 Ἐπὶ
2381 2836 2487 2906 μὲν·
2501 2836 2608 2888 τῶν
2628 2835 2920 2908 αἰσθητῶν,
2951 2823 3210 2908 στάθμιον
3239 2836 3381 2908 μέγα
3407 2837 3500 2890 καὶ
3527 2835 3728 2909 μικρόν

472 2911 537 2982 ac
571 2941 795 2997 parvam
843 2940 962 2980 esse
1005 2919 1256 2991 dicimus,
1291 2925 1342 2976 in
1382 2921 1578 2993 quibus
1605 2938 1820 2986 aurum,
1850 2937 2035 2991 argen-

2168 2946 2329 2999 ,ταμεν
2358 2923 2493 2980 εῖναι
2513 2968 2526 2991 ,
2567 2929 2626 2981 ὲν
2672 2923 2754 2992 οἷς
2781 2929 3014 3000 χρυσὸς,
3048 2929 3313 3000 ἄργυρος,
3351 2928 3584 2999 χαλκὸς,
3634 2928 3731 3000 μὲ-

473 3029 611 3084 tum,
641 3033 738 3085 aes,
773 3015 1034 3082 sericum,
1061 3025 1117 3072 et
1138 3015 1241 3070 alia
1275 3014 1477 3086 quaevis
1505 3015 1893 3085 ponderantur.
1929 3016 2036 3068 Alia

2168 3023 2285 3090 ταξα
2326 3023 2458 3094 (Η),
2486 3024 2581 3076 καὶ
2616 3023 2717 3076 ὅσα
2743 3023 2878 3076 ἄλλα
2913 3020 3329 3092 σταθμίζονται·
3365 3023 3538 3093 μέτρα
3566 3021 3623 3075 δὲ
3664 3021 3731 3074 τὰ

472 3125 604 3165 vero
651 3105 794 3165 vasis
837 3109 1114 3175 metimur,
1161 3106 1490 3162 frumentum
1517 3146 1532 3172 ,
1567 3107 1792 3172 vinum,
1837 3107 2035 3170 oleum,

2170 3132 2208 3168 ιν
2244 3117 2488 3184 ἀγγείοις
2535 3114 2913 3187 μετρούμενα,
2953 3116 3095 3176 σῖτος
3118 3153 3132 3178 ,
3179 3108 3349 3176 οἶνος,
3382 3112 3591 3175 ἔλαιον,
3635 3111 3733 3164 καὶ

472 3203 766 3274 legumina.
796 3201 970 3255 Aliter
997 3214 1149 3266 vero,
1181 3200 1346 3256 etiam
1389 3199 1556 3254 homo
1589 3216 1749 3270 quem
1783 3200 2024 3270 appellant

2172 3210 2355 3282 ἱσπρια
2375 3228 2388 3242 ·
2421 3209 2596 3273 ἄλλως
2629 3225 2688 3262 τε
2731 3207 2786 3259 δὲ
2821 3205 2910 3259 τὸν
2937 3204 3089 3276 παρά
3118 3221 3225 3256 τισι
3267 3202 3610 3274 θρασύδειλον
3646 3202 3735 3254 λε-

477 3291 847 3367 θρασύδειλον,
883 3295 1142 3348 audacem
1197 3292 1357 3347 simul
1393 3302 1449 3348 et
1477 3294 1754 3360 timidum,
1790 3301 2040 3348 stateram

2169 3304 2419 3374 γόμενον,
2470 3302 2611 3373 μέγα
2640 3299 2736 3352 καὶ
2768 3298 2959 3369 μικρὸν
3005 3293 3139 3350 εἶναι
3189 3295 3446 3367 στάθμιον
3492 3293 3732 3366 νομίζω·

479 3403 733 3458 magnam
757 3397 812 3442 et
841 3401 1060 3456 parvam
1098 3399 1219 3441 esse
1253 3393 1405 3454 puto.
1430 3383 1660 3440 Omnino
1683 3384 1948 3454 quidquid
1973 3394 2042 3439 est

2175 3394 2386 3447 ιαθόλου
2440 3393 2497 3446 δὲ
2543 3391 2724 3444 πᾶσαν
2769 3382 3076 3458 ὑπερϐολὴν
3122 3383 3216 3437 καὶ
3262 3382 3524 3452 ἔλλειψιν·
3578 3380 3738 3434 τοῦτο

477 3478 880 3551 bypcrbolicum
911 3486 966 3532 et
1002 3477 1380 3531 diminutivum
1405 3515 1421 3541 ,
1462 3486 1670 3530 sratera
1703 3490 1897 3545 magna
1933 3490 2040 3546 par-

2173 3484 2418 3554 ςτάθμιον
2443 3481 2584 3554 μέγα
2605 3480 2700 3534 καὶ
2727 3477 2917 3549 μικρόν
2937 3478 3083 3529 ἐστιν
3102 3493 3114 3505 ·
3140 3474 3373 3546 ἑκάτερα
3392 3471 3500 3545 γὰρ
3521 3472 3736 3536 κακίαι,

480 3586 656 3640 vaque
687 3579 791 3626 est.
820 3567 1067 3638 Utraque
1107 3567 1248 3623 mala
1273 3575 1390 3632 est,
1429 3559 1620 3636 nempe
1653 3569 1924 3622 mensurae
1957 3567 2043 3624 du-

2176 3576 2251 3629 cal.
2285 3574 2457 3644 μέτρα
2514 3571 2701 3625 δισσά·
2729 3564 2903 3631 ἄλλως
2941 3584 3000 3620 τε
3045 3566 3137 3619 καὶ
3187 3568 3216 3619 6
3260 3561 3320 3619 εὖ
3370 3567 3466 3637 μὲν
3509 3566 3739 3636 πάσχειν

479 3664 672 3731 plices.
731 3661 904 3715 Aliter
946 3659 1217 3730 denique,
1255 3667 1309 3712 et
1350 3657 1441 3727 qui
1488 3657 1757 3714 beneﬁcio
1800 3658 1949 3713 allici
1991 3659 2042 3713 al

2176 3670 2248 3738 5φ⁹
2282 3667 2484 3738 ἐτέρων
2513 3664 2854 3736 βουλόμενος,
2880 3661 3042 3725 αὐτὸς
3067 3659 3124 3712 δὲ
3155 3659 3356 3731 ὁμοίως
3387 3658 3577 3723 ἄλλους
3607 3651 3739 3713 ἀναὲ

485 3756 609 3809 aliis
641 3754 788 3823 vult},
825 3769 924 3808 nec
964 3754 1080 3824 ipse
1115 3753 1356 3810 vicissim
1396 3751 1532 3808 alios
1562 3752 1726 3807 solari
1760 3751 2048 3816 deliberat,

2175 3758 2357 3813 παύειν
2410 3757 2483 3829 μὴ
2523 3753 2952 3827 προαιρούμενος
2978 3791 2992 3814 ,
3040 3750 3214 3821 μέτρα
3265 3748 3376 3818 ἔχει
3419 3747 3608 3802 δισσά·
3666 3748 3738 3820 μῆ

485 3864 800 3904 mensuram
835 3847 1001 3902 habet
1044 3847 1312 3918 duplicem
1347 3867 1361 3903 :
1392 3864 1495 3906 nec
1541 3855 1814 3922 praecepto
1845 3845 2048 3900 obtem-

2177 3850 2488 3920 πειθόμενος
2513 3851 2587 3920 τῇ
2606 3846 2793 3916 ἐντολῇ
2816 3847 2882 3916 τῇ
2920 3841 3156 3914 λεγούσῃ
3189 3856 3207 3874 ·
3232 3840 3437 3894 Πάντα
3485 3840 3604 3894 ὅσα
3647 3841 3740 3894 θέ-

484 3952 640 4014 perat
676 3940 877 3997 dicenti
911 3959 926 3995 :
956 3940 1292 4011 Quwcunque
1339 3942 1496 3998 vultis
1548 3944 1688 3998 vobis
1727 3942 1844 4012 fieri
1872 3941 1935 3996 ab
1967 3944 2047 3995 Im‘

2178 3947 2300 3996 lete
2338 3942 2439 3996 ἵνα
2464 3937 2716 3993 ποιῶσιν
2743 3935 2892 4006 ὑμῖν
2949 3937 3004 3988 ol
3051 3931 3348 4001 ἄνθρωποι
3371 3971 3386 3998 ,
3434 3933 3530 3986 καὶ
3575 3933 3741 4002 ὐμεῖξ

478 4035 731 4100 minibus,
768 4034 879 4088 lucc
909 4051 998 4089 vos
1029 4036 1274 4090 similiter
1309 4035 1416 4089 illis
1449 4035 1608 4107 facile
1631 4037 1694 4090 ".

1310 4035 1416 4089 illis
1449 4035 1608 4107 facile
1631 4037 1694 4090 υ.
2164 4034 2377 4104 ὁμοίως
2405 4033 2624 4085 ποιεῖτε
2652 4027 2873 4094 αὐτοῖς.

556 4127 601 4158 η
646 4126 1008 4195 Nequaquam.
1040 4137 1126 4182 est
1154 4141 1289 4196 opus
1334 4127 1548 4182 Domini
1595 4127 1743 4183 auris
1787 4126 1926 4182 male
1963 4129 2061 4180 att-‘-

2235 4125 2370 4196 Οὐχὶ
2400 4124 2461 4177 τὸ
2486 4123 2670 4188 κακῶς
2700 4123 2897 4177 ἀκοῦον
2921 4117 3034 4188 οὖς,
3063 4121 3223 4192 ἔργον
3255 4120 3372 4194 ἐστὶ
3396 4115 3489 4171 τοῦ
3513 4115 3739 4188 Κυρίου,

485 4215 640 4272 diens
664 4259 680 4283 ,
712 4220 804 4274 sed
851 4219 942 4273 illa
979 4213 1099 4289 qua:
1128 4220 1304 4274 bonas
1348 4236 1437 4275 res
1480 4221 1770 4276 auscultat.
1801 4221 1934 4277 l‘tem
1966 4239 2048 4278 ne-

2178 4213 2300 4267 ὶλλὰ
2326 4213 2386 4266 τὸ
2421 4213 2513 4266 ἐπὶ
2541 4213 2728 4276 καλοῖς
2752 4212 3019 4284 προσέχον
3043 4227 3058 4243 ⁸
3093 4210 3189 4265 καὶ
3226 4210 3347 4279 οὐχι
3386 4205 3566 4268 κακῶς
3604 4204 3741 4274 όρῶν

487 4326 758 4382 quaquam
804 4311 943 4366 male
985 4313 1175 4366 videns
1219 4312 1452 4376 oculus,
1497 4327 1634 4382 opus
1683 4314 1890 4369 Domini
1939 4325 2050 4379 est;

2180 4303 2473 4375 ὅφθαλμὸς,
2507 4301 2666 4374 ἔργον
2714 4302 2832 4355 ἐστὶ
2858 4302 2953 4354 τοῦ
2987 4301 3224 4371 Κυρίου,
3258 4298 3370 4352 ἀλλ’
3413 4298 3442 4349 ό
3473 4293 3619 4366 όρῶν
3654 4293 3743 4346 καὶ

487 4408 582 4459 sed
643 4405 733 4472 qui
787 4403 934 4458 Videt
990 4411 1045 4457 et
1109 4403 1210 4457 sibi
1264 4414 1622 4474 repraasentat
1673 4419 1761 4459 res
1812 4405 2050 4460 divinas.

2181 4395 2569 4466 ρανταζόμενος
2595 4395 2662 4448 τὰ
2689 4394 2806 4448 θεῖα
2823 4412 2837 4424 ·
2867 4395 2896 4446 ό
2920 4393 3028 4466 γὰρ
3050 4391 3260 4446 ἀκούων
3281 4390 3376 4444 τοῦ
3402 4385 3629 4457 Κυρίου,
3656 4383 3744 4438 καὶ

487 4494 624 4549 Nam
679 4510 802 4565 qua:
856 4495 1006 4549 auris
1057 4495 1342 4549 Dominum
1392 4497 1586 4562 audit,
1638 4505 1693 4551 et
1738 4497 1829 4564 qui
1879 4497 2050 4551 oculus

2180 4489 2380 4556 Ξλέπων
2407 4489 2506 4551 τὰς
2540 4486 2758 4550 ἐντολὰς
2791 4485 2952 4539 αὑτοῦ
2974 4525 2989 4550 ,
3026 4484 3185 4558 ἔργον
3232 4483 3349 4536 ἐστὶ
3379 4479 3471 4534 τοῦ
3503 4477 3743 4570 Κυρίου·

487 4593 697 4651 cpectat
747 4585 1000 4638 mandata
1049 4584 1164 4653 ejus
1202 4621 1217 4646 ,
1269 4585 1382 4638 [uec
1430 4597 1594 4653 opera
1646 4582 1858 4638 Domini
1911 4596 2050 4640 sunt.

2182 4582 2263 4634 καὶ
2303 4581 2395 4634 ἐπὶ
2445 4578 2556 4633 τῶν
2598 4578 2772 4633 ἄλλων
2819 4575 2998 4646 μερῶν
3044 4575 3138 4628 τοῦ
3195 4571 3443 4643 σώματος
3487 4568 3745 4629 ὡσαύτως

475 4675 558 4731 ‘Et
601 4679 666 4730 dc
715 4675 930 4730 caeteris
979 4677 1225 4745 corporis
1269 4675 1518 4746 partibus
1563 4675 1817 4730 similiter
1852 4679 1938 4731 est
1984 4679 2034 4732 di

2185 4673 2388 4727 ιεκτέον
2409 4691 2422 4703 ·
2454 4673 2635 4745 χρήσῃ
2666 4671 2722 4724 δὲ
2755 4670 2834 4741 τῷ
2864 4669 3012 4742 ῥητῷ
3043 4668 3216 4738 τούτῳ
3253 4665 3389 4738 πρὸς
3431 4665 3556 4726 τοὺς
3590 4676 3748 4730 κατη·

477 4768 742 4825 οωᾱυω.
776 4766 890 4823 Hoc
926 4777 1112 4820 autem
1156 4767 1326 4821 uteris
1365 4766 1514 4822 dicto
1554 4767 1814 4822 adversus
1851 4781 1944 4823 eos
1973 4785 2040 4838 qu

2187 4763 2674 4836 repetiit-caenum
2725 4760 2884 4814 τοῦτο
2908 4759 2968 4813 τὸ
3005 4758 3191 4828 σῶμα,
3239 4755 3334 4810 καὶ
3369 4753 3461 4806 τὸν
3489 4751 3624 4806 Θεὸν
3669 4752 3750 4804 ἑνί

478 4862 738 4917 ἰιοειιυιη
793 4861 900 4915 hoc
952 4874 1151 4929 corpus
1204 4859 1563 4926 vituperant,
1610 4867 1666 4913 et
1711 4859 1820 4914 Deo
1867 4862 2041 4915 convi‘

952 4874 1151 4929 corpus
1204 4859 1563 4926 vituperant,
1610 4867 1666 4913 et
1711 4859 1820 4914 Deo
1867 4862 2066 4915 convi-
2167 4853 2509 4925 ὐδρίζοντας.

489 4966 725 5009 cnantur.

564 5045 609 5075 ⁸³
630 5043 684 5098 ld
715 5051 888 5104 cst,ne
919 5041 1008 5095 diu
1036 5038 1294 5106 dormias,
1324 5040 1418 5094 sed
1452 5049 1568 5095 esto
1615 5040 1872 5110 vigilans.
1903 5039 1982 5095 Ne
2010 5041 2062 5096 in

2243 5029 2504 5083 Τουτὲστι
2562 5030 2635 5100 μὴ
2679 5027 2905 5081 κάθευδε
2933 5025 3134 5088 πολλὰ,
3166 5022 3279 5077 ἀλλ’
3308 5022 3588 5092 ἄγρυπνος
3627 5016 3747 5110 ἔσο·

490 5134 766 5190 infernum
794 5131 1125 5203 projiciaris,
1164 5131 1275 5187 noli
1321 5133 1619 5187 obtrectari
1654 5107 1754 5189 :vet
1779 5149 1874 5203 per
1899 5135 2053 5188 virtu-

2188 5125 2260 5177 Ἆρα
2292 5125 2366 5195 μὴ
2392 5121 2628 5194 ὲξαρθῇς
2659 5123 2738 5183 εἰς
2765 5121 2868 5191 τὴν
2899 5120 3120 5188 γέενναν
3139 5156 3152 5180 ,
3204 5115 3278 5186 μὴ
3306 5111 3595 5167 καταλάλει
3615 5127 3630 5139 ·
3660 5107 3751 5209 καὶ

495 5238 575 5282 tes
605 5225 752 5297 a'peri
799 5225 990 5288 oculos
1037 5223 1234 5280 anima:
1279 5234 1403 5279 tute.
1435 5224 1680 5294 Denique
1724 5240 1819 5295 per
1848 5226 2058 5295 sapien~

2188 5215 2262 5268 ῑιὰ
2307 5216 2405 5285 μὲν
2451 5213 2560 5266 τῶν
2607 5209 2850 5282 ἀρετῶν,
2881 5206 3064 5276 ἄνοιγε
3115 5207 3243 5268 τοὺς
3286 5201 3600 5305 ὀφθαλμοὺς
3635 5201 3751 5305 fit;

498 5291 1125 5370 tiam-intellectualibus
1150 5308 1400 5370 saturare
1427 5291 1682 5384 panibus.
1724 5291 1739 5295 “
1911 5291 1926 5295 ’

2191 5307 2351 5377 [auxi];
2382 5323 2477 5359 σου
2498 5322 2511 5335 ·
2544 5304 2630 5358 διὰ
2653 5304 2711 5357 δὲ
2746 5303 2846 5373 τῆς
2897 5301 3119 5371 σοφίας,
3165 5297 3372 5368 νοητῶν
3411 5291 3754 5365 ὲμπλήσθήτι

482 5412 486 5416 ⁷
2174 5402 2377 5473 ἄρτων.

568 5492 618 5528 ιδ
640 5492 946 5548 Alternatio
977 5487 1118 5548 inter
1147 5491 1360 5548 Domini
1389 5503 1445 5547 et
1477 5491 1676 5548 diaboli
1716 5508 1904 5564 opera,
1939 5494 2070 5548 abo-

2215 5468 2324 5544 ⁷Τὸ
2355 5488 2634 5560 σταθμιεῖν
2678 5489 2868 5542 ἑαυτόν
2909 5505 2995 5551 τις
3025 5485 3118 5539 ἐπὶ
3156 5485 3268 5547 τοῖς
3300 5480 3396 5534 τοῦ
3431 5475 3639 5547 Κυρίου
3667 5468 3757 5526 καὶ

566 5610 588 5642 ⁸
622 5627 672 5664 v.
701 5611 791 5667 90.
870 5613 890 5644 ⁶
917 5611 1106 5666 Matth.
1132 5627 1282 5678 xvnt,
1315 5613 1402 5668 17.
1493 5613 1514 5644 ⁷
1547 5627 1600 5665 v.
1625 5612 1715 5666 21.
1804 5612 1826 5644 ⁸
1854 5626 1906 5668 v.
1930 5611 2017 5664 22.

486 5679 545 5714 "‘
569 5697 620 5735 v.
657 5682 743 5735 15.
819 5681 867 5714 ³⁸
890 5698 942 5735 v.
972 5682 1060 5736 εδ.
1110 5721 1114 5726 ρ

2192 5613 2265 5667 ’s.
2300 5627 2451 5676 mu,
2493 5610 2545 5667 7.
2639 5610 2682 5642 ¹⁰
2714 5624 2762 5663 v.
2796 5607 2883 5661 10.
2973 5607 3015 5637 “
3045 5602 3172 5658 Luc.
3213 5599 3400 5665 vt,5‘l.
3511 5595 3554 5625 "
3582 5608 3633 5646 v.
3671 5587 3755 5644 12.

572 5795 683 5862 (l0)
717 5795 1166 5866 Desideraturaé.
1199 5797 1355 5851 Eutr.
1384 5793 1558 5866 Pun.
1914 5862 1926 5866 Α
1969 5859 1982 5866 μ
2044 5853 2048 5858 ,

1969 5859 1982 5866 -
2044 5853 2048 5858 ⁸
2167 5859 2178 5866 .
2476 5855 2530 5866 ιιι
2559 5849 2562 5856 ¹
2696 5853 2710 5866 I
2771 5852 2784 5866 I
2906 5850 2920 5866 I
3009 5850 3033 5866 ιν
3082 5847 3245 5866 ,,!-,___.
3281 5841 3488 5866 ‘-_:-I:-i

571 5844 683 5937 {ll}
720 5844 1740 5936 3161836;Leags'ﬁia‘oiigenem,
1787 5862 1929 5931 quod
1969 5853 2241 5918 immerito
2286 5855 2530 5915 nonnulli
2559 5849 2879 5912 vocabulum
2906 5847 3248 5908 barbaricum
3281 5844 3687 5901 existimarunt.
