3958 6512
267 407 373 463 213

1432 404 1796 463 EXPOSITIO
1832 406 1899 460 IN
1937 403 2351 462 PROVEBBIA.

3406 401 3530 462 2η.

259 520 358 577 τοῦ
378 520 622 575 διαϐόλου
648 484 830 595 ἔργοις
849 564 863 587 ,
908 522 1184 596 βδέλυγμα
1215 526 1407 599 Κυρίῳ
1426 545 1439 559 ο
1489 526 1653 595 ζυγὸν
1682 527 1738 580 δὲ
1762 527 1832 580 δό-

1951 527 2177 581 minatio
2207 525 2457 580 Domino.
2488 523 2739 580 Dolosam
2772 530 3034 578 stateram
3066 521 3196 577 dicit
3240 531 3507 586 mentem,

262 612 376 666 λιον
401 613 549 682 λέγει
579 614 671 667 τὸν
696 613 821 667 νοῦν
839 655 853 679 ,
892 614 984 669 τὸν
1014 617 1293 685 πεφυκότα
1330 619 1428 688 μὲν
1470 618 1691 681 δικαίως
1718 618 1840 689 xpl-

260 725 375 762 νειν
393 707 463 761 τά
492 705 814 778 πράγματα,
842 707 1269 778 παρεκκλίνοντα
1288 709 1346 763 δὲ
1367 711 1433 780 τῇ
1465 708 1561 764 τοῦ
1588 711 1842 778 αὐτεξου-

261 801 380 857 σίου
410 803 551 871 ῥοπῇ
575 800 664 854 διὰ
698 799 887 868 φίλους
919 800 952 871 ἢ
980 802 1257 872 χρήματα.

329 892 424 963 Μὴ
455 891 688 961 ταχέως,
733 892 896 962 φησὶν
920 934 934 956 ,
960 892 1052 945 ἐπὶ
1090 893 1188 964 τὴν
1222 892 1552 962 ἐπαγγελίαν
1586 888 1721 967 πρδς
1746 895 1839 950 τὸν

254 981 393 1035 Θεὸν
414 979 567 1035 κινοῦ
587 1019 603 1046 ,
636 981 726 1034 ἵνα
773 982 848 1053 μὴ
893 981 994 1053 τῆς
1024 984 1213 1054 χρείας
1256 1000 1315 1036 σε
1345 984 1621 1050 πολλάκις,
1670 986 1702 1056 ἢ
1738 986 1838 1058 τῆς

251 1069 352 1123 τοῦ
382 1070 625 1135 πλείονος
650 1070 943 1142 ἐπιθυμίας
964 1072 1209 1145 ἐλοῦσης,
1251 1075 1391 1148 ἄρξῃ
1419 1080 1718 1146 μετανοεῖν,
1746 1079 1838 1133 καὶ⁸

254 1160 491 1234 ὑϐρίσῃς
514 1163 665 1227 Θεὸν,
702 1165 1044 1236 προτιμήσας
1077 1166 1243 1219 αὐτοῦ
1266 1167 1450 1239 ἕτερον
1475 1186 1488 1199 ·
1530 1171 1562 1240 ἡ
1604 1170 1697 1223 ἐπὶ
1724 1173 1837 1235 τοῖς

250 1240 485 1322 ἀγαθοῖς
535 1255 592 1308 δὲ
647 1256 926 1325 μετάνοια,
974 1257 1035 1309 οὒ
1083 1256 1313 1321 δικαίοις
1348 1260 1669 1330 συμϐαίνει,
1701 1261 1835 1317 ἀλλά

252 1344 463 1409 ἀδίκοις
486 1362 502 1376 ο
531 1346 705 1400 ἄδικοι
738 1347 794 1399 δέ
834 1347 997 1418 μηδὲν
1030 1348 1447 1420 ἀπερισκέπτως
1475 1350 1833 1422 ὑπισχνείτω-

250 1453 354 1490 σαν
385 1437 464 1509 τῷ
494 1437 612 1509 Θεῷ
631 1456 645 1470 ’
680 1439 817 1510 μετά
848 1440 957 1511 γὰρ
985 1440 1048 1494 τδ
1081 1440 1358 1508 εῦξασθαι,
1390 1446 1669 1513 μετανοεῖν
1691 1444 1835 1513 γίνε-

245 1526 517 1581 tau—T6
540 1531 674 1599 ταχὺ
703 1530 1064 1598 συντάξασθαι
1088 1532 1166 1603 τῷ
1203 1532 1393 1604 Κυρίῳ
1413 1573 1428 1598 ,
1463 1534 1600 1605 ὅπερ
1627 1536 1744 1589 ἐστὶ
1771 1538 1833 1591 τὸ

243 1618 480 1684 ἁγιάσαι
510 1636 562 1672 τι
592 1620 701 1674 τῶν
731 1622 898 1675 αὑτοῦ
918 1663 932 1687 ,
961 1624 1054 1676 καὶ
1094 1625 1187 1677 ἐπὶ
1226 1624 1402 1696 τοῠτῳ
1440 1624 1631 1679 θᾶττον
1670 1644 1833 1699 μετα-

247 1711 588 1783 μεληθῆναι,
620 1714 786 1781 παγίς
819 1716 934 1768 ἐστι
960 1714 1038 1786 τῷ
1076 1715 1248 1787 ἀνδρί.

318 1805 626 1877 Λικμήτωρ
680 1805 887 1859 ἀσεϐῶν
914 1808 943 1859 6
975 1808 1208 1879 Χριστός
1257 1810 1434 1863 ἐστιν’
1483 1812 1732 1867 ἐπιϐαλεῖ
1772 1815 1830 1867 δὲ

1943 629 2064 686 quae
2106 631 2229 671 cum
2270 624 2463 670 natura
2494 622 2805 683 comparata
2850 613 2923 667 sit
2962 611 3029 667 ad
3076 622 3224 666 recte
3254 612 3320 667 de
3350 613 3510 667 rebus

1934 706 2304 776 iudicandum,
2338 706 2579 761 declinat
2607 713 2789 761 tamen
2824 703 2978 759 liberi
3009 703 3220 757 arbitrii
3247 702 3509 773 pondere.

1940 808 2160 869 propter
2184 796 2497 853 affectiones
2534 805 2629 852 aut
2660 797 2964 865 pecuniam.
3151 865 3159 874 '

2014 891 2060 922 ¹⁸
2098 889 2175 945 Ne
2216 888 2477 952 festines,
2526 888 2741 957 inquit,
2790 887 3106 957 promittere
3138 886 3404 955 Domino;
3440 902 3510 942 ne

1938 984 2083 1039 forte
2121 991 2173 1037 te
2199 997 2297 1037 usu
2329 996 2509 1036 rerum
2543 980 2721 1051 aliquo
2742 1021 2758 1047 ,
2804 992 2863 1037 ut
2893 983 2981 1048 lit,
3010 982 3093 1037 vel
3122 982 3329 1050 majore
3356 982 3509 1050 cupi-

1938 1076 2105 1130 ditate
2136 1075 2403 1137 trahente,
2416 1073 2683 1143 paenitere
2712 1074 2945 1143 incipias
2964 1114 2979 1138 ,
3008 1074 3220 1143 Deoque
3255 1074 3517 1142 iniuriam

1936 1164 2134 1229 facias,
2169 1163 2389 1235 praelato
2422 1163 2548 1219 alio.
2578 1162 2844 1219 Caeterum
2886 1166 3045 1221 bonis
3069 1166 3203 1220 viris
3243 1164 3513 1235 paeniten-

1938 1257 2012 1312 tia
2044 1272 2148 1311 non
2176 1255 2393 1320 accidit,
2423 1255 2516 1310 sed
2548 1256 2729 1326 potius
2759 1271 2863 1311 non
2885 1255 3290 1325 justis.lnjusti
3327 1256 3509 1325 itaque

1933 1356 2159 1403 caveant
2201 1361 2269 1400 ne
2321 1345 2451 1415 quid
2504 1344 2905 1401 inconsiderate
2963 1345 3314 1416 promittant;
3384 1359 3517 1399 nam

1934 1448 2118 1494 votum
2146 1438 2461 1509 poenitentia
2479 1439 2849 1507 subsequitur.
2866 1435 3137 1492 —-Subito
3168 1450 3363 1491 vovere
3375 1436 3509 1502 Deo,

1934 1530 1988 1585 id
2014 1539 2098 1586 est
2127 1530 2175 1586 ei
2200 1530 2400 1599 aliquid
2433 1545 2653 1585 suorum
2685 1542 3038 1595 consecrare,
3069 1537 3126 1583 et
3160 1544 3283 1584 mox
3319 1528 3509 1583 celeri.

1936 1632 2019 1681 ter
2041 1622 2118 1679 rei
2140 1622 2406 1694 pmnitere
2427 1663 2444 1691 ,
2472 1623 2696 1693 laqueus
2729 1622 2846 1677 viro
2870 1621 2949 1678 lit.

2006 1797 2310 1855 Ventilator
2344 1797 2633 1867 impiorum
2664 1795 2919 1853 Christus
2952 1806 3077 1863 est;
3110 1796 3266 1867 isque
3308 1795 3511 1865 impios

239 1892 363 1953 τοῖς
396 1890 651 1943 ἀσεϐέσιν
684 1892 873 1965 ὥσπερ
894 1892 1032 1947 λέων
1066 1895 1236 1967 θῆρας
1256 1914 1270 1929 ο
1303 1900 1497 1970 τροχὸς
1526 1901 1605 1966 δέ,
1632 1902 1832 1968 ἅλωνος

1944 1889 2264 1961 insequitur,
2291 1898 2351 1945 ut
2388 1889 2474 1945 leo
2506 1890 2671 1943 feras.
2698 1888 2838 1943 Rota
2885 1888 2938 1942 in
2970 1905 3096 1946 area
3140 1887 3321 1958 paleas
3347 1902 3377 1941 a
3409 1888 3507 1941 tri-

242 1978 503 2050 χωρίζων
525 1980 598 2034 τά
627 1982 806 2053 ἄχυρα
830 1984 938 2037 ἀπὸ
963 1984 1057 2038 τοῦ
1082 1986 1230 2040 σίτου
1253 2005 1267 2019 ·
1302 1990 1338 2061 ἢ
1372 1990 1565 2061 τροχὸν
1589 1992 1837 2048 ἐπιϐαλεῖ

242 2070 347 2140 τὴν
377 2071 738 2127 ἀναπόδιστον
761 2076 1055 2146 τιμωρίαν.

316 2163 559 2233 Ταμιεῖα
591 2165 798 2228 κοιλίας
827 2167 974 2219 ἐστὶν
1001 2169 1029 2221 6
1052 2167 1197 2235 νοῦς,
1223 2170 1255 2242 ἠ
1283 2174 1498 2244 καρδία,
1516 2176 1611 2229 καὶ
1642 2179 1674 2247 ἡ
1696 2178 1837 2246 γνῶ-

244 2270 355 2318 σις,
387 2254 518 2308 ἔνθα
543 2256 722 2310 πάντα
748 2258 816 2311 τά
847 2258 967 2313 θεῖά
997 2277 1055 2313 τε
1087 2262 1181 2315 καὶ
1221 2264 1394 2336 ἀσεϐῆ
1428 2267 1833 2324 ὲναποτίθενται

237 2344 558 2417 διδάγματα
580 2365 594 2378 ·
625 2346 817 2422 ὥσπερ
856 2351 913 2404 δέ
943 2370 1028 2416 τις
1054 2353 1247 2424 λύχνον
1273 2356 1436 2427 ἅψας,
1484 2359 1593 2414 τῶν
1631 2362 1690 2414 ἐν
1722 2364 1833 2427 τοῖς

241 2438 520 2508 ταμιείοις
553 2441 821 2511 κειμένων
845 2444 1027 2515 εὑρεῖν
1060 2462 1111 2498 τι
1160 2446 1431 2515 βούλεται,
1464 2449 1637 2515 οὕτως
1657 2453 1686 2503 6
1724 2454 1835 2507 Κύ-

243 2548 362 2599 ριος
390 2530 471 2601 τῷ
499 2533 641 2601 φωτὶ
668 2533 770 2603 τῆς
804 2535 1059 2603 γνώσεως
1081 2538 1247 2592 αὑτοῦ
1282 2542 1477 2613 ἐρευνᾷ
1518 2543 1585 2597 τά
1613 2550 1834 2616 ταμιεῖα

238 2624 354 2676 τῶν
383 2626 444 2677 ἐν
479 2624 659 2694 λόγοις
688 2629 781 2681 καὶ
816 2628 1079 2701 πράξεσιν
1117 2631 1448 2703 ἀνθρώπωνο
1477 2639 1590 2700 τοῖς
1633 2638 1691 2692 δέ
1734 2641 1833 2712 τὴν

237 2714 450 2781 γνῶσιν
502 2716 597 2770 τοῦ
664 2717 868 2789 Κυρίου
915 2721 1299 2793 ἐπισταμένοις
1346 2724 1672 2797 ἀνθρώποις.
1719 2730 1833 2799 φῶς

237 2809 392 2863 ἐστιν
420 2812 643 2876 αὐτοῖς·
692 2816 741 2867 εί
788 2810 880 2869 οῦν
910 2815 973 2869 τὸ
1019 2816 1134 2885 φῶς
1160 2818 1254 2871 τοῦ
1291 2818 1516 2890 Κυρίου,
1561 2824 1593 2894 ἡ
1632 2823 1833 2891 γνῶσις

237 2902 336 2956 τοῦ
367 2904 583 2975 Κυρίου
611 2906 748 2971 ἐστὶ,
779 2908 839 2961 τὸ
864 2907 920 2961 δὲ
948 2908 1065 2979 φῶς
1097 2909 1191 2963 τοῦ
1242 2912 1449 2984 Κυρίου
1491 2916 1524 2985 ἡ
1555 2914 1691 2986 πνοὴ
1725 2915 1832 2969 τῶν

236 2994 578 3066 ἀνθρώπων,
614 2996 721 3068 ἄρα
768 3000 801 3069 ή
843 3000 1045 3068 γνῶσις
1077 3000 1171 3055 τοῦ
1202 3004 1409 3075 Κυρίου
1432 3007 1568 3077 πνοὴ
1606 3006 1713 3060 τῶν
1740 3008 1833 3061 ἀν-

236 3086 487 3158 θρώπων
510 3090 663 3142 ἐστί·
717 3091 809 3143 τὸν
837 3091 893 3145 δέ
924 3094 981 3147 ἐν
1010 3093 1202 3166 ἀγνοίᾳ
1230 3096 1473 3150 διάϐολον
1503 3098 1714 3167 φαίνειν
1742 3099 1831 3152 δο-

238 3179 473 3245 κοῦντα,
505 3180 696 3251 λύχνον
742 3183 1025 3254 ὠνόμασεν
1064 3187 1393 3242 ἐκκενοῦντα
1442 3188 1536 3243 τὸν
1572 3190 1696 3243 νοῦν
1723 3190 1831 3244 τῶν
1858 3224 1900 3283 C

236 3270 468 3338 ἀγαθῶν
499 3271 774 3340 γνὼσεων,
806 3276 899 3327 καὶ
929 3276 1533 3349 μετασχηματιζόμενον
1567 3283 1645 3343 είς
1666 3281 1827 3350 ἀγγε-

235 3360 330 3413 λον
362 3362 547 3431 φωτός
566 3380 580 3392 ο
619 3365 743 3417 ἐπεὶ
764 3364 821 3419 δὲ
855 3365 916 3418 τὸ
951 3365 1067 3435 φῶς
1092 3366 1185 3419 τοῦ
1217 3367 1443 3438 Κυρίου,
1474 3369 1571 3439 οὐχ
1614 3370 1826 3423 εἱλαντο

236 3455 449 3521 γνῶναι
500 3456 621 3508 οὐδὲ
656 3455 982 3527 πορεύεσθαι
1016 3459 1073 3510 ἐν
1105 3457 1274 3529 αὐτῷ,
1328 3458 1426 3530 τὴν
1484 3460 1703 3527 ἄγνοιαν
1748 3462 1823 3527 ῶς

238 3544 360 3611 φῶς
390 3546 702 3613 ἐλογίζοντο
728 3549 776 3601 oi
798 3547 1013 3611 ἀσεϐεῖς
1031 3564 1046 3578 ο
1078 3549 1127 3600 εί
1154 3548 1210 3601 δὲ
1236 3549 1336 3620 τὴν
1360 3549 1579 3618 ἄγνοιαν
1607 3552 1683 3615 ὡς
1708 3552 1823 3621 φῶς

237 3631 413 3704 εἶχον,
438 3636 683 3708 δηλονότι
717 3638 811 3692 καὶ
841 3638 910 3692 τά
938 3638 1073 3710 ἔργα
1101 3637 1195 3691 τοῦ
1220 3638 1320 3709 τῆς
1355 3640 1575 3709 ἀγνοίας
1598 3645 1823 3715 ἐφευρε-

194 3798 200 3803 ε
235 3728 335 3781 τοῦ
371 3728 622 3782 διαϐόλου
650 3728 913 3801 ἔπραττον
937 3746 951 3760 ο
992 3732 1041 3783 oi
1078 3730 1135 3783 δέ
1161 3733 1226 3802 τῇ
1260 3732 1450 3802 ἀγνοίᾳ
1482 3734 1645 3787 αὐτοῦ
1685 3752 1823 3806 συμ-

236 3820 629 3892 πορευθέντες,
668 3820 765 3874 σὺν
816 3821 964 3893 αὐτῷ
996 3821 1206 3875 ἔσονται
1240 3823 1319 3885 είς
1347 3822 1548 3888 αἰῶνας
1581 3825 1820 3880 αἰώνων·

232 3912 290 3965 οί
313 3912 377 3967 δὲ
402 3916 470 3984 τῇ
502 3912 701 3981 γνώσει
730 3912 825 3966 τοῦ
848 3914 1075 3985 Κυρίου,
1108 3916 1207 3970 σὺν
1228 3916 1306 3987 τῷ
1331 3916 1539 3988 Κυρίῳ.

1938 1984 2045 2039 tico
2072 1998 2386 2039 secernens.
2420 1983 2518 2040 Vel
2562 1994 2736 2039 rotam
2774 1982 3053 2050 immittet,
3085 1983 3138 2039 id
3168 1992 3253 2037 est
3284 1996 3508 2053 ,prenam

1935 2074 2373 2131 irrevocabilem.

2010 2168 2053 2199 ¹⁶
2082 2166 2301 2222 Ventris
2348 2166 2690 2235 receptacula
2718 2168 2725 2234 ξ
2758 2166 3003 2237 intellige
3054 2174 3290 2222 mentem
3314 2206 3331 2230 ,
3390 2179 3510 2231 cor,

1934 2260 2240 2325 scientiam,
2281 2260 2371 2315 ubi
2403 2275 2595 2316 omnes
2618 2259 2780 2315 simul
2809 2260 3005 2317 divina:
3020 2271 3076 2316 et
3100 2261 3275 2330 impiae.
3305 2260 3511 2316 doctri-

1936 2370 2018 2411 na:
2046 2364 2409 2425 reponuntur.
2440 2354 2519 2409 Ac
2549 2354 2713 2409 veluti
2758 2356 2957 2426 aliquis
3001 2354 3279 2411 lucernam
3316 2369 3513 2409 accen-

1933 2446 2029 2509 dit,
2060 2444 2302 2515 reperire
2330 2444 2533 2513 aliquid
2556 2444 2610 2498 in
2642 2444 3001 2515 receptaculis
3026 2446 3262 2513 positum
3290 2443 3503 2509 volens;

1935 2537 2010 2593 ita
2034 2536 2296 2592 Dominus
2324 2536 2569 2590 scientiae
2595 2551 2707 2589 suae
2731 2535 2932 2591 lumine
2958 2542 3234 2591 scrutatur
3261 2544 3508 2604 recepta-

1933 2627 2052 2683 cula
2102 2628 2463 2683 humanorum
2511 2627 2805 2682 verborum
2852 2634 2909 2682 et
2956 2641 3199 2697 operum.
3252 2627 3507 2680 Attamen

1934 2716 2260 2773 habentibus
2300 2714 2580 2771 scientiam
2616 2714 2830 2771 Domini
2882 2716 3215 2785 hominibus,
3252 2715 3345 2771 lux
3385 2715 3510 2771 inde

1932 2811 2199 2866 oboritur.
2228 2808 2286 2863 Si
2315 2822 2445 2879 ergo
2467 2809 2564 2864 lux
2601 2807 2839 2873 Domini,
2874 2808 3103 2862 scientia
3147 2808 3362 2863 Domini
3400 2816 3514 2874 est,

1932 2901 2025 2955 lux
2076 2912 2257 2956 autem
2299 2900 2513 2955 Domini
2568 2899 2831 2968 aspiratio
2874 2900 3002 2954 vitae
3049 2909 3135 2955 est
3177 2899 3506 2963 hominibus.

1933 2994 2118 3062 utique
2159 2994 2383 3049 scientia
2420 2994 2631 3049 Domini
2672 2992 2933 3062 aspiratio
2982 2992 3163 3046 vitalis
3200 2992 3508 3046 hominibus

1932 3094 2034 3139 est.
2063 3086 2135 3139 At
2168 3100 2297 3141 vero
2329 3088 2625 3155 diabolum,
2649 3089 2742 3157 qui
2784 3088 2835 3142 in
2866 3085 3083 3141 inscitia
3116 3099 3385 3155 apparere
3418 3084 3504 3141 vi-

1934 3176 2116 3241 detur,
2158 3176 2440 3233 lucernam
2469 3178 2762 3249 appellavit
2796 3192 2918 3246 quae
2946 3185 3183 3231 mentem
3219 3175 3377 3230 bonis
3412 3190 3511 3229 no-

1935 3267 2173 3323 tionibus
2202 3278 2455 3337 evacuat,
2491 3285 2593 3325 nec
2631 3285 2739 3325 non
2776 3267 3219 3337 transfiguratum
3260 3268 3313 3322 in
3343 3280 3507 3338 ange-

1932 3360 2043 3415 lum
2064 3360 2222 3417 lucis.
2258 3360 2397 3428 Quia
2431 3378 2561 3417 vero
2587 3363 2762 3419 lucem
2783 3362 2996 3417 Domini
3028 3361 3321 3416 noluerunt
3342 3377 3510 3431 agno-

1934 3466 2111 3519 scere,
2141 3468 2318 3523 neque
2338 3454 2390 3507 in
2423 3468 2487 3509 ea
2518 3454 2820 3521 ambulare,
2864 3454 3136 3511 inscitiam
3167 3453 3304 3508 lucis
3336 3453 3509 3507 instar

1930 3544 2337 3598 aestimaverunt
2385 3544 2559 3615 impii.
2603 3544 2755 3611 Quod
2797 3546 2843 3599 si
2895 3544 3167 3599 inscitiam
3216 3542 3353 3598 lucis
3388 3541 3508 3596 loco

1931 3636 2256 3703 habuerunt,
2287 3638 2474 3708 utique
2496 3647 2551 3693 et
2576 3652 2740 3708 opera
2768 3635 2910 3705 ejus,
2935 3638 3028 3707 qui
3054 3640 3307 3692 inventor
3340 3635 3511 3689 insci-

1930 3728 2018 3783 tia:
2035 3737 2121 3784 est
2151 3730 2379 3795 diaboli,
2406 3730 2696 3785 faciebant.
2727 3728 3015 3799 Reliquum
3041 3744 3172 3800 ergo
3197 3740 3303 3795 est,
3338 3738 3396 3783 ut
3416 3731 3509 3798 qui

1930 3835 2054 3876 cum
2107 3821 2324 3877 inscitia
2364 3822 2511 3879 illius
2551 3824 2655 3879 iter
2697 3824 2963 3891 fecerunt,
3002 3840 3126 3880 cum
3166 3824 3355 3877 eodem
3402 3820 3516 3874 sint

1931 3925 2031 3980 per
2059 3911 2259 3966 saecula
2294 3914 2618 3969 saeculorum
2658 3932 2671 3967 :
2707 3917 2800 3987 qui
2826 3931 2953 3971 vero
2987 3930 3110 3971 cum
3146 3909 3374 3969 scientia
3401 3908 3509 3963 Do-

1934 4003 2088 4065 mini,
2110 4018 2233 4058 cum
2260 4004 2488 4060 Domino
2516 4004 2648 4060 sint.

1713 4092 1870 4150 CAP.
1910 4095 2053 4151 XXI.

324 4180 615 4235 Ἕκϐἀλλει
668 4181 727 4235 τὸ
775 4182 940 4254 ῥητὸν
987 4183 1145 4238 τοῦτο
1187 4186 1285 4257 τὴν
1328 4186 1415 4241 διὰ
1458 4188 1565 4242 τῶν
1618 4189 1827 4257 ἀλόγων

236 4269 401 4335 ζώων
427 4271 620 4324 Θυσίαν
642 4289 654 4300 ·
686 4272 845 4326 θυσία
872 4273 978 4345 γάρ
1004 4274 1080 4345 τῷ
1108 4276 1227 4346 Θεῷ
1260 4277 1477 4348 πνεῦμα
1506 4295 1827 4352 συντετριμο

316 4380 410 4415 νον
417 4403 433 4416 .

316 4380 433 4416 νον.

238 4363 382 4501 μέΕἰ
414 4447 557 4517 ἀγνά
588 4451 683 4503 καὶ
725 4451 860 4521 ὀρθά
902 4453 1039 4524 ἔργα
1078 4456 1301 4527 Κυρίου,
1336 4456 1393 4509 ἐν
1425 4457 1482 4510 δέ
1514 4456 1621 4512 τῶν
1654 4460 1829 4532 ἔργων

239 4541 414 4595 αὐτοῦ
443 4545 675 4597 ἐστικαὶ
704 4545 734 4597 6
764 4545 908 4609 νοῦς,
943 4546 1101 4617 ὀρθὸς
1137 4547 1243 4618 ἀρα
1264 4550 1485 4620 ἐκτίσθη
1535 4553 1628 4605 καὶ
1664 4553 1828 4620 ἀγνὸς

235 4632 403 4705 παρὰ
427 4632 523 4686 τοῦ
552 4632 687 4687 Θεοῦ
709 4637 737 4688 6
761 4634 903 4700 νοῦς,
928 4636 1021 4689 καὶ
1048 4637 1204 4706 όρθὸν
1225 4640 1508 4711 ὀφείλομεν
1534 4641 1826 4711 διαφυλάτ-
1860 4622 1905 4677 D

232 4742 360 4778 τειν
384 4724 550 4778 αὑτὸν
579 4726 716 4797 πρὸς
741 4727 901 4782 αὑτὸν
925 4730 989 4781 ἐκ
1004 4730 1111 4783 τῶν
1127 4732 1509 4802 ἐπερχομένων
1533 4736 1662 4804 ἡμῖν
1679 4735 1830 4804 παρά

235 4816 338 4869 τοῦ
378 4817 623 4888 πονηροῦ
656 4819 865 4875 κακῶν.

311 4909 425 4963 Τὸν
458 4906 609 4964 οἶκον
636 4912 727 4965 τὸν
755 4916 1143 4986 κεκονιαμένον
1180 4917 1274 4971 καὶ
1319 4918 1518 4981 κοινὸν,
1564 4923 1630 4990 τῇ
1675 4920 1835 4972 ὑπαί-

238 5005 366 5076 θρῳ
391 5005 568 5076 γωνίᾳ⁵
610 5005 950 5060 ἀντέθεικεν·
984 5010 1034 5060 εί
1069 5008 1126 5061 δὲ
1150 5011 1179 5061 6
1208 5006 1354 5072 οἶκος
1388 5011 1416 5062 6
1450 5010 1834 5081 κεκονιαμένος

237 5099 343 5152 καὶ
365 5097 567 5163 κοινὸς,
602 5100 636 5169 ή
666 5099 830 5153 κακία
857 5100 1026 5163 ἐστὶν,
1060 5100 1379 5173 ήῦπαιθρος
1398 5102 1569 5171 γωνία
1596 5105 1628 5173 ἡ
1662 5104 1832 5175 ἀρετή

236 5191 394 5249 ἐστιν
468 5191 643 5259 γωνία
670 5191 847 5246 τοίνυν
875 5191 1139 5265 ὖπαιθρός
1165 5195 1333 5255 ἐστιν,
1378 5193 1576 5265 πρᾶξις
1604 5193 1837 5265 θεωρίας

233 5285 624 5355 ἐφαπτομένη,
654 5286 749 5339 καὶ
778 5284 1120 5357 φωτιζομένη
1151 5286 1257 5339 ὑπὸ
1300 5285 1395 5339 τοῦ
1424 5286 1524 5356 τῆς
1565 5286 1839 5339 δικαιοσύ-

233 5392 339 5445 νης
366 5375 555 5445 ἡλίου·
594 5375 775 5440 καλῶς
806 5376 864 5429 δὲ
893 5378 987 5429 καὶ
1009 5380 1038 5430 6
1066 5377 1279 5443 Παῦλος
1302 5378 1394 5433 τὸν
1432 5376 1693 5449 ἀρχιερέα
1725 5377 1836 5432 τῶν

245 5466 544 5532 Ἰουδαίων,
560 5470 737 5538 τοῖχον
761 5462 883 5521 εἷπε
907 5470 1289 5541 κεκονιαμένον
1300 5470 1709 5541 τυφθησόμενον
1724 5469 1838 5542 (12)

230 5557 349 5610 ὑπὸ
376 5558 468 5611 τοῦ
498 5557 637 5611 Θεοῦ
655 5574 670 5588 ο
705 5558 800 5611 καὶ
827 5560 856 5611 6
886 5560 1077 5631 ἃιιτὴρ
1096 5563 1154 5614 ἐν
1188 5561 1539 5629 Εὐαγγελίοις
1573 5564 1696 5624 τοὺς
1729 5564 1838 5616 Φα-

233 5649 509 5716 ρισαίους,
539 5649 748 5717 τάφους
779 5646 900 5703 είπε
946 5654 1398 5723 κεκονιαμένονς⁶
1437 5649 1495 5707 εὖ
1539 5653 1594 5705 δέ
1638 5653 1732 5707 καὶ
1771 5653 1833 5706 τὸ

291 5744 340 5775 ’⁸
361 5760 407 5797 v.
430 5745 523 5800 εει.

305 5835 418 5908 (l2)
454 5839 591 5895 Cod.
630 5838 1125 5911 τυπτηθησὸμονον.

2010 4192 2051 4225 ¹²
2079 4192 2333 4249 Excludit
2362 4193 2579 4248 ell‘atum
2611 4194 2715 4249 hoc
2744 4192 3148 4248 irrationalium
3178 4191 3516 4245 animalium,

1936 4284 2285 4340 sacriﬁcium.
2316 4283 2449 4341 Nam
2466 4286 2796 4341 sacriﬁcium
2820 4285 2933 4341 Deo
2962 4283 3187 4355 spiritus
3216 4282 3508 4339 contritus.

2011 4376 2055 4407 "
2078 4375 2134 4431 Si
2167 4386 2357 4433 sancta
2383 4390 2438 4432 ct
2468 4389 2619 4433 recta
2672 4388 2800 4434 sunt
2841 4394 3005 4450 opera
3056 4377 3303 4441 Domini;
3340 4390 3508 4430 unum

1936 4479 2069 4522 vero
2100 4482 2168 4521 ex
2206 4467 2466 4537 Operibus
2496 4468 2613 4537 ejus
2642 4481 2727 4525 est
2769 4471 2938 4525 etiam
2976 4486 3166 4534 mens;
3195 4482 3328 4539 ergo
3362 4476 3522 4520 recta.

1935 4567 2115 4611 creata
2149 4567 2232 4613 est
2263 4568 2317 4613 et
2346 4570 2538 4614 sancta
2574 4575 2604 4614 a
2638 4560 2749 4615 Deo
2780 4576 2955 4626 mens,
2979 4576 3141 4631 quam
3177 4574 3278 4614 nos
3313 4568 3521 4613 rectam

1932 4664 2260 4705 conservare
2289 4653 2546 4709 debemus
2579 4668 2710 4724 erga
2745 4653 2947 4723 ipsum,
2973 4663 3167 4709 contra
3205 4651 3514 4722 ingruentia

1932 4738 2096 4795 nobis
2121 4756 2150 4794 a
2178 4740 2394 4797 diabolo
2426 4743 2589 4798 mala.

2008 4831 2051 4862 “
2074 4831 2303 4889 Domum
2338 4835 2489 4891 calce
2518 4835 2673 4890 litam
2716 4843 2772 4890 et
2796 4848 3140 4889 communem
3180 4834 3521 4904 comparavit

1935 4924 2136 4993 angulo
2159 4925 2410 4982 subdiali.
2435 4926 2554 4982 Jam
2582 4928 2628 4983 si
2654 4928 2847 4983 domus
2884 4926 3037 4981 calce
3063 4925 3157 4979 lita
3187 4934 3242 4981 et
3269 4939 3520 4979 commu-

1935 5017 2042 5083 nis,
2074 5017 2315 5085 nequitia
2360 5018 2937 5088 intelligitur;utique
2972 5017 3203 5087 angulus
3231 5014 3517 5080 subdialis,

1935 5103 2111 5159 virtus
2140 5114 2245 5159 est.
2276 5105 2521 5175 Angulus
2550 5108 2817 5163 subdialis
2843 5108 3011 5178 igitur
3037 5114 3122 5161 est
3160 5114 3313 5159 actus
3339 5102 3516 5157 medi-

1938 5195 2145 5248 tatione
2189 5209 2472 5259 accensus,
2520 5205 2576 5250 et
2623 5211 2655 5250 a
2713 5197 2828 5251 sole
2874 5195 3102 5266 iustitiae
3152 5192 3511 5247 illuminatus.

1937 5285 2168 5356 Egregie
2210 5301 2342 5343 vero
2375 5289 2539 5342 etiam
2588 5288 2789 5345 Paulus
2832 5285 3143 5358 pontiﬁcem
3202 5282 3515 5338 Judasorum

1940 5379 2201 5448 parietem
2234 5381 2384 5436 calce
2412 5382 2568 5437 litum
2593 5396 2689 5437 seu
2714 5381 3023 5437 dealbatum
3059 5375 3351 5448 appellavit
3372 5376 3441 5441 ³⁸,
3460 5384 3518 5429 et

1941 5485 1972 5523 a
2030 5468 2143 5525 Deo
2191 5473 2628 5542 percutiendum.
2664 5473 2731 5528 Et
2778 5471 3041 5528 Dominus
3100 5470 3153 5524 in
3212 5469 3517 5540 Evangeliis

1942 5559 2247 5619 Phariseos
2297 5564 2439 5619 dixit
2482 5565 2732 5635 sepulcra
2768 5564 3021 5620 dealbata
3042 5558 3515 5617 “°".Beneetiam

1942 5669 2109 5725 super
2132 5655 2335 5728 angulo
2359 5656 2519 5725 dixit,
2557 5657 2647 5711 ubi
2684 5656 2823 5727 lapis
2854 5658 3073 5730 ponitur
3104 5655 3173 5712 ab
3194 5652 3512 5712 adiﬁcanti-

605 5746 651 5779 “
678 5745 830 5800 v.27.
913 5748 955 5779 "
982 5747 1104 5803 v.5.
1172 5750 1215 5782 “
1247 5765 1297 5805 ν.
1329 5749 1382 5806 8.
1437 5750 1477 5783 ι’
1508 5764 1555 5804 v.
1585 5748 1639 5805 9.
1680 5750 1725 5782 "
1751 5749 1871 5805 Act.
1893 5750 2121 5820 “111,5.
2176 5753 2297 5787 ’ω’
2324 5751 2512 5809 Matth.
2538 5767 2692 5821 xxtn,
2716 5753 2808 5809 27.
