  <div class='ocr_page' id='page_1' title='image "/cluster/home/n/w/nwhite01/storage/ocr_20150623/17/hvd.32044051719607/117.png"; bbox 0 0 3926 6514; ppageno 0'>
   <div class='ocr_carea' id='block_1_1' title="bbox 465 409 602 471">
    <p class='ocr_par' dir='ltr' id='par_1_1' title="bbox 465 409 602 471">
     <span class='ocr_line' id='line_1_1' title="bbox 465 409 602 471; baseline -0.051 0"><span class='ocrx_word' id='word_1_1' title='bbox 465 409 602 471; x_wconf 70' lang='grc'><strong>315·</strong></span> 
     </span>
    </p>
   </div>
   <div class='ocr_carea' id='block_1_2' title="bbox 1362 371 2865 456">
    <p class='ocr_par' dir='ltr' id='par_1_2' title="bbox 1362 371 2865 456">
     <span class='ocr_line' id='line_1_2' title="bbox 1362 371 2865 456; baseline -0.017 -2"><span class='ocrx_word' id='word_1_2' title='bbox 1362 387 1929 456; x_wconf 72' lang='lat' dir='ltr'><strong>SUPPLEMENTUM</strong></span> <span class='ocrx_word' id='word_1_3' title='bbox 1967 384 2060 440; x_wconf 78' lang='lat' dir='ltr'><strong>AD</strong></span> <span class='ocrx_word' id='word_1_4' title='bbox 2098 377 2416 438; x_wconf 74' lang='lat' dir='ltr'><strong>ORIGENIS</strong></span> <span class='ocrx_word' id='word_1_5' title='bbox 2455 371 2865 432; x_wconf 71' lang='lat' dir='ltr'><strong>EXEGETICA.</strong></span> 
     </span>
    </p>
   </div>
   <div class='ocr_carea' id='block_1_3' title="bbox 3612 358 3719 412">
    <p class='ocr_par' dir='ltr' id='par_1_3' title="bbox 3612 358 3719 412">
     <span class='ocr_line' id='line_1_3' title="bbox 3612 358 3719 412; baseline -0.009 0"><span class='ocrx_word' id='word_1_6' title='bbox 3612 358 3719 412; x_wconf 75' lang='lat' dir='ltr'><strong>2l6</strong></span> 
     </span>
    </p>
   </div>
   <div class='ocr_carea' id='block_1_4' title="bbox 467 477 2061 600">
    <p class='ocr_par' dir='ltr' id='par_1_4' title="bbox 467 503 2037 600">
     <span class='ocr_line' id='line_1_4' title="bbox 467 503 2037 600; baseline -0.019 -13"><span class='ocrx_word' id='word_1_7' title='bbox 467 530 570 591; x_wconf 69' lang='lat' dir='ltr'><strong>huc</strong></span> <span class='ocrx_word' id='word_1_8' title='bbox 592 527 934 600; x_wconf 76' lang='lat' dir='ltr'><strong>repr&#39;obatus,</strong></span> <span class='ocrx_word' id='word_1_9' title='bbox 960 522 1052 594; x_wconf 87' lang='lat' dir='ltr'><strong>qui</strong></span> <span class='ocrx_word' id='word_1_10' title='bbox 1081 527 1259 575; x_wconf 89' lang='lat' dir='ltr'><strong>tamen</strong></span> <span class='ocrx_word' id='word_1_11' title='bbox 1283 517 1460 572; x_wconf 72' lang='lat' dir='ltr'><strong>tactus</strong></span> <span class='ocrx_word' id='word_1_12' title='bbox 1481 524 1567 570; x_wconf 88' lang='lat' dir='ltr'><strong>est</strong></span> <span class='ocrx_word' id='word_1_13' title='bbox 1586 520 1749 582; x_wconf 83' lang='lat' dir='ltr'><strong>caput</strong></span> <span class='ocrx_word' id='word_1_14' title='bbox 1770 503 2037 578; x_wconf 79' lang='lat' dir='ltr'><strong>anguli“,</strong></span> 
     </span>
    </p>
   </div>
   <div class='ocr_carea' id='block_1_5' title="bbox 2155 477 3713 600">
    <p class='ocr_par' dir='ltr' id='par_1_5' title="bbox 2155 477 3713 600">
     <span class='ocr_line' id='line_1_5' title="bbox 2155 477 3713 568; baseline -0.015 -16"><span class='ocrx_word' id='word_1_15' title='bbox 2155 499 2234 552; x_wconf 63' lang='grc' dir='ltr'><strong>ἐπὶ</strong></span> <span class='ocrx_word' id='word_1_16' title='bbox 2259 496 2460 568; x_wconf 81' lang='grc' dir='ltr'>γωνίας</span> <span class='ocrx_word' id='word_1_17' title='bbox 2491 490 2666 559; x_wconf 74' lang='grc' dir='ltr'>εἶπεν,</span> <span class='ocrx_word' id='word_1_18' title='bbox 2695 488 2824 546; x_wconf 72' lang='grc' dir='ltr'>ἔνθα</span> <span class='ocrx_word' id='word_1_19' title='bbox 2848 489 2878 544; x_wconf 85' lang='lat'><strong>6</strong></span> <span class='ocrx_word' id='word_1_20' title='bbox 2906 485 3050 550; x_wconf 80' lang='grc' dir='ltr'>λίθος</span> <span class='ocrx_word' id='word_1_21' title='bbox 3080 482 3256 538; x_wconf 79' lang='grc' dir='ltr'>κεῖται</span> <span class='ocrx_word' id='word_1_22' title='bbox 3310 480 3340 534; x_wconf 91' lang='lat'><strong>6</strong></span> <span class='ocrx_word' id='word_1_23' title='bbox 3386 477 3713 547; x_wconf 75' lang='grc' dir='ltr'>ἀποδοκιμα-</span> 
     </span>
     <span class='ocr_line' id='line_1_6' title="bbox 2180 567 3713 600; baseline 0 0"><span class='ocrx_word' id='word_1_24' title='bbox 2180 589 2203 600; x_wconf 80' lang='grc'><strong>..</strong></span> <span class='ocrx_word' id='word_1_25' title='bbox 2238 589 2252 600; x_wconf 88' lang='grc'>.</span> <span class='ocrx_word' id='word_1_26' title='bbox 2327 587 2341 600; x_wconf 78' lang='grc' dir='ltr'><strong><em>ο</em></strong></span> <span class='ocrx_word' id='word_1_27' title='bbox 2398 585 2413 600; x_wconf 70' lang='grc' dir='ltr'>ι</span> <span class='ocrx_word' id='word_1_28' title='bbox 2495 583 2520 597; x_wconf 79' lang='grc' dir='ltr'>-ο</span> <span class='ocrx_word' id='word_1_29' title='bbox 2617 585 2645 600; x_wconf 63' lang='lat' dir='ltr'><strong>o,</strong></span> <span class='ocrx_word' id='word_1_30' title='bbox 2681 582 2771 600; x_wconf 65' lang='lat' dir='ltr'><strong>,ou,</strong></span> <span class='ocrx_word' id='word_1_31' title='bbox 2933 577 3021 600; x_wconf 69' lang='grc' dir='ltr'><strong>--.Α</strong></span> <span class='ocrx_word' id='word_1_32' title='bbox 3051 575 3340 600; x_wconf 70' lang='grc' dir='ltr'>-.-..ι......-.</span> <span class='ocrx_word' id='word_1_33' title='bbox 3376 567 3585 600; x_wconf 48' lang='grc' dir='ltr'><strong>αριστι-Ἅι.</strong></span> <span class='ocrx_word' id='word_1_34' title='bbox 3615 585 3713 600; x_wconf 46' lang='lat' dir='ltr'><strong>sn...</strong></span> 
     </span>
    </p>
   </div>
   <div class='ocr_carea' id='block_1_6' title="bbox 466 606 2041 696">
    <p class='ocr_par' dir='ltr' id='par_1_6' title="bbox 466 606 2041 696">
     <span class='ocr_line' id='line_1_7' title="bbox 466 606 2041 696; baseline -0.021 -14"><span class='ocrx_word' id='word_1_35' title='bbox 466 625 560 696; x_wconf 89' lang='lat' dir='ltr'><strong>qui</strong></span> <span class='ocrx_word' id='word_1_36' title='bbox 601 632 684 680; x_wconf 89' lang='lat' dir='ltr'><strong>est</strong></span> <span class='ocrx_word' id='word_1_37' title='bbox 715 620 966 678; x_wconf 77' lang='lat' dir='ltr'><strong>Christus</strong></span> <span class='ocrx_word' id='word_1_38' title='bbox 1001 614 1279 670; x_wconf 86' lang='lat' dir='ltr'><strong>Dominus.</strong></span> <span class='ocrx_word' id='word_1_39' title='bbox 1313 610 1486 668; x_wconf 81' lang='lat' dir='ltr'><strong>Porro</strong></span> <span class='ocrx_word' id='word_1_40' title='bbox 1523 606 1655 663; x_wconf 79' lang='lat' dir='ltr'><strong>iliud</strong></span> <span class='ocrx_word' id='word_1_41' title='bbox 1687 611 1770 661; x_wconf 81' lang='lat' dir='ltr'><strong>est</strong></span> <span class='ocrx_word' id='word_1_42' title='bbox 1798 611 2041 658; x_wconf 76' lang='lat' dir='ltr'><strong>continu-</strong></span> 
     </span>
    </p>
   </div>
   <div class='ocr_carea' id='block_1_7' title="bbox 468 707 1289 785">
    <p class='ocr_par' dir='ltr' id='par_1_7' title="bbox 468 707 1289 785">
     <span class='ocr_line' id='line_1_8' title="bbox 468 707 1289 785; baseline -0.017 -13"><span class='ocrx_word' id='word_1_43' title='bbox 468 730 558 780; x_wconf 86' lang='lat' dir='ltr'><strong>ne,</strong></span> <span class='ocrx_word' id='word_1_44' title='bbox 587 713 732 785; x_wconf 88' lang='lat' dir='ltr'><strong>quod</strong></span> <span class='ocrx_word' id='word_1_45' title='bbox 756 711 913 767; x_wconf 82' lang='lat' dir='ltr'><strong>unice</strong></span> <span class='ocrx_word' id='word_1_46' title='bbox 937 707 1029 764; x_wconf 89' lang='lat' dir='ltr'><strong>Dei</strong></span> <span class='ocrx_word' id='word_1_47' title='bbox 1057 719 1161 761; x_wconf 89' lang='lat' dir='ltr'><strong>non</strong></span> <span class='ocrx_word' id='word_1_48' title='bbox 1186 712 1289 760; x_wconf 84' lang='lat' dir='ltr'><strong>est.</strong></span> 
     </span>
    </p>
   </div>
   <div class='ocr_carea' id='block_1_8' title="bbox 538 872 2041 948">
    <p class='ocr_par' dir='ltr' id='par_1_8' title="bbox 538 872 2041 948">
     <span class='ocr_line' id='line_1_9' title="bbox 538 872 2041 948; baseline -0.019 -2"><span class='ocrx_word' id='word_1_49' title='bbox 538 891 588 926; x_wconf 73' lang='grc'><strong>’⁸</strong></span> <span class='ocrx_word' id='word_1_50' title='bbox 615 889 809 947; x_wconf 81' lang='lat' dir='ltr'><strong>Munus</strong></span> <span class='ocrx_word' id='word_1_51' title='bbox 852 885 1124 944; x_wconf 83' lang='lat' dir='ltr'><strong>occultum</strong></span> <span class='ocrx_word' id='word_1_52' title='bbox 1175 883 1304 939; x_wconf 90' lang='lat' dir='ltr'><strong>illud</strong></span> <span class='ocrx_word' id='word_1_53' title='bbox 1358 889 1443 936; x_wconf 88' lang='lat' dir='ltr'><strong>est</strong></span> <span class='ocrx_word' id='word_1_54' title='bbox 1477 876 1622 948; x_wconf 89' lang='lat' dir='ltr'><strong>quod</strong></span> <span class='ocrx_word' id='word_1_55' title='bbox 1661 873 1754 928; x_wconf 88' lang='lat' dir='ltr'><strong>dat</strong></span> <span class='ocrx_word' id='word_1_56' title='bbox 1795 872 2041 931; x_wconf 81' lang='lat' dir='ltr'><strong>dextera,</strong></span> 
     </span>
    </p>
   </div>
   <div class='ocr_carea' id='block_1_9' title="bbox 467 959 2049 1050">
    <p class='ocr_par' dir='ltr' id='par_1_9' title="bbox 467 959 2049 1050">
     <span class='ocr_line' id='line_1_10' title="bbox 467 959 2049 1050; baseline -0.02 -9"><span class='ocrx_word' id='word_1_57' title='bbox 467 991 523 1042; x_wconf 89' lang='lat' dir='ltr'><strong>et</strong></span> <span class='ocrx_word' id='word_1_58' title='bbox 549 999 578 1038; x_wconf 92' lang='lat' dir='ltr'><strong>a</strong></span> <span class='ocrx_word' id='word_1_59' title='bbox 614 984 839 1038; x_wconf 85' lang='lat' dir='ltr'><strong>sinistra</strong></span> <span class='ocrx_word' id='word_1_60' title='bbox 887 981 1197 1050; x_wconf 74' lang='lat' dir='ltr'><strong>ignoratur.</strong></span> <span class='ocrx_word' id='word_1_61' title='bbox 1228 976 1491 1032; x_wconf 85' lang='lat' dir='ltr'><strong>Furorem</strong></span> <span class='ocrx_word' id='word_1_62' title='bbox 1531 977 1724 1026; x_wconf 84' lang='lat' dir='ltr'><strong>contra</strong></span> <span class='ocrx_word' id='word_1_63' title='bbox 1768 977 1828 1020; x_wconf 91' lang='lat' dir='ltr'><strong>se</strong></span> <span class='ocrx_word' id='word_1_64' title='bbox 1881 959 2049 1014; x_wconf 88' lang='lat' dir='ltr'><strong>vehe-</strong></span> 
     </span>
    </p>
   </div>
   <div class='ocr_carea' id='block_1_10' title="bbox 469 1049 2046 1140">
    <p class='ocr_par' dir='ltr' id='par_1_10' title="bbox 469 1049 2046 1140">
     <span class='ocr_line' id='line_1_11' title="bbox 469 1049 2046 1140; baseline -0.02 -6"><span class='ocrx_word' id='word_1_65' title='bbox 469 1087 704 1134; x_wconf 91' lang='lat' dir='ltr'><strong>mentem</strong></span> <span class='ocrx_word' id='word_1_66' title='bbox 728 1075 782 1130; x_wconf 91' lang='lat' dir='ltr'><strong>in</strong></span> <span class='ocrx_word' id='word_1_67' title='bbox 819 1049 1122 1140; x_wconf 74' lang='lat' dir='ltr'><strong>diejudicii</strong></span> <span class='ocrx_word' id='word_1_68' title='bbox 1154 1069 1415 1136; x_wconf 77' lang='lat' dir='ltr'><strong>concitat,</strong></span> <span class='ocrx_word' id='word_1_69' title='bbox 1445 1065 1538 1138; x_wconf 86' lang='lat' dir='ltr'><strong>qui</strong></span> <span class='ocrx_word' id='word_1_70' title='bbox 1567 1062 1809 1120; x_wconf 87' lang='lat' dir='ltr'><strong>tribuere</strong></span> <span class='ocrx_word' id='word_1_71' title='bbox 1827 1049 2046 1125; x_wconf 86' lang='lat' dir='ltr'><strong>egenti-</strong></span> 
     </span>
    </p>
   </div>
   <div class='ocr_carea' id='block_1_11' title="bbox 467 1163 1046 1236">
    <p class='ocr_par' dir='ltr' id='par_1_11' title="bbox 467 1163 1046 1236">
     <span class='ocr_line' id='line_1_12' title="bbox 467 1163 1046 1236; baseline -0.017 -7"><span class='ocrx_word' id='word_1_72' title='bbox 467 1173 568 1229; x_wconf 84' lang='lat' dir='ltr'><strong>bus</strong></span> <span class='ocrx_word' id='word_1_73' title='bbox 591 1183 816 1224; x_wconf 88' lang='lat' dir='ltr'><strong>munera</strong></span> <span class='ocrx_word' id='word_1_74' title='bbox 847 1163 1046 1236; x_wconf 83' lang='lat' dir='ltr'><strong>parcit.</strong></span> 
     </span>
    </p>
   </div>
   <div class='ocr_carea' id='block_1_12' title="bbox 538 1236 2038 1333">
    <p class='ocr_par' dir='ltr' id='par_1_12' title="bbox 538 1236 2038 1333">
     <span class='ocr_line' id='line_1_13' title="bbox 538 1236 2038 1333; baseline -0.02 -14"><span class='ocrx_word' id='word_1_75' title='bbox 538 1255 587 1298; x_wconf 76' lang='lat'>&quot;</span> <span class='ocrx_word' id='word_1_76' title='bbox 608 1260 975 1333; x_wconf 85' lang='lat' dir='ltr'><strong>Congregatio</strong></span> <span class='ocrx_word' id='word_1_77' title='bbox 1006 1255 1286 1328; x_wconf 81' lang='lat' dir='ltr'><strong>gigantum</strong></span> <span class='ocrx_word' id='word_1_78' title='bbox 1315 1255 1402 1304; x_wconf 90' lang='lat' dir='ltr'><strong>est</strong></span> <span class='ocrx_word' id='word_1_79' title='bbox 1432 1242 1677 1316; x_wconf 82' lang='lat' dir='ltr'><strong>nequitia</strong></span> <span class='ocrx_word' id='word_1_80' title='bbox 1704 1251 1760 1298; x_wconf 91' lang='lat' dir='ltr'><strong>et</strong></span> <span class='ocrx_word' id='word_1_81' title='bbox 1796 1236 2038 1294; x_wconf 83' lang='lat' dir='ltr'><strong>inscitia.</strong></span> 
     </span>
    </p>
   </div>
   <div class='ocr_carea' id='block_1_13' title="bbox 466 1331 2043 1423">
    <p class='ocr_par' dir='ltr' id='par_1_13' title="bbox 466 1331 2043 1423">
     <span class='ocr_line' id='line_1_14' title="bbox 466 1331 2043 1423; baseline -0.016 -14"><span class='ocrx_word' id='word_1_82' title='bbox 466 1331 894 1423; x_wconf 34' lang='lat' dir='ltr'><strong>Gigantes&#39;vero</strong></span> <span class='ocrx_word' id='word_1_83' title='bbox 914 1347 1042 1404; x_wconf 85' lang='lat' dir='ltr'><strong>sunt</strong></span> <span class='ocrx_word' id='word_1_84' title='bbox 1066 1347 1359 1401; x_wconf 81' lang='lat' dir='ltr'><strong>daemones.</strong></span> <span class='ocrx_word' id='word_1_85' title='bbox 1385 1337 1443 1392; x_wconf 90' lang='lat' dir='ltr'><strong>ld</strong></span> <span class='ocrx_word' id='word_1_86' title='bbox 1475 1331 1800 1402; x_wconf 84' lang='lat' dir='ltr'><strong>est,magnis</strong></span> <span class='ocrx_word' id='word_1_87' title='bbox 1827 1331 1882 1386; x_wconf 91' lang='lat' dir='ltr'><strong>in</strong></span> <span class='ocrx_word' id='word_1_88' title='bbox 1915 1343 2043 1398; x_wconf 83' lang='lat' dir='ltr'><strong>pec—</strong></span> 
     </span>
    </p>
   </div>
   <div class='ocr_carea' id='block_1_14' title="bbox 467 1427 1716 1510">
    <p class='ocr_par' dir='ltr' id='par_1_14' title="bbox 467 1427 1716 1510">
     <span class='ocr_line' id='line_1_15' title="bbox 467 1427 1716 1510; baseline -0.017 -12"><span class='ocrx_word' id='word_1_89' title='bbox 467 1441 605 1498; x_wconf 81' lang='lat' dir='ltr'><strong>catis</strong></span> <span class='ocrx_word' id='word_1_90' title='bbox 631 1437 856 1510; x_wconf 89' lang='lat' dir='ltr'><strong>jacebit,</strong></span> <span class='ocrx_word' id='word_1_91' title='bbox 881 1436 974 1507; x_wconf 92' lang='lat' dir='ltr'><strong>qui</strong></span> <span class='ocrx_word' id='word_1_92' title='bbox 999 1435 1066 1490; x_wconf 89' lang='lat' dir='ltr'><strong>de</strong></span> <span class='ocrx_word' id='word_1_93' title='bbox 1091 1433 1176 1486; x_wconf 89' lang='lat' dir='ltr'><strong>via</strong></span> <span class='ocrx_word' id='word_1_94' title='bbox 1208 1428 1433 1499; x_wconf 76' lang='lat' dir='ltr'><strong>iustitiae</strong></span> <span class='ocrx_word' id='word_1_95' title='bbox 1471 1427 1716 1481; x_wconf 89' lang='lat' dir='ltr'><strong>aberrat.</strong></span> 
     </span>
    </p>
   </div>
   <div class='ocr_carea' id='block_1_15' title="bbox 535 1598 2038 1682">
    <p class='ocr_par' dir='ltr' id='par_1_15' title="bbox 535 1598 2038 1682">
     <span class='ocr_line' id='line_1_16' title="bbox 535 1598 2038 1682; baseline -0.013 -12"><span class='ocrx_word' id='word_1_96' title='bbox 535 1615 583 1648; x_wconf 78' lang='lat'><strong>&quot;</strong></span> <span class='ocrx_word' id='word_1_97' title='bbox 609 1614 741 1669; x_wconf 84' lang='lat' dir='ltr'><strong>Sine</strong></span> <span class='ocrx_word' id='word_1_98' title='bbox 764 1611 992 1682; x_wconf 80' lang='lat' dir='ltr'><strong>conjuge</strong></span> <span class='ocrx_word' id='word_1_99' title='bbox 1012 1614 1578 1676; x_wconf 70' lang='lat' dir='ltr'><strong>praestatesse,quam</strong></span> <span class='ocrx_word' id='word_1_100' title='bbox 1606 1598 1702 1655; x_wconf 90' lang='lat' dir='ltr'><strong>tali</strong></span> <span class='ocrx_word' id='word_1_101' title='bbox 1729 1598 2038 1654; x_wconf 80' lang='lat' dir='ltr'><strong>convivere.</strong></span> 
     </span>
    </p>
   </div>
   <div class='ocr_carea' id='block_1_16' title="bbox 469 1691 2041 1776">
    <p class='ocr_par' dir='ltr' id='par_1_16' title="bbox 469 1691 2041 1776">
     <span class='ocr_line' id='line_1_17' title="bbox 469 1691 2041 1776; baseline -0.014 -14"><span class='ocrx_word' id='word_1_102' title='bbox 469 1705 635 1762; x_wconf 80' lang='lat' dir='ltr'><strong>David</strong></span> <span class='ocrx_word' id='word_1_103' title='bbox 650 1717 865 1776; x_wconf 86' lang='lat' dir='ltr'><strong>quoque</strong></span> <span class='ocrx_word' id='word_1_104' title='bbox 886 1701 997 1757; x_wconf 84' lang='lat' dir='ltr'><strong>ait:</strong></span> <span class='ocrx_word' id='word_1_105' title='bbox 1015 1697 1082 1754; x_wconf 82' lang='lat' dir='ltr'><strong>In</strong></span> <span class='ocrx_word' id='word_1_106' title='bbox 1102 1708 1243 1753; x_wconf 78' lang='lat' dir='ltr'><strong>terra</strong></span> <span class='ocrx_word' id='word_1_107' title='bbox 1264 1697 1469 1751; x_wconf 75' lang='lat' dir='ltr'><strong>deserta</strong></span> <span class='ocrx_word' id='word_1_108' title='bbox 1479 1704 1524 1747; x_wconf 85' lang='lat' dir='ltr'><strong>et</strong></span> <span class='ocrx_word' id='word_1_109' title='bbox 1538 1693 1678 1748; x_wconf 77' lang='lat' dir='ltr'><strong>inuia</strong></span> <span class='ocrx_word' id='word_1_110' title='bbox 1699 1700 1748 1745; x_wconf 83' lang='lat' dir='ltr'><strong>et</strong></span> <span class='ocrx_word' id='word_1_111' title='bbox 1764 1691 2041 1758; x_wconf 72' lang='lat' dir='ltr'><strong>inaquosa,</strong></span> 
     </span>
    </p>
   </div>
   <div class='ocr_carea' id='block_1_17' title="bbox 465 1783 2040 1862">
    <p class='ocr_par' dir='ltr' id='par_1_17' title="bbox 465 1783 2040 1862">
     <span class='ocr_line' id='line_1_18' title="bbox 465 1783 2040 1862; baseline -0.013 -9"><span class='ocrx_word' id='word_1_112' title='bbox 465 1799 545 1854; x_wconf 77' lang='lat' dir='ltr'><strong>sic</strong></span> <span class='ocrx_word' id='word_1_113' title='bbox 577 1797 634 1852; x_wconf 82' lang='lat' dir='ltr'><strong>in</strong></span> <span class='ocrx_word' id='word_1_114' title='bbox 680 1803 862 1851; x_wconf 78' lang='lat' dir='ltr'><strong>sancto</strong></span> <span class='ocrx_word' id='word_1_115' title='bbox 899 1792 1121 1862; x_wconf 84' lang='lat' dir='ltr'><strong>apparui</strong></span> <span class='ocrx_word' id='word_1_116' title='bbox 1153 1788 1248 1844; x_wconf 82' lang='lat' dir='ltr'><strong>tibi</strong></span> <span class='ocrx_word' id='word_1_117' title='bbox 1268 1785 1336 1844; x_wconf 72' lang='grc' dir='ltr'>π.</span> <span class='ocrx_word' id='word_1_118' title='bbox 1373 1786 1595 1840; x_wconf 87' lang='lat' dir='ltr'><strong>Deserta</strong></span> <span class='ocrx_word' id='word_1_119' title='bbox 1651 1783 1818 1852; x_wconf 88' lang='lat' dir='ltr'><strong>igitur</strong></span> <span class='ocrx_word' id='word_1_120' title='bbox 1867 1791 2040 1844; x_wconf 86' lang='lat' dir='ltr'><strong>terra,</strong></span> 
     </span>
    </p>
   </div>
   <div class='ocr_carea' id='block_1_18' title="bbox 2145 567 3723 652">
    <p class='ocr_par' dir='ltr' id='par_1_18' title="bbox 2145 567 3723 652">
     <span class='ocr_line' id='line_1_19' title="bbox 2145 567 3723 652; baseline -0.015 -10"><span class='ocrx_word' id='word_1_121' title='bbox 2145 589 2292 652; x_wconf 76' lang='grc' dir='ltr'>σθεὶς</span> <span class='ocrx_word' id='word_1_122' title='bbox 2320 585 2424 641; x_wconf 80' lang='grc' dir='ltr'><strong>ὑπὸ</strong></span> <span class='ocrx_word' id='word_1_123' title='bbox 2454 583 2561 639; x_wconf 87' lang='grc' dir='ltr'><strong>τῶν</strong></span> <span class='ocrx_word' id='word_1_124' title='bbox 2583 582 2899 652; x_wconf 79' lang='grc' dir='ltr'>οἰκοδόμων,</span> <span class='ocrx_word' id='word_1_125' title='bbox 2933 577 3027 631; x_wconf 78' lang='grc' dir='ltr'><strong>καὶ</strong></span> <span class='ocrx_word' id='word_1_126' title='bbox 3051 575 3340 645; x_wconf 85' lang='grc' dir='ltr'>γενόμενος</span> <span class='ocrx_word' id='word_1_127' title='bbox 3376 567 3723 638; x_wconf 55' lang='grc' dir='ltr'>κεφαλὴχω-</span> 
     </span>
    </p>
   </div>
   <div class='ocr_carea' id='block_1_19' title="bbox 2143 658 3723 748">
    <p class='ocr_par' dir='ltr' id='par_1_19' title="bbox 2143 658 3723 748">
     <span class='ocr_line' id='line_1_20' title="bbox 2143 658 3723 748; baseline -0.015 -15"><span class='ocrx_word' id='word_1_128' title='bbox 2143 681 2285 744; x_wconf 86' lang='grc' dir='ltr'>νίας,</span> <span class='ocrx_word' id='word_1_129' title='bbox 2318 680 2377 745; x_wconf 83' lang='grc' dir='ltr'>ὃς</span> <span class='ocrx_word' id='word_1_130' title='bbox 2409 680 2526 731; x_wconf 83' lang='grc' dir='ltr'>ἐστι</span> <span class='ocrx_word' id='word_1_131' title='bbox 2558 673 2792 748; x_wconf 85' lang='grc' dir='ltr'>Χριστός</span> <span class='ocrx_word' id='word_1_132' title='bbox 2811 688 2824 702; x_wconf 91' lang='grc'><strong>·</strong></span> <span class='ocrx_word' id='word_1_133' title='bbox 2860 669 3035 724; x_wconf 82' lang='grc' dir='ltr'>κοινὸν</span> <span class='ocrx_word' id='word_1_134' title='bbox 3052 665 3112 720; x_wconf 75' lang='grc' dir='ltr'>δέ.</span> <span class='ocrx_word' id='word_1_135' title='bbox 3131 667 3298 729; x_wconf 89' lang='grc' dir='ltr'>ἐστιν,</span> <span class='ocrx_word' id='word_1_136' title='bbox 3332 661 3360 715; x_wconf 85' lang='grc' dir='ltr'><strong>ὃ</strong></span> <span class='ocrx_word' id='word_1_137' title='bbox 3387 660 3463 733; x_wconf 83' lang='grc' dir='ltr'>μὴ</span> <span class='ocrx_word' id='word_1_138' title='bbox 3481 658 3575 713; x_wconf 87' lang='grc' dir='ltr'><strong>τοῦ</strong></span> <span class='ocrx_word' id='word_1_139' title='bbox 3604 658 3723 721; x_wconf 83' lang='grc' dir='ltr'>ἐνὸς</span> 
     </span>
    </p>
   </div>
   <div class='ocr_carea' id='block_1_20' title="bbox 2143 767 2447 823">
    <p class='ocr_par' dir='ltr' id='par_1_20' title="bbox 2143 767 2447 823">
     <span class='ocr_line' id='line_1_21' title="bbox 2143 767 2447 823; baseline -0.013 0"><span class='ocrx_word' id='word_1_140' title='bbox 2143 773 2258 823; x_wconf 81' lang='grc' dir='ltr'>ἐστι</span> <span class='ocrx_word' id='word_1_141' title='bbox 2292 767 2447 822; x_wconf 97' lang='grc' dir='ltr'>Θεοῦ.</span> 
     </span>
    </p>
   </div>
   <div class='ocr_carea' id='block_1_21' title="bbox 2211 838 3723 929">
    <p class='ocr_par' dir='ltr' id='par_1_21' title="bbox 2211 838 3723 929">
     <span class='ocr_line' id='line_1_22' title="bbox 2211 838 3723 929; baseline -0.016 -15"><span class='ocrx_word' id='word_1_142' title='bbox 2211 860 2372 923; x_wconf 90' lang='grc' dir='ltr'>Δόσις</span> <span class='ocrx_word' id='word_1_143' title='bbox 2395 856 2616 929; x_wconf 88' lang='grc' dir='ltr'>λάθριός</span> <span class='ocrx_word' id='word_1_144' title='bbox 2646 858 2815 918; x_wconf 88' lang='grc' dir='ltr'>ἐστιν,</span> <span class='ocrx_word' id='word_1_145' title='bbox 2849 853 2878 907; x_wconf 87' lang='lat'><strong>6</strong></span> <span class='ocrx_word' id='word_1_146' title='bbox 2917 851 3062 906; x_wconf 88' lang='grc' dir='ltr'>ποιεῖ</span> <span class='ocrx_word' id='word_1_147' title='bbox 3090 850 3125 920; x_wconf 74' lang='grc' dir='ltr'>ἡ</span> <span class='ocrx_word' id='word_1_148' title='bbox 3160 842 3332 911; x_wconf 79' lang='grc' dir='ltr'>δεξιὰ,</span> <span class='ocrx_word' id='word_1_149' title='bbox 3366 841 3440 914; x_wconf 78' lang='grc' dir='ltr'><strong>μὴ</strong></span> <span class='ocrx_word' id='word_1_150' title='bbox 3465 838 3723 929; x_wconf 79' lang='grc' dir='ltr'>γινῶσκει</span> 
     </span>
    </p>
   </div>
   <div class='ocr_carea' id='block_1_22' title="bbox 2142 928 3725 1023">
    <p class='ocr_par' dir='ltr' id='par_1_22' title="bbox 2142 928 3725 1023">
     <span class='ocr_line' id='line_1_23' title="bbox 2142 928 3725 1023; baseline -0.017 -17"><span class='ocrx_word' id='word_1_151' title='bbox 2142 952 2256 1023; x_wconf 80' lang='grc' dir='ltr'><strong>δὲή</strong></span> <span class='ocrx_word' id='word_1_152' title='bbox 2287 928 2588 1021; x_wconf 85' lang='grc' dir='ltr'>ἀριστερά·</span> <span class='ocrx_word' id='word_1_153' title='bbox 2623 944 2794 1017; x_wconf 84' lang='grc' dir='ltr'>θυμὸν</span> <span class='ocrx_word' id='word_1_154' title='bbox 2827 941 3032 1012; x_wconf 85' lang='grc' dir='ltr'>ἐγείρει</span> <span class='ocrx_word' id='word_1_155' title='bbox 3061 937 3182 992; x_wconf 86' lang='grc' dir='ltr'>κατ’</span> <span class='ocrx_word' id='word_1_156' title='bbox 3224 933 3388 988; x_wconf 77' lang='grc' dir='ltr'>αὐτοῦ</span> <span class='ocrx_word' id='word_1_157' title='bbox 3418 928 3638 1001; x_wconf 78' lang='grc' dir='ltr'>ἰσχυρὸν</span> <span class='ocrx_word' id='word_1_158' title='bbox 3665 929 3725 980; x_wconf 84' lang='grc' dir='ltr'><strong>ἐν</strong></span> 
     </span>
    </p>
   </div>
   <div class='ocr_carea' id='block_1_23' title="bbox 2140 1018 3726 1116">
    <p class='ocr_par' dir='ltr' id='par_1_23' title="bbox 2140 1018 3726 1116">
     <span class='ocr_line' id='line_1_24' title="bbox 2140 1018 3726 1116; baseline -0.015 -19"><span class='ocrx_word' id='word_1_159' title='bbox 2140 1047 2208 1116; x_wconf 77' lang='grc' dir='ltr'>τῇ</span> <span class='ocrx_word' id='word_1_160' title='bbox 2244 1018 2429 1114; x_wconf 63' lang='grc' dir='ltr'>ἦμέρᾳ</span> <span class='ocrx_word' id='word_1_161' title='bbox 2449 1018 2546 1108; x_wconf 69' lang='grc' dir='ltr'><strong>τῆς</strong></span> <span class='ocrx_word' id='word_1_162' title='bbox 2576 1036 2833 1110; x_wconf 87' lang='grc' dir='ltr'>κρίσεως,</span> <span class='ocrx_word' id='word_1_163' title='bbox 2860 1037 2888 1089; x_wconf 97' lang='lat'><strong>6</strong></span> <span class='ocrx_word' id='word_1_164' title='bbox 2913 1033 3020 1086; x_wconf 91' lang='grc' dir='ltr'><strong>τῶν</strong></span> <span class='ocrx_word' id='word_1_165' title='bbox 3052 1029 3189 1101; x_wconf 82' lang='grc' dir='ltr'>πρὸς</span> <span class='ocrx_word' id='word_1_166' title='bbox 3227 1026 3354 1090; x_wconf 80' lang='grc' dir='ltr'>τοὺς</span> <span class='ocrx_word' id='word_1_167' title='bbox 3392 1022 3591 1086; x_wconf 81' lang='grc' dir='ltr'><strong>ἐνδεεῖς</strong></span> <span class='ocrx_word' id='word_1_168' title='bbox 3620 1018 3726 1074; x_wconf 83' lang='grc' dir='ltr'><strong>δὼ-</strong></span> 
     </span>
    </p>
   </div>
   <div class='ocr_carea' id='block_1_24' title="bbox 2146 1131 2628 1208">
    <p class='ocr_par' dir='ltr' id='par_1_24' title="bbox 2146 1131 2628 1208">
     <span class='ocr_line' id='line_1_25' title="bbox 2146 1131 2628 1208; baseline -0.015 -18"><span class='ocrx_word' id='word_1_169' title='bbox 2146 1153 2256 1208; x_wconf 86' lang='grc' dir='ltr'><strong>ρων</strong></span> <span class='ocrx_word' id='word_1_170' title='bbox 2289 1131 2628 1204; x_wconf 82' lang='grc' dir='ltr'>φειδόμενος.</span> 
     </span>
    </p>
   </div>
   <div class='ocr_carea' id='block_1_25' title="bbox 2225 1189 3724 1292">
    <p class='ocr_par' dir='ltr' id='par_1_25' title="bbox 2225 1189 3724 1292">
     <span class='ocr_line' id='line_1_26' title="bbox 2225 1189 3724 1292; baseline -0.017 -11"><span class='ocrx_word' id='word_1_171' title='bbox 2225 1189 2613 1292; x_wconf 38' lang='grc' dir='ltr'>Ἦισυναγωγῆ</span> <span class='ocrx_word' id='word_1_172' title='bbox 2640 1219 2750 1274; x_wconf 89' lang='grc' dir='ltr'><strong>τῶν</strong></span> <span class='ocrx_word' id='word_1_173' title='bbox 2773 1199 3063 1287; x_wconf 75' lang='grc' dir='ltr'>γιγάντων,</span> <span class='ocrx_word' id='word_1_174' title='bbox 3096 1215 3130 1285; x_wconf 81' lang='grc' dir='ltr'>ὴ</span> <span class='ocrx_word' id='word_1_175' title='bbox 3162 1210 3329 1266; x_wconf 84' lang='grc' dir='ltr'>κακία</span> <span class='ocrx_word' id='word_1_176' title='bbox 3352 1189 3448 1262; x_wconf 64' lang='grc' dir='ltr'>καῖ</span> <span class='ocrx_word' id='word_1_177' title='bbox 3470 1208 3504 1277; x_wconf 79' lang='grc' dir='ltr'><strong>ἡ</strong></span> <span class='ocrx_word' id='word_1_178' title='bbox 3541 1205 3724 1273; x_wconf 84' lang='grc' dir='ltr'>ἀγνω-</span> 
     </span>
    </p>
   </div>
   <div class='ocr_carea' id='block_1_26' title="bbox 2144 1297 3724 1384">
    <p class='ocr_par' dir='ltr' id='par_1_26' title="bbox 2144 1297 3724 1384">
     <span class='ocr_line' id='line_1_27' title="bbox 2144 1297 3724 1384; baseline -0.016 -10"><span class='ocrx_word' id='word_1_179' title='bbox 2144 1319 2235 1374; x_wconf 90' lang='grc' dir='ltr'><strong>σία</strong></span> <span class='ocrx_word' id='word_1_180' title='bbox 2275 1318 2460 1372; x_wconf 83' lang='grc' dir='ltr'>ἐστίν·</span> <span class='ocrx_word' id='word_1_181' title='bbox 2516 1314 2768 1384; x_wconf 73' lang='grc' dir='ltr'><strong>γίγαντες</strong></span> <span class='ocrx_word' id='word_1_182' title='bbox 2805 1311 2861 1364; x_wconf 80' lang='grc' dir='ltr'><strong>δὲ</strong></span> <span class='ocrx_word' id='word_1_183' title='bbox 2907 1311 2956 1364; x_wconf 85' lang='grc' dir='ltr'>οἱ</span> <span class='ocrx_word' id='word_1_184' title='bbox 3002 1307 3285 1377; x_wconf 84' lang='grc' dir='ltr'>δαίμονες·</span> <span class='ocrx_word' id='word_1_185' title='bbox 3340 1299 3618 1354; x_wconf 81' lang='grc' dir='ltr'><strong>τουτέστιν</strong></span> <span class='ocrx_word' id='word_1_186' title='bbox 3664 1297 3724 1350; x_wconf 83' lang='grc' dir='ltr'><strong>ἐν</strong></span> 
     </span>
    </p>
   </div>
   <div class='ocr_carea' id='block_1_27' title="bbox 2145 1389 3728 1482">
    <p class='ocr_par' dir='ltr' id='par_1_27' title="bbox 2145 1389 3728 1482">
     <span class='ocr_line' id='line_1_28' title="bbox 2145 1389 3728 1482; baseline -0.015 -18"><span class='ocrx_word' id='word_1_187' title='bbox 2145 1410 2409 1482; x_wconf 83' lang='grc' dir='ltr'><strong>μεγάλαις</strong></span> <span class='ocrx_word' id='word_1_188' title='bbox 2446 1403 2741 1478; x_wconf 80' lang='grc' dir='ltr'><strong>ἁμαρτίαις</strong></span> <span class='ocrx_word' id='word_1_189' title='bbox 2787 1399 3158 1456; x_wconf 82' lang='grc' dir='ltr'><strong>ἀναπαύσεται</strong></span> <span class='ocrx_word' id='word_1_190' title='bbox 3202 1395 3231 1447; x_wconf 90' lang='lat'><strong>6</strong></span> <span class='ocrx_word' id='word_1_191' title='bbox 3279 1390 3626 1462; x_wconf 79' lang='grc' dir='ltr'>πλανώμενος</span> <span class='ocrx_word' id='word_1_192' title='bbox 3663 1389 3728 1454; x_wconf 77' lang='grc' dir='ltr'>ἐξ</span> 
     </span>
    </p>
   </div>
   <div class='ocr_carea' id='block_1_28' title="bbox 2141 1498 2651 1570">
    <p class='ocr_par' dir='ltr' id='par_1_28' title="bbox 2141 1498 2651 1570">
     <span class='ocr_line' id='line_1_29' title="bbox 2141 1498 2651 1570; baseline -0.016 -11"><span class='ocrx_word' id='word_1_193' title='bbox 2141 1503 2260 1558; x_wconf 88' lang='grc' dir='ltr'>ὀδοῦ</span> <span class='ocrx_word' id='word_1_194' title='bbox 2282 1498 2651 1570; x_wconf 80' lang='grc' dir='ltr'>δικαιοσύνης.</span> 
     </span>
    </p>
   </div>
   <div class='ocr_carea' id='block_1_29' title="bbox 2226 1573 3724 1664">
    <p class='ocr_par' dir='ltr' id='par_1_29' title="bbox 2226 1573 3724 1664">
     <span class='ocr_line' id='line_1_30' title="bbox 2226 1573 3724 1664; baseline -0.017 -15"><span class='ocrx_word' id='word_1_195' title='bbox 2226 1595 2504 1664; x_wconf 83' lang='grc' dir='ltr'>Ἀγύναιον</span> <span class='ocrx_word' id='word_1_196' title='bbox 2534 1588 2670 1645; x_wconf 76' lang='grc' dir='ltr'>εἶναι</span> <span class='ocrx_word' id='word_1_197' title='bbox 2699 1590 2965 1661; x_wconf 85' lang='grc' dir='ltr'>κρεῖττον,</span> <span class='ocrx_word' id='word_1_198' title='bbox 3003 1582 3038 1656; x_wconf 75' lang='grc' dir='ltr'>ἢ</span> <span class='ocrx_word' id='word_1_199' title='bbox 3067 1579 3293 1650; x_wconf 83' lang='grc' dir='ltr'>τοιαύτῃ</span> <span class='ocrx_word' id='word_1_200' title='bbox 3319 1577 3556 1631; x_wconf 88' lang='grc' dir='ltr'>συνεῖναι</span> <span class='ocrx_word' id='word_1_201' title='bbox 3580 1591 3594 1605; x_wconf 94' lang='grc'><strong>·</strong></span> <span class='ocrx_word' id='word_1_202' title='bbox 3627 1573 3724 1627; x_wconf 70' lang='grc' dir='ltr'><strong>καὶ</strong></span> 
     </span>
    </p>
   </div>
   <div class='ocr_carea' id='block_1_30' title="bbox 2141 1659 3727 1753">
    <p class='ocr_par' dir='ltr' id='par_1_30' title="bbox 2141 1659 3727 1753">
     <span class='ocr_line' id='line_1_31' title="bbox 2141 1659 3727 1753; baseline -0.018 -13"><span class='ocrx_word' id='word_1_203' title='bbox 2141 1688 2170 1740; x_wconf 89' lang='lat'><strong>6</strong></span> <span class='ocrx_word' id='word_1_204' title='bbox 2191 1659 2356 1739; x_wconf 73' lang='grc' dir='ltr'>Δαυῖδ</span> <span class='ocrx_word' id='word_1_205' title='bbox 2395 1696 2589 1753; x_wconf 80' lang='grc' dir='ltr'>φησιν·</span> <span class='ocrx_word' id='word_1_206' title='bbox 2632 1659 2845 1746; x_wconf 37' lang='grc' dir='ltr'>Ἑν-τῇ</span> <span class='ocrx_word' id='word_1_207' title='bbox 2872 1671 3070 1742; x_wconf 81' lang='grc' dir='ltr'><strong>ἐρήμῳ</strong></span> <span class='ocrx_word' id='word_1_208' title='bbox 3104 1668 3202 1723; x_wconf 78' lang='grc' dir='ltr'>καὶ</span> <span class='ocrx_word' id='word_1_209' title='bbox 3249 1664 3441 1728; x_wconf 79' lang='grc' dir='ltr'>ἀϐάτῳ</span> <span class='ocrx_word' id='word_1_210' title='bbox 3474 1659 3575 1716; x_wconf 83' lang='grc' dir='ltr'>καὶ</span> <span class='ocrx_word' id='word_1_211' title='bbox 3616 1661 3727 1714; x_wconf 86' lang='grc' dir='ltr'><strong>ἁν-</strong></span> 
     </span>
    </p>
   </div>
   <div class='ocr_carea' id='block_1_31' title="bbox 2143 1750 3726 1842">
    <p class='ocr_par' dir='ltr' id='par_1_31' title="bbox 2143 1750 3726 1842">
     <span class='ocr_line' id='line_1_32' title="bbox 2143 1750 3726 1842; baseline -0.019 -12"><span class='ocrx_word' id='word_1_212' title='bbox 2143 1773 2324 1842; x_wconf 81' lang='grc' dir='ltr'>ύδρῳ,</span> <span class='ocrx_word' id='word_1_213' title='bbox 2363 1750 2553 1838; x_wconf 65' lang='grc' dir='ltr'>οὕτως</span> <span class='ocrx_word' id='word_1_214' title='bbox 2575 1770 2644 1823; x_wconf 79' lang='grc' dir='ltr'><strong>ἐν</strong></span> <span class='ocrx_word' id='word_1_215' title='bbox 2668 1765 2748 1833; x_wconf 83' lang='grc' dir='ltr'>τῷ</span> <span class='ocrx_word' id='word_1_216' title='bbox 2788 1765 2934 1835; x_wconf 79' lang='grc' dir='ltr'>ἁγίῳ</span> <span class='ocrx_word' id='word_1_217' title='bbox 2968 1760 3176 1830; x_wconf 63' lang='grc' dir='ltr'>ὤφθην</span> <span class='ocrx_word' id='word_1_218' title='bbox 3200 1771 3327 1811; x_wconf 89' lang='grc' dir='ltr'>σοι·</span> <span class='ocrx_word' id='word_1_219' title='bbox 3376 1754 3581 1825; x_wconf 81' lang='grc' dir='ltr'>ἔρημος</span> <span class='ocrx_word' id='word_1_220' title='bbox 3611 1750 3726 1802; x_wconf 86' lang='grc' dir='ltr'>τοί-</span> 
     </span>
    </p>
   </div>
   <div class='ocr_carea' id='block_1_32' title="bbox 471 1843 2061 1952">
    <p class='ocr_par' dir='ltr' id='par_1_32' title="bbox 471 1870 2040 1952">
     <span class='ocr_line' id='line_1_33' title="bbox 471 1870 2040 1952; baseline -0.013 -7"><span class='ocrx_word' id='word_1_221' title='bbox 471 1888 652 1944; x_wconf 82' lang='lat' dir='ltr'><strong>anima</strong></span> <span class='ocrx_word' id='word_1_222' title='bbox 677 1895 762 1942; x_wconf 92' lang='lat' dir='ltr'><strong>est</strong></span> <span class='ocrx_word' id='word_1_223' title='bbox 804 1884 1006 1938; x_wconf 87' lang='lat' dir='ltr'><strong>virtute</strong></span> <span class='ocrx_word' id='word_1_224' title='bbox 1036 1880 1282 1952; x_wconf 77' lang='lat' dir='ltr'><strong>pranlita,</strong></span> <span class='ocrx_word' id='word_1_225' title='bbox 1311 1887 1366 1933; x_wconf 91' lang='lat' dir='ltr'><strong>et</strong></span> <span class='ocrx_word' id='word_1_226' title='bbox 1393 1891 1515 1946; x_wconf 68' lang='lat' dir='ltr'><strong>quae</strong></span> <span class='ocrx_word' id='word_1_227' title='bbox 1543 1874 1754 1943; x_wconf 89' lang='lat' dir='ltr'><strong>priscos</strong></span> <span class='ocrx_word' id='word_1_228' title='bbox 1787 1870 2040 1926; x_wconf 86' lang='lat' dir='ltr'><strong>homines</strong></span> 
     </span>
    </p>
   </div>
   <div class='ocr_carea' id='block_1_33' title="bbox 2155 1843 3725 1952">
    <p class='ocr_par' dir='ltr' id='par_1_33' title="bbox 2155 1843 3725 1936">
     <span class='ocr_line' id='line_1_34' title="bbox 2155 1843 3725 1936; baseline -0.017 -15"><span class='ocrx_word' id='word_1_229' title='bbox 2155 1883 2235 1921; x_wconf 74' lang='lat' dir='ltr'><strong>NV</strong></span> <span class='ocrx_word' id='word_1_230' title='bbox 2260 1864 2334 1936; x_wconf 78' lang='grc' dir='ltr'><strong>γῆ</strong></span> <span class='ocrx_word' id='word_1_231' title='bbox 2371 1865 2520 1917; x_wconf 87' lang='grc' dir='ltr'>ἐστιν</span> <span class='ocrx_word' id='word_1_232' title='bbox 2549 1863 2581 1933; x_wconf 82' lang='grc' dir='ltr'><strong>ή</strong></span> <span class='ocrx_word' id='word_1_233' title='bbox 2619 1857 2820 1930; x_wconf 80' lang='grc' dir='ltr'>ἀρετὴν</span> <span class='ocrx_word' id='word_1_234' title='bbox 2853 1855 3051 1926; x_wconf 81' lang='grc' dir='ltr'>ἔχουσα</span> <span class='ocrx_word' id='word_1_235' title='bbox 3077 1849 3244 1922; x_wconf 74' lang='grc' dir='ltr'>ψυχὴ,</span> <span class='ocrx_word' id='word_1_236' title='bbox 3281 1848 3374 1902; x_wconf 76' lang='grc' dir='ltr'><strong>καὶ</strong></span> <span class='ocrx_word' id='word_1_237' title='bbox 3411 1847 3486 1918; x_wconf 83' lang='grc' dir='ltr'>μὴ</span> <span class='ocrx_word' id='word_1_238' title='bbox 3521 1843 3725 1915; x_wconf 76' lang='grc' dir='ltr'>ἔχουσα</span> 
     </span>
    </p>
   </div>
   <div class='ocr_carea' id='block_1_34' title="bbox 468 1960 2040 2042">
    <p class='ocr_par' dir='ltr' id='par_1_34' title="bbox 468 1960 2040 2042">
     <span class='ocr_line' id='line_1_35' title="bbox 468 1960 2040 2042; baseline -0.013 -6"><span class='ocrx_word' id='word_1_239' title='bbox 468 1997 576 2036; x_wconf 82' lang='lat' dir='ltr'><strong>non</strong></span> <span class='ocrx_word' id='word_1_240' title='bbox 615 1979 782 2035; x_wconf 83' lang='lat' dir='ltr'><strong>habet</strong></span> <span class='ocrx_word' id='word_1_241' title='bbox 808 1975 1167 2036; x_wconf 87' lang='lat' dir='ltr'><strong>habitatores,</strong></span> <span class='ocrx_word' id='word_1_242' title='bbox 1195 1973 1288 2042; x_wconf 89' lang='lat' dir='ltr'><strong>qui</strong></span> <span class='ocrx_word' id='word_1_243' title='bbox 1327 1967 1568 2036; x_wconf 87' lang='lat' dir='ltr'><strong>corrupti</strong></span> <span class='ocrx_word' id='word_1_244' title='bbox 1609 1972 1769 2021; x_wconf 88' lang='lat' dir='ltr'><strong>erant</strong></span> <span class='ocrx_word' id='word_1_245' title='bbox 1794 1961 1848 2019; x_wconf 92' lang='lat' dir='ltr'><strong>in</strong></span> <span class='ocrx_word' id='word_1_246' title='bbox 1885 1960 2040 2017; x_wconf 87' lang='lat' dir='ltr'><strong>.anti-</strong></span> 
     </span>
    </p>
   </div>
   <div class='ocr_carea' id='block_1_35' title="bbox 467 2053 2041 2145">
    <p class='ocr_par' dir='ltr' id='par_1_35' title="bbox 467 2053 2041 2145">
     <span class='ocr_line' id='line_1_36' title="bbox 467 2053 2041 2145; baseline -0.014 -18"><span class='ocrx_word' id='word_1_247' title='bbox 467 2074 594 2145; x_wconf 85' lang='lat' dir='ltr'><strong>quis</strong></span> <span class='ocrx_word' id='word_1_248' title='bbox 627 2067 1015 2141; x_wconf 79' lang='lat' dir='ltr'><strong>cupiditatibus</strong></span> <span class='ocrx_word' id='word_1_249' title='bbox 1045 2064 1272 2121; x_wconf 85' lang='lat' dir='ltr'><strong>erroris.</strong></span> <span class='ocrx_word' id='word_1_250' title='bbox 1302 2063 1484 2131; x_wconf 84' lang='lat' dir='ltr'><strong>Quare</strong></span> <span class='ocrx_word' id='word_1_251' title='bbox 1530 2073 1599 2115; x_wconf 88' lang='lat' dir='ltr'><strong>ne</strong></span> <span class='ocrx_word' id='word_1_252' title='bbox 1637 2056 1884 2112; x_wconf 85' lang='lat' dir='ltr'><strong>diabolus</strong></span> <span class='ocrx_word' id='word_1_253' title='bbox 1919 2053 2041 2123; x_wconf 87' lang='lat' dir='ltr'><strong>qni-</strong></span> 
     </span>
    </p>
   </div>
   <div class='ocr_carea' id='block_1_36' title="bbox 468 2146 2039 2231">
    <p class='ocr_par' dir='ltr' id='par_1_36' title="bbox 468 2146 2039 2231">
     <span class='ocr_line' id='line_1_37' title="bbox 468 2146 2039 2231; baseline -0.012 -13"><span class='ocrx_word' id='word_1_254' title='bbox 468 2165 590 2218; x_wconf 85' lang='lat' dir='ltr'><strong>dem</strong></span> <span class='ocrx_word' id='word_1_255' title='bbox 620 2159 862 2231; x_wconf 87' lang='lat' dir='ltr'><strong>requiem</strong></span> <span class='ocrx_word' id='word_1_256' title='bbox 898 2157 952 2213; x_wconf 87' lang='lat' dir='ltr'><strong>in</strong></span> <span class='ocrx_word' id='word_1_257' title='bbox 973 2172 1038 2213; x_wconf 89' lang='lat' dir='ltr'><strong>ea</strong></span> <span class='ocrx_word' id='word_1_258' title='bbox 1069 2153 1304 2213; x_wconf 76' lang='lat' dir='ltr'><strong>invenit:</strong></span> <span class='ocrx_word' id='word_1_259' title='bbox 1331 2152 1596 2224; x_wconf 82' lang='lat' dir='ltr'><strong>siquidem</strong></span> <span class='ocrx_word' id='word_1_260' title='bbox 1627 2163 1770 2219; x_wconf 70' lang='lat' dir='ltr'><strong>aegre</strong></span> <span class='ocrx_word' id='word_1_261' title='bbox 1800 2159 1898 2217; x_wconf 89' lang='lat' dir='ltr'><strong>per</strong></span> <span class='ocrx_word' id='word_1_262' title='bbox 1927 2146 2039 2200; x_wconf 88' lang='lat' dir='ltr'><strong>ari-</strong></span> 
     </span>
    </p>
   </div>
   <div class='ocr_carea' id='block_1_37' title="bbox 468 2234 2036 2321">
    <p class='ocr_par' dir='ltr' id='par_1_37' title="bbox 468 2234 2036 2321">
     <span class='ocr_line' id='line_1_38' title="bbox 468 2234 2036 2321; baseline -0.013 -13"><span class='ocrx_word' id='word_1_263' title='bbox 468 2253 568 2308; x_wconf 84' lang='lat' dir='ltr'><strong>dos</strong></span> <span class='ocrx_word' id='word_1_264' title='bbox 585 2251 734 2307; x_wconf 82' lang='lat' dir='ltr'><strong>iocos</strong></span> <span class='ocrx_word' id='word_1_265' title='bbox 758 2263 1010 2321; x_wconf 65' lang='lat' dir='ltr'><strong>quaerens</strong></span> <span class='ocrx_word' id='word_1_266' title='bbox 1035 2247 1295 2317; x_wconf 89' lang='lat' dir='ltr'><strong>requiem,</strong></span> <span class='ocrx_word' id='word_1_267' title='bbox 1311 2259 1416 2299; x_wconf 90' lang='lat' dir='ltr'><strong>non</strong></span> <span class='ocrx_word' id='word_1_268' title='bbox 1442 2240 1671 2298; x_wconf 82' lang='lat' dir='ltr'><strong>invenit.</strong></span> <span class='ocrx_word' id='word_1_269' title='bbox 1700 2238 1820 2308; x_wconf 89' lang='lat' dir='ltr'><strong>Ipse</strong></span> <span class='ocrx_word' id='word_1_270' title='bbox 1835 2234 2036 2306; x_wconf 88' lang='lat' dir='ltr'><strong>quippe</strong></span> 
     </span>
    </p>
   </div>
   <div class='ocr_carea' id='block_1_38' title="bbox 470 2327 2038 2409">
    <p class='ocr_par' dir='ltr' id='par_1_38' title="bbox 470 2327 2038 2409">
     <span class='ocr_line' id='line_1_39' title="bbox 470 2327 2038 2409; baseline -0.012 -10"><span class='ocrx_word' id='word_1_271' title='bbox 470 2359 568 2401; x_wconf 85' lang='lat' dir='ltr'><strong>rex</strong></span> <span class='ocrx_word' id='word_1_272' title='bbox 600 2353 685 2401; x_wconf 87' lang='lat' dir='ltr'><strong>est</strong></span> <span class='ocrx_word' id='word_1_273' title='bbox 717 2341 959 2397; x_wconf 88' lang='lat' dir='ltr'><strong>omnium</strong></span> <span class='ocrx_word' id='word_1_274' title='bbox 1002 2341 1056 2395; x_wconf 91' lang='lat' dir='ltr'><strong>in</strong></span> <span class='ocrx_word' id='word_1_275' title='bbox 1092 2339 1250 2409; x_wconf 87' lang='lat' dir='ltr'><strong>aquis</strong></span> <span class='ocrx_word' id='word_1_276' title='bbox 1283 2333 1615 2408; x_wconf 82' lang='lat' dir='ltr'><strong>degentium,</strong></span> <span class='ocrx_word' id='word_1_277' title='bbox 1641 2330 1694 2386; x_wconf 91' lang='lat' dir='ltr'><strong>id</strong></span> <span class='ocrx_word' id='word_1_278' title='bbox 1725 2338 1813 2385; x_wconf 91' lang='lat' dir='ltr'><strong>est</strong></span> <span class='ocrx_word' id='word_1_279' title='bbox 1856 2327 2038 2383; x_wconf 86' lang='lat' dir='ltr'><strong>homi-</strong></span> 
     </span>
    </p>
   </div>
   <div class='ocr_carea' id='block_1_39' title="bbox 469 2420 2038 2506">
    <p class='ocr_par' dir='ltr' id='par_1_39' title="bbox 469 2420 2038 2506">
     <span class='ocr_line' id='line_1_40' title="bbox 469 2420 2038 2506; baseline -0.012 -15"><span class='ocrx_word' id='word_1_280' title='bbox 469 2450 596 2491; x_wconf 79' lang='lat' dir='ltr'><strong>num</strong></span> <span class='ocrx_word' id='word_1_281' title='bbox 611 2438 703 2506; x_wconf 88' lang='lat' dir='ltr'><strong>qui</strong></span> <span class='ocrx_word' id='word_1_282' title='bbox 727 2436 779 2489; x_wconf 95' lang='lat' dir='ltr'><strong>in</strong></span> <span class='ocrx_word' id='word_1_283' title='bbox 797 2435 912 2490; x_wconf 90' lang='lat' dir='ltr'><strong>otio</strong></span> <span class='ocrx_word' id='word_1_284' title='bbox 929 2443 983 2488; x_wconf 90' lang='lat' dir='ltr'><strong>et</strong></span> <span class='ocrx_word' id='word_1_285' title='bbox 1006 2429 1362 2488; x_wconf 84' lang='lat' dir='ltr'><strong>delectatione</strong></span> <span class='ocrx_word' id='word_1_286' title='bbox 1379 2425 1678 2482; x_wconf 89' lang='lat' dir='ltr'><strong>carnalium</strong></span> <span class='ocrx_word' id='word_1_287' title='bbox 1700 2420 2038 2491; x_wconf 78' lang='lat' dir='ltr'><strong>voluptatum</strong></span> 
     </span>
    </p>
   </div>
   <div class='ocr_carea' id='block_1_40' title="bbox 466 2517 2040 2591">
    <p class='ocr_par' dir='ltr' id='par_1_40' title="bbox 466 2517 2040 2591">
     <span class='ocr_line' id='line_1_41' title="bbox 466 2517 2040 2591; baseline -0.013 -10"><span class='ocrx_word' id='word_1_288' title='bbox 466 2535 778 2581; x_wconf 66' lang='lat' dir='ltr'><strong>versantur.</strong></span> <span class='ocrx_word' id='word_1_289' title='bbox 801 2523 932 2578; x_wconf 87' lang='lat' dir='ltr'><strong>Item</strong></span> <span class='ocrx_word' id='word_1_290' title='bbox 956 2539 972 2575; x_wconf 89' lang='lat'><strong>:</strong></span> <span class='ocrx_word' id='word_1_291' title='bbox 999 2518 1289 2591; x_wconf 75' lang='lat' dir='ltr'><strong>Sapientiae</strong></span> <span class='ocrx_word' id='word_1_292' title='bbox 1317 2517 1512 2572; x_wconf 71' lang='lat' dir='ltr'><strong>aedium</strong></span> <span class='ocrx_word' id='word_1_293' title='bbox 1532 2522 1692 2570; x_wconf 63' lang='lat' dir='ltr'><strong>tectas</strong></span> <span class='ocrx_word' id='word_1_294' title='bbox 1729 2519 1857 2568; x_wconf 85' lang='lat' dir='ltr'><strong>sunt</strong></span> <span class='ocrx_word' id='word_1_295' title='bbox 1886 2523 2040 2563; x_wconf 86' lang='lat' dir='ltr'><strong>man-</strong></span> 
     </span>
    </p>
   </div>
   <div class='ocr_carea' id='block_1_41' title="bbox 465 2600 2042 2682">
    <p class='ocr_par' dir='ltr' id='par_1_41' title="bbox 465 2600 2042 2682">
     <span class='ocr_line' id='line_1_42' title="bbox 465 2600 2042 2682; baseline -0.011 -11"><span class='ocrx_word' id='word_1_296' title='bbox 465 2619 668 2672; x_wconf 86' lang='lat' dir='ltr'><strong>siones.</strong></span> <span class='ocrx_word' id='word_1_297' title='bbox 696 2615 850 2682; x_wconf 84' lang='lat' dir='ltr'><strong>Quod</strong></span> <span class='ocrx_word' id='word_1_298' title='bbox 879 2617 924 2668; x_wconf 81' lang='lat' dir='ltr'><strong>si</strong></span> <span class='ocrx_word' id='word_1_299' title='bbox 961 2615 1034 2668; x_wconf 88' lang='lat' dir='ltr'><strong>ita</strong></span> <span class='ocrx_word' id='word_1_300' title='bbox 1060 2623 1165 2677; x_wconf 85' lang='lat' dir='ltr'><strong>est,</strong></span> <span class='ocrx_word' id='word_1_301' title='bbox 1186 2623 1316 2680; x_wconf 85' lang='lat' dir='ltr'><strong>ergo</strong></span> <span class='ocrx_word' id='word_1_302' title='bbox 1341 2605 1537 2662; x_wconf 90' lang='lat' dir='ltr'><strong>mulier</strong></span> <span class='ocrx_word' id='word_1_303' title='bbox 1566 2605 1769 2669; x_wconf 88' lang='lat' dir='ltr'><strong>rixosa,</strong></span> <span class='ocrx_word' id='word_1_304' title='bbox 1801 2600 1959 2657; x_wconf 80' lang='lat' dir='ltr'><strong>dicax</strong></span> <span class='ocrx_word' id='word_1_305' title='bbox 1985 2607 2042 2654; x_wconf 92' lang='lat' dir='ltr'><strong>et</strong></span> 
     </span>
    </p>
   </div>
   <div class='ocr_carea' id='block_1_42' title="bbox 467 2695 2037 2777">
    <p class='ocr_par' dir='ltr' id='par_1_42' title="bbox 467 2695 2037 2777">
     <span class='ocr_line' id='line_1_43' title="bbox 467 2695 2037 2777; baseline -0.01 -15"><span class='ocrx_word' id='word_1_306' title='bbox 467 2707 751 2770; x_wconf 83' lang='lat' dir='ltr'><strong>iracunda,</strong></span> <span class='ocrx_word' id='word_1_307' title='bbox 795 2705 1037 2777; x_wconf 88' lang='lat' dir='ltr'><strong>nequitia</strong></span> <span class='ocrx_word' id='word_1_308' title='bbox 1084 2713 1189 2770; x_wconf 88' lang='lat' dir='ltr'><strong>est,</strong></span> <span class='ocrx_word' id='word_1_309' title='bbox 1223 2717 1345 2773; x_wconf 62' lang='lat' dir='ltr'><strong>quae</strong></span> <span class='ocrx_word' id='word_1_310' title='bbox 1377 2695 1826 2757; x_wconf 83' lang='lat' dir='ltr'><strong>contubernalem</strong></span> <span class='ocrx_word' id='word_1_311' title='bbox 1879 2707 2037 2748; x_wconf 88' lang='lat' dir='ltr'><strong>suum</strong></span> 
     </span>
    </p>
   </div>
   <div class='ocr_carea' id='block_1_43' title="bbox 464 2795 1714 2858">
    <p class='ocr_par' dir='ltr' id='par_1_43' title="bbox 464 2795 1714 2858">
     <span class='ocr_line' id='line_1_44' title="bbox 464 2795 1714 2858; baseline -0.008 -1"><span class='ocrx_word' id='word_1_312' title='bbox 464 2803 599 2858; x_wconf 72' lang='lat' dir='ltr'><strong>facit</strong></span> <span class='ocrx_word' id='word_1_313' title='bbox 637 2803 880 2858; x_wconf 85' lang='lat' dir='ltr'><strong>rixosum</strong></span> <span class='ocrx_word' id='word_1_314' title='bbox 924 2812 980 2858; x_wconf 92' lang='lat' dir='ltr'><strong>et</strong></span> <span class='ocrx_word' id='word_1_315' title='bbox 1005 2800 1249 2857; x_wconf 85' lang='lat' dir='ltr'><strong>dicacem</strong></span> <span class='ocrx_word' id='word_1_316' title='bbox 1289 2806 1344 2854; x_wconf 88' lang='lat' dir='ltr'><strong>et</strong></span> <span class='ocrx_word' id='word_1_317' title='bbox 1371 2795 1714 2851; x_wconf 86' lang='lat' dir='ltr'><strong>iracundum.</strong></span> 
     </span>
    </p>
   </div>
   <div class='ocr_carea' id='block_1_44' title="bbox 537 2968 2041 3049">
    <p class='ocr_par' dir='ltr' id='par_1_44' title="bbox 537 2968 2041 3049">
     <span class='ocr_line' id='line_1_45' title="bbox 537 2968 2041 3049; baseline -0.007 -15"><span class='ocrx_word' id='word_1_318' title='bbox 537 2979 584 3014; x_wconf 77' lang='grc'><strong><em>⁸³</em></strong></span> <span class='ocrx_word' id='word_1_319' title='bbox 607 2977 882 3049; x_wconf 78' lang='lat' dir='ltr'><strong>Sapientia</strong></span> <span class='ocrx_word' id='word_1_320' title='bbox 937 2975 1148 3032; x_wconf 86' lang='lat' dir='ltr'><strong>Domini</strong></span> <span class='ocrx_word' id='word_1_321' title='bbox 1193 2973 1498 3044; x_wconf 86' lang='lat' dir='ltr'><strong>requiescet</strong></span> <span class='ocrx_word' id='word_1_322' title='bbox 1537 2971 1591 3026; x_wconf 91' lang='lat' dir='ltr'><strong>in</strong></span> <span class='ocrx_word' id='word_1_323' title='bbox 1630 2969 1796 3026; x_wconf 91' lang='lat' dir='ltr'><strong>corde</strong></span> <span class='ocrx_word' id='word_1_324' title='bbox 1820 2968 1949 3040; x_wconf 83' lang='lat' dir='ltr'><strong>justi</strong></span> <span class='ocrx_word' id='word_1_325' title='bbox 1975 2982 2041 3024; x_wconf 91' lang='lat' dir='ltr'><strong>ac</strong></span> 
     </span>
    </p>
   </div>
   <div class='ocr_carea' id='block_1_45' title="bbox 462 3060 2038 3140">
    <p class='ocr_par' dir='ltr' id='par_1_45' title="bbox 462 3060 2038 3140">
     <span class='ocr_line' id='line_1_46' title="bbox 462 3060 2038 3140; baseline -0.006 -16"><span class='ocrx_word' id='word_1_326' title='bbox 462 3069 728 3140; x_wconf 84' lang='lat' dir='ltr'><strong>sapientis</strong></span> <span class='ocrx_word' id='word_1_327' title='bbox 748 3087 764 3134; x_wconf 92' lang='lat'><strong>;</strong></span> <span class='ocrx_word' id='word_1_328' title='bbox 786 3067 976 3124; x_wconf 81' lang='lat' dir='ltr'><strong>vesani</strong></span> <span class='ocrx_word' id='word_1_329' title='bbox 1000 3076 1182 3122; x_wconf 89' lang='lat' dir='ltr'><strong>autem</strong></span> <span class='ocrx_word' id='word_1_330' title='bbox 1217 3065 1466 3120; x_wconf 83' lang='lat' dir='ltr'><strong>homines</strong></span> <span class='ocrx_word' id='word_1_331' title='bbox 1489 3060 1890 3119; x_wconf 86' lang='lat' dir='ltr'><strong>calumniantur</strong></span> <span class='ocrx_word' id='word_1_332' title='bbox 1915 3072 2038 3115; x_wconf 88' lang='lat' dir='ltr'><strong>eam</strong></span> 
     </span>
    </p>
   </div>
   <div class='ocr_carea' id='block_1_46' title="bbox 464 3161 921 3231">
    <p class='ocr_par' dir='ltr' id='par_1_46' title="bbox 464 3161 921 3231">
     <span class='ocr_line' id='line_1_47' title="bbox 464 3161 921 3231; baseline -0.004 -15"><span class='ocrx_word' id='word_1_333' title='bbox 464 3171 524 3216; x_wconf 88' lang='lat' dir='ltr'><strong>ut</strong></span> <span class='ocrx_word' id='word_1_334' title='bbox 553 3161 921 3231; x_wconf 84' lang='lat' dir='ltr'><strong>pessumdent.</strong></span> 
     </span>
    </p>
   </div>
   <div class='ocr_carea' id='block_1_47' title="bbox 533 3242 2040 3321">
    <p class='ocr_par' dir='ltr' id='par_1_47' title="bbox 533 3242 2040 3321">
     <span class='ocr_line' id='line_1_48' title="bbox 533 3242 2040 3321; baseline -0.007 -16"><span class='ocrx_word' id='word_1_335' title='bbox 533 3252 580 3286; x_wconf 78' lang='grc'><em>³³</em></span> <span class='ocrx_word' id='word_1_336' title='bbox 612 3249 891 3321; x_wconf 81' lang='lat' dir='ltr'><strong>Sapientia</strong></span> <span class='ocrx_word' id='word_1_337' title='bbox 945 3259 1031 3306; x_wconf 83' lang='lat' dir='ltr'><strong>est</strong></span> <span class='ocrx_word' id='word_1_338' title='bbox 1081 3249 1214 3306; x_wconf 78' lang='lat' dir='ltr'><strong>urbs</strong></span> <span class='ocrx_word' id='word_1_339' title='bbox 1257 3246 1490 3313; x_wconf 88' lang='lat' dir='ltr'><strong>munita,</strong></span> <span class='ocrx_word' id='word_1_340' title='bbox 1523 3247 1578 3302; x_wconf 90' lang='lat' dir='ltr'><strong>in</strong></span> <span class='ocrx_word' id='word_1_341' title='bbox 1611 3259 1716 3316; x_wconf 86' lang='lat' dir='ltr'><strong>qua</strong></span> <span class='ocrx_word' id='word_1_342' title='bbox 1763 3242 2040 3312; x_wconf 86' lang='lat' dir='ltr'><strong>sapientes</strong></span> 
     </span>
    </p>
   </div>
   <div class='ocr_carea' id='block_1_48' title="bbox 465 3334 2041 3410">
    <p class='ocr_par' dir='ltr' id='par_1_48' title="bbox 465 3334 2041 3410">
     <span class='ocr_line' id='line_1_49' title="bbox 465 3334 2041 3410; baseline -0.006 -12"><span class='ocrx_word' id='word_1_343' title='bbox 465 3342 738 3408; x_wconf 78' lang='lat' dir='ltr'><strong>habitant,</strong></span> <span class='ocrx_word' id='word_1_344' title='bbox 787 3351 1000 3398; x_wconf 88' lang='lat' dir='ltr'><strong>mentes</strong></span> <span class='ocrx_word' id='word_1_345' title='bbox 1030 3357 1158 3397; x_wconf 86' lang='lat' dir='ltr'><strong>suas</strong></span> <span class='ocrx_word' id='word_1_346' title='bbox 1191 3346 1484 3410; x_wconf 85' lang='lat' dir='ltr'><strong>purgantes</strong></span> <span class='ocrx_word' id='word_1_347' title='bbox 1516 3337 1584 3394; x_wconf 91' lang='lat' dir='ltr'><strong>ab</strong></span> <span class='ocrx_word' id='word_1_348' title='bbox 1606 3335 1752 3393; x_wconf 88' lang='lat' dir='ltr'><strong>omni</strong></span> <span class='ocrx_word' id='word_1_349' title='bbox 1803 3334 2041 3392; x_wconf 84' lang='lat' dir='ltr'><strong>elatione</strong></span> 
     </span>
    </p>
   </div>
   <div class='ocr_carea' id='block_1_49' title="bbox 464 3425 2040 3502">
    <p class='ocr_par' dir='ltr' id='par_1_49' title="bbox 464 3425 2040 3502">
     <span class='ocr_line' id='line_1_50' title="bbox 464 3425 2040 3502; baseline -0.005 -14"><span class='ocrx_word' id='word_1_350' title='bbox 464 3447 589 3502; x_wconf 68' lang='lat' dir='ltr'><strong>qua</strong></span> <span class='ocrx_word' id='word_1_351' title='bbox 609 3442 801 3488; x_wconf 90' lang='lat' dir='ltr'><strong>contra</strong></span> <span class='ocrx_word' id='word_1_352' title='bbox 829 3432 923 3487; x_wconf 88' lang='lat' dir='ltr'><strong>Dei</strong></span> <span class='ocrx_word' id='word_1_353' title='bbox 946 3431 1228 3495; x_wconf 80' lang='lat' dir='ltr'><strong>scientiam</strong></span> <span class='ocrx_word' id='word_1_354' title='bbox 1250 3427 1552 3485; x_wconf 83' lang='lat' dir='ltr'><strong>extollitur.</strong></span> <span class='ocrx_word' id='word_1_355' title='bbox 1581 3455 1652 3468; x_wconf 93' lang='lat'><strong>--</strong></span> <span class='ocrx_word' id='word_1_356' title='bbox 1689 3425 1923 3481; x_wconf 76' lang='lat' dir='ltr'><strong>Munitas</strong></span> <span class='ocrx_word' id='word_1_357' title='bbox 1947 3440 2040 3480; x_wconf 84' lang='lat' dir='ltr'><strong>ur-</strong></span> 
     </span>
    </p>
   </div>
   <div class='ocr_carea' id='block_1_50' title="bbox 463 3517 2040 3589">
    <p class='ocr_par' dir='ltr' id='par_1_50' title="bbox 463 3517 2040 3589">
     <span class='ocr_line' id='line_1_51' title="bbox 463 3517 2040 3589; baseline -0.004 -9"><span class='ocrx_word' id='word_1_358' title='bbox 463 3528 562 3580; x_wconf 87' lang='lat' dir='ltr'><strong>bes</strong></span> <span class='ocrx_word' id='word_1_359' title='bbox 599 3524 732 3578; x_wconf 85' lang='lat' dir='ltr'><strong>dicit</strong></span> <span class='ocrx_word' id='word_1_360' title='bbox 771 3523 984 3578; x_wconf 87' lang='lat' dir='ltr'><strong>animas</strong></span> <span class='ocrx_word' id='word_1_361' title='bbox 1022 3523 1465 3579; x_wconf 80' lang='lat' dir='ltr'><strong>circumvallatas</strong></span> <span class='ocrx_word' id='word_1_362' title='bbox 1506 3528 1564 3581; x_wconf 82' lang='lat' dir='ltr'><strong>et</strong></span> <span class='ocrx_word' id='word_1_363' title='bbox 1610 3518 1927 3589; x_wconf 80' lang='lat' dir='ltr'><strong>subjugatas</strong></span> <span class='ocrx_word' id='word_1_364' title='bbox 1969 3517 2040 3573; x_wconf 93' lang='lat' dir='ltr'><strong>ab</strong></span> 
     </span>
    </p>
   </div>
   <div class='ocr_carea' id='block_1_51' title="bbox 468 3609 2039 3683">
    <p class='ocr_par' dir='ltr' id='par_1_51' title="bbox 468 3609 2039 3683">
     <span class='ocr_line' id='line_1_52' title="bbox 468 3609 2039 3683; baseline -0.003 -15"><span class='ocrx_word' id='word_1_365' title='bbox 468 3612 650 3682; x_wconf 84' lang='lat' dir='ltr'><strong>impiis</strong></span> <span class='ocrx_word' id='word_1_366' title='bbox 696 3613 1037 3668; x_wconf 65' lang='lat' dir='ltr'><strong>damonibus</strong></span> <span class='ocrx_word' id='word_1_367' title='bbox 1081 3612 1438 3683; x_wconf 88' lang='lat' dir='ltr'><strong>seelestisque</strong></span> <span class='ocrx_word' id='word_1_368' title='bbox 1470 3611 1787 3667; x_wconf 87' lang='lat' dir='ltr'><strong>hominibus</strong></span> <span class='ocrx_word' id='word_1_369' title='bbox 1813 3609 1905 3680; x_wconf 91' lang='lat' dir='ltr'><strong>qui</strong></span> <span class='ocrx_word' id='word_1_370' title='bbox 1941 3609 2039 3664; x_wconf 92' lang='lat' dir='ltr'><strong>ad-</strong></span> 
     </span>
    </p>
   </div>
   <div class='ocr_carea' id='block_1_52' title="bbox 469 3699 2038 3772">
    <p class='ocr_par' dir='ltr' id='par_1_52' title="bbox 469 3699 2038 3772">
     <span class='ocr_line' id='line_1_53' title="bbox 469 3699 2038 3772; baseline -0.002 -17"><span class='ocrx_word' id='word_1_371' title='bbox 469 3716 660 3757; x_wconf 84' lang='lat' dir='ltr'><strong>versus</strong></span> <span class='ocrx_word' id='word_1_372' title='bbox 681 3700 776 3758; x_wconf 80' lang='lat' dir='ltr'><strong>Dei</strong></span> <span class='ocrx_word' id='word_1_373' title='bbox 816 3702 1098 3758; x_wconf 85' lang='lat' dir='ltr'><strong>scientiam</strong></span> <span class='ocrx_word' id='word_1_374' title='bbox 1135 3703 1508 3758; x_wconf 84' lang='lat' dir='ltr'><strong>extolluntur:</strong></span> <span class='ocrx_word' id='word_1_375' title='bbox 1534 3715 1765 3772; x_wconf 92' lang='lat' dir='ltr'><strong>quorum</strong></span> <span class='ocrx_word' id='word_1_376' title='bbox 1800 3699 2038 3754; x_wconf 85' lang='lat' dir='ltr'><strong>circum-</strong></span> 
     </span>
    </p>
   </div>
   <div class='ocr_carea' id='block_1_53' title="bbox 467 3789 2037 3866">
    <p class='ocr_par' dir='ltr' id='par_1_53' title="bbox 467 3789 2037 3866">
     <span class='ocr_line' id='line_1_54' title="bbox 467 3789 2037 3866; baseline -0.001 -20"><span class='ocrx_word' id='word_1_377' title='bbox 467 3792 790 3850; x_wconf 82' lang='lat' dir='ltr'><strong>vallationes</strong></span> <span class='ocrx_word' id='word_1_378' title='bbox 834 3807 1102 3864; x_wconf 85' lang='lat' dir='ltr'><strong>superans</strong></span> <span class='ocrx_word' id='word_1_379' title='bbox 1140 3794 1381 3866; x_wconf 87' lang='lat' dir='ltr'><strong>sapiens,</strong></span> <span class='ocrx_word' id='word_1_380' title='bbox 1412 3800 1770 3863; x_wconf 87' lang='lat' dir='ltr'><strong>apparentem</strong></span> <span class='ocrx_word' id='word_1_381' title='bbox 1819 3789 2037 3846; x_wconf 89' lang='lat' dir='ltr'><strong>illorum</strong></span> 
     </span>
    </p>
   </div>
   <div class='ocr_carea' id='block_1_54' title="bbox 466 3882 1737 3956">
    <p class='ocr_par' dir='ltr' id='par_1_54' title="bbox 466 3882 1737 3956">
     <span class='ocr_line' id='line_1_55' title="bbox 466 3882 1737 3956; baseline -0.002 -16"><span class='ocrx_word' id='word_1_382' title='bbox 466 3886 834 3952; x_wconf 77' lang='lat' dir='ltr'><strong>securitatem,</strong></span> <span class='ocrx_word' id='word_1_383' title='bbox 866 3885 958 3942; x_wconf 89' lang='lat' dir='ltr'><strong>tali</strong></span> <span class='ocrx_word' id='word_1_384' title='bbox 989 3887 1252 3956; x_wconf 85' lang='lat' dir='ltr'><strong>sapientia</strong></span> <span class='ocrx_word' id='word_1_385' title='bbox 1285 3885 1526 3942; x_wconf 80' lang='lat' dir='ltr'><strong>munitus</strong></span> <span class='ocrx_word' id='word_1_386' title='bbox 1548 3882 1737 3940; x_wconf 80' lang='lat' dir='ltr'><strong>dimat.</strong></span> 
     </span>
    </p>
   </div>
   <div class='ocr_carea' id='block_1_55' title="bbox 541 4061 2040 4134">
    <p class='ocr_par' dir='ltr' id='par_1_55' title="bbox 541 4061 2040 4134">
     <span class='ocr_line' id='line_1_56' title="bbox 541 4061 2040 4134; baseline -0.001 -16"><span class='ocrx_word' id='word_1_387' title='bbox 541 4061 588 4094; x_wconf 80' lang='grc'><strong><em>³⁸</em></strong></span> <span class='ocrx_word' id='word_1_388' title='bbox 609 4061 703 4131; x_wconf 85' lang='grc' dir='ltr'>Οε,</span> <span class='ocrx_word' id='word_1_389' title='bbox 725 4063 988 4132; x_wconf 83' lang='lat' dir='ltr'><strong>linguam,</strong></span> <span class='ocrx_word' id='word_1_390' title='bbox 1009 4072 1269 4129; x_wconf 89' lang='lat' dir='ltr'><strong>mentem,</strong></span> <span class='ocrx_word' id='word_1_391' title='bbox 1294 4064 1453 4129; x_wconf 89' lang='lat' dir='ltr'><strong>iram,</strong></span> <span class='ocrx_word' id='word_1_392' title='bbox 1483 4072 1542 4120; x_wconf 93' lang='lat' dir='ltr'><strong>et</strong></span> <span class='ocrx_word' id='word_1_393' title='bbox 1563 4062 1914 4134; x_wconf 88' lang='lat' dir='ltr'><strong>cupiditatem</strong></span> <span class='ocrx_word' id='word_1_394' title='bbox 1948 4062 2040 4132; x_wconf 90' lang='lat' dir='ltr'><strong>qui</strong></span> 
     </span>
    </p>
   </div>
   <div class='ocr_carea' id='block_1_56' title="bbox 468 4153 2042 4228">
    <p class='ocr_par' dir='ltr' id='par_1_56' title="bbox 468 4153 2042 4228">
     <span class='ocr_line' id='line_1_57' title="bbox 468 4153 2042 4228; baseline -0.001 -18"><span class='ocrx_word' id='word_1_395' title='bbox 468 4153 710 4222; x_wconf 88' lang='lat' dir='ltr'><strong>cohibet,</strong></span> <span class='ocrx_word' id='word_1_396' title='bbox 745 4155 791 4210; x_wconf 92' lang='lat' dir='ltr'><strong>is</strong></span> <span class='ocrx_word' id='word_1_397' title='bbox 837 4155 1076 4213; x_wconf 88' lang='lat' dir='ltr'><strong>animam</strong></span> <span class='ocrx_word' id='word_1_398' title='bbox 1116 4172 1271 4212; x_wconf 87' lang='lat' dir='ltr'><strong>suam</strong></span> <span class='ocrx_word' id='word_1_399' title='bbox 1301 4172 1333 4210; x_wconf 91' lang='lat' dir='ltr'><strong>a</strong></span> <span class='ocrx_word' id='word_1_400' title='bbox 1363 4157 1530 4213; x_wconf 82' lang='lat' dir='ltr'><strong>futuri</strong></span> <span class='ocrx_word' id='word_1_401' title='bbox 1565 4155 1757 4228; x_wconf 90' lang='lat' dir='ltr'><strong>judicii</strong></span> <span class='ocrx_word' id='word_1_402' title='bbox 1819 4153 2042 4210; x_wconf 87' lang='lat' dir='ltr'><strong>tribula-</strong></span> 
     </span>
    </p>
   </div>
   <div class='ocr_carea' id='block_1_57' title="bbox 469 4246 2046 4308">
    <p class='ocr_par' dir='ltr' id='par_1_57' title="bbox 469 4246 2046 4308">
     <span class='ocr_line' id='line_1_58' title="bbox 469 4246 2046 4308; baseline 0.001 -8"><span class='ocrx_word' id='word_1_403' title='bbox 469 4247 618 4302; x_wconf 90' lang='lat' dir='ltr'><strong>tione</strong></span> <span class='ocrx_word' id='word_1_404' title='bbox 643 4246 900 4304; x_wconf 87' lang='lat' dir='ltr'><strong>custodit.</strong></span> <span class='ocrx_word' id='word_1_405' title='bbox 2043 4301 2046 4308; x_wconf 79' lang='grc'><strong>,</strong></span> 
     </span>
    </p>
   </div>
   <div class='ocr_carea' id='block_1_58' title="bbox 540 4335 2043 4408">
    <p class='ocr_par' dir='ltr' id='par_1_58' title="bbox 540 4335 2043 4408">
     <span class='ocr_line' id='line_1_59' title="bbox 540 4335 2043 4408; baseline 0.001 -16"><span class='ocrx_word' id='word_1_406' title='bbox 540 4337 585 4370; x_wconf 79' lang='grc'>⁸⁸</span> <span class='ocrx_word' id='word_1_407' title='bbox 613 4337 757 4392; x_wconf 89' lang='lat' dir='ltr'><strong>Idem</strong></span> <span class='ocrx_word' id='word_1_408' title='bbox 784 4346 868 4393; x_wconf 86' lang='lat' dir='ltr'><strong>est</strong></span> <span class='ocrx_word' id='word_1_409' title='bbox 893 4335 1109 4404; x_wconf 81' lang='lat' dir='ltr'><strong>diverse</strong></span> <span class='ocrx_word' id='word_1_410' title='bbox 1134 4336 1512 4392; x_wconf 88' lang='lat' dir='ltr'><strong>consideratus</strong></span> <span class='ocrx_word' id='word_1_411' title='bbox 1531 4337 1848 4408; x_wconf 86' lang='lat' dir='ltr'><strong>:audax,qui</strong></span> <span class='ocrx_word' id='word_1_412' title='bbox 1869 4339 2043 4408; x_wconf 86' lang='lat' dir='ltr'><strong>quod-</strong></span> 
     </span>
    </p>
   </div>
   <div class='ocr_carea' id='block_1_59' title="bbox 466 4426 2044 4500">
    <p class='ocr_par' dir='ltr' id='par_1_59' title="bbox 466 4426 2044 4500">
     <span class='ocr_line' id='line_1_60' title="bbox 466 4426 2044 4500; baseline 0.001 -16"><span class='ocrx_word' id='word_1_413' title='bbox 466 4429 602 4484; x_wconf 87' lang='lat' dir='ltr'><strong>libet</strong></span> <span class='ocrx_word' id='word_1_414' title='bbox 639 4428 908 4499; x_wconf 90' lang='lat' dir='ltr'><strong>intrepide</strong></span> <span class='ocrx_word' id='word_1_415' title='bbox 945 4429 1262 4499; x_wconf 79' lang='lat' dir='ltr'><strong>aggreditur</strong></span> <span class='ocrx_word' id='word_1_416' title='bbox 1287 4445 1301 4480; x_wconf 88' lang='lat'><strong>:</strong></span> <span class='ocrx_word' id='word_1_417' title='bbox 1331 4426 1600 4500; x_wconf 85' lang='lat' dir='ltr'><strong>ferox,qui</strong></span> <span class='ocrx_word' id='word_1_418' title='bbox 1637 4429 2044 4486; x_wconf 88' lang='lat' dir='ltr'><strong>inconsiderate</strong></span> 
     </span>
    </p>
   </div>
   <div class='ocr_carea' id='block_1_60' title="bbox 2066 3191 2110 3248">
    <p class='ocr_par' dir='ltr' id='par_1_60' title="bbox 2066 3191 2110 3248">
     <span class='ocr_line' id='line_1_61' title="bbox 2066 3191 2110 3248; baseline 0 0"><span class='ocrx_word' id='word_1_419' title='bbox 2066 3191 2110 3248; x_wconf 87' lang='lat' dir='ltr'><strong>C</strong></span> 
     </span>
    </p>
   </div>
   <div class='ocr_carea' id='block_1_61' title="bbox 2137 1931 3722 2032">
    <p class='ocr_par' dir='ltr' id='par_1_61' title="bbox 2137 1931 3722 2032">
     <span class='ocr_line' id='line_1_62' title="bbox 2137 1931 3722 2032; baseline -0.018 -22"><span class='ocrx_word' id='word_1_420' title='bbox 2137 1931 2578 2032; x_wconf 34' lang='lat' dir='ltr'><strong>vobc&#39;nalatobe</strong></span> <span class='ocrx_word' id='word_1_421' title='bbox 2602 1945 2922 2019; x_wconf 83' lang='grc' dir='ltr'>ἀνθρώπους</span> <span class='ocrx_word' id='word_1_422' title='bbox 2957 1939 3316 2001; x_wconf 87' lang='grc' dir='ltr'>ἐνοικοῦντας,</span> <span class='ocrx_word' id='word_1_423' title='bbox 3344 1936 3469 1998; x_wconf 81' lang='grc' dir='ltr'>τοὺς</span> <span class='ocrx_word' id='word_1_424' title='bbox 3502 1931 3722 2004; x_wconf 82' lang='grc' dir='ltr'>φθειρο-</span> 
     </span>
    </p>
   </div>
   <div class='ocr_carea' id='block_1_62' title="bbox 2143 2021 3727 2120">
    <p class='ocr_par' dir='ltr' id='par_1_62' title="bbox 2143 2021 3727 2120">
     <span class='ocr_line' id='line_1_63' title="bbox 2143 2021 3727 2120; baseline -0.016 -19"><span class='ocrx_word' id='word_1_425' title='bbox 2143 2029 2336 2120; x_wconf 76' lang='grc' dir='ltr'>μένους</span> <span class='ocrx_word' id='word_1_426' title='bbox 2359 2043 2501 2099; x_wconf 85' lang='grc' dir='ltr'>κατὰ</span> <span class='ocrx_word' id='word_1_427' title='bbox 2527 2041 2626 2104; x_wconf 78' lang='grc' dir='ltr'><strong>τας</strong></span> <span class='ocrx_word' id='word_1_428' title='bbox 2656 2035 2892 2099; x_wconf 84' lang='grc' dir='ltr'>παλαιὰς</span> <span class='ocrx_word' id='word_1_429' title='bbox 2912 2030 3208 2102; x_wconf 88' lang='grc' dir='ltr'>ἐπιθυμίας</span> <span class='ocrx_word' id='word_1_430' title='bbox 3237 2027 3334 2099; x_wconf 76' lang='grc' dir='ltr'><strong>τῆς</strong></span> <span class='ocrx_word' id='word_1_431' title='bbox 3363 2025 3608 2096; x_wconf 83' lang='grc' dir='ltr'><strong>ἀπάτης·</strong></span> <span class='ocrx_word' id='word_1_432' title='bbox 3638 2021 3727 2076; x_wconf 72' lang='grc' dir='ltr'><strong>διὸ</strong></span> 
     </span>
    </p>
   </div>
   <div class='ocr_carea' id='block_1_63' title="bbox 2111 2116 3724 2209">
    <p class='ocr_par' dir='ltr' id='par_1_63' title="bbox 2111 2116 3724 2209">
     <span class='ocr_line' id='line_1_64' title="bbox 2111 2116 3724 2209; baseline -0.018 -14"><span class='ocrx_word' id='word_1_433' title='bbox 2111 2116 2259 2195; x_wconf 79' lang='grc' dir='ltr'>ὀὐδὲ</span> <span class='ocrx_word' id='word_1_434' title='bbox 2288 2137 2530 2209; x_wconf 83' lang='grc' dir='ltr'>εὑρίσκει</span> <span class='ocrx_word' id='word_1_435' title='bbox 2565 2135 2623 2187; x_wconf 86' lang='grc' dir='ltr'><strong>ἐν</strong></span> <span class='ocrx_word' id='word_1_436' title='bbox 2657 2132 2795 2203; x_wconf 75' lang='grc' dir='ltr'>αὐτῇ</span> <span class='ocrx_word' id='word_1_437' title='bbox 2843 2128 3146 2184; x_wconf 81' lang='grc' dir='ltr'>ἀνάπαυσιν</span> <span class='ocrx_word' id='word_1_438' title='bbox 3189 2125 3219 2176; x_wconf 89' lang='lat'><strong>6</strong></span> <span class='ocrx_word' id='word_1_439' title='bbox 3265 2118 3534 2183; x_wconf 83' lang='grc' dir='ltr'>διάϐολος·</span> <span class='ocrx_word' id='word_1_440' title='bbox 3601 2116 3724 2185; x_wconf 76' lang='grc' dir='ltr'>εἴτε</span> 
     </span>
    </p>
   </div>
   <div class='ocr_carea' id='block_1_64' title="bbox 2137 2207 3722 2300">
    <p class='ocr_par' dir='ltr' id='par_1_64' title="bbox 2137 2207 3722 2300">
     <span class='ocr_line' id='line_1_65' title="bbox 2137 2207 3722 2300; baseline -0.016 -15"><span class='ocrx_word' id='word_1_441' title='bbox 2137 2207 2412 2300; x_wconf 86' lang='grc' dir='ltr'>δυσχερῶς</span> <span class='ocrx_word' id='word_1_442' title='bbox 2443 2227 2511 2282; x_wconf 87' lang='grc' dir='ltr'>δι’</span> <span class='ocrx_word' id='word_1_443' title='bbox 2539 2223 2781 2294; x_wconf 78' lang='grc' dir='ltr'>ἀνύδρων</span> <span class='ocrx_word' id='word_1_444' title='bbox 2828 2221 3009 2274; x_wconf 89' lang='grc' dir='ltr'>τόπων</span> <span class='ocrx_word' id='word_1_445' title='bbox 3050 2213 3226 2287; x_wconf 80' lang='grc' dir='ltr'>ζητῶν</span> <span class='ocrx_word' id='word_1_446' title='bbox 3252 2209 3577 2273; x_wconf 81' lang='grc' dir='ltr'>ἀνάπαυσιν,</span> <span class='ocrx_word' id='word_1_447' title='bbox 3624 2207 3722 2279; x_wconf 74' lang='grc' dir='ltr'><strong>καὶ</strong></span> 
     </span>
    </p>
   </div>
   <div class='ocr_carea' id='block_1_65' title="bbox 2137 2299 3722 2393">
    <p class='ocr_par' dir='ltr' id='par_1_65' title="bbox 2137 2299 3722 2393">
     <span class='ocr_line' id='line_1_66' title="bbox 2137 2299 3722 2393; baseline -0.015 -18"><span class='ocrx_word' id='word_1_448' title='bbox 2137 2299 2532 2393; x_wconf 13' lang='grc' dir='ltr'>ούχγεύρίσκει·</span> <span class='ocrx_word' id='word_1_449' title='bbox 2573 2316 2736 2379; x_wconf 81' lang='grc' dir='ltr'>αὐτὸς</span> <span class='ocrx_word' id='word_1_450' title='bbox 2765 2313 2873 2384; x_wconf 83' lang='grc' dir='ltr'>γάρ</span> <span class='ocrx_word' id='word_1_451' title='bbox 2911 2307 3164 2382; x_wconf 84' lang='grc' dir='ltr'>βασιλεύς</span> <span class='ocrx_word' id='word_1_452' title='bbox 3212 2308 3328 2360; x_wconf 82' lang='grc' dir='ltr'>ἐστι</span> <span class='ocrx_word' id='word_1_453' title='bbox 3364 2304 3580 2358; x_wconf 81' lang='grc' dir='ltr'>πάντων</span> <span class='ocrx_word' id='word_1_454' title='bbox 3608 2299 3722 2356; x_wconf 89' lang='grc' dir='ltr'><strong>τῶν</strong></span> 
     </span>
    </p>
   </div>
   <div class='ocr_carea' id='block_1_66' title="bbox 2139 2393 3720 2478">
    <p class='ocr_par' dir='ltr' id='par_1_66' title="bbox 2139 2393 3720 2478">
     <span class='ocr_line' id='line_1_67' title="bbox 2139 2393 3720 2478; baseline -0.015 -10"><span class='ocrx_word' id='word_1_455' title='bbox 2139 2415 2198 2467; x_wconf 82' lang='grc' dir='ltr'><strong>ἐν</strong></span> <span class='ocrx_word' id='word_1_456' title='bbox 2231 2414 2344 2478; x_wconf 87' lang='grc' dir='ltr'>τοῖς</span> <span class='ocrx_word' id='word_1_457' title='bbox 2370 2411 2547 2475; x_wconf 76' lang='grc' dir='ltr'>ὕδασι,</span> <span class='ocrx_word' id='word_1_458' title='bbox 2578 2407 2824 2462; x_wconf 80' lang='grc' dir='ltr'>τουτέστι</span> <span class='ocrx_word' id='word_1_459' title='bbox 2855 2403 2962 2457; x_wconf 89' lang='grc' dir='ltr'><strong>τῶν</strong></span> <span class='ocrx_word' id='word_1_460' title='bbox 2993 2405 3050 2456; x_wconf 89' lang='grc' dir='ltr'><strong>ἐν</strong></span> <span class='ocrx_word' id='word_1_461' title='bbox 3091 2397 3395 2455; x_wconf 81' lang='grc' dir='ltr'>ἀναπαύσει</span> <span class='ocrx_word' id='word_1_462' title='bbox 3434 2394 3529 2449; x_wconf 78' lang='grc' dir='ltr'>καὶ</span> <span class='ocrx_word' id='word_1_463' title='bbox 3577 2393 3720 2446; x_wconf 83' lang='grc' dir='ltr'>ἀπο-</span> 
     </span>
    </p>
   </div>
   <div class='ocr_carea' id='block_1_67' title="bbox 2137 2486 3722 2575">
    <p class='ocr_par' dir='ltr' id='par_1_67' title="bbox 2137 2486 3722 2575">
     <span class='ocr_line' id='line_1_68' title="bbox 2137 2486 3722 2575; baseline -0.014 -15"><span class='ocrx_word' id='word_1_464' title='bbox 2137 2504 2324 2560; x_wconf 87' lang='grc' dir='ltr'>λαύσει</span> <span class='ocrx_word' id='word_1_465' title='bbox 2368 2501 2644 2575; x_wconf 83' lang='grc' dir='ltr'>σαρκικῶν</span> <span class='ocrx_word' id='word_1_466' title='bbox 2677 2496 2900 2572; x_wconf 81' lang='grc' dir='ltr'>ἡδονῶν.</span> <span class='ocrx_word' id='word_1_467' title='bbox 2966 2494 3076 2548; x_wconf 75' lang='grc' dir='ltr'>Καὶ</span> <span class='ocrx_word' id='word_1_468' title='bbox 3134 2491 3327 2547; x_wconf 86' lang='grc' dir='ltr'>πάλιν·</span> <span class='ocrx_word' id='word_1_469' title='bbox 3354 2489 3472 2560; x_wconf 79' lang='grc' dir='ltr'><strong>¹Τῆς</strong></span> <span class='ocrx_word' id='word_1_470' title='bbox 3526 2486 3722 2556; x_wconf 71' lang='grc' dir='ltr'>σοφίας</span> 
     </span>
    </p>
   </div>
   <div class='ocr_carea' id='block_1_68' title="bbox 2139 2580 3724 2668">
    <p class='ocr_par' dir='ltr' id='par_1_68' title="bbox 2139 2580 3724 2668">
     <span class='ocr_line' id='line_1_69' title="bbox 2139 2580 3724 2668; baseline -0.015 -14"><span class='ocrx_word' id='word_1_471' title='bbox 2139 2599 2360 2668; x_wconf 72' lang='grc' dir='ltr'>στεγναὶ</span> <span class='ocrx_word' id='word_1_472' title='bbox 2383 2597 2439 2650; x_wconf 83' lang='grc' dir='ltr'>αἱ</span> <span class='ocrx_word' id='word_1_473' title='bbox 2469 2591 2742 2667; x_wconf 67' lang='grc' dir='ltr'>διατριϐαὶ</span> <span class='ocrx_word' id='word_1_474' title='bbox 2762 2591 2926 2645; x_wconf 77' lang='grc' dir='ltr'>οἴκων</span> <span class='ocrx_word' id='word_1_475' title='bbox 2957 2587 3123 2658; x_wconf 84' lang='grc' dir='ltr'>αὐτῆς</span> <span class='ocrx_word' id='word_1_476' title='bbox 3145 2603 3158 2616; x_wconf 96' lang='grc'><strong>·</strong></span> <span class='ocrx_word' id='word_1_477' title='bbox 3193 2586 3242 2638; x_wconf 84' lang='grc' dir='ltr'><strong>εί</strong></span> <span class='ocrx_word' id='word_1_478' title='bbox 3283 2582 3342 2636; x_wconf 85' lang='grc' dir='ltr'><strong>δέ</strong></span> <span class='ocrx_word' id='word_1_479' title='bbox 3367 2580 3546 2645; x_wconf 87' lang='grc' dir='ltr'>τοῦτο,</span> <span class='ocrx_word' id='word_1_480' title='bbox 3587 2581 3724 2633; x_wconf 81' lang='grc' dir='ltr'>οὐκ-</span> 
     </span>
    </p>
   </div>
   <div class='ocr_carea' id='block_1_69' title="bbox 2138 2670 3721 2760">
    <p class='ocr_par' dir='ltr' id='par_1_69' title="bbox 2138 2670 3721 2760">
     <span class='ocr_line' id='line_1_70' title="bbox 2138 2670 3721 2760; baseline -0.014 -16"><span class='ocrx_word' id='word_1_481' title='bbox 2138 2691 2232 2744; x_wconf 87' lang='grc' dir='ltr'><strong>οῦν</strong></span> <span class='ocrx_word' id='word_1_482' title='bbox 2264 2690 2416 2760; x_wconf 78' lang='grc' dir='ltr'>καὶὴ</span> <span class='ocrx_word' id='word_1_483' title='bbox 2447 2684 2584 2757; x_wconf 81' lang='grc' dir='ltr'>γυνὴ</span> <span class='ocrx_word' id='word_1_484' title='bbox 2615 2687 2649 2756; x_wconf 87' lang='grc' dir='ltr'>ἠ</span> <span class='ocrx_word' id='word_1_485' title='bbox 2680 2683 2919 2755; x_wconf 87' lang='grc' dir='ltr'>μάχιμος</span> <span class='ocrx_word' id='word_1_486' title='bbox 2970 2679 3064 2733; x_wconf 75' lang='grc' dir='ltr'><strong>καὶ</strong></span> <span class='ocrx_word' id='word_1_487' title='bbox 3087 2672 3412 2746; x_wconf 83' lang='grc' dir='ltr'>γλωσσὼδης</span> <span class='ocrx_word' id='word_1_488' title='bbox 3440 2672 3538 2726; x_wconf 76' lang='grc' dir='ltr'><strong>καὶ</strong></span> <span class='ocrx_word' id='word_1_489' title='bbox 3564 2670 3721 2742; x_wconf 83' lang='grc' dir='ltr'>ὀργί-</span> 
     </span>
    </p>
   </div>
   <div class='ocr_carea' id='block_1_70' title="bbox 2137 2761 3725 2851">
    <p class='ocr_par' dir='ltr' id='par_1_70' title="bbox 2137 2761 3725 2851">
     <span class='ocr_line' id='line_1_71' title="bbox 2137 2761 3725 2851; baseline -0.012 -16"><span class='ocrx_word' id='word_1_490' title='bbox 2137 2782 2250 2846; x_wconf 85' lang='grc' dir='ltr'>λος,</span> <span class='ocrx_word' id='word_1_491' title='bbox 2283 2781 2318 2851; x_wconf 82' lang='grc' dir='ltr'>ἡ</span> <span class='ocrx_word' id='word_1_492' title='bbox 2351 2777 2519 2832; x_wconf 84' lang='grc' dir='ltr'>κακία</span> <span class='ocrx_word' id='word_1_493' title='bbox 2559 2776 2730 2838; x_wconf 82' lang='grc' dir='ltr'>ἐστὶν,</span> <span class='ocrx_word' id='word_1_494' title='bbox 2773 2773 2895 2843; x_wconf 77' lang='grc' dir='ltr'>ἥτις</span> <span class='ocrx_word' id='word_1_495' title='bbox 2947 2769 3039 2822; x_wconf 79' lang='grc' dir='ltr'>τὸν</span> <span class='ocrx_word' id='word_1_496' title='bbox 3091 2765 3334 2832; x_wconf 78' lang='grc' dir='ltr'>συζῶντα</span> <span class='ocrx_word' id='word_1_497' title='bbox 3387 2764 3527 2835; x_wconf 81' lang='grc' dir='ltr'>αὐτῇ</span> <span class='ocrx_word' id='word_1_498' title='bbox 3573 2761 3725 2816; x_wconf 81' lang='grc' dir='ltr'>ποιεῖ</span> 
     </span>
    </p>
   </div>
   <div class='ocr_carea' id='block_1_71' title="bbox 2141 2859 3215 2945">
    <p class='ocr_par' dir='ltr' id='par_1_71' title="bbox 2141 2859 3215 2945">
     <span class='ocr_line' id='line_1_72' title="bbox 2141 2859 3215 2945; baseline -0.016 -17"><span class='ocrx_word' id='word_1_499' title='bbox 2141 2873 2379 2945; x_wconf 88' lang='grc' dir='ltr'>μάχιμον</span> <span class='ocrx_word' id='word_1_500' title='bbox 2407 2868 2500 2924; x_wconf 72' lang='grc' dir='ltr'><strong>καὶ</strong></span> <span class='ocrx_word' id='word_1_501' title='bbox 2533 2864 2826 2936; x_wconf 85' lang='grc' dir='ltr'>γλωσσώδη</span> <span class='ocrx_word' id='word_1_502' title='bbox 2857 2863 2951 2916; x_wconf 74' lang='grc' dir='ltr'>καὶ</span> <span class='ocrx_word' id='word_1_503' title='bbox 2980 2859 3215 2932; x_wconf 85' lang='grc' dir='ltr'>ὀργίλον.</span> 
     </span>
    </p>
   </div>
   <div class='ocr_carea' id='block_1_72' title="bbox 2207 2946 3720 3033">
    <p class='ocr_par' dir='ltr' id='par_1_72' title="bbox 2207 2946 3720 3033">
     <span class='ocr_line' id='line_1_73' title="bbox 2207 2946 3720 3033; baseline -0.014 -15"><span class='ocrx_word' id='word_1_504' title='bbox 2207 2964 2377 3033; x_wconf 77' lang='grc' dir='ltr'>Σοφία</span> <span class='ocrx_word' id='word_1_505' title='bbox 2432 2960 2640 3032; x_wconf 79' lang='grc' dir='ltr'>Κυρίου</span> <span class='ocrx_word' id='word_1_506' title='bbox 2701 2953 3077 3011; x_wconf 84' lang='grc' dir='ltr'>ἀναπαύσεται</span> <span class='ocrx_word' id='word_1_507' title='bbox 3139 2953 3196 3004; x_wconf 88' lang='grc' dir='ltr'><strong>ἐν</strong></span> <span class='ocrx_word' id='word_1_508' title='bbox 3257 2947 3454 3021; x_wconf 75' lang='grc' dir='ltr'>καρδία</span> <span class='ocrx_word' id='word_1_509' title='bbox 3504 2946 3720 3022; x_wconf 81' lang='grc' dir='ltr'>δικαίου</span> 
     </span>
    </p>
   </div>
   <div class='ocr_carea' id='block_1_73' title="bbox 2140 3037 3723 3126">
    <p class='ocr_par' dir='ltr' id='par_1_73' title="bbox 2140 3037 3723 3126">
     <span class='ocr_line' id='line_1_74' title="bbox 2140 3037 3723 3126; baseline -0.013 -16"><span class='ocrx_word' id='word_1_510' title='bbox 2140 3054 2306 3126; x_wconf 77' lang='grc' dir='ltr'>σοφοῦ</span> <span class='ocrx_word' id='word_1_511' title='bbox 2331 3072 2344 3086; x_wconf 96' lang='grc'><strong>·</strong></span> <span class='ocrx_word' id='word_1_512' title='bbox 2398 3054 2632 3125; x_wconf 78' lang='grc' dir='ltr'>ἄφρονες</span> <span class='ocrx_word' id='word_1_513' title='bbox 2675 3049 2734 3102; x_wconf 85' lang='grc' dir='ltr'>δὲ</span> <span class='ocrx_word' id='word_1_514' title='bbox 2777 3047 2968 3119; x_wconf 80' lang='grc' dir='ltr'>ἄνδρες</span> <span class='ocrx_word' id='word_1_515' title='bbox 3012 3043 3383 3100; x_wconf 87' lang='grc' dir='ltr'>διαϐάλλουσιν</span> <span class='ocrx_word' id='word_1_516' title='bbox 3419 3039 3592 3111; x_wconf 78' lang='grc' dir='ltr'>αὐτὴν</span> <span class='ocrx_word' id='word_1_517' title='bbox 3624 3037 3723 3091; x_wconf 84' lang='grc' dir='ltr'><strong>τοῦ</strong></span> 
     </span>
    </p>
   </div>
   <div class='ocr_carea' id='block_1_74' title="bbox 2141 3148 2380 3219">
    <p class='ocr_par' dir='ltr' id='par_1_74' title="bbox 2141 3148 2380 3219">
     <span class='ocr_line' id='line_1_75' title="bbox 2141 3148 2380 3219; baseline -0.017 -16"><span class='ocrx_word' id='word_1_518' title='bbox 2141 3148 2380 3219; x_wconf 84' lang='grc' dir='ltr'>φθεῖραι.</span> 
     </span>
    </p>
   </div>
   <div class='ocr_carea' id='block_1_75' title="bbox 2225 3220 3730 3309">
    <p class='ocr_par' dir='ltr' id='par_1_75' title="bbox 2225 3220 3730 3309">
     <span class='ocr_line' id='line_1_76' title="bbox 2225 3220 3730 3309; baseline -0.012 -15"><span class='ocrx_word' id='word_1_519' title='bbox 2225 3240 2291 3294; x_wconf 84' lang='grc' dir='ltr'><strong>Ἦ</strong></span> <span class='ocrx_word' id='word_1_520' title='bbox 2326 3239 2487 3309; x_wconf 81' lang='grc' dir='ltr'>σοφία</span> <span class='ocrx_word' id='word_1_521' title='bbox 2513 3236 2632 3290; x_wconf 80' lang='grc' dir='ltr'><strong>ἐστὶ</strong></span> <span class='ocrx_word' id='word_1_522' title='bbox 2665 3235 2818 3297; x_wconf 82' lang='grc' dir='ltr'>πόλις</span> <span class='ocrx_word' id='word_1_523' title='bbox 2842 3230 3033 3304; x_wconf 87' lang='grc' dir='ltr'>ὀχυρά,</span> <span class='ocrx_word' id='word_1_524' title='bbox 3075 3231 3133 3284; x_wconf 87' lang='grc' dir='ltr'><strong>ἐν</strong></span> <span class='ocrx_word' id='word_1_525' title='bbox 3243 3228 3293 3281; x_wconf 88' lang='grc' dir='ltr'><strong>οί</strong></span> <span class='ocrx_word' id='word_1_526' title='bbox 3349 3225 3504 3296; x_wconf 72' lang='grc' dir='ltr'>σοφοὶ</span> <span class='ocrx_word' id='word_1_527' title='bbox 3535 3240 3730 3279; x_wconf 72' lang='grc' dir='ltr'>κατοι-</span> 
     </span>
    </p>
   </div>
   <div class='ocr_carea' id='block_1_76' title="bbox 2141 3313 3730 3398">
    <p class='ocr_par' dir='ltr' id='par_1_76' title="bbox 2141 3313 3730 3398">
     <span class='ocr_line' id='line_1_77' title="bbox 2141 3313 3730 3398; baseline -0.013 -13"><span class='ocrx_word' id='word_1_528' title='bbox 2141 3330 2320 3396; x_wconf 87' lang='grc' dir='ltr'>κοῦσι,</span> <span class='ocrx_word' id='word_1_529' title='bbox 2386 3327 2678 3398; x_wconf 78' lang='grc' dir='ltr'>λογισμοὺς</span> <span class='ocrx_word' id='word_1_530' title='bbox 2738 3321 3147 3394; x_wconf 85' lang='grc' dir='ltr'>καθαιροῦντες,</span> <span class='ocrx_word' id='word_1_531' title='bbox 3206 3317 3302 3372; x_wconf 70' lang='grc' dir='ltr'><strong>καὶ</strong></span> <span class='ocrx_word' id='word_1_532' title='bbox 3356 3319 3464 3371; x_wconf 80' lang='grc' dir='ltr'><strong>πᾶν</strong></span> <span class='ocrx_word' id='word_1_533' title='bbox 3515 3313 3730 3385; x_wconf 60' lang='grc' dir='ltr'>ὕψωμα</span> 
     </span>
    </p>
   </div>
   <div class='ocr_carea' id='block_1_77' title="bbox 2141 3407 3724 3496">
    <p class='ocr_par' dir='ltr' id='par_1_77' title="bbox 2141 3407 3724 3496">
     <span class='ocr_line' id='line_1_78' title="bbox 2141 3407 3724 3496; baseline -0.013 -16"><span class='ocrx_word' id='word_1_534' title='bbox 2141 3423 2503 3496; x_wconf 74' lang='grc' dir='ltr'>ἐπαιρόμενον</span> <span class='ocrx_word' id='word_1_535' title='bbox 2523 3420 2662 3476; x_wconf 83' lang='grc' dir='ltr'><strong>κατά</strong></span> <span class='ocrx_word' id='word_1_536' title='bbox 2692 3419 2792 3489; x_wconf 81' lang='grc' dir='ltr'><strong>τῆς</strong></span> <span class='ocrx_word' id='word_1_537' title='bbox 2811 3416 3064 3488; x_wconf 84' lang='grc' dir='ltr'>γνώσεως</span> <span class='ocrx_word' id='word_1_538' title='bbox 3092 3411 3186 3468; x_wconf 85' lang='grc' dir='ltr'><strong>τοῦ</strong></span> <span class='ocrx_word' id='word_1_539' title='bbox 3213 3408 3371 3465; x_wconf 87' lang='grc' dir='ltr'>Θεοῦ.</span> <span class='ocrx_word' id='word_1_540' title='bbox 3401 3440 3474 3451; x_wconf 91' lang='lat'><strong>——</strong></span> <span class='ocrx_word' id='word_1_541' title='bbox 3523 3407 3724 3470; x_wconf 85' lang='grc' dir='ltr'>Πόλεις</span> 
     </span>
    </p>
   </div>
   <div class='ocr_carea' id='block_1_78' title="bbox 2140 3499 3726 3588">
    <p class='ocr_par' dir='ltr' id='par_1_78' title="bbox 2140 3499 3726 3588">
     <span class='ocr_line' id='line_1_79' title="bbox 2140 3499 3726 3588; baseline -0.012 -18"><span class='ocrx_word' id='word_1_542' title='bbox 2140 3515 2340 3588; x_wconf 84' lang='grc' dir='ltr'>ὀχυράς</span> <span class='ocrx_word' id='word_1_543' title='bbox 2392 3530 2554 3585; x_wconf 81' lang='grc' dir='ltr'>φησιν</span> <span class='ocrx_word' id='word_1_544' title='bbox 2584 3513 2680 3577; x_wconf 79' lang='grc' dir='ltr'>τὰς</span> <span class='ocrx_word' id='word_1_545' title='bbox 2711 3507 3079 3582; x_wconf 85' lang='grc' dir='ltr'>ὀχυρωθείσας</span> <span class='ocrx_word' id='word_1_546' title='bbox 3126 3503 3220 3558; x_wconf 59' lang='grc' dir='ltr'><strong>καὶ¹</strong></span> <span class='ocrx_word' id='word_1_547' title='bbox 3277 3499 3726 3574; x_wconf 73' lang='grc' dir='ltr'>κατακρατηθείο</span> 
     </span>
    </p>
   </div>
   <div class='ocr_carea' id='block_1_79' title="bbox 2144 3590 3728 3677">
    <p class='ocr_par' dir='ltr' id='par_1_79' title="bbox 2144 3590 3728 3677">
     <span class='ocr_line' id='line_1_80' title="bbox 2144 3590 3728 3677; baseline -0.011 -15"><span class='ocrx_word' id='word_1_548' title='bbox 2144 3625 2242 3672; x_wconf 86' lang='grc' dir='ltr'><strong>σας</strong></span> <span class='ocrx_word' id='word_1_549' title='bbox 2275 3605 2452 3677; x_wconf 72' lang='grc' dir='ltr'>ψυχὰς</span> <span class='ocrx_word' id='word_1_550' title='bbox 2497 3603 2602 3658; x_wconf 80' lang='grc' dir='ltr'><strong>ὑπὸ</strong></span> <span class='ocrx_word' id='word_1_551' title='bbox 2631 3601 2739 3657; x_wconf 87' lang='grc' dir='ltr'><strong>τῶν</strong></span> <span class='ocrx_word' id='word_1_552' title='bbox 2779 3599 2992 3655; x_wconf 88' lang='grc' dir='ltr'>ἀσεϐῶν</span> <span class='ocrx_word' id='word_1_553' title='bbox 3021 3596 3291 3669; x_wconf 81' lang='grc' dir='ltr'>δαιμόνων</span> <span class='ocrx_word' id='word_1_554' title='bbox 3329 3593 3422 3648; x_wconf 74' lang='grc' dir='ltr'><strong>καὶ</strong></span> <span class='ocrx_word' id='word_1_555' title='bbox 3465 3590 3728 3664; x_wconf 84' lang='grc' dir='ltr'>πονηρῶν</span> 
     </span>
    </p>
   </div>
   <div class='ocr_carea' id='block_1_80' title="bbox 2140 3680 3726 3771">
    <p class='ocr_par' dir='ltr' id='par_1_80' title="bbox 2140 3680 3726 3771">
     <span class='ocr_line' id='line_1_81' title="bbox 2140 3680 3726 3771; baseline -0.012 -17"><span class='ocrx_word' id='word_1_556' title='bbox 2140 3697 2463 3771; x_wconf 81' lang='grc' dir='ltr'>ἀνθρώπων,</span> <span class='ocrx_word' id='word_1_557' title='bbox 2494 3695 2603 3750; x_wconf 89' lang='grc' dir='ltr'><strong>τῶν</strong></span> <span class='ocrx_word' id='word_1_558' title='bbox 2630 3692 3007 3765; x_wconf 77' lang='grc' dir='ltr'>ἐπαιρομένων</span> <span class='ocrx_word' id='word_1_559' title='bbox 3039 3689 3183 3744; x_wconf 90' lang='grc' dir='ltr'><strong>κατά</strong></span> <span class='ocrx_word' id='word_1_560' title='bbox 3209 3687 3309 3757; x_wconf 84' lang='grc' dir='ltr'><strong>τῆς</strong></span> <span class='ocrx_word' id='word_1_561' title='bbox 3336 3682 3594 3754; x_wconf 84' lang='grc' dir='ltr'>γνώσεως</span> <span class='ocrx_word' id='word_1_562' title='bbox 3622 3680 3726 3737; x_wconf 83' lang='grc' dir='ltr'><strong>τοῦ</strong></span> 
     </span>
    </p>
   </div>
   <div class='ocr_carea' id='block_1_81' title="bbox 2140 3772 3730 3856">
    <p class='ocr_par' dir='ltr' id='par_1_81' title="bbox 2140 3772 3730 3856">
     <span class='ocr_line' id='line_1_82' title="bbox 2140 3772 3730 3856; baseline -0.013 -13"><span class='ocrx_word' id='word_1_563' title='bbox 2140 3787 2274 3844; x_wconf 87' lang='grc' dir='ltr'>Θεοῦ</span> <span class='ocrx_word' id='word_1_564' title='bbox 2295 3805 2308 3818; x_wconf 87' lang='grc'><strong>·</strong></span> <span class='ocrx_word' id='word_1_565' title='bbox 2353 3781 2427 3841; x_wconf 82' lang='grc' dir='ltr'>ὧν</span> <span class='ocrx_word' id='word_1_566' title='bbox 2457 3787 2517 3840; x_wconf 82' lang='grc' dir='ltr'>τὺ</span> <span class='ocrx_word' id='word_1_567' title='bbox 2564 3785 2824 3856; x_wconf 81' lang='grc' dir='ltr'>ὀχύρωμα</span> <span class='ocrx_word' id='word_1_568' title='bbox 2852 3780 3047 3843; x_wconf 83' lang='grc' dir='ltr'>ἐπιϐὰς</span> <span class='ocrx_word' id='word_1_569' title='bbox 3089 3781 3119 3835; x_wconf 92' lang='lat'><strong>6</strong></span> <span class='ocrx_word' id='word_1_570' title='bbox 3168 3777 3350 3847; x_wconf 76' lang='grc' dir='ltr'>σοφὸς,</span> <span class='ocrx_word' id='word_1_571' title='bbox 3385 3773 3482 3827; x_wconf 70' lang='grc' dir='ltr'><strong>καὶ</strong></span> <span class='ocrx_word' id='word_1_572' title='bbox 3507 3773 3606 3843; x_wconf 79' lang='grc' dir='ltr'><strong>τὴν</strong></span> <span class='ocrx_word' id='word_1_573' title='bbox 3635 3772 3730 3825; x_wconf 77' lang='lat'><strong>60-</strong></span> 
     </span>
    </p>
   </div>
   <div class='ocr_carea' id='block_1_82' title="bbox 2142 3863 3730 3948">
    <p class='ocr_par' dir='ltr' id='par_1_82' title="bbox 2142 3863 3730 3948">
     <span class='ocr_line' id='line_1_83' title="bbox 2142 3863 3730 3948; baseline -0.013 -16"><span class='ocrx_word' id='word_1_574' title='bbox 2142 3877 2344 3932; x_wconf 88' lang='grc' dir='ltr'>κοῦσαν</span> <span class='ocrx_word' id='word_1_575' title='bbox 2371 3875 2670 3948; x_wconf 76' lang='grc' dir='ltr'>ἀσφάλειαν</span> <span class='ocrx_word' id='word_1_576' title='bbox 2703 3870 2903 3937; x_wconf 81' lang='grc' dir='ltr'>αὐτῶν,</span> <span class='ocrx_word' id='word_1_577' title='bbox 2937 3872 3004 3940; x_wconf 75' lang='grc' dir='ltr'>τῇ</span> <span class='ocrx_word' id='word_1_578' title='bbox 3039 3866 3210 3930; x_wconf 73' lang='grc' dir='ltr'>οὕτως</span> <span class='ocrx_word' id='word_1_579' title='bbox 3248 3863 3410 3935; x_wconf 78' lang='grc' dir='ltr'>σοφίᾳ</span> <span class='ocrx_word' id='word_1_580' title='bbox 3446 3877 3730 3934; x_wconf 70' lang='grc' dir='ltr'>περιφρα-</span> 
     </span>
    </p>
   </div>
   <div class='ocr_carea' id='block_1_83' title="bbox 2143 3943 3747 4042">
    <p class='ocr_par' dir='ltr' id='par_1_83' title="bbox 2143 3943 3747 4042">
     <span class='ocr_line' id='line_1_84' title="bbox 2143 3943 3747 4042; baseline -0.011 -18"><span class='ocrx_word' id='word_1_581' title='bbox 2143 3969 2291 4042; x_wconf 74' lang='grc' dir='ltr'>χθεὶς</span> <span class='ocrx_word' id='word_1_582' title='bbox 2320 3943 2585 4024; x_wconf 82' lang='grc' dir='ltr'>καθεῖλεν.</span> <span class='ocrx_word' id='word_1_583' title='bbox 3655 3943 3675 3966; x_wconf 79' lang='grc'><em>’</em></span> <span class='ocrx_word' id='word_1_584' title='bbox 3744 3951 3747 3954; x_wconf 75' lang='grc'><em>’</em></span> 
     </span>
    </p>
   </div>
   <div class='ocr_carea' id='block_1_84' title="bbox 2214 4046 3728 4135">
    <p class='ocr_par' dir='ltr' id='par_1_84' title="bbox 2214 4046 3728 4135">
     <span class='ocr_line' id='line_1_85' title="bbox 2214 4046 3728 4135; baseline -0.014 -17"><span class='ocrx_word' id='word_1_585' title='bbox 2214 4064 2396 4135; x_wconf 87' lang='grc' dir='ltr'>Στόμα</span> <span class='ocrx_word' id='word_1_586' title='bbox 2425 4061 2520 4116; x_wconf 76' lang='grc' dir='ltr'><strong>καὶ</strong></span> <span class='ocrx_word' id='word_1_587' title='bbox 2542 4057 2791 4130; x_wconf 86' lang='grc' dir='ltr'>γλῶσσαν</span> <span class='ocrx_word' id='word_1_588' title='bbox 2817 4056 2910 4110; x_wconf 74' lang='grc' dir='ltr'><strong>καὶ</strong></span> <span class='ocrx_word' id='word_1_589' title='bbox 2931 4051 3076 4118; x_wconf 87' lang='grc' dir='ltr'>νοῦν,</span> <span class='ocrx_word' id='word_1_590' title='bbox 3111 4050 3280 4122; x_wconf 78' lang='grc' dir='ltr'>θυμὸν</span> <span class='ocrx_word' id='word_1_591' title='bbox 3305 4048 3399 4104; x_wconf 76' lang='grc' dir='ltr'>καὶ</span> <span class='ocrx_word' id='word_1_592' title='bbox 3419 4046 3728 4118; x_wconf 77' lang='grc' dir='ltr'>ἐπιθυμίαν</span> 
     </span>
    </p>
   </div>
   <div class='ocr_carea' id='block_1_85' title="bbox 2141 4136 3731 4223">
    <p class='ocr_par' dir='ltr' id='par_1_85' title="bbox 2141 4136 3731 4223">
     <span class='ocr_line' id='line_1_86' title="bbox 2141 4136 3731 4223; baseline -0.012 -15"><span class='ocrx_word' id='word_1_593' title='bbox 2141 4154 2200 4218; x_wconf 82' lang='grc' dir='ltr'>ὃς</span> <span class='ocrx_word' id='word_1_594' title='bbox 2228 4153 2512 4223; x_wconf 82' lang='grc' dir='ltr'>φυλάσσει,</span> <span class='ocrx_word' id='word_1_595' title='bbox 2539 4150 2787 4216; x_wconf 81' lang='grc' dir='ltr'>διατηρεῖ</span> <span class='ocrx_word' id='word_1_596' title='bbox 2812 4149 2877 4201; x_wconf 85' lang='grc' dir='ltr'><strong>ἐκ</strong></span> <span class='ocrx_word' id='word_1_597' title='bbox 2901 4147 3000 4217; x_wconf 87' lang='grc' dir='ltr'>τῆς</span> <span class='ocrx_word' id='word_1_598' title='bbox 3045 4145 3104 4197; x_wconf 82' lang='grc' dir='ltr'><strong>ἐν</strong></span> <span class='ocrx_word' id='word_1_599' title='bbox 3153 4141 3331 4215; x_wconf 85' lang='grc' dir='ltr'>κρίσει</span> <span class='ocrx_word' id='word_1_600' title='bbox 3353 4139 3590 4209; x_wconf 79' lang='grc' dir='ltr'>θλίψεως</span> <span class='ocrx_word' id='word_1_601' title='bbox 3624 4136 3731 4208; x_wconf 75' lang='grc' dir='ltr'><strong>τὴν</strong></span> 
     </span>
    </p>
   </div>
   <div class='ocr_carea' id='block_1_86' title="bbox 2141 4242 2530 4318">
    <p class='ocr_par' dir='ltr' id='par_1_86' title="bbox 2141 4242 2530 4318">
     <span class='ocr_line' id='line_1_87' title="bbox 2141 4242 2530 4318; baseline -0.01 -17"><span class='ocrx_word' id='word_1_602' title='bbox 2141 4247 2317 4318; x_wconf 76' lang='grc' dir='ltr'>ψυχὴν</span> <span class='ocrx_word' id='word_1_603' title='bbox 2344 4242 2530 4298; x_wconf 80' lang='grc' dir='ltr'>αὑτοῦ.</span> 
     </span>
    </p>
   </div>
   <div class='ocr_carea' id='block_1_87' title="bbox 2212 4320 3730 4404">
    <p class='ocr_par' dir='ltr' id='par_1_87' title="bbox 2212 4320 3730 4404">
     <span class='ocr_line' id='line_1_88' title="bbox 2212 4320 3730 4404; baseline -0.013 -12"><span class='ocrx_word' id='word_1_604' title='bbox 2212 4337 2384 4400; x_wconf 75' lang='grc' dir='ltr'>Αὐτός</span> <span class='ocrx_word' id='word_1_605' title='bbox 2438 4337 2554 4389; x_wconf 89' lang='grc' dir='ltr'>ἐστι</span> <span class='ocrx_word' id='word_1_606' title='bbox 2597 4332 2865 4404; x_wconf 84' lang='grc' dir='ltr'>διαφόρως</span> <span class='ocrx_word' id='word_1_607' title='bbox 2906 4325 3317 4398; x_wconf 88' lang='grc' dir='ltr'>ἐπινοούμενος·</span> <span class='ocrx_word' id='word_1_608' title='bbox 3377 4322 3585 4394; x_wconf 82' lang='grc' dir='ltr'>θρασὺς</span> <span class='ocrx_word' id='word_1_609' title='bbox 3621 4320 3730 4392; x_wconf 80' lang='grc' dir='ltr'><strong>μὲν</strong></span> 
     </span>
    </p>
   </div>
   <div class='ocr_carea' id='block_1_88' title="bbox 2142 4412 3733 4502">
    <p class='ocr_par' dir='ltr' id='par_1_88' title="bbox 2142 4412 3733 4502">
     <span class='ocr_line' id='line_1_89' title="bbox 2142 4412 3733 4502; baseline -0.013 -18"><span class='ocrx_word' id='word_1_610' title='bbox 2142 4430 2272 4502; x_wconf 85' lang='grc' dir='ltr'>γὰρ,</span> <span class='ocrx_word' id='word_1_611' title='bbox 2306 4430 2335 4482; x_wconf 88' lang='lat'><strong>6</strong></span> <span class='ocrx_word' id='word_1_612' title='bbox 2388 4429 2498 4482; x_wconf 81' lang='grc' dir='ltr'><strong>πᾶν</strong></span> <span class='ocrx_word' id='word_1_613' title='bbox 2537 4424 2718 4480; x_wconf 82' lang='grc' dir='ltr'>ὁτιοῦν</span> <span class='ocrx_word' id='word_1_614' title='bbox 2761 4421 2979 4493; x_wconf 86' lang='grc' dir='ltr'>ἀφόϐως</span> <span class='ocrx_word' id='word_1_615' title='bbox 3033 4416 3326 4472; x_wconf 80' lang='grc' dir='ltr'>ἐπιτελῶν·</span> <span class='ocrx_word' id='word_1_616' title='bbox 3381 4412 3644 4482; x_wconf 82' lang='grc' dir='ltr'>αὐθάδης,</span> <span class='ocrx_word' id='word_1_617' title='bbox 3699 4413 3733 4464; x_wconf 88' lang='lat'><strong>6</strong></span> 
     </span>
    </p>
   </div>
   <div class='ocr_carea' id='block_1_89' title="bbox 466 4501 2061 4626">
    <p class='ocr_par' dir='ltr' id='par_1_89' title="bbox 466 4520 2037 4624">
     <span class='ocr_line' id='line_1_90' title="bbox 466 4520 2037 4624; baseline 0 -47"><span class='ocrx_word' id='word_1_618' title='bbox 466 4521 623 4624; x_wconf 76' lang='lat' dir='ltr'><strong>liberi</strong></span> <span class='ocrx_word' id='word_1_619' title='bbox 662 4520 900 4580; x_wconf 86' lang='lat' dir='ltr'><strong>hominis</strong></span> <span class='ocrx_word' id='word_1_620' title='bbox 934 4521 1306 4576; x_wconf 87' lang='lat' dir='ltr'><strong>conditionem</strong></span> <span class='ocrx_word' id='word_1_621' title='bbox 1350 4527 1575 4589; x_wconf 86' lang='lat' dir='ltr'><strong>usurpat</strong></span> <span class='ocrx_word' id='word_1_622' title='bbox 1605 4537 1620 4574; x_wconf 88' lang='lat'><strong>:</strong></span> <span class='ocrx_word' id='word_1_623' title='bbox 1645 4520 2037 4593; x_wconf 90' lang='lat' dir='ltr'><strong>superbus,qui</strong></span> 
     </span>
    </p>
   </div>
   <div class='ocr_carea' id='block_1_90' title="bbox 2155 4501 3734 4626">
    <p class='ocr_par' dir='ltr' id='par_1_90' title="bbox 2155 4501 3734 4626">
     <span class='ocr_line' id='line_1_91' title="bbox 2155 4501 3734 4592; baseline -0.014 -15"><span class='ocrx_word' id='word_1_624' title='bbox 2155 4501 2507 4592; x_wconf 70' lang='grc' dir='ltr'>ὶνεπικρίτως</span> <span class='ocrx_word' id='word_1_625' title='bbox 2553 4515 2954 4588; x_wconf 73' lang='grc' dir='ltr'>ἐλευθεριάζειν</span> <span class='ocrx_word' id='word_1_626' title='bbox 3007 4511 3361 4583; x_wconf 82' lang='grc' dir='ltr'>βουλόμενος·</span> <span class='ocrx_word' id='word_1_627' title='bbox 3406 4501 3651 4568; x_wconf 77' lang='grc' dir='ltr'>ἀλαζὼν,</span> <span class='ocrx_word' id='word_1_628' title='bbox 3698 4503 3734 4555; x_wconf 89' lang='lat'><strong>6</strong></span> 
     </span>
     <span class='ocr_line' id='line_1_92' title="bbox 2226 4595 3732 4626; baseline 0 0"><span class='ocrx_word' id='word_1_629' title='bbox 2226 4615 2273 4626; x_wconf 75' lang='grc' dir='ltr'><strong>η.</strong></span> <span class='ocrx_word' id='word_1_630' title='bbox 2425 4613 2440 4626; x_wconf 77' lang='grc' dir='ltr'><strong><em>ο</em></strong></span> <span class='ocrx_word' id='word_1_631' title='bbox 2558 4610 2573 4626; x_wconf 64' lang='grc' dir='ltr'><strong>ο</strong></span> <span class='ocrx_word' id='word_1_632' title='bbox 2649 4609 2673 4626; x_wconf 64' lang='grc' dir='ltr'><strong>π</strong></span> <span class='ocrx_word' id='word_1_633' title='bbox 2736 4625 2744 4626; x_wconf 58' lang='lat'><strong><em>,</em></strong></span> <span class='ocrx_word' id='word_1_634' title='bbox 2824 4607 2845 4626; x_wconf 69' lang='grc' dir='ltr'><strong>π</strong></span> <span class='ocrx_word' id='word_1_635' title='bbox 2890 4623 2926 4626; x_wconf 81' lang='lat'>__</span> <span class='ocrx_word' id='word_1_636' title='bbox 2967 4603 3221 4626; x_wconf 63' lang='grc' dir='ltr'>..-,-...ε-.,..</span> <span class='ocrx_word' id='word_1_637' title='bbox 3262 4617 3276 4626; x_wconf 88' lang='grc'><strong>.</strong></span> <span class='ocrx_word' id='word_1_638' title='bbox 3311 4597 3497 4626; x_wconf 68' lang='lat'><strong>\-...).-</strong></span> <span class='ocrx_word' id='word_1_639' title='bbox 3537 4595 3732 4626; x_wconf 64' lang='grc' dir='ltr'><strong>Ᾱ-ι-λρ</strong></span> 
     </span>
    </p>
   </div>
   <div class='ocr_carea' id='block_1_91' title="bbox 470 4595 2061 4694">
    <p class='ocr_par' dir='ltr' id='par_1_91' title="bbox 470 4608 2036 4694">
     <span class='ocr_line' id='line_1_93' title="bbox 470 4608 2036 4694; baseline -0.001 -25"><span class='ocrx_word' id='word_1_640' title='bbox 470 4612 678 4681; x_wconf 85' lang='lat' dir='ltr'><strong>majora</strong></span> <span class='ocrx_word' id='word_1_641' title='bbox 707 4611 853 4667; x_wconf 89' lang='lat' dir='ltr'><strong>veris</strong></span> <span class='ocrx_word' id='word_1_642' title='bbox 888 4611 1083 4666; x_wconf 88' lang='lat' dir='ltr'><strong>merita</strong></span> <span class='ocrx_word' id='word_1_643' title='bbox 1111 4609 1322 4694; x_wconf 84' lang='lat' dir='ltr'><strong>jactat:</strong></span> <span class='ocrx_word' id='word_1_644' title='bbox 1353 4608 1636 4681; x_wconf 87' lang='lat' dir='ltr'><strong>pestilens,</strong></span> <span class='ocrx_word' id='word_1_645' title='bbox 1671 4611 1764 4681; x_wconf 80' lang='lat' dir='ltr'><strong>qui</strong></span> <span class='ocrx_word' id='word_1_646' title='bbox 1796 4627 1904 4668; x_wconf 90' lang='lat' dir='ltr'><strong>non</strong></span> <span class='ocrx_word' id='word_1_647' title='bbox 1932 4613 2036 4668; x_wconf 88' lang='lat' dir='ltr'><strong>sibi</strong></span> 
     </span>
    </p>
   </div>
   <div class='ocr_carea' id='block_1_92' title="bbox 2155 4595 3732 4694">
    <p class='ocr_par' dir='ltr' id='par_1_92' title="bbox 2155 4595 3732 4688">
     <span class='ocr_line' id='line_1_94' title="bbox 2155 4595 3732 4688; baseline -0.013 -19"><span class='ocrx_word' id='word_1_648' title='bbox 2155 4615 2390 4688; x_wconf 77' lang='grc' dir='ltr'>μείζοσιν</span> <span class='ocrx_word' id='word_1_649' title='bbox 2421 4610 2616 4666; x_wconf 81' lang='grc' dir='ltr'>ἑαυτὸν</span> <span class='ocrx_word' id='word_1_650' title='bbox 2645 4609 2790 4680; x_wconf 72' lang='grc' dir='ltr'>ἥπερ</span> <span class='ocrx_word' id='word_1_651' title='bbox 2823 4607 2934 4677; x_wconf 77' lang='grc' dir='ltr'>ἔχει</span> <span class='ocrx_word' id='word_1_652' title='bbox 2961 4603 3238 4675; x_wconf 85' lang='grc' dir='ltr'>σεμνύνων</span> <span class='ocrx_word' id='word_1_653' title='bbox 3262 4617 3276 4630; x_wconf 92' lang='grc'><strong>·</strong></span> <span class='ocrx_word' id='word_1_654' title='bbox 3311 4597 3518 4669; x_wconf 76' lang='grc' dir='ltr'>λοιμὸς,</span> <span class='ocrx_word' id='word_1_655' title='bbox 3536 4597 3566 4650; x_wconf 90' lang='lat'><strong>6</strong></span> <span class='ocrx_word' id='word_1_656' title='bbox 3586 4595 3732 4666; x_wconf 82' lang='grc' dir='ltr'>πρὸς</span> 
     </span>
    </p>
   </div>
   <div class='ocr_carea' id='block_1_93' title="bbox 466 4688 2061 4779">
    <p class='ocr_par' dir='ltr' id='par_1_93' title="bbox 466 4691 2042 4775">
     <span class='ocr_line' id='line_1_95' title="bbox 466 4691 2042 4775; baseline -0.001 -15"><span class='ocrx_word' id='word_1_657' title='bbox 466 4704 568 4775; x_wconf 83' lang='lat' dir='ltr'><strong>ipsi</strong></span> <span class='ocrx_word' id='word_1_658' title='bbox 601 4703 994 4767; x_wconf 87' lang='lat' dir='ltr'><strong>tantummodo,</strong></span> <span class='ocrx_word' id='word_1_659' title='bbox 1025 4703 1191 4758; x_wconf 85' lang='lat' dir='ltr'><strong>sedet</strong></span> <span class='ocrx_word' id='word_1_660' title='bbox 1213 4691 1351 4757; x_wconf 85' lang='lat' dir='ltr'><strong>aliis</strong></span> <span class='ocrx_word' id='word_1_661' title='bbox 1379 4702 1576 4757; x_wconf 89' lang='lat' dir='ltr'><strong>noxius</strong></span> <span class='ocrx_word' id='word_1_662' title='bbox 1597 4712 1706 4758; x_wconf 85' lang='lat' dir='ltr'><strong>est.</strong></span> <span class='ocrx_word' id='word_1_663' title='bbox 1733 4701 2042 4774; x_wconf 86' lang='lat' dir='ltr'><strong>Tantopere</strong></span> 
     </span>
    </p>
   </div>
   <div class='ocr_carea' id='block_1_94' title="bbox 2155 4688 3734 4779">
    <p class='ocr_par' dir='ltr' id='par_1_94' title="bbox 2155 4688 3734 4779">
     <span class='ocr_line' id='line_1_96' title="bbox 2155 4688 3734 4779; baseline -0.015 -17"><span class='ocrx_word' id='word_1_664' title='bbox 2155 4708 2222 4779; x_wconf 81' lang='grc' dir='ltr'><strong>τῷ</strong></span> <span class='ocrx_word' id='word_1_665' title='bbox 2247 4706 2434 4761; x_wconf 82' lang='grc' dir='ltr'>ἑαυτὸν</span> <span class='ocrx_word' id='word_1_666' title='bbox 2457 4701 2879 4764; x_wconf 87' lang='grc' dir='ltr'>καταϐλάπτειν,</span> <span class='ocrx_word' id='word_1_667' title='bbox 2899 4698 2992 4752; x_wconf 78' lang='grc' dir='ltr'>καὶ</span> <span class='ocrx_word' id='word_1_668' title='bbox 3022 4698 3227 4767; x_wconf 78' lang='grc' dir='ltr'>ἑτέροις</span> <span class='ocrx_word' id='word_1_669' title='bbox 3257 4688 3570 4764; x_wconf 88' lang='grc' dir='ltr'>μεταδιδούς</span> <span class='ocrx_word' id='word_1_670' title='bbox 3589 4705 3604 4718; x_wconf 90' lang='grc'><strong>·</strong></span> <span class='ocrx_word' id='word_1_671' title='bbox 3638 4705 3734 4740; x_wconf 83' lang='grc' dir='ltr'>το-</span> 
     </span>
    </p>
   </div>
   <div class='ocr_carea' id='block_1_95' title="bbox 464 4795 2038 4866">
    <p class='ocr_par' dir='ltr' id='par_1_95' title="bbox 464 4795 2038 4866">
     <span class='ocr_line' id='line_1_97' title="bbox 464 4795 2038 4866; baseline -0.001 -14"><span class='ocrx_word' id='word_1_672' title='bbox 464 4797 616 4858; x_wconf 84' lang='lat' dir='ltr'><strong>enim</strong></span> <span class='ocrx_word' id='word_1_673' title='bbox 647 4807 732 4854; x_wconf 87' lang='lat' dir='ltr'><strong>est</strong></span> <span class='ocrx_word' id='word_1_674' title='bbox 759 4796 1048 4863; x_wconf 80' lang='lat' dir='ltr'><strong>exitiosus,</strong></span> <span class='ocrx_word' id='word_1_675' title='bbox 1071 4805 1132 4852; x_wconf 87' lang='lat' dir='ltr'><strong>ut</strong></span> <span class='ocrx_word' id='word_1_676' title='bbox 1153 4795 1274 4854; x_wconf 86' lang='lat' dir='ltr'><strong>aliis</strong></span> <span class='ocrx_word' id='word_1_677' title='bbox 1309 4809 1528 4866; x_wconf 89' lang='lat' dir='ltr'><strong>quoque</strong></span> <span class='ocrx_word' id='word_1_678' title='bbox 1555 4795 1735 4851; x_wconf 90' lang='lat' dir='ltr'><strong>labem</strong></span> <span class='ocrx_word' id='word_1_679' title='bbox 1765 4797 2038 4866; x_wconf 90' lang='lat' dir='ltr'><strong>propriam</strong></span> 
     </span>
    </p>
   </div>
   <div class='ocr_carea' id='block_1_96' title="bbox 464 4886 2042 4960">
    <p class='ocr_par' dir='ltr' id='par_1_96' title="bbox 464 4886 2042 4960">
     <span class='ocr_line' id='line_1_98' title="bbox 464 4886 2042 4960; baseline 0 -16"><span class='ocrx_word' id='word_1_680' title='bbox 464 4890 830 4960; x_wconf 86' lang='lat' dir='ltr'><strong>impertiatur.</strong></span> <span class='ocrx_word' id='word_1_681' title='bbox 880 4889 984 4958; x_wconf 79' lang='lat' dir='ltr'><strong>Qui</strong></span> <span class='ocrx_word' id='word_1_682' title='bbox 1022 4888 1258 4959; x_wconf 81' lang='lat' dir='ltr'><strong>denique</strong></span> <span class='ocrx_word' id='word_1_683' title='bbox 1295 4886 1617 4958; x_wconf 87' lang='lat' dir='ltr'><strong>injuriarum</strong></span> <span class='ocrx_word' id='word_1_684' title='bbox 1663 4897 1749 4945; x_wconf 87' lang='lat' dir='ltr'><strong>est</strong></span> <span class='ocrx_word' id='word_1_685' title='bbox 1805 4903 2042 4956; x_wconf 87' lang='lat' dir='ltr'><strong>memor,</strong></span> 
     </span>
    </p>
   </div>
   <div class='ocr_carea' id='block_1_97' title="bbox 462 4990 671 5054">
    <p class='ocr_par' dir='ltr' id='par_1_97' title="bbox 462 4990 671 5054">
     <span class='ocr_line' id='line_1_99' title="bbox 462 4990 671 5054; baseline -0.014 -15"><span class='ocrx_word' id='word_1_686' title='bbox 462 4990 671 5054; x_wconf 81' lang='lat' dir='ltr'><strong>peccat.</strong></span> 
     </span>
    </p>
   </div>
   <div class='ocr_carea' id='block_1_98' title="bbox 531 5071 2040 5146">
    <p class='ocr_par' dir='ltr' id='par_1_98' title="bbox 531 5071 2040 5146">
     <span class='ocr_line' id='line_1_100' title="bbox 531 5071 2040 5146; baseline 0 -17"><span class='ocrx_word' id='word_1_687' title='bbox 531 5074 578 5106; x_wconf 82' lang='grc'><strong>³²</strong></span> <span class='ocrx_word' id='word_1_688' title='bbox 601 5073 698 5130; x_wconf 84' lang='lat' dir='ltr'><strong>Est</strong></span> <span class='ocrx_word' id='word_1_689' title='bbox 729 5073 894 5129; x_wconf 90' lang='lat' dir='ltr'><strong>etiam</strong></span> <span class='ocrx_word' id='word_1_690' title='bbox 949 5073 1088 5128; x_wconf 88' lang='lat' dir='ltr'><strong>bona</strong></span> <span class='ocrx_word' id='word_1_691' title='bbox 1135 5071 1673 5144; x_wconf 88' lang='lat' dir='ltr'><strong>cupiditas:quippe</strong></span> <span class='ocrx_word' id='word_1_692' title='bbox 1722 5073 2040 5146; x_wconf 82' lang='lat' dir='ltr'><strong>angelorum</strong></span> 
     </span>
    </p>
   </div>
   <div class='ocr_carea' id='block_1_99' title="bbox 463 5166 2041 5237">
    <p class='ocr_par' dir='ltr' id='par_1_99' title="bbox 463 5166 2041 5237">
     <span class='ocr_line' id='line_1_101' title="bbox 463 5166 2041 5237; baseline 0 -15"><span class='ocrx_word' id='word_1_693' title='bbox 463 5177 548 5222; x_wconf 89' lang='lat' dir='ltr'><strong>est</strong></span> <span class='ocrx_word' id='word_1_694' title='bbox 577 5166 714 5223; x_wconf 81' lang='lat' dir='ltr'><strong>nihil</strong></span> <span class='ocrx_word' id='word_1_695' title='bbox 745 5181 982 5237; x_wconf 86' lang='lat' dir='ltr'><strong>unquam</strong></span> <span class='ocrx_word' id='word_1_696' title='bbox 1013 5181 1238 5237; x_wconf 89' lang='lat' dir='ltr'><strong>pravum</strong></span> <span class='ocrx_word' id='word_1_697' title='bbox 1282 5180 1512 5236; x_wconf 88' lang='lat' dir='ltr'><strong>cupere;</strong></span> <span class='ocrx_word' id='word_1_698' title='bbox 1549 5169 1874 5231; x_wconf 68' lang='lat' dir='ltr'><strong>daemonum,</strong></span> <span class='ocrx_word' id='word_1_699' title='bbox 1895 5183 2041 5223; x_wconf 89' lang='lat' dir='ltr'><strong>sem-</strong></span> 
     </span>
    </p>
   </div>
   <div class='ocr_carea' id='block_1_100' title="bbox 465 5257 2040 5328">
    <p class='ocr_par' dir='ltr' id='par_1_100' title="bbox 465 5257 2040 5328">
     <span class='ocr_line' id='line_1_102' title="bbox 465 5257 2040 5328; baseline 0.002 -16"><span class='ocrx_word' id='word_1_700' title='bbox 465 5273 562 5328; x_wconf 86' lang='lat' dir='ltr'><strong>per</strong></span> <span class='ocrx_word' id='word_1_701' title='bbox 591 5259 732 5313; x_wconf 88' lang='lat' dir='ltr'><strong>male</strong></span> <span class='ocrx_word' id='word_1_702' title='bbox 773 5258 1206 5328; x_wconf 85' lang='lat' dir='ltr'><strong>concupiscere;</strong></span> <span class='ocrx_word' id='word_1_703' title='bbox 1251 5257 1536 5313; x_wconf 86' lang='lat' dir='ltr'><strong>hominum</strong></span> <span class='ocrx_word' id='word_1_704' title='bbox 1589 5259 1842 5328; x_wconf 87' lang='lat' dir='ltr'><strong>denique,</strong></span> <span class='ocrx_word' id='word_1_705' title='bbox 1881 5261 2040 5314; x_wconf 91' lang='lat' dir='ltr'><strong>modo</strong></span> 
     </span>
    </p>
   </div>
   <div class='ocr_carea' id='block_1_101' title="bbox 465 5348 2038 5420">
    <p class='ocr_par' dir='ltr' id='par_1_101' title="bbox 465 5348 2038 5420">
     <span class='ocr_line' id='line_1_103' title="bbox 465 5348 2038 5420; baseline 0.001 -16"><span class='ocrx_word' id='word_1_706' title='bbox 465 5351 874 5420; x_wconf 88' lang='lat' dir='ltr'><strong>concupiscere,</strong></span> <span class='ocrx_word' id='word_1_707' title='bbox 917 5350 1078 5406; x_wconf 91' lang='lat' dir='ltr'><strong>modo</strong></span> <span class='ocrx_word' id='word_1_708' title='bbox 1109 5364 1292 5407; x_wconf 89' lang='lat' dir='ltr'><strong>secus.</strong></span> <span class='ocrx_word' id='word_1_709' title='bbox 1345 5348 1464 5406; x_wconf 81' lang='lat' dir='ltr'><strong>Jam</strong></span> <span class='ocrx_word' id='word_1_710' title='bbox 1519 5351 1708 5414; x_wconf 88' lang='lat' dir='ltr'><strong>verba,</strong></span> <span class='ocrx_word' id='word_1_711' title='bbox 1763 5358 1876 5406; x_wconf 88' lang='lat' dir='ltr'><strong>tota</strong></span> <span class='ocrx_word' id='word_1_712' title='bbox 1927 5351 2038 5416; x_wconf 90' lang='lat' dir='ltr'><strong>die,</strong></span> 
     </span>
    </p>
   </div>
   <div class='ocr_carea' id='block_1_102' title="bbox 463 5440 2040 5513">
    <p class='ocr_par' dir='ltr' id='par_1_102' title="bbox 463 5440 2040 5513">
     <span class='ocr_line' id='line_1_104' title="bbox 463 5440 2040 5513; baseline 0.003 -19"><span class='ocrx_word' id='word_1_713' title='bbox 463 5451 742 5511; x_wconf 81' lang='lat' dir='ltr'><strong>ponuntur</strong></span> <span class='ocrx_word' id='word_1_714' title='bbox 791 5456 891 5513; x_wconf 91' lang='lat' dir='ltr'><strong>pro</strong></span> <span class='ocrx_word' id='word_1_715' title='bbox 944 5451 1055 5498; x_wconf 90' lang='lat' dir='ltr'><strong>tota</strong></span> <span class='ocrx_word' id='word_1_716' title='bbox 1101 5443 1231 5498; x_wconf 82' lang='lat' dir='ltr'><strong>vita.</strong></span> <span class='ocrx_word' id='word_1_717' title='bbox 1280 5441 1374 5499; x_wconf 89' lang='lat' dir='ltr'><strong>Sic</strong></span> <span class='ocrx_word' id='word_1_718' title='bbox 1411 5451 1498 5498; x_wconf 89' lang='lat' dir='ltr'><strong>est</strong></span> <span class='ocrx_word' id='word_1_719' title='bbox 1543 5440 1817 5497; x_wconf 76' lang='lat' dir='ltr'><strong>illud:In</strong></span> <span class='ocrx_word' id='word_1_720' title='bbox 1856 5442 2040 5498; x_wconf 73' lang='lat' dir='ltr'><strong>timore</strong></span> 
     </span>
    </p>
   </div>
   <div class='ocr_carea' id='block_1_103' title="bbox 464 5529 1684 5600">
    <p class='ocr_par' dir='ltr' id='par_1_103' title="bbox 464 5529 1684 5600">
     <span class='ocr_line' id='line_1_105' title="bbox 464 5529 1684 5600; baseline 0.002 -16"><span class='ocrx_word' id='word_1_721' title='bbox 464 5529 682 5586; x_wconf 75' lang='lat' dir='ltr'><strong>Domini</strong></span> <span class='ocrx_word' id='word_1_722' title='bbox 711 5541 822 5587; x_wconf 74' lang='lat' dir='ltr'><strong>esto</strong></span> <span class='ocrx_word' id='word_1_723' title='bbox 863 5541 974 5588; x_wconf 80' lang='lat' dir='ltr'><strong>tota</strong></span> <span class='ocrx_word' id='word_1_724' title='bbox 1000 5533 1086 5586; x_wconf 82' lang='lat' dir='ltr'><strong>die</strong></span> <span class='ocrx_word' id='word_1_725' title='bbox 1107 5532 1176 5600; x_wconf 85' lang='grc'>³⁸,</span> <span class='ocrx_word' id='word_1_726' title='bbox 1204 5533 1259 5587; x_wconf 91' lang='lat' dir='ltr'><strong>id</strong></span> <span class='ocrx_word' id='word_1_727' title='bbox 1287 5541 1372 5588; x_wconf 88' lang='lat' dir='ltr'><strong>est</strong></span> <span class='ocrx_word' id='word_1_728' title='bbox 1402 5540 1512 5588; x_wconf 90' lang='lat' dir='ltr'><strong>tota</strong></span> <span class='ocrx_word' id='word_1_729' title='bbox 1549 5533 1684 5587; x_wconf 89' lang='lat' dir='ltr'><strong>vita.</strong></span> 
     </span>
    </p>
   </div>
   <div class='ocr_carea' id='block_1_104' title="bbox 533 5733 1727 5800">
    <p class='ocr_par' dir='ltr' id='par_1_104' title="bbox 533 5733 1727 5800">
     <span class='ocr_line' id='line_1_106' title="bbox 533 5733 1727 5800; baseline 0.001 -11"><span class='ocrx_word' id='word_1_730' title='bbox 533 5733 584 5767; x_wconf 79' lang='grc'><strong>³⁸</strong></span> <span class='ocrx_word' id='word_1_731' title='bbox 609 5733 797 5791; x_wconf 69' lang='lat' dir='ltr'><strong>Matth.</strong></span> <span class='ocrx_word' id='word_1_732' title='bbox 825 5751 940 5800; x_wconf 87' lang='lat' dir='ltr'><strong>xxt,</strong></span> <span class='ocrx_word' id='word_1_733' title='bbox 972 5735 1062 5791; x_wconf 63' lang='grc' dir='ltr'>Η.</span> <span class='ocrx_word' id='word_1_734' title='bbox 1163 5737 1211 5770; x_wconf 72' lang='grc'>³⁸</span> <span class='ocrx_word' id='word_1_735' title='bbox 1235 5751 1287 5790; x_wconf 92' lang='lat' dir='ltr'><strong>v.</strong></span> <span class='ocrx_word' id='word_1_736' title='bbox 1325 5737 1409 5790; x_wconf 74' lang='grc' dir='ltr'>Η.</span> <span class='ocrx_word' id='word_1_737' title='bbox 1487 5735 1532 5768; x_wconf 78' lang='grc'><strong>’⁸</strong></span> <span class='ocrx_word' id='word_1_738' title='bbox 1556 5749 1607 5787; x_wconf 86' lang='lat' dir='ltr'><strong>v.</strong></span> <span class='ocrx_word' id='word_1_739' title='bbox 1644 5734 1727 5790; x_wconf 69' lang='lat'><strong>16.</strong></span> 
     </span>
    </p>
   </div>
   <div class='ocr_carea' id='block_1_105' title="bbox 458 5798 1624 5872">
    <p class='ocr_par' dir='ltr' id='par_1_105' title="bbox 458 5798 1624 5872">
     <span class='ocr_line' id='line_1_107' title="bbox 458 5798 1624 5872; baseline -0.002 -13"><span class='ocrx_word' id='word_1_740' title='bbox 458 5798 504 5840; x_wconf 83' lang='grc'><strong>³¹</strong></span> <span class='ocrx_word' id='word_1_741' title='bbox 528 5819 576 5859; x_wconf 84' lang='lat' dir='ltr'><strong>v.</strong></span> <span class='ocrx_word' id='word_1_742' title='bbox 611 5805 702 5862; x_wconf 68' lang='lat' dir='ltr'><strong>2L</strong></span> <span class='ocrx_word' id='word_1_743' title='bbox 782 5805 826 5838; x_wconf 79' lang='grc'><strong>³⁸</strong></span> <span class='ocrx_word' id='word_1_744' title='bbox 858 5798 1024 5861; x_wconf 67' lang='grc' dir='ltr'>ν.25.</span> <span class='ocrx_word' id='word_1_745' title='bbox 1101 5806 1144 5839; x_wconf 88' lang='grc'>³³</span> <span class='ocrx_word' id='word_1_746' title='bbox 1175 5805 1332 5862; x_wconf 85' lang='lat' dir='ltr'><strong>Prov.</strong></span> <span class='ocrx_word' id='word_1_747' title='bbox 1362 5805 1624 5872; x_wconf 66' lang='lat' dir='ltr'><strong>xxttt,i7.</strong></span> 
     </span>
    </p>
   </div>
   <div class='ocr_carea' id='block_1_106' title="bbox 1829 5733 2065 5793">
    <p class='ocr_par' dir='ltr' id='par_1_106' title="bbox 1829 5733 2065 5793">
     <span class='ocr_line' id='line_1_108' title="bbox 1829 5733 2065 5793; baseline 0.013 -3"><span class='ocrx_word' id='word_1_748' title='bbox 1829 5733 1874 5766; x_wconf 84' lang='lat'>&quot;</span> <span class='ocrx_word' id='word_1_749' title='bbox 1901 5750 1956 5790; x_wconf 80' lang='grc' dir='ltr'><strong>ν.</strong></span> <span class='ocrx_word' id='word_1_750' title='bbox 1980 5735 2065 5793; x_wconf 86' lang='lat' dir='ltr'><strong>l9.</strong></span> 
     </span>
    </p>
   </div>
   <div class='ocr_carea' id='block_1_107' title="bbox 2149 4779 3727 4868">
    <p class='ocr_par' dir='ltr' id='par_1_107' title="bbox 2149 4779 3727 4868">
     <span class='ocr_line' id='line_1_109' title="bbox 2149 4779 3727 4868; baseline -0.013 -15"><span class='ocrx_word' id='word_1_751' title='bbox 2149 4799 2335 4853; x_wconf 89' lang='grc' dir='ltr'>σοῦτον</span> <span class='ocrx_word' id='word_1_752' title='bbox 2386 4797 2496 4868; x_wconf 87' lang='grc' dir='ltr'>γάρ</span> <span class='ocrx_word' id='word_1_753' title='bbox 2545 4796 2662 4848; x_wconf 84' lang='grc' dir='ltr'>ἐστι</span> <span class='ocrx_word' id='word_1_754' title='bbox 2693 4789 3006 4864; x_wconf 80' lang='grc' dir='ltr'>βλαπτικὸς,</span> <span class='ocrx_word' id='word_1_755' title='bbox 3035 4787 3111 4851; x_wconf 85' lang='grc' dir='ltr'><strong>ὡς</strong></span> <span class='ocrx_word' id='word_1_756' title='bbox 3148 4785 3242 4840; x_wconf 76' lang='grc' dir='ltr'>καὶ</span> <span class='ocrx_word' id='word_1_757' title='bbox 3277 4783 3455 4846; x_wconf 83' lang='grc' dir='ltr'>ἀλλοις</span> <span class='ocrx_word' id='word_1_758' title='bbox 3499 4779 3727 4851; x_wconf 79' lang='grc' dir='ltr'>μεταδιο</span> 
     </span>
    </p>
   </div>
   <div class='ocr_carea' id='block_1_108' title="bbox 2147 4876 3484 4955">
    <p class='ocr_par' dir='ltr' id='par_1_108' title="bbox 2147 4876 3484 4955">
     <span class='ocr_line' id='line_1_110' title="bbox 2147 4876 3484 4955; baseline -0.013 -9"><span class='ocrx_word' id='word_1_759' title='bbox 2147 4891 2295 4946; x_wconf 86' lang='grc' dir='ltr'>δόναι</span> <span class='ocrx_word' id='word_1_760' title='bbox 2327 4887 2524 4951; x_wconf 90' lang='grc' dir='ltr'>κακίας</span> <span class='ocrx_word' id='word_1_761' title='bbox 2543 4904 2556 4917; x_wconf 92' lang='grc'><strong>·</strong></span> <span class='ocrx_word' id='word_1_762' title='bbox 2585 4885 2644 4951; x_wconf 83' lang='grc' dir='ltr'>ὃς</span> <span class='ocrx_word' id='word_1_763' title='bbox 2668 4885 2726 4938; x_wconf 80' lang='grc' dir='ltr'>δὲ</span> <span class='ocrx_word' id='word_1_764' title='bbox 2768 4881 3116 4955; x_wconf 85' lang='grc' dir='ltr'>μνησικακεῖ,</span> <span class='ocrx_word' id='word_1_765' title='bbox 3148 4876 3484 4948; x_wconf 86' lang='grc' dir='ltr'>παράνομος.</span> 
     </span>
    </p>
   </div>
   <div class='ocr_carea' id='block_1_109' title="bbox 2222 5042 3731 5137">
    <p class='ocr_par' dir='ltr' id='par_1_109' title="bbox 2222 5042 3731 5137">
     <span class='ocr_line' id='line_1_111' title="bbox 2222 5042 3731 5137; baseline -0.02 -13"><span class='ocrx_word' id='word_1_766' title='bbox 2222 5071 2382 5123; x_wconf 82' lang='grc' dir='ltr'>Ἐστι</span> <span class='ocrx_word' id='word_1_767' title='bbox 2430 5066 2540 5137; x_wconf 76' lang='grc' dir='ltr'>γὰρ</span> <span class='ocrx_word' id='word_1_768' title='bbox 2603 5064 2698 5118; x_wconf 72' lang='grc' dir='ltr'><strong>καὶ</strong></span> <span class='ocrx_word' id='word_1_769' title='bbox 2754 5059 2936 5130; x_wconf 81' lang='grc' dir='ltr'>ἀγαθὴ</span> <span class='ocrx_word' id='word_1_770' title='bbox 2983 5051 3274 5124; x_wconf 83' lang='grc' dir='ltr'>ἐπιθυμία·</span> <span class='ocrx_word' id='word_1_771' title='bbox 3327 5044 3578 5116; x_wconf 78' lang='grc' dir='ltr'>ἀγγέλων</span> <span class='ocrx_word' id='word_1_772' title='bbox 3621 5042 3731 5114; x_wconf 81' lang='grc' dir='ltr'><strong>μὲν</strong></span> 
     </span>
    </p>
   </div>
   <div class='ocr_carea' id='block_1_110' title="bbox 2146 5135 3733 5232">
    <p class='ocr_par' dir='ltr' id='par_1_110' title="bbox 2146 5135 3733 5232">
     <span class='ocr_line' id='line_1_112' title="bbox 2146 5135 3733 5232; baseline -0.02 -14"><span class='ocrx_word' id='word_1_773' title='bbox 2146 5158 2238 5218; x_wconf 74' lang='grc' dir='ltr'><strong>οὖν</strong></span> <span class='ocrx_word' id='word_1_774' title='bbox 2263 5163 2323 5215; x_wconf 75' lang='grc' dir='ltr'>τὸ</span> <span class='ocrx_word' id='word_1_775' title='bbox 2361 5135 2618 5232; x_wconf 78' lang='grc' dir='ltr'>μὴέπιθυ</span> <span class='ocrx_word' id='word_1_776' title='bbox 2629 5158 2747 5228; x_wconf 86' lang='grc' dir='ltr'>μεῖν</span> <span class='ocrx_word' id='word_1_777' title='bbox 2781 5169 2910 5207; x_wconf 88' lang='grc' dir='ltr'>ποτε</span> <span class='ocrx_word' id='word_1_778' title='bbox 2935 5147 3230 5219; x_wconf 76' lang='grc' dir='ltr'>ἐπιθυμίας</span> <span class='ocrx_word' id='word_1_779' title='bbox 3253 5141 3451 5206; x_wconf 88' lang='grc' dir='ltr'>κακίας</span> <span class='ocrx_word' id='word_1_780' title='bbox 3473 5155 3486 5167; x_wconf 93' lang='grc'><strong>·</strong></span> <span class='ocrx_word' id='word_1_781' title='bbox 3527 5135 3733 5208; x_wconf 85' lang='grc' dir='ltr'>δαιμό-</span> 
     </span>
    </p>
   </div>
   <div class='ocr_carea' id='block_1_111' title="bbox 2142 5229 3732 5314">
    <p class='ocr_par' dir='ltr' id='par_1_111' title="bbox 2142 5229 3732 5314">
     <span class='ocr_line' id='line_1_113' title="bbox 2142 5229 3732 5314; baseline -0.018 -4"><span class='ocrx_word' id='word_1_782' title='bbox 2142 5272 2248 5309; x_wconf 90' lang='grc' dir='ltr'><strong>νων</strong></span> <span class='ocrx_word' id='word_1_783' title='bbox 2281 5254 2338 5307; x_wconf 79' lang='grc' dir='ltr'>δὲ</span> <span class='ocrx_word' id='word_1_784' title='bbox 2358 5229 2529 5306; x_wconf 24' lang='grc' dir='ltr'>τὸνάεὶ</span> <span class='ocrx_word' id='word_1_785' title='bbox 2559 5247 2734 5310; x_wconf 85' lang='grc' dir='ltr'>κακὰς</span> <span class='ocrx_word' id='word_1_786' title='bbox 2771 5243 3089 5314; x_wconf 81' lang='grc' dir='ltr'>ἐπιθυμεῖν·</span> <span class='ocrx_word' id='word_1_787' title='bbox 3130 5234 3454 5308; x_wconf 84' lang='grc' dir='ltr'>ἀνθρώπων,</span> <span class='ocrx_word' id='word_1_788' title='bbox 3488 5231 3551 5284; x_wconf 82' lang='grc' dir='ltr'><strong>τὸ</strong></span> <span class='ocrx_word' id='word_1_789' title='bbox 3589 5229 3732 5284; x_wconf 81' lang='grc' dir='ltr'><strong>ποτέ</strong></span> 
     </span>
    </p>
   </div>
   <div class='ocr_carea' id='block_1_112' title="bbox 2145 5321 3730 5418">
    <p class='ocr_par' dir='ltr' id='par_1_112' title="bbox 2145 5321 3730 5418">
     <span class='ocr_line' id='line_1_114' title="bbox 2145 5321 3730 5418; baseline -0.018 -18"><span class='ocrx_word' id='word_1_790' title='bbox 2145 5346 2246 5418; x_wconf 83' lang='grc' dir='ltr'>μὲν</span> <span class='ocrx_word' id='word_1_791' title='bbox 2279 5343 2585 5414; x_wconf 81' lang='grc' dir='ltr'>ἐπιθυμεῖν,</span> <span class='ocrx_word' id='word_1_792' title='bbox 2619 5339 2749 5392; x_wconf 84' lang='grc' dir='ltr'>ποτὲ</span> <span class='ocrx_word' id='word_1_793' title='bbox 2769 5336 2826 5390; x_wconf 84' lang='grc' dir='ltr'><strong>δέ</strong></span> <span class='ocrx_word' id='word_1_794' title='bbox 2858 5335 2932 5407; x_wconf 81' lang='grc' dir='ltr'>μή</span> <span class='ocrx_word' id='word_1_795' title='bbox 2954 5351 2968 5363; x_wconf 94' lang='grc'><strong>·</strong></span> <span class='ocrx_word' id='word_1_796' title='bbox 2999 5331 3060 5385; x_wconf 81' lang='grc' dir='ltr'><strong>τὸ</strong></span> <span class='ocrx_word' id='word_1_797' title='bbox 3089 5330 3146 5384; x_wconf 77' lang='grc' dir='ltr'>δὲ</span> <span class='ocrx_word' id='word_1_798' title='bbox 3182 5329 3310 5398; x_wconf 83' lang='grc' dir='ltr'>ὃλην</span> <span class='ocrx_word' id='word_1_799' title='bbox 3350 5326 3448 5396; x_wconf 84' lang='grc' dir='ltr'><strong>τὴν</strong></span> <span class='ocrx_word' id='word_1_800' title='bbox 3480 5321 3730 5394; x_wconf 75' lang='grc' dir='ltr'>ἡμέραν,</span> 
     </span>
    </p>
   </div>
   <div class='ocr_carea' id='block_1_113' title="bbox 2142 5412 3733 5500">
    <p class='ocr_par' dir='ltr' id='par_1_113' title="bbox 2142 5412 3733 5500">
     <span class='ocr_line' id='line_1_115' title="bbox 2142 5412 3733 5500; baseline -0.018 -7"><span class='ocrx_word' id='word_1_801' title='bbox 2142 5439 2264 5492; x_wconf 73' lang='grc' dir='ltr'>ἀντὶ</span> <span class='ocrx_word' id='word_1_802' title='bbox 2291 5437 2356 5490; x_wconf 88' lang='grc' dir='ltr'>δι’</span> <span class='ocrx_word' id='word_1_803' title='bbox 2389 5436 2511 5490; x_wconf 82' lang='grc' dir='ltr'>ὅλου</span> <span class='ocrx_word' id='word_1_804' title='bbox 2543 5430 2638 5485; x_wconf 91' lang='grc' dir='ltr'><strong>τοῦ</strong></span> <span class='ocrx_word' id='word_1_805' title='bbox 2694 5429 2845 5500; x_wconf 86' lang='grc' dir='ltr'>βίου·</span> <span class='ocrx_word' id='word_1_806' title='bbox 2899 5423 3139 5479; x_wconf 81' lang='grc' dir='ltr'>τοιοῦτόν</span> <span class='ocrx_word' id='word_1_807' title='bbox 3190 5422 3306 5472; x_wconf 83' lang='grc' dir='ltr'>ἐστι</span> <span class='ocrx_word' id='word_1_808' title='bbox 3359 5414 3453 5469; x_wconf 76' lang='grc' dir='ltr'>καὶ</span> <span class='ocrx_word' id='word_1_809' title='bbox 3496 5413 3582 5476; x_wconf 81' lang='grc' dir='ltr'><strong>τὸ,</strong></span> <span class='ocrx_word' id='word_1_810' title='bbox 3625 5412 3733 5465; x_wconf 77' lang='grc' dir='ltr'><strong>Ἐν</strong></span> 
     </span>
    </p>
   </div>
   <div class='ocr_carea' id='block_1_114' title="bbox 2143 5501 3734 5600">
    <p class='ocr_par' dir='ltr' id='par_1_114' title="bbox 2143 5501 3734 5600">
     <span class='ocr_line' id='line_1_116' title="bbox 2143 5501 3734 5600; baseline -0.018 -15"><span class='ocrx_word' id='word_1_811' title='bbox 2143 5530 2306 5600; x_wconf 67' lang='grc' dir='ltr'>φόϐῳ</span> <span class='ocrx_word' id='word_1_812' title='bbox 2333 5527 2559 5595; x_wconf 84' lang='grc' dir='ltr'>Κυρίου</span> <span class='ocrx_word' id='word_1_813' title='bbox 2590 5523 2714 5579; x_wconf 77' lang='grc' dir='ltr'>ἴσθι</span> <span class='ocrx_word' id='word_1_814' title='bbox 2741 5519 2896 5588; x_wconf 75' lang='grc' dir='ltr'>ὅλην</span> <span class='ocrx_word' id='word_1_815' title='bbox 2925 5515 3041 5584; x_wconf 79' lang='grc' dir='ltr'>τὴν</span> <span class='ocrx_word' id='word_1_816' title='bbox 3067 5510 3314 5584; x_wconf 76' lang='grc' dir='ltr'>ἡμέραν,</span> <span class='ocrx_word' id='word_1_817' title='bbox 3345 5505 3477 5578; x_wconf 76' lang='grc' dir='ltr'>ἀντὶ</span> <span class='ocrx_word' id='word_1_818' title='bbox 3521 5501 3619 5557; x_wconf 89' lang='grc' dir='ltr'><strong>τοῦ</strong></span> <span class='ocrx_word' id='word_1_819' title='bbox 3653 5501 3734 5558; x_wconf 73' lang='grc' dir='ltr'>δι’</span> 
     </span>
    </p>
   </div>
   <div class='ocr_carea' id='block_1_115' title="bbox 2142 5617 2541 5688">
    <p class='ocr_par' dir='ltr' id='par_1_115' title="bbox 2142 5617 2541 5688">
     <span class='ocr_line' id='line_1_117' title="bbox 2142 5617 2541 5688; baseline -0.015 -14"><span class='ocrx_word' id='word_1_820' title='bbox 2142 5620 2264 5675; x_wconf 79' lang='grc' dir='ltr'>ὅλου</span> <span class='ocrx_word' id='word_1_821' title='bbox 2289 5618 2384 5673; x_wconf 91' lang='grc' dir='ltr'><strong>τοῦ</strong></span> <span class='ocrx_word' id='word_1_822' title='bbox 2407 5617 2541 5688; x_wconf 86' lang='grc' dir='ltr'>βίου.</span> 
     </span>
    </p>
   </div>
   <div class='ocr_carea' id='block_1_116' title="bbox 2171 5708 3704 5802">
    <p class='ocr_par' dir='ltr' id='par_1_116' title="bbox 2171 5708 3704 5802">
     <span class='ocr_line' id='line_1_118' title="bbox 2171 5708 3704 5802; baseline -0.013 -11"><span class='ocrx_word' id='word_1_823' title='bbox 2171 5735 2214 5768; x_wconf 78' lang='grc'>³⁷</span> <span class='ocrx_word' id='word_1_824' title='bbox 2247 5732 2388 5790; x_wconf 77' lang='lat' dir='ltr'><strong>Psal.</strong></span> <span class='ocrx_word' id='word_1_825' title='bbox 2428 5744 2563 5798; x_wconf 72' lang='lat' dir='ltr'><strong>uti,</strong></span> <span class='ocrx_word' id='word_1_826' title='bbox 2599 5730 2656 5786; x_wconf 79' lang='lat'><strong>3.</strong></span> <span class='ocrx_word' id='word_1_827' title='bbox 2725 5729 2803 5802; x_wconf 15' lang='grc'>’,⁸⁸</span> <span class='ocrx_word' id='word_1_828' title='bbox 2829 5743 2880 5781; x_wconf 79' lang='lat' dir='ltr'><strong>v.</strong></span> <span class='ocrx_word' id='word_1_829' title='bbox 2911 5724 3002 5779; x_wconf 70' lang='lat'><strong>20.</strong></span> <span class='ocrx_word' id='word_1_830' title='bbox 3093 5723 3138 5754; x_wconf 76' lang='grc'><strong>⁸⁸</strong></span> <span class='ocrx_word' id='word_1_831' title='bbox 3165 5717 3332 5775; x_wconf 73' lang='lat' dir='ltr'><strong>v.22.</strong></span> <span class='ocrx_word' id='word_1_832' title='bbox 3431 5713 3478 5748; x_wconf 75' lang='grc'><strong>⁸⁸</strong></span> <span class='ocrx_word' id='word_1_833' title='bbox 3515 5727 3570 5768; x_wconf 86' lang='lat' dir='ltr'><strong>v.</strong></span> <span class='ocrx_word' id='word_1_834' title='bbox 3598 5708 3704 5772; x_wconf 66' lang='grc' dir='ltr'><strong>τε.</strong></span> 
     </span>
    </p>
   </div>
  </div>
