  <div class='ocr_page' id='page_1' title='image "/cluster/home/n/w/nwhite01/storage/ocr_20150623/17/hvd.32044051719607/118.png"; bbox 0 0 3926 6530; ppageno 0'>
   <div class='ocr_carea' id='block_1_1' title="bbox 180 385 2294 472">
    <p class='ocr_par' dir='ltr' id='par_1_1' title="bbox 180 385 2294 472">
     <span class='ocr_line' id='line_1_1' title="bbox 180 385 2294 472; baseline 0.013 -29"><span class='ocrx_word' id='word_1_1' title='bbox 180 385 238 443; x_wconf 69' lang='lat' dir='ltr'><strong>lli</strong></span> <span class='ocrx_word' id='word_1_2' title='bbox 1119 448 1125 453; x_wconf 87' lang='lat'><strong>.</strong></span> <span class='ocrx_word' id='word_1_3' title='bbox 1368 401 1734 462; x_wconf 80' lang='lat' dir='ltr'><strong>EXPOSITIO</strong></span> <span class='ocrx_word' id='word_1_4' title='bbox 1774 409 1840 464; x_wconf 83' lang='lat' dir='ltr'><strong>IN</strong></span> <span class='ocrx_word' id='word_1_5' title='bbox 1878 408 2015 465; x_wconf 81' lang='lat' dir='ltr'><strong>PRO</strong></span> <span class='ocrx_word' id='word_1_6' title='bbox 2024 411 2294 472; x_wconf 71' lang='lat' dir='ltr'><strong>VERBIA.</strong></span> 
     </span>
    </p>
   </div>
   <div class='ocr_carea' id='block_1_2' title="bbox 3348 432 3459 487">
    <p class='ocr_par' dir='ltr' id='par_1_2' title="bbox 3348 432 3459 487">
     <span class='ocr_line' id='line_1_2' title="bbox 3348 432 3459 487; baseline 0.018 -2"><span class='ocrx_word' id='word_1_7' title='bbox 3348 432 3459 487; x_wconf 68' lang='grc'><strong>218</strong></span> 
     </span>
    </p>
   </div>
   <div class='ocr_carea' id='block_1_3' title="bbox 170 503 1779 613">
    <p class='ocr_par' dir='ltr' id='par_1_3' title="bbox 170 503 1779 613">
     <span class='ocr_line' id='line_1_3' title="bbox 170 503 1779 591; baseline 0.016 -38"><span class='ocrx_word' id='word_1_8' title='bbox 170 548 171 555; x_wconf 45' lang='grc' dir='ltr'><strong>η</strong></span> <span class='ocrx_word' id='word_1_9' title='bbox 216 505 364 557; x_wconf 72' lang='grc' dir='ltr'>Ἵππον</span> <span class='ocrx_word' id='word_1_10' title='bbox 382 503 560 573; x_wconf 76' lang='grc' dir='ltr'>λέγει</span> <span class='ocrx_word' id='word_1_11' title='bbox 594 509 717 566; x_wconf 71' lang='grc' dir='ltr'>τὸν</span> <span class='ocrx_word' id='word_1_12' title='bbox 753 515 945 584; x_wconf 80' lang='grc' dir='ltr'>νοῦν,</span> <span class='ocrx_word' id='word_1_13' title='bbox 978 518 1069 570; x_wconf 76' lang='grc' dir='ltr'><strong>τὸν</strong></span> <span class='ocrx_word' id='word_1_14' title='bbox 1101 517 1504 591; x_wconf 80' lang='grc' dir='ltr'><strong>πολεμούμενον</strong></span> <span class='ocrx_word' id='word_1_15' title='bbox 1545 524 1651 577; x_wconf 83' lang='grc' dir='ltr'>ὑπὸ</span> <span class='ocrx_word' id='word_1_16' title='bbox 1694 526 1779 579; x_wconf 73' lang='grc' dir='ltr'>τοῦ</span> 
     </span>
     <span class='ocr_line' id='line_1_4' title="bbox 178 593 1559 613; baseline 0 0"><span class='ocrx_word' id='word_1_17' title='bbox 178 593 307 613; x_wconf 45' lang='grc' dir='ltr'><strong>,λιν</strong></span> <span class='ocrx_word' id='word_1_18' title='bbox 489 598 504 612; x_wconf 82' lang='grc'><strong>.</strong></span> <span class='ocrx_word' id='word_1_19' title='bbox 571 600 586 613; x_wconf 88' lang='grc'><strong>.</strong></span> <span class='ocrx_word' id='word_1_20' title='bbox 817 605 837 613; x_wconf 82' lang='lat'>_</span> <span class='ocrx_word' id='word_1_21' title='bbox 982 607 1007 613; x_wconf 86' lang='lat'><strong><em>_</em></strong></span> <span class='ocrx_word' id='word_1_22' title='bbox 1186 609 1239 613; x_wconf 85' lang='lat'>__</span> <span class='ocrx_word' id='word_1_23' title='bbox 1336 610 1381 613; x_wconf 60' lang='lat'><strong>,_</strong></span> <span class='ocrx_word' id='word_1_24' title='bbox 1554 612 1559 613; x_wconf 63' lang='lat'><strong><em>,</em></strong></span> 
     </span>
    </p>
   </div>
   <div class='ocr_carea' id='block_1_4' title="bbox 1896 503 3458 613">
    <p class='ocr_par' dir='ltr' id='par_1_4' title="bbox 1962 527 3458 613">
     <span class='ocr_line' id='line_1_5' title="bbox 1962 527 3458 613; baseline 0.017 -30"><span class='ocrx_word' id='word_1_25' title='bbox 1962 529 2006 560; x_wconf 75' lang='grc'>³⁸</span> <span class='ocrx_word' id='word_1_26' title='bbox 2034 527 2244 601; x_wconf 81' lang='lat' dir='ltr'><strong>Equum</strong></span> <span class='ocrx_word' id='word_1_27' title='bbox 2279 533 2409 590; x_wconf 95' lang='lat' dir='ltr'><strong>dicit</strong></span> <span class='ocrx_word' id='word_1_28' title='bbox 2442 546 2699 603; x_wconf 89' lang='lat' dir='ltr'><strong>mentem,</strong></span> <span class='ocrx_word' id='word_1_29' title='bbox 2746 555 2779 595; x_wconf 87' lang='lat' dir='ltr'><strong>a</strong></span> <span class='ocrx_word' id='word_1_30' title='bbox 2814 541 3035 599; x_wconf 82' lang='lat' dir='ltr'><strong>diabolo</strong></span> <span class='ocrx_word' id='word_1_31' title='bbox 3069 554 3458 613; x_wconf 58' lang='lat' dir='ltr'><strong>oppugnant&quot;.</strong></span> 
     </span>
    </p>
   </div>
   <div class='ocr_carea' id='block_1_5' title="bbox 173 593 1779 704">
    <p class='ocr_par' dir='ltr' id='par_1_5' title="bbox 173 593 1779 686">
     <span class='ocr_line' id='line_1_6' title="bbox 173 593 1779 686; baseline 0.022 -43"><span class='ocrx_word' id='word_1_32' title='bbox 173 593 362 659; x_wconf 59' lang='grc' dir='ltr'>διαϐόλου,</span> <span class='ocrx_word' id='word_1_33' title='bbox 403 598 519 649; x_wconf 81' lang='grc' dir='ltr'><strong>καί</strong></span> <span class='ocrx_word' id='word_1_34' title='bbox 556 600 1139 678; x_wconf 80' lang='grc' dir='ltr'>ἁντιπολεμοῦντα’</span> <span class='ocrx_word' id='word_1_35' title='bbox 1186 609 1473 679; x_wconf 75' lang='grc' dir='ltr'><strong>Ἑπιὸήσῃ</strong></span> <span class='ocrx_word' id='word_1_36' title='bbox 1507 612 1634 683; x_wconf 83' lang='grc' dir='ltr'>γὰρ,</span> <span class='ocrx_word' id='word_1_37' title='bbox 1682 632 1779 686; x_wconf 84' lang='grc' dir='ltr'><strong>φη-</strong></span> 
     </span>
    </p>
   </div>
   <div class='ocr_carea' id='block_1_6' title="bbox 1896 593 3454 704">
    <p class='ocr_par' dir='ltr' id='par_1_6' title="bbox 1896 593 3454 704">
     <span class='ocr_line' id='line_1_7' title="bbox 1896 593 3454 704; baseline 0.012 -30"><span class='ocrx_word' id='word_1_38' title='bbox 1896 621 1975 675; x_wconf 83' lang='lat' dir='ltr'><strong>cui</strong></span> <span class='ocrx_word' id='word_1_39' title='bbox 2010 630 2186 679; x_wconf 87' lang='lat' dir='ltr'><strong>tamen</strong></span> <span class='ocrx_word' id='word_1_40' title='bbox 2233 627 2348 695; x_wconf 90' lang='lat' dir='ltr'><strong>ipsa</strong></span> <span class='ocrx_word' id='word_1_41' title='bbox 2403 642 2687 699; x_wconf 77' lang='lat' dir='ltr'><strong>repugnat.</strong></span> <span class='ocrx_word' id='word_1_42' title='bbox 2731 634 2991 689; x_wconf 76' lang='lat' dir='ltr'><strong>Ascendes</strong></span> <span class='ocrx_word' id='word_1_43' title='bbox 3056 593 3454 704; x_wconf 48' lang='lat' dir='ltr'><strong>enirmfinquit.</strong></span> 
     </span>
    </p>
   </div>
   <div class='ocr_carea' id='block_1_7' title="bbox 176 686 1785 774">
    <p class='ocr_par' dir='ltr' id='par_1_7' title="bbox 176 686 1785 774">
     <span class='ocr_line' id='line_1_8' title="bbox 176 686 1785 774; baseline 0.016 -39"><span class='ocrx_word' id='word_1_44' title='bbox 176 687 236 747; x_wconf 69' lang='grc' dir='ltr'>σίν,</span> <span class='ocrx_word' id='word_1_45' title='bbox 259 686 337 738; x_wconf 70' lang='grc' dir='ltr'><strong>ἐπὶ</strong></span> <span class='ocrx_word' id='word_1_46' title='bbox 376 688 540 755; x_wconf 83' lang='grc' dir='ltr'>τοὺς</span> <span class='ocrx_word' id='word_1_47' title='bbox 602 692 894 763; x_wconf 78' lang='grc' dir='ltr'><strong>ἵππους</strong></span> <span class='ocrx_word' id='word_1_48' title='bbox 948 715 1097 752; x_wconf 90' lang='grc' dir='ltr'>σου·</span> <span class='ocrx_word' id='word_1_49' title='bbox 1145 700 1243 753; x_wconf 82' lang='grc' dir='ltr'><strong>καί</strong></span> <span class='ocrx_word' id='word_1_50' title='bbox 1275 701 1314 768; x_wconf 81' lang='grc' dir='ltr'>ἡ</span> <span class='ocrx_word' id='word_1_51' title='bbox 1345 704 1605 759; x_wconf 67' lang='lat' dir='ltr'><strong>laxavit:</strong></span> <span class='ocrx_word' id='word_1_52' title='bbox 1647 725 1785 774; x_wconf 90' lang='grc' dir='ltr'>σου,</span> 
     </span>
    </p>
   </div>
   <div class='ocr_carea' id='block_1_8' title="bbox 175 777 1787 865">
    <p class='ocr_par' dir='ltr' id='par_1_8' title="bbox 175 777 1787 865">
     <span class='ocr_line' id='line_1_9' title="bbox 175 777 1787 865; baseline 0.016 -38"><span class='ocrx_word' id='word_1_53' title='bbox 175 777 395 843; x_wconf 75' lang='grc' dir='ltr'>σωτηρία·</span> <span class='ocrx_word' id='word_1_54' title='bbox 446 780 565 833; x_wconf 66' lang='grc' dir='ltr'><strong>καὶ</strong></span> <span class='ocrx_word' id='word_1_55' title='bbox 598 781 721 836; x_wconf 79' lang='grc' dir='ltr'><strong>ἐπὶ</strong></span> <span class='ocrx_word' id='word_1_56' title='bbox 757 786 875 839; x_wconf 79' lang='grc' dir='ltr'>τοῦ</span> <span class='ocrx_word' id='word_1_57' title='bbox 918 789 1136 844; x_wconf 81' lang='grc' dir='ltr'>Παύλου</span> <span class='ocrx_word' id='word_1_58' title='bbox 1167 793 1196 845; x_wconf 99' lang='lat'><strong>6</strong></span> <span class='ocrx_word' id='word_1_59' title='bbox 1231 792 1436 865; x_wconf 86' lang='grc' dir='ltr'>Κύριος</span> <span class='ocrx_word' id='word_1_60' title='bbox 1462 810 1475 825; x_wconf 81' lang='grc'>⁶</span> <span class='ocrx_word' id='word_1_61' title='bbox 1516 796 1627 851; x_wconf 85' lang='grc' dir='ltr'><strong>Τοῦ</strong></span> <span class='ocrx_word' id='word_1_62' title='bbox 1667 799 1787 863; x_wconf 79' lang='grc' dir='ltr'>,βα-</span> 
     </span>
    </p>
   </div>
   <div class='ocr_carea' id='block_1_9' title="bbox 175 869 1090 952">
    <p class='ocr_par' dir='ltr' id='par_1_9' title="bbox 175 869 1090 952">
     <span class='ocr_line' id='line_1_10' title="bbox 175 869 1090 952; baseline 0.015 -31"><span class='ocrx_word' id='word_1_63' title='bbox 175 869 327 923; x_wconf 80' lang='grc' dir='ltr'>στάσαι</span> <span class='ocrx_word' id='word_1_64' title='bbox 354 870 421 924; x_wconf 80' lang='grc' dir='ltr'><strong>τὸ</strong></span> <span class='ocrx_word' id='word_1_65' title='bbox 458 871 696 943; x_wconf 73' lang='grc' dir='ltr'>ὄνομά</span> <span class='ocrx_word' id='word_1_66' title='bbox 713 894 893 945; x_wconf 78' lang='grc' dir='ltr'>μου,</span> <span class='ocrx_word' id='word_1_67' title='bbox 931 882 1090 952; x_wconf 79' lang='grc' dir='ltr'>φησί.</span> 
     </span>
    </p>
   </div>
   <div class='ocr_carea' id='block_1_10' title="bbox 1887 725 3457 791">
    <p class='ocr_par' dir='ltr' id='par_1_10' title="bbox 1887 725 3457 791">
     <span class='ocr_line' id='line_1_11' title="bbox 1887 725 3457 791; baseline 0.011 -26"><span class='ocrx_word' id='word_1_68' title='bbox 1887 730 2044 783; x_wconf 86' lang='lat' dir='ltr'><strong>super</strong></span> <span class='ocrx_word' id='word_1_69' title='bbox 2072 731 2231 784; x_wconf 82' lang='lat' dir='ltr'><strong>equos</strong></span> <span class='ocrx_word' id='word_1_70' title='bbox 2256 728 2407 785; x_wconf 80' lang='lat' dir='ltr'><strong>tuos;</strong></span> <span class='ocrx_word' id='word_1_71' title='bbox 2436 729 2485 774; x_wconf 86' lang='lat' dir='ltr'><strong>et</strong></span> <span class='ocrx_word' id='word_1_72' title='bbox 2508 726 2769 791; x_wconf 78' lang='lat' dir='ltr'><strong>equitatus</strong></span> <span class='ocrx_word' id='word_1_73' title='bbox 2793 736 2933 791; x_wconf 84' lang='lat' dir='ltr'><strong>tuus,</strong></span> <span class='ocrx_word' id='word_1_74' title='bbox 2966 725 3187 780; x_wconf 75' lang='lat' dir='ltr'><strong>saluatio</strong></span> <span class='ocrx_word' id='word_1_75' title='bbox 3206 726 3272 780; x_wconf 77' lang='lat'><strong>&quot;.</strong></span> <span class='ocrx_word' id='word_1_76' title='bbox 3300 725 3363 781; x_wconf 81' lang='lat' dir='ltr'><strong>Et</strong></span> <span class='ocrx_word' id='word_1_77' title='bbox 3390 728 3457 783; x_wconf 90' lang='lat' dir='ltr'><strong>de</strong></span> 
     </span>
    </p>
   </div>
   <div class='ocr_carea' id='block_1_11' title="bbox 1885 802 3403 885">
    <p class='ocr_par' dir='ltr' id='par_1_11' title="bbox 1885 802 3403 885">
     <span class='ocr_line' id='line_1_12' title="bbox 1885 802 3403 885; baseline 0.013 -29"><span class='ocrx_word' id='word_1_78' title='bbox 1885 802 2051 858; x_wconf 84' lang='lat' dir='ltr'><strong>Paulo</strong></span> <span class='ocrx_word' id='word_1_79' title='bbox 2079 804 2361 875; x_wconf 85' lang='lat' dir='ltr'><strong>Dominus,</strong></span> <span class='ocrx_word' id='word_1_80' title='bbox 2390 808 2459 865; x_wconf 89' lang='lat' dir='ltr'><strong>Ut</strong></span> <span class='ocrx_word' id='word_1_81' title='bbox 2478 824 2671 881; x_wconf 86' lang='lat' dir='ltr'><strong>portet,</strong></span> <span class='ocrx_word' id='word_1_82' title='bbox 2706 814 2905 885; x_wconf 85' lang='lat' dir='ltr'><strong>inquit,</strong></span> <span class='ocrx_word' id='word_1_83' title='bbox 2929 832 3120 873; x_wconf 81' lang='lat' dir='ltr'><strong><em>nomen</em></strong></span> <span class='ocrx_word' id='word_1_84' title='bbox 3147 834 3317 873; x_wconf 84' lang='lat' dir='ltr'><strong>meum</strong></span> <span class='ocrx_word' id='word_1_85' title='bbox 3337 819 3403 875; x_wconf 80' lang='grc'><strong>³⁸.</strong></span> 
     </span>
    </p>
   </div>
   <div class='ocr_carea' id='block_1_12' title="bbox 1667 981 2026 1042">
    <p class='ocr_par' dir='ltr' id='par_1_12' title="bbox 1667 981 2026 1042">
     <span class='ocr_line' id='line_1_13' title="bbox 1667 981 2026 1042; baseline 0.017 -7"><span class='ocrx_word' id='word_1_86' title='bbox 1667 981 1818 1039; x_wconf 76' lang='lat' dir='ltr'><strong>CAP.</strong></span> <span class='ocrx_word' id='word_1_87' title='bbox 1859 984 2026 1042; x_wconf 78' lang='lat' dir='ltr'><strong>XXII.</strong></span> 
     </span>
    </p>
   </div>
   <div class='ocr_carea' id='block_1_13' title="bbox 218 1056 1781 1148">
    <p class='ocr_par' dir='ltr' id='par_1_13' title="bbox 218 1056 1781 1148">
     <span class='ocr_line' id='line_1_14' title="bbox 218 1056 1781 1148; baseline 0.017 -41"><span class='ocrx_word' id='word_1_88' title='bbox 218 1056 297 1126; x_wconf 62' lang='grc' dir='ltr'>Τὴν</span> <span class='ocrx_word' id='word_1_89' title='bbox 327 1063 805 1148; x_wconf 61' lang='grc' dir='ltr'>σημαινομένην</span> <span class='ocrx_word' id='word_1_90' title='bbox 851 1067 1067 1141; x_wconf 75' lang='grc' dir='ltr'>ἀρετὴν</span> <span class='ocrx_word' id='word_1_91' title='bbox 1103 1071 1209 1125; x_wconf 75' lang='grc' dir='ltr'><strong>ὑπὸ</strong></span> <span class='ocrx_word' id='word_1_92' title='bbox 1254 1073 1456 1128; x_wconf 78' lang='grc' dir='ltr'><strong>οἰκείου</strong></span> <span class='ocrx_word' id='word_1_93' title='bbox 1495 1077 1781 1148; x_wconf 82' lang='grc' dir='ltr'>ὀνόματος,</span> 
     </span>
    </p>
   </div>
   <div class='ocr_carea' id='block_1_14' title="bbox 180 1143 1784 1232">
    <p class='ocr_par' dir='ltr' id='par_1_14' title="bbox 180 1143 1784 1232">
     <span class='ocr_line' id='line_1_15' title="bbox 180 1143 1784 1232; baseline 0.016 -36"><span class='ocrx_word' id='word_1_94' title='bbox 180 1146 293 1215; x_wconf 62' lang='lat' dir='ltr'><strong>imp:</strong></span> <span class='ocrx_word' id='word_1_95' title='bbox 318 1143 469 1227; x_wconf 54' lang='grc' dir='ltr'><strong>εἷπε⁸</strong></span> <span class='ocrx_word' id='word_1_96' title='bbox 496 1150 696 1206; x_wconf 83' lang='grc' dir='ltr'>καλόν</span> <span class='ocrx_word' id='word_1_97' title='bbox 718 1171 736 1184; x_wconf 89' lang='grc'><strong>·</strong></span> <span class='ocrx_word' id='word_1_98' title='bbox 779 1157 964 1212; x_wconf 82' lang='grc' dir='ltr'>τοῦτο</span> <span class='ocrx_word' id='word_1_99' title='bbox 988 1160 1095 1232; x_wconf 85' lang='grc' dir='ltr'>γάρ</span> <span class='ocrx_word' id='word_1_100' title='bbox 1117 1162 1230 1215; x_wconf 77' lang='grc' dir='ltr'>ἐστι</span> <span class='ocrx_word' id='word_1_101' title='bbox 1269 1162 1365 1216; x_wconf 61' lang='grc' dir='ltr'><strong>καὶ¹</strong></span> <span class='ocrx_word' id='word_1_102' title='bbox 1388 1164 1549 1219; x_wconf 83' lang='grc' dir='ltr'>καλὸν</span> <span class='ocrx_word' id='word_1_103' title='bbox 1576 1143 1634 1219; x_wconf 69' lang='grc' dir='ltr'><strong>τὸ</strong></span> <span class='ocrx_word' id='word_1_104' title='bbox 1665 1168 1784 1221; x_wconf 81' lang='grc' dir='ltr'>δνο-</span> 
     </span>
    </p>
   </div>
   <div class='ocr_carea' id='block_1_15' title="bbox 184 1240 1785 1321">
    <p class='ocr_par' dir='ltr' id='par_1_15' title="bbox 184 1240 1785 1321">
     <span class='ocr_line' id='line_1_16' title="bbox 184 1240 1785 1321; baseline 0.015 -32"><span class='ocrx_word' id='word_1_105' title='bbox 184 1257 247 1309; x_wconf 75' lang='grc' dir='ltr'><strong>μι,</strong></span> <span class='ocrx_word' id='word_1_106' title='bbox 268 1240 390 1310; x_wconf 72' lang='grc' dir='ltr'>ὅπερ</span> <span class='ocrx_word' id='word_1_107' title='bbox 414 1240 543 1312; x_wconf 72' lang='grc' dir='ltr'>ἔχει</span> <span class='ocrx_word' id='word_1_108' title='bbox 573 1243 651 1297; x_wconf 83' lang='grc' dir='ltr'><strong>τὸ</strong></span> <span class='ocrx_word' id='word_1_109' title='bbox 716 1251 1152 1320; x_wconf 80' lang='grc' dir='ltr'><strong>σημαινόμενον</strong></span> <span class='ocrx_word' id='word_1_110' title='bbox 1194 1253 1426 1321; x_wconf 82' lang='grc' dir='ltr'>ἀγαθόν·</span> <span class='ocrx_word' id='word_1_111' title='bbox 1464 1255 1637 1320; x_wconf 72' lang='grc' dir='ltr'>οὕτως</span> <span class='ocrx_word' id='word_1_112' title='bbox 1663 1258 1785 1312; x_wconf 86' lang='grc' dir='ltr'>ούδὲ</span> 
     </span>
    </p>
   </div>
   <div class='ocr_carea' id='block_1_16' title="bbox 180 1332 1789 1418">
    <p class='ocr_par' dir='ltr' id='par_1_16' title="bbox 180 1332 1789 1418">
     <span class='ocr_line' id='line_1_17' title="bbox 180 1332 1789 1418; baseline 0.014 -37"><span class='ocrx_word' id='word_1_113' title='bbox 180 1333 246 1402; x_wconf 72' lang='grc' dir='ltr'>τὴν</span> <span class='ocrx_word' id='word_1_114' title='bbox 264 1332 426 1386; x_wconf 68' lang='grc' dir='ltr'>ἄδικον</span> <span class='ocrx_word' id='word_1_115' title='bbox 458 1338 740 1402; x_wconf 81' lang='grc' dir='ltr'>γυναῖκα</span> <span class='ocrx_word' id='word_1_116' title='bbox 786 1342 1167 1415; x_wconf 81' lang='grc' dir='ltr'><strong>Δικαιοσύνην</strong></span> <span class='ocrx_word' id='word_1_117' title='bbox 1208 1346 1547 1418; x_wconf 80' lang='grc' dir='ltr'>καλουμένην</span> <span class='ocrx_word' id='word_1_118' title='bbox 1571 1350 1789 1403; x_wconf 80' lang='grc' dir='ltr'>ἐπαινέ-</span> 
     </span>
    </p>
   </div>
   <div class='ocr_carea' id='block_1_17' title="bbox 186 1425 1787 1509">
    <p class='ocr_par' dir='ltr' id='par_1_17' title="bbox 186 1425 1787 1509">
     <span class='ocr_line' id='line_1_18' title="bbox 186 1425 1787 1509; baseline 0.013 -34"><span class='ocrx_word' id='word_1_119' title='bbox 186 1425 475 1494; x_wconf 49' lang='lat' dir='ltr'><strong>memmi:</strong></span> <span class='ocrx_word' id='word_1_120' title='bbox 504 1427 617 1498; x_wconf 83' lang='grc' dir='ltr'>τὴν</span> <span class='ocrx_word' id='word_1_121' title='bbox 648 1429 918 1502; x_wconf 72' lang='grc' dir='ltr'>ἔχουσαν</span> <span class='ocrx_word' id='word_1_122' title='bbox 950 1435 1049 1507; x_wconf 74' lang='grc' dir='ltr'><strong>τὴν</strong></span> <span class='ocrx_word' id='word_1_123' title='bbox 1080 1436 1440 1509; x_wconf 86' lang='grc' dir='ltr'>δικαιοσύνην,</span> <span class='ocrx_word' id='word_1_124' title='bbox 1469 1440 1571 1495; x_wconf 81' lang='grc' dir='ltr'><strong>κᾶν</strong></span> <span class='ocrx_word' id='word_1_125' title='bbox 1603 1441 1787 1497; x_wconf 81' lang='grc' dir='ltr'>ἀδικία</span> 
     </span>
    </p>
   </div>
   <div class='ocr_carea' id='block_1_18' title="bbox 189 1516 1783 1606">
    <p class='ocr_par' dir='ltr' id='par_1_18' title="bbox 189 1516 1783 1606">
     <span class='ocr_line' id='line_1_19' title="bbox 189 1516 1783 1606; baseline 0.014 -40"><span class='ocrx_word' id='word_1_126' title='bbox 189 1516 455 1587; x_wconf 64' lang='grc' dir='ltr'>νομίζηται·</span> <span class='ocrx_word' id='word_1_127' title='bbox 526 1519 699 1593; x_wconf 81' lang='grc' dir='ltr'>ὑπὲρ</span> <span class='ocrx_word' id='word_1_128' title='bbox 774 1524 869 1595; x_wconf 88' lang='grc' dir='ltr'><strong>δὲ⁹</strong></span> <span class='ocrx_word' id='word_1_129' title='bbox 899 1525 1167 1599; x_wconf 81' lang='grc' dir='ltr'>ἀργύριον</span> <span class='ocrx_word' id='word_1_130' title='bbox 1201 1529 1292 1583; x_wconf 75' lang='grc' dir='ltr'><strong>καὶ</strong></span> <span class='ocrx_word' id='word_1_131' title='bbox 1328 1531 1570 1603; x_wconf 88' lang='grc' dir='ltr'>χρυσίον,</span> <span class='ocrx_word' id='word_1_132' title='bbox 1618 1535 1783 1606; x_wconf 85' lang='grc' dir='ltr'>σοφία</span> 
     </span>
    </p>
   </div>
   <div class='ocr_carea' id='block_1_19' title="bbox 191 1606 319 1677">
    <p class='ocr_par' dir='ltr' id='par_1_19' title="bbox 191 1606 319 1677">
     <span class='ocr_line' id='line_1_20' title="bbox 191 1606 319 1677; baseline 0.008 -19"><span class='ocrx_word' id='word_1_133' title='bbox 191 1606 319 1677; x_wconf 74' lang='grc' dir='ltr'>θεῖκή.</span> 
     </span>
    </p>
   </div>
   <div class='ocr_carea' id='block_1_20' title="bbox 238 1699 1782 1791">
    <p class='ocr_par' dir='ltr' id='par_1_20' title="bbox 238 1699 1782 1791">
     <span class='ocr_line' id='line_1_21' title="bbox 238 1699 1782 1791; baseline 0.014 -40"><span class='ocrx_word' id='word_1_134' title='bbox 238 1699 560 1753; x_wconf 78' lang='grc' dir='ltr'>Συναντῶσιν</span> <span class='ocrx_word' id='word_1_135' title='bbox 575 1700 889 1775; x_wconf 79' lang='grc' dir='ltr'>ἀλλήλοις,</span> <span class='ocrx_word' id='word_1_136' title='bbox 920 1707 951 1759; x_wconf 89' lang='lat'><strong>6</strong></span> <span class='ocrx_word' id='word_1_137' title='bbox 981 1708 1081 1779; x_wconf 87' lang='grc' dir='ltr'>μὲν</span> <span class='ocrx_word' id='word_1_138' title='bbox 1107 1709 1359 1777; x_wconf 87' lang='grc' dir='ltr'>πλούσιος</span> <span class='ocrx_word' id='word_1_139' title='bbox 1380 1712 1470 1767; x_wconf 83' lang='grc' dir='ltr'>διὰ</span> <span class='ocrx_word' id='word_1_140' title='bbox 1495 1715 1603 1771; x_wconf 85' lang='grc' dir='ltr'>τῶν</span> <span class='ocrx_word' id='word_1_141' title='bbox 1628 1718 1782 1791; x_wconf 81' lang='grc' dir='ltr'>ἐλεη-</span> 
     </span>
    </p>
   </div>
   <div class='ocr_carea' id='block_1_21' title="bbox 1960 1084 3456 1165">
    <p class='ocr_par' dir='ltr' id='par_1_21' title="bbox 1960 1084 3456 1165">
     <span class='ocr_line' id='line_1_22' title="bbox 1960 1084 3456 1165; baseline 0.008 -24"><span class='ocrx_word' id='word_1_142' title='bbox 1960 1084 2007 1117; x_wconf 84' lang='grc'>³⁷</span> <span class='ocrx_word' id='word_1_143' title='bbox 2031 1085 2405 1158; x_wconf 78' lang='lat' dir='ltr'><strong>Signiﬂcatam</strong></span> <span class='ocrx_word' id='word_1_144' title='bbox 2432 1106 2461 1144; x_wconf 90' lang='lat' dir='ltr'><strong>a</strong></span> <span class='ocrx_word' id='word_1_145' title='bbox 2487 1092 2704 1161; x_wconf 90' lang='lat' dir='ltr'><strong>proprio</strong></span> <span class='ocrx_word' id='word_1_146' title='bbox 2731 1094 3235 1165; x_wconf 84' lang='lat' dir='ltr'><strong>nominevirtutem,</strong></span> <span class='ocrx_word' id='word_1_147' title='bbox 3263 1113 3456 1154; x_wconf 86' lang='lat' dir='ltr'><strong>nomen</strong></span> 
     </span>
    </p>
   </div>
   <div class='ocr_carea' id='block_1_22' title="bbox 1889 1175 3457 1259">
    <p class='ocr_par' dir='ltr' id='par_1_22' title="bbox 1889 1175 3457 1259">
     <span class='ocr_line' id='line_1_23' title="bbox 1889 1175 3457 1259; baseline 0.01 -29"><span class='ocrx_word' id='word_1_148' title='bbox 1889 1175 2027 1230; x_wconf 79' lang='lat' dir='ltr'><strong>dixit</strong></span> <span class='ocrx_word' id='word_1_149' title='bbox 2072 1178 2293 1235; x_wconf 83' lang='lat' dir='ltr'><strong>bonum.</strong></span> <span class='ocrx_word' id='word_1_150' title='bbox 2328 1179 2461 1236; x_wconf 83' lang='lat' dir='ltr'><strong>Nam</strong></span> <span class='ocrx_word' id='word_1_151' title='bbox 2501 1183 2631 1238; x_wconf 90' lang='lat' dir='ltr'><strong>illud</strong></span> <span class='ocrx_word' id='word_1_152' title='bbox 2681 1184 2881 1240; x_wconf 91' lang='lat' dir='ltr'><strong>bonum</strong></span> <span class='ocrx_word' id='word_1_153' title='bbox 2930 1199 3015 1242; x_wconf 89' lang='lat' dir='ltr'><strong>est</strong></span> <span class='ocrx_word' id='word_1_154' title='bbox 3066 1204 3281 1255; x_wconf 86' lang='lat' dir='ltr'><strong>nomen,</strong></span> <span class='ocrx_word' id='word_1_155' title='bbox 3314 1192 3457 1259; x_wconf 85' lang='lat' dir='ltr'><strong>quod</strong></span> 
     </span>
    </p>
   </div>
   <div class='ocr_carea' id='block_1_23' title="bbox 1890 1267 3458 1348">
    <p class='ocr_par' dir='ltr' id='par_1_23' title="bbox 1890 1267 3458 1348">
     <span class='ocr_line' id='line_1_24' title="bbox 1890 1267 3458 1348; baseline 0.01 -27"><span class='ocrx_word' id='word_1_156' title='bbox 1890 1267 2057 1323; x_wconf 84' lang='lat' dir='ltr'><strong>habet</strong></span> <span class='ocrx_word' id='word_1_157' title='bbox 2106 1270 2307 1326; x_wconf 89' lang='lat' dir='ltr'><strong>bonum</strong></span> <span class='ocrx_word' id='word_1_158' title='bbox 2343 1286 2423 1328; x_wconf 74' lang='lat' dir='ltr'><strong>ex</strong></span> <span class='ocrx_word' id='word_1_159' title='bbox 2454 1288 2552 1328; x_wconf 89' lang='lat' dir='ltr'><strong>suo</strong></span> <span class='ocrx_word' id='word_1_160' title='bbox 2579 1274 2723 1330; x_wconf 91' lang='lat' dir='ltr'><strong>bono</strong></span> <span class='ocrx_word' id='word_1_161' title='bbox 2741 1291 2906 1345; x_wconf 88' lang='lat' dir='ltr'><strong>opere</strong></span> <span class='ocrx_word' id='word_1_162' title='bbox 2947 1279 3331 1348; x_wconf 82' lang='lat' dir='ltr'><strong>signiﬁcatum.</strong></span> <span class='ocrx_word' id='word_1_163' title='bbox 3366 1282 3458 1336; x_wconf 87' lang='lat' dir='ltr'><strong>Sic</strong></span> 
     </span>
    </p>
   </div>
   <div class='ocr_carea' id='block_1_24' title="bbox 1890 1358 3462 1439">
    <p class='ocr_par' dir='ltr' id='par_1_24' title="bbox 1890 1358 3462 1439">
     <span class='ocr_line' id='line_1_25' title="bbox 1890 1358 3462 1439; baseline 0.008 -26"><span class='ocrx_word' id='word_1_164' title='bbox 1890 1371 2064 1428; x_wconf 88' lang='lat' dir='ltr'><strong>neque</strong></span> <span class='ocrx_word' id='word_1_165' title='bbox 2095 1358 2350 1430; x_wconf 77' lang='lat' dir='ltr'><strong>injustam</strong></span> <span class='ocrx_word' id='word_1_166' title='bbox 2377 1364 2681 1430; x_wconf 83' lang='lat' dir='ltr'><strong>mulierem,</strong></span> <span class='ocrx_word' id='word_1_167' title='bbox 2714 1368 2761 1422; x_wconf 88' lang='lat' dir='ltr'><strong>si</strong></span> <span class='ocrx_word' id='word_1_168' title='bbox 2788 1368 2929 1422; x_wconf 80' lang='lat' dir='ltr'><strong>forte</strong></span> <span class='ocrx_word' id='word_1_169' title='bbox 2962 1366 3185 1425; x_wconf 82' lang='lat' dir='ltr'><strong>Justitia</strong></span> <span class='ocrx_word' id='word_1_170' title='bbox 3220 1371 3462 1439; x_wconf 81' lang='lat' dir='ltr'><strong>appelle-</strong></span> 
     </span>
    </p>
   </div>
   <div class='ocr_carea' id='block_1_25' title="bbox 1887 1449 3458 1530">
    <p class='ocr_par' dir='ltr' id='par_1_25' title="bbox 1887 1449 3458 1530">
     <span class='ocr_line' id='line_1_26' title="bbox 1887 1449 3458 1530; baseline 0.009 -28"><span class='ocrx_word' id='word_1_171' title='bbox 1887 1456 1996 1515; x_wconf 89' lang='lat' dir='ltr'><strong>tur,</strong></span> <span class='ocrx_word' id='word_1_172' title='bbox 2030 1449 2404 1519; x_wconf 80' lang='lat' dir='ltr'><strong>laudabimus;</strong></span> <span class='ocrx_word' id='word_1_173' title='bbox 2455 1453 2551 1509; x_wconf 89' lang='lat' dir='ltr'><strong>sed</strong></span> <span class='ocrx_word' id='word_1_174' title='bbox 2609 1455 2758 1510; x_wconf 86' lang='lat' dir='ltr'><strong>illam</strong></span> <span class='ocrx_word' id='word_1_175' title='bbox 2806 1459 2990 1525; x_wconf 84' lang='lat' dir='ltr'><strong>potius</strong></span> <span class='ocrx_word' id='word_1_176' title='bbox 3038 1475 3161 1529; x_wconf 69' lang='lat' dir='ltr'><strong>quas</strong></span> <span class='ocrx_word' id='word_1_177' title='bbox 3188 1461 3458 1530; x_wconf 85' lang='lat' dir='ltr'><strong>justitiam</strong></span> 
     </span>
    </p>
   </div>
   <div class='ocr_carea' id='block_1_26' title="bbox 1888 1538 3464 1622">
    <p class='ocr_par' dir='ltr' id='par_1_26' title="bbox 1888 1538 3464 1622">
     <span class='ocr_line' id='line_1_27' title="bbox 1888 1538 3464 1622; baseline 0.01 -30"><span class='ocrx_word' id='word_1_178' title='bbox 1888 1538 2104 1607; x_wconf 80' lang='lat' dir='ltr'><strong>habeat,</strong></span> <span class='ocrx_word' id='word_1_179' title='bbox 2133 1541 2349 1597; x_wconf 90' lang='lat' dir='ltr'><strong>etiamsi</strong></span> <span class='ocrx_word' id='word_1_180' title='bbox 2396 1543 2446 1598; x_wconf 91' lang='lat' dir='ltr'><strong>ei</strong></span> <span class='ocrx_word' id='word_1_181' title='bbox 2496 1542 2766 1613; x_wconf 85' lang='lat' dir='ltr'><strong>lnjustitia</strong></span> <span class='ocrx_word' id='word_1_182' title='bbox 2803 1563 3000 1604; x_wconf 85' lang='lat' dir='ltr'><strong>nomen</strong></span> <span class='ocrx_word' id='word_1_183' title='bbox 3034 1552 3125 1605; x_wconf 90' lang='lat' dir='ltr'><strong>sit.</strong></span> <span class='ocrx_word' id='word_1_184' title='bbox 3160 1552 3332 1622; x_wconf 80' lang='lat' dir='ltr'><strong>Supra</strong></span> <span class='ocrx_word' id='word_1_185' title='bbox 3372 1569 3464 1607; x_wconf 90' lang='lat' dir='ltr'><strong>ar—</strong></span> 
     </span>
    </p>
   </div>
   <div class='ocr_carea' id='block_1_27' title="bbox 1886 1640 3459 1714">
    <p class='ocr_par' dir='ltr' id='par_1_27' title="bbox 1886 1640 3459 1714">
     <span class='ocr_line' id='line_1_28' title="bbox 1886 1640 3459 1714; baseline 0.01 -31"><span class='ocrx_word' id='word_1_186' title='bbox 1886 1640 2106 1701; x_wconf 87' lang='lat' dir='ltr'><strong>gentum</strong></span> <span class='ocrx_word' id='word_1_187' title='bbox 2142 1647 2304 1701; x_wconf 91' lang='lat' dir='ltr'><strong>porro</strong></span> <span class='ocrx_word' id='word_1_188' title='bbox 2329 1641 2413 1689; x_wconf 89' lang='lat' dir='ltr'><strong>est</strong></span> <span class='ocrx_word' id='word_1_189' title='bbox 2441 1644 2496 1690; x_wconf 91' lang='lat' dir='ltr'><strong>et</strong></span> <span class='ocrx_word' id='word_1_190' title='bbox 2527 1652 2691 1706; x_wconf 85' lang='lat' dir='ltr'><strong>supra</strong></span> <span class='ocrx_word' id='word_1_191' title='bbox 2716 1653 2931 1705; x_wconf 88' lang='lat' dir='ltr'><strong>aurum,</strong></span> <span class='ocrx_word' id='word_1_192' title='bbox 2956 1641 3141 1697; x_wconf 90' lang='lat' dir='ltr'><strong>divina</strong></span> <span class='ocrx_word' id='word_1_193' title='bbox 3170 1643 3459 1714; x_wconf 81' lang='lat' dir='ltr'><strong>sapientia.</strong></span> 
     </span>
    </p>
   </div>
   <div class='ocr_carea' id='block_1_28' title="bbox 1958 1721 3456 1805">
    <p class='ocr_par' dir='ltr' id='par_1_28' title="bbox 1958 1721 3456 1805">
     <span class='ocr_line' id='line_1_29' title="bbox 1958 1721 3456 1805; baseline 0.007 -27"><span class='ocrx_word' id='word_1_194' title='bbox 1958 1722 2004 1754; x_wconf 81' lang='grc'><strong>³⁸</strong></span> <span class='ocrx_word' id='word_1_195' title='bbox 2029 1721 2263 1779; x_wconf 88' lang='lat' dir='ltr'><strong>Obviant</strong></span> <span class='ocrx_word' id='word_1_196' title='bbox 2297 1725 2422 1791; x_wconf 86' lang='lat' dir='ltr'><strong>sibi,</strong></span> <span class='ocrx_word' id='word_1_197' title='bbox 2475 1726 2631 1782; x_wconf 73' lang='lat' dir='ltr'><strong>diVes</strong></span> <span class='ocrx_word' id='word_1_198' title='bbox 2683 1730 2902 1797; x_wconf 88' lang='lat' dir='ltr'><strong>quidem</strong></span> <span class='ocrx_word' id='word_1_199' title='bbox 2932 1730 3293 1805; x_wconf 82' lang='lat' dir='ltr'><strong>eleemosynis</strong></span> <span class='ocrx_word' id='word_1_200' title='bbox 3320 1734 3456 1789; x_wconf 86' lang='lat' dir='ltr'><strong>iram</strong></span> 
     </span>
    </p>
   </div>
   <div class='ocr_carea' id='block_1_29' title="bbox 196 1791 1779 1894">
    <p class='ocr_par' dir='ltr' id='par_1_29' title="bbox 196 1791 1779 1883">
     <span class='ocr_line' id='line_1_30' title="bbox 196 1791 1779 1883; baseline 0.015 -42"><span class='ocrx_word' id='word_1_201' title='bbox 196 1791 392 1862; x_wconf 71' lang='grc' dir='ltr'>μοσυνῶν</span> <span class='ocrx_word' id='word_1_202' title='bbox 446 1792 760 1866; x_wconf 82' lang='grc' dir='ltr'>καθαιρῶν</span> <span class='ocrx_word' id='word_1_203' title='bbox 810 1798 911 1853; x_wconf 83' lang='grc' dir='ltr'><strong>τὸν</strong></span> <span class='ocrx_word' id='word_1_204' title='bbox 955 1800 1147 1871; x_wconf 86' lang='grc' dir='ltr'>θυμὸν,</span> <span class='ocrx_word' id='word_1_205' title='bbox 1197 1803 1289 1856; x_wconf 77' lang='grc' dir='ltr'>καὶ</span> <span class='ocrx_word' id='word_1_206' title='bbox 1354 1805 1636 1878; x_wconf 82' lang='grc' dir='ltr'>κτώμενος</span> <span class='ocrx_word' id='word_1_207' title='bbox 1684 1811 1779 1883; x_wconf 86' lang='grc' dir='ltr'>τὴν</span> 
     </span>
    </p>
   </div>
   <div class='ocr_carea' id='block_1_30' title="bbox 1896 1791 3464 1894">
    <p class='ocr_par' dir='ltr' id='par_1_30' title="bbox 1896 1814 3464 1894">
     <span class='ocr_line' id='line_1_31' title="bbox 1896 1814 3464 1894; baseline 0.008 -27"><span class='ocrx_word' id='word_1_208' title='bbox 1896 1814 2254 1884; x_wconf 72' lang='lat' dir='ltr'><strong>axstinguens,</strong></span> <span class='ocrx_word' id='word_1_209' title='bbox 2292 1828 2347 1872; x_wconf 94' lang='lat' dir='ltr'><strong>et</strong></span> <span class='ocrx_word' id='word_1_210' title='bbox 2376 1833 2615 1874; x_wconf 89' lang='lat' dir='ltr'><strong>amorem</strong></span> <span class='ocrx_word' id='word_1_211' title='bbox 2641 1821 2745 1875; x_wconf 90' lang='lat' dir='ltr'><strong>sibi</strong></span> <span class='ocrx_word' id='word_1_212' title='bbox 2768 1822 3104 1889; x_wconf 82' lang='lat' dir='ltr'><strong>concilians;</strong></span> <span class='ocrx_word' id='word_1_213' title='bbox 3143 1841 3343 1894; x_wconf 87' lang='lat' dir='ltr'><strong>pauper</strong></span> <span class='ocrx_word' id='word_1_214' title='bbox 3365 1841 3464 1880; x_wconf 80' lang='lat' dir='ltr'><strong>au-</strong></span> 
     </span>
    </p>
   </div>
   <div class='ocr_carea' id='block_1_31' title="bbox 193 1885 1782 1971">
    <p class='ocr_par' dir='ltr' id='par_1_31' title="bbox 193 1885 1782 1971">
     <span class='ocr_line' id='line_1_32' title="bbox 193 1885 1782 1971; baseline 0.013 -34"><span class='ocrx_word' id='word_1_215' title='bbox 193 1885 401 1958; x_wconf 73' lang='grc' dir='ltr'>ἁτάπην·</span> <span class='ocrx_word' id='word_1_216' title='bbox 434 1888 464 1939; x_wconf 84' lang='lat'><strong>6</strong></span> <span class='ocrx_word' id='word_1_217' title='bbox 497 1887 584 1951; x_wconf 79' lang='grc' dir='ltr'><strong>δὲ,</strong></span> <span class='ocrx_word' id='word_1_218' title='bbox 616 1888 719 1943; x_wconf 82' lang='grc' dir='ltr'>διὰ</span> <span class='ocrx_word' id='word_1_219' title='bbox 742 1890 859 1961; x_wconf 83' lang='grc' dir='ltr'>τῆς</span> <span class='ocrx_word' id='word_1_220' title='bbox 888 1893 1084 1957; x_wconf 79' lang='grc' dir='ltr'>πενίας</span> <span class='ocrx_word' id='word_1_221' title='bbox 1120 1894 1179 1947; x_wconf 83' lang='grc' dir='ltr'>τὸ</span> <span class='ocrx_word' id='word_1_222' title='bbox 1222 1905 1664 1971; x_wconf 83' lang='grc' dir='ltr'>ταπεινοφρονεῖν</span> <span class='ocrx_word' id='word_1_223' title='bbox 1705 1904 1782 1957; x_wconf 91' lang='grc' dir='ltr'>δι-</span> 
     </span>
    </p>
   </div>
   <div class='ocr_carea' id='block_1_32' title="bbox 191 1976 1778 2061">
    <p class='ocr_par' dir='ltr' id='par_1_32' title="bbox 191 1976 1778 2061">
     <span class='ocr_line' id='line_1_33' title="bbox 191 1976 1778 2061; baseline 0.013 -34"><span class='ocrx_word' id='word_1_224' title='bbox 191 1976 479 2047; x_wconf 66' lang='grc' dir='ltr'>δασκόμενος</span> <span class='ocrx_word' id='word_1_225' title='bbox 499 1996 516 2009; x_wconf 77' lang='grc' dir='ltr'><strong>ο</strong></span> <span class='ocrx_word' id='word_1_226' title='bbox 551 1980 655 2032; x_wconf 79' lang='grc' dir='ltr'><strong>τὸν</strong></span> <span class='ocrx_word' id='word_1_227' title='bbox 688 1981 800 2051; x_wconf 84' lang='grc' dir='ltr'><strong>μὲν</strong></span> <span class='ocrx_word' id='word_1_228' title='bbox 838 1984 973 2054; x_wconf 72' lang='grc' dir='ltr'>γὰρ,</span> <span class='ocrx_word' id='word_1_229' title='bbox 1007 1984 1149 2038; x_wconf 85' lang='grc' dir='ltr'>θέλει</span> <span class='ocrx_word' id='word_1_230' title='bbox 1175 1986 1551 2043; x_wconf 75' lang='grc' dir='ltr'>παιδεύεσθαιο</span> <span class='ocrx_word' id='word_1_231' title='bbox 1579 1992 1671 2047; x_wconf 76' lang='grc' dir='ltr'><strong>τὸν</strong></span> <span class='ocrx_word' id='word_1_232' title='bbox 1700 1994 1778 2061; x_wconf 84' lang='grc' dir='ltr'><strong>δὲ,</strong></span> 
     </span>
    </p>
   </div>
   <div class='ocr_carea' id='block_1_33' title="bbox 193 2070 1847 2152">
    <p class='ocr_par' dir='ltr' id='par_1_33' title="bbox 193 2070 1847 2152">
     <span class='ocr_line' id='line_1_34' title="bbox 193 2070 1847 2152; baseline 0.013 -31"><span class='ocrx_word' id='word_1_233' title='bbox 193 2070 493 2138; x_wconf 70' lang='grc' dir='ltr'>μεταδιδόναι</span> <span class='ocrx_word' id='word_1_234' title='bbox 517 2088 535 2102; x_wconf 71' lang='grc'><em>³</em></span> <span class='ocrx_word' id='word_1_235' title='bbox 579 2070 741 2126; x_wconf 81' lang='grc' dir='ltr'>ὥστε</span> <span class='ocrx_word' id='word_1_236' title='bbox 773 2073 876 2128; x_wconf 83' lang='grc' dir='ltr'><strong>τὸν</strong></span> <span class='ocrx_word' id='word_1_237' title='bbox 923 2076 1027 2146; x_wconf 83' lang='grc' dir='ltr'>μὲν</span> <span class='ocrx_word' id='word_1_238' title='bbox 1056 2078 1375 2152; x_wconf 82' lang='grc' dir='ltr'>εὐχάριστον</span> <span class='ocrx_word' id='word_1_239' title='bbox 1400 2077 1560 2150; x_wconf 72' lang='grc' dir='ltr'>εἶναι,</span> <span class='ocrx_word' id='word_1_240' title='bbox 1596 2084 1685 2140; x_wconf 83' lang='grc' dir='ltr'><strong>τὸν</strong></span> <span class='ocrx_word' id='word_1_241' title='bbox 1723 2087 1780 2141; x_wconf 80' lang='grc' dir='ltr'>δὲ</span> <span class='ocrx_word' id='word_1_242' title='bbox 1842 2100 1847 2105; x_wconf 76' lang='lat'><strong>‘</strong></span> 
     </span>
    </p>
   </div>
   <div class='ocr_carea' id='block_1_34' title="bbox 188 2163 436 2233">
    <p class='ocr_par' dir='ltr' id='par_1_34' title="bbox 188 2163 436 2233">
     <span class='ocr_line' id='line_1_35' title="bbox 188 2163 436 2233; baseline 0.012 -18"><span class='ocrx_word' id='word_1_243' title='bbox 188 2163 281 2233; x_wconf 71' lang='grc' dir='ltr'><strong>ὲὶεή</strong></span> <span class='ocrx_word' id='word_1_244' title='bbox 288 2181 436 2233; x_wconf 82' lang='grc' dir='ltr'>μονα.</span> 
     </span>
    </p>
   </div>
   <div class='ocr_carea' id='block_1_35' title="bbox 240 2255 1780 2343">
    <p class='ocr_par' dir='ltr' id='par_1_35' title="bbox 240 2255 1780 2343">
     <span class='ocr_line' id='line_1_36' title="bbox 240 2255 1780 2343; baseline 0.011 -34"><span class='ocrx_word' id='word_1_245' title='bbox 240 2255 377 2327; x_wconf 75' lang='grc' dir='ltr'><strong>Ζωὴν</strong></span> <span class='ocrx_word' id='word_1_246' title='bbox 404 2258 504 2311; x_wconf 72' lang='grc' dir='ltr'>καὶ</span> <span class='ocrx_word' id='word_1_247' title='bbox 533 2258 713 2324; x_wconf 82' lang='grc' dir='ltr'>δόξαν</span> <span class='ocrx_word' id='word_1_248' title='bbox 754 2262 857 2314; x_wconf 70' lang='grc' dir='ltr'><strong>καὶ</strong></span> <span class='ocrx_word' id='word_1_249' title='bbox 889 2261 1121 2316; x_wconf 82' lang='grc' dir='ltr'>πλοῦτον</span> <span class='ocrx_word' id='word_1_250' title='bbox 1152 2265 1400 2338; x_wconf 81' lang='grc' dir='ltr'>οὐράνιον</span> <span class='ocrx_word' id='word_1_251' title='bbox 1440 2268 1538 2340; x_wconf 86' lang='grc' dir='ltr'>κλη</span> <span class='ocrx_word' id='word_1_252' title='bbox 1549 2272 1780 2343; x_wconf 84' lang='grc' dir='ltr'>ρονομή-</span> 
     </span>
    </p>
   </div>
   <div class='ocr_carea' id='block_1_36' title="bbox 188 2350 1779 2436">
    <p class='ocr_par' dir='ltr' id='par_1_36' title="bbox 188 2350 1779 2436">
     <span class='ocr_line' id='line_1_37' title="bbox 188 2350 1779 2436; baseline 0.011 -35"><span class='ocrx_word' id='word_1_253' title='bbox 188 2365 251 2401; x_wconf 76' lang='grc' dir='ltr'><strong>σει</strong></span> <span class='ocrx_word' id='word_1_254' title='bbox 277 2351 305 2401; x_wconf 85' lang='lat'><strong>6</strong></span> <span class='ocrx_word' id='word_1_255' title='bbox 332 2350 528 2420; x_wconf 72' lang='grc' dir='ltr'>σοφίαν</span> <span class='ocrx_word' id='word_1_256' title='bbox 578 2351 689 2405; x_wconf 69' lang='grc' dir='ltr'>καὶ</span> <span class='ocrx_word' id='word_1_257' title='bbox 728 2353 904 2421; x_wconf 81' lang='grc' dir='ltr'>φόϐον</span> <span class='ocrx_word' id='word_1_258' title='bbox 949 2355 1155 2427; x_wconf 79' lang='grc' dir='ltr'>Κυρίου</span> <span class='ocrx_word' id='word_1_259' title='bbox 1211 2358 1383 2429; x_wconf 76' lang='grc' dir='ltr'><strong>ἔχωνο</strong></span> <span class='ocrx_word' id='word_1_260' title='bbox 1439 2360 1620 2426; x_wconf 85' lang='grc' dir='ltr'>πάσας</span> <span class='ocrx_word' id='word_1_261' title='bbox 1669 2364 1779 2436; x_wconf 81' lang='grc' dir='ltr'><strong>γὰρ</strong></span> 
     </span>
    </p>
   </div>
   <div class='ocr_carea' id='block_1_37' title="bbox 185 2440 1782 2525">
    <p class='ocr_par' dir='ltr' id='par_1_37' title="bbox 185 2440 1782 2525">
     <span class='ocr_line' id='line_1_38' title="bbox 185 2440 1782 2525; baseline 0.011 -33"><span class='ocrx_word' id='word_1_262' title='bbox 185 2440 265 2503; x_wconf 72' lang='grc' dir='ltr'>τὰς</span> <span class='ocrx_word' id='word_1_263' title='bbox 305 2442 555 2509; x_wconf 78' lang='grc' dir='ltr'>γενέσεις</span> <span class='ocrx_word' id='word_1_264' title='bbox 590 2442 731 2515; x_wconf 75' lang='grc' dir='ltr'>ἔσχε</span> <span class='ocrx_word' id='word_1_265' title='bbox 779 2445 946 2498; x_wconf 70' lang='grc' dir='ltr'><strong>Νῶεο</strong></span> <span class='ocrx_word' id='word_1_266' title='bbox 999 2447 1201 2513; x_wconf 79' lang='grc' dir='ltr'>ταύτας</span> <span class='ocrx_word' id='word_1_267' title='bbox 1241 2451 1490 2525; x_wconf 76' lang='grc' dir='ltr'>Ἀδραάμ</span> <span class='ocrx_word' id='word_1_268' title='bbox 1517 2470 1532 2486; x_wconf 76' lang='grc' dir='ltr'><strong><em>ο</em></strong></span> <span class='ocrx_word' id='word_1_269' title='bbox 1578 2454 1782 2521; x_wconf 84' lang='grc' dir='ltr'>ταύτας</span> 
     </span>
    </p>
   </div>
   <div class='ocr_carea' id='block_1_38' title="bbox 187 2534 1285 2609">
    <p class='ocr_par' dir='ltr' id='par_1_38' title="bbox 187 2534 1285 2609">
     <span class='ocr_line' id='line_1_39' title="bbox 187 2534 1285 2609; baseline 0.006 -24"><span class='ocrx_word' id='word_1_270' title='bbox 187 2536 263 2585; x_wconf 68' lang='grc' dir='ltr'>καὶ</span> <span class='ocrx_word' id='word_1_271' title='bbox 287 2534 334 2585; x_wconf 82' lang='grc' dir='ltr'>οἱ</span> <span class='ocrx_word' id='word_1_272' title='bbox 368 2535 523 2604; x_wconf 84' lang='grc' dir='ltr'>παρὰ</span> <span class='ocrx_word' id='word_1_273' title='bbox 564 2537 795 2608; x_wconf 87' lang='grc' dir='ltr'>Πέτρου</span> <span class='ocrx_word' id='word_1_274' title='bbox 822 2536 1285 2609; x_wconf 82' lang='grc' dir='ltr'>μαθητευθέντες.</span> 
     </span>
    </p>
   </div>
   <div class='ocr_carea' id='block_1_39' title="bbox 254 2623 1781 2697">
    <p class='ocr_par' dir='ltr' id='par_1_39' title="bbox 254 2623 1781 2697">
     <span class='ocr_line' id='line_1_40' title="bbox 254 2623 1781 2697; baseline 0.006 -17"><span class='ocrx_word' id='word_1_275' title='bbox 254 2623 334 2680; x_wconf 85' lang='grc' dir='ltr'>Ἐν</span> <span class='ocrx_word' id='word_1_276' title='bbox 363 2625 440 2694; x_wconf 81' lang='grc' dir='ltr'>τῷ</span> <span class='ocrx_word' id='word_1_277' title='bbox 463 2625 636 2678; x_wconf 79' lang='grc' dir='ltr'>αἰῶνι</span> <span class='ocrx_word' id='word_1_278' title='bbox 658 2626 747 2697; x_wconf 80' lang='grc' dir='ltr'>τῷ</span> <span class='ocrx_word' id='word_1_279' title='bbox 786 2626 1041 2697; x_wconf 86' lang='grc' dir='ltr'>μέλλοντι</span> <span class='ocrx_word' id='word_1_280' title='bbox 1066 2630 1115 2682; x_wconf 82' lang='lat' dir='ltr'><strong>oi</strong></span> <span class='ocrx_word' id='word_1_281' title='bbox 1139 2632 1197 2684; x_wconf 85' lang='grc' dir='ltr'>ὲν</span> <span class='ocrx_word' id='word_1_282' title='bbox 1222 2632 1385 2685; x_wconf 76' lang='grc' dir='ltr'>παντὶ</span> <span class='ocrx_word' id='word_1_283' title='bbox 1428 2632 1781 2690; x_wconf 61' lang='grc' dir='ltr'>πλουτισθένκ</span> 
     </span>
    </p>
   </div>
   <div class='ocr_carea' id='block_1_40' title="bbox 181 2715 1781 2795">
    <p class='ocr_par' dir='ltr' id='par_1_40' title="bbox 181 2715 1781 2795">
     <span class='ocr_line' id='line_1_41' title="bbox 181 2715 1781 2795; baseline 0.009 -29"><span class='ocrx_word' id='word_1_284' title='bbox 181 2730 273 2778; x_wconf 78' lang='grc' dir='ltr'>τες,</span> <span class='ocrx_word' id='word_1_285' title='bbox 325 2717 381 2768; x_wconf 81' lang='grc' dir='ltr'>ὲν</span> <span class='ocrx_word' id='word_1_286' title='bbox 412 2715 571 2790; x_wconf 81' lang='grc' dir='ltr'>πάσῃ</span> <span class='ocrx_word' id='word_1_287' title='bbox 613 2716 832 2786; x_wconf 80' lang='grc' dir='ltr'>γνώσει</span> <span class='ocrx_word' id='word_1_288' title='bbox 880 2720 978 2773; x_wconf 74' lang='grc' dir='ltr'><strong>καὶ</strong></span> <span class='ocrx_word' id='word_1_289' title='bbox 1017 2722 1202 2793; x_wconf 75' lang='grc' dir='ltr'>σοφίᾳ,</span> <span class='ocrx_word' id='word_1_290' title='bbox 1244 2724 1467 2795; x_wconf 79' lang='grc' dir='ltr'>ἄρξουσι</span> <span class='ocrx_word' id='word_1_291' title='bbox 1500 2725 1610 2780; x_wconf 84' lang='grc' dir='ltr'>τῶν</span> <span class='ocrx_word' id='word_1_292' title='bbox 1643 2728 1781 2780; x_wconf 84' lang='grc' dir='ltr'>ἀκα-</span> 
     </span>
    </p>
   </div>
   <div class='ocr_carea' id='block_1_41' title="bbox 180 2803 1781 2881">
    <p class='ocr_par' dir='ltr' id='par_1_41' title="bbox 180 2803 1781 2881">
     <span class='ocr_line' id='line_1_42' title="bbox 180 2803 1781 2881; baseline 0.009 -25"><span class='ocrx_word' id='word_1_293' title='bbox 180 2803 379 2874; x_wconf 70' lang='grc' dir='ltr'>θάρτων</span> <span class='ocrx_word' id='word_1_294' title='bbox 406 2807 505 2860; x_wconf 71' lang='grc' dir='ltr'>καὶ</span> <span class='ocrx_word' id='word_1_295' title='bbox 531 2808 942 2878; x_wconf 83' lang='grc' dir='ltr'>ὲστερημένων</span> <span class='ocrx_word' id='word_1_296' title='bbox 973 2810 1165 2864; x_wconf 86' lang='grc' dir='ltr'>τούτου</span> <span class='ocrx_word' id='word_1_297' title='bbox 1203 2812 1296 2866; x_wconf 78' lang='grc' dir='ltr'>τοῦ</span> <span class='ocrx_word' id='word_1_298' title='bbox 1337 2813 1597 2869; x_wconf 86' lang='grc' dir='ltr'>πλούτου·</span> <span class='ocrx_word' id='word_1_299' title='bbox 1636 2817 1781 2881; x_wconf 88' lang='grc' dir='ltr'>τίνες</span> 
     </span>
    </p>
   </div>
   <div class='ocr_carea' id='block_1_42' title="bbox 179 2894 1778 2974">
    <p class='ocr_par' dir='ltr' id='par_1_42' title="bbox 179 2894 1778 2974">
     <span class='ocr_line' id='line_1_43' title="bbox 179 2894 1778 2974; baseline 0.009 -28"><span class='ocrx_word' id='word_1_300' title='bbox 179 2894 227 2946; x_wconf 77' lang='grc' dir='ltr'>δὲ</span> <span class='ocrx_word' id='word_1_301' title='bbox 262 2896 309 2947; x_wconf 80' lang='lat' dir='ltr'><strong>oi</strong></span> <span class='ocrx_word' id='word_1_302' title='bbox 355 2897 571 2949; x_wconf 76' lang='grc' dir='ltr'>οἰκέται</span> <span class='ocrx_word' id='word_1_303' title='bbox 615 2897 721 2949; x_wconf 72' lang='grc' dir='ltr'>καὶ</span> <span class='ocrx_word' id='word_1_304' title='bbox 747 2897 896 2961; x_wconf 85' lang='grc' dir='ltr'>τίνες</span> <span class='ocrx_word' id='word_1_305' title='bbox 934 2900 985 2952; x_wconf 86' lang='grc' dir='ltr'>οἱ</span> <span class='ocrx_word' id='word_1_306' title='bbox 1033 2899 1309 2965; x_wconf 84' lang='grc' dir='ltr'>δεσπόται,</span> <span class='ocrx_word' id='word_1_307' title='bbox 1352 2904 1451 2957; x_wconf 77' lang='grc' dir='ltr'><strong>οὐκ</strong></span> <span class='ocrx_word' id='word_1_308' title='bbox 1484 2907 1778 2974; x_wconf 83' lang='grc' dir='ltr'>ἀναγκαῖον</span> 
     </span>
    </p>
   </div>
   <div class='ocr_carea' id='block_1_43' title="bbox 176 2984 1779 3070">
    <p class='ocr_par' dir='ltr' id='par_1_43' title="bbox 176 2984 1779 3070">
     <span class='ocr_line' id='line_1_44' title="bbox 176 2984 1779 3070; baseline 0.009 -32"><span class='ocrx_word' id='word_1_309' title='bbox 176 2984 532 3057; x_wconf 69' lang='grc' dir='ltr'>δημοσιεύειν,</span> <span class='ocrx_word' id='word_1_310' title='bbox 577 2989 678 3042; x_wconf 77' lang='grc' dir='ltr'>διὰ</span> <span class='ocrx_word' id='word_1_311' title='bbox 705 2990 771 3043; x_wconf 84' lang='grc' dir='ltr'><strong>τὸ</strong></span> <span class='ocrx_word' id='word_1_312' title='bbox 806 2986 949 3043; x_wconf 77' lang='grc' dir='ltr'>εἶναι</span> <span class='ocrx_word' id='word_1_313' title='bbox 990 2990 1084 3045; x_wconf 84' lang='grc' dir='ltr'>τὸν</span> <span class='ocrx_word' id='word_1_314' title='bbox 1112 2993 1240 3065; x_wconf 77' lang='grc' dir='ltr'>περὶ</span> <span class='ocrx_word' id='word_1_315' title='bbox 1269 2995 1447 3049; x_wconf 81' lang='grc' dir='ltr'>αὐτῶν</span> <span class='ocrx_word' id='word_1_316' title='bbox 1476 2996 1633 3065; x_wconf 86' lang='grc' dir='ltr'>λόγον</span> <span class='ocrx_word' id='word_1_317' title='bbox 1676 3016 1779 3070; x_wconf 87' lang='grc' dir='ltr'>μυ-</span> 
     </span>
    </p>
   </div>
   <div class='ocr_carea' id='block_1_44' title="bbox 178 3077 1779 3156">
    <p class='ocr_par' dir='ltr' id='par_1_44' title="bbox 178 3077 1779 3156">
     <span class='ocr_line' id='line_1_45' title="bbox 178 3077 1779 3156; baseline 0.008 -25"><span class='ocrx_word' id='word_1_318' title='bbox 178 3077 353 3132; x_wconf 66' lang='grc' dir='ltr'>στικὸν</span> <span class='ocrx_word' id='word_1_319' title='bbox 388 3083 483 3134; x_wconf 68' lang='grc' dir='ltr'><strong>καὶ</strong></span> <span class='ocrx_word' id='word_1_320' title='bbox 511 3081 864 3154; x_wconf 59' lang='grc' dir='ltr'>βαθύτερον</span> <span class='ocrx_word' id='word_1_321' title='bbox 912 3083 1011 3135; x_wconf 75' lang='grc' dir='ltr'><strong>καὶ</strong></span> <span class='ocrx_word' id='word_1_322' title='bbox 1052 3084 1188 3155; x_wconf 80' lang='grc' dir='ltr'>πρὸς</span> <span class='ocrx_word' id='word_1_323' title='bbox 1232 3086 1394 3156; x_wconf 79' lang='grc' dir='ltr'>ῥητὸν</span> <span class='ocrx_word' id='word_1_324' title='bbox 1439 3087 1496 3141; x_wconf 78' lang='grc' dir='ltr'>δὲ</span> <span class='ocrx_word' id='word_1_325' title='bbox 1538 3088 1779 3153; x_wconf 78' lang='grc' dir='ltr'>δείκνυσι</span> 
     </span>
    </p>
   </div>
   <div class='ocr_carea' id='block_1_45' title="bbox 1889 1908 3460 1973">
    <p class='ocr_par' dir='ltr' id='par_1_45' title="bbox 1889 1908 3460 1973">
     <span class='ocr_line' id='line_1_46' title="bbox 1889 1908 3460 1973; baseline 0.011 -16"><span class='ocrx_word' id='word_1_326' title='bbox 1889 1912 2016 1971; x_wconf 89' lang='lat' dir='ltr'><strong>tem,</strong></span> <span class='ocrx_word' id='word_1_327' title='bbox 2053 1921 2083 1959; x_wconf 90' lang='lat' dir='ltr'><strong>a</strong></span> <span class='ocrx_word' id='word_1_328' title='bbox 2113 1908 2427 1965; x_wconf 87' lang='lat' dir='ltr'><strong>conditione</strong></span> <span class='ocrx_word' id='word_1_329' title='bbox 2462 1924 2558 1965; x_wconf 86' lang='lat' dir='ltr'><strong>sua</strong></span> <span class='ocrx_word' id='word_1_330' title='bbox 2611 1912 2970 1969; x_wconf 86' lang='lat' dir='ltr'><strong>humilitatem</strong></span> <span class='ocrx_word' id='word_1_331' title='bbox 3020 1916 3267 1972; x_wconf 87' lang='lat' dir='ltr'><strong>edoctus.</strong></span> <span class='ocrx_word' id='word_1_332' title='bbox 3304 1917 3460 1973; x_wconf 85' lang='lat' dir='ltr'><strong>Hunc</strong></span> 
     </span>
    </p>
   </div>
   <div class='ocr_carea' id='block_1_46' title="bbox 1887 1996 3459 2080">
    <p class='ocr_par' dir='ltr' id='par_1_46' title="bbox 1887 1996 3459 2080">
     <span class='ocr_line' id='line_1_47' title="bbox 1887 1996 3459 2080; baseline 0.01 -31"><span class='ocrx_word' id='word_1_333' title='bbox 1887 1996 1999 2052; x_wconf 83' lang='lat' dir='ltr'><strong>vult</strong></span> <span class='ocrx_word' id='word_1_334' title='bbox 2030 2000 2274 2066; x_wconf 88' lang='lat' dir='ltr'><strong>erudiri;</strong></span> <span class='ocrx_word' id='word_1_335' title='bbox 2334 2002 2484 2057; x_wconf 88' lang='lat' dir='ltr'><strong>illum</strong></span> <span class='ocrx_word' id='word_1_336' title='bbox 2526 2003 2747 2075; x_wconf 87' lang='lat' dir='ltr'><strong>largiri;</strong></span> <span class='ocrx_word' id='word_1_337' title='bbox 2806 2015 2866 2060; x_wconf 91' lang='lat' dir='ltr'><strong>ut</strong></span> <span class='ocrx_word' id='word_1_338' title='bbox 2925 2004 3064 2061; x_wconf 80' lang='lat' dir='ltr'><strong>alter</strong></span> <span class='ocrx_word' id='word_1_339' title='bbox 3120 2007 3192 2062; x_wconf 85' lang='lat' dir='ltr'><strong>sit</strong></span> <span class='ocrx_word' id='word_1_340' title='bbox 3246 2018 3459 2080; x_wconf 85' lang='lat' dir='ltr'><strong>gratus,</strong></span> 
     </span>
    </p>
   </div>
   <div class='ocr_carea' id='block_1_47' title="bbox 1884 2089 2385 2149">
    <p class='ocr_par' dir='ltr' id='par_1_47' title="bbox 1884 2089 2385 2149">
     <span class='ocr_line' id='line_1_48' title="bbox 1884 2089 2385 2149; baseline 0.014 -6"><span class='ocrx_word' id='word_1_341' title='bbox 1884 2089 2023 2144; x_wconf 89' lang='lat' dir='ltr'><strong>alter</strong></span> <span class='ocrx_word' id='word_1_342' title='bbox 2053 2091 2385 2149; x_wconf 86' lang='lat' dir='ltr'><strong>misericors.</strong></span> 
     </span>
    </p>
   </div>
   <div class='ocr_carea' id='block_1_48' title="bbox 1956 2270 3460 2343">
    <p class='ocr_par' dir='ltr' id='par_1_48' title="bbox 1956 2270 3460 2343">
     <span class='ocr_line' id='line_1_49' title="bbox 1956 2270 3460 2343; baseline 0.007 -18"><span class='ocrx_word' id='word_1_343' title='bbox 1956 2271 2001 2303; x_wconf 80' lang='lat'><strong>&quot;</strong></span> <span class='ocrx_word' id='word_1_344' title='bbox 2030 2270 2208 2326; x_wconf 83' lang='lat' dir='ltr'><strong>Vitam</strong></span> <span class='ocrx_word' id='word_1_345' title='bbox 2257 2282 2315 2327; x_wconf 86' lang='lat' dir='ltr'><strong>et</strong></span> <span class='ocrx_word' id='word_1_346' title='bbox 2363 2273 2590 2343; x_wconf 75' lang='lat' dir='ltr'><strong>gloriam</strong></span> <span class='ocrx_word' id='word_1_347' title='bbox 2636 2283 2694 2331; x_wconf 91' lang='lat' dir='ltr'><strong>et</strong></span> <span class='ocrx_word' id='word_1_348' title='bbox 2748 2277 2971 2334; x_wconf 78' lang='lat' dir='ltr'><strong>divitias</strong></span> <span class='ocrx_word' id='word_1_349' title='bbox 2996 2278 3247 2334; x_wconf 76' lang='lat' dir='ltr'><strong>caelestes</strong></span> <span class='ocrx_word' id='word_1_350' title='bbox 3273 2295 3460 2335; x_wconf 84' lang='lat' dir='ltr'><strong>conse-</strong></span> 
     </span>
    </p>
   </div>
   <div class='ocr_carea' id='block_1_49' title="bbox 1883 2360 3457 2437">
    <p class='ocr_par' dir='ltr' id='par_1_49' title="bbox 1883 2360 3457 2437">
     <span class='ocr_line' id='line_1_50' title="bbox 1883 2360 3457 2437; baseline 0.01 -27"><span class='ocrx_word' id='word_1_351' title='bbox 1883 2368 2081 2428; x_wconf 85' lang='lat' dir='ltr'><strong>quetur</strong></span> <span class='ocrx_word' id='word_1_352' title='bbox 2102 2360 2193 2424; x_wconf 91' lang='lat' dir='ltr'><strong>qui</strong></span> <span class='ocrx_word' id='word_1_353' title='bbox 2227 2361 2551 2429; x_wconf 88' lang='lat' dir='ltr'><strong>sapientiam</strong></span> <span class='ocrx_word' id='word_1_354' title='bbox 2592 2364 2952 2437; x_wconf 88' lang='lat' dir='ltr'><strong>timoremque</strong></span> <span class='ocrx_word' id='word_1_355' title='bbox 2981 2367 3074 2423; x_wconf 92' lang='lat' dir='ltr'><strong>Dei</strong></span> <span class='ocrx_word' id='word_1_356' title='bbox 3102 2368 3283 2424; x_wconf 86' lang='lat' dir='ltr'><strong>habet.</strong></span> <span class='ocrx_word' id='word_1_357' title='bbox 3310 2371 3457 2425; x_wconf 86' lang='lat' dir='ltr'><strong>Cun—</strong></span> 
     </span>
    </p>
   </div>
   <div class='ocr_carea' id='block_1_50' title="bbox 1882 2450 3459 2522">
    <p class='ocr_par' dir='ltr' id='par_1_50' title="bbox 1882 2450 3459 2522">
     <span class='ocr_line' id='line_1_51' title="bbox 1882 2450 3459 2522; baseline 0.004 -18"><span class='ocrx_word' id='word_1_358' title='bbox 1882 2457 1969 2504; x_wconf 87' lang='lat' dir='ltr'><strong>cta</strong></span> <span class='ocrx_word' id='word_1_359' title='bbox 1998 2450 2143 2503; x_wconf 91' lang='lat' dir='ltr'><strong>enim</strong></span> <span class='ocrx_word' id='word_1_360' title='bbox 2196 2451 2311 2506; x_wconf 66' lang='lat' dir='ltr'><strong>haec</strong></span> <span class='ocrx_word' id='word_1_361' title='bbox 2354 2465 2550 2521; x_wconf 88' lang='lat' dir='ltr'><strong>genera</strong></span> <span class='ocrx_word' id='word_1_362' title='bbox 2590 2454 2781 2509; x_wconf 85' lang='lat' dir='ltr'><strong>habuit</strong></span> <span class='ocrx_word' id='word_1_363' title='bbox 2806 2455 2951 2522; x_wconf 84' lang='lat' dir='ltr'><strong>Noe;</strong></span> <span class='ocrx_word' id='word_1_364' title='bbox 2993 2457 3180 2511; x_wconf 87' lang='lat' dir='ltr'><strong>eadem</strong></span> <span class='ocrx_word' id='word_1_365' title='bbox 3207 2458 3459 2513; x_wconf 84' lang='lat' dir='ltr'><strong>Abraha-</strong></span> 
     </span>
    </p>
   </div>
   <div class='ocr_carea' id='block_1_51' title="bbox 1884 2541 3455 2616">
    <p class='ocr_par' dir='ltr' id='par_1_51' title="bbox 1884 2541 3455 2616">
     <span class='ocr_line' id='line_1_52' title="bbox 1884 2541 3455 2616; baseline 0.007 -22"><span class='ocrx_word' id='word_1_366' title='bbox 1884 2555 2039 2607; x_wconf 89' lang='lat' dir='ltr'><strong>mus;</strong></span> <span class='ocrx_word' id='word_1_367' title='bbox 2081 2541 2271 2597; x_wconf 87' lang='lat' dir='ltr'><strong>eadem</strong></span> <span class='ocrx_word' id='word_1_368' title='bbox 2307 2542 2382 2597; x_wconf 89' lang='lat' dir='ltr'><strong>illi</strong></span> <span class='ocrx_word' id='word_1_369' title='bbox 2410 2544 2575 2599; x_wconf 89' lang='lat' dir='ltr'><strong>etiam</strong></span> <span class='ocrx_word' id='word_1_370' title='bbox 2607 2546 2759 2616; x_wconf 89' lang='lat' dir='ltr'><strong>quia</strong></span> <span class='ocrx_word' id='word_1_371' title='bbox 2793 2547 2955 2603; x_wconf 87' lang='lat' dir='ltr'><strong>Petro</strong></span> <span class='ocrx_word' id='word_1_372' title='bbox 2990 2548 3209 2605; x_wconf 79' lang='lat' dir='ltr'><strong>fuerunt</strong></span> <span class='ocrx_word' id='word_1_373' title='bbox 3233 2549 3455 2605; x_wconf 87' lang='lat' dir='ltr'><strong>eruditi.</strong></span> 
     </span>
    </p>
   </div>
   <div class='ocr_carea' id='block_1_52' title="bbox 1953 2633 3458 2709">
    <p class='ocr_par' dir='ltr' id='par_1_52' title="bbox 1953 2633 3458 2709">
     <span class='ocr_line' id='line_1_53' title="bbox 1953 2633 3458 2709; baseline 0.006 -22"><span class='ocrx_word' id='word_1_374' title='bbox 1953 2633 2000 2666; x_wconf 77' lang='lat'>&quot;</span> <span class='ocrx_word' id='word_1_375' title='bbox 2031 2634 2085 2688; x_wconf 92' lang='lat' dir='ltr'><strong>ln</strong></span> <span class='ocrx_word' id='word_1_376' title='bbox 2134 2634 2320 2690; x_wconf 78' lang='lat' dir='ltr'><strong>futuro</strong></span> <span class='ocrx_word' id='word_1_377' title='bbox 2366 2638 2593 2702; x_wconf 68' lang='lat' dir='ltr'><strong>saeculo,</strong></span> <span class='ocrx_word' id='word_1_378' title='bbox 2627 2640 2718 2709; x_wconf 86' lang='lat' dir='ltr'><strong>qui</strong></span> <span class='ocrx_word' id='word_1_379' title='bbox 2763 2641 3074 2696; x_wconf 87' lang='lat' dir='ltr'><strong>omnimoda</strong></span> <span class='ocrx_word' id='word_1_380' title='bbox 3127 2642 3356 2698; x_wconf 87' lang='lat' dir='ltr'><strong>scientia</strong></span> <span class='ocrx_word' id='word_1_381' title='bbox 3390 2657 3458 2696; x_wconf 87' lang='lat' dir='ltr'><strong>ac</strong></span> 
     </span>
    </p>
   </div>
   <div class='ocr_carea' id='block_1_53' title="bbox 1884 2726 3454 2803">
    <p class='ocr_par' dir='ltr' id='par_1_53' title="bbox 1884 2726 3454 2803">
     <span class='ocr_line' id='line_1_54' title="bbox 1884 2726 3454 2803; baseline 0.006 -23"><span class='ocrx_word' id='word_1_382' title='bbox 1884 2726 2151 2795; x_wconf 84' lang='lat' dir='ltr'><strong>sapientia</strong></span> <span class='ocrx_word' id='word_1_383' title='bbox 2184 2728 2386 2784; x_wconf 81' lang='lat' dir='ltr'><strong>divites</strong></span> <span class='ocrx_word' id='word_1_384' title='bbox 2424 2729 2650 2791; x_wconf 83' lang='lat' dir='ltr'><strong>fuerint,</strong></span> <span class='ocrx_word' id='word_1_385' title='bbox 2687 2730 3116 2787; x_wconf 87' lang='lat' dir='ltr'><strong>dominabuntur</strong></span> <span class='ocrx_word' id='word_1_386' title='bbox 3141 2733 3372 2803; x_wconf 72' lang='lat' dir='ltr'><strong>impuris</strong></span> <span class='ocrx_word' id='word_1_387' title='bbox 3398 2737 3454 2783; x_wconf 70' lang='grc' dir='ltr'>ει</span> 
     </span>
    </p>
   </div>
   <div class='ocr_carea' id='block_1_54' title="bbox 1846 2817 3462 2892">
    <p class='ocr_par' dir='ltr' id='par_1_54' title="bbox 1846 2817 3462 2892">
     <span class='ocr_line' id='line_1_55' title="bbox 1846 2817 3462 2892; baseline 0.006 -20"><span class='ocrx_word' id='word_1_388' title='bbox 1846 2862 1849 2865; x_wconf 96' lang='grc'>.</span> <span class='ocrx_word' id='word_1_389' title='bbox 1883 2817 1951 2873; x_wconf 89' lang='lat' dir='ltr'><strong>iis</strong></span> <span class='ocrx_word' id='word_1_390' title='bbox 1983 2820 2234 2876; x_wconf 90' lang='lat' dir='ltr'><strong>omnibus</strong></span> <span class='ocrx_word' id='word_1_391' title='bbox 2256 2821 2348 2891; x_wconf 90' lang='lat' dir='ltr'><strong>qui</strong></span> <span class='ocrx_word' id='word_1_392' title='bbox 2382 2821 2490 2877; x_wconf 89' lang='lat' dir='ltr'><strong>illis</strong></span> <span class='ocrx_word' id='word_1_393' title='bbox 2518 2822 2728 2877; x_wconf 87' lang='lat' dir='ltr'><strong>divitiis</strong></span> <span class='ocrx_word' id='word_1_394' title='bbox 2749 2825 3044 2880; x_wconf 87' lang='lat' dir='ltr'><strong>caruerint.</strong></span> <span class='ocrx_word' id='word_1_395' title='bbox 3070 2824 3300 2892; x_wconf 85' lang='lat' dir='ltr'><strong>Quinam</strong></span> <span class='ocrx_word' id='word_1_396' title='bbox 3328 2840 3462 2883; x_wconf 74' lang='lat' dir='ltr'><strong>vero</strong></span> 
     </span>
    </p>
   </div>
   <div class='ocr_carea' id='block_1_55' title="bbox 1882 2913 3455 2985">
    <p class='ocr_par' dir='ltr' id='par_1_55' title="bbox 1882 2913 3455 2985">
     <span class='ocr_line' id='line_1_56' title="bbox 1882 2913 3455 2985; baseline 0.005 -19"><span class='ocrx_word' id='word_1_397' title='bbox 1882 2914 1989 2967; x_wconf 89' lang='lat' dir='ltr'><strong>sint</strong></span> <span class='ocrx_word' id='word_1_398' title='bbox 2020 2913 2206 2968; x_wconf 78' lang='lat' dir='ltr'><strong>famuli</strong></span> <span class='ocrx_word' id='word_1_399' title='bbox 2239 2927 2293 2969; x_wconf 89' lang='lat' dir='ltr'><strong>et</strong></span> <span class='ocrx_word' id='word_1_400' title='bbox 2328 2916 2551 2985; x_wconf 89' lang='lat' dir='ltr'><strong>quinam</strong></span> <span class='ocrx_word' id='word_1_401' title='bbox 2582 2918 2808 2985; x_wconf 87' lang='lat' dir='ltr'><strong>domini,</strong></span> <span class='ocrx_word' id='word_1_402' title='bbox 2837 2933 2942 2973; x_wconf 92' lang='lat' dir='ltr'><strong>non</strong></span> <span class='ocrx_word' id='word_1_403' title='bbox 2975 2928 3057 2974; x_wconf 90' lang='lat' dir='ltr'><strong>est</strong></span> <span class='ocrx_word' id='word_1_404' title='bbox 3086 2935 3310 2975; x_wconf 90' lang='lat' dir='ltr'><strong>necesse</strong></span> <span class='ocrx_word' id='word_1_405' title='bbox 3334 2920 3455 2974; x_wconf 81' lang='lat' dir='ltr'><strong>vul-</strong></span> 
     </span>
    </p>
   </div>
   <div class='ocr_carea' id='block_1_56' title="bbox 1882 3007 3449 3082">
    <p class='ocr_par' dir='ltr' id='par_1_56' title="bbox 1882 3007 3449 3082">
     <span class='ocr_line' id='line_1_57' title="bbox 1882 3007 3449 3082; baseline 0.006 -26"><span class='ocrx_word' id='word_1_406' title='bbox 1882 3020 2030 3075; x_wconf 86' lang='lat' dir='ltr'><strong>gare,</strong></span> <span class='ocrx_word' id='word_1_407' title='bbox 2062 3007 2191 3076; x_wconf 88' lang='lat' dir='ltr'><strong>quia</strong></span> <span class='ocrx_word' id='word_1_408' title='bbox 2220 3008 2288 3062; x_wconf 87' lang='lat' dir='ltr'><strong>de</strong></span> <span class='ocrx_word' id='word_1_409' title='bbox 2315 3009 2419 3064; x_wconf 89' lang='lat' dir='ltr'><strong>hac</strong></span> <span class='ocrx_word' id='word_1_410' title='bbox 2445 3024 2502 3064; x_wconf 87' lang='lat' dir='ltr'><strong>re</strong></span> <span class='ocrx_word' id='word_1_411' title='bbox 2544 3024 2727 3065; x_wconf 86' lang='lat' dir='ltr'><strong>sermo</strong></span> <span class='ocrx_word' id='word_1_412' title='bbox 2757 3012 3018 3082; x_wconf 71' lang='lat' dir='ltr'><strong>mysticus</strong></span> <span class='ocrx_word' id='word_1_413' title='bbox 3064 3020 3147 3067; x_wconf 83' lang='lat' dir='ltr'><strong>est</strong></span> <span class='ocrx_word' id='word_1_414' title='bbox 3184 3021 3240 3067; x_wconf 87' lang='lat' dir='ltr'><strong>et</strong></span> <span class='ocrx_word' id='word_1_415' title='bbox 3268 3010 3449 3066; x_wconf 75' lang='lat' dir='ltr'><strong>altior.</strong></span> 
     </span>
    </p>
   </div>
   <div class='ocr_carea' id='block_1_57' title="bbox 1884 3092 3459 3164">
    <p class='ocr_par' dir='ltr' id='par_1_57' title="bbox 1884 3092 3459 3164">
     <span class='ocr_line' id='line_1_58' title="bbox 1884 3092 3459 3164; baseline 0.008 -18"><span class='ocrx_word' id='word_1_416' title='bbox 1884 3092 1949 3147; x_wconf 89' lang='lat' dir='ltr'><strong>Et</strong></span> <span class='ocrx_word' id='word_1_417' title='bbox 2002 3095 2134 3164; x_wconf 87' lang='lat' dir='ltr'><strong>ipsis</strong></span> <span class='ocrx_word' id='word_1_418' title='bbox 2187 3096 2369 3151; x_wconf 84' lang='lat' dir='ltr'><strong>verbis</strong></span> <span class='ocrx_word' id='word_1_419' title='bbox 2417 3098 2507 3154; x_wconf 89' lang='lat' dir='ltr'><strong>hic</strong></span> <span class='ocrx_word' id='word_1_420' title='bbox 2577 3100 2983 3156; x_wconf 82' lang='lat' dir='ltr'><strong>demonstratur</strong></span> <span class='ocrx_word' id='word_1_421' title='bbox 3030 3100 3283 3157; x_wconf 73' lang='lat' dir='ltr'><strong>humanae</strong></span> <span class='ocrx_word' id='word_1_422' title='bbox 3328 3103 3459 3158; x_wconf 77' lang='lat' dir='ltr'><strong>vita:</strong></span> 
     </span>
    </p>
   </div>
   <div class='ocr_carea' id='block_1_58' title="bbox 174 3170 1779 3267">
    <p class='ocr_par' dir='ltr' id='par_1_58' title="bbox 174 3170 1779 3267">
     <span class='ocr_line' id='line_1_59' title="bbox 174 3170 1779 3267; baseline 0.011 -46"><span class='ocrx_word' id='word_1_423' title='bbox 174 3170 259 3223; x_wconf 72' lang='grc' dir='ltr'>τοῦ</span> <span class='ocrx_word' id='word_1_424' title='bbox 302 3173 661 3245; x_wconf 70' lang='grc' dir='ltr'>ἀνθρωπίνου</span> <span class='ocrx_word' id='word_1_425' title='bbox 706 3173 825 3244; x_wconf 86' lang='grc' dir='ltr'>βίου</span> <span class='ocrx_word' id='word_1_426' title='bbox 860 3174 927 3227; x_wconf 84' lang='grc' dir='ltr'>τὸ</span> <span class='ocrx_word' id='word_1_427' title='bbox 958 3174 1191 3267; x_wconf 73' lang='grc' dir='ltr'>ἄστατον</span> <span class='ocrx_word' id='word_1_428' title='bbox 1211 3195 1224 3207; x_wconf 87' lang='grc'>·</span> <span class='ocrx_word' id='word_1_429' title='bbox 1255 3179 1392 3234; x_wconf 82' lang='grc' dir='ltr'>ἀλλὰ</span> <span class='ocrx_word' id='word_1_430' title='bbox 1440 3182 1535 3236; x_wconf 79' lang='grc' dir='ltr'><strong>καὶ</strong></span> <span class='ocrx_word' id='word_1_431' title='bbox 1574 3184 1632 3235; x_wconf 79' lang='grc' dir='ltr'>ὲν</span> <span class='ocrx_word' id='word_1_432' title='bbox 1660 3187 1779 3250; x_wconf 83' lang='grc' dir='ltr'>ταῖς</span> 
     </span>
    </p>
   </div>
   <div class='ocr_carea' id='block_1_59' title="bbox 1896 3170 3459 3267">
    <p class='ocr_par' dir='ltr' id='par_1_59' title="bbox 1905 3186 3459 3259">
     <span class='ocr_line' id='line_1_60' title="bbox 1905 3186 3459 3259; baseline 0.007 -24"><span class='ocrx_word' id='word_1_433' title='bbox 1905 3186 2268 3239; x_wconf 87' lang='lat' dir='ltr'><strong>nconstantia.</strong></span> <span class='ocrx_word' id='word_1_434' title='bbox 2301 3187 2409 3241; x_wconf 85' lang='lat' dir='ltr'><strong>Sed</strong></span> <span class='ocrx_word' id='word_1_435' title='bbox 2438 3188 2603 3242; x_wconf 88' lang='lat' dir='ltr'><strong>etiam</strong></span> <span class='ocrx_word' id='word_1_436' title='bbox 2656 3188 2709 3243; x_wconf 90' lang='lat' dir='ltr'><strong>in</strong></span> <span class='ocrx_word' id='word_1_437' title='bbox 2768 3188 3088 3259; x_wconf 88' lang='lat' dir='ltr'><strong>oligarcbiis</strong></span> <span class='ocrx_word' id='word_1_438' title='bbox 3125 3191 3322 3246; x_wconf 84' lang='lat' dir='ltr'><strong>divites</strong></span> <span class='ocrx_word' id='word_1_439' title='bbox 3371 3192 3459 3245; x_wconf 85' lang='lat' dir='ltr'><strong>in-</strong></span> 
     </span>
    </p>
   </div>
   <div class='ocr_carea' id='block_1_60' title="bbox 176 3264 1779 3344">
    <p class='ocr_par' dir='ltr' id='par_1_60' title="bbox 176 3264 1779 3344">
     <span class='ocr_line' id='line_1_61' title="bbox 176 3264 1779 3344; baseline 0.009 -29"><span class='ocrx_word' id='word_1_440' title='bbox 176 3264 513 3335; x_wconf 72' lang='grc' dir='ltr'>όλιγαρχίαις</span> <span class='ocrx_word' id='word_1_441' title='bbox 537 3269 591 3319; x_wconf 88' lang='grc' dir='ltr'>οἱ</span> <span class='ocrx_word' id='word_1_442' title='bbox 621 3265 880 3319; x_wconf 87' lang='grc' dir='ltr'>πλούσιοι</span> <span class='ocrx_word' id='word_1_443' title='bbox 918 3264 1031 3320; x_wconf 77' lang='grc' dir='ltr'>τῶν</span> <span class='ocrx_word' id='word_1_444' title='bbox 1063 3269 1294 3339; x_wconf 86' lang='grc' dir='ltr'>πτωχῶν</span> <span class='ocrx_word' id='word_1_445' title='bbox 1340 3271 1602 3344; x_wconf 80' lang='grc' dir='ltr'>ἄρχουσιν</span> <span class='ocrx_word' id='word_1_446' title='bbox 1621 3292 1634 3307; x_wconf 90' lang='grc'><strong>·</strong></span> <span class='ocrx_word' id='word_1_447' title='bbox 1684 3276 1779 3329; x_wconf 75' lang='grc' dir='ltr'><strong>καὶ</strong></span> 
     </span>
    </p>
   </div>
   <div class='ocr_carea' id='block_1_61' title="bbox 179 3355 1776 3438">
    <p class='ocr_par' dir='ltr' id='par_1_61' title="bbox 179 3355 1776 3438">
     <span class='ocr_line' id='line_1_62' title="bbox 179 3355 1776 3438; baseline 0.008 -29"><span class='ocrx_word' id='word_1_448' title='bbox 179 3355 349 3420; x_wconf 68' lang='grc' dir='ltr'>ἄλλως</span> <span class='ocrx_word' id='word_1_449' title='bbox 371 3359 419 3409; x_wconf 81' lang='lat' dir='ltr'><strong>oi</strong></span> <span class='ocrx_word' id='word_1_450' title='bbox 445 3359 660 3427; x_wconf 82' lang='grc' dir='ltr'>γνῶσιν</span> <span class='ocrx_word' id='word_1_451' title='bbox 689 3358 938 3428; x_wconf 76' lang='grc' dir='ltr'>ἔχοντες,</span> <span class='ocrx_word' id='word_1_452' title='bbox 966 3357 1079 3411; x_wconf 84' lang='grc' dir='ltr'><strong>τῶν</strong></span> <span class='ocrx_word' id='word_1_453' title='bbox 1108 3360 1182 3432; x_wconf 81' lang='grc' dir='ltr'>μὴ</span> <span class='ocrx_word' id='word_1_454' title='bbox 1211 3362 1468 3417; x_wconf 86' lang='grc' dir='ltr'>τοιούτων</span> <span class='ocrx_word' id='word_1_455' title='bbox 1485 3367 1742 3438; x_wconf 76' lang='grc' dir='ltr'>ἄρχουσιν</span> <span class='ocrx_word' id='word_1_456' title='bbox 1761 3385 1776 3399; x_wconf 75' lang='grc' dir='ltr'><strong>ο</strong></span> 
     </span>
    </p>
   </div>
   <div class='ocr_carea' id='block_1_62' title="bbox 1882 3277 3455 3354">
    <p class='ocr_par' dir='ltr' id='par_1_62' title="bbox 1882 3277 3455 3354">
     <span class='ocr_line' id='line_1_63' title="bbox 1882 3277 3455 3354; baseline 0.005 -23"><span class='ocrx_word' id='word_1_457' title='bbox 1882 3277 2074 3344; x_wconf 88' lang='lat' dir='ltr'><strong>opibus</strong></span> <span class='ocrx_word' id='word_1_458' title='bbox 2098 3278 2446 3335; x_wconf 89' lang='lat' dir='ltr'><strong>dominantur</strong></span> <span class='ocrx_word' id='word_1_459' title='bbox 2465 3298 2480 3336; x_wconf 91' lang='lat'><strong>:</strong></span> <span class='ocrx_word' id='word_1_460' title='bbox 2499 3292 2661 3351; x_wconf 89' lang='lat' dir='ltr'><strong>atque</strong></span> <span class='ocrx_word' id='word_1_461' title='bbox 2690 3285 2932 3353; x_wconf 87' lang='lat' dir='ltr'><strong>insuper,</strong></span> <span class='ocrx_word' id='word_1_462' title='bbox 2957 3286 3047 3354; x_wconf 90' lang='lat' dir='ltr'><strong>qui</strong></span> <span class='ocrx_word' id='word_1_463' title='bbox 3079 3284 3305 3340; x_wconf 85' lang='lat' dir='ltr'><strong>scientia</strong></span> <span class='ocrx_word' id='word_1_464' title='bbox 3328 3296 3455 3341; x_wconf 88' lang='lat' dir='ltr'><strong>sunt</strong></span> 
     </span>
    </p>
   </div>
   <div class='ocr_carea' id='block_1_63' title="bbox 1881 3369 3457 3445">
    <p class='ocr_par' dir='ltr' id='par_1_63' title="bbox 1881 3369 3457 3445">
     <span class='ocr_line' id='line_1_64' title="bbox 1881 3369 3457 3445; baseline 0.005 -23"><span class='ocrx_word' id='word_1_465' title='bbox 1881 3369 2108 3437; x_wconf 63' lang='lat' dir='ltr'><strong>praediti,</strong></span> <span class='ocrx_word' id='word_1_466' title='bbox 2140 3371 2192 3424; x_wconf 91' lang='lat' dir='ltr'><strong>in</strong></span> <span class='ocrx_word' id='word_1_467' title='bbox 2216 3385 2312 3426; x_wconf 87' lang='lat' dir='ltr'><strong>eos</strong></span> <span class='ocrx_word' id='word_1_468' title='bbox 2334 3372 2426 3442; x_wconf 89' lang='lat' dir='ltr'><strong>qui</strong></span> <span class='ocrx_word' id='word_1_469' title='bbox 2458 3373 2616 3429; x_wconf 89' lang='lat' dir='ltr'><strong>aliter</strong></span> <span class='ocrx_word' id='word_1_470' title='bbox 2646 3390 2707 3430; x_wconf 83' lang='lat' dir='ltr'><strong>se.</strong></span> <span class='ocrx_word' id='word_1_471' title='bbox 2734 3376 2957 3441; x_wconf 89' lang='lat' dir='ltr'><strong>habent,</strong></span> <span class='ocrx_word' id='word_1_472' title='bbox 2984 3377 3270 3445; x_wconf 87' lang='lat' dir='ltr'><strong>imperium</strong></span> <span class='ocrx_word' id='word_1_473' title='bbox 3298 3391 3457 3430; x_wconf 82' lang='lat' dir='ltr'><strong>exer-</strong></span> 
     </span>
    </p>
   </div>
   <div class='ocr_carea' id='block_1_64' title="bbox 180 3447 1779 3536">
    <p class='ocr_par' dir='ltr' id='par_1_64' title="bbox 180 3447 1779 3529">
     <span class='ocr_line' id='line_1_65' title="bbox 180 3447 1779 3529; baseline 0.01 -32"><span class='ocrx_word' id='word_1_474' title='bbox 180 3448 268 3498; x_wconf 71' lang='grc' dir='ltr'>ιαὶ</span> <span class='ocrx_word' id='word_1_475' title='bbox 287 3447 338 3499; x_wconf 80' lang='grc' dir='ltr'>οἱ</span> <span class='ocrx_word' id='word_1_476' title='bbox 373 3448 482 3500; x_wconf 78' lang='grc' dir='ltr'><strong>ἀπὸ</strong></span> <span class='ocrx_word' id='word_1_477' title='bbox 515 3449 632 3502; x_wconf 84' lang='grc' dir='ltr'><strong>τῶν</strong></span> <span class='ocrx_word' id='word_1_478' title='bbox 663 3448 728 3513; x_wconf 81' lang='grc' dir='ltr'><strong>ἐξ</strong></span> <span class='ocrx_word' id='word_1_479' title='bbox 760 3447 937 3502; x_wconf 77' lang='grc' dir='ltr'>ἐθνῶν</span> <span class='ocrx_word' id='word_1_480' title='bbox 967 3450 1172 3515; x_wconf 75' lang='grc' dir='ltr'>πιστοὶ,</span> <span class='ocrx_word' id='word_1_481' title='bbox 1199 3454 1313 3515; x_wconf 86' lang='grc' dir='ltr'>τοῖς</span> <span class='ocrx_word' id='word_1_482' title='bbox 1335 3452 1395 3517; x_wconf 79' lang='grc' dir='ltr'><strong>ἐξ</strong></span> <span class='ocrx_word' id='word_1_483' title='bbox 1436 3455 1669 3529; x_wconf 81' lang='grc' dir='ltr'>Ἰσραὴλ,</span> <span class='ocrx_word' id='word_1_484' title='bbox 1698 3454 1779 3524; x_wconf 74' lang='grc' dir='ltr'>οἷς</span> 
     </span>
    </p>
   </div>
   <div class='ocr_carea' id='block_1_65' title="bbox 1896 3447 3458 3536">
    <p class='ocr_par' dir='ltr' id='par_1_65' title="bbox 1896 3460 3458 3536">
     <span class='ocr_line' id='line_1_66' title="bbox 1896 3460 3458 3536; baseline 0.006 -22"><span class='ocrx_word' id='word_1_485' title='bbox 1896 3469 2023 3515; x_wconf 82' lang='lat' dir='ltr'><strong>:ent.</strong></span> <span class='ocrx_word' id='word_1_486' title='bbox 2058 3460 2299 3532; x_wconf 88' lang='lat' dir='ltr'><strong>Denique</strong></span> <span class='ocrx_word' id='word_1_487' title='bbox 2318 3465 2409 3533; x_wconf 86' lang='lat' dir='ltr'><strong>qui</strong></span> <span class='ocrx_word' id='word_1_488' title='bbox 2441 3480 2506 3521; x_wconf 83' lang='lat' dir='ltr'><strong>ex</strong></span> <span class='ocrx_word' id='word_1_489' title='bbox 2543 3468 2794 3536; x_wconf 77' lang='lat' dir='ltr'><strong>gentibus</strong></span> <span class='ocrx_word' id='word_1_490' title='bbox 2843 3469 3212 3536; x_wconf 89' lang='lat' dir='ltr'><strong>crediderunt,</strong></span> <span class='ocrx_word' id='word_1_491' title='bbox 3244 3467 3458 3524; x_wconf 86' lang='lat' dir='ltr'><strong>Israeli-</strong></span> 
     </span>
    </p>
   </div>
   <div class='ocr_carea' id='block_1_66' title="bbox 180 3536 1780 3610">
    <p class='ocr_par' dir='ltr' id='par_1_66' title="bbox 180 3536 1780 3610">
     <span class='ocr_line' id='line_1_67' title="bbox 180 3536 1780 3610; baseline 0.01 -22"><span class='ocrx_word' id='word_1_492' title='bbox 180 3536 424 3591; x_wconf 62' lang='grc' dir='ltr'>ἐκέλευον</span> <span class='ocrx_word' id='word_1_493' title='bbox 472 3538 686 3610; x_wconf 80' lang='grc' dir='ltr'>πρόσθε</span> <span class='ocrx_word' id='word_1_494' title='bbox 726 3581 741 3605; x_wconf 94' lang='grc'><strong>,</strong></span> <span class='ocrx_word' id='word_1_495' title='bbox 798 3540 1154 3595; x_wconf 80' lang='grc' dir='ltr'>διδασκαλίαν</span> <span class='ocrx_word' id='word_1_496' title='bbox 1195 3543 1497 3609; x_wconf 80' lang='grc' dir='ltr'>δανείζουσι</span> <span class='ocrx_word' id='word_1_497' title='bbox 1533 3563 1549 3579; x_wconf 76' lang='grc' dir='ltr'><strong>ο</strong></span> <span class='ocrx_word' id='word_1_498' title='bbox 1603 3550 1780 3605; x_wconf 84' lang='grc' dir='ltr'>καίτοι</span> 
     </span>
    </p>
   </div>
   <div class='ocr_carea' id='block_1_67' title="bbox 184 3629 1779 3701">
    <p class='ocr_par' dir='ltr' id='par_1_67' title="bbox 184 3629 1779 3701">
     <span class='ocr_line' id='line_1_68' title="bbox 184 3629 1779 3701; baseline 0.011 -22"><span class='ocrx_word' id='word_1_499' title='bbox 184 3630 443 3699; x_wconf 64' lang='grc' dir='ltr'>πρότερον</span> <span class='ocrx_word' id='word_1_500' title='bbox 481 3629 699 3682; x_wconf 73' lang='grc' dir='ltr'>ἔθνεσιν</span> <span class='ocrx_word' id='word_1_501' title='bbox 725 3630 1008 3695; x_wconf 75' lang='grc' dir='ltr'>ἐδάνειζον</span> <span class='ocrx_word' id='word_1_502' title='bbox 1034 3634 1229 3686; x_wconf 81' lang='grc' dir='ltr'>ἐκεῖνοι</span> <span class='ocrx_word' id='word_1_503' title='bbox 1265 3635 1500 3701; x_wconf 84' lang='grc' dir='ltr'>πολλοῖς,</span> <span class='ocrx_word' id='word_1_504' title='bbox 1531 3640 1624 3694; x_wconf 81' lang='grc' dir='ltr'>καὶ</span> <span class='ocrx_word' id='word_1_505' title='bbox 1654 3642 1779 3695; x_wconf 87' lang='grc' dir='ltr'>τού-</span> 
     </span>
    </p>
   </div>
   <div class='ocr_carea' id='block_1_68' title="bbox 183 3715 1778 3804">
    <p class='ocr_par' dir='ltr' id='par_1_68' title="bbox 183 3715 1778 3804">
     <span class='ocr_line' id='line_1_69' title="bbox 183 3715 1778 3804; baseline 0.009 -32"><span class='ocrx_word' id='word_1_506' title='bbox 183 3734 281 3773; x_wconf 72' lang='grc' dir='ltr'>των</span> <span class='ocrx_word' id='word_1_507' title='bbox 317 3715 518 3790; x_wconf 73' lang='grc' dir='ltr'>ἦρχονο</span> <span class='ocrx_word' id='word_1_508' title='bbox 555 3720 656 3774; x_wconf 78' lang='grc' dir='ltr'>νῦν</span> <span class='ocrx_word' id='word_1_509' title='bbox 687 3721 745 3774; x_wconf 84' lang='grc' dir='ltr'>δὲ</span> <span class='ocrx_word' id='word_1_510' title='bbox 789 3722 896 3793; x_wconf 81' lang='grc' dir='ltr'>τῆς</span> <span class='ocrx_word' id='word_1_511' title='bbox 924 3722 1201 3793; x_wconf 84' lang='grc' dir='ltr'>βασιλείας</span> <span class='ocrx_word' id='word_1_512' title='bbox 1243 3726 1341 3779; x_wconf 83' lang='grc' dir='ltr'><strong>ἀπ’</strong></span> <span class='ocrx_word' id='word_1_513' title='bbox 1374 3728 1551 3784; x_wconf 81' lang='grc' dir='ltr'>αὐτῶν</span> <span class='ocrx_word' id='word_1_514' title='bbox 1593 3733 1778 3804; x_wconf 85' lang='grc' dir='ltr'>ἀρθεί-</span> 
     </span>
    </p>
   </div>
   <div class='ocr_carea' id='block_1_69' title="bbox 186 3812 812 3882">
    <p class='ocr_par' dir='ltr' id='par_1_69' title="bbox 186 3812 812 3882">
     <span class='ocr_line' id='line_1_70' title="bbox 186 3812 812 3882; baseline 0.011 -21"><span class='ocrx_word' id='word_1_515' title='bbox 186 3824 297 3877; x_wconf 71' lang='grc' dir='ltr'>σης,</span> <span class='ocrx_word' id='word_1_516' title='bbox 325 3812 565 3876; x_wconf 77' lang='grc' dir='ltr'>ἔμπαλιν</span> <span class='ocrx_word' id='word_1_517' title='bbox 590 3812 812 3882; x_wconf 83' lang='grc' dir='ltr'>γέγονε.</span> 
     </span>
    </p>
   </div>
   <div class='ocr_carea' id='block_1_70' title="bbox 247 3903 1777 3990">
    <p class='ocr_par' dir='ltr' id='par_1_70' title="bbox 247 3903 1777 3990">
     <span class='ocr_line' id='line_1_71' title="bbox 247 3903 1777 3990; baseline 0.012 -35"><span class='ocrx_word' id='word_1_518' title='bbox 247 3903 353 3956; x_wconf 74' lang='grc' dir='ltr'>Τὸν</span> <span class='ocrx_word' id='word_1_519' title='bbox 389 3906 446 3958; x_wconf 81' lang='grc' dir='ltr'>ὲν</span> <span class='ocrx_word' id='word_1_520' title='bbox 475 3909 596 3969; x_wconf 82' lang='grc' dir='ltr'>ταῖς</span> <span class='ocrx_word' id='word_1_521' title='bbox 640 3908 891 3974; x_wconf 78' lang='grc' dir='ltr'>ἐντολαῖς</span> <span class='ocrx_word' id='word_1_522' title='bbox 926 3910 1110 3981; x_wconf 77' lang='grc' dir='ltr'>ἱλαρὸν</span> <span class='ocrx_word' id='word_1_523' title='bbox 1132 3912 1320 3987; x_wconf 84' lang='grc' dir='ltr'>ἄνδρα,</span> <span class='ocrx_word' id='word_1_524' title='bbox 1348 3916 1445 3969; x_wconf 60' lang='grc' dir='ltr'><strong>καὶ⁹</strong></span> <span class='ocrx_word' id='word_1_525' title='bbox 1471 3918 1529 3970; x_wconf 86' lang='grc' dir='ltr'>ὲν</span> <span class='ocrx_word' id='word_1_526' title='bbox 1551 3910 1777 3990; x_wconf 71' lang='grc' dir='ltr'>ἐλεημοσ-</span> 
     </span>
    </p>
   </div>
   <div class='ocr_carea' id='block_1_71' title="bbox 188 3994 1780 4077">
    <p class='ocr_par' dir='ltr' id='par_1_71' title="bbox 188 3994 1780 4077">
     <span class='ocr_line' id='line_1_72' title="bbox 188 3994 1780 4077; baseline 0.013 -32"><span class='ocrx_word' id='word_1_527' title='bbox 188 3994 369 4059; x_wconf 76' lang='grc' dir='ltr'>σύναις</span> <span class='ocrx_word' id='word_1_528' title='bbox 396 3998 577 4070; x_wconf 73' lang='grc' dir='ltr'>δότην,</span> <span class='ocrx_word' id='word_1_529' title='bbox 627 4001 825 4074; x_wconf 81' lang='grc' dir='ltr'>ἀγαπᾷ</span> <span class='ocrx_word' id='word_1_530' title='bbox 857 4005 887 4056; x_wconf 90' lang='grc' dir='ltr'><strong>ό</strong></span> <span class='ocrx_word' id='word_1_531' title='bbox 919 4002 1082 4069; x_wconf 87' lang='grc' dir='ltr'>Θεός·</span> <span class='ocrx_word' id='word_1_532' title='bbox 1130 4006 1314 4072; x_wconf 88' lang='grc' dir='ltr'>καθὼς</span> <span class='ocrx_word' id='word_1_533' title='bbox 1371 4010 1467 4062; x_wconf 74' lang='grc' dir='ltr'><strong>καὶ</strong></span> <span class='ocrx_word' id='word_1_534' title='bbox 1506 4012 1536 4063; x_wconf 89' lang='grc' dir='ltr'><strong>ό</strong></span> <span class='ocrx_word' id='word_1_535' title='bbox 1568 4012 1780 4077; x_wconf 86' lang='grc' dir='ltr'>Παῦλός</span> 
     </span>
    </p>
   </div>
   <div class='ocr_carea' id='block_1_72' title="bbox 1882 3554 3451 3631">
    <p class='ocr_par' dir='ltr' id='par_1_72' title="bbox 1882 3554 3451 3631">
     <span class='ocr_line' id='line_1_73' title="bbox 1882 3554 3451 3631; baseline 0.008 -26"><span class='ocrx_word' id='word_1_536' title='bbox 1882 3554 1953 3608; x_wconf 90' lang='lat' dir='ltr'><strong>tis</strong></span> <span class='ocrx_word' id='word_1_537' title='bbox 1980 3556 2072 3624; x_wconf 89' lang='lat' dir='ltr'><strong>qui</strong></span> <span class='ocrx_word' id='word_1_538' title='bbox 2103 3564 2263 3609; x_wconf 89' lang='lat' dir='ltr'><strong>antea</strong></span> <span class='ocrx_word' id='word_1_539' title='bbox 2292 3556 2657 3627; x_wconf 89' lang='lat' dir='ltr'><strong>imperabant,</strong></span> <span class='ocrx_word' id='word_1_540' title='bbox 2678 3560 3051 3631; x_wconf 78' lang='lat' dir='ltr'><strong>magisterium</strong></span> <span class='ocrx_word' id='word_1_541' title='bbox 3092 3560 3451 3618; x_wconf 76' lang='lat' dir='ltr'><strong>fenerantnr:</strong></span> 
     </span>
    </p>
   </div>
   <div class='ocr_carea' id='block_1_73' title="bbox 1880 3650 3453 3722">
    <p class='ocr_par' dir='ltr' id='par_1_73' title="bbox 1880 3650 3453 3722">
     <span class='ocr_line' id='line_1_74' title="bbox 1880 3650 3453 3722; baseline 0.005 -21"><span class='ocrx_word' id='word_1_542' title='bbox 1880 3662 2190 3719; x_wconf 88' lang='lat' dir='ltr'><strong>quanquam</strong></span> <span class='ocrx_word' id='word_1_543' title='bbox 2229 3650 2307 3704; x_wconf 89' lang='lat' dir='ltr'><strong>illi</strong></span> <span class='ocrx_word' id='word_1_544' title='bbox 2348 3659 2508 3707; x_wconf 89' lang='lat' dir='ltr'><strong>antea</strong></span> <span class='ocrx_word' id='word_1_545' title='bbox 2549 3653 2802 3722; x_wconf 77' lang='lat' dir='ltr'><strong>gentibus</strong></span> <span class='ocrx_word' id='word_1_546' title='bbox 2833 3653 3226 3709; x_wconf 80' lang='lat' dir='ltr'><strong>fenerabantur</strong></span> <span class='ocrx_word' id='word_1_547' title='bbox 3245 3654 3453 3722; x_wconf 90' lang='lat' dir='ltr'><strong>multis,</strong></span> 
     </span>
    </p>
   </div>
   <div class='ocr_carea' id='block_1_74' title="bbox 1882 3740 3454 3820">
    <p class='ocr_par' dir='ltr' id='par_1_74' title="bbox 1882 3740 3454 3820">
     <span class='ocr_line' id='line_1_75' title="bbox 1882 3740 3454 3820; baseline 0.006 -26"><span class='ocrx_word' id='word_1_548' title='bbox 1882 3740 2056 3811; x_wconf 87' lang='lat' dir='ltr'><strong>iisque</strong></span> <span class='ocrx_word' id='word_1_549' title='bbox 2090 3742 2538 3799; x_wconf 87' lang='lat' dir='ltr'><strong>dominabantur.</strong></span> <span class='ocrx_word' id='word_1_550' title='bbox 2572 3745 2726 3801; x_wconf 86' lang='lat' dir='ltr'><strong>Nunc</strong></span> <span class='ocrx_word' id='word_1_551' title='bbox 2759 3761 2890 3802; x_wconf 87' lang='lat' dir='ltr'><strong>vero</strong></span> <span class='ocrx_word' id='word_1_552' title='bbox 2923 3757 3112 3818; x_wconf 88' lang='lat' dir='ltr'><strong>erepto</strong></span> <span class='ocrx_word' id='word_1_553' title='bbox 3151 3748 3218 3804; x_wconf 90' lang='lat' dir='ltr'><strong>iis</strong></span> <span class='ocrx_word' id='word_1_554' title='bbox 3264 3756 3454 3820; x_wconf 79' lang='lat' dir='ltr'><strong>regno,</strong></span> 
     </span>
    </p>
   </div>
   <div class='ocr_carea' id='block_1_75' title="bbox 1879 3826 2309 3889">
    <p class='ocr_par' dir='ltr' id='par_1_75' title="bbox 1879 3826 2309 3889">
     <span class='ocr_line' id='line_1_76' title="bbox 1879 3826 2309 3889; baseline 0.007 -3"><span class='ocrx_word' id='word_1_555' title='bbox 1879 3826 2207 3888; x_wconf 83' lang='lat' dir='ltr'><strong>contrarium</strong></span> <span class='ocrx_word' id='word_1_556' title='bbox 2234 3834 2309 3889; x_wconf 83' lang='lat' dir='ltr'><strong>iit.</strong></span> 
     </span>
    </p>
   </div>
   <div class='ocr_carea' id='block_1_76' title="bbox 1950 3924 3456 3999">
    <p class='ocr_par' dir='ltr' id='par_1_76' title="bbox 1950 3924 3456 3999">
     <span class='ocr_line' id='line_1_77' title="bbox 1950 3924 3456 3999; baseline 0.005 -23"><span class='ocrx_word' id='word_1_557' title='bbox 1950 3924 1993 3955; x_wconf 79' lang='lat'>“</span> <span class='ocrx_word' id='word_1_558' title='bbox 2026 3924 2264 3980; x_wconf 89' lang='lat' dir='ltr'><strong>Hilarem</strong></span> <span class='ocrx_word' id='word_1_559' title='bbox 2316 3928 2367 3982; x_wconf 92' lang='lat' dir='ltr'><strong>in</strong></span> <span class='ocrx_word' id='word_1_560' title='bbox 2419 3930 2782 3999; x_wconf 81' lang='lat' dir='ltr'><strong>exsequendis</strong></span> <span class='ocrx_word' id='word_1_561' title='bbox 2837 3930 3109 3984; x_wconf 89' lang='lat' dir='ltr'><strong>mandatis</strong></span> <span class='ocrx_word' id='word_1_562' title='bbox 3154 3932 3351 3995; x_wconf 84' lang='lat' dir='ltr'><strong>virum,</strong></span> <span class='ocrx_word' id='word_1_563' title='bbox 3397 3939 3456 3985; x_wconf 89' lang='lat' dir='ltr'><strong>et</strong></span> 
     </span>
    </p>
   </div>
   <div class='ocr_carea' id='block_1_77' title="bbox 1885 4015 3452 4090">
    <p class='ocr_par' dir='ltr' id='par_1_77' title="bbox 1885 4015 3452 4090">
     <span class='ocr_line' id='line_1_78' title="bbox 1885 4015 3452 4090; baseline 0.002 -19"><span class='ocrx_word' id='word_1_564' title='bbox 1885 4015 2250 4085; x_wconf 80' lang='lat' dir='ltr'><strong>eleemosynis</strong></span> <span class='ocrx_word' id='word_1_565' title='bbox 2273 4020 2668 4087; x_wconf 82' lang='lat' dir='ltr'><strong>indulgentem,</strong></span> <span class='ocrx_word' id='word_1_566' title='bbox 2700 4021 2875 4090; x_wconf 77' lang='lat' dir='ltr'><strong>diligit</strong></span> <span class='ocrx_word' id='word_1_567' title='bbox 2904 4019 3068 4074; x_wconf 90' lang='lat' dir='ltr'><strong>Deus.</strong></span> <span class='ocrx_word' id='word_1_568' title='bbox 3111 4019 3265 4075; x_wconf 89' lang='lat' dir='ltr'><strong>Sicut</strong></span> <span class='ocrx_word' id='word_1_569' title='bbox 3285 4022 3452 4075; x_wconf 90' lang='lat' dir='ltr'><strong>etiam</strong></span> 
     </span>
    </p>
   </div>
   <div class='ocr_carea' id='block_1_78' title="bbox 190 4088 1779 4179">
    <p class='ocr_par' dir='ltr' id='par_1_78' title="bbox 190 4088 1778 4179">
     <span class='ocr_line' id='line_1_79' title="bbox 190 4088 1778 4179; baseline 0.014 -41"><span class='ocrx_word' id='word_1_570' title='bbox 190 4101 366 4154; x_wconf 62' lang='grc' dir='ltr'>φησιν·</span> <span class='ocrx_word' id='word_1_571' title='bbox 409 4088 461 4140; x_wconf 88' lang='grc' dir='ltr'>Ὀ</span> <span class='ocrx_word' id='word_1_572' title='bbox 504 4088 723 4156; x_wconf 78' lang='grc' dir='ltr'><strong>ἐλεῶν,</strong></span> <span class='ocrx_word' id='word_1_573' title='bbox 751 4092 828 4147; x_wconf 83' lang='grc' dir='ltr'><strong>ἐν</strong></span> <span class='ocrx_word' id='word_1_574' title='bbox 852 4097 1193 4165; x_wconf 73' lang='grc' dir='ltr'>ἱλαρότητιο</span> <span class='ocrx_word' id='word_1_575' title='bbox 1225 4101 1323 4173; x_wconf 76' lang='grc' dir='ltr'>τὴν</span> <span class='ocrx_word' id='word_1_576' title='bbox 1350 4102 1409 4155; x_wconf 85' lang='grc' dir='ltr'>δὲ</span> <span class='ocrx_word' id='word_1_577' title='bbox 1444 4107 1778 4179; x_wconf 82' lang='grc' dir='ltr'>ματαιότητα</span> 
     </span>
    </p>
   </div>
   <div class='ocr_carea' id='block_1_79' title="bbox 1896 4088 3455 4179">
    <p class='ocr_par' dir='ltr' id='par_1_79' title="bbox 1896 4088 3455 4178">
     <span class='ocr_line' id='line_1_80' title="bbox 1896 4088 3455 4178; baseline 0.004 -18"><span class='ocrx_word' id='word_1_578' title='bbox 1896 4106 2075 4162; x_wconf 73' lang='lat' dir='ltr'><strong>Paulus</strong></span> <span class='ocrx_word' id='word_1_579' title='bbox 2098 4110 2174 4162; x_wconf 86' lang='lat' dir='ltr'><strong>ait</strong></span> <span class='ocrx_word' id='word_1_580' title='bbox 2204 4127 2217 4163; x_wconf 90' lang='lat'><strong>:</strong></span> <span class='ocrx_word' id='word_1_581' title='bbox 2242 4109 2347 4174; x_wconf 83' lang='lat' dir='ltr'><strong>Qui</strong></span> <span class='ocrx_word' id='word_1_582' title='bbox 2389 4112 2690 4178; x_wconf 83' lang='lat' dir='ltr'><strong>miseretur,</strong></span> <span class='ocrx_word' id='word_1_583' title='bbox 2722 4088 2841 4165; x_wconf 72' lang='lat' dir='ltr'><strong>eum</strong></span> <span class='ocrx_word' id='word_1_584' title='bbox 2883 4112 3155 4167; x_wconf 76' lang='lat' dir='ltr'><strong>hilaritate</strong></span> <span class='ocrx_word' id='word_1_585' title='bbox 3178 4112 3245 4166; x_wconf 76' lang='lat'><strong>“.</strong></span> <span class='ocrx_word' id='word_1_586' title='bbox 3285 4110 3455 4166; x_wconf 82' lang='lat' dir='ltr'><strong>Vani-</strong></span> 
     </span>
    </p>
   </div>
   <div class='ocr_carea' id='block_1_80' title="bbox 190 4177 1779 4272">
    <p class='ocr_par' dir='ltr' id='par_1_80' title="bbox 190 4177 1775 4272">
     <span class='ocr_line' id='line_1_81' title="bbox 190 4177 1775 4272; baseline 0.016 -44"><span class='ocrx_word' id='word_1_587' title='bbox 190 4177 290 4229; x_wconf 72' lang='grc' dir='ltr'>τῶν</span> <span class='ocrx_word' id='word_1_588' title='bbox 315 4180 489 4272; x_wconf 69' lang='grc' dir='ltr'>ἔργων</span> <span class='ocrx_word' id='word_1_589' title='bbox 515 4181 605 4235; x_wconf 83' lang='grc' dir='ltr'>διὰ</span> <span class='ocrx_word' id='word_1_590' title='bbox 627 4185 729 4256; x_wconf 80' lang='grc' dir='ltr'>τῆς</span> <span class='ocrx_word' id='word_1_591' title='bbox 747 4186 961 4258; x_wconf 82' lang='grc' dir='ltr'>ἀρετῆς</span> <span class='ocrx_word' id='word_1_592' title='bbox 984 4189 1013 4241; x_wconf 95' lang='lat'><strong>6</strong></span> <span class='ocrx_word' id='word_1_593' title='bbox 1042 4189 1244 4264; x_wconf 85' lang='grc' dir='ltr'>Κύριος</span> <span class='ocrx_word' id='word_1_594' title='bbox 1261 4194 1357 4248; x_wconf 71' lang='grc' dir='ltr'><strong>καὶ</strong></span> <span class='ocrx_word' id='word_1_595' title='bbox 1383 4196 1483 4265; x_wconf 85' lang='grc' dir='ltr'><strong>τῆς</strong></span> <span class='ocrx_word' id='word_1_596' title='bbox 1503 4177 1775 4266; x_wconf 57' lang='grc' dir='ltr'>γνώσεώς,</span> 
     </span>
    </p>
   </div>
   <div class='ocr_carea' id='block_1_81' title="bbox 1896 4177 3451 4272">
    <p class='ocr_par' dir='ltr' id='par_1_81' title="bbox 1896 4203 3451 4272">
     <span class='ocr_line' id='line_1_82' title="bbox 1896 4203 3451 4272; baseline 0.005 -21"><span class='ocrx_word' id='word_1_597' title='bbox 1896 4209 2044 4254; x_wconf 89' lang='lat' dir='ltr'><strong>.atem</strong></span> <span class='ocrx_word' id='word_1_598' title='bbox 2078 4209 2259 4254; x_wconf 90' lang='lat' dir='ltr'><strong>autem</strong></span> <span class='ocrx_word' id='word_1_599' title='bbox 2301 4216 2548 4271; x_wconf 90' lang='lat' dir='ltr'><strong>operum,</strong></span> <span class='ocrx_word' id='word_1_600' title='bbox 2582 4217 2680 4272; x_wconf 91' lang='lat' dir='ltr'><strong>per</strong></span> <span class='ocrx_word' id='word_1_601' title='bbox 2725 4208 2984 4259; x_wconf 86' lang='lat' dir='ltr'><strong>virtutem</strong></span> <span class='ocrx_word' id='word_1_602' title='bbox 3041 4219 3109 4260; x_wconf 93' lang='lat' dir='ltr'><strong>ac</strong></span> <span class='ocrx_word' id='word_1_603' title='bbox 3156 4203 3451 4260; x_wconf 79' lang='lat' dir='ltr'><strong>scientiam</strong></span> 
     </span>
    </p>
   </div>
   <div class='ocr_carea' id='block_1_82' title="bbox 195 4271 449 4327">
    <p class='ocr_par' dir='ltr' id='par_1_82' title="bbox 195 4271 449 4327">
     <span class='ocr_line' id='line_1_83' title="bbox 195 4271 449 4327; baseline 0.028 -8"><span class='ocrx_word' id='word_1_604' title='bbox 195 4271 449 4327; x_wconf 67' lang='grc' dir='ltr'>συντελεῖ.</span> 
     </span>
    </p>
   </div>
   <div class='ocr_carea' id='block_1_83' title="bbox 253 4363 1777 4453">
    <p class='ocr_par' dir='ltr' id='par_1_83' title="bbox 253 4363 1777 4453">
     <span class='ocr_line' id='line_1_84' title="bbox 253 4363 1777 4453; baseline 0.013 -36"><span class='ocrx_word' id='word_1_605' title='bbox 253 4363 535 4453; x_wconf 57' lang='grc' dir='ltr'>Δῶραῌωῦ</span> <span class='ocrx_word' id='word_1_606' title='bbox 572 4369 874 4444; x_wconf 83' lang='grc' dir='ltr'>ἀνθρώπου</span> <span class='ocrx_word' id='word_1_607' title='bbox 908 4372 1009 4437; x_wconf 78' lang='grc' dir='ltr'>τὰς</span> <span class='ocrx_word' id='word_1_608' title='bbox 1028 4375 1125 4446; x_wconf 85' lang='grc' dir='ltr'>τῆς</span> <span class='ocrx_word' id='word_1_609' title='bbox 1153 4376 1331 4449; x_wconf 84' lang='grc' dir='ltr'>ψυχῆς</span> <span class='ocrx_word' id='word_1_610' title='bbox 1354 4380 1556 4451; x_wconf 78' lang='grc' dir='ltr'>ἀρετὰς</span> <span class='ocrx_word' id='word_1_611' title='bbox 1578 4381 1777 4453; x_wconf 84' lang='grc' dir='ltr'>ὀνομά-</span> 
     </span>
    </p>
   </div>
   <div class='ocr_carea' id='block_1_84' title="bbox 1879 4289 2518 4347">
    <p class='ocr_par' dir='ltr' id='par_1_84' title="bbox 1879 4289 2518 4347">
     <span class='ocr_line' id='line_1_85' title="bbox 1879 4289 2518 4347; baseline 0.005 -3"><span class='ocrx_word' id='word_1_612' title='bbox 1879 4297 2217 4344; x_wconf 84' lang='lat' dir='ltr'><strong>consummat</strong></span> <span class='ocrx_word' id='word_1_613' title='bbox 2241 4289 2518 4347; x_wconf 90' lang='lat' dir='ltr'><strong>Dominus.</strong></span> 
     </span>
    </p>
   </div>
   <div class='ocr_carea' id='block_1_85' title="bbox 1945 4381 3455 4457">
    <p class='ocr_par' dir='ltr' id='par_1_85' title="bbox 1945 4381 3455 4457">
     <span class='ocr_line' id='line_1_86' title="bbox 1945 4381 3455 4457; baseline 0.005 -22"><span class='ocrx_word' id='word_1_614' title='bbox 1945 4381 1994 4414; x_wconf 76' lang='lat'>“</span> <span class='ocrx_word' id='word_1_615' title='bbox 2024 4382 2168 4437; x_wconf 90' lang='lat' dir='ltr'><strong>Dona</strong></span> <span class='ocrx_word' id='word_1_616' title='bbox 2191 4382 2447 4451; x_wconf 88' lang='lat' dir='ltr'><strong>hominis,</strong></span> <span class='ocrx_word' id='word_1_617' title='bbox 2481 4385 2714 4439; x_wconf 86' lang='lat' dir='ltr'><strong>virtutes</strong></span> <span class='ocrx_word' id='word_1_618' title='bbox 2744 4383 2940 4439; x_wconf 68' lang='lat' dir='ltr'><strong>animae</strong></span> <span class='ocrx_word' id='word_1_619' title='bbox 2966 4384 3223 4457; x_wconf 88' lang='lat' dir='ltr'><strong>appellat.</strong></span> <span class='ocrx_word' id='word_1_620' title='bbox 3255 4386 3455 4455; x_wconf 82' lang='lat' dir='ltr'><strong>quibus</strong></span> 
     </span>
    </p>
   </div>
   <div class='ocr_carea' id='block_1_86' title="bbox 194 4447 1779 4567">
    <p class='ocr_par' dir='ltr' id='par_1_86' title="bbox 194 4447 1775 4543">
     <span class='ocr_line' id='line_1_87' title="bbox 194 4447 1775 4543; baseline 0.014 -39"><span class='ocrx_word' id='word_1_621' title='bbox 194 4447 291 4516; x_wconf 79' lang='grc' dir='ltr'>ζει,</span> <span class='ocrx_word' id='word_1_622' title='bbox 326 4451 486 4511; x_wconf 78' lang='grc' dir='ltr'>δι’ὧν</span> <span class='ocrx_word' id='word_1_623' title='bbox 516 4461 682 4517; x_wconf 81' lang='grc' dir='ltr'>νικῶν</span> <span class='ocrx_word' id='word_1_624' title='bbox 711 4464 810 4517; x_wconf 86' lang='grc' dir='ltr'><strong>τὸν</strong></span> <span class='ocrx_word' id='word_1_625' title='bbox 831 4464 1103 4531; x_wconf 76' lang='grc' dir='ltr'>διάϐολον,</span> <span class='ocrx_word' id='word_1_626' title='bbox 1122 4447 1300 4538; x_wconf 83' lang='grc' dir='ltr'>τίμιον</span> <span class='ocrx_word' id='word_1_627' title='bbox 1331 4447 1522 4524; x_wconf 80' lang='grc' dir='ltr'>ἑαυτὸν</span> <span class='ocrx_word' id='word_1_628' title='bbox 1547 4447 1775 4543; x_wconf 82' lang='grc' dir='ltr'>παρέχει</span> 
     </span>
    </p>
   </div>
   <div class='ocr_carea' id='block_1_87' title="bbox 1896 4447 3449 4567">
    <p class='ocr_par' dir='ltr' id='par_1_87' title="bbox 1896 4447 3449 4545">
     <span class='ocr_line' id='line_1_88' title="bbox 1896 4447 3449 4545; baseline 0.003 -17"><span class='ocrx_word' id='word_1_629' title='bbox 1896 4473 2149 4529; x_wconf 89' lang='lat' dir='ltr'><strong>liabolum</strong></span> <span class='ocrx_word' id='word_1_630' title='bbox 2189 4447 2442 4543; x_wconf 73' lang='lat' dir='ltr'><strong>vincens,</strong></span> <span class='ocrx_word' id='word_1_631' title='bbox 2490 4476 2861 4532; x_wconf 89' lang='lat' dir='ltr'><strong>honorabilem</strong></span> <span class='ocrx_word' id='word_1_632' title='bbox 2910 4491 2970 4532; x_wconf 87' lang='lat' dir='ltr'><strong>se</strong></span> <span class='ocrx_word' id='word_1_633' title='bbox 3004 4447 3131 4533; x_wconf 48' lang='lat' dir='ltr'><strong>&#39;Deo</strong></span> <span class='ocrx_word' id='word_1_634' title='bbox 3195 4447 3449 4545; x_wconf 80' lang='lat' dir='ltr'><strong>exhibet;</strong></span> 
     </span>
    </p>
   </div>
   <div class='ocr_carea' id='block_1_88' title="bbox 195 4545 1779 4639">
    <p class='ocr_par' dir='ltr' id='par_1_88' title="bbox 195 4545 1775 4636">
     <span class='ocr_line' id='line_1_89' title="bbox 195 4545 1775 4636; baseline 0.014 -38"><span class='ocrx_word' id='word_1_635' title='bbox 195 4545 264 4615; x_wconf 74' lang='grc' dir='ltr'><strong>τῷ</strong></span> <span class='ocrx_word' id='word_1_636' title='bbox 287 4547 425 4620; x_wconf 83' lang='grc' dir='ltr'>Θεῷ,</span> <span class='ocrx_word' id='word_1_637' title='bbox 454 4553 546 4606; x_wconf 70' lang='grc' dir='ltr'><strong>καὶ</strong></span> <span class='ocrx_word' id='word_1_638' title='bbox 571 4555 904 4625; x_wconf 77' lang='grc' dir='ltr'>ἀφαιρεῖται</span> <span class='ocrx_word' id='word_1_639' title='bbox 946 4557 1044 4629; x_wconf 83' lang='grc' dir='ltr'>τὴν</span> <span class='ocrx_word' id='word_1_640' title='bbox 1089 4561 1285 4625; x_wconf 78' lang='grc' dir='ltr'>ἑαυτοῦ</span> <span class='ocrx_word' id='word_1_641' title='bbox 1330 4562 1508 4636; x_wconf 76' lang='grc' dir='ltr'>ψυχὴν</span> <span class='ocrx_word' id='word_1_642' title='bbox 1529 4565 1638 4618; x_wconf 85' lang='grc' dir='ltr'>ἀπὸ</span> <span class='ocrx_word' id='word_1_643' title='bbox 1664 4566 1775 4620; x_wconf 82' lang='grc' dir='ltr'><strong>τῶν</strong></span> 
     </span>
    </p>
   </div>
   <div class='ocr_carea' id='block_1_89' title="bbox 1896 4545 3463 4639">
    <p class='ocr_par' dir='ltr' id='par_1_89' title="bbox 1896 4569 3463 4639">
     <span class='ocr_line' id='line_1_90' title="bbox 1896 4569 3463 4639; baseline -0.001 -15"><span class='ocrx_word' id='word_1_644' title='bbox 1896 4583 2143 4638; x_wconf 72' lang='lat' dir='ltr'><strong>tuamque</strong></span> <span class='ocrx_word' id='word_1_645' title='bbox 2166 4569 2406 4624; x_wconf 86' lang='lat' dir='ltr'><strong>animam</strong></span> <span class='ocrx_word' id='word_1_646' title='bbox 2441 4569 2510 4625; x_wconf 90' lang='lat' dir='ltr'><strong>ab</strong></span> <span class='ocrx_word' id='word_1_647' title='bbox 2541 4569 2939 4639; x_wconf 84' lang='lat' dir='ltr'><strong>occupantibus</strong></span> <span class='ocrx_word' id='word_1_648' title='bbox 2962 4584 3088 4626; x_wconf 88' lang='lat' dir='ltr'><strong>eam</strong></span> <span class='ocrx_word' id='word_1_649' title='bbox 3116 4571 3463 4630; x_wconf 63' lang='lat' dir='ltr'><strong>daemonibus.</strong></span> 
     </span>
    </p>
   </div>
   <div class='ocr_carea' id='block_1_90' title="bbox 196 4646 1069 4720">
    <p class='ocr_par' dir='ltr' id='par_1_90' title="bbox 196 4646 1069 4720">
     <span class='ocr_line' id='line_1_91' title="bbox 196 4646 1069 4720; baseline 0.017 -30"><span class='ocrx_word' id='word_1_650' title='bbox 196 4646 538 4713; x_wconf 68' lang='grc' dir='ltr'>ϊτησαμένων</span> <span class='ocrx_word' id='word_1_651' title='bbox 566 4648 740 4720; x_wconf 78' lang='grc' dir='ltr'>αὐτὴν</span> <span class='ocrx_word' id='word_1_652' title='bbox 764 4649 1069 4720; x_wconf 85' lang='grc' dir='ltr'>δαιμόνων.</span> 
     </span>
    </p>
   </div>
   <div class='ocr_carea' id='block_1_91' title="bbox 258 4733 1775 4819">
    <p class='ocr_par' dir='ltr' id='par_1_91' title="bbox 258 4733 1775 4819">
     <span class='ocr_line' id='line_1_92' title="bbox 258 4733 1775 4819; baseline 0.013 -31"><span class='ocrx_word' id='word_1_653' title='bbox 258 4733 372 4805; x_wconf 75' lang='grc' dir='ltr'><strong>Τῆς</strong></span> <span class='ocrx_word' id='word_1_654' title='bbox 399 4739 671 4811; x_wconf 83' lang='grc' dir='ltr'>χειρίστης</span> <span class='ocrx_word' id='word_1_655' title='bbox 726 4743 908 4809; x_wconf 76' lang='grc' dir='ltr'>ἕξεως</span> <span class='ocrx_word' id='word_1_656' title='bbox 952 4742 1042 4797; x_wconf 82' lang='grc' dir='ltr'>τὸν</span> <span class='ocrx_word' id='word_1_657' title='bbox 1085 4746 1370 4819; x_wconf 81' lang='grc' dir='ltr'>ἄνθρωπον</span> <span class='ocrx_word' id='word_1_658' title='bbox 1416 4751 1775 4807; x_wconf 79' lang='grc' dir='ltr'>ἐκϐάλλεσθαι</span> 
     </span>
    </p>
   </div>
   <div class='ocr_carea' id='block_1_92' title="bbox 199 4821 1771 4917">
    <p class='ocr_par' dir='ltr' id='par_1_92' title="bbox 199 4821 1771 4917">
     <span class='ocr_line' id='line_1_93' title="bbox 199 4821 1771 4917; baseline 0.013 -39"><span class='ocrx_word' id='word_1_659' title='bbox 199 4821 431 4889; x_wconf 70' lang='grc' dir='ltr'>βαὲλεται</span> <span class='ocrx_word' id='word_1_660' title='bbox 462 4831 549 4885; x_wconf 70' lang='grc' dir='ltr'>διὰ</span> <span class='ocrx_word' id='word_1_661' title='bbox 578 4834 977 4905; x_wconf 82' lang='grc' dir='ltr'>πνευματικῆς</span> <span class='ocrx_word' id='word_1_662' title='bbox 1020 4837 1365 4905; x_wconf 87' lang='grc' dir='ltr'>διδασκαλίας</span> <span class='ocrx_word' id='word_1_663' title='bbox 1407 4842 1527 4912; x_wconf 89' lang='grc' dir='ltr'>μεθ’</span> <span class='ocrx_word' id='word_1_664' title='bbox 1555 4840 1625 4917; x_wconf 78' lang='grc' dir='ltr'>ἧς</span> <span class='ocrx_word' id='word_1_665' title='bbox 1658 4842 1771 4917; x_wconf 75' lang='grc' dir='ltr'>εἶχε</span> 
     </span>
    </p>
   </div>
   <div class='ocr_carea' id='block_1_93' title="bbox 1878 4661 2059 4730">
    <p class='ocr_par' dir='ltr' id='par_1_93' title="bbox 1878 4661 2059 4730">
     <span class='ocr_line' id='line_1_94' title="bbox 1878 4661 2059 4730; baseline 0 -13"><span class='ocrx_word' id='word_1_666' title='bbox 1878 4661 2059 4730; x_wconf 82' lang='lat' dir='ltr'><strong>eripit.</strong></span> 
     </span>
    </p>
   </div>
   <div class='ocr_carea' id='block_1_94' title="bbox 1953 4752 3461 4822">
    <p class='ocr_par' dir='ltr' id='par_1_94' title="bbox 1953 4752 3461 4822">
     <span class='ocr_line' id='line_1_95' title="bbox 1953 4752 3461 4822; baseline 0.002 -15"><span class='ocrx_word' id='word_1_667' title='bbox 1953 4752 2313 4807; x_wconf 76' lang='lat' dir='ltr'><strong>“Hominem</strong></span> <span class='ocrx_word' id='word_1_668' title='bbox 2369 4766 2466 4822; x_wconf 90' lang='lat' dir='ltr'><strong>per</strong></span> <span class='ocrx_word' id='word_1_669' title='bbox 2518 4752 2823 4821; x_wconf 84' lang='lat' dir='ltr'><strong>spiritalem</strong></span> <span class='ocrx_word' id='word_1_670' title='bbox 2887 4753 3190 4810; x_wconf 80' lang='lat' dir='ltr'><strong>doctrinam</strong></span> <span class='ocrx_word' id='word_1_671' title='bbox 3234 4755 3461 4811; x_wconf 64' lang='lat' dir='ltr'><strong>extrahii</strong></span> 
     </span>
    </p>
   </div>
   <div class='ocr_carea' id='block_1_95' title="bbox 1879 4842 3463 4916">
    <p class='ocr_par' dir='ltr' id='par_1_95' title="bbox 1879 4842 3463 4916">
     <span class='ocr_line' id='line_1_96' title="bbox 1879 4842 3463 4916; baseline 0.001 -20"><span class='ocrx_word' id='word_1_672' title='bbox 1879 4844 1994 4898; x_wconf 86' lang='lat' dir='ltr'><strong>vult</strong></span> <span class='ocrx_word' id='word_1_673' title='bbox 2021 4849 2088 4900; x_wconf 84' lang='lat' dir='ltr'><strong>de</strong></span> <span class='ocrx_word' id='word_1_674' title='bbox 2134 4842 2369 4913; x_wconf 90' lang='lat' dir='ltr'><strong>pessimo</strong></span> <span class='ocrx_word' id='word_1_675' title='bbox 2430 4843 2599 4898; x_wconf 90' lang='lat' dir='ltr'><strong>animi</strong></span> <span class='ocrx_word' id='word_1_676' title='bbox 2653 4845 2861 4915; x_wconf 88' lang='lat' dir='ltr'><strong>habitu,</strong></span> <span class='ocrx_word' id='word_1_677' title='bbox 2920 4862 3044 4903; x_wconf 91' lang='lat' dir='ltr'><strong>cum</strong></span> <span class='ocrx_word' id='word_1_678' title='bbox 3086 4848 3204 4916; x_wconf 85' lang='lat' dir='ltr'><strong>ejus</strong></span> <span class='ocrx_word' id='word_1_679' title='bbox 3247 4846 3463 4900; x_wconf 71' lang='lat' dir='ltr'><strong>comite</strong></span> 
     </span>
    </p>
   </div>
   <div class='ocr_carea' id='block_1_96' title="bbox 200 4914 1779 5012">
    <p class='ocr_par' dir='ltr' id='par_1_96' title="bbox 200 4914 1772 5012">
     <span class='ocr_line' id='line_1_97' title="bbox 200 4914 1772 5012; baseline 0.029 -52"><span class='ocrx_word' id='word_1_680' title='bbox 200 4914 533 5012; x_wconf 55' lang='grc' dir='ltr'>ςιλονεικίας·</span> <span class='ocrx_word' id='word_1_681' title='bbox 575 4930 672 4980; x_wconf 75' lang='grc' dir='ltr'><strong>καὶ</strong></span> <span class='ocrx_word' id='word_1_682' title='bbox 724 4927 927 4997; x_wconf 86' lang='grc' dir='ltr'>λοιμὸν</span> <span class='ocrx_word' id='word_1_683' title='bbox 974 4929 1029 4982; x_wconf 83' lang='grc' dir='ltr'>δὲ</span> <span class='ocrx_word' id='word_1_684' title='bbox 1062 4932 1154 4985; x_wconf 77' lang='grc' dir='ltr'><strong>τὸν</strong></span> <span class='ocrx_word' id='word_1_685' title='bbox 1203 4934 1449 4990; x_wconf 82' lang='grc' dir='ltr'>διάϐολον</span> <span class='ocrx_word' id='word_1_686' title='bbox 1486 4914 1617 4994; x_wconf 77' lang='grc' dir='ltr'>ὄντα</span> <span class='ocrx_word' id='word_1_687' title='bbox 1672 4914 1772 5012; x_wconf 21' lang='grc' dir='ltr'><strong>τῆνς</strong></span> 
     </span>
    </p>
   </div>
   <div class='ocr_carea' id='block_1_97' title="bbox 1896 4914 3447 5012">
    <p class='ocr_par' dir='ltr' id='par_1_97' title="bbox 1896 4914 3447 5007">
     <span class='ocr_line' id='line_1_98' title="bbox 1896 4914 3447 5007; baseline -0.001 -16"><span class='ocrx_word' id='word_1_688' title='bbox 1896 4938 2015 4992; x_wconf 76' lang='lat' dir='ltr'><strong>&#39;ixa.</strong></span> <span class='ocrx_word' id='word_1_689' title='bbox 2069 4937 2354 4992; x_wconf 89' lang='lat' dir='ltr'><strong>Diabolum</strong></span> <span class='ocrx_word' id='word_1_690' title='bbox 2406 4950 2646 5005; x_wconf 88' lang='lat' dir='ltr'><strong>quoque,</strong></span> <span class='ocrx_word' id='word_1_691' title='bbox 2704 4914 2901 4993; x_wconf 73' lang='lat' dir='ltr'><strong>anima:</strong></span> <span class='ocrx_word' id='word_1_692' title='bbox 2954 4947 3183 5007; x_wconf 87' lang='lat' dir='ltr'><strong>pestem,</strong></span> <span class='ocrx_word' id='word_1_693' title='bbox 3231 4945 3447 5005; x_wconf 87' lang='lat' dir='ltr'><strong>oportet</strong></span> 
     </span>
    </p>
   </div>
   <div class='ocr_carea' id='block_1_98' title="bbox 198 5005 1779 5105">
    <p class='ocr_par' dir='ltr' id='par_1_98' title="bbox 198 5005 1773 5105">
     <span class='ocr_line' id='line_1_99' title="bbox 198 5005 1773 5105; baseline 0.014 -40"><span class='ocrx_word' id='word_1_694' title='bbox 198 5005 361 5105; x_wconf 53' lang='grc' dir='ltr'><strong>(ἴξιχῆς</strong></span> <span class='ocrx_word' id='word_1_695' title='bbox 388 5016 745 5074; x_wconf 81' lang='grc' dir='ltr'>ἐκδιώκεσθαι</span> <span class='ocrx_word' id='word_1_696' title='bbox 772 5021 890 5074; x_wconf 83' lang='grc' dir='ltr'>δεῖ·</span> <span class='ocrx_word' id='word_1_697' title='bbox 919 5020 1016 5075; x_wconf 77' lang='grc' dir='ltr'>ἐὰν</span> <span class='ocrx_word' id='word_1_698' title='bbox 1045 5023 1152 5097; x_wconf 83' lang='grc' dir='ltr'><strong>γάρ</strong></span> <span class='ocrx_word' id='word_1_699' title='bbox 1184 5027 1242 5079; x_wconf 82' lang='grc' dir='ltr'>ὲν</span> <span class='ocrx_word' id='word_1_700' title='bbox 1268 5028 1405 5101; x_wconf 78' lang='grc' dir='ltr'>αὐτῇ</span> <span class='ocrx_word' id='word_1_701' title='bbox 1428 5031 1649 5105; x_wconf 84' lang='grc' dir='ltr'>καθίσῃ,</span> <span class='ocrx_word' id='word_1_702' title='bbox 1683 5005 1773 5087; x_wconf 75' lang='grc' dir='ltr'>διὰ</span> 
     </span>
    </p>
   </div>
   <div class='ocr_carea' id='block_1_99' title="bbox 1896 5005 3449 5105">
    <p class='ocr_par' dir='ltr' id='par_1_99' title="bbox 1896 5029 3449 5101">
     <span class='ocr_line' id='line_1_100' title="bbox 1896 5029 3449 5101; baseline -0.003 -15"><span class='ocrx_word' id='word_1_703' title='bbox 1896 5032 2115 5101; x_wconf 70' lang='lat' dir='ltr'><strong>:ﬂ&#39;ngare</strong></span> <span class='ocrx_word' id='word_1_704' title='bbox 2151 5046 2166 5083; x_wconf 89' lang='lat'><strong>:</strong></span> <span class='ocrx_word' id='word_1_705' title='bbox 2201 5045 2325 5085; x_wconf 89' lang='lat' dir='ltr'><strong>nam</strong></span> <span class='ocrx_word' id='word_1_706' title='bbox 2356 5030 2399 5084; x_wconf 88' lang='lat' dir='ltr'><strong>si</strong></span> <span class='ocrx_word' id='word_1_707' title='bbox 2426 5029 2537 5083; x_wconf 91' lang='lat' dir='ltr'><strong>illic</strong></span> <span class='ocrx_word' id='word_1_708' title='bbox 2567 5030 2827 5095; x_wconf 88' lang='lat' dir='ltr'><strong>resideat,</strong></span> <span class='ocrx_word' id='word_1_709' title='bbox 2867 5041 3048 5086; x_wconf 86' lang='lat' dir='ltr'><strong>reetas</strong></span> <span class='ocrx_word' id='word_1_710' title='bbox 3070 5044 3260 5084; x_wconf 88' lang='lat' dir='ltr'><strong>omnes</strong></span> <span class='ocrx_word' id='word_1_711' title='bbox 3297 5031 3449 5097; x_wconf 87' lang='lat' dir='ltr'><strong>cogi-</strong></span> 
     </span>
    </p>
   </div>
   <div class='ocr_carea' id='block_1_100' title="bbox 201 5099 1771 5196">
    <p class='ocr_par' dir='ltr' id='par_1_100' title="bbox 201 5099 1771 5196">
     <span class='ocr_line' id='line_1_101' title="bbox 201 5099 1771 5196; baseline 0.015 -39"><span class='ocrx_word' id='word_1_712' title='bbox 201 5099 283 5196; x_wconf 54' lang='grc' dir='ltr'>ῗῆς</span> <span class='ocrx_word' id='word_1_713' title='bbox 307 5105 632 5181; x_wconf 79' lang='grc' dir='ltr'>ἀκαθαρσίας</span> <span class='ocrx_word' id='word_1_714' title='bbox 660 5114 889 5177; x_wconf 85' lang='grc' dir='ltr'>πάντας</span> <span class='ocrx_word' id='word_1_715' title='bbox 904 5113 1030 5178; x_wconf 83' lang='grc' dir='ltr'>τοὺς</span> <span class='ocrx_word' id='word_1_716' title='bbox 1053 5116 1244 5187; x_wconf 84' lang='grc' dir='ltr'>ὀρθοὺς</span> <span class='ocrx_word' id='word_1_717' title='bbox 1255 5099 1548 5193; x_wconf 77' lang='grc' dir='ltr'>λογισμοὺς</span> <span class='ocrx_word' id='word_1_718' title='bbox 1573 5099 1771 5196; x_wconf 58' lang='grc' dir='ltr'>ἀτιμά-</span> 
     </span>
    </p>
   </div>
   <div class='ocr_carea' id='block_1_101' title="bbox 1878 5119 3450 5190">
    <p class='ocr_par' dir='ltr' id='par_1_101' title="bbox 1878 5119 3450 5190">
     <span class='ocr_line' id='line_1_102' title="bbox 1878 5119 3450 5190; baseline -0.002 -13"><span class='ocrx_word' id='word_1_719' title='bbox 1878 5124 2112 5177; x_wconf 90' lang='lat' dir='ltr'><strong>tationes</strong></span> <span class='ocrx_word' id='word_1_720' title='bbox 2143 5121 2454 5190; x_wconf 88' lang='lat' dir='ltr'><strong>impuritate</strong></span> <span class='ocrx_word' id='word_1_721' title='bbox 2497 5123 2872 5177; x_wconf 88' lang='lat' dir='ltr'><strong>contaminare</strong></span> <span class='ocrx_word' id='word_1_722' title='bbox 2908 5122 3066 5176; x_wconf 88' lang='lat' dir='ltr'><strong>solet.</strong></span> <span class='ocrx_word' id='word_1_723' title='bbox 3118 5119 3363 5188; x_wconf 87' lang='lat' dir='ltr'><strong>Namque</strong></span> <span class='ocrx_word' id='word_1_724' title='bbox 3388 5129 3450 5176; x_wconf 84' lang='lat' dir='ltr'><strong>et</strong></span> 
     </span>
    </p>
   </div>
   <div class='ocr_carea' id='block_1_102' title="bbox 204 5189 1779 5285">
    <p class='ocr_par' dir='ltr' id='par_1_102' title="bbox 204 5189 1770 5282">
     <span class='ocr_line' id='line_1_103' title="bbox 204 5189 1770 5282; baseline 0.013 -29"><span class='ocrx_word' id='word_1_725' title='bbox 204 5189 301 5253; x_wconf 64' lang='grc' dir='ltr'><strong>ξεν</strong></span> <span class='ocrx_word' id='word_1_726' title='bbox 332 5202 592 5276; x_wconf 83' lang='grc' dir='ltr'>συνέδριον</span> <span class='ocrx_word' id='word_1_727' title='bbox 621 5207 741 5279; x_wconf 75' lang='grc' dir='ltr'>γὰρ</span> <span class='ocrx_word' id='word_1_728' title='bbox 777 5207 885 5277; x_wconf 73' lang='grc' dir='ltr'><strong>τὴν</strong></span> <span class='ocrx_word' id='word_1_729' title='bbox 918 5207 1093 5281; x_wconf 78' lang='grc' dir='ltr'>ψυχὴν</span> <span class='ocrx_word' id='word_1_730' title='bbox 1118 5212 1213 5264; x_wconf 74' lang='grc' dir='ltr'><strong>καὶ</strong></span> <span class='ocrx_word' id='word_1_731' title='bbox 1244 5215 1272 5267; x_wconf 94' lang='lat'><strong>6</strong></span> <span class='ocrx_word' id='word_1_732' title='bbox 1316 5189 1633 5282; x_wconf 80' lang='grc' dir='ltr'>Ἀπόστολος</span> <span class='ocrx_word' id='word_1_733' title='bbox 1662 5189 1770 5273; x_wconf 82' lang='grc' dir='ltr'>δεί-</span> 
     </span>
    </p>
   </div>
   <div class='ocr_carea' id='block_1_103' title="bbox 1896 5189 3447 5285">
    <p class='ocr_par' dir='ltr' id='par_1_103' title="bbox 1896 5189 3447 5285">
     <span class='ocr_line' id='line_1_104' title="bbox 1896 5189 3447 5285; baseline -0.001 -16"><span class='ocrx_word' id='word_1_734' title='bbox 1896 5212 2167 5285; x_wconf 81' lang='lat' dir='ltr'><strong>lpostolus</strong></span> <span class='ocrx_word' id='word_1_735' title='bbox 2189 5189 2423 5268; x_wconf 85' lang='lat' dir='ltr'><strong>tribunal</strong></span> <span class='ocrx_word' id='word_1_736' title='bbox 2453 5214 2692 5268; x_wconf 88' lang='lat' dir='ltr'><strong>ostendit</strong></span> <span class='ocrx_word' id='word_1_737' title='bbox 2729 5214 2853 5268; x_wconf 90' lang='lat' dir='ltr'><strong>esse</strong></span> <span class='ocrx_word' id='word_1_738' title='bbox 2883 5215 3144 5277; x_wconf 89' lang='lat' dir='ltr'><strong>animam,</strong></span> <span class='ocrx_word' id='word_1_739' title='bbox 3175 5221 3447 5280; x_wconf 88' lang='lat' dir='ltr'><strong>quatenus</strong></span> 
     </span>
    </p>
   </div>
   <div class='ocr_carea' id='block_1_104' title="bbox 206 5291 1767 5378">
    <p class='ocr_par' dir='ltr' id='par_1_104' title="bbox 206 5291 1767 5378">
     <span class='ocr_line' id='line_1_105' title="bbox 206 5291 1767 5378; baseline 0.015 -37"><span class='ocrx_word' id='word_1_740' title='bbox 206 5300 359 5358; x_wconf 67' lang='lat' dir='ltr'><strong>l‘fJﬂ,</strong></span> <span class='ocrx_word' id='word_1_741' title='bbox 382 5295 445 5349; x_wconf 80' lang='grc' dir='ltr'>δι’</span> <span class='ocrx_word' id='word_1_742' title='bbox 472 5291 546 5353; x_wconf 81' lang='grc' dir='ltr'>ὧν</span> <span class='ocrx_word' id='word_1_743' title='bbox 582 5299 904 5371; x_wconf 75' lang='grc' dir='ltr'>λογισμοὺς</span> <span class='ocrx_word' id='word_1_744' title='bbox 937 5302 1456 5378; x_wconf 78' lang='grc' dir='ltr'>κατηγοροῦντας,ἢ</span> <span class='ocrx_word' id='word_1_745' title='bbox 1490 5309 1583 5363; x_wconf 76' lang='grc' dir='ltr'>καὶ</span> <span class='ocrx_word' id='word_1_746' title='bbox 1632 5311 1767 5363; x_wconf 83' lang='grc' dir='ltr'>ἀπο-</span> 
     </span>
    </p>
   </div>
   <div class='ocr_carea' id='block_1_105' title="bbox 1872 5304 3447 5380">
    <p class='ocr_par' dir='ltr' id='par_1_105' title="bbox 1872 5304 3447 5380">
     <span class='ocr_line' id='line_1_106' title="bbox 1872 5304 3447 5380; baseline -0.003 -17"><span class='ocrx_word' id='word_1_747' title='bbox 1872 5308 2232 5380; x_wconf 87' lang='lat' dir='ltr'><strong>cogitationes</strong></span> <span class='ocrx_word' id='word_1_748' title='bbox 2260 5315 2607 5369; x_wconf 83' lang='lat' dir='ltr'><strong>accusantes,</strong></span> <span class='ocrx_word' id='word_1_749' title='bbox 2644 5305 2915 5375; x_wconf 88' lang='lat' dir='ltr'><strong>simulque</strong></span> <span class='ocrx_word' id='word_1_750' title='bbox 2958 5304 3319 5359; x_wconf 82' lang='lat' dir='ltr'><strong>defendentes</strong></span> <span class='ocrx_word' id='word_1_751' title='bbox 3366 5305 3447 5359; x_wconf 79' lang='lat' dir='ltr'><strong>in-</strong></span> 
     </span>
    </p>
   </div>
   <div class='ocr_carea' id='block_1_106' title="bbox 202 5375 1779 5469">
    <p class='ocr_par' dir='ltr' id='par_1_106' title="bbox 202 5375 1768 5469">
     <span class='ocr_line' id='line_1_107' title="bbox 202 5375 1768 5469; baseline 0.015 -35"><span class='ocrx_word' id='word_1_752' title='bbox 202 5375 517 5456; x_wconf 66' lang='grc' dir='ltr'>λαγουμένους</span> <span class='ocrx_word' id='word_1_753' title='bbox 545 5393 772 5460; x_wconf 83' lang='grc' dir='ltr'>είσάγει</span> <span class='ocrx_word' id='word_1_754' title='bbox 796 5410 810 5423; x_wconf 85' lang='grc'><strong>·</strong></span> <span class='ocrx_word' id='word_1_755' title='bbox 842 5392 1086 5456; x_wconf 80' lang='grc' dir='ltr'><strong>Μεταξὺ</strong></span> <span class='ocrx_word' id='word_1_756' title='bbox 1108 5395 1237 5465; x_wconf 86' lang='grc' dir='ltr'>γὰρ,</span> <span class='ocrx_word' id='word_1_757' title='bbox 1259 5375 1454 5468; x_wconf 73' lang='grc' dir='ltr'>φησὶν,</span> <span class='ocrx_word' id='word_1_758' title='bbox 1479 5400 1768 5469; x_wconf 78' lang='grc' dir='ltr'><strong>ἀλλήλων</strong></span> 
     </span>
    </p>
   </div>
   <div class='ocr_carea' id='block_1_107' title="bbox 1896 5375 3447 5469">
    <p class='ocr_par' dir='ltr' id='par_1_107' title="bbox 1896 5375 3447 5469">
     <span class='ocr_line' id='line_1_108' title="bbox 1896 5375 3447 5469; baseline -0.003 -13"><span class='ocrx_word' id='word_1_759' title='bbox 1896 5375 2039 5456; x_wconf 71' lang='lat' dir='ltr'><strong>Iucit.</strong></span> <span class='ocrx_word' id='word_1_760' title='bbox 2069 5400 2314 5464; x_wconf 83' lang='lat' dir='ltr'><strong>Interim,</strong></span> <span class='ocrx_word' id='word_1_761' title='bbox 2340 5401 2537 5469; x_wconf 86' lang='lat' dir='ltr'><strong>inquit,</strong></span> <span class='ocrx_word' id='word_1_762' title='bbox 2564 5399 2782 5453; x_wconf 83' lang='lat' dir='ltr'><strong>invicem</strong></span> <span class='ocrx_word' id='word_1_763' title='bbox 2836 5398 3206 5451; x_wconf 81' lang='lat' dir='ltr'><strong>accusantibus</strong></span> <span class='ocrx_word' id='word_1_764' title='bbox 3244 5398 3447 5467; x_wconf 82' lang='lat' dir='ltr'><strong>cogita-</strong></span> 
     </span>
    </p>
   </div>
   <div class='ocr_carea' id='block_1_108' title="bbox 198 5471 1769 5562">
    <p class='ocr_par' dir='ltr' id='par_1_108' title="bbox 198 5471 1769 5562">
     <span class='ocr_line' id='line_1_109' title="bbox 198 5471 1769 5562; baseline 0.017 -40"><span class='ocrx_word' id='word_1_765' title='bbox 198 5471 295 5526; x_wconf 73' lang='grc' dir='ltr'><strong>τῶν</strong></span> <span class='ocrx_word' id='word_1_766' title='bbox 324 5482 624 5555; x_wconf 67' lang='grc' dir='ltr'><strong>λογισμῶν</strong></span> <span class='ocrx_word' id='word_1_767' title='bbox 678 5484 1193 5552; x_wconf 76' lang='grc' dir='ltr'><strong>κατηγορούντων</strong></span> <span class='ocrx_word' id='word_1_768' title='bbox 1223 5487 1262 5555; x_wconf 77' lang='grc' dir='ltr'><em>ἢ</em></span> <span class='ocrx_word' id='word_1_769' title='bbox 1308 5490 1407 5542; x_wconf 77' lang='grc' dir='ltr'><strong>καί</strong></span> <span class='ocrx_word' id='word_1_770' title='bbox 1443 5492 1769 5562; x_wconf 66' lang='grc' dir='ltr'>ἀπολογου-</span> 
     </span>
    </p>
   </div>
   <div class='ocr_carea' id='block_1_109' title="bbox 1874 5488 3446 5560">
    <p class='ocr_par' dir='ltr' id='par_1_109' title="bbox 1874 5488 3446 5560">
     <span class='ocr_line' id='line_1_110' title="bbox 1874 5488 3446 5560; baseline -0.003 -13"><span class='ocrx_word' id='word_1_771' title='bbox 1874 5494 2105 5547; x_wconf 82' lang='lat' dir='ltr'><strong>tionibus</strong></span> <span class='ocrx_word' id='word_1_772' title='bbox 2155 5502 2203 5545; x_wconf 85' lang='lat' dir='ltr'><strong>et</strong></span> <span class='ocrx_word' id='word_1_773' title='bbox 2264 5491 2749 5560; x_wconf 76' lang='lat' dir='ltr'><strong>defendentibus&quot;.</strong></span> <span class='ocrx_word' id='word_1_774' title='bbox 2783 5488 2880 5542; x_wconf 90' lang='lat' dir='ltr'><strong>Ubi</strong></span> <span class='ocrx_word' id='word_1_775' title='bbox 2924 5497 3107 5542; x_wconf 88' lang='lat' dir='ltr'><strong>autem</strong></span> <span class='ocrx_word' id='word_1_776' title='bbox 3168 5489 3446 5543; x_wconf 88' lang='lat' dir='ltr'><strong>accusatio</strong></span> 
     </span>
    </p>
   </div>
   <div class='ocr_carea' id='block_1_110' title="bbox 182 5564 1779 5659">
    <p class='ocr_par' dir='ltr' id='par_1_110' title="bbox 182 5564 1767 5649">
     <span class='ocr_line' id='line_1_111' title="bbox 182 5564 1767 5649; baseline 0.008 -22"><span class='ocrx_word' id='word_1_777' title='bbox 182 5564 381 5630; x_wconf 72' lang='grc' dir='ltr'><strong>μένων·</strong></span> <span class='ocrx_word' id='word_1_778' title='bbox 414 5578 552 5631; x_wconf 78' lang='grc' dir='ltr'>ὅπου</span> <span class='ocrx_word' id='word_1_779' title='bbox 587 5579 649 5633; x_wconf 86' lang='grc' dir='ltr'>δὲ</span> <span class='ocrx_word' id='word_1_780' title='bbox 685 5575 1013 5648; x_wconf 84' lang='grc' dir='ltr'>κατηγορία</span> <span class='ocrx_word' id='word_1_781' title='bbox 1050 5579 1144 5630; x_wconf 76' lang='grc' dir='ltr'>καὶ</span> <span class='ocrx_word' id='word_1_782' title='bbox 1173 5580 1462 5649; x_wconf 80' lang='grc' dir='ltr'>ἀπολογία,</span> <span class='ocrx_word' id='word_1_783' title='bbox 1510 5584 1626 5637; x_wconf 77' lang='grc' dir='ltr'>ἐκεῖ</span> <span class='ocrx_word' id='word_1_784' title='bbox 1672 5587 1767 5641; x_wconf 78' lang='grc' dir='ltr'><strong>καὶ</strong></span> 
     </span>
    </p>
   </div>
   <div class='ocr_carea' id='block_1_111' title="bbox 1896 5564 3443 5659">
    <p class='ocr_par' dir='ltr' id='par_1_111' title="bbox 1896 5579 3443 5659">
     <span class='ocr_line' id='line_1_112' title="bbox 1896 5579 3443 5659; baseline -0.005 -19"><span class='ocrx_word' id='word_1_785' title='bbox 1896 5599 2035 5659; x_wconf 56' lang='lat' dir='ltr'><strong>itque</strong></span> <span class='ocrx_word' id='word_1_786' title='bbox 2072 5585 2336 5651; x_wconf 80' lang='lat' dir='ltr'><strong>defensio,</strong></span> <span class='ocrx_word' id='word_1_787' title='bbox 2370 5583 2441 5640; x_wconf 90' lang='lat' dir='ltr'><strong>ibi</strong></span> <span class='ocrx_word' id='word_1_788' title='bbox 2475 5582 2732 5640; x_wconf 86' lang='lat' dir='ltr'><strong>tribunal.</strong></span> <span class='ocrx_word' id='word_1_789' title='bbox 2762 5582 2870 5637; x_wconf 90' lang='lat' dir='ltr'><strong>Sed</strong></span> <span class='ocrx_word' id='word_1_790' title='bbox 2915 5592 2971 5635; x_wconf 89' lang='lat' dir='ltr'><strong>et</strong></span> <span class='ocrx_word' id='word_1_791' title='bbox 2996 5579 3245 5635; x_wconf 87' lang='lat' dir='ltr'><strong>diabolus</strong></span> <span class='ocrx_word' id='word_1_792' title='bbox 3270 5579 3443 5649; x_wconf 84' lang='lat' dir='ltr'><strong>pesti—</strong></span> 
     </span>
    </p>
   </div>
   <div class='ocr_carea' id='block_1_112' title="bbox 233 5756 1779 5835">
    <p class='ocr_par' dir='ltr' id='par_1_112' title="bbox 233 5756 1779 5835">
     <span class='ocr_line' id='line_1_113' title="bbox 233 5756 1779 5835; baseline -0.009 -17"><span class='ocrx_word' id='word_1_793' title='bbox 233 5756 341 5835; x_wconf 62' lang='lat' dir='ltr'><strong>“tj.</strong></span> <span class='ocrx_word' id='word_1_794' title='bbox 372 5764 459 5819; x_wconf 77' lang='lat' dir='ltr'><strong>3i.</strong></span> <span class='ocrx_word' id='word_1_795' title='bbox 546 5764 595 5797; x_wconf 84' lang='grc'><strong>³⁸</strong></span> <span class='ocrx_word' id='word_1_796' title='bbox 639 5761 919 5835; x_wconf 45' lang='lat' dir='ltr'><strong>&quot;alunt.</strong></span> <span class='ocrx_word' id='word_1_797' title='bbox 951 5760 1004 5814; x_wconf 92' lang='lat'><strong>8.</strong></span> <span class='ocrx_word' id='word_1_798' title='bbox 1084 5762 1274 5835; x_wconf 47' lang='lat' dir='ltr'><strong>“Act.</strong></span> <span class='ocrx_word' id='word_1_799' title='bbox 1310 5782 1382 5835; x_wconf 76' lang='grc' dir='ltr'>ιχ,</span> <span class='ocrx_word' id='word_1_800' title='bbox 1420 5772 1500 5827; x_wconf 72' lang='grc' dir='ltr'>ιδ,</span> <span class='ocrx_word' id='word_1_801' title='bbox 1580 5774 1623 5807; x_wconf 70' lang='grc' dir='ltr'>ιτ</span> <span class='ocrx_word' id='word_1_802' title='bbox 1654 5789 1703 5829; x_wconf 40' lang='grc' dir='ltr'><strong>γ’</strong></span> <span class='ocrx_word' id='word_1_803' title='bbox 1734 5772 1779 5827; x_wconf 45' lang='grc' dir='ltr'><strong>ί.</strong></span> 
     </span>
    </p>
   </div>
   <div class='ocr_carea' id='block_1_113' title="bbox 1896 5756 3439 5835">
    <p class='ocr_par' dir='ltr' id='par_1_113' title="bbox 1896 5762 3439 5832">
     <span class='ocr_line' id='line_1_114' title="bbox 1896 5762 3439 5832; baseline -0.005 -4"><span class='ocrx_word' id='word_1_804' title='bbox 1896 5772 1989 5829; x_wconf 78' lang='grc' dir='ltr'><strong>ιν.</strong></span> <span class='ocrx_word' id='word_1_805' title='bbox 2016 5772 2071 5829; x_wconf 79' lang='grc'><strong>2.</strong></span> <span class='ocrx_word' id='word_1_806' title='bbox 2147 5772 2191 5805; x_wconf 78' lang='grc'><strong>³⁸</strong></span> <span class='ocrx_word' id='word_1_807' title='bbox 2232 5788 2282 5828; x_wconf 77' lang='lat' dir='ltr'><strong>v.</strong></span> <span class='ocrx_word' id='word_1_808' title='bbox 2319 5772 2371 5827; x_wconf 72' lang='grc'><strong>4.</strong></span> <span class='ocrx_word' id='word_1_809' title='bbox 2448 5770 2493 5803; x_wconf 71' lang='grc'><strong>⁵⁰</strong></span> <span class='ocrx_word' id='word_1_810' title='bbox 2526 5785 2571 5824; x_wconf 85' lang='lat' dir='ltr'><strong>v.</strong></span> <span class='ocrx_word' id='word_1_811' title='bbox 2618 5770 2669 5823; x_wconf 60' lang='grc' dir='ltr'><strong>7η.</strong></span> <span class='ocrx_word' id='word_1_812' title='bbox 2725 5769 2764 5801; x_wconf 61' lang='grc'><strong>⁵⁸</strong></span> <span class='ocrx_word' id='word_1_813' title='bbox 2800 5784 2846 5821; x_wconf 68' lang='grc' dir='ltr'><strong>ι’.</strong></span> <span class='ocrx_word' id='word_1_814' title='bbox 2879 5766 2932 5821; x_wconf 90' lang='grc'><strong>8.</strong></span> <span class='ocrx_word' id='word_1_815' title='bbox 2996 5766 3041 5797; x_wconf 71' lang='grc' dir='ltr'>δ’</span> <span class='ocrx_word' id='word_1_816' title='bbox 3068 5764 3223 5821; x_wconf 73' lang='lat' dir='ltr'><strong>llom.</strong></span> <span class='ocrx_word' id='word_1_817' title='bbox 3257 5762 3439 5832; x_wconf 62' lang='lat'><strong>“1,8.</strong></span> 
     </span>
    </p>
   </div>
   <div class='ocr_carea' id='block_1_114' title="bbox 170 5820 1231 5899">
    <p class='ocr_par' dir='ltr' id='par_1_114' title="bbox 170 5820 1231 5899">
     <span class='ocr_line' id='line_1_115' title="bbox 170 5820 1231 5899; baseline 0.01 -21"><span class='ocrx_word' id='word_1_818' title='bbox 170 5820 208 5854; x_wconf 74' lang='grc'><strong><em>⁸⁸</em></strong></span> <span class='ocrx_word' id='word_1_819' title='bbox 234 5843 279 5883; x_wconf 84' lang='lat' dir='ltr'><strong>v.</strong></span> <span class='ocrx_word' id='word_1_820' title='bbox 303 5832 351 5887; x_wconf 81' lang='lat'><strong>9.</strong></span> <span class='ocrx_word' id='word_1_821' title='bbox 426 5835 471 5867; x_wconf 69' lang='grc'>⁸⁸</span> <span class='ocrx_word' id='word_1_822' title='bbox 502 5852 557 5890; x_wconf 86' lang='lat' dir='ltr'><strong>v.</strong></span> <span class='ocrx_word' id='word_1_823' title='bbox 598 5834 692 5890; x_wconf 83' lang='lat' dir='ltr'><strong>lO.</strong></span> <span class='ocrx_word' id='word_1_824' title='bbox 785 5832 833 5863; x_wconf 78' lang='lat'><strong>&quot;</strong></span> <span class='ocrx_word' id='word_1_825' title='bbox 866 5829 1027 5887; x_wconf 77' lang='lat' dir='ltr'><strong>Boni.</strong></span> <span class='ocrx_word' id='word_1_826' title='bbox 1054 5845 1115 5899; x_wconf 85' lang='grc' dir='ltr'><strong>ιι,</strong></span> <span class='ocrx_word' id='word_1_827' title='bbox 1141 5833 1231 5888; x_wconf 82' lang='lat' dir='ltr'><strong>l5.</strong></span> 
     </span>
    </p>
   </div>
  </div>
