3926 6532
511 395 618 472 219

1392 403 1952 466 SUPPLEMENTUM
1989 401 2082 460 AD
2119 395 2440 457 ORIGENIS
2473 391 2882 450 EXEGETICA.

3637 381 3746 439 220

513 529 631 584 lens
677 537 903 585 cunctos
951 512 1228 596 vituperat
1248 534 1460 597 utpote
1502 525 1958 592 contumeliosus;
1989 522 2074 579 vel

2181 516 2451 589 συνέδριον
2473 531 2488 545 ο
2537 512 2671 568 ἀλλὰ
2721 512 2814 564 καὶ
2853 510 2883 562 6
2919 505 3106 578 λοιμὸς
3143 501 3410 597 ἀτιμάζει·
3430 501 3641 597 πάντας
3668 499 3742 597 ῶς

511 623 638 693 quia
686 621 904 692 propria
946 618 1338 674 commendare
1363 618 1573 682 volens,
1617 617 1794 672 aliena
1824 624 2074 672 contem-

509 715 642 783 μείω
694 711 944 782 deprimit
977 727 990 759 :
1022 725 1182 779 quem
1218 719 1273 765 tu
1327 710 1393 766 de
1425 709 1657 781 spiritali
1691 717 1960 763 conventu
1992 706 2078 762 l‘ac

510 805 702 874 cjicias
731 820 746 858 :
784 802 1071 870 nequeille
1120 801 1506 858 tantummodo
1549 801 1872 872 expelletur,
1900 799 1995 854 sed
2025 806 2079 852 et

511 891 801 945 comitatus
829 892 967 959 ejus.
991 889 1192 960 iurgia,
1219 892 1618 958 contentiones,
1652 891 1808 958 rixze,
1845 898 1902 945 et
1929 902 2078 959 qua:-

508 995 722 1048 cunque
747 982 971 1035 exitium
995 980 1256 1036 inferunt.

577 1072 626 1103 ⁸⁶
649 1071 752 1138 Qui
787 1073 997 1127 animas
1043 1080 1257 1127 nostras
1308 1079 1593 1127 conservat
1624 1067 1908 1130 Dominus,
1937 1066 2075 1121 idem

507 1163 712 1232 pariter
759 1163 991 1234 spiritali
1044 1165 1275 1218 scientia
1338 1179 1440 1218 nos
1495 1161 1710 1232 pascit,
1746 1161 2078 1216 condescen-

509 1257 646 1309 dens
693 1255 1026 1324 dicensque:
1063 1253 1174 1325 Ego
1224 1270 1340 1308 sum
1385 1263 1571 1323 pastor
1618 1253 1787 1306 bonus
1804 1251 2075 1319 ";quem

512 1355 692 1400 tamen
738 1346 901 1400 homo
934 1345 1148 1415 iniquus
1178 1353 1524 1415 aspernatur.
1574 1343 1729 1408 Quod
1757 1342 1804 1398 si
1835 1357 1926 1395 rex
1957 1341 2080 1410 qui-

510 1435 632 1488 dem
665 1435 1000 1488 subditorum
1045 1433 1292 1488 Christus
1323 1443 1436 1500 est;
1486 1444 1677 1503 pastor
1707 1446 1840 1487 vero
1863 1431 2074 1491 ovium;

509 1527 617 1580 erit
646 1525 936 1596 aliquando
967 1523 1113 1578 solus
1160 1525 1342 1579 ovium
1376 1539 1496 1592 rex,
1523 1524 1594 1578 ad
1627 1521 1869 1592 regalem
1899 1519 2075 1591 digni-

510 1625 675 1669 tatem
705 1614 1114 1670 translatarum.

576 1706 625 1738 “
652 1705 1015 1761 Adversarius
1045 1711 1234 1759 noster
1254 1700 1512 1756 diabolus
1548 1709 1808 1772 tanquam
1847 1700 1934 1757 leo
1966 1702 2078 1757 cir-

507 1798 622 1849 cuit
651 1809 903 1864 quterens
951 1809 1114 1865 quem
1167 1791 1426 1855 devoret;
1455 1805 1617 1860 quem
1669 1792 1869 1846 timens
1899 1790 2073 1860 piger,

508 1887 575 1939 ad
607 1886 864 1939 virtutum
886 1885 1206 1940 exercitium
1253 1895 1312 1936 se
1348 1891 1649 1952 comparat.
1675 1882 1884 1952 Quippe
1909 1882 1996 1938 leo
2018 1885 2070 1938 in

505 1976 612 2031 viis
643 1975 870 2046 iustitiae
904 1975 1101 2045 quaerit
1129 1975 1366 2045 aliquem
1395 1973 1606 2038 venari,
1634 1975 1687 2028 id
1729 1984 1814 2030 est
1838 1984 1898 2027 ut
1926 1975 2072 2030 dixi-

505 2083 630 2123 mus
668 2068 934 2132 diabolus,
971 2076 1026 2122 et
1057 2066 1110 2121 in
1157 2066 1352 2137 plateis
1403 2080 1523 2135 qua:
1551 2066 1618 2120 ad
1652 2066 1947 2134 perniciem
1978 2067 2075 2120 de-

507 2155 709 2222 ferunt,
762 2168 962 2227 preter
998 2172 1160 2225 quam
1212 2157 1354 2226 quod
1397 2158 1700 2211 daemonum
1754 2156 2072 2227 phalangem

505 2248 840 2315 circumfert,
878 2247 992 2318 ipse
1015 2262 1229 2318 quoque
1256 2249 1358 2304 slbi
1391 2250 1656 2304 obnoxios
1683 2248 1960 2304 interlicit.

574 2336 620 2369 "
639 2333 816 2392 Fovea
869 2337 1130 2407 profunda
1189 2338 1434 2393 diabolus
1467 2348 1572 2394 est.
1622 2340 1835 2394 Invisus
1887 2349 2070 2394 autem

505 2429 734 2484 Domino
773 2439 876 2495 est,
910 2430 1001 2499 qui
1056 2431 1288 2500 propria:
1317 2431 1597 2485 securitati
1647 2446 1756 2486 non
1814 2431 2068 2486 consulit.

505 2523 674 2578 Jobus
704 2524 922 2593 quidem
953 2539 1057 2578 non
1093 2534 1211 2579 erat
1254 2524 1463 2580 invisus
1507 2525 1756 2590 Domino,
1785 2529 1878 2581 sed
1907 2540 2078 2596 expe-

503 2615 722 2668 rimenti
752 2627 938 2678 causa,
965 2613 1018 2667 in
1057 2629 1117 2668 os
1157 2615 1378 2684 maligni
1415 2615 1614 2670 diaboli
1665 2615 1917 2686 incurrit.
1958 2615 2068 2670 Ve-

503 2713 805 2759 rumtamen
859 2705 954 2774 qui
988 2704 1218 2760 Domino
1247 2705 1457 2760 invisus
1491 2717 1594 2771 est,
1626 2717 1888 2776 perpetuo
1917 2708 2072 2762 dese-

504 2795 646 2851 ritur
677 2795 732 2848 in
765 2794 940 2862 fovea,
976 2797 1104 2866 quia
1139 2797 1478 2867 voluptarius
1511 2807 1597 2853 est
1648 2807 1704 2855 et
1752 2800 1959 2870 peccati
1987 2800 2070 2857 sui

502 2885 774 2943 censcius.

521 3016 527 3021 .
571 2975 927 3054 '°'“Longea
953 2981 1140 3036 vesani
1201 2981 1439 3038 hominis
1491 2982 1657 3038 corde
1702 2991 1787 3038 est
1816 2982 1969 3054 virga
2001 2983 2071 3038 de

503 3068 686 3124 radice
723 3068 892 3127 Jessae
925 3072 1197 3140 Christus,
1227 3075 1324 3144 qui
1355 3076 1542 3143 pascet
1596 3074 1853 3144 populum
1910 3089 2067 3130 suum

499 3173 694 3215 novum
722 3161 970 3219 Israelem
1001 3166 1057 3220 in
1088 3167 1304 3236 pascuis
1333 3167 1514 3222 ovium
1541 3182 1783 3221 suarum.

570 3251 618 3285 ⁸⁸
647 3253 802 3308 Sicut
835 3255 1082 3312 diabolus
1106 3256 1474 3312 calumniatur
1526 3273 1625 3313 nos
1673 3257 1814 3328 apud
1847 3258 2014 3314 Deum
2046 3302 2062 3326 ,

497 3338 696 3395 tollens
724 3355 755 3395 a
786 3342 942 3398 nobis
970 3346 1202 3400 virtutes
1230 3360 1369 3416 quas
1398 3347 1511 3417 ipse
1535 3361 1640 3401 non
1671 3347 1898 3403 dederat
1924 3367 1940 3417 ;
1992 3349 2065 3403 ita

491 3440 554 3484 et
591 3446 692 3486 nos
715 3433 1114 3490 calumniantur
1143 3435 1293 3490 illum
1323 3452 1445 3491 cum
1491 3438 1730 3494 tollimus
1768 3441 1838 3496 ab
1862 3456 1929 3496 eo
1958 3441 2064 3495 ini-

497 3521 736 3588 quitates
765 3538 900 3593 quas
927 3526 976 3579 ei
1005 3541 1111 3580 non
1146 3526 1414 3584 dedimus.
1442 3529 1509 3583 Et
1545 3541 1819 3600 quatenus
1844 3533 2065 3602 quidem

508 3615 806 3682 accipimus
831 3617 900 3671 ab
922 3631 988 3672 eo
1017 3618 1365 3687 iniquitates,
1401 3629 1656 3690 tanquam
1674 3622 1742 3676 ab
1772 3624 1932 3693 inope
1957 3624 2067 3678 viro

502 3712 679 3758 tutum
711 3707 1032 3776 accipimus.
1061 3706 1338 3774 Quatenus
1393 3725 1520 3765 vero
1548 3712 1776 3769 virtutes
1821 3715 1870 3768 ei
1921 3715 2070 3770 cedi-

499 3809 646 3860 mus,
684 3807 872 3853 nostro
918 3813 1041 3855 cum
1075 3799 1397 3855 detrimento
1451 3811 1706 3873 tauquam
1741 3805 1903 3863 diviti
1963 3807 2062 3861 ini,

499 3888 706 3956 quitate
724 3889 991 3946 cedimus.
1020 3890 1098 3946 Ne
1122 3890 1282 3958 forte,
1320 3893 1512 3963 inquit,
1556 3903 1812 3965 tanquam
1867 3898 2063 3969 exigua

499 3977 634 4030 dans
653 3977 906 4048 principi,
921 3979 1062 4048 apud
1085 3994 1243 4049 quem
1262 3981 1626 4038 calumniatur
1640 3984 1794 4054 plura
1819 3986 2062 4054 lucrans,

499 4069 718 4136 gravius
746 4069 940 4123 animae
965 4071 1346 4126 detrimentum
1375 4076 1632 4142 patiatur.

569 4159 616 4191 ⁸³
645 4160 747 4226 Qui
771 4161 1185 4230 sapientissimis
1211 4162 1304 4218 Dei
1339 4166 1520 4222 verbis
1549 4171 1802 4234 attendit,
1837 4182 1892 4227 et
1945 4173 2064 4243 ejus

496 4248 752 4305 observat
773 4254 1047 4319 mandata,
1077 4255 1168 4311 hic
1191 4272 1285 4311 cor
1318 4259 1629 4325 conﬁrmat,
1674 4272 1731 4316 et
1757 4263 1897 4318 bona
1942 4279 2065 4320 esse

497 4345 793 4414 cognoscit.
824 4343 917 4400 Ille
945 4347 1095 4400 audit
1124 4348 1216 4403 Dei
1241 4351 1426 4411 verba,
1465 4351 1556 4420 qui
1585 4369 1707 4422 qua:
1739 4359 2062 4412 mandantur

495 4435 566 4488 ab
604 4435 707 4490 illis
748 4438 1086 4506 exsequitur.
1128 4439 1249 4494 Non
1291 4441 1428 4495 enim
1469 4445 1735 4499 auditores
1773 4445 1904 4516 legis
1923 4447 2062 4518 justi

2177 607 2468 679 ὑϐριστής·
2503 604 2630 675 ἢὼς
2655 603 2724 656 τὰ
2749 602 2856 655 ἴδια
2889 601 3154 670 συστῆσαι
3183 595 3519 668 βουλόμενος,
3550 592 3622 646 τά
3635 591 3742 645 τῶν

2176 700 2352 755 ἄλλων
2381 697 2591 767 ἀτίμως
2637 694 2916 750 ἐκϐάλλει·
2966 692 3026 746 ὃν
3056 690 3250 744 ἔκϐαλε
3297 690 3360 742 ὲκ
3403 689 3745 758 συστήματος

2179 787 2549 860 πνευματικοῦ
2573 803 2588 817 ·
2623 785 2716 840 καὶ
2731 785 2792 838 οὐ
2814 785 2970 856 μόνον
2995 781 3154 846 αὐτὸς
3180 779 3592 851 ἐκϐληθήσεται,
3610 776 3742 831 ἀλλά

2177 885 2274 934 καὶ
2293 878 2361 933 τά
2384 878 2609 931 συνόντα
2641 875 2810 946 αὐτῷ,
2833 875 3026 947 ἔριδες,
3048 870 3386 943 φιλονεικίαι,
3424 870 3616 941 μάχαι,
3651 869 3744 922 καὶ

2176 973 2276 1026 ὅσα
2301 969 2488 1040 λοιμὸν
2519 967 2790 1022 ἀποτελεῖ.
2829 1021 2831 1024 ι

2256 1065 2314 1116 Ὗ)
2336 1060 2608 1134 διατηρῶν
2648 1060 2746 1122 τὰς
2782 1056 2959 1130 ψυχὰς
2996 1055 3150 1128 ἡμῶν
3177 1053 3403 1125 Κύριος,
3446 1045 3611 1114 οὗτος·
3651 1048 3746 1104 καὶ

2176 1155 2278 1226 τῆς
2308 1151 2681 1224 πνευματικῆς
2713 1151 2860 1221 ἡμᾶς
2886 1149 3138 1218 γνώσεως
3162 1144 3458 1217 ποιμαίνει,
3482 1158 3748 1215 συγκατᾳρ
3773 1155 3777 1159 λ

2181 1247 2382 1301 ϐαίνων
2426 1246 2520 1300 καὶ
2559 1244 2762 1313 λέγων·
2809 1240 2952 1312 Ἐγώ
2991 1242 3106 1310 ειμι
3143 1241 3176 1292 ό
3209 1236 3435 1307 ποιμὴν
3459 1238 3492 1289 ὁ
3534 1234 3751 1300 καλὸς,

2177 1341 2236 1393 δν
2285 1336 2541 1409 ἀτιμάζει
2571 1336 2601 1388 6
2631 1333 2978 1405 παράνομος·
3011 1332 3061 1385 εί
3101 1329 3159 1383 δὲ
3211 1328 3462 1400 βασιλεὺς
3491 1326 3590 1399 μὲν
3629 1325 3746 1378 ἐστι

2175 1430 2283 1485 τῶν
2310 1426 2740 1501 βασιλευομένων
2759 1427 2787 1479 6
2805 1423 3057 1497 Χριστὸς,
3084 1423 3284 1493 ποιμὴν
3308 1421 3364 1473 δὲ
3389 1423 3417 1474 6
3435 1417 3744 1491 προϐάτων,

2177 1522 2329 1575 ἔσται
2359 1519 2489 1574 ποτὲ
2526 1519 2686 1591 μόνος
2710 1517 2962 1588 βασιλεὺς
2991 1514 3098 1568 τῶν
3128 1513 3432 1586 προϐάτων,
3457 1513 3538 1575 είς
3562 1509 3626 1564 τδ
3653 1507 3749 1580 βα·-

2180 1612 2385 1667 σιλικδν
2420 1611 2768 1682 μεταϐάντων
2795 1608 3030 1680 ἀξίωμα.

2258 1705 2317 1759 Ὀ
2374 1704 2568 1776 ἐχθρὸς
2604 1706 2636 1775 ή
2647 1702 2762 1775 μῶν
2821 1700 3064 1764 διάϐολος
3113 1698 3188 1763 ῶς
3208 1696 3356 1750 ’λέων
3399 1694 3748 1767 περιέρχεται

2179 1797 2356 1868 ζητῶν
2387 1797 2508 1851 τίνα
2535 1795 2781 1866 καταπίῃ
2805 1811 2818 1824 ·
2845 1795 3027 1847 ὅντινα
3059 1789 3392 1861 φοϐούμενος
3437 1789 3466 1840 ὁ
3491 1784 3749 1856 ὀκνηρὸς,

2104 1863 2147 1918 Β
2178 1863 2316 1959 πρὸς
2335 1886 2432 1958 τὴν
2450 1887 2710 1958 ἐργασίαν
2873 1883 3079 1955 ἀρετῶν
3112 1881 3424 1936 ἀναδύεται·
3454 1878 3582 1932 εἰδὲ
3612 1877 3750 1932 λέων

2173 1980 2231 2031 ἐν
2263 1981 2383 2043 ταῖς
2403 1978 2541 2041 ὁδοῖς
2563 1977 2665 2046 τῆς
2690 1974 3033 2046 δικαιοσύνης
3057 1975 3208 2046 ζητεῖ
3219 1971 3480 2045 θηρεῦσαί
3510 1987 3657 2033 τινα,
3688 1969 3752 2033 ὃς

2173 2074 2320 2125 ἐστιν
2346 2073 2374 2124 6
2400 2071 2644 2134 διάϐολος
2664 2087 2678 2099 ·
2709 2071 2766 2122 έν
2798 2069 2855 2122 δὲ
2887 2070 3008 2132 ταῖς
3033 2066 3310 2130 πλατείαις
3330 2067 3452 2129 ταῖς
3485 2063 3624 2134 πρὸς
3651 2061 3753 2134 τὴν

2174 2143 2448 2217 ἀπώλειαν
2479 2161 2800 2233 φερούσαις.
2837 2157 2974 2231 μετά
2997 2160 3094 2231 τὴν
3128 2158 3384 2228 φάλαγγα
3425 2156 3534 2210 τῶν
3561 2154 3754 2227 δαιμό-

2173 2271 2279 2308 νων
2317 2253 2504 2318 αὐτοῦ,
2533 2253 2695 2316 αὐτὸς
2721 2251 2936 2320 φονεύει
2975 2251 3101 2313 τοὺς
3122 2247 3270 2319 αὐτῷ
3297 2246 3679 2318 πειθομένους.

2245 2345 2446 2418 Βόθρος
2479 2343 2647 2414 βαθὺς
2675 2345 2703 2396 6
2719 2341 2961 2406 διάϐολός
2981 2343 3126 2394 ἐστιν
3143 2358 3157 2371 ·
3179 2341 3209 2393 ό
3235 2339 3290 2393 δὲ
3323 2338 3574 2410 μισηθεὶς
3598 2336 3753 2408 παρά

2172 2434 2400 2506 Κυρίου,
2427 2434 2456 2486 6
2486 2433 2559 2504 μὴ
2612 2432 2788 2502 ἑαυτῷ
2821 2432 3105 2505 προσέχων
3143 2429 3431 2500 ἀσφαλῶς·
3476 2430 3504 2482 6
3543 2427 3601 2480 δὲ
3629 2427 3751 2480 Ἰὼϐ

2171 2524 2232 2577 o6
2263 2523 2512 2594 μισηθεὶς
2538 2523 2644 2577 ὑπὸ
2676 2522 2903 2594 Κυρίου,
2937 2521 3071 2576 ἀλλὰ
3113 2521 3346 2593 δοκιμῆς
3386 2521 3546 2591 χάριν
3579 2520 3660 2582 είς
3691 2515 3754 2570 τδ

2171 2612 2264 2667 τοῦ
2284 2612 2599 2684 παρανόμου
2622 2611 2996 2681 πέπτωκε(15)
3019 2609 3201 2680 στόμα·
3230 2611 3258 2662 6
3285 2609 3342 2662 δὲ
3369 2605 3622 2679 μισηθεὶς,
3647 2605 3756 2658 ὑπὸ

2173 2706 2400 2779 Κυρίου,
2433 2708 2513 2770 είς
2541 2705 2691 2770 τέλος
2713 2703 3182 2775 καταλιμπάνεται
3225 2702 3283 2755 ἐν
3315 2700 3393 2772 τῷ
3433 2698 3635 2771 βόθρῳ,
3659 2715 3752 2768 φι-

2170 2801 2388 2874 λήδονος
2411 2799 2486 2854 ὣν
2512 2802 2569 2852 ὲν
2601 2797 2800 2868 γνώσει
2832 2797 3128 2869 ἁμαρτίας.

2240 2893 2471 2964 Μακράν
2523 2892 2633 2946 ἀπὸ
2679 2891 2782 2962 τῆς
2825 2889 3052 2961 καρδίας
3093 2886 3188 2941 τοῦ
3235 2885 3469 2960 ἄφρονός
3515 2883 3668 2938 ἔστιν
3714 2884 3752 2955 ὴ

2174 2985 2368 3056 ῥάϐδος
2394 2985 2427 3055 ἡ
2451 2985 2514 3037 εκ
2539 2983 2637 3054 τῆς
2664 2979 2821 3053 ῥίζης
2852 2981 3049 3034 Ἰεσσαὶ
3072 2982 3100 3034 6
3125 2979 3378 3052 Χριστὸς,
3410 2977 3469 3042 6;
3491 2977 3758 3047 ποιμανεῖ

2171 3075 2262 3128 τὸν
2285 3075 2413 3128 λαὸν
2442 3071 2606 3126 αὐτοῦ
2635 3071 2726 3125 τὸν
2755 3069 2875 3125 νέον
2912 3068 3129 3142 Ἰσραήλ
3157 3071 3214 3122 ὲν
3245 3071 3312 3140 τῇ
3330 3069 3468 3139 νομῇ
3490 3066 3601 3120 τῶν
3621 3067 3757 3120 ἑαυ-

2093 3191 2136 3249 c
2174 3166 2272 3220 τοῦ
2309 3165 2618 3237 προϐάτων.

2241 3257 2448 3327 Ὠσπερ
2478 3257 2507 3308 ό
2530 3253 2774 3318 διάϐολος
2799 3252 3121 3322 συκοφαντεῖ
3146 3250 3293 3322 ἡμᾶς
3319 3248 3456 3321 πρὸς
3479 3247 3571 3301 τὸν
3592 3245 3753 3312 Θεὸν,

2165 3346 2457 3420 λαμϐάνων
2503 3348 2632 3419 παρ’
2669 3344 2824 3418 ⁴ἡμῶν
2874 3343 2973 3408 τὰς
3015 3341 3236 3415 ἀρετὰς,
3278 3341 3343 3405 ἃς
3403 3341 3478 3411 μὴ
3517 3339 3758 3394 δέδωκεν

2169 3440 2323 3509 ἡμῖν,
2357 3437 2500 3491 οὕτω
2525 3439 2620 3492 καὶ
2656 3437 2818 3508 ἡμεῖς
2855 3433 3296 3504 συκοφαντοῦμεν
3330 3431 3492 3485 αὑτὸν
3534 3430 3760 3502 λαμϐά-

2167 3546 2350 3594 νοντες
2371 3531 2501 3600 παρ’
2517 3529 2681 3584 αὑτοῦ
2708 3528 2806 3592 τὰς
2833 3527 3030 3590 κακίας
3052 3526 3118 3590 ἃς
3145 3525 3218 3597 μὴ
3239 3521 3552 3594 δεδώκαμεν
3577 3521 3753 3592 αὐτῷ·

2167 3623 2260 3676 καὶ
2294 3621 2428 3674 καθὸ
2464 3621 2561 3692 μὲν
2593 3620 2938 3692 λαμϐάνομεν
2959 3619 3087 3690 παρ’
3111 3615 3274 3671 αὐτοῦ
3301 3616 3399 3680 τὰς
3428 3616 3651 3680 κακίας,
3679 3615 3762 3679 ὡς

2168 3714 2321 3785 παρά
2355 3711 2582 3781 πένητος
2615 3713 2672 3764 ὲν
2711 3712 2933 3781 ἀρεταῖς
2967 3709 3345 3780 λαμϐάνομεν·
3394 3706 3530 3760 καθὸ
3563 3707 3621 3760 δὲ
3654 3705 3760 3770 τὰς

2166 3803 2368 3876 ἀρετὰς
2390 3806 2423 3875 ή
2434 3803 2548 3875 μῶν
2572 3801 2824 3872 διδόαμεν
2853 3800 3000 3870 αὐτῷ
3034 3801 3120 3852 ἐπ’
3148 3796 3437 3854 ἐλαττώσει
3471 3798 3651 3870 ἡμῶν,
3677 3798 3760 3862 ὡς

2167 3897 2410 3967 πλουσίῳ
2451 3895 2507 3947 έν
2549 3891 2717 3963 κακία
2753 3891 3036 3961 διδόαμεν·
3080 3891 3287 3962 μήποτε
3319 3889 3397 3954 δὲ,
3435 3888 3622 3960 φησὶν,
3677 3889 3758 3952 ὡς

2165 3989 2320 4056 ὀλίγα
2347 3987 2521 4049 διδοὺς
2558 3985 2776 4056 ἄρχοντι
2798 4000 2812 4013 ·
2849 3983 2978 4053 παρ’
3005 3975 3049 4050 ᾧ
3101 3984 3426 4051 συκοφαπεί
3472 3981 3544 4036 τά
3580 3981 3761 4035 πλείω

2167 4078 2488 4150 κερδαίνων,
2522 4075 2683 4129 πλέον
2714 4074 2808 4127 καὶ
2843 4073 3140 4144 βλάπτεται
3173 4071 3272 4142 τὴν
3298 4071 3498 4142 ψυχήν.

2248 4170 2306 4223 '0
2327 4172 2440 4234 τοῖς
2466 4166 2764 4236 πανσόφοις
2788 4165 2968 4234 λόγοις
2999 4164 3279 4235 προσέχων
3311 4162 3407 4215 τοῦ
3453 4160 3613 4227 Θεοῦ,
3657 4161 3760 4214 καί

2163 4260 2333 4315 ποιῶν
2363 4259 2434 4313 τὰ
2468 4257 2922 4330 προστασσόμενα
2944 4256 3036 4308 ὑπ’
3063 4253 3249 4319 αὐτοῦ,
3287 4247 3442 4318 οὗτος
3473 4253 3760 4324 ἐπέστησε

2161 4353 2258 4424 τήν
2283 4352 2532 4424 καρδίαν,
2568 4352 2662 4405 καὶ
2691 4349 2830 4419 ἔγνω
2861 4351 2942 4402 ὅτι
2969 4349 3123 4403 καλοί
3157 4351 3294 4404 εἰσιν
3313 4365 3327 4380 ·
3362 4341 3519 4413 οὗτος
3557 4345 3757 4402 ἀκούει

2162 4445 2272 4498 τῶν
2296 4444 2390 4498 τοῦ
2421 4443 2557 4498 Θεοῦ
2591 4442 2786 4511 λόγων,
2813 4445 2841 4496 6
2869 4441 3038 4496 ποιῶν
3070 4441 3139 4495 τά
3172 4441 3630 4513 προστασσόμενα
3655 4441 3759 4495 ὑπ’

497 4529 636 4594 apud
671 4527 874 4595 Deum,
905 4532 993 4585 sed
1047 4531 1274 4600 factores
1322 4534 1450 4604 legis
1493 4538 1934 4607 justiﬁcabuntur
1983 4542 2050 4596 ⁵⁵.

2181 4533 2354 4588 ιὺτῶν·
2378 4535 2460 4587 Οὐ
2489 4533 2597 4602 γὰρ
2622 4535 2677 4586 οἱ
2704 4533 2987 4601 ἀκροαταὶ
3011 4531 3114 4587 τοῦ
3129 4533 3315 4601 νόμου
3340 4531 3558 4586 δίκαιοι
3581 4531 3754 4600 παρὰ

495 4621 645 4687 Quod
673 4625 715 4678 si
745 4624 1152 4681 cnntirmaveris
1185 4643 1279 4682 cor
1315 4640 1462 4683 tuum
1494 4633 1560 4684 ad
1593 4631 1874 4686 sciendum
1902 4648 2058 4702 atque

492 4725 550 4771 et
594 4718 894 4787 agendum;
954 4719 1327 4775 manifestabit
1382 4723 1475 4776 tibi
1533 4722 1675 4776 Dens
1707 4722 1850 4778 viam
1901 4739 2054 4779 suam

493 4827 612 4883 qua:
642 4811 773 4867 dicit
799 4829 814 4865 :
847 4810 959 4883 Ego
993 4828 1108 4866 sum
1133 4813 1216 4866 via
1240 4824 1288 4868 et
1320 4814 1511 4867 veritas
1532 4813 1602 4870 ⁸⁸.

557 4988 606 5021 ³⁸
637 4987 740 5055 Qui
773 4987 964 5043 dilatat
1010 4987 1248 5057 puritate
1281 5001 1378 5043 cor
1405 5003 1582 5056 suum,
1634 4990 1726 5046 Dei
1778 4991 2055 5050 doctrinas

2161 4624 2242 4691 τῷ
2272 4623 2413 4690 Θεῷ,
2439 4625 2574 4678 ἀλλ’
2603 4627 2657 4678 οι
2686 4625 2920 4692 ποιηταὶ
2959 4623 3064 4677 τοῦ
3089 4624 3276 4692 νόμου
3309 4622 3753 4692 δικαιωθήσον-

2161 4735 2273 4772 ται.
2314 4715 2438 4769 Ἐἀν
2462 4716 2519 4769 δὲ
2553 4717 2855 4788 ἐπιστήσῃς
2899 4716 2995 4787 σὴν
3023 4714 3252 4784 καρδίαν
3286 4713 3382 4769 τοῦ
3415 4713 3622 4782 γνῶναι
3648 4716 3754 4769 καὶ

2161 4806 2404 4876 ποιῆσαι,
2434 4805 2692 4876 γνωρίσει
2726 4822 2808 4858 σοι
2839 4806 2939 4875 τὴν
2977 4804 3094 4857 ὁδὸν
3123 4803 3287 4857 αὑτοῦ
3315 4803 3416 4876 τὴν
3440 4803 3704 4860 εἰποῦσαν
3729 4822 3750 4838 ·

2175 4895 2320 4966 Ἐγώ
2345 4897 2460 4964 ειμι
2483 4895 2521 4963 ή
2557 4894 2699 4960 ὁδὸς
2721 4892 2818 4947 καὶ
2843 4895 2881 4960 ἠ
2901 4891 3170 4958 ἀλήθεια.

2236 4991 2295 5042 Ὁ
2323 4988 2598 5053 πλατύνας
2623 4987 2712 5042 διὰ
2741 4989 2840 5058 τῆς
2868 4985 3238 5055 καθαρότητος
3269 4984 3368 5056 τὴν
3391 4984 3620 5056 καρδίαν
3640 4984 3714 5038 αὖ

493 5079 776 5150 intelliget,
806 5079 1096 5148 practicas,
1128 5081 1389 5145 eruditas,
1423 5083 1780 5153 theologicas.
1808 5083 2055 5155 Namque

2181 5081 2270 5146 κοῦ,
2307 5083 2488 5153 νοήσει
2516 5081 2642 5145 τοὺς
2673 5079 2766 5134 τοῦ
2805 5078 2940 5132 Θεοῦ
2983 5078 3192 5148 λόγους,
3229 5077 3357 5143 τούς
3402 5094 3462 5132 τε
3496 5093 3748 5149 πρακτι-

490 5171 668 5224 omnis
701 5169 1059 5226 Salomonicze
1084 5172 1368 5240 scriptura
1399 5175 1646 5240 materia,
1677 5174 1944 5230 trifariam
1971 5177 2055 5230 di-

487 5261 716 5329 viditur,
743 5265 796 5317 in
836 5265 1095 5332 ethicam,
1129 5266 1406 5336 physicam
1433 5275 1489 5322 et
1520 5266 1892 5336 theologicam.
1920 5267 2054 5322 Per-

490 5351 813 5406 tinentvero
830 5353 895 5407 ad
921 5353 1156 5422 primam
1188 5355 1502 5419 Proverbia,
1535 5357 1599 5410 ad
1627 5358 1920 5411 secundam
1952 5356 2053 5411 Ec-

488 5440 788 5507 clesiastes,
819 5445 884 5498 ad
918 5445 1138 5499 tertiam
1185 5445 1465 5500 Canticum
1507 5445 1845 5500 canticorum
1875 5464 1890 5501 :
1925 5461 2050 5515 qua:

2155 5176 2304 5238 κοὺς,
2347 5175 2441 5228 καὶ
2473 5174 2600 5238 τοὺς
2647 5173 3011 5240 σοφιστικοὺς,
3054 5171 3149 5226 καὶ
3187 5172 3315 5234 τοὺς
3343 5171 3692 5239 θεολογικοῦς
3721 5188 3742 5205 ο

2158 5265 2309 5318 πᾶσα
2335 5263 2443 5336 γὰρ
2477 5265 2510 5334 ή
2541 5262 2682 5315 κατὰ
2704 5262 2802 5331 τὴν
2829 5261 3052 5333 Γραφὴν
3073 5259 3442 5333 πραγματεία,
3481 5260 3758 5331 τέμνεται

2156 5356 2379 5428 τριχῶς,
2415 5358 2494 5418 εἰς
2532 5354 2728 5423 ἠθικὴν
2761 5354 2858 5406 καὶ
2885 5351 3117 5423 φυσικὴν
3146 5353 3239 5404 καὶ
3259 5351 3608 5424 θεολογικήν·
3645 5354 3758 5408 καὶ

2155 5448 2436 5501 ἀκολουθεῖ
2467 5450 2533 5518 τῇ
2565 5447 2660 5518 μὲν
2687 5444 2898 5520 πρώτῃ,
2938 5447 2994 5498 αἱ
3043 5445 3364 5516 Προοιμίαι·
3407 5448 3475 5516 τῇ
3522 5445 3579 5499 δὲ
3618 5445 3758 5500 δευ-

491 5529 768 5587 iutellecta
797 5547 894 5602 per
926 5535 1220 5604 puritatem
1249 5534 1400 5589 cordi
1453 5534 1853 5601 inscribuntur;
1889 5545 1946 5588 ut
1969 5551 2048 5591 re-

2181 5538 2304 5609 κέρᾳ,
2326 5539 2355 5591 ό
2389 5537 2838 5608 Ἑκκλησιαστής·
2857 5535 3000 5606 τῇδὲ
3023 5534 3202 5608 τρίτῃ,
3238 5534 3430 5606 ’ᾼσμα
3448 5535 3751 5606 ᾀσμάτων·

559 5621 788 5693 “tum.
862 5625 1081 5682 "Joan.
1157 5641 1214 5693 x,
1265 5628 1349 5682 Η.
1425 5628 1470 5661 ⁸⁸
1497 5628 1660 5684 ν.15.
1740 5628 1979 5684 "v.14.
2049 5629 2085 5663 ⁶⁴

2195 5632 2338 5691 ν.15.
2398 5632 2444 5664 "
2471 5630 2617 5688 v.16.
2695 5629 2934 5685 "v.i7.
3005 5628 3052 5660 "
3077 5625 3234 5682 Rom.
3257 5625 3423 5692 ",13.
3502 5625 3548 5658 "
3574 5625 3757 5683 Joan.

491 5692 667 5776 xiv.6.
718 5694 764 5725 "
793 5709 842 5748 ν.
865 5695 954 5748 20.

563 5788 674 5860 (15)
712 5788 872 5858 Cod.,
906 5790 1148 5844 πέπωκε.
