3958 6520
461 421 565 479 223

1345 404 1900 465 SUPPLEMENTUM
1942 403 2032 458 AD
2065 396 2387 457 ORIGENIS
2420 392 2834 452 EXEGETICA.

3601 389 3699 448 εει

466 529 729 588 scendere
755 540 919 597 supra
947 524 1210 585 litteram.
1237 523 1333 577 sed
1368 522 1648 578 mordicus
1687 522 1816 577 huic
1863 519 2033 575 iubar

2145 515 2329 595 ιωρεῖν
2364 510 2457 565 τοῦ
2497 509 2693 582 ῥητοῦ,
2733 508 2847 564 ἀλλ’
2870 506 3162 579 ἀπλήστως
3199 502 3347 580 ἔχειν
3371 500 3507 574 πρὸς
3552 506 3703 569 αὐτὰ,

393 599 399 613 ι
468 639 613 687 rere,
643 621 793 675 falsa:
822 619 946 673 vita:
972 615 1256 688 proprium
1283 623 1388 670 est.

537 713 584 747 ⁸⁸
624 712 682 766 Si
704 711 920 766 invidus
945 709 1187 763 triticum
1213 706 1513 777 impietatis
1529 703 1800 768 comedat,
1831 712 1886 759 et
1909 703 2036 758 vino

466 803 749 873 illegitimo
777 798 1043 865 ebrietur,
1079 812 1184 852 non
1204 806 1419 867 oportet
1439 812 1562 852 cum
1591 796 1692 851 hoc
1718 795 2031 860 convivari;

468 908 644 965 neque
688 893 832 948 enim
882 891 1102 961 expedit
1131 890 1247 945 fieri
1296 890 1518 960 impium
1550 904 1617 944 ac
1644 899 1987 959 peccatorem
2016 903 2034 941 :

467 1003 592 1041 nam
644 984 956 1055 huiusmodi
1016 983 1333 1053 iniquitates
1387 981 1690 1053 spiritalem
1750 980 2034 1036 scientiam

466 1077 833 1147 pessumdant.

539 1165 585 1197 “
614 1162 760 1217 Nihil
796 1162 946 1217 dicas
995 1159 1254 1230 prudens,
1287 1156 1481 1228 inquit,
1516 1155 1568 1211 id
1620 1163 1706 1210 est
1759 1169 1922 1224 grave
1967 1168 2034 1210 ac

469 1258 787 1329 mysticum;
833 1272 950 1312 non
986 1254 1131 1311 enim
1175 1262 1227 1308 te
1265 1258 1477 1321 Oportet
1505 1247 1828 1318 margaritas
1851 1244 2034 1318 ‘proji-

468 1365 593 1405 cere
627 1359 751 1404 ante
777 1362 989 1419 porcos.

537 1440 580 1471 ⁸⁷
623 1439 905 1493 Terminus
949 1445 1184 1492 aeternos
1232 1436 1513 1508 religionis
1562 1452 1631 1494 ne
1691 1439 2031 1507 transferas;

465 1542 641 1596 neque
678 1527 744 1581 ad
789 1527 1064 1596 regionem
1105 1527 1337 1584 accedas
1386 1543 1575 1584 eorum
1608 1529 1701 1600 qui
1744 1546 1805 1587 se
1852 1545 1883 1584 a
1925 1532 2037 1588 Deo

464 1619 840 1687 sejunxerunt,
885 1628 939 1673 et
991 1619 1392 1688 possessionem
1432 1620 1740 1677 daemonum
1771 1622 2034 1679 malitiam

462 1709 721 1773 retinent,
750 1707 903 1776 cuius
926 1724 1088 1765 causa
1126 1712 1333 1764 ctelesti
1365 1709 1527 1766 Patre
1551 1713 1729 1768 orbati
1757 1724 1905 1769 sunt.
1933 1715 2034 1781 Qui

461 1800 606 1854 enim
639 1814 732 1854 eos
763 1799 1059 1854 vindicavit
1087 1815 1152 1854 ex
1183 1801 1423 1857 tenebris
1446 1802 1500 1855 in
1532 1803 2033 1873 splendidissimam

463 1888 665 1953 lucem,
702 1889 858 1944 fortis
887 1899 993 1944 est.

533 1980 581 2014 ⁸⁸
608 1980 775 2035 Filius
810 1982 949 2036 bene
976 1991 1216 2038 moratus
1246 1982 1389 2038 labia
1427 1998 1525 2040 sua
1558 1985 1612 2041 in
1648 1987 1914 2056 sapientia
1938 2005 2033 2044 ex-

464 2072 670 2128 ercebit
697 2089 712 2140 ;
744 2073 1097 2143 vicissimque
1129 2075 1398 2145 sapientia
1432 2092 1555 2131 cum
1599 2092 1667 2132 eo
1696 2081 2037 2151 colloquetur

463 2178 529 2219 ac
561 2165 936 2234 permanebit:
971 2174 1029 2219 at
1051 2180 1344 2235 perversus
1370 2167 1517 2223 illam
1552 2171 1784 2225 amittet.

533 2257 578 2288 ⁸⁸
602 2257 661 2311 Si
693 2258 888 2312 timore
919 2258 1127 2321 Domini
1164 2259 1402 2314 declinat
1426 2261 1623 2331 aliquis
1653 2279 1682 2317 a
1715 2264 1882 2330 malo,
1917 2266 2035 2337 pul-

459 2348 590 2403 chre
618 2349 868 2404 hortatur
920 2358 979 2404 ut
1007 2363 1104 2420 per
1131 2365 1350 2408 omnem
1390 2354 1558 2410 vitam
1590 2354 1661 2409 ab
1696 2358 1845 2412 omni
1894 2359 2036 2416 malo

459 2438 811 2494 declinemus.

527 2529 574 2561 το
600 2528 858 2600 Quisquis
889 2532 1098 2587 malitia
1126 2541 1212 2590 est
1238 2533 1445 2598 ebrius,
1471 2543 1527 2591 et
1564 2550 1632 2591 ex
1660 2538 1924 2609 sapientia
1959 2540 2027 2595 ad

459 2622 732 2677 inscitiam
781 2626 938 2692 quasi
988 2627 1235 2683 moechus
1278 2630 1539 2693 transilit,
1597 2631 1795 2686 divina:
1847 2633 2034 2703 gratiae

455 2717 561 2771 erit
589 2716 775 2785 inops;
809 2732 985 2787 neque
1024 2729 1177 2774 veste
1208 2722 1435 2792 nuptiali
1482 2723 1738 2778 induelur
1782 2726 2032 2795 quisquis

460 2806 513 2861 in
545 2807 877 2863 damoniaca
927 2819 1085 2864 nocte
1116 2811 1440 2879 dormitans,
1473 2828 1696 2869 carnem
1740 2832 1895 2870 suam
1938 2817 2033 2872 de-

456 2898 571 2951 triti
627 2899 804 2953 instar
848 2901 1129 2969 panniculi
1177 2902 1516 2959 vulneratam
1572 2915 1840 2974 atterens,
1900 2908 2030 2979 facit

455 2987 767 3042 incendium
800 2989 1084 3058 gehennae.
1513 3000 1523 3017 ‘

526 3077 571 3109 “
602 3079 694 3133 Ait
726 3081 910 3136 senior
931 3083 1171 3151 quidam,
1197 3083 1433 3139 animam
1454 3101 1576 3143 esse
1609 3097 1838 3143 matrem
1880 3105 2032 3145 men-

2134 603 2282 675 ζωῆς
2306 605 2421 655 ἐστι
2444 600 2691 673 ψευδοῦς.

2200 697 2265 751 Εἰ
2297 698 2326 751 6
2355 695 2624 767 βάσκανος
2649 695 2773 748 σῖτα
2802 690 3056 754 ἀσεϐείας
3088 689 3277 753 ἐσθίει,
3312 684 3412 743 καὶ
3441 684 3569 756 οϊνῳ
3608 704 3705 739 πα-

2138 790 2358 863 ρανόμῳ
2386 787 2737 861 μεθύσκεται,
2771 786 2833 841 ού
2859 784 2939 838 δεῖ
2965 784 3022 838 δὲ
3059 782 3394 837 συνδειπνεῖν
3412 779 3612 850 τούτῳ·
3646 782 3703 834 οὐ

2133 881 2242 953 χρὴ
2274 882 2383 953 ἀρα
2418 876 2560 934 εἴναι
2599 878 2771 949 ἀσεϐῆ
2805 875 2901 929 καὶ
2938 873 3251 947 παράνομον
3274 891 3289 906 ο
3334 868 3497 929 αὗται
3520 870 3626 942 γὰρ
3652 871 3705 924 αι

2134 976 2322 1033 κακίαι
2347 975 2698 1048 λυμαίνονται
2727 973 2927 1042 γνῶσιν
2952 972 3352 1043 πνευματικήν.

2199 1148 2381 1221 Μηδὲν
2396 1148 2521 1218 λέγε
2541 1147 2781 1211 συνετὸν,
2799 1147 2952 1219 φησὶ,
2975 1146 3222 1200 τουτέστι
3248 1144 3383 1216 βαθὺ
3400 1146 3495 1198 καὶ
3522 1162 3704 1216 μυστι-

2135 1241 2250 1297 κόν·
2273 1242 2332 1294 ού
2360 1242 2442 1296 δεῖ
2454 1242 2562 1313 γάρ
2594 1258 2653 1294 σε
2684 1240 2864 1311 βαλεῖν
2880 1241 3006 1304 τοὺς
3032 1238 3374 1312 μαργαρίτας
3405 1238 3706 1309 ἔμπροσθεν

2133 1333 2242 1388 τῶν
2265 1333 2483 1405 χοίρων.

2150 1482 2151 1485 η
2208 1424 2369 1495 Ὅρια
2402 1423 2594 1477 αἰώνια
2634 1421 2944 1486 θεοσεϐείας
2984 1422 3058 1494 μὴ
3097 1421 3351 1495 μέταιρε·
3389 1424 3469 1486 είς
3505 1423 3565 1477 δὲ
3606 1422 3707 1493 γῆν

2134 1515 2243 1570 τῶν
2270 1515 2759 1587 ἀπορφανισάντων
2796 1514 3020 1576 ἑαυτοὺς
3050 1512 3159 1566 ἀπὸ
3191 1513 3285 1566 τοῦ
3316 1511 3451 1565 Θεοῦ
3473 1552 3487 1577 ,
3521 1513 3706 1583 κτῆμα

2133 1609 2191 1663 δὲ
2220 1609 2487 1680 δαιμόνων
2509 1606 2604 1679 τὴν
2643 1607 2841 1661 κακίαν
2881 1607 3123 1678 ἔχοντας,
3158 1606 3234 1678 μὴ
3258 1606 3525 1679 εἰσέλθῃς,
3556 1606 3625 1660 δι’
3646 1608 3707 1678 ἣν

2135 1704 2504 1777 ἐστερήθησαν
2535 1701 2627 1757 τοῦ
2662 1700 2982 1774 ἐπουρανίου
3010 1700 3225 1770 Πατρός
3246 1716 3259 1730 '
3286 1702 3315 1754 6
3344 1700 3452 1772 γὰρ
3482 1700 3709 1773 λυτρού-

2140 1813 2298 1867 μενος
2321 1796 2516 1860 αύτοῦς
2534 1795 2737 1866 Κύριος
2768 1796 2831 1848 ἐκ
2849 1792 2942 1846 τοῦ
2976 1791 3374 1865 ύπερλάμπρου
3400 1791 3578 1861 φωτὸς
3606 1793 3709 1847 ἀπὸ

2066 1877 2106 1933 Β
2137 1887 2380 1953 σκότους,
2411 1886 2629 1959 ἰσχυρός
2665 1887 2831 1941 ἐστιν.

2206 1979 2334 2042 Υἱὸς
2362 1978 2520 2050 ὀρθὸς
2548 1978 2876 2049 ἐνδιατρίψει
2897 1976 2967 2031 τὰ
2999 1978 3153 2049 χείλη
3191 1974 3357 2031 αὑτοῦ
3402 1974 3591 2044 σοφίᾳ,
3619 1974 3711 2026 καὶ

2133 2070 2169 2141 ή
2203 2070 2364 2141 σοφία
2396 2070 2533 2142 πρὸς
2564 2070 2727 2124 αὐτὸν
2760 2069 3078 2141 συλλαλήσει
3123 2067 3217 2123 καῖ
3261 2067 3548 2139 διαμενεῖ·
3588 2067 3619 2118 6
3657 2065 3711 2118 δὲ

2134 2163 2390 2235 στρεϐλὸς
2420 2165 2729 2216 ἐκπεσεῖται
2754 2164 2847 2216 ἀπ’
2869 2163 3060 2232 αὐτῆς.

2203 2257 2265 2309 El
2293 2256 2369 2327 τῷ
2395 2256 2545 2327 φόϐῳ
2569 2255 2774 2326 Κυρίου
2806 2255 3043 2309 ἐκκλίνει
3067 2272 3151 2319 τις
3180 2255 3288 2309 ἀπὸ
3312 2251 3504 2315 κακοῦ,
3531 2250 3713 2313 καλῶς

2132 2350 2390 2419 παραινεῖ
2421 2347 2507 2401 διὰ
2553 2346 2734 2418 πάσης
2778 2345 2880 2417 τῆς
2921 2346 3066 2418 ζωῆς
3114 2345 3383 2400 ἐκκλίνειν
3422 2344 3576 2414 ἡμᾶς
3608 2339 3713 2394 ἀπὸ

2131 2437 2336 2500 παντὸς
2367 2435 2560 2490 κακοῦ.

2200 2528 2317 2590 Πᾶς
2362 2527 2391 2579 6
2440 2527 2498 2578 ὲν
2532 2525 2701 2596 κακίᾳ.
2749 2525 2999 2596 μέθυσος,
3043 2526 3138 2580 καὶ
3180 2527 3210 2581 6
3248 2527 3314 2579 ἐκ
3348 2525 3537 2596 σοφίας
3576 2525 3714 2599 πρὸς

2130 2618 2403 2689 ἀγνωσίαν
2420 2619 2861 2691 καταπορνεύων,
2884 2619 3188 2688 πτωχεύσει
3212 2619 3277 2671 ἐκ
3293 2618 3442 2681 θείας
3462 2619 3709 2691 χάριτος·

2130 2712 2224 2763 καὶ
2244 2711 2343 2764 οὐκ
2368 2711 2643 2763 ἐνδύσεται
2662 2710 2864 2782 ἔνδυμα
2888 2709 2983 2765 τοῦ
3008 2713 3185 2781 γάμου
3215 2712 3324 2774 πᾶς
3348 2712 3376 2763 6
3419 2712 3476 2765 ἐν
3494 2714 3562 2783 τῇ
3595 2711 3713 2765 δαι-

2134 2803 2379 2875 μονιῶδει
2413 2804 2570 2857 νυκτὶ
2594 2802 2863 2875 ὑπνώδης,
2894 2802 3030 2857 ἀλλά
3054 2802 3152 2875 τὴν
3176 2803 3251 2866 ὡς
3279 2804 3445 2875 ῥάκος
3464 2821 3714 2877 τετραυ-

2132 2896 2473 2968 ματισμένην
2500 2896 2679 2969 σάρκα
2705 2896 2989 2951 διαθλίὸων
3010 2896 3236 2968 γεέννης
3265 2897 3456 2967 φλόγα.

2202 3076 2347 3148 Ἔφη
2380 3093 2461 3141 τις
2500 3076 2609 3129 τῶν
2645 3074 2933 3147 γερόντων,
2966 3073 3063 3146 τὴν
3099 3073 3278 3146 ψυχήν
3322 3069 3460 3129 εἶναι
3495 3075 3713 3148 μητέρα

455 3170 562 3235 tis;
608 3171 804 3228 anima:
849 3177 1113 3232 vocabulo
1158 3180 1422 3235 denotans
1484 3180 1788 3249 patheticas
1835 3182 2029 3238 animae

2145 3169 2221 3223 τοῦ
2242 3169 2354 3235 νοῦ,
2378 3169 2553 3241 ψυχὴν
2578 3168 2749 3237 λέγων
2772 3168 2833 3222 τὸ
2864 3167 3162 3238 παθητικὸν
3186 3168 3285 3238 τῆς
3309 3169 3505 3240 ψυχῆς,
3538 3169 3715 3239 θυμόν

451 3262 767 3333 qualitates.
816 3266 1076 3337 impetum
1112 3279 1169 3325 et
1194 3271 1550 3341 cupiditatem
1578 3287 1592 3325 :
1622 3272 1829 3327 etenim
1855 3273 2029 3328 virtu-

455 3365 568 3409 tum
600 3357 868 3413 exercitio
903 3360 957 3413 in
995 3360 1173 3416 lucem
1201 3371 1439 3417 mentem
1471 3363 1658 3417 educit
1695 3381 1709 3418 :
1760 3363 2026 3432 siquidem

454 3445 772 3503 fortitudine
812 3465 877 3505 ac
912 3454 1264 3522 temperantia
1313 3454 1638 3523 sapientiam
1673 3455 2029 3525 adipiscimur

455 3548 512 3590 et
563 3539 847 3594 scientiam
897 3540 1017 3607 Dei,
1074 3558 1197 3612 quae
1241 3556 1369 3599 sunt
1419 3545 1652 3600 virtutes
1700 3545 1933 3615 impetus
1972 3555 2027 3600 et

451 3628 792 3698 cupiditatis.
847 3630 1109 3688 Fortasse
1159 3634 1361 3705 aliquis
1412 3636 1557 3691 dicet
1615 3645 1849 3692 matrem
1907 3652 2029 3693 esse

454 3719 866 3777 Testamentum
897 3733 1052 3780 vetus
1078 3727 1223 3795 quod
1261 3729 1535 3783 contemni
1561 3734 1768 3803 nequit.

523 3811 569 3843 ⁷³
595 3810 856 3869 Homines
894 3815 999 3870 hoc
1049 3815 1172 3872 loco
1207 3816 1341 3872 dicit
1393 3817 1782 3889 magistrorum
1822 3818 2025 3889 scripta

450 3901 749 3959 volumina.
791 3904 895 3972 Qui
949 3920 1081 3963 vero
1124 3911 1340 3979 operati
1384 3909 1547 3966 simul
1574 3918 1705 3966 sunt
1732 3920 1787 3965 et
1821 3912 2023 3966 docue-

451 4005 602 4061 runt,
644 3996 861 4066 iterque
885 3998 938 4053 in
971 4000 1172 4055 cmlum
1206 4000 1471 4071 fecerunt,
1504 4002 1903 4061 ambulationes
1930 4017 2025 4057 uo-

450 4084 697 4139 minavit.
735 4085 885 4140 Multi
916 4088 1062 4142 enim
1092 4090 1347 4146 doctores
1363 4104 1709 4164 nequaquam
1734 4094 1799 4148 ad
1823 4093 2022 4149 etelunl

450 4171 556 4226 iter
588 4173 857 4241 fecerunt,
889 4179 1016 4247 quia
1050 4180 1201 4235 dicta
1238 4183 1462 4251 propria
1496 4199 1607 4238 non
1639 4183 2019 4240 observarunt.

448 4262 584 4319 Nam
615 4266 706 4335 qui
742 4268 969 4324 disserit
1006 4270 1060 4324 in
1097 4273 1559 4329 ambulationibus
1584 4276 1712 4339 (hoc
1760 4285 1846 4332 est
1877 4278 2021 4332 enim

449 4354 631 4410 facere
671 4368 725 4412 et
779 4360 1018 4432 docere),
1051 4362 1210 4432 digne
1241 4365 1487 4421 ambulat
1522 4367 1810 4424 vocatione
1853 4383 1959 4438 qua
1991 4384 2021 4424 a

448 4443 562 4499 Deo
594 4457 819 4503 vocatus
852 4451 979 4506 fuit.

517 4531 719 4589 Mentis
747 4548 1031 4604 peccatum
1069 4542 1246 4598 simile
1276 4543 1494 4612 phialae,
1523 4554 1704 4616 operm
1734 4557 2017 4618 peccatum
2054 4573 2097 4627 ο

444 4624 660 4693 poculo.
698 4627 938 4698 Ὕστερον
965 4648 1093 4688 vero
1117 4643 1202 4689 est
1218 4638 1359 4706 quod
1389 4655 1417 4692 a
1448 4640 1640 4708 coquis
1668 4641 1887 4713 τριϐεύς
1927 4657 2021 4711 ap-

445 4715 700 4783 pellatur.
728 4719 894 4774 Multa
922 4724 1065 4778 enim
1097 4726 1277 4794 pulsat
1297 4728 1499 4801 ὕπερον
1528 4729 2021 4806 [pistillus],neque

446 4818 625 4861 tamen
656 4813 833 4880 aperit
864 4812 1040 4869 locum
1070 4833 1231 4887 quem
1261 4820 1459 4889 pulsat.
1488 4822 1558 4876 At
1585 4838 1715 4879 vero
1737 4825 2019 4895 discipulis

444 4898 625 4955 aiebat
660 4899 923 4959 Servatur
957 4922 972 4960 :
1006 4905 1251 4977 Pulsate,
1283 4922 1335 4966 et
1375 4914 1645 4982 aperietur
1669 4917 1813 4971 vobis
1835 4917 1906 4971 ".

513 5075 561 5107 ⁷⁸
585 5075 738 5134 Mens
770 5095 893 5150 quae
927 5082 1162 5139 alienum
1218 5090 1504 5146 consilium
1536 5101 1630 5148 aut
1661 5094 2005 5166 disciplinam

442 5166 699 5235 suscipit,
742 5168 911 5226 malas
969 5175 1335 5244 cogitationes
1386 5180 1610 5238 fovebit.
1661 5182 1765 5251 Qui
1832 5196 2012 5241 autem

441 5269 660 5313 cautum
687 5276 746 5316 se
777 5273 952 5333 geret,
985 5266 1034 5321 is
1069 5268 1192 5321 vita!
1222 5287 1447 5341 compos
1475 5273 1587 5328 lict.

512 5349 559 5382 ⁷⁸
587 5351 724 5407 Mala
779 5372 866 5413 res
886 5361 1139 5417 socordia
1176 5364 1446 5420 indoleus.
1478 5364 1614 5421 Nam
1647 5378 1834 5435 postea
1861 5370 2012 5426 dices

440 5441 832 5499 conscientiam
867 5456 1012 5503 tuam
1042 5451 1286 5520 pulsans,
1321 5455 1439 5511 Non
1479 5455 1743 5524 laboravi,
1794 5471 1902 5513 non
1930 5458 2011 5513 fui

441 5528 712 5589 sollicitus
735 5539 957 5606 praemia
988 5543 1351 5615 adipiscendi,
1384 5555 1439 5603 et
1471 5549 1746 5607 cruciatus
1776 5550 2007 5607 vitandi.

517 5717 562 5749 ⁸⁸
592 5734 642 5770 v.
675 5719 727 5775 6.
759 5722 804 5755 ⁸⁸
831 5742 881 5781 τε.
906 5727 960 5783 9.

444 5785 491 5820 "
521 5804 571 5842 v.
604 5789 695 5845 5.).

2127 3281 2186 3317 τε
2210 3263 2305 3316 καὶ
2329 3260 2642 3333 ἐπιθυμίαν·
2666 3260 2754 3314 διὰ
2782 3259 2891 3331 γάρ
2914 3258 3023 3313 τῶν
3049 3260 3369 3331 πρακτικῶν
3392 3260 3609 3332 ἀρετῶν
3635 3265 3712 3327 είς

2126 3355 2242 3424 φῶς
2272 3352 2501 3426 προάγει
2525 3353 2616 3406 τὸν
2644 3351 2787 3407 νοῦν·
2815 3351 2903 3405 διὰ
2931 3350 3041 3422 γὰρ
3081 3352 3331 3425 ἀνδρείας
3368 3354 3462 3406 καὶ
3495 3370 3712 3425 σωφρο-

2127 3446 2293 3517 σύνης
2323 3444 2580 3518 κτώμεθα
2605 3444 2794 3515 σοφίαν
2828 3444 2921 3498 καὶ
2952 3442 3154 3512 γνῶσιν
3178 3443 3335 3509 Θεοῦ,
3378 3444 3543 3518 αἵπερ
3568 3446 3713 3500 εἰσιν

2124 3539 2315 3610 ἀρεταὶ
2347 3537 2517 3609 θυμοῦ
2552 3537 2644 3591 καὶ
2661 3536 2974 3609 ἐπιθυμίας
3003 3537 3153 3606 λέγει
3177 3536 3220 3590 δ’
3243 3537 3308 3591 ἂν
3335 3537 3465 3601 ἴσως
3492 3540 3713 3612 μητέρα

2124 3632 2217 3685 καὶ
2240 3632 2338 3703 τὴν
2367 3631 2602 3686 παλαιὰν
2631 3631 2908 3703 Διαθήκην
2936 3633 2998 3686 ού
3024 3632 3456 3704 καταφρόνητον.

2208 3811 2548 3884 Ἀνθρώπους
2571 3813 2823 3879 ἐνταῦθα,
2840 3815 2950 3868 τῶν
2971 3814 3305 3869 διδασκάλων
3330 3816 3430 3881 τὰς
3463 3835 3711 3890 συγγρα-

2124 3906 2229 3976 φάς
2262 3922 2428 3975 φησιο
2470 3906 2596 3969 τοὺς
2633 3906 2689 3959 δὲ
2725 3910 3057 3979 ποιήσαντας
3091 3911 3186 3965 καὶ
3231 3910 3571 3977 διδάξαντας,
3614 3913 3711 3967 καὶ

2122 3997 2221 4067 τὴν
2270 3997 2495 4068 πορείαν
2546 3997 2683 4068 πρὸς
2719 3999 2980 4071 οὐρανοὺς
3012 4003 3434 4073 ποιησαμένους,
3464 4006 3711 4076 περιπά-

2123 4105 2246 4152 τους
2269 4089 2538 4160 ὠνόμασεο
2566 4090 2751 4144 πολλοὶ
2782 4092 2890 4165 γὰρ
2918 4093 3244 4162 διδάξαντες,
3273 4093 3335 4147 οὐ
3367 4096 3504 4166 πρὸς
3534 4099 3710 4170 ούρα-

2122 4180 2211 4234 νὸν
2241 4179 2336 4251 τὴν
2365 4181 2586 4253 πορείαν
2620 4182 2965 4255 ἐποιήσαντο,
3000 4188 3082 4240 ὃτι
3106 4187 3205 4240 ούκ
3230 4186 3521 4256 ἐφύλαξαν·
3549 4193 3709 4265 ὁγὰρ

2122 4273 2325 4342 ὁμιλῶν
2353 4276 2412 4326 ἐν
2443 4274 2785 4345 περιπάτοις,
2811 4278 3053 4332 τουτέστι
3097 4283 3270 4335 ποιεῖν
3306 4298 3367 4334 τε
3414 4284 3509 4337 καὶ
3552 4285 3707 4339 διδά-

2124 4380 2293 4427 σκειν,
2325 4363 2493 4431 ἀξίως
2521 4370 2815 4437 περιπατεῖ
2836 4367 2938 4439 τῆς
2964 4369 3210 4442 κλήσεως
3239 4366 3307 4444 ἦς
3333 4375 3538 4447 ἐκλήθη
3600 4377 3708 4431 ὑπὸ

2122 4454 2216 4507 τοῦ
2243 4454 2400 4509 Θεοῦ.

2205 4546 2273 4598 Ἦ
2301 4546 2399 4617 μὲν
2432 4546 2574 4602 κατὰ
2595 4547 2832 4602 διάνοιαν
2866 4551 3114 4623 ἁμαρτία
3145 4553 3287 4609 ἔοικε
3342 4557 3539 4629 φιάλῃο
3580 4561 3615 4631 ή
3648 4560 3708 4614 δὲ

2123 4640 2243 4692 κατ’
2268 4638 2567 4709 ἐνέργειαν,
2613 4641 2857 4713 ποτηρίῳ
2880 4659 2894 4673 ο
2928 4642 3129 4718 ὕπερον
3165 4646 3221 4699 δέ
3258 4648 3409 4715 ἐστι,
3449 4650 3511 4703 τὸ
3550 4654 3708 4724 παρά

2122 4730 2234 4792 τοῖς
2263 4729 2544 4801 μαγείροις
2563 4730 2853 4803 λεγόμενον
2883 4733 3103 4805 τριὸεύς
3122 4753 3135 4767 ·
3174 4737 3344 4792 πολλά
3367 4739 3475 4811 γάρ
3514 4743 3706 4813 κρούει

2118 4818 2277 4873 τοῦτο
2301 4821 2360 4873 τὸ
2388 4820 2609 4893 ὕπερον,
2640 4824 2734 4877 καὶ
2754 4825 2852 4876 ούκ
2876 4826 3082 4895 ἀνοίγει
3108 4828 3199 4881 τὸν
3213 4830 3379 4886 τόπον
3406 4831 3464 4884 ὃν
3491 4832 3702 4904 κρούεγ

2117 4912 2229 4973 τοῖς
2253 4910 2310 4963 δὲ
2332 4911 2599 4982 μαθηταῖς
2628 4915 2657 4966 6
2680 4914 2882 4987 Κύριός
2908 4933 3071 4988 φησι·
3106 4921 3381 4988 Κρούετε,
3404 4920 3502 4974 καὶ
3536 4923 3702 4977 ἀνοι-

2120 5000 2369 5069 γήσεται
2400 5003 2561 5073 ὑμῖν.

2191 5094 2335 5159 Νοῦς
2359 5095 2649 5167 δεξάμενος
2677 5097 2953 5171 ἀλλότριον
2974 5099 3153 5172 νόημα
3178 5101 3208 5173 ἢ
3241 5101 3496 5174 μάθησιν,
3542 5105 3705 5174 μελει

2118 5187 2273 5255 τήσει
2297 5186 2588 5258 λογισμοὺς
2617 5188 2839 5251 κακούς·
2864 5191 2892 5242 6
2916 5188 2971 5242 δὲ
2996 5192 3239 5262 τηρήσας
3266 5192 3479 5256 ἐαυτὸν,
3509 5192 3706 5265 κληρο-

2119 5280 2343 5348 νομήσει
2368 5280 2533 5351 ςωήν-

2192 5369 2416 5440 Δεινὸνή
2441 5370 2760 5441 ἀναλγησίαο
2776 5368 2894 5426 εἶτα
2917 5375 3060 5445 ἐρεῖς
3086 5377 3419 5447 τυπτόμενος
3442 5378 3543 5449 τὴν
3570 5394 3703 5431 συν-

2118 5457 2358 5528 είδησιν,
2414 5459 2513 5512 ούκ
2562 5461 2794 5515 ἐπόνεσα
2848 5465 3129 5536 φροντίσαι
3178 5466 3286 5519 τῶν
3365 5468 3463 5537 μὲν
3515 5468 3702 5541 γερῶν

2117 5552 2321 5621 τυχεῖν,
2367 5551 2630 5622 ῥυσθῆναι
2660 5553 2719 5608 δὲ
2750 5552 2860 5607 τῶν
2907 5555 3156 5627 βασάνων
3178 5577 3191 5589 ·
3243 5557 3534 5624 ἐνέπαιξάν
3569 5577 3698 5633 μοι,

1036 5729 1079 5761 ⁸⁷
1105 5746 1153 5783 v.
1182 5729 1266 5787 lO.
1343 5732 1389 5766 ⁸⁸
1412 5750 1461 5789 v.
1495 5734 1579 5791 l6.
1657 5735 1701 5769 "
1735 5751 1782 5791 v.
1818 5735 1902 5795 l7.
1982 5738 2025 5771 ⁷ο

2145 5738 2224 5793 ξι.
2301 5738 2344 5771 ⁷⁸
2371 5755 2419 5794 v.
2450 5740 2541 5797 ει.
2619 5741 2666 5773 ⁷³
2696 5742 2854 5801 v.51.
2917 5743 2963 5775 ⁷³
2991 5743 3182 5800 Matth.
3212 5760 3307 5812 vn,
3333 5745 3386 5801 7.
3448 5744 3495 5778 ’δ
3526 5760 3575 5800 v.
3598 5744 3693 5801 δι.
