3958 6512
239 399 342 457 225

1400 395 1765 455 εχροειτιο
1804 395 1870 452 1N
1907 394 2320 453 PROVERBIA.

3374 397 3481 452 226

234 517 481 573 τουτέστι
508 518 931 590 προσωνείδισάν
963 536 1052 591 μοι
1070 533 1085 550 ο
1122 517 1233 589 ἐγὼ
1260 518 1317 573 δὲ
1342 518 1510 572 θέλων
1539 518 1642 572 οὐκ
1666 517 1815 589 ᾔδειν

1928 516 2208 574 llluserunt
2248 516 2404 585 mihi,
2450 515 2503 572 id
2555 525 2644 573 est
2692 515 2825 572 mihi
2862 514 3150 573 conViciati
3190 522 3339 571 sunt.
3369 514 3483 582 Ego

238 609 364 665 πότε
393 609 590 683 δρθρος
618 611 815 683 ψυχῆς,
844 611 937 666 καὶ⁹
960 610 1254 682 ἐπίγνωσις
1273 611 1565 683 ἁμαρτίας.

1914 621 2043 662 vero
2068 615 2259 676 sponte
2289 606 2494 665 nescivi
2527 608 2875 679 quandonam
2908 607 3209 664 diluculum
3262 606 3481 673 animae,

1914 709 1972 752 et
2005 700 2208 766 peccati
2238 699 2499 770 cognitio.

1676 785 1831 843 CAP.
1872 785 2064 844 XXIV.

313 879 376 934 '0
397 875 549 944 οἶκος
576 882 682 935 τῶν
707 882 918 953 ἀρετῶν
948 881 1087 953 μετὰ
1106 880 1256 943 θείας
1289 879 1480 950 σοφίας
1509 879 1808 951 οἰκοδομεῖ-

231 985 345 1031 ται,
383 970 480 1023 καὶ
528 970 665 1041 μετὰ
710 971 976 1035 συνέσεως
1021 971 1187 1041 φόϐου
1233 969 1369 1024 Θεοῦ
1423 969 1520 1023 καὶ
1555 968 1811 1038 γνώσεως

234 1061 577 1133 ἁνορθοῦται.

305 1154 367 1206 '0
422 1154 550 1225 περὶ
596 1153 696 1225 τὴν
733 1153 933 1218 πίστιν,
966 1155 998 1225 ἦ
1023 1173 1144 1208 τινα
1166 1154 1275 1207 τῶν
1300 1153 1511 1225 ἀρετῶν
1537 1150 1807 1220 ναυαγῶν,

231 1242 607 1313 ἀκυϐέρνητος
635 1244 772 1314 πρὸς
809 1244 1042 1316 πόλεμον
1080 1244 1188 1298 τῶν
1231 1242 1621 1314 ἀντικειμένων
1650 1241 1811 1295 δυνά-

235 1356 406 1410 μεων,
453 1338 519 1406 τῇ
572 1353 632 1389 τε
684 1336 931 1407 θεολογία
964 1336 1056 1389 καὶ
1089 1336 1211 1398 ταῖς
1241 1335 1489 1407 άρεταῑςο
1526 1335 1555 1386 ὁ
1581 1332 1637 1385 δὲ
1673 1329 1811 1403 μετὰ

229 1430 619 1503 κυϐερνήσεως
646 1426 924 1499 πολεμῶν,
960 1426 1136 1480 ἔοικεν
1170 1426 1266 1479 ἐπὶ
1304 1426 1409 1494 γῆς
1456 1424 1581 1477 νοῦν
1622 1423 1764 1494 ἔχειν
1790 1440 1805 1453 ο

231 1522 561 1592 προηγεῖται
584 1519 641 1573 δὲ
668 1519 767 1590 τῆς
792 1518 889 1571 τοῦ
911 1517 1047 1572 Θεοῦ
1075 1516 1346 1588 βοηθείας,
1373 1514 1569 1586 καρδία
1593 1512 1811 1584 βουλευ-

226 1613 382 1682 τικὴ,
422 1613 457 1681 ή
493 1611 669 1664 πάντα
697 1608 832 1680 μετά
866 1608 1059 1678 βουλῆς
1084 1604 1345 1659 ποιοῦσα·
1377 1603 1600 1657 δυνατὸν
1624 1601 1681 1655 δὲ
1714 1601 1809 1654 καλ⁸

228 1704 325 1755 ἐπὶ
344 1701 527 1772 πάσης
555 1700 755 1772 ἀρετῆς
784 1698 844 1751 τὸ
873 1697 1007 1751 αὐτὸ
1033 1695 1190 1749 τοῦτο
1220 1696 1413 1747 εἰπεῖν’
1442 1692 1557 1746 ἐστι
1584 1689 1693 1761 γάρ
1714 1689 1810 1743 καὶ

228 1793 363 1863 περὶ
404 1790 759 1863 σωφροσύνην
806 1788 1087 1856 ναυάγιον,
1134 1787 1228 1840 καὶ
1271 1786 1401 1857 περὶ
1438 1783 1692 1853 ἀγάπην,
1720 1781 1813 1835 καὶ

229 1884 625 1957 φιλαργυρίαν,
653 1883 747 1936 καὶ
771 1882 901 1953 περὶ
924 1882 1153 1934 ἕκαστον
1186 1880 1241 1933 δὲ
1276 1879 1452 1949 δόγμα
1480 1875 1681 1947 ὁμοίως
1711 1874 1813 1945 τῆς

229 1976 536 2045 mamma;
549 1974 643 2028 καὶ
659 1973 1017 2042 άποστολικῆς
1042 1970 1364 2041 Ἐκκλησίας
1388 1968 1670 2040 συμϐαίνει
1686 1983 1814 2020 ναυ-

231 2070 426 2138 άγιονο
478 2069 526 2120 εί
563 2067 621 2120 δὲ
672 2066 808 2137 μετὰ
852 2063 1233 2135 κυϐερνήσεως
1276 2062 1532 2133 πολεμεῖν
1578 2060 1659 2114 δεῖ
1700 2062 1814 2124 τοῖς

229 2157 659 2228 ἀντικειμένοις,
698 2156 976 2227 ναυμαχίᾳ
1019 2153 1401 2226 παραπλήσιος
1432 2154 1563 2223 ἡμῖν
1609 2153 1757 2205 ἐστιν
1785 2151 1814 2204 ὁ

233 2250 351 2323 βίος
376 2252 471 2303 επὶ
498 2250 596 2320 τῆς
622 2250 744 2320 γῆς·
766 2249 860 2301 ἐὰν
879 2247 989 2319 γὰρ
1018 2246 1262 2316 θέλωμεν
1283 2247 1464 2315 ἡμεῖς,
1494 2243 1814 2314 ποντίζομεν

230 2342 439 2405 αὐτοὺς
474 2341 532 2394 ὲν
562 2341 835 2410 προσευχῇ
866 2336 1112 2409 καρδίας,
1156 2335 1253 2389 καὶ
1289 2333 1499 2405 διανοίᾳ
1522 2333 1657 2404 πρὸς
1681 2332 1815 2386 Θεὸν

231 2433 628 2505 τετραμμένῃο
664 2430 759 2484 ἐὰν
781 2430 839 2483 δὲ
869 2430 941 2501 μὴ
976 2428 1239 2498 θέλωμεν,
1283 2423 1677 2495 ποπιζὸμεθα·
1718 2423 1814 2477 ἐὰν

231 2526 289 2581 δὲ
336 2526 436 2578 καί¹
481 2519 863 2591 πολεμούμεθα
901 2520 992 2572 ὑπ’
1025 2519 1271 2583 ἐκείνων,
1318 2518 1369 2570 εί
1410 2516 1505 2570 καὶ
1528 2514 1695 2579 πολὺς
1720 2516 1815 2569 καὶ

234 2611 472 2681 σφοδρὸς
494 2610 523 2661 ὁ
554 2608 786 2678 πόλεμος
808 2606 1020 2673 αὐτῶν,
1054 2606 1210 2659 οὐθέν
1235 2608 1369 2658 ἐστι’
1406 2603 1630 2676 νηστείᾳ
1658 2605 1815 2676 μόνον

231 2704 332 2757 καὶ
348 2700 649 2774 ἐγκρατείᾳ
666 2698 1088 2772 περιφράξωμεν
1105 2698 1351 2761 ἑαυτοὺς,
1370 2700 1463 2751 καὶ
1482 2698 1559 2762 ὡς
1572 2698 1815 2770 ἀράχνην

232 2796 439 2857 αὐτούς
464 2810 522 2846 τε
549 2795 643 2847 καὶ⁵
671 2792 741 2846 τὰ
753 2792 894 2846 ὅπλα
919 2790 1099 2846 αὐτῶν
1132 2790 1489 2862 συγκόψομεν·
1522 2790 1617 2845 ἐὰν
1640 2790 1694 2843 δὲ
1715 2807 1816 2844 κα-

230 2885 302 2939 τὰ
334 2887 439 2956 τὴν
464 2885 559 2938 τοῦ
591 2884 795 2957 Κυρίου
834 2884 1052 2955 φωνὴν,
1088 2886 1221 2937 ὅπου
1254 2884 1361 2937 εἰσὶ
1385 2882 1478 2937 δύο
1510 2882 1747 2954 ἢτρεῖς,
1780 2884 1815 2953 η

232 2977 459 3049 καρδία,
494 2978 523 3030 ὁ
561 2975 705 3041 νοῦς,
734 2976 884 3047 καὶὴ
924 2974 1091 3046 ψυχὴ,
1118 2976 1537 3046 συμφωνήσουσι
1568 2974 1624 3027 δὲ
1649 2976 1706 3028 ὲν
1732 2976 1817 3028 ὲν-

231 3070 418 3134 τολαῖς
438 3070 605 3124 αὐτοῦ
645 3069 1010 3143 περιέχεσθαι,
1035 3072 1064 3124 ὀ
1087 3067 1291 3141 Κύριος
1322 3066 1441 3139 μεθ’
1460 3066 1637 3138 ἡμῶν.

298 3252 496 3306 Πάντα
530 3248 639 3321 γάρ
664 3250 766 3304 ὅσα
795 3247 1020 3320 πράττει
1059 3248 1087 3300 ὁ
1121 3245 1251 3310 Θεὸς
1289 3244 1569 3307 νοοῦντες,
1596 3243 1691 3296 καὶ
1715 3242 1817 3297 ὅσα

231 3342 481 3397 διδάσκει
531 3342 885 3412 πράττοντες,
937 3340 1056 3391 κατ’
1080 3338 1231 3392 οὐδὲν
1276 3334 1675 3406 παραϐαίνουσι
1724 3334 1816 3387 τὸν

232 3433 393 3503 λόγον
422 3432 612 3488 αὐτοῦ’
648 3431 814 3485 πύλαι
841 3430 897 3483 δὲ
922 3429 1100 3499 σοφῶν
1135 3430 1190 3481 αἱ
1212 3426 1507 3499 πρακτικαί
1531 3425 1665 3478 είσιν
1690 3425 1813 3496 ἀρε-

232 3528 346 3590 ταὶ,
381 3526 480 3578 καὶ
526 3525 559 3596 ή
607 3522 700 3576 τοῦ
728 3522 819 3576 νοῦ
853 3521 1072 3592 θεωρία,
1110 3520 1177 3573 δι’
1204 3513 1279 3573 ὧν
1319 3519 1622 3590 εἰσέρχεται
1655 3516 1815 3585 σοφία

233 3617 396 3671 Θεοῦ·
436 3616 539 3671 οὐκ
573 3614 877 3669 ἐκκλίνουσι
903 3613 981 3676 δὲ,
1011 3611 1134 3666 οὔτε
1168 3610 1319 3678 δεξιὰ
1352 3608 1477 3665 οὔτε
1528 3609 1813 3682 ἀριστερὰ,

233 3711 314 3763 ὅτι
354 3706 664 3776 λογίζονται
706 3706 764 3758 ὲν
793 3702 1088 3774 συνεδρίοις
1128 3698 1267 3755 εἶναι
1299 3700 1464 3755 καλοῦ
1494 3702 1587 3754 καὶ
1613 3698 1811 3753 κακοῦ·

234 3802 331 3857 καὶ
375 3798 475 3853 τοῦ
505 3799 605 3869 μὲν
632 3796 820 3861 καλοῦ,
844 3794 1263 3861 ἀντιποιοῦνται,
1286 3794 1349 3846 τὸ
1365 3793 1421 3847 δὲ
1461 3792 1629 3847 κακὸν
1651 3808 1818 3864 προσ-

238 3891 591 3948 ακοντοῦσιν.

311 4073 447 4133 Τοῖς
479 4070 555 4142 μὴ
600 4068 844 4124 θέλουσιν
890 4069 995 4123 ὑπὸ
1038 4069 1136 4141 τὴν
1172 4066 1264 4121 τοῦ
1307 4066 1443 4121 Θεοῦ
1489 4065 1679 4136 σοφίαν
1724 4066 1819 4119 καὶ

234 4162 446 4231 γνῶσιν
488 4160 854 4231 παιδευθῆναι,
884 4160 971 4214 διὰ
994 4160 1087 4214 τοῦ
1134 4158 1423 4223 ἐνεστῶτος
1446 4158 1673 4212 θανάτου
1699 4174 1821 4209 συν-

237 4256 379 4325 αντᾷ
411 4256 440 4307 ὁ
475 4252 711 4316 αἰώνιος·
747 4254 933 4325 ἄφρων
973 4252 1030 4305 δέ
1074 4253 1221 4305 ἐστιν
1241 4253 1269 4303 ὁ
1294 4250 1612 4320 γλυκανθεὶς
1640 4249 1736 4321 μὲν
1761 4250 1819 4302 ὲν

239 4346 410 4417 σοφίᾳ
434 4344 594 4409 Θεοῦ,
630 4341 748 4398 εἶτα
775 4343 1088 4398 καταλιπὼν
1132 4343 1330 4413 αὐτὴν,
1366 4344 1434 4413 τῇ
1460 4342 1517 4395 δὲ
1541 4340 1821 4413 ἀφροσύνῃ

1985 880 2031 913 ⁷⁸
2066 880 2356 951 Sapientia:
2383 881 2577 938 domus
2605 896 2731 938 cum
2762 882 2946 938 divina
2993 883 3259 953 sapientia
3305 884 3483 940 aedifi-

1914 982 2115 1036 catur;
2165 983 2375 1029 etcum
2422 972 2704 1030 intellectu
2754 975 2964 1031 timoris
3005 976 3099 1031 Dei
3147 985 3311 1047 atque
3364 978 3485 1050 eius

1913 1062 2192 1133 agnitione
2219 1064 2464 1135 erigitur.

1984 1154 2161 1224 "Qui
2214 1155 2339 1210 ﬁdei
2385 1156 2470 1211 vel
2522 1155 2812 1225 cujuslibet
2868 1157 3086 1212 virtutis
3138 1158 3483 1230 naufragium

1913 1248 2140 1316 patitur,
2164 1249 2285 1304 sine
2308 1248 2448 1304 duce
2471 1260 2675 1319 pugnat
2705 1265 2831 1304 cum
2870 1250 3201 1306 adversariis
3235 1263 3480 1320 potesta-

1913 1341 2078 1405 tibus,
2119 1339 2172 1395 id
2204 1349 2288 1396 est
2321 1341 2437 1395 sine
2468 1341 2740 1411 theologia
2768 1351 2822 1395 et
2853 1343 3146 1397 virtutibus
3172 1360 3187 1398 :
3218 1344 3309 1412 qui
3350 1359 3481 1401 vero

1910 1429 2012 1487 sub
2077 1430 2343 1501 regimine
2406 1440 2627 1501 pugnat,
2702 1432 2919 1486 videtur
2973 1443 3209 1488 mentem
3260 1434 3313 1488 in
3378 1435 3481 1490 hoc

1912 1522 2113 1576 mundo
2148 1521 2365 1576 habere.
2399 1519 2566 1576 Prosit
2592 1531 2770 1578 autem
2802 1524 2988 1578 divino
3025 1524 3235 1580 auxilio
3263 1540 3361 1579 cor
3385 1526 3481 1581 de-

1915 1613 2175 1677 liberatis,
2201 1613 2346 1683 quod
2399 1614 2535 1669 nihil
2569 1615 2688 1670 sine
2725 1615 2957 1671 consilio
2992 1617 3124 1687 agit.
3154 1616 3316 1687 quue
3341 1619 3481 1672 adeo

1916 1708 1985 1762 de
2027 1706 2272 1776 qualibet
2305 1707 2509 1763 virtute
2561 1707 2672 1763 dici
2720 1717 2917 1778 potest.
2975 1709 3067 1765 Est
3113 1710 3277 1765 etiam
3332 1711 3479 1766 circa

1918 1794 2333 1866 temperantiam
2371 1796 2735 1867 naufragium,
2774 1806 2830 1853 et
2858 1798 3009 1853 circa
3049 1798 3398 1863 charitatcm,
3427 1810 3485 1854 et

1914 1897 2137 1959 propter
2174 1886 2422 1958 pecunia:
2450 1901 2714 1952 amorem,
2753 1896 2808 1944 et
2844 1890 2990 1943 circa
3020 1890 3233 1958 singula
3277 1891 3488 1959 pariter

1914 1981 2167 2050 dogmata
2213 1979 2495 2034 catholica:
2524 1988 2581 2034 et
2609 1976 2925 2050 apostolicae
2964 1980 3225 2036 Ecclesia:
3268 1983 3484 2037 contin-

1913 2073 1992 2144 git
2022 2071 2388 2144 naufragium.
2424 2072 2481 2127 Si
2512 2087 2643 2142 ergo
2673 2088 2781 2128 non
2801 2073 2918 2127 sine
2943 2073 3209 2142 regimine
3239 2088 3485 2144 pugnare

1914 2176 2133 2236 oportet
2169 2182 2296 2221 cum
2337 2166 2691 2229 adversariis,
2732 2166 2843 2220 vita
2877 2175 3064 2222 nostra
3104 2168 3157 2223 in
3203 2176 3349 2223 terra
3384 2182 3488 2236 pu-

1913 2274 2033 2329 gna:
2063 2257 2245 2313 navali
2272 2256 2470 2313 similis
2506 2266 2612 2312 est.
2644 2257 2780 2311 Nam
2803 2258 2848 2312 si
2880 2271 2979 2313 nos
3010 2258 3366 2322 voluerimus,
3391 2258 3487 2313 de-

1917 2363 2226 2419 mergemus
2274 2348 2628 2403 adversarios
2674 2350 2925 2404 oratione
2966 2349 3172 2414 cordis,
3211 2359 3267 2403 et
3303 2358 3486 2403 mente

1916 2438 1983 2491 ad
2011 2438 2176 2493 Deum
2210 2452 2500 2493 conversa.
2529 2437 2587 2493 Si
2625 2452 2751 2492 vero
2786 2439 3142 2505 uoluerimus,
3170 2454 3271 2494 nos
3300 2440 3487 2510 utique

1920 2536 2318 2601 demergemur.
2347 2531 2416 2585 Et
2442 2531 2487 2586 si
2509 2533 2576 2585 ab
2608 2529 2715 2585 illis
2742 2544 3135 2601 oppugnemur,
3184 2541 3483 2601 quantum-

1915 2622 2049 2677 libet
2090 2623 2345 2676 diuturna
2382 2620 2635 2691 aerisque
2678 2635 2857 2690 pugna
2904 2621 3000 2683 sit,
3036 2619 3173 2675 nihil
3232 2621 3484 2676 interest.

1915 2715 2128 2788 Jejunio
2160 2723 2370 2769 tantum
2406 2722 2463 2768 et
2492 2721 2743 2768 oratione
2770 2720 2985 2769 nosmet
3026 2712 3484 2777 communiamus,

1917 2818 1972 2863 et
2020 2818 2280 2877 tanquam
2323 2806 2514 2861 aranei
2566 2805 2729 2860 telam
2767 2804 2914 2874 ipsos
2966 2813 3023 2860 et
3076 2819 3267 2860 eorum
3333 2819 3486 2861 arma

1916 2900 2291 2956 concidemus.
2336 2898 2489 2965 Quod
2520 2899 2565 2953 si
2594 2897 2894 2954 secundum
2936 2896 3150 2952 Domini
3179 2896 3385 2951 dictum
3416 2894 3486 2960 ",

1918 2990 2115 3045 alicubi
2156 2990 2266 3045 sint
2289 2989 2396 3043 duo
2427 2988 2512 3043 vel
2553 2999 2690 3054 tres,
2746 3003 2844 3043 cor
2882 2988 3165 3051 nimirum,
3214 3001 3391 3053 mens,
3430 2996 3489 3042 et

1838 3104 1887 3167 ρ
1918 3083 2124 3148 anima,
2150 3082 2199 3136 si
2232 3080 2394 3135 modo
2423 3080 2805 3136 consenserint
2832 3082 2977 3135 intra
3016 3078 3160 3134 illius
3188 3087 3491 3148 pracepto-

1922 3191 2040 3231 rum
2074 3175 2209 3230 llnes
2236 3174 2561 3237 consistere,
2594 3173 2859 3228 Dominus
2897 3170 3183 3227 nobiscum
3221 3181 3325 3226 est.

1992 3266 2039 3297 "
2072 3263 2173 3331 Qui
2214 3272 2412 3319 cuncta
2444 3277 2566 3331 quia
2601 3262 2743 3318 Deus
2775 3261 2908 3317 facit
2963 3262 3229 3329 cogitant,
3270 3270 3327 3315 et
3371 3274 3492 3329 qua:

1922 3350 2082 3407 docet
2118 3349 2348 3414 faciunt,
2377 3347 2689 3405 nullatenus
2709 3349 3019 3406 doctrinam
3046 3347 3165 3417 ejus
3207 3356 3490 3419 transgre-

1922 3442 2165 3498 diuntur.
2206 3438 2381 3494 Porta:
2411 3452 2544 3494 vero
2570 3440 2898 3507 sapientium
2932 3449 3059 3494 sunt
3094 3439 3348 3508 practica:
3375 3439 3491 3493 vir-

1922 3542 2088 3599 tutes,
2113 3540 2168 3586 et
2193 3528 2392 3584 mentis
2414 3530 2828 3600 contemplatio,
2870 3545 2967 3600 per
2998 3545 3136 3600 quas
3186 3529 3489 3603 ingreditur

1921 3624 2187 3695 sapientia
2219 3625 2335 3681 Dei.
2372 3623 2527 3681 Haud
2558 3636 2723 3692 porro
2753 3621 3028 3677 declinant
3077 3622 3193 3676 sive
3237 3621 3493 3675 dextror-

1921 3733 2042 3772 sum
2073 3717 2188 3772 sive
2223 3717 2628 3776 siuistrorsum.
2657 3716 2787 3786 quia
2834 3728 2894 3769 se
2944 3720 3199 3783 reputant
3239 3712 3389 3768 velut
3436 3713 3490 3766 in

1925 3809 2289 3866 tribunalibus
2322 3809 2558 3873 versari,
2590 3808 2680 3863 ubi
2714 3806 2780 3862 de
2802 3816 2954 3861 recto
2976 3816 3031 3861 et
3065 3820 3237 3873 pravo
3272 3813 3494 3861 conten-

1923 3902 2095 3958 ditur.
2126 3901 2193 3957 Et
2221 3910 2426 3957 rectum
2469 3900 2688 3972 quidem
2742 3908 2982 3964 tuentur,
3031 3911 3261 3968 pravum
3307 3905 3494 3953 autem

1926 3993 2218 4063 repellunt.

1995 4084 2042 4115 '°
2079 4083 2148 4139 lis
2177 4082 2269 4153 qui
2319 4081 2513 4137 nolunt
2563 4080 2664 4137 sub
2699 4080 2795 4136 Dei
2835 4080 3106 4150 sapientia
3153 4078 3496 4147 scientiaque

1925 4174 2154 4241 erudiri,
2202 4189 2305 4244 per
2356 4174 2695 4243 ingruentem
2727 4184 2958 4228 mortem
2992 4172 3208 4227 obviam
3239 4170 3300 4225 lit
3336 4180 3498 4226 aeter-

1930 4282 2033 4322 nus
2071 4266 2230 4322 Deus.
2259 4266 2469 4321 Excors
2497 4272 2603 4330 est,
2649 4264 2764 4334 qui,
2800 4272 3015 4334 gustata
3052 4261 3322 4331 sapientia
3375 4261 3496 4326 Dei,

1929 4361 2124 4417 deinde
2152 4360 2257 4416 hac
2289 4359 2516 4424 omissa,
2548 4358 2796 4413 stultitim
2820 4356 3063 4412 adhaeret
3096 4372 3113 4411 :
3149 4368 3323 4426 quare
3354 4363 3408 4407 et
3442 4354 3497 4408 in

240 4436 465 4502 συνάξει
487 4452 502 4467 ’
537 4434 618 4488 διὸ
644 4434 737 4488 καὶ
766 4434 1128 4489 συναπέθανεν
1160 4436 1281 4497 ταῖς
1316 4432 1640 4504 άμαρτίαις³
1683 4433 1732 4485 εί
1764 4432 1816 4485 δὲ

1928 4453 2169 4523 peccatis
2200 4451 2454 4507 moritur.
2478 4449 2633 4518 Quod
2678 4448 2724 4503 si
2773 4450 3031 4502 virtutem
3060 4445 3300 4517 nequitia
3327 4440 3501 4500 deini-
3562 4474 3571 4483 ο

236 4524 448 4598 ἀρετὴν
476 4523 692 4595 ἡκακία
717 4527 877 4594 μειοῖ,
894 4526 989 4579 καὶ
1007 4524 1105 4596 τὴν
1125 4522 1320 4578 κακίαν
1338 4523 1575 4596 δηλονότι
1597 4524 1630 4595 ἡ
1655 4522 1823 4595 ἁρετὴ

235 4615 567 4687 διαφθείρει’
596 4613 753 4669 τοῦτο
780 4614 835 4669 δὲ
862 4617 1151 4688 γενήσεται
1193 4618 1250 4668 ὲν
1271 4614 1350 4685 τῷ
1377 4613 1620 4686 μέλλοντι
1642 4613 1820 4678 αίῶνι,

236 4709 346 4773 ἕως
379 4709 448 4762 ἂν
483 4708 679 4779 ἐκλίπῃ
704 4710 738 4780 ἡ
762 4709 948 4762 κακίω
975 4708 1034 4761 τὸ
1057 4708 1165 4777 γάρ
1190 4706 1673 4779 ὲμμολυνθήσεται,
1702 4706 1825 4760 ἀντὶ

235 4801 360 4863 τοῦ,
385 4800 838 4873 διαφθαρήσεται·
856 4798 1224 4872 διαφθείρεται
1240 4799 1295 4853 δὲ
1311 4799 1345 4869 ἡ
1361 4799 1687 4872 ἀκαθαρσία,
1704 4798 1821 4870 ἦτοι

238 4895 353 4949 ὑπὸ
378 4892 715 4964 πρακτικῆς,
744 4892 778 4963 ἢ
803 4892 907 4946 ὑπὸ
938 4891 1190 4964 δριμείας
1219 4890 1514 4956 κολάσεως.

314 4998 603 5071 Χρηστέον
618 4998 791 5067 τούτῳ
813 4997 891 5069 τῷ
917 4995 1064 5069 ρητῷ
1084 4995 1221 5068 πρὸς
1242 4996 1366 5060 τοὺς
1390 4996 1824 5063 καταξιωθέντας

239 5088 398 5149 θείας
437 5087 730 5157 γνώσεως,
775 5087 864 5140 ἵνα
918 5086 992 5157 μὴ
1036 5084 1277 5157 ἀμελῶσι
1317 5085 1417 5155 τῆς
1458 5084 1821 5153 διδασκαλίας,

239 5180 460 5233 τωλλῶν
502 5178 865 5249 ἀπαγομένων
909 5179 1014 5231 ὑπὸ
1057 5178 1156 5250 τῆς
1196 5179 1393 5243 κακίας
1437 5180 1517 5242 εἰς
1559 5178 1782 5233 θάνατον
1806 5196 1819 5209 ο

237 5274 373 5335 τοὺς
400 5271 459 5325 δὲ
486 5271 865 5340 κτεινομένους
890 5270 951 5335 ἐξ
972 5270 1211 5336 άκακῐας
1238 5273 1317 5335 είς
1347 5270 1592 5335 θάνατον,
1613 5272 1687 5344 μὴ
1708 5273 1827 5341 φεί-

242 5379 316 5434 an
353 5363 615 5435 πρίασθαι
639 5362 716 5433 τῷ
758 5362 873 5433 ἰδίῳ
904 5362 1376 5435 αἵματι-ἐκπριοῦ
1404 5364 1615 5433 (16)δὲ,
1651 5363 1828 5428 διδοὺς

240 5454 509 5524 χρήματα
549 5452 583 5523 ἢ
630 5452 788 5520 λόγον
827 5451 1101 5522 ὠφέλιμον
1125 5492 1141 5516 ,
1173 5451 1265 5505 ἐὰν
1301 5453 1359 5506 δὲ
1401 5452 1559 5527 εἴπῃς
1584 5454 1683 5507 οὐκ
1709 5448 1828 5507 οἶδα

241 5543 464 5606 τοῦτον,
504 5542 715 5612 ἐλέγξει
750 5560 807 5596 σε
831 5543 1177 5614 ψευδόμενον,
1204 5544 1297 5597 καὶ
1323 5543 1421 5617 ἔσῃ
1447 5544 1627 5614 ἔνοχος
1652 5544 1826 5608 δυσὶν,

243 5636 418 5706 ἤγουν
451 5635 644 5706 ψεύδει
665 5637 759 5689 καὶ
783 5635 927 5705 φόνῳ
950 5653 963 5666 ο
1008 5638 1036 5688 ὁ
1064 5635 1173 5707 γὰρ
1206 5636 1415 5697 πλάσας
1448 5636 1635 5706 πνοὴν,
1664 5634 1827 5701 αὐτὸς

627 5752 672 5785 ⁷⁷
704 5767 755 5806 v.
791 5752 845 5809 6.
924 5755 975 5787 ’⁸
993 5754 1185 5810 Matth.
1219 5770 1378 5821 xviii,
1417 5755 1507 5813 20.

326 5840 439 5916 (l6)
483 5842 790 5912 Ἐκπριοῦ.
824 5844 986 5901 Forte
1018 5847 1245 5919 ἐκπρίω.
1283 5847 1443 5903 Ευιτ.
1494 5852 1720 5905 ΡΑτιιοι..

328 5750 378 5782 ⁷³
409 5768 462 5805 ν.
491 5754 546 5807 5.

1928 4546 2070 4611 nuit,
2106 4544 2349 4616 profecto
2382 4542 2677 4614 nequitiam
2701 4556 2922 4612 quoque
2958 4542 3080 4597 vice
3118 4554 3275 4595 versa
3324 4540 3499 4595 virtus

1927 4637 2179 4707 dissipat.
2213 4634 2328 4692 Hoc
2368 4645 2551 4691 autem
2591 4634 2687 4689 fiet
2713 4633 2769 4689 in
2804 4633 2985 4689 futuro
3018 4630 3243 4696 saculo,
3263 4647 3377 4702 quo
3401 4646 3499 4686 ne-

1926 4729 2111 4794 quitia:
2152 4728 2282 4784 linis
2329 4727 2660 4799 imponetur.
2725 4729 2770 4761 ⁸⁸
2817 4724 3063 4794 Namque
3120 4724 3497 4794 inquinabitur

1925 4819 2062 4875 dixit
2090 4834 2189 4890 pro
2227 4818 2611 4889 dissipabitur.
2651 4817 2957 4886 Dissipatur
2981 4830 3113 4871 vero
3150 4814 3493 4869 immunditia

1928 4911 2015 4968 vel
2039 4912 2279 4982 practica
2307 4912 2527 4977 virtute,
2560 4910 2646 4967 vel
2674 4910 2873 4966 acerba
2906 4907 3211 4976 punitione.

1997 5004 2043 5035 δ’
2070 5001 2343 5059 Utendum
2368 5010 2453 5056 est
2488 5001 2594 5056 hoc
2645 5001 2793 5057 dicto
2825 5000 3090 5055 adversus
3119 5012 3214 5062 eos
3250 4997 3342 5067 qui
3372 5003 3500 5052 sunt

1930 5093 2110 5164 adepti
2150 5093 2347 5147 divina:
2391 5092 2639 5148 scientia:
2671 5091 3015 5157 beneﬁcium,
3064 5089 3357 5161 quominus
3383 5102 3501 5142 sus-

1932 5195 2149 5258 ceptam
2181 5185 2485 5242 doctrinam
2535 5185 2835 5256 negligant,
2859 5183 3118 5251 quoniam
3154 5181 3305 5236 multi
3331 5195 3361 5233 a
3390 5195 3502 5233 ma-

1932 5277 2047 5333 litia
2076 5278 2129 5332 in
2167 5287 2401 5333 mortem
2445 5276 2709 5348 pertractl
2755 5276 2995 5331 fuerunt.
3039 5274 3110 5327 At
3138 5272 3257 5327 illos
3282 5271 3376 5341 qui
3418 5270 3504 5324 in-

1935 5378 2124 5424 sontes
2153 5368 2221 5423 ad
2250 5382 2439 5422 necem
2471 5368 2767 5431 ducuntur,
2797 5380 2863 5419 ne
2888 5378 3086 5418 renuas
3113 5361 3335 5432 proprio
3375 5374 3504 5414 sau-

1933 5456 2098 5527 guine
2148 5456 2455 5510 redimere:
2485 5455 2695 5509 redime
2742 5455 2934 5510 saltem
2976 5453 3099 5508 data
3134 5450 3382 5522 pecunia,
3414 5447 3498 5503 vel

1933 5544 2051 5602 utili
2101 5546 2394 5600 verborum
2440 5545 2768 5615 patrocinio.
2821 5543 2974 5612 Quod
3023 5543 3068 5599 si
3116 5540 3346 5604 dixeris,
3381 5540 3499 5596 Non

1934 5638 2057 5693 novi
2093 5639 2259 5703 hunc,
2296 5638 2546 5708 argueris
2583 5637 2852 5693 mendacii
2888 5654 2905 5705 ;
2950 5636 3167 5707 erisque
3207 5630 3501 5704 dupliciter

1591 5757 1637 5790 "
1672 5772 1725 5811 ι’.
1764 5758 1816 5814 7.
1891 5758 1939 5791 “
1962 5756 2088 5814 v.8.
2166 5758 2211 5791 “
2257 5773 2310 5815 ι’.
2351 5758 2405 5814 9.
2473 5759 2518 5792 “
2572 5757 2752 5814 v.11.
