3958 6550
506 371 614 428 9.27
1397 372 1963 436 SUPPLEMENTUM
2001 376 2093 432 AD
2119 375 2460 434 ORIGENIS
2498 377 2918 439 EXEGETICA.
3657 391 3763 448 2‘38

502 508 640 549 reus
671 500 724 548 et
747 491 814 548 de
837 491 978 548 falso
997 500 1058 546 et
1089 490 1504 548 de'homicidio.
1536 492 1666 554 Nam
1697 495 1790 566 qui
1818 495 1948 552 fecit
1971 497 2065 565 spi'

2197 492 2294 552 >ἷδε
2322 498 2499 553 πάντα
2535 500 2636 553 ὅσα
2676 501 2999 556 ἀποδίδωσιν
3043 502 3259 576 ἑκάστῳ
3296 505 3441 562 κατά
3476 506 3540 563 τὸ
3581 511 3760 564 ποιόν·

504 585 699 651 ritum,
732 585 778 638 is
816 584 968 638 novit
997 583 1207 653 singula
1240 597 1362 652 quae
1394 583 1626 652 singulis
1651 587 1822 648 dedit,
1857 603 1958 656 pro
1984 604 2067 644 cu.-

2198 588 2388 657 ἀγαθὸν
2411 589 2622 661 ἀγαθῷ,
2652 592 2746 645 καὶ
2771 591 2993 664 πονηρῷ
3016 595 3230 666 πονηρά
3252 613 3267 626 ο
3299 596 3380 650 ὃτι
3407 597 3516 669 γὰρ
3543 600 3605 652 οὐ
3632 601 3761 654 κατά

504 676 703 745 jusque
747 675 1032 744 qualitate,
1063 675 1269 729 bonum
1319 674 1482 744 bono,
1545 679 1687 734 malo
1740 681 1904 736 mala.
1948 681 2067 736 Nan

2199 682 2246 734 rb
2286 683 2454 736 ποσὸν
2476 724 2490 748 ,
2524 683 2683 755 δῆλον
2709 702 2722 716 ο
2757 687 2840 741 Οὐ
2877 685 2986 755 γὰρ
3031 685 3172 752 ἄξια
3212 689 3284 743 τὰ
3323 690 3641 761 παθήματα
3665 694 3762 748 τοῦ

507 769 652 836 quod
693 783 798 822 non
827 766 1127 821 secundum
1158 767 1524 836 quantitatem
1567 769 1830 840 cujusque
1861 772 1970 839 det,
1998 787 2070 842 pa!

2200 771 2304 827 νῦν
2329 773 2537 841 καιροῦ
2563 774 2716 845 πρὸς
2744 775 2860 845 τὴν
2877 777 3238 848 μέλλουσαν
3265 780 3454 847 δόξαν
3473 800 3489 815 ο
3518 786 3567 839 εί
3599 786 3654 839 δὲ
3677 787 3763 842 καὶ

505 870 586 916 tet
614 879 630 916 :
661 861 783 915 Non
817 861 955 915 enim
987 871 1108 916 sunt
1139 863 1420 933 condigna:
1447 867 1724 934 passiones
1749 867 1912 938 hujus
1947 876 2068 923 tem-

2198 863 2280 918 ὲπὶ
2319 864 2488 918 ποσοῦ
2530 883 2616 930 τις
2657 867 2907 922 ἐκλαϐεῖν
2945 869 3154 938 ἐθέλοι,
3207 875 3330 927 κατ’
3356 875 3648 946 ἀναλογίαν
3672 878 3761 949 τῆς

501 957 645 1024 poris
673 955 744 1009 ad
776 955 1012 1025 futuram
1053 955 1282 1026 gloriam
1309 957 1377 1012 δῖ.
1408 957 1563 1024 Quod
1613 960 1660 1014 si
1707 961 1831 1030 quis
1883 976 2064 1017 secun-

2200 957 2415 1011 ἰκάστου
2465 957 2748 1030 δυνάμεως
2793 962 2893 1034 τὴν
2939 964 3288 1018 ἀνταπόδοσιν
3318 967 3545 1021 οἰέσθω·
3573 969 3650 1033 ὡς
3676 972 3763 1024 καὶ

501 1048 632 1101 dum
683 1048 1048 1116 quantitatem
1103 1047 1408 1114 intelligere
1451 1051 1625 1117 malit,
1677 1068 1775 1121 pro
1829 1055 2064 1124 portiont

2199 1049 2250 1102 ιά
2301 1049 2395 1102 τοῦ
2443 1050 2759 1122 Πνεύματος
2807 1055 3122 1126 χαρίσματα
3171 1059 3295 1111 κατ’
3337 1059 3630 1129 ἀναλογίαν
3668 1061 3762 1134 τῆς

501 1140 700 1193 virium
731 1137 998 1210 cujusque
1033 1140 1449 1197 retributionem
1485 1144 1598 1198 fieri
1632 1145 1912 1200 existimet
1945 1163 1958 1200 :
2002 1147 2064 1202 si-

1121 1140 1449 1197 ributionem
1485 1144 1598 1198 fieri
1632 1145 1912 1200 existimet
1945 1163 1958 1200 :
2002 1147 2084 1202 si--
2183 1140 2430 1206 πίστεως
2457 1143 2677 1198 δίδοται-

500 1243 595 1286 cut
619 1232 786 1287 etiam
830 1230 1068 1303 Spiritus
1090 1232 1430 1289 charismata
1463 1250 1564 1305 pro
1603 1235 1730 1292 fidei
1760 1247 1880 1292 rata
1927 1248 2082 1308 parte

500 1325 724 1379 dantur.

573 1415 622 1448 “
642 1415 745 1469 Mel
771 1416 1044 1483 comedit,
1081 1416 1173 1488 qui
1214 1432 1244 1472 a
1269 1417 1470 1474 divinis
1492 1419 1794 1492 Scripturis
1833 1423 2076 1493 juvatur.

2264 1409 2462 1464 Ἐσθίει
2491 1411 2613 1483 μέλι
2653 1413 2681 1468 ὀ
2709 1413 2817 1468 ἀπὸ
2848 1413 2957 1469 τῶν
2994 1415 3157 1470 θείων
3191 1418 3424 1490 Γραφῶν
3453 1419 3762 1494 ὠφελούμε-

498 1513 609 1580 Qui
641 1523 824 1569 autem
869 1514 938 1568 ab
960 1513 1095 1582 ipsis
1133 1514 1384 1568 extundit
1411 1514 1574 1571 factis
1601 1518 1904 1582 doctrinas,
1933 1521 2061 1574 undt

2198 1520 2271 1566 ρος
2293 1522 2306 1534 ’
2339 1506 2368 1556 ὁ
2393 1504 2451 1558 δὲ
2477 1505 2573 1559 ἀπ’
2599 1506 2781 1561 αὐτῶν
2823 1507 3103 1564 ἐκϐάλλων
3133 1509 3244 1564 τῶν
3273 1515 3617 1584 πραγμάτων
3641 1518 3761 1581 τοὺς

501 1604 805 1661 hauserunt
843 1606 1020 1661 sancti
1064 1606 1345 1676 prophetat
1378 1616 1439 1662 et
1491 1609 1722 1679 apostoli
1767 1611 1958 1680 agendi
2025 1624 2064 1666 et

2199 1597 2393 1665 ιόγους,
2426 1597 2519 1667 ἀφ’
2542 1590 2617 1651 ὧν
2647 1599 2932 1671 εἰλήφασιν
2959 1601 3104 1670 ἀγιοι
3129 1605 3409 1676 προφῆται
3435 1606 3528 1658 καί
3554 1607 3605 1658 oi
3631 1608 3762 1661 ἀπό-

499 1697 729 1752 docendi
786 1698 1079 1765 rationem,
1145 1699 1237 1753 hic
1298 1697 1482 1752 favum
1532 1701 1789 1755 comedit.
1847 1701 1916 1755 Et
1971 1717 2058 1757 me

2199 1686 2356 1740 ιτολοι
2379 1728 2394 1752 ,
2427 1689 2485 1742 ὲν
2521 1688 2599 1760 τῷ
2637 1692 2810 1743 ποιεῖν
2850 1707 2909 1744 τε
2951 1693 3046 1746 καὶ
3080 1691 3352 1747 διδάσκειν
3375 1733 3392 1761 ,
3433 1694 3639 1767 τρώγει
3666 1713 3762 1769 κηο

498 1789 717 1857 quidem
757 1787 1048 1842 comedere
1088 1788 1289 1857 cuique
1318 1787 1525 1842 volenti
1565 1801 1829 1859 praestat;
1865 1793 1958 1847 sed
1983 1792 2061 1847 fa-

2198 1779 2296 1834 siov
2320 1799 2332 1813 '
2375 1782 2469 1836 καὶ
2497 1784 2560 1836 τὸ
2605 1785 2702 1856 μὲν
2737 1784 2860 1856 μέλι
2889 1790 3082 1856 φαγεῖν
3101 1827 3117 1853 ,
3150 1786 3244 1840 τοῦ
3271 1787 3596 1860 βουλομένου
3626 1807 3761 1845 παν-

497 1853 647 1944 vum,
683 1880 898 1934 nonnisi
927 1880 1164 1935 mundus
1187 1881 1352 1936 homo
1382 1890 1580 1949 potest.
1617 1883 1712 1937 Vel
1743 1883 1846 1938 mel
1887 1885 2060 1940 dicen-

2196 1873 2268 1936 τός
2291 1889 2304 1904 °
2339 1875 2401 1928 τὸ
2434 1876 2490 1930 δὲ
2519 1853 2749 1949 κηρίονξ
2801 1853 2964 1949 μόνου
2980 1853 3089 1932 τοῦ
3117 1853 3360 1952 καθαροῦ
3382 1897 3395 1910 ·
3433 1853 3475 1952 *ἦ
3511 1883 3606 1935 καὶ
3643 1881 3759 1953 μέλι

499 1971 627 2024 dum
661 1980 744 2024 est
765 1969 1088 2039 allegoriam
1115 1986 1274 2038 esse;
1310 1973 1492 2028 favum
1529 1983 1732 2040 autem,
1765 1989 1888 2030 eam
1912 1991 2062 2045 quan

2194 1965 2368 2035 δητέον
2404 1965 2502 2038 τὴν
2534 1967 2864 2039 ἀλληγορίαν
2887 1987 2900 2000 ·
2946 1970 3136 2043 κηρίον
3173 1971 3260 2036 δὲ,
3299 1973 3397 2043 τὴν
3439 1974 3612 2044 ῥητὴν
3642 1974 3757 2028 ἐπί-

498 2061 730 2116 dirimus
761 2061 1188 2130 speculationem
1229 2068 1287 2116 et
1329 2063 1761 2134 indagationem,
1801 2080 1924 2134 quae
1973 2067 2061 2121 ha-

2192 2053 2368 2124 ςκεψιν
2395 2055 2490 2108 καὶ
2523 2057 2762 2127 ἱστορίαν
2785 2098 2800 2122 ,
2833 2059 2968 2131 πρὸς
3007 2059 3068 2113 τὸ
3102 2060 3248 2130 ἔχειν
3285 2061 3378 2114 τὸν
3406 2062 3755 2134 ἀποκεκρυμ-

484 2151 628 2207 bent
655 2153 1046 2208 abstrusiorem
1075 2168 1292 2209 sensum
1333 2163 1389 2210 et
1433 2155 1848 2226 profundiorem
1875 2174 1894 2212 :
1930 2157 2047 2213 ines

2192 2147 2336 2200 ιένον
2377 2146 2501 2201 νοῦν
2547 2148 2642 2202 καὶ
2687 2149 3023 2224 βαθύτερον,
3076 2153 3252 2207 ἔνεστι
3299 2152 3407 2225 γὰρ
3455 2154 3533 2225 τῷ
3583 2158 3755 2228 κηρίῳ

497 2246 642 2299 enim
677 2245 803 2300 favo
832 2246 958 2300 met.
995 2244 1196 2302 Guttur
1249 2247 1384 2302 dicit
1418 2247 1843 2314 {alimentariam
1875 2251 2060 2306 anima

2193 2237 2299 2291 ιέλι
2321 2255 2336 2270 ο
2367 2240 2625 2312 φάρυγγα
2649 2241 2706 2296 δὲ
2731 2242 2830 2314 τὴν
2847 2243 3147 2317 θρεπτικὴν
3177 2247 3276 2317 τῆς
3304 2245 3483 2316 ψυχῆς
3506 2246 3756 2318 δύναμιν,

483 2334 835 2404 facultatem,
868 2337 918 2390 vi
953 2335 1110 2404 cujus
1145 2337 1252 2392 cibi
1285 2337 1338 2391 in
1369 2345 1615 2392 ventrem
1655 2337 1972 2394 mittuntur.
2013 2341 2046 2397 ε

2193 2335 2239 2386 it’
2261 2328 2329 2405 ἧς
2357 2335 2413 2386 αἰ
2434 2335 2632 2404 τροφαὶ
2663 2336 3127 2408 παραπέμπονται
3149 2341 3230 2402 εἰς
3253 2337 3352 2409 τὴν
3380 2339 3592 2394 κοιλίαν
3616 2359 3629 2371 °
3664 2342 3756 2402 ὲάν

495 2442 628 2496 ergo
675 2427 788 2482 bare
835 2438 984 2484 recte
1027 2429 1397 2496 constitueris,
1451 2439 1508 2483 et
1554 2445 1676 2500 qua:
1717 2431 1786 2485 ad
1829 2442 2058 2488 menterr

2192 2421 2264 2478 νῦν
2289 2423 2460 2478 ταῦτα
2495 2426 2846 2500 κατορθώσῃς
2867 2467 2882 2493 ,
2921 2428 2991 2482 τά
3018 2445 3078 2480 τε
3107 2427 3248 2482 κατὰ
3270 2428 3526 2494 διάνοιαν,
3562 2431 3657 2484 καὶ
3688 2432 3755 2486 τά

495 2521 775 2588 pertinent
808 2530 862 2574 et
893 2533 1014 2588 quae
1063 2520 1132 2573 ad
1186 2519 1614 2588 indagationem,
1647 2530 1830 2576 .erunt
1864 2522 1959 2576 tibi
2005 2537 2058 2578 e1

2193 2515 2291 2569 ιαθ’
2323 2515 2559 2588 ἱστορίαν
2578 2556 2593 2581 ,
2626 2517 2848 2572 ἔσονταί
2878 2535 2960 2572 σοι
2986 2519 3234 2590 αἰσθήσει
3258 2519 3359 2590 τῆς
3400 2521 3592 2591 σοφίας
3619 2524 3756 2578 αὐτά

483 2610 779 2678 sapientiae
828 2625 994 2665 sensu
1043 2611 1311 2679 sapientia
1361 2615 1475 2681 ipsa
1525 2613 1800 2683 dogmata.
1852 2612 1989 2670 Nam
2025 2631 2046 2671 ε

2190 2607 2239 2661 τά
2281 2608 2424 2678 σοφά
2451 2609 2730 2679 δόγματα”
2776 2609 2871 2662 ὲάν
2907 2609 3016 2682 γὰρ
3047 2609 3216 2682 εὕρῃς
3259 2610 3350 2664 τὸν
3389 2612 3753 2684 πνευματικὸν

496 2705 778 2758 inveneris
805 2703 1106 2774 spiritalem
1153 2706 1454 2775 Scripturae
1497 2721 1744 2772 sensum,
1786 2705 1929 2761 bona
1973 2707 2059 2761 tibi

2190 2700 2271 2770 τῆς
2291 2701 2514 2772 Γραφῆς
2533 2702 2676 2766 νοῦν,
2697 2701 2850 2755 ἔσται
2871 2701 3008 2772 καλὴ
3030 2705 3064 2774 ή
3085 2702 3309 2774 τελευτή
3335 2721 3451 2767 σου,
3469 2703 3546 2767 ὡς
3564 2704 3753 2776 λεχθῆ·

493 2799 772 2865 contiuget
801 2797 1271 2863 mors,~utdicas:
1303 2794 1549 2851 Pretiosa
1575 2799 1630 2852 in
1658 2809 1937 2867 conspectu
1964 2797 2056 2852 Do-

2192 2811 2258 2846 lat
2274 2809 2292 2822 ο
2325 2794 2521 2862 Τίμιος
2539 2793 2820 2848 ἐναντιον
2836 2795 3060 2863 Κυρίου
3082 2797 3115 2848 ό
3135 2794 3393 2863 θάνατος
3425 2795 3544 2848 τῶν
3573 2799 3755 2851 ὁσίων

474 2889 623 2942 σηιίηί
676 2905 819 2943 more
861 2899 1165 2945 sanctorum
1211 2893 1327 2962 ejus
1357 2890 1438 2946 -“.
1471 2889 1586 2946 Nec
1615 2906 1747 2947 vero
1778 2891 1846 2947 de
1871 2889 2037 2947 futuri

2164 2887 2357 2942 αὑτοῦ
2380 2904 2395 2920 ο
2424 2887 2524 2940 οὐκ
2549 2885 2842 2952 ἀποϐαλεῖς
2868 2887 2926 2941 δὲ
2956 2888 3056 2958 τὴν
3085 2891 3166 2953 εἰς
3194 2889 3256 2942 τὸ
3286 2887 3478 2960 μέλλον
3507 2888 3716 2942 ἐλπίδα.

473 2993 641 3050 spem
683 2980 928 3052 abjicies.

562 3072 610 3104 “
637 3071 714 3128 Ne
755 3073 1019 3144 prmferas
1050 3075 1328 3130 diabolum
1382 3077 1613 3146 justitite
1658 3075 1777 3144 Dei,
1811 3091 1916 3146 qua
1944 3089 2071 3130 san-

2241 3067 2333 3141 Μὴ
2351 3068 2693 3140 προτιμήσῃς
2709 3068 2802 3122 τὸν
2822 3067 3065 3122 διάϐολον
3087 3067 3187 3139 τῆς
3207 3067 3302 3122 τοῦ
3322 3068 3455 3122 Θεοῦ
3479 3070 3753 3130 δικαιοσύ-

490 3166 562 3221 cti
591 3175 910 3237 pascuntur.
944 3167 1129 3238 Neque
1160 3168 1487 3232 ludificeris,
1522 3178 1581 3224 ut
1607 3169 1797 3224 stultis
1825 3167 2053 3223 mortife-

2192 3179 2304 3233 ρης,
2337 3161 2402 3232 ἢν
2431 3163 2481 3214 οἱ
2518 3160 2718 3216 δίκαιοι
2755 3160 3108 3231 νομεύονται·
3157 3163 3292 3235 μηδὲ
3322 3164 3610 3236 ἀπατηθῇς
3643 3185 3755 3237 μω-

487 3260 672 3330 risque
698 3261 958 3316 doctrinis
996 3276 1092 3316 cor
1127 3271 1299 3329 tuum,
1337 3263 1483 3332 quod
1520 3262 1732 3318 ventris
1765 3263 1933 3316 instar
1958 3270 2050 3315 est

2192 3255 2443 3324 >ολογίαις
2487 3254 2882 3326 θανατηφόροις
2927 3255 3190 3325 χορτάσαι
3236 3272 3330 3307 σου
3379 3256 3478 3328 τὴν
3526 3259 3755 3330 καρδίαν

488 3364 724 3408 satures.
759 3382 832 3394 -
857 3351 936 3409 Ne
971 3355 1270 3422 voluptatis
1299 3370 1462 3410 causa
1499 3356 1663 3410 Deum
1714 3355 2051 3424 prodideris:

2193 3364 2261 3400 mu
2289 3388 2303 3413 ,
2333 3348 2361 3400 ὃ
2393 3349 2510 3400 ὲστι
2535 3347 2732 3402 κοιλία.
2754 3377 2820 3388 -
2839 3345 2931 3418 Μὴ
2976 3346 3161 3401 ἕνεκεν
3188 3348 3382 3418 ἡδονῆς
3413 3349 3631 3420 προδῷς
3664 3351 3756 3404 τὸν

485 3444 577 3499 hic
605 3447 748 3499 enim
776 3445 953 3514 justos
987 3447 1180 3516 pascit,
1215 3462 1392 3517 neque
1432 3459 1486 3503 te
1525 3447 1888 3518 derelinquet.

2192 3440 2299 3493 9εόν
2321 3457 2336 3470 ο
2374 3434 2528 3505 οὗτος
2560 3439 2670 3512 γάρ
2708 3440 2848 3512 νομὴ
2887 3439 3127 3507 δικαίου,
3167 3441 3260 3493 καὶ
3298 3441 3359 3493 οὑ
3401 3441 3475 3513 μὴ
3517 3445 3755 3510 ἐγκατα-

558 3535 604 3568 ⁸⁷
632 3538 845 3591 Avertit
891 3539 1034 3594 Deus
1077 3541 1214 3594 iram
1259 3554 1412 3594 suam
1444 3541 1513 3594 ab
1539 3555 1604 3594 eo
1635 3540 1726 3608 qui
1765 3540 1931 3606 cadit,
1964 3539 2066 3594 mi-

891 3539 1034 3594 Deus
1077 3541 1214 3594 iram
1259 3554 1412 3594 suam
1444 3541 1513 3594 ab
1539 3555 1604 3594 eo
1635 3540 1726 3608 qui
1765 3540 1931 3606 cadit,
1964 3539 2066 3594 mi-
2167 3531 2328 3604 λεξψῃ
2363 3549 2443 3585 σε.

485 3637 666 3683 sertus
696 3627 859 3697 ejus:
912 3628 1169 3684 irascitur
1213 3639 1394 3684 autem
1445 3630 1492 3683 ei
1535 3629 1626 3698 qui
1667 3630 1947 3686 extollitur
1995 3633 2046 3687 ol

2249 3625 2608 3697 Ἀποστρέφει
2644 3626 2742 3697 μὲν
2773 3628 2802 3680 ὀ
2825 3626 2960 3691 Θεὸς
2986 3627 3077 3681 τὸν
3101 3625 3272 3698 θυμὸν
3297 3624 3464 3678 αὐτοῦ
3506 3625 3616 3678 ἀπὸ
3658 3624 3752 3678 τοῦ

488 3720 701 3790 lapsum
751 3722 956 3777 inimici
1003 3724 1108 3778 sui.
1176 3723 1434 3793 Quisquis
1475 3724 1622 3778 enim
1680 3726 1748 3780 de
1803 3736 2051 3797 pereunte

2192 3717 2446 3781 τεσόντος,
2477 3718 2708 3789 ἐλεήσας
2735 3718 2894 3771 αὐτόν
2915 3735 2928 3747 ·
2955 3717 3237 3790 ὀργίζεται
3261 3716 3317 3770 δὲ
3349 3715 3426 3786 τῷ
3458 3717 3755 3788 ὲπαρθέντ.

487 3815 664 3867 anima
714 3812 932 3884 gaudet,
981 3815 1179 3872 similis
1237 3816 1453 3871 diabolo
1491 3826 1596 3882 est,
1649 3817 1741 3886 qui
1785 3832 1891 3871 non
1948 3817 2050 3871 vull

2198 3809 2258 3862 πὶ
2279 3807 2357 3878 τῷ
2378 3806 2632 3879 πτώματι
2656 3808 2750 3862 τοῦ
2769 3807 2962 3880 ἐχθροῦ
2984 3807 3177 3860 αὑτοῦ⁸
3215 3807 3322 3870 πᾶς
3351 3805 3455 3877 γάρ
3484 3806 3512 3857 ὀ
3545 3805 3755 3875 ἐπιχαί-

483 3923 673 3963 οηιιιοε
703 3909 947 3964 homines
993 3909 1175 3964 salvos
1227 3910 1369 3973 fleri,
1405 3923 1584 3978 neque
1615 3909 1682 3962 ad
1725 3909 2046 3979 agnitionen

2190 3919 2276 3954 ›ων
2303 3903 2394 3954 ἐπὶ
2424 3899 2769 3972 ἀπολλυμένῃ
2812 3901 2956 3973 ψυχῇ
2979 3941 2994 3965 ,
3019 3901 3205 3972 ὅμοιός
3245 3902 3364 3953 ὲστι
3397 3899 3477 3970 τῷ
3516 3899 3753 3969 διαϐόλῳ

484 4001 732 4056 veritatis
779 4002 988 4055 venire.
1022 3999 1157 4056 Nam
1189 4010 1244 4055 et
1278 4000 1541 4054 Dominus
1571 4000 1625 4053 in
1673 3999 1984 4071 Evangeliis
2007 4003 2047 4035 ³⁸

2190 3996 2240 4066 ’ᾦ
2286 3995 2359 4067 μὴ
2391 3994 2596 4049 θέλοντι
2631 3996 2841 4059 πάντας
2879 3992 3201 4066 ἀνθρώπους
3241 3992 3482 4062 σωθῆναι
3520 3991 3617 4045 καὶ
3669 3993 3753 4056 εἰς

485 4091 778 4155 mandavit,
828 4097 885 4144 ut
915 4105 1136 4147 oremus
1175 4104 1275 4161 pro
1322 4089 1562 4146 inimicis
1611 4091 1835 4158 nostris,
1874 4101 2048 4160 utpote

2193 4088 2456 4155 πίγνωσιν
2482 4086 2741 4158 ἀληθείας
2780 4085 2954 4140 ἐλθεῖν
2972 4103 2986 4116 ’
3021 4086 3116 4140 καὶ
3141 4083 3296 4156 γάρξό
3327 4083 3532 4155 Κύριος
3554 4085 3612 4136 ὲν
3635 4085 3752 4148 τοῖς

483 4181 812 4238 hominibus.
2008 4201 2010 4204 ν
2161 4180 2514 4251 Εὐαγγελίοις
2529 4179 2952 4251 νενομοθέτηκεν
2974 4177 3230 4249 εὔχεσθαι
3245 4177 3386 4249 ὑπὲρ
3405 4177 3512 4232 τῶν
3536 4177 3754 4249 ἐχθρῶν

2160 4274 2336 4346 ἡμῶν,
2355 4275 2522 4346 ἧγουν
2539 4271 2649 4327 τῶν
2677 4272 2774 4326 ἀνθ
2783 4271 3000 4344 ρώπων.

552 4359 777 4415 Gladius
835 4359 1084 4430 spiritus,
1139 4359 1286 4430 quod
1341 4370 1429 4415 est
1484 4361 1711 4417 verbum
1757 4363 1892 4430 Dei,
1950 4379 2057 4418 non

2237 4365 2302 4417 ἸΙ
2342 4365 2585 4436 μάχαιρα
2611 4363 2718 4436 (17)
2755 4363 2813 4416 δὲ
2840 4362 2934 4416 τοῦ
2971 4363 3318 4433 πνεύματος,
3356 4360 3392 4430 ἦ
3433 4361 3553 4413 ἐστι
3596 4359 3751 4430 ῥῆμα

368 4449 376 4456 ’
481 4453 745 4521 carnalis,
785 4454 836 4508 id
874 4464 959 4509 est
993 4470 1101 4509 non
1135 4454 1456 4510 materialis.
1505 4455 1607 4522 Qui
1658 4456 1833 4511 victus
1864 4458 1912 4512 ei

2186 4457 2291 4510 ὶεοῦ
2312 4499 2325 4522 ,
2359 4459 2421 4510 οὐ
2459 4458 2687 4530 σαρκίνη
2710 4497 2725 4521 ,
2771 4457 2891 4510 ἀντί
2922 4455 3016 4509 τοῦ
3063 4457 3165 4509 οὐκ
3199 4453 3468 4525 αἰσθητή·
3513 4452 3573 4515 ὃς
3596 4451 3642 4504 δ’
3682 4451 3749 4505 ἂν

482 4548 662 4614 detur,
694 4555 1054 4602 conterentur
1111 4548 1229 4618 ejus
1278 4563 1404 4604 ossa
1452 4549 1661 4619 pistillo
1709 4560 1964 4616 contusa,
2002 4560 2045 4605 el

2188 4551 2438 4624 παραδοθῇ
2485 4551 2717 4621 πταίσας
2766 4548 2946 4621 αὐτῷ,
2991 4547 3407 4620 συντριϐήσεται
3456 4545 3594 4597 ὀστᾶ
3643 4544 3751 4596 ὑπὸ

481 4638 606 4708 igne
631 4639 910 4692 combusta
961 4648 1310 4695 evanescent.
1343 4640 1460 4704 Vel,
1501 4642 1594 4711 qui
1629 4642 1881 4696 tradetur
1907 4643 1955 4698 ei
1983 4643 2044 4698 ad

2198 4644 2364 4716 πέρου
2413 4643 2728 4714 τυπτόμενα
2755 4661 2768 4674 ο
2820 4644 2918 4696 καὶ
2974 4640 3405 4712 ἀφανισθήσεται
3457 4640 3593 4692 ὀστᾶ
3643 4638 3753 4691 ὑπὸ

481 4731 878 4800 pcenitentiam,
935 4741 1250 4786 conteretur
1313 4733 1483 4788 verbo
1557 4733 1842 4804 sapientiae
1909 4734 2044 4792 illius

2189 4737 2332 4808 τυρὸς
2378 4736 2754 4808 καυσούμενα⁸
2801 4736 2834 4807 ἦ
2880 4736 2940 4800 ὃς
2973 4735 3016 4788 δ’
3045 4735 3111 4789 ἂν
3149 4732 3430 4806 παραδοθῇ
3472 4732 3624 4804 αὐτῷ
3670 4735 3752 4796 εἰς

479 4821 634 4892 quasi
665 4820 922 4885 triticum,
962 4831 1020 4876 ut
1057 4820 1232 4878 dulcis
1273 4838 1341 4879 ex
1380 4838 1446 4879 eo
1486 4825 1644 4895 panis
1680 4824 1797 4879 ﬁat.
1821 4854 1892 4866 -
1919 4824 2042 4880 Cor-

2186 4829 2468 4893 ιετάνοιαν,
2494 4829 2910 4901 συντριϐήσεται
2942 4826 3020 4899 τῷ
3048 4827 3190 4898 λόγῳ
3225 4827 3323 4897 τῆς
3357 4825 3548 4894 σοφίας
3576 4821 3749 4877 αὑτοῦ

482 4923 668 4985 ruptos
694 4922 750 4968 et
775 4923 1178 4971 veterascentes
1209 4916 1263 4971 in
1300 4917 1590 4973 desideriis
1635 4917 1842 4971 erroris
1873 4917 2045 4973 homi-

2189 4939 2236 4986 ›ς
2265 4925 2437 4986 σῖτος,
2465 4925 2544 4986 εἰς
2577 4921 2638 4975 τὺ
2675 4921 2929 4991 γενέσθαι
2963 4920 3123 4973 αὐτὸν
3157 4905 3286 4989 ήδὺν
3319 4917 3752 4987 aptam—Teia;

479 5022 613 5073 nes,
644 5007 914 5062 consumit
957 5007 1048 5062 Dei
1094 5008 1308 5078 gladius
1353 5009 1522 5064 exitio
1549 5009 1906 5065 internecivo.
1933 5009 2042 5077 Vel,

2191 5014 2549 5086 δθειρομένους
2573 5015 2666 5068 καὶ
2691 5011 3099 5074 παλαιωθέντας
3129 5009 3448 5082 ἀνθρώπους
3474 5006 3618 5061 κατά
3646 5004 3754 5068 τὰς

479 5099 760 5154 venientes
798 5113 865 5152 ex
916 5099 1202 5169 iniquitate
1242 5101 1308 5154 ad
1347 5099 1440 5154 Dei
1490 5101 1824 5171 agnitionem
1877 5101 2042 5154 homi-

2189 5106 2453 5178 πιθυμίας
2501 5107 2600 5178 τῆς
2654 5106 2899 5176 ἀπάτης,
2949 5103 3229 5156 ἀναλίσκει
3268 5103 3303 5172 ή
3357 5100 3601 5171 μάχαιρα
3650 5093 3751 5149 τοῦ

479 5205 598 5258 nes,
624 5206 792 5262 usque
818 5192 884 5246 ad
910 5207 1106 5248 nervos
1137 5192 1507 5248 consumendo
1534 5203 1725 5264 purgat
1750 5193 1932 5262 pravis
1963 5209 2042 5248 ac-

2189 5200 2291 5253 lsoii
2333 5203 2412 5264 εἰς
2446 5199 2752 5270 ἀφανισμὸν
2777 5197 3039 5266 παντελῆ.
3080 5196 3151 5248 Ἦ
3185 5194 3312 5257 τοὺς
3339 5195 3404 5246 ὲκ
3436 5190 3638 5252 κακίας
3671 5189 3752 5251 εἰς

481 5283 667 5352 tibus;
708 5295 765 5338 ut
794 5285 1131 5354 deponentes
1183 5294 1424 5338 veterem
1473 5284 1771 5347 hominem,
1827 5283 2044 5338 induant

2190 5293 2482 5360 εογνωσίαν
2517 5291 2770 5355 ἐλθόντας
2795 5289 3143 5363 ἀνθρώπους,
3183 5289 3280 5341 σὺν
3307 5283 3522 5354 νεύροις
3559 5278 3749 5335 ιὶιναλί⁴

483 5394 680 5433 novum
708 5389 952 5434 creatum
981 5378 1280 5432 secundum
1327 5377 1492 5432 Deum
1521 5396 1535 5434 :
1572 5378 1664 5448 qui
1692 5377 1913 5449 quidem
1946 5392 2046 5458 non

2187 5399 2278 5436 ’κει
2304 5385 2369 5436 ὲκ
2395 5381 2504 5436 τῶν
2539 5380 2791 5453 πράξεων
2823 5380 2934 5436 τῶν
2964 5377 3218 5453 πονηρῶν
3244 5395 3257 5408 ο
3291 5377 3379 5429 ἵνα
3414 5370 3750 5444 ἀποθέμενοι

551 5516 600 5549 ει
623 5517 784 5574 Rom,
812 5535 932 5589 νηί,
963 5519 1050 5578 18,
1129 5518 1176 5551 ει
1216 5535 1266 5577 v.
1301 5518 1389 5574 l3.
1465 5518 1510 5551 ⁸⁸
1537 5516 1680 5572 Psal.
1726 5531 1852 5582 CXV,
1906 5516 1992 5574 15.
2066 5516 2113 5596 θέ

1644 5518 1680 5572 ι.
1726 5531 1852 5582 cxv,
1906 5516 1992 5574 l5.
2066 5516 2113 5596 'f
2161 5533 2212 5572 ν.
2247 5518 2336 5572 l5.
2413 5518 2456 5549 θ’
2484 5535 2535 5570 ν.
2573 5518 2662 5574 18.
2737 5519 2784 5553 ⁸⁸
2824 5517 3012 5596 Matth.
3038 5533 3089 5582 v,
3117 5516 3205 5571 Μ.

551 5655 666 5725 (l7)
713 5657 1026 5727 Sequuntur
1055 5658 1386 5728 perturbati,
1423 5665 1484 5728 ut
1514 5656 1567 5710 in
1599 5656 1932 5710 editionibus
1954 5653 2045 5708 Bi-
2155 5668 2268 5712 tum
2315 5659 2480 5712 etiam
2534 5657 2888 5724 Breitingeri,
2928 5657 3126 5719 Bossii.
3173 5656 3377 5728 Jageri,
3420 5664 3556 5717 etc..
3607 5671 3738 5709 cum

480 5725 1105 5800 bliorutn,versiculi,et
1136 5730 1397 5800 capitula.
1429 5725 1550 5800 liae,
1577 5736 1753 5800 autem
1793 5741 1957 5794 super
1982 5740 2048 5800 re
2159 5729 2426 5800 editorum
2455 5728 2954 5783 observationibus.
2979 5730 3165 5800 Neque
3195 5725 3338 5784 enim
3374 5729 3463 5784 hic
3486 5737 3738 5799 spartam

484 5797 785 5854 cousulcsis
833 5799 1132 5854 celebriora
1177 5797 1373 5864 Biblia,
1434 5799 1676 5853 Romana
1732 5797 1787 5852 in
1835 5796 2051 5866 primis,
2167 5799 2307 5855 hanc
2336 5800 2606 5855 adornare
2639 5809 2814 5856 vacat.
