3958 6516
508 355 614 415 231

1328 401 1335 408 -
1396 365 1958 423 SUPPLEMENTUM
1994 367 2084 422 AD
2124 366 2450 423 ORlGENlS
2481 368 2892 425 EXEGETICA.

3656 369 3769 427 ea

512 494 696 537 autem
726 484 1032 556 vituperant
1058 492 1112 542 et
1138 487 1194 541 in
1230 486 1467 543 medium
1510 490 1767 546 deferunt
1818 506 1916 561 per
1944 506 2077 546 con-

2184 507 2338 545 σεται
2382 490 2478 543 καὶ
2520 485 2603 554 εἷς
2658 494 2899 564 ποιμήν·
2948 491 2997 545 οἱ
3024 489 3099 543 δὲ
3139 489 3448 560 ἐλέγχοντες
3484 490 3579 543 καὶ
3621 506 3764 560 φρα-

512 573 806 631 fessionem
838 588 991 632 actus
1022 593 1169 643 suos,
1204 586 1258 634 et
1285 580 1527 637 melioris
1548 582 1659 652 jam
1698 585 1898 639 mentis
1945 584 2081 640 deli-

513 662 842 731 berationes,
872 668 1075 721 excelsi
1107 668 1437 725 videbuntur
1468 673 1719 738 Domino,
1755 683 1809 728 et
1836 689 1946 743 pra:
1965 691 2078 730 om-

512 755 672 809 nibus
708 759 1095 813 commendati.
1154 761 1622 833 Supervenietque
1671 765 1804 835 ipsis
1850 766 1902 820 in
1949 782 2085 836 pra:-

508 847 649 901 senti
685 849 905 918 quidem
940 852 1140 906 saeculo
1190 853 1330 908 bona
1384 854 1697 912 benedictio
1746 867 1964 913 actuum
1998 866 2083 919 at-

507 952 616 1008 que
652 939 920 1006 laborum,
973 953 1030 997 et
1070 942 1455 999 intellectualis
1491 948 1703 1002 theoria
1757 948 2079 1017 sapientia:

506 1030 562 1085 in
597 1030 780 1087 futuro
805 1046 1009 1101 autem,
1052 1052 1080 1089 a
1113 1037 1341 1092 Domino
1365 1038 1669 1106 praemium.

577 1123 625 1156 “
654 1124 756 1191 Qui
788 1127 1029 1181 ambulat
1052 1140 1175 1197 post
1206 1129 1300 1184 Dei
1326 1132 1604 1196 mandata,
1644 1131 1981 1188 instauratur
2013 1134 2080 1189 ad

502 1213 768 1283 justitiam
800 1228 854 1272 et
886 1221 1395 1276 sanctilicationem.
1441 1221 1658 1276 Etenim
1698 1238 1821 1278 cum
1861 1224 2082 1293 sapien-

510 1308 581 1359 tia
630 1308 930 1364 aediﬁcatur
969 1314 1182 1378 domus,
1229 1327 1348 1383 quae
1399 1328 1464 1367 ex
1516 1315 1697 1368 anima
1750 1325 1804 1369 et
1851 1330 2080 1384 corpore

505 1410 741 1468 constat,
779 1403 845 1457 ad
882 1404 975 1458 Dei
1020 1404 1413 1458 habitaculum.
1448 1407 1501 1459 In
1540 1406 1872 1462 malitiosatn
1899 1418 2078 1466 autem

505 1492 743 1545 animam
778 1511 882 1548 non
917 1496 1169 1551 introibit
1196 1494 1491 1566 sapientia.
2032 1556 2033 1559 η

573 1583 621 1614 ’³
643 1583 779 1638 Tum
794 1586 985 1655 spiam,
1010 1596 1121 1642 tum
1150 1604 1347 1657 pecora
1376 1589 1733 1659 pessutndant
1755 1593 2077 1663 agrummisi

502 1677 621 1731 illas
661 1676 855 1747 aliquis
904 1690 1117 1749 purget,
1153 1681 1271 1736 haec
1306 1698 1433 1737 vero
1475 1685 1768 1740 custodiat.
1814 1683 1892 1739 Ita
1934 1694 1990 1739 et
2023 1688 2077 1741 in

501 1764 723 1819 homine
746 1767 917 1821 hardo
943 1768 1144 1823 accidit
1188 1787 1203 1825 :
1236 1772 1479 1840 nequitia
1510 1772 1827 1829 exstimulat
1856 1789 1983 1830 eum
2011 1777 2077 1831 ad

499 1854 588 1911 illa
633 1859 919 1914 ambienda
961 1861 1160 1930 quibus
1191 1878 1417 1934 regnum
1450 1865 1754 1921 obtinetur.

2191 582 2467 649 τριοῦντες
2490 581 2559 634 δι’
2580 580 2982 654 ἐξαγορεύσεως
3003 580 3101 643 τάς
3133 579 3340 633 ἑαυτῶν
3369 578 3597 651 πράξεις
3628 580 3762 650 (18),

2189 671 2283 724 καὶ
2298 671 2396 735 τάς
2407 670 2499 725 τοῦ
2512 671 2777 741 βελτίονος
2800 672 2890 725 νοῦ
2908 672 3252 742 ὲνθυμήσεις,
3266 670 3556 741 φανοῦνται
3572 671 3765 741 ὑψηλοὶ

2189 761 2340 833 παρά
2358 762 2582 831 Κυρίου,
2610 762 2704 815 ἐπὶ
2725 765 2888 816 πᾶσιν
2908 762 3402 833 ἀνακηρυττόμενοι
3417 778 3430 791 ·
3458 764 3544 814 ἐπ’
3566 762 3764 827 (1610’s;

2187 854 2244 907 δὲ
2271 855 2388 926 ἥξει
2408 897 2424 921 ,
2467 859 2525 910 ὲν
2559 857 2657 928 μὲν
2698 857 2776 928 τῷ
2808 855 2903 911 νῦν
2945 854 3100 909 αἰῶνι
3134 857 3167 927 ἡ
3196 856 3373 927 ἀγαθὴ
3406 855 3625 924 εὐλογία
3652 856 3758 907 τῶν

2188 948 2440 1019 πράξεων
2462 948 2568 1002 τῶν
2594 949 2787 1021 ἔργων,
2822 949 2914 1002 καὶ
2938 950 2971 1019 ἡ
2994 948 3156 1020 νοητὴ
3181 948 3280 1019 τῆς
3303 948 3492 1017 σοφίας
3521 946 3756 1019 θεωρία·

2188 1038 2246 1089 ὲν
2271 1036 2328 1090 δὲ
2360 1036 2437 1107 τῷ
2468 1037 2735 1107 μέλλοντι,
2770 1037 2803 1106 ή
2838 1036 2988 1109 παρὰ
3017 1036 3111 1090 τοῦ
3140 1037 3346 1108 Κυρίου
3373 1037 3624 1107 διανομή.

2271 1129 2327 1181 '0
2358 1129 2722 1202 πορευόμενος
2763 1128 2986 1183 όπισθεν
3034 1127 3145 1181 τῶν
3184 1128 3278 1182 τοῦ
3317 1126 3452 1184 Θεοῦ
3481 1141 3762 1198 προσταγ-

2188 1221 2395 1292 μάτων,
2414 1221 2843 1293 ἀνοικοδομεῖται
2876 1223 2955 1286 είς
2975 1220 3320 1293 δικαιοσύνην
3342 1222 3436 1273 καὶ
3454 1217 3725 1290 ἁγιασμόν
3743 1235 3756 1247 ·

2188 1312 2327 1383 μετά
2352 1313 2461 1385 γάρ
2494 1314 2685 1383 σοφίας
2713 1313 3070 1384 οἰκοδομεῖται
3098 1308 3279 1375 οἶκος,
3322 1311 3351 1362 6
3390 1313 3448 1364 ὲν
3488 1310 3636 1383 ψυχῇ
3669 1310 3763 1364 καὶ

2188 1402 2401 1476 σώματι
2433 1406 2512 1469 είς
2544 1406 2861 1477 κατοίκησιν
2891 1404 3026 1459 Θεοῦ
3046 1422 3060 1437 ·
3092 1406 3172 1469 είς
3202 1404 3259 1458 δὲ
3290 1404 3615 1475 κακότεχνον
3656 1402 3760 1472 ψυ-

2185 1497 2285 1568 χὴν
2314 1498 2414 1550 οὐκ
2442 1496 2805 1552 εἰσελεύσεται
2840 1498 3019 1566 σοφία.

2251 1589 2319 1642 El
2352 1605 2411 1642 τε
2442 1588 2549 1661 γάρ
2579 1588 2809 1643 ἄκανθαι
2834 1631 2850 1655 ,
2889 1590 2999 1642 εἴτε
3061 1589 3258 1662 κτήνη,
3287 1586 3578 1642 ἀπόλλυσιν
3604 1586 3756 1650 αὐτὸ,

2184 1683 2278 1736 ἐὰν
2310 1683 2384 1754 μὴ
2417 1682 2504 1753 εἴη
2534 1683 2562 1735 6
2584 1681 2987 1754 περικαθαίρων
3019 1684 3114 1736 καὶ
3142 1681 3424 1751 φυλάττων
3444 1695 3461 1710 ·
3495 1679 3759 1742 ὡσαύτως

2183 1775 2276 1829 καὶ
2303 1774 2524 1845 ἀφρων·
2573 1775 2606 1845 ἡ
2643 1773 2810 1827 κακία
2838 1775 2986 1829 ἐστὶν
3017 1776 3046 1828 ό
3080 1772 3291 1828 νύσσων
3348 1771 3508 1827 αὐτὸν
3571 1773 3652 1835 είς
3690 1770 3758 1823 τά

2182 1866 2278 1938 τὴν
2316 1866 2593 1937 βασιλείαν
2625 1866 3009 1938 προξενοῦντα.

574 1950 742 2019 Sepes
789 1960 874 2006 est
918 1932 1291 2024 tranquillitas
1325 1955 1521 2010 aninne
1558 1956 1842 2012 rationalis
1869 1972 1934 2013 ex
1964 1959 2072 2014 vir-

2236 1932 2503 2029 ’Φραγμός
2553 1932 2699 2012 ἐστιν
2747 1932 2983 2011 ἀπάθεια
3026 1957 3201 2030 ψυχῆς
3247 1956 3502 2027 λογικῆς,
3532 1958 3599 2008 ὲκ
3646 1954 3757 2008 τῶν

500 2050 675 2101 tntum
704 2046 970 2100 exercitio
998 2045 1349 2115 proveniens.
1405 2046 1531 2101 llaec
1556 2063 1689 2103 vero
1716 2053 1985 2105 evertitur
2018 2059 2074 2106 et

496 2136 860 2207 exstinguitur
888 2153 917 2191 a
946 2138 1097 2193 stulti
1132 2139 1373 2195 hominis
1402 2138 1657 2195 arbitrio.

2181 2050 2499 2121 πρακτικῶν
2552 2048 2763 2121 ἀρετῶν
2807 2050 3154 2103 συνεστῶσα·
3205 2050 3651 2104 κατασκάπτεται
3699 2046 3757 2103 δὲ

2180 2142 2273 2195 καὶ
2298 2140 2619 2210 ἀφανίζεται
2644 2142 2711 2211 τῇ
2746 2139 2840 2193 τοῦ
2868 2138 3099 2210 ἄφρονος
3131 2138 3470 2211 προαιρέσει.

1725 2231 1881 2295 CAP.
1925 2232 2071 2287 XXX
2111 2232 2319 2290 VULG.
2361 2232 2519 2287 LAT.

563 2324 610 2357 “
638 2324 929 2393 (Iorruptio
977 2339 1066 2380 res
1122 2325 1429 2396 huiusmodi
1480 2327 1739 2383 adamat:
1770 2329 2064 2391 infernum,

492 2433 758 2481 amorem,
788 2418 1067 2471 mulierem
1101 2418 1452 2473 fornicariam
1479 2438 1493 2475 :
1525 2423 1639 2476 haec
1673 2421 1820 2475 enim
1859 2422 2065 2477 nullum

494 2510 698 2565 habent
725 2510 885 2566 finem
918 2520 1014 2564 aut
1050 2511 1378 2566 satietatem.
1403 2512 1530 2568 Tria
1563 2523 1743 2569 tamen
1782 2523 1911 2570 sunt
1946 2531 2069 2585 quae

497 2602 791 2668 aliquando
836 2602 1152 2669 satiantur;
1207 2611 1444 2659 attamen
1481 2615 1758 2674 quartum,
1791 2622 2067 2678 nunquam

492 2706 554 2745 se
582 2701 896 2746 contentum
945 2693 1130 2748 dicere
1166 2695 1327 2749 valet.
1359 2694 1638 2759 lnfernus,
1667 2707 1723 2752 et
1756 2712 1911 2754 amor
1944 2715 2065 2754 mu-

492 2785 662 2849 lieris,
699 2794 755 2840 et
803 2796 951 2839 terra
990 2802 1267 2855 nunquam
1308 2789 1466 2858 aquis
1497 2800 1762 2856 saturata,
1801 2801 1857 2848 et
1900 2808 2066 2863 aqua,

488 2886 545 2931 et
580 2877 743 2947 ignis,
778 2892 1055 2947 nunquam
1081 2879 1271 2935 dicunt
1306 2880 1536 2937 suﬂicit.
1572 2882 1805 2953 Semper
1846 2893 2063 2941 terrena

490 2968 699 3022 semina
727 2969 961 3039 recipit;
992 2972 1336 3040 quantalibet
1388 2973 1669 3043 injeceris,
1706 2976 1883 3032 adhuc
1918 2977 2063 3031 desi-

490 3064 664 3118 derat.
696 3063 789 3119 Sic
816 3066 980 3119 etiam
1032 3080 1180 3120 mors
1206 3076 1261 3121 et
1293 3067 1435 3136 ignis
1465 3078 1735 3141 quotquot
1773 3073 2061 3141 corripue-

489 3157 602 3211 rint
646 3166 1023 3226 corrumpunt.
1065 3157 1142 3212 Ita
1175 3159 1342 3214 etiam
1373 3172 1687 3231 paupertas.
1738 3161 1829 3217 Hc
1864 3164 2063 3234 quippe

2250 2329 2315 2383 Ἠ
2336 2328 2511 2400 φθορά
2534 2328 2707 2383 ταῦτα
2731 2328 2923 2399 ἀγαπᾷ
2940 2326 3007 2381 τά
3032 2327 3350 2400 πράγματα,
3377 2326 3528 2398 ᾅδην,
3554 2326 3751 2398 ἔρωτα.

2172 2423 2268 2477 καὶ
2294 2423 2529 2492 γυναῖκα
2565 2423 2859 2493 πορνικήν·
2895 2421 3016 2474 οὐδὲ
3056 2422 3166 2491 γάρ
3211 2418 3382 2473 ταῦτα
3430 2419 3607 2490 πέρας
3634 2421 3753 2474 οὐδὲ

2172 2515 2333 2585 κόρον
2359 2514 2499 2585 ἔχει·
2532 2514 2659 2584 τρία
2691 2513 2748 2567 δέ
2780 2516 2927 2566 ἐστιν
2950 2512 2986 2566 ἀ
3028 2513 3121 2566 καὶ
3153 2512 3557 2582 πλησθήσεται·
3595 2512 3688 2565 καὶ
3718 2514 3751 2582 ή

2170 2606 2429 2678 τετάρτη,
2468 2606 2567 2658 οὐκ
2592 2604 2840 2677 ἠρκέσθη
2877 2606 3049 2657 εἰπεῖν
3086 2604 3266 2657 ἱκανόν
3286 2620 3300 2633 ·
3334 2602 3469 2674 ᾅδης
3498 2602 3591 2656 καὶ
3614 2604 3752 2675 ἔρως

2171 2697 2449 2765 γυναικὸς,
2501 2697 2594 2750 καὶ
2634 2696 2707 2765 γῆ
2751 2695 2851 2748 οὐκ
2901 2694 3331 2766 ἐμπιμπλαμένη
3382 2693 3607 2757 ὓδατος·
3658 2694 3752 2747 καὶ

2170 2787 2349 2859 ὕδωρ,
2386 2789 2482 2841 καὶ
2516 2787 2661 2859 πῦρ,
2694 2786 2795 2851 οὐκ
2835 2781 2987 2839 εἷπον
3021 2787 3217 2858 ἀρκεῖ·
3249 2784 3336 2837 ἀεὶ
3365 2783 3433 2837 τὰ
3462 2784 3750 2856 σπέρματα

2168 2880 2403 2951 δέχεται,
2428 2877 2517 2933 οἷα
2542 2880 2637 2933 ὲάν
2659 2878 2996 2950 καταϐάλῃς,
3023 2878 3237 2947 ἐφίεται
3261 2894 3275 2907 ·
3305 2874 3447 2929 οὕτω
3475 2876 3569 2928 καὶ
3599 2877 3627 2928 6
3658 2875 3750 2929 θά-

2170 2993 2327 3039 νατος
2367 2976 2461 3029 καὶ
2495 2974 2555 3027 τὸ
2593 2972 2740 3045 πῦρ,
2784 2972 2881 3041 ἐφ’
2908 2966 3102 3041 οἷσπερ
3137 2968 3380 3037 ἐφίεται,
3409 2964 3743 3036 διαφθείρει·

2168 3068 2406 3123 τοιοῦτόν
2437 3085 2490 3121 τι
2522 3067 2616 3120 καὶ
2646 3068 2679 3137 ή
2712 3065 2872 3118 πενία
2892 3082 2906 3094 ·
2939 3063 3249 3118 ἀναλωτικά
3286 3059 3460 3114 ταῦτα
3495 3058 3565 3113 τά
3609 3060 3748 3131 πρά-

2169 3178 2387 3233 γματα·
2419 3160 2658 3214 τοιοῦτόν
2694 3177 2748 3213 τι
2783 3159 2876 3211 καὶ
2910 3159 2940 3211 6
2968 3157 3125 3220 ὄκνος
3147 3157 3242 3210 καὶ
3268 3158 3302 3227 ή
3330 3155 3523 3227 ἀργία·
3560 3154 3747 3224 ἐπειδὴ

489 3263 579 3304 res
613 3250 720 3305 vim
767 3251 1128 3306 consumendi
1184 3251 1409 3307 habent.
1462 3252 1539 3308 ita
1567 3269 1627 3309 se
1657 3253 1860 3309 habent
1901 3255 2062 3310 etiam

2177 3256 2276 3328 γάρ
2299 3254 2568 3325 θαυμάζει
2604 3252 2732 3317 ἴσως
2751 3269 2855 3315 τις,
2885 3250 2972 3304 διά
3000 3248 3051 3304 τί
3073 3250 3234 3321 κόρον
3263 3249 3363 3301 ούκ
3392 3248 3505 3319 ἔχει
3529 3250 3558 3300 6
3592 3248 3744 3318 ᾅδης,

488 3343 705 3411 pigritia
738 3352 793 3397 et
820 3346 1009 3397 otium.
1044 3344 1177 3398 Nam
1231 3346 1358 3411 quia
1391 3344 1629 3400 fortasse
1665 3345 1866 3415 aliquis
1895 3347 2064 3401 mira-

487 3443 598 3498 tur,
626 3449 727 3487 cur
751 3434 1074 3489 insatiabilis
1099 3435 1171 3489 sit
1204 3434 1471 3502 infernus,
1523 3452 1835 3505 quanquam
1876 3437 2063 3491 homi-

484 3540 609 3581 nem
636 3536 946 3591 consumat,
978 3527 1190 3582 idcirco
1218 3528 1316 3592 ait,
1351 3544 1417 3583 ne
1448 3530 1565 3583 haec
1589 3529 1810 3597 quidem
1835 3530 2063 3585 satieta-

485 3624 593 3671 tu-m
627 3617 850 3681 habere,
879 3631 1055 3685 neque
1074 3619 1397 3673 consistere.
1439 3618 1649 3674 Videsis
1697 3628 1878 3674 autem
1935 3635 2063 3690 quo-

485 3708 646 3761 modo
667 3708 1070 3777 comparaverit
1094 3709 1487 3764 scortationem
1514 3710 1751 3765 inferno.

554 3798 602 3830 “
623 3797 783 3855 Corvi
813 3800 865 3853 hi
890 3800 1068 3869 justos
1093 3801 1248 3856 alunt
1274 3802 1501 3873 mystice
1523 3802 1592 3866 ",
1624 3814 1681 3858 et
1715 3801 1948 3872 iniustos
1969 3818 2062 3873 pu-

483 3891 660 3956 niunt,
691 3893 943 3962 nequitiae
970 3894 1157 3949 oculos
1182 3892 1523 3961 eﬂ‘odientes,
1548 3896 1676 3965 quia
1704 3895 1923 3950 Patrem
1947 3898 2061 3951 uni-

480 3984 748 4040 \‘ersalem
772 4001 835 4041 ac
859 3987 1021 4041 Deum
1050 3988 1357 4053 irriserunt,
1384 3996 1439 4042 et
1464 3990 1707 4059 ipsorum
1738 3989 2054 4059 genitricem

480 4079 759 4150 antiquam
815 4081 1100 4136 scientiam
1153 4082 1434 4152 aspernati
1482 4090 1632 4137 sunt.
1688 4081 1885 4137 Oculus
1929 4096 2058 4136 vero

481 4166 662 4222 Patris
707 4181 815 4236 est,
862 4171 986 4224 data
1020 4171 1177 4226 nobis
1210 4170 1279 4225 ab
1327 4186 1394 4226 eo
1430 4186 1552 4225 cum
1596 4171 1809 4241 justitia
1843 4172 1952 4226 lex.
1989 4171 2057 4225 Et

482 4274 579 4313 eos
601 4260 819 4328 quidem
872 4262 967 4331 qui
1007 4260 1159 4331 impii
1203 4261 1395 4316 oculos
1439 4261 1728 4329 eil‘odiunt,
1765 4262 1907 4317 dixit
1931 4277 2054 4321 cor-

480 4364 578 4402 vos
608 4364 624 4404 :
661 4351 755 4419 qni
780 4366 908 4406 vero
954 4360 1124 4407 totum
1156 4352 1433 4406 hominem
1462 4362 1684 4418 vorant,
1713 4351 1925 4421 aquilas
1952 4367 2053 4411 vo-

482 4442 627 4494 cavit
652 4459 667 4497 :
697 4442 819 4496 ideo
846 4443 1078 4509 scilicet,
1110 4444 1238 4513 quia
1264 4444 1390 4499 aliis
1429 4454 1664 4512 partem,
1690 4442 1833 4512 ,aliis
1877 4444 2054 4498 omni-

480 4530 695 4582 modam
735 4531 1117 4601 purgationem
1175 4532 1473 4587 commisit.
1541 4529 1666 4586 Vult
1711 4534 1863 4585 enim
1907 4532 2051 4586 Deus

476 4624 644 4681 etiam
679 4622 873 4693 impios
899 4622 1123 4678 salvari.

548 4797 599 4833 ⁸⁸
618 4797 801 4853 Gallus
833 4797 1123 4870 [ἀλέκτωρ]
1174 4799 1289 4854 avis
1335 4815 1365 4853 a
1410 4798 1562 4855 nobis
1618 4799 2047 4873 [Alexandrinis]

477 4888 679 4944 ἀλεκτα
716 4888 828 4960 (19)
868 4889 1104 4955 dicitur;
1138 4891 1183 4944 si
1223 4905 1353 4946 vero
1388 4890 1657 4946 referatur
1680 4892 1748 4945 ad
1792 4905 2049 4947 coeuntes

477 4996 599 5035 cum
651 4981 741 5035 illo
786 4981 1034 5045 feminas,
1065 4984 1340 5053 γνωριστά
1383 4981 1703 5054 [cognitor].
1738 4982 2049 5051 Sequuntur

480 5074 625 5128 hunc
674 5073 902 5127 altilium
942 5088 1156 5147 greges,
1191 5077 1318 5145 quia
1355 5090 1546 5130 omnes
1579 5075 1823 5129 ambiunt
1850 5089 2046 5143 capere

476 5183 540 5221 ex
570 5183 635 5221 eo
664 5167 1014 5237 voluptatem,
1046 5168 1135 5236 qui
1160 5167 1326 5222 alacri
1353 5182 1482 5237 erga
1513 5182 1703 5221 omnes
1731 5182 1920 5222 amore
1940 5178 2043 5221 est.

476 5256 570 5313 Sic
620 5258 913 5315 universali
968 5259 1079 5314 Deo
1115 5258 1428 5331 angelorum
1482 5250 1705 5313 ordines
1749 5272 1854 5312 non
1896 5250 2045 5311 metu

2165 3343 2340 3397 καίτοι
2370 3341 2623 3396 δαπανῶν
2641 3342 2734 3394 τὸν
2770 3340 3077 3411 ἄνθρωπον,
3094 3338 3181 3391 διὰ
3209 3337 3567 3408 τοῦτο,φησὶν
3586 3379 3601 3402 ,
3627 3337 3745 3391 οὐδὲ

2159 3435 2331 3489 ταῦτα
2373 3435 2534 3507 κόρον
2571 3434 2718 3505 ἔχει,
2764 3433 2883 3486 οὐδὲ
2920 3432 3165 3486 ἴστανταί
3209 3449 3339 3486 που·
3388 3432 3491 3502 ὅρα
3519 3430 3579 3484 δὲ
3624 3430 3742 3483 τίνα

2161 3528 2437 3600 παρέϐαλε
2468 3529 2567 3601 τὴν
2596 3526 2851 3599 πορνείαν
2878 3524 2955 3595 τῷ
2988 3524 3113 3598 ᾄδῃ.

2230 3782 2387 3843 Οὗτοι
2415 3786 2464 3839 οἱ
2491 3786 2743 3858 κόρακες,
2783 3786 2908 3848 τοὺς
2936 3784 3034 3855 μὲν
3065 3784 3307 3848 δικαίους
3339 3786 3600 3858 τρέφουσι
3637 3804 3737 3859 μυ-

2161 3879 2380 3944 στικῶς,
2420 3879 2545 3942 τοὺς
2573 3878 2630 3931 δὲ
2660 3877 2878 3941 ἀδίκους
2905 3874 3211 3942 κολάζουσι,
3243 3878 3368 3941 τοὺς
3399 3878 3499 3949 τῆς
3526 3879 3739 3943 ἀδικίας

2156 3970 2465 4042 ὀφθαλμοὺς
2504 3969 2879 4038 ὲξορύττοντες
2903 3986 2915 4000 ·
2955 3969 3088 4022 διότι
3131 3968 3224 4023 τοῦ
3269 3970 3487 4025 πάντων
3528 3972 3739 4042 Πατρός

2156 4066 2251 4119 καὶ
2283 4063 2419 4117 Θεοῦ
2447 4063 2838 4132 κατεγέλασαν,
2871 4063 2965 4116 καὶ
2991 4062 3091 4133 τήν
3114 4061 3391 4131 γεννῶσαν
3416 4064 3612 4128 αὐτοὺς
3641 4066 3736 4138 ἀρ-

2155 4158 2314 4228 χαίαν
2363 4156 2563 4226 γνῶσιν
2609 4156 2921 4225 ἠτίμασαν·
2964 4153 3236 4225 ὀφθαλμὸς
3283 4154 3340 4207 δὲ
3382 4154 3475 4207 τοῦ
3526 4156 3737 4229 Πατρός

2155 4252 2336 4314 ἐστιν,
2384 4250 2414 4303 6
2454 4252 2511 4303 έν
2556 4246 2869 4320 δικαιοσύνῃ
2912 4246 3192 4317 δεδομένος
3227 4249 3357 4318 ἡμῖν
3402 4252 3531 4319 παρ’
3572 4248 3735 4321 αὐτοῦ

2154 4341 2351 4411 νόμος·
2393 4340 2487 4394 καὶ
2528 4339 2655 4401 τοὺς
2687 4337 2785 4408 μὲν
2827 4336 3212 4408 έξορύσσοντας
3256 4338 3382 4402 τοὺς
3425 4336 3735 4410 ὀφθαλμοὺς

2153 4432 2249 4486 τοῦ
2280 4432 2539 4496 ἀσεϐοῦς,
2572 4430 2812 4502 κόρακας
2836 4426 2987 4483 εἶπεν
3006 4446 3019 4461 ·
3050 4430 3173 4492 τοὺς
3207 4428 3263 4481 δὲ
3289 4429 3409 4483 ὅλον
3443 4430 3605 4483 αὑτὸν
3639 4448 3738 4484 κα-

2154 4524 2501 4588 τεσθίοντας,
2536 4523 2816 4593 ὠνόμασεν
2845 4520 3036 4585 ἀετοὺς
3056 4559 3070 4585 ,
3117 4520 3206 4575 διά
3246 4522 3308 4575 τὺ
3351 4522 3477 4585 τοὺς
3511 4523 3609 4592 μὲν
3638 4523 3736 4594 τὴν

2084 4592 2129 4647 D
2159 4616 2407 4689 μερικὴν,
2432 4617 2555 4679 τοὺς
2579 4615 2635 4667 δὲ
2652 4592 2758 4685 τὴν
2784 4612 3007 4667 καθόλου
3026 4613 3290 4684 κάθαρσιν
3308 4592 3701 4667 πεπιστεῦσθαι
3714 4630 3730 4645 ·

2158 4708 2298 4762 θέλει
2330 4707 2437 4778 γάρ
2461 4709 2489 4761 6
2517 4706 2649 4769 Θεὸς
2682 4705 2775 4759 καὶ
2800 4706 2925 4768 τοὺς
2952 4706 3165 4769 ἀσεϐεῖς
3194 4704 3480 4771 σώζεσθαι.

2239 4800 2296 4852 '0
2322 4798 2570 4869 ἀλέκτωρ
2605 4796 2667 4850 τὸ
2704 4796 2889 4868 ὄρνεον
2925 4796 3055 4869 παρ’
3082 4799 3212 4868 ἡμῖν
3245 4798 3445 4852 άλεκτα
3491 4800 3729 4869 λέγεταε.

2155 4890 2315 4963 Παρά
2334 4889 2391 4943 δὲ
2411 4892 2531 4953 ταῖς
2556 4888 2838 4952 συνούσαις
2859 4889 3007 4960 αύτῷ
3032 4888 3272 4960 θηλείαις
3294 4894 3568 4964 γνωριστά
3588 4910 3601 4922 ·
3631 4910 3735 4945 πα-

2160 4983 2411 5055 ρέπονται
2433 4982 2488 5036 δὲ
2513 4980 2662 5052 αὑτῷ
2694 4983 2751 5036 αἱ
2784 4980 2890 5034 τῶν
2915 4980 3141 5051 ὀρνίθων
3167 4981 3391 5050 ἀγέλαι,
3427 4984 3515 5036 διὰ
3538 4984 3602 5037 τὸ
3632 4986 3734 5037 πά-

2157 5089 2256 5137 σας
2297 5074 2425 5137 ῐσως
2461 5074 2795 5143 περινοστεῖν
2832 5073 2899 5143 τῇ
2937 5072 3066 5143 περὶ
3090 5072 3253 5126 αὑτὸν
3282 5072 3473 5144 ἡδονῇ·
3500 5074 3733 5145 εὔψυχος

2154 5167 2211 5220 δέ
2241 5168 2356 5218 ἐστι
2386 5165 2589 5229 πάσαις
2615 5164 2777 5227 αὐτὸς
2801 5165 2880 5227 είς
2908 5164 3154 5235 ἀγάπην·
3188 5163 3359 5228 οὕτως
3398 5166 3477 5235 τῷ
3509 5168 3731 5220 πάντων

2152 5256 2272 5327 Θεῴ
2300 5256 2357 5310 αἱ
2381 5254 2488 5309 τῶν
2514 5254 2757 5323 ἀγγέλων
2781 5253 2982 5319 τάξεις,
3004 5254 3064 5307 ού
3097 5255 3255 5327 μόνον
3284 5256 3454 5327 φόϐῳ,
3484 5256 3730 5313 ἀλλὰκαὶ

546 5398 803 5454 “v.27.
877 5398 1003 5453 σιν.
1079 5394 1169 5467 so.
1244 5391 1497 5447 "v.15.
1571 5390 1818 5445 “v.17.
1888 5388 2079 5443 "tua

2177 5404 2342 5454 .xvlt,
2375 5391 2426 5444 6.
2504 5393 2553 5425 ’⁸
2586 5410 2637 5447 v.
2670 5393 2759 5448 5|.

550 5512 665 5595 (18)
695 5516 883 5570 Adhuc
904 5513 1158 5569 laudatur
1188 5512 1257 5567 ab
1281 5510 1514 5581 Origene
1537 5515 1883 5579 peccatorum
1917 5520 2047 5561 con-

474 5582 666 5723 fes;
692 5652 1043 5707 Adnotandus
1072 5660 1161 5723 esi;
1183 5651 1271 5705 hic
1303 5651 1453 5705 locus
1480 5646 2045 5723 grammalicjirpm'

475 5717 661 5779 ser'tim
691 5739 814 5778 cum
848 5723 1099 5777 Sturzius
1127 5721 1202 5774 De
1230 5723 1448 5773 dialect.
1473 5720 1624 5772 Alex.
1661 5733 1712 5785 p.
1750 5717 1854 5771 154
1882 5719 2038 5785 ’seq.,

477 5794 635 5865 primi
682 5807 841 5850 casus
887 5793 1103 5847 nonnisi
1160 5790 1596 5847 terminationem
1649 5788 1716 5850 ἃς
1774 5798 2038 5843 memoret

2156 5507 2274 5576 ejus
2300 5508 2537 5580 dialecti.
2574 5509 2641 5562 Et
2667 5510 2884 5580 quidem
2945 5525 3043 5566 nos
3088 5512 3154 5566 de
3202 5512 3303 5567 hac
3332 5527 3391 5567 re
3422 5510 3592 5567 locuti
3636 5528 3726 5566 su-

2155 5594 2275 5652 mus
2305 5578 2433 5652 olim
2474 5579 2528 5633 in
2562 5578 2698 5633 adn.
2734 5581 2800 5633 ad
2840 5582 3122 5636 Ciceronis
3168 5598 3264 5650 pro
3320 5598 3438 5652 rege
3484 5584 3725 5637 Alexan-

2151 5649 2308 5723 drino
2344 5650 2670 5718 fragmenta,
2699 5665 2820 5723 qua:
2853 5652 3143 5723 edidimus,
3170 5649 3331 5723 quem
3360 5649 3545 5723 regem
3585 5655 3727 5723 pris-

2150 5734 2247 5775 cus
2278 5720 2549 5789 interpres
2578 5736 2676 5791 pro
2713 5721 3019 5775 Alexandro
3046 5720 3451 5778 dicit’AIexam'.
