3958 6548
207 428 309 503 '25:,
1345 436 1715 500 mrosrrto
1750 443 1816 499 IN
1850 432 2272 502 puov‘nnntA.
3353 412 3463 510 ait

201 562 388 644 ἀγάπῃ
407 566 725 624 ὑπείκουσιν
747 570 885 639 (20),
923 569 1010 623 ὅτε
1038 567 1180 622 θέλει
1200 569 1359 635 αὐτὸς
1380 568 1519 623 νοεῖν
1539 569 1707 634 αὐτὰς
1728 569 1788 623 τὸ

1903 581 2106 624 tantum
2151 573 2245 625 sed
2272 587 2336 626 ex
2370 586 2562 628 amore
2610 572 2774 627 etiam
2806 572 3201 644 obsequuntur,
3237 589 3359 629 cum
3394 578 3463 632 ab

201 661 530 733 πρόσταγμα
560 660 722 714 αὑτοῦ
757 659 852 714 καὶ
885 660 1057 715 ποιεῖν
1078 679 1091 693 ο
1132 661 1392 727 ὡσαύτως
1429 662 1487 717 δὲ
1532 665 1626 718 καὶ
1658 666 1786 738 περὶ

1903 663 1969 719 :is
1996 664 2111 733 ipse
2142 664 2396 735 cognosci
2440 663 2558 719 vult
2600 666 2851 721 mandata
2894 681 2991 722 sua
3019 676 3072 721 et
3115 681 3283 736 apere
3311 683 3463 724 com-

198 757 316 821 ταῖς
359 754 472 810 τῶν
520 754 746 808 δικαίων
787 756 988 828 ψυχαῖς
1028 755 1302 825 πέφυκενο
1338 757 1461 811 ὅσαι
1500 758 1609 830 γὰρ
1655 758 1787 812 ὑπό⁴

1903 752 2042 809 ιΙει-ἰ.
2090 753 2185 810 Sic
2210 756 2377 811 etiam
2431 756 2577 812 circa
2610 754 2887 825 justorum
2916 750 3130 812 animas
3162 758 3278 814 ﬁeri
3305 774 3464 817 com-

198 865 405 903 κεινται
431 845 512 918 τῷ
553 848 935 920 προστάγματι
965 846 1128 903 αὐτοῦ
1150 888 1166 913 ,
1201 847 1262 901 ού
1294 849 1452 920 μόνον
1482 848 1548 902 τὰ
1578 851 1635 904 ἐν
1663 852 1784 913 ταῖς

1903 850 2130 900 iaratum
2160 858 2262 901 est.
2291 844 2425 901 Nam
2466 858 2736 919 quotquot
2773 849 3041 905 mandatis
3076 850 3195 921 ejus
3245 852 3461 907 obtem-

199 930 445 1012 Γραφαίς
477 938 883 1010 ὲναποκείμενα
930 941 1206 1013 μυστήρια
1248 940 1341 995 καὶ
1384 939 1524 1012 βάθη
1572 938 1783 995 εύδοκεί

1903 948 2098 1001 ierant,
2132 954 2239 993 non
2284 938 2445 994 modo
2475 956 2598 1009 qua!
2624 941 2676 996 in
2706 938 3003 1009 Scripturis
3036 943 3313 1012 proposita
3333 954 3465 999 sunt

201 1026 514 1098 γινώσκειν,
547 1027 683 1082 ἀλλά
713 1027 809 1081 καὶ¹
848 1026 948 1082 ὅσα
974 1029 1033 1082 ὲν
1062 1027 1140 1100 τῷ
1172 1028 1271 1102 βίῳ
1303 1029 1511 1101 πέφυκε
1536 1030 1780 1100 γίνεσθαι

1903 1032 2152 1101 mysteria
2177 1041 2232 1086 et
2259 1046 2348 1085 res
2378 1032 2669 1098 abstrusaz,
2709 1031 2889 1102 placet
2933 1033 2982 1087 ei
3012 1042 3070 1086 ut
3098 1044 3464 1100 cognoscant,

197 1120 307 1181 τοῖς
340 1116 670 1189 ἀνθρώποις,
698 1117 849 1188 παρά
875 1116 1180 1189 ἀνθρώπων
1208 1136 1266 1172 τε
1301 1120 1396 1173 καὶ¹
1419 1118 1710 1192 δαιμόνων,
1743 1119 1776 1193 ἢ

1903 1123 1987 1177 sed
2018 1137 2357 1193 quascunque
2388 1124 2554 1179 etiam
2605 1123 2660 1179 in
2698 1124 2900 1180 mundo
2932 1125 3051 1179 lieri
3079 1125 3256 1181 solent
3284 1125 3467 1181 horni-

196 1200 259 1259 δι’
296 1208 547 1278 ὁράσεως
586 1206 739 1271 νοὸς,
781 1208 963 1281 χάριτι
1011 1207 1156 1262 θείου
1190 1208 1508 1281 Πνεύματος
1552 1210 1815 1283 παρέχει

196 1299 530 1372 πρόγνωσιν,
554 1298 589 1370 ἢ
612 1300 681 1353 δι’
701 1299 938 1370 ἀγγέλου
967 1300 1189 1373 μύησιν,
1213 1301 1246 1375 ἦ
1269 1301 1334 1355 δι’
1350 1303 1624 1375 ὁράματος
1650 1304 1785 1358 ἁπο-

197 1392 446 1465 κάλυψιν.

1889 1213 2072 1281 nibus,
2102 1216 2188 1272 vel
2219 1217 2286 1270 ab
2324 1216 2641 1272 hominibus
2669 1216 2805 1287 ipsis
2831 1215 2917 1271 vel
2944 1232 2974 1271 a
3000 1208 3360 1281 daemonibus,
3381 1204 3474 1274 vel.

1888 1306 2091 1361 mentis
2141 1302 2538 1362 illuminatione
2581 1302 2684 1379 per
2724 1307 2897 1362 divini
2943 1306 3182 1377 Spiritus
3212 1288 3468 1380 gratiam,

1889 1398 2084 1452 borum
2118 1398 2339 1467 inquam
2381 1399 2760 1468 prmvisionem
2790 1400 2858 1456 iis
2886 1399 3223 1471 imponitur,
3252 1398 3337 1456 vel
3368 1416 3467 1471 per

1885 1490 2209 1561 angelorum
2250 1490 2631 1558 munitionem,
2687 1492 2773 1550 vel
2824 1507 2921 1563 per
2960 1492 3194 1549 visionis
3234 1492 3469 1562 alicujus

1886 1582 2296 1638 revelationem.

1424 1671 1598 1743 (CAP.
1636 1670 1806 1727 xxx:
1843 1668 2053 1741 vano.
2087 1666 2271 1747 LAT.)

256 1763 543 1829 Δυνάστας
594 1764 827 1818 ἐνταῦθα
877 1766 1005 1830 τοὺς
1047 1764 1291 1830 δικαίους
1339 1767 1537 1838 φησὶν,
1589 1767 1785 1831 οἵτινες

1959 1770 2003 1801 ⁹⁹
2022 1760 2396 1840 Ιϊγιιιιειιιεῖιίο
2422 1766 2554 1853 dicit
2572 1770 2749 1839 justos
2783 1770 3057 1838 homines,
3080 1770 3172 1841 qni
3203 1772 3469 1827 adversus

192 1856 339 1911 κατὰ
364 1855 475 1909 τῶν
502 1856 770 1928 δαιμόνων
797 1858 890 1910 καὶ
912 1855 1022 1912 τῶν
1042 1854 1233 1912 παθῶν
1258 1858 1357 1930 τὴν
1378 1857 1607 1929 δύναμιν
1631 1858 1783 1930 ἔχον-

191 1966 318 2013 τες,
360 1950 555 2019 ἥντινα
603 1947 774 2020 θυμὸν
817 1948 1043 2002 ἐκάλεσε
1063 1950 1085 1978 ·’
1112 1948 1188 2022 μὴ
1226 1949 1531 2004 πινέτωσαν
1578 1953 1643 2004 ἐκ
1688 1951 1784 2005 τοῦ

191 2040 279 2094 τὸν
334 2040 464 2095 νοῦν
515 2039 909 2112 μεθύσκοντος,
951 2040 1045 2096 καὶ
1100 2041 1202 2106 τὰς
1256 2042 1460 2115 φρένας
1505 2042 1785 2108 θολοῧντος

191 2133 427 2200 όξὼδους
452 2130 595 2187 οἴνου
626 2132 735 2189 τῶν
760 2134 1073 2207 αἱρετικῶν,
1101 2134 1196 2189 τοῦ
1220 2134 1363 2189 κατὰ
1394 2136 1491 2208 τῆς
1516 2136 1611 2190 τοῦ
1649 2135 1784 2191 θεοῦ

192 2225 390 2295 σοφίας
416 2218 670 2295 γνώσεώς
697 2244 751 2279 τι
782 2226 1029 2299 ἔχοντοςο
1078 2227 1165 2281 ἵνα
1199 2226 1273 2299 μὴ
1304 2228 1547 2295 πιόντες,
1601 2228 1787 2285 ἐπιλά-

191 2317 398 2371 θωνται
422 2316 526 2387 τῆς
571 2315 665 2371 τοῦ
695 2316 829 2371 Θεοῦ
872 2318 1099 2387 σοφίας,
1131 2318 1226 2374 καὶ
1270 2318 1406 2392 epos
1453 2320 1659 2394 κρίνειν
1693 2322 1787 2377 καὶ

190 2412 334 2463 νοεῖν
369 2409 471 2482 τὴν
504 2408 739 2482 Θεωρίαν
764 2409 865 2480 τῆς
884 2408 1158 2480 γνώσεως,
1187 2411 1372 2465 ούκέτι
1406 2412 1467 2465 ού
1504 2412 1580 2484 μὴ
1604 2412 1788 2468 δύναν-

190 2518 273 2557 ται
311 2502 549 2568 ἑαυτούς
576 2521 637 2557 τε
673 2504 767 2557 καὶ
792 2504 918 2568 τοὺς
943 2502 1365 2577 ἀσθενεστέρους
1387 2505 1617 2578 ὠφελεῖν
1645 2506 1789 2561 κατά

190 2590 399 2664 ψυχήν·

255 2678 394 2748 Τοῖς
439 2686 501 2738 ὲν
549 2684 847 2756 ἁμαρτίαις
893 2686 1249 2758 ὀδυνωμένοις
1302 2690 1396 2742 καὶ
1456 2688 1783 2760 ἀπογνώσει,

189 2772 306 2831 δότε
340 2778 410 2830 ἐκ
435 2776 530 2831 τοῦ
565 2774 889 2848 ἀμπελῶνος
928 2778 1024 2833 τοῦ
1054 2778 1259 2852 Κυρίου
1304 2784 1457 2835 πιεῖν
1479 2782 1561 2846 είς
1593 2779 1784 2853 μέθην,

190 2868 450 2922 τουτέστι
482 2867 737 2939 νηστείαν
756 2909 772 2934 ,
822 2870 1130 2943 προσευχὴν
1151 2910 1166 2936 ,
1204 2872 1532 2944 ἐγκράτειαν
1552 2916 1567 2939 ,
1599 2873 1788 2945 ἐξομο-

189 2959 423 3032 λόγησιν
470 2960 566 3014 καὶ
592 2961 769 3015 πάντα
802 2963 905 3016 ὅσα
939 2962 1018 3027 είς
1056 2948 1392 3038 εύφροσύνην
1416 2964 1596 3036 ψυχῆς
1621 2983 1635 2997 ·
1674 2969 1788 3030 τοῖς

188 3050 244 3104 δὲ
276 3054 343 3106 ἐν
372 3052 592 3124 ἀρχαῖς,
627 3052 823 3117 ὀδύνας
860 3054 961 3126 τῆς
1011 3054 1287 3128 ἁμαρτίας
1319 3058 1462 3110 πιεῖν
1487 3058 1568 3120 είς
1602 3056 1785 3127 κόρον,

1888 1858 2162 1917 daemones
2194 1871 2248 1916 et
2273 1844 2598 1932 cupiditates
2623 1859 2833 1916 viribus
2871 1862 3098 1931 pollent,
3126 1878 3262 1934 quas
3303 1880 3470 1918 voca-

1889 1952 2016 2006 bulo
2053 1952 2348 2009 iracundia:
2391 1953 2685 2008 denotavit.
2728 1951 2807 2007 Ne
2835 1955 3049 2023 bibant,
3082 1955 3277 2025 inquit,
3312 1970 3379 2012 ex
3406 1970 3471 2010 co

1888 2045 2032 2113 quod
2057 2056 2290 2101 mentem
2316 2046 2513 2110 ebriat,
2534 2055 2590 2100 et
2614 2046 2903 2102 cerebrum
2933 2047 3136 2116 turbat,
3159 2049 3320 2105 acido
3345 2049 3472 2103 vino

1889 2135 2294 2202 haereticorum,
2324 2136 2469 2206 quod
2510 2135 2606 2190 Dei
2639 2135 2924 2205 sapientia:
2949 2145 3006 2191 et
3038 2137 3303 2206 agnitioni
3333 2153 3472 2194 con-

1889 2228 2115 2281 trarium
2150 2237 2276 2283 est:
2327 2244 2393 2282 ne
2432 2226 2573 2284 forte
2620 2242 2686 2283 eo
2728 2239 2911 2298 epoto,
2956 2227 3353 2284 obliviscantur
3386 2244 3470 2284 sa-

1888 2318 2105 2388 pientiae
2154 2319 2295 2387 Dei;
2338 2329 2393 2374 et
2449 2328 2597 2375 recte
2625 2320 2922 2389 dijudicare
2977 2320 3472 2393 atqueinlelligere

1887 2412 2134 2466 scientia:
2165 2412 2433 2467 theoriam
2470 2411 2614 2466 haud
2644 2412 2906 2478 valentes,
2941 2413 3197 2483 deinceps
3219 2411 3328 2491 jam
3364 2429 3471 2470 non

1890 2503 2104 2574 p0ssint
2167 2517 2281 2558 suae
2341 2513 2397 2559 et
2466 2503 2695 2560 aliorum
2758 2498 3119 2559 inlirmior’um
3187 2506 3473 2562 animabus

1890 2596 2170 2666 prodesse.
3326 2654 3333 2662 δ

1964 2687 2033 2728 ¹-²
2066 2686 2136 2742 lis
2173 2687 2265 2756 qui
2293 2688 2531 2756 peccatis
2553 2699 2822 2757 anguntur
2850 2697 2905 2744 et
2933 2687 3330 2759 desperatione,
3352 2688 3474 2743 date

1890 2780 1958 2835 de
1994 2779 2150 2835 vinea
2180 2780 2393 2836 Domini
2432 2764 2619 2835 bibere
2659 2782 2731 2836 ad
2765 2778 3103 2847 ebrietatem,
3141 2781 3193 2835 id
3219 2790 3303 2837 est
3333 2779 3473 2853 jeju-

1890 2873 2064 2937 nium.
2114 2871 2441 2935 orationem,
2493 2873 2912 2940 continentiam,
2966 2872 3368 2930 confessionem
3415 2881 3475 2928 et

1890 2979 2229 3035 quaecunque
2267 2965 2504 3020 animam
2557 2964 2886 3021 exhilarant.
2921 2963 2993 3019 At
3026 2965 3098 3022 iis
3135 2966 3233 3036 qui
3257 2975 3388 3023 sunt
3419 2965 3474 3019 in

1892 3055 2308 3128 principatibus,
2336 3056 2461 3112 date
2493 3057 2702 3127 peccati
2729 3056 2944 3112 dolores
2971 3056 3160 3113 bibere
3200 3055 3268 3110 ad
3310 3054 3474 3111 satie-

191 3136 277 3198 ἵνα
304 3144 530 3209 πιόντες
561 3125 925 3202 ἐπιλάθωνται
957 3125 1065 3218 τῆς
1085 3125 1473 3220 δαιμόνίώδους
1514 3125 1703 3212 πενίας
1721 3165 1734 3178 ⁸
1759 3151 1789 3203 ὁ

1903 3125 2084 3216 tatem,
2119 3159 2178 3204 ut
2209 3150 2293 3204 bis
2318 3125 2506 3220 epotis
2519 3149 2915 3205 obliviscantur
2942 3147 3224 3223 diabolica:
3252 3147 3471 3219 inopiae.

188 3238 300 3309 γὰρ
336 3237 634 3310 μεθυσθεὶς
663 3240 770 3293 ἀπὸ
795 3241 895 3312 τῆς
918 3239 1170 3310 γνώσεως
1189 3240 1282 3294 τοῦ
1309 3240 1536 3314 Κυρίου,
1570 3241 1789 3295 ἐπιλαν-

191 3328 424 3384 θάνεται
457 3331 558 3403 τὴν
582 3331 782 3404 πρᾶξιν
812 3332 920 3386 τῶν
942 3324 1163 3388 ὀδυνῶν.

261 3422 493 3496 Πένητα
516 3422 662 3493 λέγει
689 3423 781 3479 τὸν
802 3423 1167 3498 ἐστερημένον
1186 3425 1286 3497 τῆς
1314 3424 1588 3496 γνώσεως,
1622 3423 1786 3480 ἀσθε-

192 3514 258 3583 νῆ
286 3515 352 3568 δὲ
377 3513 472 3569 τὸν
507 3515 818 3590 ἀκάθαρτον
841 3519 961 3582 ταῖς
990 3518 1307 3590 ἁμαρτίαις.

1893 3243 2029 3300 Nam
2062 3241 2156 3313 qui
2197 3241 2383 3297 cbrius
2424 3251 2511 3297 est
2536 3239 2813 3313 agnitione
2862 3236 3101 3305 Domini,
3131 3234 3475 3295 obliviscitur

1896 3335 2142 3392 dolorum
2174 3334 2408 3404 praxim.
3136 3402 3143 3408 θ
3187 3404 3191 3409 ἢ

1964 3432 1989 3475 ι
2019 3427 2238 3496 Inopem
2277 3425 2411 3481 dicit
2445 3420 2723 3481 hominem
2756 3421 2986 3481 scientia
3025 3416 3338 3489 carentem;
3393 3422 3475 3478 in-

1899 3516 2133 3583 ﬁrmum,
2164 3515 2404 3586 peccatis
2435 3513 2800 3587 inquinatum.

1649 3612 1801 3669 CAP.
1840 3610 2027 3668 XXV..

277 3703 340 3755 Ὀ
384 3692 534 3773 λόγῳ
560 3704 915 3776 πνευματικῷ
943 3705 1034 3761 τὸν
1080 3705 1306 3762 παλαιὸν
1343 3702 1627 3779 ἄνθρωπον
1658 3706 1791 3761 ἀπο-

1971 3703 1993 3736 ⁴
2026 3700 2132 3770 Qui
2178 3702 2455 3773 spiritali,
2490 3688 2658 3783 verbo
2684 3712 2919 3759 veterem
2970 3703 3244 3760 hominem
3276 3704 3477 3761 occidit

192 3798 430 3851 κτείνων
452 3836 467 3860 ,
502 3796 594 3849 τὸν
641 3796 995 3870 φθειρόμενον
1025 3801 1168 3854 κατά
1204 3799 1304 3864 τάς
1351 3798 1646 3871 ἐπιθυμίας
1695 3797 1791 3869 τῆς

1903 3805 2214 3869 corruptum
2260 3796 2413 3851 illum
2445 3796 2653 3852 scilicet
2686 3796 2986 3852 secundum
3026 3798 3233 3853 erroris
3265 3797 3477 3866 cupidi-

192 3890 452 3961 ἀπάτης,
498 3889 755 3963 κατορθοῖ
786 3893 845 3946 ὲν
872 3891 1189 3967 δικαιοσύνῃ
1211 3893 1303 3946 τὸν
1335 3892 1500 3947 αὑτοῦ
1530 3891 1654 3946 νοῦν
1678 3930 1694 3956 ,
1736 3891 1791 3955 ὃς

1903 3899 2056 3954 tates,
2085 3896 2363 3943 restaurat
2393 3887 2461 3942 ad
2490 3885 2761 3955 justitiam
2795 3894 3033 3942 mentem
3070 3885 3208 3955 ejus,
3242 3902 3361 3957 quae
3387 3888 3474 3943 di-

190 3983 420 4055 λέγεται
470 3982 661 4057 θρόνος
708 3979 844 4038 εἶναι
907 3984 1042 4039 Θεοῦ
1065 4004 1076 4016 -
1118 3985 1354 4057 οὐδαμοῦ
1395 3987 1504 4057 γὰρ
1550 3985 1791 4056 πέφυκεν

1903 3981 2036 4035 citur
2067 3980 2297 4035 thronus
2347 3993 2469 4033 esse
2502 3978 2593 4032 Dei
2625 3994 2639 4030 :
2667 3991 2933 4049 nusquam
2982 3980 3129 4032 enim
3174 3977 3311 4034 solet
3339 3978 3471 4033 alibi

198 4073 450 4147 ἀλλαχοῦ
488 4073 815 4139 καθέζεσθαι
843 4076 1009 4144 σοφία
1058 4077 1151 4130 κα)⁸
1201 4075 1422 4145 γνῶσις.
1472 4075 1567 4130 καὶ
1587 4076 1791 4130 δικαιο-

1903 4072 2087 4126 sedere
2122 4069 2387 4139 sapientia
2436 4080 2493 4121 et
2542 4067 2769 4122 scicntia
2809 4077 2972 4137 atque
2997 4067 3243 4137 justitia,
3278 4068 3386 4125 nisi
3417 4069 3473 4124 in

193 4166 334 4238 σύνη
358 4206 376 4229 ,
408 4169 460 4219 εἰ
488 4166 564 4237 μὴ
594 4167 652 4220 ἐν
682 4165 842 4237 φύσει
894 4166 1083 4239 λογικῇ
1107 4184 1120 4197 ·
1155 4167 1327 4223 ταῦτα
1359 4167 1414 4222 δὲ
1441 4168 1617 4222 πάντα
1644 4169 1790 4222 ἐστὶν

189 4260 220 4311 ό
255 4258 527 4331 Χριστός.
1146 4340 1153 4345 ’

264 4345 403 4414 Dio;
437 4345 512 4416 εἴ,
538 4350 780 4414 τοιοῦτος
810 4350 1023 4421 φαίνου,
1058 4351 1153 4405 καὶ
1179 4351 1607 4431 μὴξὰλαζονεύου
1627 4393 1641 4415 ,
1673 4353 1789 4407 ἀλλ’

1899 4159 2150 4216 rationali
2181 4160 2394 4213 natura.
2425 4148 2550 4213 Haec
2577 4167 2756 4213 autem
2793 4159 2978 4213 omnia
3017 4159 3270 4218 Christus
3299 4173 3397 4217 est.

1967 4345 1989 4378 ⁸
2026 4342 2210 4412 Qualis
2235 4357 2317 4408 es,
2353 4341 2473 4397 talis
2510 4354 2798 4413 apparens,
2841 4342 3015 4411 neque
3059 4349 3112 4396 te
3149 4342 3347 4412 jactes‘,
3377 4342 3473 4398 sed

192 4444 289 4495 ἐπὶ
337 4439 526 4510 σοφῶν
557 4440 705 4509 σίγα,
744 4440 836 4494 καὶ
866 4441 959 4494 ἐπὶ
988 4426 1375 4513 πρεσϐυτέρων
1403 4442 1643 4515 ἀκροαΟῢ
1661 4460 1675 4473 ⁸
1716 4444 1791 4515 μὴ

1903 4451 2083 4492 coram
2116 4432 2458 4506 sapientibus
2489 4431 2612 4498 sile,
2662 4441 2717 4487 et
2760 4432 2906 4487 inter
2926 4432 3175 4488 seniores
3195 4440 3323 4515 esto'
3370 4426 3492 4489 au?

189 4534 390 4604 εἴπῃς,
423 4531 647 4585 Ἐπάνω
675 4531 783 4584 τῶν
806 4530 1024 4603 ἄστρων
1047 4532 1196 4603 θήσω
1220 4533 1311 4587 τὸν
1340 4532 1525 4604 θρόνον
1557 4552 1681 4607 μου,
1704 4537 1799 4590 καὶ

190 4624 402 4696 ἔσομαι
431 4624 625 4693 ὅμοιος
668 4622 745 4694 τῷ
789 4622 1061 4694 Ὑψίστῳσ
1101 4623 1175 4696 μὴ
1218 4623 1317 4695 ἔρα
1352 4626 1464 4687 τῶν
1510 4627 1796 4699 πρωτείων

187 4717 295 4787 τῆς
322 4713 751 4785 προκαθεδρίας,
778 4713 912 4768 ἀλλά
930 4714 1021 4768 τὸν
1046 4713 1269 4785 ἔσχατον
1296 4716 1461 4771 τόπον
1483 4718 1759 4774 ἀπόϐλεπε
1780 4736 1793 4750 ο

191 4811 460 4879 κρεῖσσον
478 4804 590 4878 γὰρ
622 4806 852 4877 ῥηθῆναί
884 4824 987 4869 σοι,
1023 4807 1278 4880 Ἀνὰδηθι
1306 4803 1444 4881 πρός
1478 4828 1570 4883 με,
1597 4811 1631 4884 ἢ
1664 4812 1799 4884 πρὸς

188 4896 288 4951 τὸν
331 4896 570 4967 ἔσχατον
596 4894 760 4949 τόπον
806 4897 1134 4969 ἀποδοθῆναί
1176 4914 1236 4952 σε
1280 4901 1397 4971 μετ’
1436 4901 1697 4975 αἰσχύνης
1739 4905 1797 4958 ὲν

191 4990 490 5061 προσώπῳ
518 4987 781 5042 δυνάστου
804 5004 817 5018 ⁸
851 4990 988 5059 μήτε
1022 4988 1131 5060 γὰρ
1163 4992 1420 5063 φρόνιμον
1454 4993 1645 5049 ἑαυτὸν
1686 4996 1796 5066 κήο-

192 5098 393 5152 ρυττε,
430 5081 571 5151 μήτε
611 5079 818 5134 δίκαιον
845 5080 1092 5150 λογίζου*
1128 5086 1383 5152 κρεῖσσον
1427 5084 1536 5157 γὰρ
1565 5085 1797 5158 ῥηθῆναι

191 5175 336 5244 περὶ
365 5172 462 5226 σοῦ
487 5191 501 5204 ⁸
542 5173 645 5227 Διὸ
675 5174 774 5227 καὶ
814 5176 847 5228 ὁ
876 5176 1020 5239 Θεὸς
1049 5174 1236 5229 αὐτὸν
1263 5176 1657 5246 ὑπερύψωσε,
1698 5179 1796 5232 καὶ

187 5269 537 5341 ἐχαρίσατο
570 5268 733 5335 αὐτῷ
764 5269 953 5339 ὄνομα
978 5268 1043 5322 τὸ
1074 5267 1228 5338 ὑπὲρ
1253 5269 1376 5326 πᾶν
1398 5270 1605 5340 ὄνομα.

284 5362 506 5415 Ὀπίσω
544 5360 696 5429 λέγει
745 5359 814 5414 τὰ
853 5361 1256 5434 προγεγονόταν
1324 5362 1475 5432 φίλος
1523 5361 1580 5415 δὲ
1644 5362 1799 5432 ἡμῶν

1894 4527 2180 4584 scultator.
2228 4526 2306 4581 Ne
2357 4525 2506 4581 dicas
2542 4541 2558 4579 :
2592 4524 2767 4595 Super
2795 4532 2940 4579 astra
2967 4540 3160 4595 ponam
3218 4510 3495 4579 thronum

1894 4634 2093 4683 meum,
2120 4627 2283 4674 etero
2296 4616 2489 4672 similis
2506 4614 2862 4671 Altissimo“.
2885 4610 2965 4670 Ne
2994 4613 3216 4671 all'ectes
3246 4614 3474 4686 primam

1894 4708 2235 4774 cathedram,
2266 4709 2362 4766 sed
2391 4714 2698 4763 extremum
2729 4706 2915 4762 locum'
2940 4714 3146 4786 specta.
3172 4706 3364 4762 Melius
3392 4698 3477 4762 est

1903 4807 2051 4860 enim
2092 4813 2151 4859 ut
2182 4802 2279 4857 tibi
2318 4802 2535 4857 dicatur
2568 4817 2584 4854 :
2614 4799 2865 4856 Ascende
2895 4801 2962 4855 ad
2996 4808 3102 4864 me,
3128 4813 3288 4869 quam
3324 4809 3385 4853 ut
3418 4801 3472 4853 in

1903 4905 2238 4965 postremum
2297 4892 2476 4947 locum
2538 4890 2805 4961 rejiciaris
2868 4894 2992 4946 c'um
3054 4890 3343 4960 ignominia
3419 4892 3477 4943 in

1902 4997 2198 5060 conspectu
2232 4986 2493 5056 dynastas.
2538 4982 2724 5054 Neque
2754 4993 2805 5069 te
2833 4984 3151 5065 prudentem
3190 4980 3474 5051 praedices,

1902 5093 2077 5150 neque
2105 5087 2154 5132 te
2173 5078 2379 5146 justum
2404 5074 2703 5130 existimes.
2744 5071 2938 5129 Melius
2962 5080 3046 5128 est
3077 5071 3222 5128 enim
3246 5079 3309 5124 ut
3329 5069 3396 5123 de
3422 5077 3477 5124 te

1903 5170 2116 5224 dicatur
2154 5184 2167 5220 :
2202 5165 2488 5235 Propterea
2516 5160 2681 5217 illum
2701 5161 2839 5217 Deut
2872 5158 3280 5232 superexaltavit
3306 5172 3354 5213 et
3382 5159 3477 5212 do-

1901 5262 2040 5318 navit
2073 5261 2121 5315 ei
2157 5275 2344 5315 nomen
2367 5254 2507 5327 quod
2534 5266 2609 5311 est
2637 5260 2798 5326 super
2822 5256 2977 5309 omne
2999 5252 3186 5307 nomen
3221 5251 3264 5304 '.

1975 5355 1995 5386 "
2020 5353 2189 5408 Retro
2219 5348 2368 5417 dicit,
2397 5366 2484 5406 res
2513 5364 2635 5420 qure
2661 5348 2901 5403 fuerunt.
2945 5338 3171 5401 Amicus
3199 5354 3327 5398 vero
3376 5357 3475 5397 na-

190 5454 361 5508 ὲπιν
385 5454 415 5506 ὁ
441 5452 600 5516 Θεὸς,
634 5452 694 5516 ὃς
716 5452 804 5505 διὰ
834 5430 932 5524 τὴν
967 5453 1105 5523 πρὸς
1133 5454 1283 5527 ἡμᾶς
1313 5430 1494 5523 φιλίαν
1517 5430 1791 5525 ἄνθρωπος

1906 5458 2022 5504 ster
2046 5446 2212 5508 Deus,
2245 5442 2344 5513 qui
2396 5450 2621 5512 propter
2668 5432 2975 5527 sttam‘erga
3017 5434 3116 5491 nos
3151 5430 3478 5491 charitatem

190 5548 472 5618 γέγονεν’
528 5546 722 5617 εἴρηκε
768 5545 878 5616 γὰρ
928 5544 1089 5610 αὐτὸς
1149 5546 1286 5617 πρὸς
1328 5546 1455 5610 τοὺς
1517 5545 1798 5617 μαθητὰςο

185 5636 422 5693 Οὐκέτι
449 5635 605 5705 λέγω
628 5633 782 5705 ὑμᾶς
811 5634 1073 5702 δούλους
1092 5677 1106 5700 ,
1143 5637 1305 5691 ἀλλὰ
1333 5638 1569 5706 φίλους.
1610 5636 1800 5691 Ἡνίκα

192 5734 263 5786 ἄν
318 5747 391 5784 σε
435 5728 669 5800 ὀνειδίζῃ
717 5731 742 5781 ὁ
794 5728 980 5800 φίλος,
1009 5731 1037 5783 ὅ
1082 5730 1313 5803 Χριστὸς
1356 5729 1538 5797 λέγει,
1573 5729 1659 5783 διὰ
1706 5728 1800 5800 τὴν

1908 5542 2087 5596 factus
2114 5550 2200 5595 est
2232 5538 2415 5591 homo.
2446 5534 2537 5589 Ait
2557 5532 2708 5588 enim
2732 5532 2844 5599 ipse
2867 5515 3145 5599 discipulis
3175 5544 3189 5584 :
3220 5526 3344 5581 lam
3373 5530 3489 5579 non’

1909 5637 2026 5688 dico
2060 5648 2148 5687 vos
2175 5646 2372 5695 servos,
2403 5625 2720 5682 sed'amico‘s‘
2744 5624 2788 5680 ⁸.
2828 5624 2891 5678 Ει
2931 5637 3052 5681 cum
3086 5631 3138 5676 te
3178 5616 3495 5686 increpabit.

1912 5727 2142 5789 amicus.
2166 5720 2419 5779 Christus
2441 5717 2637 5788 inquit,
2665 5726 2723 5771 ut
2749 5732 2779 5770 a
2814 5724 3038 5786 peccato
3069 5713 3321 5773 absistas,
3373 5708 3491 5807 noli.

269 5820 500 5874 "v.4.
579 5818 808 5873 "'v.6.
886 5820 1066 5874 ’v.9.
1147 5821 1333 5876 ‘v.5.
1408 5821 1588 5875 “v.6.
1665 5821 1791 5875 "Is

1903 5832 1994 5884 nv,
2027 5815 2113 5870 14.
2190 5811 2373 5869 'Pltil.
2400 5825 2459 5877 tt,
2495 5808 2549 5865 9.
2624 5808 2645 5841 "
2680 5823 2728 5862 v.
2765 5807 2820 5862 9.
2895 5805 2916 5838 ⁸
2948 5805 3106 5861 Joan.
3134 5803 3339 5864 “.15.

273 5910 409 5983 (20)
437 5911 569 5964 Cod.
615 5910 850 5962 ὑπείκει.

500 6010 774 6068 Parnm.
809 6008 901 6065 Gn
965 6005 1135 6066 XV“

3169 5995 3211 6051 8
