3926 6560
505 393 610 452 ’Ξὖὸ

1392 384 1960 446 SUPPLEMENTUM
2005 389 2093 442 .\D
2129 387 2461 444 ORICENIS
2497 387 2911 444 EXEGETICA.

3658 387 3757 442 256

501 523 877 581 contemnere;
905 515 998 568 sed
1028 514 1180 573 cede.
1213 523 1374 582 atque
1399 514 1465 565 ad
1493 512 1726 582 priorem
1759 513 2075 567 modestiam

2187 512 2461 584 ἁμαρτίαν
2480 553 2494 577 ,
2521 512 2724 584 ταύτης
2768 508 3068 580 ἀπέχεσθαι
3088 549 3101 572 ,
3143 508 3217 580 μὴ
3253 509 3576 580 καταφρόνει
3597 550 3611 572 ,
3651 492 3757 563 ἀλλ’

499 616 793 670 revertere,
827 609 878 661 id
903 617 985 662 est
1021 608 1087 662 ad
1115 606 1206 660 Dei
1245 606 1654 676 benignitatem.

467 763 477 832 tl
568 794 590 825 ’
619 793 864 846 Gratiam
899 792 1030 845 dicit
1073 790 1164 845 Dei
1200 801 1504 861 prascepta;
1563 792 1864 846 amicitiam
1925 809 2075 859 vero,

496 895 738 936 amorem
767 894 894 950 erga
944 879 1110 934 Deum
1141 891 1194 934 ct
1224 881 1554 950 proximum.
1599 879 1702 946 Qui
1754 896 1884 935 vero
1909 881 2074 938 Deum

493 980 660 1033 amat,
691 969 942 1025 observet
962 987 1025 1025 ea
1055 970 1194 1038 apud
1217 987 1298 1036 se,
1327 987 1392 1025 ne
1421 969 1862 1040 despectissimus
1888 991 2074 1029 coram

491 1061 587 1118 illo
614 1063 708 1126 sit,
740 1078 860 1116 cum
893 1078 1333 1132 unumquemque
1365 1079 1464 1132 pro
1498 1064 1708 1117 meritis
1752 1063 1867 1119 suis
1904 1080 2078 1120 reu'u-

490 1153 792 1208 nerabitur.
834 1155 899 1209 Et
935 1156 986 1208 in
1028 1153 1338 1223 Evangeliis
1387 1153 1644 1207 Salvator
1689 1154 1776 1216 iis,
1815 1155 1911 1224 qui
1968 1155 2073 1209 sibi

489 1247 866 1310 crediderant,
898 1244 1100 1301 Iudaeis
1127 1247 1205 1300 ait
1239 1267 1252 1300 :
1287 1245 1350 1301 Si
1378 1263 1464 1300 vos
1509 1245 1564 1298 in
1597 1245 1750 1298 verba
1780 1261 1892 1298 meo
1922 1262 2074 1300 mun-

488 1337 691 1403 :eritis,
721 1355 837 1393 vere
864 1337 1114 1408 discipuli
1137 1339 1237 1392 mei
1265 1339 1411 1403 estis,
1442 1347 1492 1391 et
1518 1339 1707 1390 ceritas
1737 1337 1977 1391 liberavit
2010 1339 2073 1392 de

487 1431 616 1503 legis
650 1431 1104 1488 maledictione".
1143 1431 1202 1485 Si
1245 1445 1380 1498 ergo
1419 1430 1660 1484 charitas
1692 1430 1908 1492 liberat.
1947 1431 2072 1484 Sal-

486 1535 646 1579 vator
671 1540 887 1595 quoque
912 1524 1102 1578 liberat
1134 1537 1145 1575 :
1180 1521 1432 1578 Christus
1469 1533 1650 1576 autem
1671 1534 1754 1576 est
1787 1523 1990 1577 veritas
2017 1533 2072 1577 ct

483 1617 771 1671 cbaritas:
816 1616 960 1670 unde
987 1630 1175 1669 omnes
1215 1615 1311 1685 qui
1351 1615 1774 1671 habenthristi
1801 1615 2067 1680 notitiam,

482 1709 644 1764 amici
697 1709 929 1764 invicem
965 1719 1110 1763 sunt.
1167 1709 1232 1763 Et
1276 1709 1452 1764 sancti
1507 1723 1696 1762 omnes
1745 1707 1908 1763 amici
1953 1707 2070 1774 ejus

481 1805 612 1850 sunt
644 1813 657 1847 :
692 1808 857 1866 atque
888 1798 960 1851 ita
1011 1798 1079 1850 ob
1113 1797 1251 1851 hanc
1306 1797 1466 1851 unice
1511 1797 1855 1864 cbaritatem,
1906 1798 2066 1853 amici

482 1887 603 1952 Dei,
637 1889 797 1942 amici
838 1888 1067 1942 invicem
1095 1897 1244 1942 sunt.

549 1981 595 2012 ’ί
632 1980 734 2047 Qui
778 1981 1002 2034 edoctus
1037 1977 1138 2032 fuit
1171 1977 1422 2043 virtutes,
1458 1993 1664 2048 easque
1708 1995 1871 2051 opere
1911 1994 2068 2034 excr-

479 2085 589 2138 cet,
621 2088 706 2128 res
738 2087 863 2128 suas
893 2071 1053 2127 facile
1081 2071 1342 2126 Custodit.

547 2164 696 2219 Pone
758 2164 995 2232 lapidem
1067 2163 1353 2217 sardinum
1445 2161 1748 2232 pretiosum
1797 2161 1853 2215 in
1900 2177 2065 2217 aurea

479 2256 690 2321 inaure,
725 2265 780 2310 et
808 2253 1133 2324 sapientiam
1165 2252 1380 2308 Domini
1423 2252 1480 2307 in
1520 2262 1705 2308 mente
1743 2253 2066 2323 cupiditati-

477 2346 579 2400 bus
612 2345 782 2401 libera
811 2355 866 2400 et
898 2346 1234 2415 obsequente
1265 2344 1390 2398 Deo.

545 2439 595 2472 "
633 2439 790 2495 Sicut
821 2455 888 2494 ex
930 2441 1055 2494 nive
1102 2436 1275 2492 ﬂuens
1332 2452 1472 2504 aqua
1535 2437 1590 2492 in
1627 2436 1821 2492 messis
1880 2437 2064 2492 calore

478 2532 720 2602 prodest,
754 2541 810 2586 et
830 2541 1020 2585 aestum
1053 2531 1370 2599 refrigerat;
1409 2531 1489 2584 sic
1514 2539 1601 2584 est
1639 2531 1782 2585 Deus
1816 2544 1944 2600 erga
1991 2530 2060 2586 il-

477 2626 561 2679 los
613 2622 707 2694 qui
759 2629 1120 2690 susceperunt
1170 2619 1496 2687 sapientiam
1545 2626 1712 2686 atque
1772 2618 2059 2672 scientiam

476 2717 715 2786 itemque
750 2723 1020 2785 praecepta
1078 2710 1216 2779 ejus.
1264 2710 1333 2764 Et
1387 2711 1528 2764 sicut
1553 2709 1734 2764 nivem
1783 2708 2062 2780 liquefacit

474 2819 662 2873 astus,
693 2809 764 2862 ita
799 2810 996 2862 anima
1023 2805 1326 2876 nequitiam
1347 2802 1481 2874 justi
1512 2803 1615 2858 viri
1642 2801 1962 2858 admonitio.

550 2903 594 2935 ¹⁸
622 2899 776 2957 Sicut
822 2899 967 2956 venti
1018 2909 1075 2954 et
1112 2898 1282 2953 nubes
1333 2897 1516 2951 nautis
1559 2896 1798 2951 evidenti
1855 2896 2059 2951 indicio

471 3004 622 3062 ειιηι,
651 2993 945 3064 quominus
989 2990 1333 3060 naufragium
1383 2990 1708 3053 incurrant;
1743 2987 1821 3042 ita
1851 2988 2058 3042 haben-

472 3089 622 3145 tibus
649 3085 747 3143 Dei
796 3085 1149 3157 sapientiam,
1191 3081 1329 3138 falsa
1381 3081 1610 3138 scientia
1647 3094 1715 3135 ne
1770 3097 1892 3135 cum
1943 3080 2058 3150 glo-

473 3180 746 3238 riantibus
777 3177 830 3233 in
857 3192 920 3233 ea
945 3185 1194 3246 pereant.

545 3275 592 3306 ¹⁶
615 3273 769 3328 Sicut
801 3269 1020 3340 corpori
1059 3282 1184 3323 ossa
1215 3264 1592 3322 fortitudinem
1620 3263 1898 3334 roburque
1919 3277 2054 3318 con-

469 3367 675 3431 ferunt,
710 3366 784 3419 ita
820 3378 879 3418 se
907 3362 1108 3416 habent
1137 3373 1268 3430 erga
1301 3358 1539 3414 animam
1571 3356 1828 3412 virtutes.
1858 3356 2056 3412 Conte-

469 3463 544 3517 rit
576 3471 761 3516 autem
819 3470 946 3510 ossa
1003 3454 1137 3515 haec,
1176 3468 1296 3522 qua:
1348 3460 1572 3520 peccata
1621 3465 1731 3504 non
1786 3456 2057 3518 prtecavet

469 3553 674 3607 anima.
717 3545 978 3603 Nonnulli
1025 3551 1234 3613 partem
1277 3543 1474 3594 anima:
1529 3541 1882 3604 iracundatn,
1915 3537 2055 3592 mol-

468 3643 573 3698 lem
611 3639 1038 3710 appellaverunt,
1071 3647 1193 3702 quae
1223 3647 1322 3686 sua
1355 3630 1555 3698 frangit
1580 3643 1707 3697 erga
1744 3628 1911 3682 Deum
1945 3629 2056 3697 spi-

469 3732 650 3789 ritalia
683 3746 828 3794 ossa,
867 3743 988 3798 qme
1021 3727 1202 3780 dicere
1234 3723 1495 3778 deberent
1529 3739 1541 3774 :
1576 3720 1819 3784 Domine,
1871 3721 2054 3777 Domi-

468 3844 556 3892 ne,
583 3826 699 3897 quis
729 3821 918 3878 similis
948 3818 1044 3872 tibi
1077 3818 1160 3870 '5?

543 3918 591 3951 “
617 3913 864 3972 llominis
893 3925 1126 3980 nequam
1163 3908 1271 3971 via,
1303 3906 1546 3975 nequitia
1577 3914 1660 3960 est
1692 3915 1786 3959 :et
1825 3919 1919 3975 pes
1944 3905 2050 3958 im.

466 4011 646 4085 probi,
683 4005 1006 4080 improbitas
1039 4011 1142 4057 est.
1184 3999 1392 4056 Peribit
1421 4008 1601 4051 autem
1639 3997 1691 4051 in
1721 3998 1809 4050 die
1832 3999 2048 4068 judieii.

465 4101 820 4161 Consuetudo
848 4096 1088 4153 hominis
1121 4095 1174 4149 in
1203 4091 1470 4148 vocabulo
1501 4094 1621 4158 viae,
1653 4106 1819 4162 opera
1868 4092 1920 4144 in
1962 4107 2050 4146 νο-

464 4198 661 4255 cabulo
693 4194 844 4265 pedis
880 4191 1231 4260 intelligetur.

541 4292 585 4325 ³⁷
639 4289 796 4346 Sicut
825 4294 1038 4341 acetum
1092 4279 1334 4343 vulneri,
1386 4277 1531 4346 quod
1587 4277 1698 4344 jam
1735 4284 2050 4344 putrescere

466 4385 655 4457 cmpit,
691 4379 888 4438 inutile
918 4386 1022 4443 est,
1068 4387 1384 4447 quanquam
1443 4370 1584 4426 cibis
1613 4368 1826 4425 confert
1856 4368 2048 4437 jucun-

466 4479 726 4542 ditatem;
762 4473 835 4528 ita
870 4469 1118 4526 mulieris
1147 4474 1475 4534 conspectus
1513 4471 1567 4516 et
1594 4461 1920 4529 colloquium
1953 4475 2050 4515 cor

2183 605 2454 675 ἀναχὼρει
2483 604 2574 658 καὶ
2608 605 2914 674 ύπόστρεφε
2947 602 3084 674 apo;
3108 601 3206 672 τὴν
3238 601 3462 672 πρώτην
3484 602 3761 673 σωφροσύ-

2183 715 2298 768 νην,
2329 697 2572 750 τουτέστι
2595 697 2731 768 πρὸς
2755 697 2856 767 τὴν
2879 693 2972 748 τοῦ
3001 692 3137 747 Θεοῦ
3161 693 3353 763 φιλανθ
3363 692 3592 763 ρωπίαν.

2250 791 2446 861 Χάριν,
2474 791 2574 853 τὰς
2603 788 2697 842 τοῦ
2725 788 2860 842 Θεοῦ
2889 788 3109 852 ἐντολάς
3143 803 3306 858 φησιο
3341 786 3524 856 φιλίαν
3550 787 3608 840 δὲ
3628 826 3643 850 ,
3667 787 3760 859 τὴν

2180 880 2317 952 πρὸς
2365 881 2456 933 τὸν
2485 879 2619 932 Θεδν
2661 879 2756 933 καὶ
2796 878 3024 949 πλησίον
3053 878 3296 947 ἀγάπην.
3334 877 3391 930 Ὀ
3432 877 3488 930 δὲ
3534 879 3758 946 ἀγαπῶν

2176 972 2268 1026 τὸν
2297 971 2429 1024 Θεὸν
2452 972 2744 1044 τηρησάτω
2768 970 2938 1034 αὐτὰς
2972 971 3030 1022 ὲν
3064 971 3241 1039 ὲαυτῳ
3261 1009 3276 1033 ,
3313 970 3401 1022 ἵνα
3445 971 3519 1041 μὴ
3555 970 3759 1023 ἐπονεί-

2177 1065 2357 1130 διστος
2387 1065 2612 1136 γένηται
2645 1067 2776 1138 παρ’
2811 1063 2979 1136 αὐτῷ,
3013 1064 3102 1117 ὅτε
3127 1063 3195 1117 τά
3219 1064 3338 1116 κατ’
3366 1061 3524 1128 ἀξίαν
3549 1063 3761 1135 ἑκάστῳ

2179 1157 2431 1230 ἀπονέμῃ
2452 1174 2464 1185 ·
2489 1159 2581 1211 καὶ
2601 1160 2630 1211 ὁ
2651 1156 2842 1228 Σωτὴρ
2875 1158 2934 1209 ὲν
2961 1154 3311 1224 Εύαγγελίοις
3344 1155 3480 1224 πρὸς
3500 1155 3627 1218 τοὺς
3661 1173 3757 1208 πε-

2178 1251 2534 1314 πιστευκότας
2555 1248 3002 1319 αὐτῷ’ῐουδαίους
3031 1248 3194 1319 φησίν
3213 1263 3228 1280 ο
3267 1247 3406 1300 Ἐὰν
3436 1246 3607 1315 ὑμεῖς
3629 1249 3753 1316 μετ’·

2175 1341 2319 1410 νητέ
2364 1343 2433 1396 ἐν
2462 1341 2543 1407 τῷ
2577 1343 2737 1411 λόγῳ
2780 1339 2861 1406 τῷ
2906 1339 3059 1410 ἐμῷ,
3098 1338 3337 1407 ἀληθῶς
3358 1339 3622 1408 μαθηταί
3639 1358 3758 1408 μου

2173 1436 2350 1498 ἐστέ)
2379 1435 2477 1489 καὶ
2502 1435 2538 1503 ἡ
2553 1434 2805 1500 ἀλήθεια
2823 1432 3242 1501 ἠλευθέρωσεν
3263 1431 3333 1484 ἐκ
3360 1429 3472 1500 τῆς
3498 1430 3761 1500 κατάρας

2173 1527 2281 1580 τοῦ
2318 1527 2536 1596 νόμου·
2566 1527 2614 1579 εί
2643 1522 2736 1579 οὖν
2766 1527 2799 1596 ἡ
2840 1524 2992 1594 φιλία
3042 1523 3352 1594 ἐλευθεροῖ,
3385 1524 3477 1577 καὶ
3515 1525 3544 1576 ὁ
3573 1524 3762 1596 Σωτὴρ

2173 1619 2475 1691 ὲλευθεροί’
2512 1619 2744 1692 Χριστὸς
2766 1617 2823 1671 δέ
2865 1621 3013 1671 ἐστιν
3045 1617 3078 1688 ή
3125 1615 3356 1687 ἀλήθεια
3393 1617 3488 1670 καὶ
3521 1619 3553 1683 ἡ
3586 1617 3758 1683 φιλία,

2172 1711 2295 1764 ὃθεν
2337 1712 2431 1764 καὶ
2464 1712 2666 1775 πάντες
2717 1711 2769 1763 οἱ
2802 1709 3017 1779 ἔχοντες
3064 1707 3266 1777 γνῶσιν
3308 1707 3578 1780 Χριστοῦ,
3616 1707 3762 1777 φίλοι

2171 1803 2416 1875 ἀλλήλων
2447 1803 2584 1856 είσίν
2604 1821 2617 1832 ·
2651 1798 2794 1855 οὕτω
2840 1800 2936 1855 καὶ
2965 1800 3058 1853 ἐπὶ
3091 1799 3295 1869 ταύτης
3333 1799 3490 1870 μόνον
3523 1799 3622 1870 τῆς
3666 1817 3760 1869 φι-

2100 1886 2143 1940 Β
2170 1893 2290 1957 λίας
2318 1895 2368 1948 οἱ
2396 1892 2491 1947 τοῦ
2523 1892 2690 1948 αὑτοῦ
2725 1891 2890 1962 φίλοι,
2919 1891 3017 1944 καὶ
3050 1887 3225 1944 ἄλλων
3263 1889 3371 1942 εἰσὶ
3401 1889 3564 1959 φίλοι.

2252 1988 2311 2040 'O
2332 1986 2603 2057 διδαχθεὶς
2635 1987 2766 2057 περὶ
2801 1985 2910 2038 τῶν
2939 1983 3150 2055 ἀρετῶν
3175 2023 3189 2044 ,
3225 1981 3320 2035 καὶ
3360 1981 3566 2046 ταύτας
3599 1985 3748 2054 ὲνερ·

2169 2079 2304 2147 γῶν,
2333 2077 2403 2130 τὰ
2437 2078 2633 2132 ἑαυτοῦ
2657 2077 2917 2148 φυλάσσει
2947 2073 3410 2137 εύσυναλλάκτως.

2241 2167 2484 2240 Ἔμϐαλε
2511 2169 2724 2240 σάρδιον
2773 2167 3064 2230 πολυτελὲς
3114 2167 3193 2230 είς
3223 2168 3442 2220 ὲνωτιον
3491 2165 3749 2237 χρυσοῦν,

2167 2261 2260 2314 καὶ
2326 2263 2517 2333 σοφίαν
2567 2262 2774 2335 Κυρίου
2837 2264 2918 2326 εἰς
2974 2259 3098 2316 νοῦν
3143 2260 3326 2332 ἀπαθῆ
3375 2259 3470 2315 καὶ
3523 2261 3752 2335 εύήκοον

2167 2355 2377 2428 Κυρίῳ.

2243 2449 2454 2519 ’Ὠσπερ
2478 2445 2539 2499 τὸ
2564 2448 2628 2499 ἐκ
2671 2445 2846 2516 χιόνος
2894 2458 3085 2516 εκρεον
3125 2444 3269 2516 ὕδωρ
3297 2444 3354 2497 ὲν
3383 2443 3578 2516 ἀμητῷ
3606 2444 3753 2498 κατά

2165 2540 2352 2612 καῦμα
2381 2539 2601 2608 ὠφελεῖ,
2637 2539 2732 2592 καὶ
2753 2537 3020 2611 ἀναψύχει
3049 2539 3324 2600 καύσωνα,
3357 2537 3528 2600 οὕτως
3562 2538 3591 2590 ό
3615 2536 3754 2600 Θεὸς

2161 2629 2258 2682 ἐπὶ
2294 2631 2408 2692 τοῖς
2452 2628 2761 2698 δεχομένοις
2792 2629 2892 2700 τήν
2933 2645 2993 2681 τε
3019 2627 3218 2697 γνῶσιν
3251 2626 3344 2680 καὶ
3385 2625 3578 2696 σοφίαν
3601 2666 3617 2691 ,
3654 2627 3754 2678 καὶ

2162 2721 2230 2776 τὰ
2277 2721 2684 2794 προστάγματα
2735 2720 2936 2774 αὐτοῦ’
2987 2722 3082 2775 καὶ
3147 2718 3334 2790 ὥσπερ
3383 2719 3538 2790 χιόνα
3588 2720 3756 2790 τήκει

2162 2817 2402 2880 καύσων,
2433 2815 2574 2869 οὕτω
2601 2815 2802 2870 κακίαν
2824 2815 3022 2887 ψυχῆς,
3045 2815 3256 2869 δικαίου
3283 2812 3631 2885 παραίνεσις.

2237 2911 2450 2981 Ὥσπερ
2482 2910 2675 2981 ἄνεμοι
2722 2910 2817 2963 καὶ
2849 2908 2986 2980 νέφη
3027 2905 3339 2980 πλωτῆρσιν
3383 2905 3756 2974 ἐπιφανέστα-

2157 3021 2240 3057 τοι
2273 3003 2366 3056 τοῦ
2397 3004 2472 3075 μὴ
2499 3004 2840 3075 ναυαγῆσαι,
2887 3001 3030 3056 οὕτω
3072 3003 3185 3065 τοῖς
3229 3001 3287 3055 ὲν
3334 2997 3496 3069 σοφίᾳ
3539 2995 3679 3051 Θεοῦ
3713 3001 3750 3069 ἡ

2156 3095 2358 3168 ψευδὴς
2392 3094 2615 3164 γνῶσις,
2647 3094 2742 3149 τοῦ
2773 3095 2848 3169 μὴ
2884 3096 2979 3150 σὺν
3010 3097 3124 3159 τοῖς
3157 3091 3530 3166 καυχωμένοις
3562 3093 3620 3144 ὲν
3645 3091 3751 3144 αύ-

2157 3186 2225 3256 τῇ
2250 3184 2566 3240 ἀπολέσθαι.

2235 3277 2445 3350 Ὠσπερ
2471 3276 2548 3348 τῷ
2585 3274 2798 3347 σώματι
2847 3275 2916 3328 τὰ
2954 3275 3089 3328 ὀστᾶ
3141 3274 3292 3344 ἰσχὺς
3334 3272 3427 3327 καὶ
3470 3271 3752 3342 ἀσφάλεια

2163 3368 2389 3441 ῥώμης,
2423 3368 2565 3423 οὕτω
2586 3370 2652 3440 τῇ
2682 3368 2827 3440 ψυχῇ
2864 3368 2920 3421 αἱ
2947 3367 3139 3440 ἀρεταὶ
3172 3363 3446 3436 πεφύκασι
3467 3381 3480 3394 ⁸
3521 3363 3754 3435 συντρίο

2161 3463 2246 3516 6ει
2299 3463 2356 3515 δὲ
2395 3461 2569 3516 ταῦτα
2609 3461 2678 3515 τὰ
2722 3463 2858 3515 ὀστά
2906 3460 2981 3532 μὴ
3030 3456 3560 3530 παραφυλασσομένη
3621 3461 3753 3521 ταῖς

2162 3555 2459 3627 ἁμαρτίαις
2477 3568 2495 3585 ⁶
2523 3554 2666 3616 τινὲς
2688 3552 2862 3624 δὲτὴν
2881 3550 3099 3623 θυμώδη
3128 3550 3302 3622 ψυχὴν
3325 3550 3616 3620 ὠνόμασαν
3649 3567 3756 3620 μα-

2161 3646 2352 3718 λακὴν,
2383 3647 2506 3716 ῆτις
2539 3645 2816 3716 συντρίϐει
2846 3643 2916 3697 τά
2945 3643 3146 3712 ἑαυτῆς
3179 3642 3312 3714 πρὸς
3338 3641 3470 3694 Θεὸν
3495 3657 3754 3711 πνευμα-

2159 3739 2287 3793 τικά
2312 3738 2444 3791 ὁστᾶ
2469 3777 2483 3800 ,
2517 3737 2586 3791 τὰ
2618 3735 2899 3806 πεφυκότα
2923 3734 3103 3803 λέγειν
3127 3749 3141 3764 ·
3175 3733 3371 3801 Κύριε,
3413 3732 3588 3800 Κύριε
3607 3772 3622 3796 ,
3654 3732 3754 3797 τίς

2160 3830 2361 3898 ὅμοιός
2389 3844 2488 3882 σοι
2507 3845 2527 3892 ;

2231 3920 2417 3974 Κακοῦ
2444 3921 2592 3984 ὁδὸς,
2625 3922 2658 3991 ἡ
2689 3918 2855 3974 κακία
2893 3917 3044 3972 ἐστί’
3089 3917 3182 3971 καὶ
3228 3914 3361 3979 ποῦς
3397 3912 3749 3985 παρανόμου,

2159 4014 2192 4085 ἡ
2219 4011 2529 4085 παρανομία
2553 4013 2702 4066 ἐστίν
2725 4031 2739 4042 ’
2781 4011 3060 4065 ἀπολεῖται
3080 4009 3138 4062 δὲ
3168 4009 3225 4061 ὲν
3257 4007 3439 4077 ἡμέρα
3484 4005 3582 4074 τῆς
3613 4003 3748 4073 κρί-

2159 4124 2297 4169 σεως
2317 4123 2330 4137 ⁸
2365 4103 2477 4172 ἕξις
2509 4104 2597 4158 διὰ
2622 4105 2721 4176 τῆς
2750 4103 2893 4168 ὁδοῦ,
2929 4101 3023 4156 καὶ
3049 4100 3295 4172 ἐνέργεια
3322 4096 3412 4150 διὰ
3447 4091 3544 4148 τοῦ
3577 4095 3752 4159 ποδὸς

2158 4198 2480 4270 νοηθήσεται
2491 4237 2503 4250 .

2227 4292 2435 4362 Ὥσπερ
2466 4288 2528 4341 τὸ
2558 4286 2680 4351 ὅξος
2705 4287 2762 4337 ὲν
2805 4283 2953 4336 ἕλκει
2979 4281 3074 4335 τοῦ
3125 4281 3300 4353 ἀρχὴν
3334 4279 3495 4351 σῆψιν
3521 4279 3750 4351 ἔχοντος

2155 4377 2494 4448 ἀσύμφορον,
2525 4374 2702 4428 καίτοι
2737 4370 3022 4443 βρώματος
3041 4371 3152 4440 (2|)
3185 4371 3337 4434 ὄντος
3369 4371 3448 4433 είς
3475 4368 3751 4440 ἡδύτητα,

2155 4470 2296 4523 οὕτω
2324 4466 2582 4537 γυναικὸς
2615 4462 2816 4534 θεωρία
2842 4464 2936 4517 καὶ
2963 4462 3147 4533 ὁμιλία
3175 4461 3405 4534 καρδίαν
3429 4461 3752 4531 σπαράσσει

465 4567 736 4626 dilacerat
759 4563 884 4629 viri,
913 4561 1006 4630 qui
1038 4574 1097 4615 se
1116 4557 1308 4612 virtuti
1341 4554 1595 4608 addicere
1621 4560 1886 4621 coeperat.
1912 4550 2046 4604 Nam

2179 4563 2248 4614 τοῦ
2283 4560 2417 4632 πρὸς
2443 4557 2642 4630 ἀρετὴν
2672 4556 2863 4610 ἑαυτὸν
2888 4554 3135 4617 ἐκδόντος
3166 4555 3261 4607 καὶ
3295 4552 3467 4625 ἀρχὴν
3499 4552 3748 4624 ἔχοντος.

466 4675 591 4733 quae
616 4656 811 4713 incidit
839 4655 890 4708 itt
927 4667 1023 4708 cor
1047 4648 1364 4711 commotio,
1397 4644 1639 4715 nequitia
1673 4652 1786 4710 est;
1817 4657 1923 4712 qua
1954 4643 2044 4711 qui

467 4732 680 4817 carent,
743 4748 1002 4804 dicuntur
1054 4734 1556 4813 imperturbabiles.
1601 4763 1676 4777 -—-
1723 4732 1924 4789 Maeror
1969 4743 2052 4789 est

474 4847 680 4903 caduca
733 4843 953 4897 caducae
995 4834 1293 4906 voluptatis
1349 4829 1582 4902 privatio

469 4935 758 4994 laudabilis
811 4945 1047 4995 mceror,
1097 4927 1188 4997 qui
1253 4926 1322 4980 ob
1377 4921 1740 4994 privationem
1788 4920 2050 4974 virtutuu:

464 5032 820 5098 scientiaeque
850 5025 948 5081 Dei
983 5020 1268 5090 contingit.

537 5124 660 5166 “J9
690 5123 895 5178 Panem
948 5116 1049 5170 hoc
1082 5114 1208 5166 loco‘
1231 5109 1459 5166 solidam
1515 5107 1892 5163 mandatorum
1956 5103 2048 5159 Dui

463 5233 646 5275 escam
698 5213 895 5270 animae
925 5208 1075 5266 dicit.
1112 5205 1282 5260 Potus
1304 5216 1434 5258 vero
1478 5200 1722 5256 divinam
1757 5198 2046 5254 scientiam

466 5311 758 5382 significat.
794 5304 1074 5364 Carbones
1099 5298 1238 5362 ignis
1271 5291 1508 5366 appellat
1556 5291 1892 5349 sacrosancti
1925 5287 2048 5358 Spi-

468 5406 608 5458 ritus
641 5403 804 5464 dona,
848 5413 968 5469 qua:
1015 5394 1309 5449 amburunt
1361 5398 1705 5459 purgantque
1761 5383 2043 5438 hontinum

467 5495 623 5547 vitia.
657 5492 865 5547 Etenim
900 5489 1074 5560 ignito
1099 5484 1338 5542 carbone
1371 5481 1549 5551 tetigit
1577 5476 1870 5548 aliquando
1899 5489 2046 5529 seru-

467 5588 665 5656 phinus
695 5585 846 5638 Isaia:
878 5581 1016 5636 labia
1050 5596 1062 5631 :
1095 5577 1189 5648 qui
1221 5577 1559 5648 puritieatus,
1592 5570 1804 5627 cunctis
1827 5575 2040 5637 postea,

530 5708 558 5738 "
589 5722 640 5759 v.
690 5702 777 5757 10.
896 5702 938 5732 ¹⁰
973 5698 1122 5754 loan.
1168 5715 1285 5765 vin,
1320 5699 1409 5753 51.
1497 5697 1538 5728 ¹¹
1569 5711 1618 5749 v.
1666 5694 1751 5748 ll.

467 5776 509 5806 ¹⁷
534 5791 586 5829 v.
611 5775 702 5828 ‘20.
782 5773 896 5812 ¹⁸-¹⁹
927 5786 954 5822 v
1003 5769 1092 5822 21.

533 5864 647 5934 (2|)
677 5865 712 5917 Ι.
749 5880 819 5918 tu.
865 5858 1156 5935 βρώμασιν.

1837 5692 1878 5722 ¹²
1906 5705 1954 5745 v.
2000 5689 2084 5744 13.

2143 4651 2229 4710 ,Τὸ
2251 4649 2358 4722 γάρ
2387 4650 2725 4719 προσπίπτον
2751 4648 2818 4718 τῇ
2849 4645 3046 4716 καρδία
3072 4642 3266 4709 πάθος,
3296 4645 3329 4713 ή
3355 4642 3523 4695 κακία
3551 4642 3707 4695 ἐστίν
3730 4660 3748 4675 ο

2149 4740 2218 4817 ἦς
2256 4744 2395 4797 κατά
2426 4741 2681 4814 στέρησίν
2719 4757 2868 4804 τινες
2911 4738 3140 4801 ἀπαθεῖς
3174 4733 3750 4807 ὀνομάζονται.-Λύ-

1637 4847 1652 4883 :
1693 4827 1788 4882 sed
1832 4826 1921 4882 ille
1969 4836 2056 4881 εει
2151 4853 2227 4907 πη
2259 4835 2376 4887 ἐστὶ
2402 4833 2615 4906 φθαρτὴ
2642 4832 2897 4904 στέρησις
2931 4829 3177 4901 φθαρτῆς
3224 4829 3418 4900 ἡδονῆς
3441 4845 3454 4858 ·
3498 4826 3646 4898 λύπη
3683 4827 3749 4880 δέ

2153 4926 2300 4980 ἐστιν
2325 4925 2581 4997 ἐπαινετὴ
2609 4925 2862 4996 στέρησις
2896 4921 3106 4994 ἀρετῶν
3140 4921 3234 4973 καὶ
3271 4919 3525 4989 γνώσεως
3550 4917 3714 4972 Θεοῦ.

2230 5113 2422 5182 ’Λρτον
2449 5106 2681 5163 ἐνταῦθα
2713 5106 2811 5179 τὴν
2851 5104 3078 5180 στερεὰν
3119 5103 3226 5157 τῶν
3249 5101 3480 5155 ἐντολῶν
3507 5102 3606 5173 τῆς
3631 5101 3750 5172 ψυ-

2156 5203 2258 5274 χῆς
2286 5203 2492 5276 τροφήν
2523 5216 2685 5271 φησι’
2719 5198 2867 5270 πόμα
2899 5196 2984 5258 δὲ.
3020 5196 3118 5265 τὴν
3147 5193 3295 5248 θείαν
3330 5194 3527 5263 γνῶσιν
3550 5193 3746 5265 δηλοῖ·

2157 5293 2434 5366 ἄνθρακας
2489 5292 2549 5345 δὲ
2602 5290 2775 5362 πυρὸς
2824 5290 2924 5354 τὰς
2975 5289 3069 5342 τοῦ
3105 5286 3372 5355 παναγίου
3413 5283 3750 5355 Πνεύματος

2151 5383 2390 5454 δωρεὰς,
2434 5381 2534 5444 τὰς
2576 5378 2938 5450 φλογιζούσας
2977 5377 3073 5431 καὶ
3108 5373 3477 5444 καθαιρούσας
3503 5373 3603 5436 τὰς
3630 5373 3750 5426 τῶν

2152 5472 2454 5544 ἀνθρώπων
2486 5457 2733 5542 ῥυτίδας·
2770 5469 3002 5539 ἄνθρακι
3031 5465 3140 5537 γὰρ
3165 5462 3335 5534 πυρὸς
3361 5462 3472 5516 τῶν
3510 5462 3744 5515 Ἠσαίου

2154 5565 2424 5636 σεραφεὶμ
2459 5563 2599 5632 θίγει
2633 5559 2854 5632 χειλέων
2875 5558 3002 5611 ποτε
3039 5573 3052 5587 ·
3081 5559 3109 5610 ό
3127 5556 3183 5610 δὲ
3200 5553 3616 5628 καθηράμενος,
3647 5555 3745 5606 Δι-

2186 5688 2226 5719 ¹³
2256 5704 2302 5742 ν.
2342 5689 2428 5743 14.
2513 5685 2557 5719 ιδ
2588 5702 2635 5740 v.
2662 5683 2748 5740 l5.
2845 5682 2886 5714 ⁸³
2918 5680 3063 5737 Psal.
3090 5691 3276 5763 x_mv,
3302 5675 3391 5731 10.
3489 5675 3535 5707 η
3560 5690 3611 5730 v.
3651 5673 3745 5730 19.
