3958 6510
193 375 294 432 237

1352 378 1719 436 EXPOSITIO
1745 378 1813 434 IN
1841 377 2233 438 PROVERBlA

3338 392 3447 449 258

193 488 484 560 καιοσύνην
513 489 744 562 μάθετε,
778 492 943 546 πᾶσιν
983 493 1290 564 ὲκραύγαζε
1312 515 1326 528 ο
1360 497 1448 551 διὰ
1496 497 1606 568 γὰρ
1649 495 1778 550 ταύ-

1883 497 2085 552 Discite
2106 509 2398 568 justitiam.
2439 499 2728 558 clamabat.
2771 504 2886 560 llac
2913 505 3094 575 itaque
3129 506 3251 561 vitat
3291 509 3447 564 boui-

192 597 292 649 της
330 581 433 650 τῆς
458 584 822 654 χρηστότητος
868 585 960 639 καὶ
989 586 1235 651 εὐποιίας
1275 588 1582 662 καθαρίζων
1607 591 1771 645 αὑτοῦ

191 671 253 723 τὸ
301 673 661 743 ⁴ἡγεμονικὸν,
704 674 803 737 τὰς
847 676 1156 747 πυρφόρους
1202 679 1430 752 χάριτας
1474 683 1568 735 τοῦ
1615 685 1770 752 ἁγίου

189 762 511 833 Πνεῦματος
537 766 784 837 ποιήσεις
805 767 970 820 αὑτὸν
996 767 1304 840 βιασθῆναι,
1331 772 1392 824 οῦ
1421 774 1579 844 μόνον
1605 791 1771 846 προσ-

186 853 478 918 λαϐέσθαι,
508 855 646 909 ἀλλὰ
678 859 772 910 καὶ
806 857 1055 930 ζηλωτήν
1099 878 1193 914 σου
1242 862 1404 916 αὑτὸν
1455 865 1662 936 ἐργάσῃ
1713 868 1771 919 ὲν

187 946 337 1018 πάσῃ
363 947 699 1022 ἀγαθοεργίᾳ
719 990 734 1014 ,
760 951 836 1015 ὠς
875 953 1136 1024 προξένου
1168 972 1262 1009 σου
1292 957 1574 1026 γεγονότος
1604 959 1769 1013 αὑτοῦ

187 1038 243 1089 ὲν
269 1040 406 1092 πᾶσι
433 1039 510 1110 τῷ
533 1041 652 1111 Θεῷ
680 1043 874 1110 φίλοις.

255 1130 362 1184 Τὸν
383 1130 629 1186 διάϐολον
659 1129 779 1187 εἶπε
827 1135 1119 1207 πρόσωπον
1162 1139 1378 1204 ἀναιδὲς
1403 1181 1416 1204 ,
1456 1141 1769 1213 ἐρεθίζονται

182 1222 280 1293 τὴν
321 1223 502 1297 ψυχὴν
541 1227 679 1297 πρὸς
728 1229 962 1292 κακίαν,
1003 1232 1094 1283 καί
1119 1232 1425 1304 ἐγείροντα,
1456 1235 1532 1299 ὡς
1567 1235 1768 1308 βορρᾶς

183 1315 349 1386 νέφη.
376 1317 670 1388 λογισμοὺς
702 1322 769 1390 τῇ
809 1319 955 1392 ψυχῇ
985 1327 1282 1396 πονηρούς·
1313 1328 1584 1398 πανταχοῦ
1631 1329 1687 1381 δὲ
1740 1331 1768 1381 6

182 1409 438 1480 Σολομῶν
461 1409 713 1478 γλῶσσαν
737 1412 827 1465 τὸν
855 1412 979 1466 νοῦν
1004 1414 1185 1484 λέγει·
1219 1416 1378 1470 τοῦτο
1399 1414 1490 1472 οὖν
1512 1420 1570 1473 τὸ
1601 1421 1768 1492 πρόσ-

179 1521 329 1555 ωπον
356 1504 619 1558 αἰδεῖσθαι
650 1507 707 1558 ἐν
732 1505 914 1578 κρίσει
947 1509 1008 1561 οὐ
1034 1509 1216 1564 καλόν.

261 1596 535 1650 Ἐνταῦθα
577 1593 669 1651 οῦν
722 1599 910 1654 πίπτει
955 1599 1162 1664 δίκαιος
1216 1600 1338 1666 νοῦς
1399 1602 1626 1658 ἐνώπιον
1673 1605 1765 1658 τοῦ

177 1689 416 1750 Σατανᾶ,
449 1688 708 1760 λογισμὸν
731 1692 1056 1763 ἀκάθαρτον,
1091 1693 1124 1764 ἣ
1153 1693 1345 1763 ψευδὲς
1372 1695 1549 1767 δόγμα
1581 1697 1769 1750 ὑποδε-

175 1783 441 1852 ξάμενος·
475 1782 574 1854 τὴν
601 1784 658 1836 δὲ
691 1785 872 1856 πηγὴν
897 1786 996 1856 τῆς
1035 1786 1229 1856 σοφίας
1256 1789 1486 1860 φράσσοι
1516 1809 1600 1856 τις
1629 1792 1766 1846 ἀπο-

1877 597 1987 644 tate
2019 605 2084 644 ac
2135 591 2460 647 rectitudine
2503 610 2740 664 purgans
2789 607 3021 652 mentem
3057 608 3224 664 tuam,
3260 600 3448 670 igneas

1873 681 2046 735 sancti
2075 679 2310 749 Spiritus
2357 684 2564 750 gratias
2593 701 2756 758 coges
2795 703 2915 743 eam
2948 705 3054 745 non
3084 690 3260 745 solum
3305 695 3438 746 reci-

1872 785 2025 840 pere,
2055 773 2150 827 sed
2185 773 2492 829 studiosum
2533 776 2610 830 tui
2643 779 2894 834 eumdem
2926 780 3190 850 Spiritum
3244 781 3446 837 eﬂicies

1872 860 1938 912 ad
1966 874 2128 915 omne
2164 862 2411 918 beneficii
2460 879 2670 934 genus:
2715 869 2913 938 quippe
2938 872 3028 939 qui
3080 873 3262 927 omnia
3323 889 3445 943 qua:

1873 961 2000 1006 sunt
2031 950 2139 1007 Deo
2176 953 2372 1022 placita
2404 958 2499 1012 tibi
2531 959 2860 1029 impertitur.

1943 1138 1989 1171 ²⁰
2023 1140 2304 1197 Diabolum
2362 1142 2502 1198 dixit
2555 1143 2746 1199 faciem
2797 1143 3198 1216 impudentem,
3248 1149 3444 1218 quippe

1870 1229 1962 1300 qui
1991 1233 2232 1287 animam
2266 1232 2332 1287 ad
2382 1235 2578 1289 vitium
2635 1235 2834 1299 irritat,
2886 1239 3235 1308 excitatque,
3277 1241 3444 1295 veluti

1869 1322 2044 1377 nubes
2095 1324 2464 1392 aquilonares,
2496 1341 2694 1394 pravas
2739 1327 2792 1380 in
2843 1328 3023 1382 anima
3053 1331 3441 1398 cogitationes.

1875 1412 2083 1483 Ubique
2121 1430 2248 1469 vero
2273 1416 2526 1471 Salomon
2557 1416 2796 1488 linguam
2821 1435 2919 1489 pro
2947 1431 3125 1476 mente
3157 1421 3308 1480 dicit.
3340 1421 3450 1476 llu-

1863 1505 2162 1575 juscemodi
2187 1524 2318 1579 ergo
2346 1509 2540 1565 faciem
2571 1511 2620 1564 in
2641 1511 2850 1582 judicio
2874 1513 3109 1567 revereri
3136 1529 3241 1568 non
3266 1516 3443 1572 decet.

1938 1600 1982 1631 ’ί
2015 1599 2113 1653 llic
2155 1614 2284 1668 ergo
2327 1601 2514 1657 licitur
2543 1616 2696 1656 mens
2731 1601 2873 1670 iusta
2906 1603 3102 1658 cadere
3125 1621 3308 1660 coram
3341 1605 3444 1659 Sa-

1869 1699 2019 1756 taua,
2046 1693 2174 1745 dum
2202 1691 2466 1760 impuram
2490 1695 2896 1763 cogitationem,
2921 1706 3016 1750 aut
3038 1696 3227 1753 falsum
3251 1699 3446 1770 dogma

1868 1785 2114 1855 suscipit.
2145 1783 2374 1839 Fontem
2409 1788 2692 1856 sapientia:
2729 1789 2774 1841 is
2801 1790 3039 1844 obstruit
3081 1791 3172 1858 qui
3199 1792 3315 1861 ejus
3344 1809 3442 1847 uo-

177 1875 552 1946 στρεφόμενος
585 1875 683 1947 τὴν
709 1876 911 1946 γνῶσιν
934 1879 1123 1950 αὐτῆς,
1152 1880 1246 1933 καὶ
1272 1880 1368 1952 τὴν
1413 1882 1642 1950 διέξοδον
1669 1885 1766 1956 τῆς

1878 1875 2044 1930 titiam
2091 1877 2318 1946 respuit,
2356 1885 2411 1931 et
2460 1875 2664 1930 ﬂuxum
2722 1878 2968 1934 scientiae
3029 1879 3120 1934 Dei
3180 1881 3444 1937 sordidat.

175 1965 436 2032 γνώσεως
448 1966 543 2020 τοῦ
561 1967 695 2020 Θεοῦ
722 1969 1056 2042 ἀπορῤυπῶν
1069 1970 1135 2024 τὰ
1155 1970 1265 2040 (ίίἓ)
1285 1989 1298 2001 ³
1315 1971 1371 2026 δὲ
1396 1975 1641 2046 νοήματα
1672 1976 1765 2030 τοῦ

178 2054 264 2106 νοὗ
290 2096 308 2119 ,
347 2055 418 2108 τά
468 2056 566 2126 μὲν
596 2056 862 2128 πτώματα
889 2057 1168 2128 λέγονται,
1199 2059 1266 2113 τά
1299 2060 1357 2114 δὲ
1385 2061 1631 2133 ὲγέρσεις
1651 2103 1664 2126 ,
1699 2063 1767 2117 τὰ

175 2145 228 2198 δὲ
266 2145 548 2218 καθέδρα,
572 2147 640 2200 τὰ
666 2147 722 2200 δὲ
754 2148 971 2214 στάσις,
999 2151 1092 2204 καὶ
1123 2151 1257 2205 ἄλλα
1299 2154 1634 2226 περίπατος,
1675 2156 1767 2209 καί

176 2255 294 2290 τινα
347 2237 530 2290 αὐτῶν
582 2240 987 2312 προσκόμματα
1049 2243 1409 2314 ὀνομάζεται,
1464 2247 1558 2300 καὶ
1633 2247 1768 2301 ἄλλα

178 2331 398 2402 σκληρὰ
427 2332 521 2384 καὶ
554 2333 794 2404 μαλακὰ,
821 2335 914 2387 καὶ
939 2334 1112 2406 εὐώδη
1142 2337 1236 2390 καὶ
1263 2337 1493 2410 δυσώδη,
1522 2341 1616 2393 καὶ
1642 2339 1769 2409 γλυ-

176 2427 297 2475 κεῖα
321 2424 420 2476 καὶ
459 2425 654 2496 πικρὰ,
681 2425 776 2478 καὶ
801 2426 918 2479 λεῖα
952 2427 1047 2479 καὶ
1082 2427 1218 2500 ὀρθὰ
1237 2469 1251 2492 ,
1282 2430 1377 2483 καὶ
1413 2431 1636 2501 σχολιά·
1672 2435 1770 2486 καὶ

175 2512 344 2566 πάλιν
363 2553 378 2577 ,
402 2513 474 2566 τὰ
506 2515 604 2585 μὲν
635 2514 799 2568 αὑτοῦ
828 2516 1074 2572 καλεῖται
1113 2518 1344 2573 ἄκανθαι
1381 2521 1474 2574 καὶ
1508 2522 1764 2591 τρίϐολοι,

179 2604 239 2658 τά
276 2606 342 2658 δὲ
389 2605 508 2675 φῶς
536 2607 631 2660 καὶ
655 2607 879 2671 σκότος.
907 2609 1000 2663 καὶ
1031 2609 1144 2683 ζωὴ
1175 2612 1269 2667 καὶ
1297 2611 1553 2678 θάνατος·
1583 2613 1651 2668 τὰ
1685 2615 1764 2681 δὲ,

175 2698 330 2764 νόσος
366 2700 463 2753 καὶ
495 2699 694 2767 ὑγίεια.
737 2702 828 2756 καὶ
857 2701 988 2757 ἄλλα
1047 2704 1208 2758 πάλιν
1251 2705 1573 2776 ὀνομάζεται
1633 2707 1762 2778 ψεῦ-

174 2789 390 2854 δος-καὶ
440 2791 702 2862 ἀλήθεια,
751 2795 1049 2848 καὶπολλὰ
1097 2797 1257 2869 ἕτερα
1309 2797 1550 2869 ὀνόματα
1588 2799 1768 2871 τίθησι

175 2883 399 2955 Γραφὴ,
427 2885 572 2938 κατά
599 2903 659 2938 τε
678 2887 776 2958 τῆς
803 2887 981 2958 ψυχῆς
1014 2888 1108 2941 καὶ
1136 2889 1244 2943 τῶν
1263 2891 1556 2964 νοημάτων⁸
1573 2892 1764 2963 αὐτῆς.

175 2976 372 3046 ὐλίγα
418 2976 477 3030 δὲ
512 2978 576 3031 ἐκ
614 2977 823 3031 πολλῶν
859 2979 1006 3033 ἐστιν
1046 2981 1251 3034 εἰπεῖν’
1291 2980 1409 3035 ἔστι
1463 2982 1519 3035 δὲ
1557 2983 1762 3039 ταῦτα’

174 3068 300 3120 νσῦν
323 3109 341 3132 ,
367 3067 546 3140 ψυχὴν
571 3109 586 3132 ,
621 3067 876 3140 καρδίαν,
909 3069 1193 3141 ἄνθρωπον
1213 3111 1228 3134 ,
1267 3071 1435 3143 ἄνδρα
1453 3112 1468 3136 ,
1510 3076 1764 3141 γυναῖκα,

173 3158 401 3224 δοῦλον,
433 3160 654 3232 οἰκέτην
673 3201 686 3225 ,
717 3159 929 3232 πατέρα
955 3201 970 3225 ,
1001 3160 1118 3215 υίὸν
1139 3201 1153 3226 ,
1179 3160 1428 3232 πνεῦμα,
1465 3161 1763 3234 ὀφθαλμὸν,

177 3253 382 3322 στόμα,
418 3251 596 3324 χείλη,
629 3251 912 3320 γλῶσσαν,
945 3251 1192 3324 λάρυγγα
1213 3291 1228 3318 ,
1268 3253 1510 3318 κοιλίαν,
1544 3255 1766 3320 κόλπον,

177 3343 473 3416 βραχίονα,
527 3344 818 3411 δάκτυλον,
874 3345 1162 3418 μυκτῆρα,
1210 3346 1515 3418 πρόϐατον,
1559 3347 1765 3419 ἔριφον,

178 3437 443 3509 ποιμένα,
477 3427 572 3493 καῖ
593 3438 728 3493 ἄλλα
755 3439 976 3494 πλείονα
1009 3441 1251 3510 ὀνόματα
1276 3441 1374 3512 τῆς
1394 3440 1574 3513 ψυχῆς
1593 3483 1607 3506 ,
1640 3442 1677 3497 ὃ,
1705 3444 1767 3498 οὐ

174 3528 406 3584 δυνατὸν
429 3529 528 3584 νῦν
553 3529 896 3602 παραθέσθαι
916 3533 1035 3586 κατ’
1061 3528 1218 3595 εἶδος.

247 3623 461 3693 Βουλὴν
491 3618 643 3676 εἶπεν
687 3623 919 3679 ἐνταῦθα
957 3623 1055 3695 τὴν
1085 3624 1178 3676 ἐπὶ
1227 3625 1287 3677 τὺ
1311 3627 1554 3696 κρεῖττον
1595 3625 1767 3696 ῥοπὴν

173 3715 272 3785 τῆς
295 3715 564 3786 καρδίας·
603 3716 731 3769 ὅταν
755 3729 836 3778 τις
881 3716 981 3769 οὐκ
1029 3715 1456 3786 ἐπικαλούμενος
1499 3716 1594 3787 τὴν
1639 3717 1764 3787 βοή-

175 3807 329 3862 θειαν
361 3807 458 3860 τοῦ
487 3807 625 3860 Θεοῦ
652 3809 709 3860 ὲν
735 3807 932 3878 ἐαυτῷ,
969 3809 1048 3871 είς
1077 3806 1270 3878 βουλὴν
1304 3808 1504 3879 ποιήσῃ
1534 3826 1586 3861 τι
1630 3810 1764 3878 ἀγα-

173 3899 264 3952 θὸν
297 3899 447 3970 μετὰ
479 3899 726 3969 σκέψεως
749 3939 765 3963 ,
797 3899 932 3954 ἀλλὰ
959 3897 1206 3962 αὐθαδῶς
1251 3898 1346 3952 καὶ
1379 3899 1767 3970 ἀλαζονευόμε-

171 4011 260 4057 νος
291 3994 536 4066 ἄρξηται
562 4010 574 4022 ·
607 3993 668 4046 οὐ
685 3992 1068 4064 τελεσθήσεται
1102 3991 1179 4056 δὲ,
1211 3990 1348 4043 ἀλλὰ
1377 3991 1767 4062 συμπτωθήσε-

171 4105 262 4142 ται
292 4089 325 4142 ὃ
357 4088 653 4159 ἐπιχειρεῖ,
684 4086 767 4138 ὅτι
795 4085 856 4137 οὐ
891 4081 1285 4156 περιετείχισεν
1320 4083 1510 4136 ἑαυτὸν
1544 4085 1609 4154 τῇ
1641 4081 1766 4154 βοη-

172 4181 295 4254 θείᾳ
319 4181 421 4234 τοῦ
454 4179 591 4234 Θεοῦ
628 4181 708 4242 είς
737 4176 954 4249 βουλήν.

1867 1968 1988 2024 1am
2036 1969 2235 2024 mentis
2292 1969 2672 2036 cogitationes,
2726 1971 2887 2025 modo
2932 1970 3114 2041 lapsus
3167 1973 3444 2037 dicuntur,

1869 2061 2030 2115 modo
2065 2060 2452 2126 surrectione‘s,
2485 2063 2644 2116 modo
2675 2061 2854 2128 sedes,
2888 2063 3046 2116 modo
3078 2072 3274 2130 status,
3324 2064 3444 2117 aliae

1868 2150 2184 2214 ambulatio,
2217 2150 2336 2204 alia:
2361 2150 2685 2207 oﬂ'endicula
2722 2153 3066 2218 vocitantur;
3125 2154 3246 2208 alia:
3271 2153 3442 2217 durze,

1867 2241 1986 2296 alia:
2041 2241 2249 2305 molles,
2303 2250 2356 2296 et
2389 2241 2680 2297 odoriferae
2727 2253 2781 2296 et
2833 2254 3106 2313 pntentes.
3156 2254 3209 2300 e‘
3259 2245 3448 2301 dulces

1870 2344 2032 2402 atque
2061 2348 2282 2398 amarzc,
2315 2345 2366 2388 et
2402 2334 2572 2403 plana:
2616 2345 2778 2404 atque
2805 2344 3004 2390 erecta:
3045 2347 3099 2390 et
3129 2337 3440 2392 salebrosze.

1871 2424 1937 2480 Et
1970 2425 2205 2492 insuper.
2265 2423 2372 2478 Res
2404 2425 2642 2493 ejusdem
2676 2426 2916 2496 (mentis)
2957 2427 3149 2496 partim
3185 2439 3448 2483 vocantur

1869 2517 2036 2586 spinae
2071 2532 2134 2570 ac
2163 2517 2367 2576 tribuli.
2418 2533 2624 2571 necnon
2672 2517 2781 2584 lux,
2818 2518 3072 2582 teuebrre,
3113 2517 3246 2584 vita,
3274 2535 3444 2574 mors.

1868 2611 2005 2666 Aliae
2035 2611 2282 2675 morbus,
2308 2609 2534 2664 sanitas.
2559 2609 2695 2664 Alia:
2724 2620 2985 2679 praeterea
3021 2611 3275 2665 dicuntur
3299 2628 3447 2666 men-

1869 2702 2106 2768 dacium,
2131 2703 2333 2758 veritas
2368 2719 2382 2756 :
2408 2711 2462 2756 et
2490 2700 2641 2771 plura
2665 2702 2768 2756 alia
2798 2701 3016 2756 nomina
3049 2703 3277 2774 imponit
3301 2705 3450 2760 Scri-

1868 2803 2026 2864 ptura
2079 2793 2276 2848 anima;
2327 2793 2492 2847 rebus
2541 2801 2598 2846 et
2649 2791 3077 2862 cogitationibus
3131 2793 3265 2860 eius.
3337 2793 3444 2848 Sed

1869 2900 2039 2954 pauca
2067 2900 2097 2940 e
2132 2883 2318 2939 multis
2347 2884 2529 2940 dicere
2560 2883 2768 2954 placet;
2805 2898 3000 2953 nempe
3035 2893 3290 2947 mentem,
3325 2886 3447 2940 ani-

1869 2992 2036 3043 mam,
2081 2992 2196 3043 cor,
2243 2976 2543 3040 hominem,
2586 2978 2785 3044 virum,
2848 2978 3155 3044 mulierem,
3199 2993 3442 3042 servum,

1870 3068 2249 3136 domesticum,
2289 3077 2525 3138 patrem,
2555 3067 2746 3133 lilium,
2776 3068 3052 3138 spiritum,
3083 3069 3320 3131 oculum,
3356 3085 3443 3134 os,

1870 3161 2035 3224 labia,
2069 3160 2326 3230 linguam,
2358 3169 2566 3231 guttur,
2602 3171 2873 3226 ventrem,
2904 3160 3106 3224 sinum,
3134 3162 3440 3224 bracbinm.

1871 3251 2116 3320 digitum,
2143 3265 2323 3313 nares,
2352 3249 2579 3319 lignum,
2607 3265 2784 3315 ovem,
2814 3251 3048 3314 haedum,
3072 3261 3364 3320 pastorem,
3391 3264 3449 3307 et

1870 3348 1976 3403 alia
2011 3348 2161 3416 plura
2216 3347 2434 3401 nomina
2491 3348 2707 3414 animm,
2759 3363 2880 3418 qua:
2931 3364 3073 3404 nunc
3123 3349 3443 3419 singillatim

1869 3442 2096 3511 proferri
2125 3451 2419 3512 nequeunt.

1941 3623 2069 3663 ”-²⁸
2092 3621 2391 3678 Consilium
2428 3639 2571 3678 nunc
2603 3621 2926 3677 dicitcordis
2962 3623 3028 3678 ad
3049 3625 3300 3678 virtutem
3327 3641 3446 3679 mo-

1877 3724 2008 3768 tum.
2041 3712 2175 3768 Cum
2207 3713 2403 3782 aliquis
2434 3714 2524 3768 Dei
2555 3713 2817 3767 auxilium
2849 3714 2948 3769 sibi
2983 3729 3088 3768 non
3116 3715 3448 3772 invocaverit

1872 3805 2023 3874 quasi
2049 3805 2116 3859 ad
2148 3806 2460 3872 consilium,
2492 3816 2553 3860 ut
2595 3804 2720 3858 boni
2756 3805 2957 3874 aliquid
2987 3807 3326 3862 considerate
3375 3808 3451 3860 fa-

1865 3899 2007 3963 ciat;
2057 3898 2149 3952 sed
2195 3899 2452 3952 audacter
2479 3907 2642 3966 atque
2680 3898 2913 3965 superbe
2959 3897 3170 3952 initium
3200 3900 3274 3954 rei
3307 3899 3449 3954 fece-

1865 3993 1966 4054 rit;
2004 3993 2070 4046 ad
2100 3992 2302 4045 exitum
2333 4007 2436 4046 non
2467 3990 2721 4052 deducet,
2754 3991 2848 4044 sed
2879 4005 2998 4044 cum
3030 4005 3088 4044 re
3119 4005 3217 4044 sua
3259 4007 3448 4046 susce-

1865 4094 1955 4154 pta
1987 4091 2244 4137 corruet:
2295 4083 2419 4151 quia
2455 4097 2558 4137 non
2596 4095 2654 4136 se
2702 4081 3060 4136 communivit
3102 4081 3192 4137 Dei
3242 4084 3448 4138 auxilio

1866 4176 1932 4228 ad
1965 4173 2268 4228 consilium.

1655 4269 1807 4326 CAP.
1849 4270 2034 4326 XXVI.

243 4375 451 4428 Ἵππον
483 4371 719 4426 ἐνταῦθά
757 4387 890 4441 φησι
937 4371 1028 4423 τὸν
1061 4370 1225 4439 ταχὺν
1273 4370 1354 4430 εἰς
1403 4365 1636 4437 μάθησιν
1677 4381 1764 4417 σο-

171 4469 300 4538 φίας
326 4509 343 4531 ,
379 4467 480 4520 καὶ
505 4463 851 4534 δικαιοσύνης
893 4461 1137 4515 δεκτικὸν
1182 4459 1465 4531 ἄνθρωπον
1487 4474 1501 4489 ο
1527 4457 1594 4510 δι’
1623 4458 1762 4511 αἰνι-

169 4561 407 4630 γμάτων
439 4558 498 4611 δὲ
525 4555 804 4628 μαστίζει·
833 4553 939 4624 ὄνῳ
969 4553 1025 4606 δὲ
1059 4552 1281 4623 κέντρον
1305 4567 1318 4579 ⁸
1352 4551 1441 4603 τὸν
1479 4549 1675 4620 βραδὺν
1705 4547 1763 4600 ἐν

1946 4369 1993 4402 ³⁸
2019 4369 2226 4437 Equum
2267 4379 2411 4418 nunc
2441 4361 2573 4418 dicit
2618 4363 2852 4417 celerem
2903 4363 2970 4415 ad
3005 4364 3284 4430 sapientiae
3321 4381 3444 4433 per-

1871 4458 2199 4528 ceptionem,
2225 4453 2522 4523 etjnstitia:
2551 4467 2806 4520 capacem
2839 4453 3132 4508 hominem.
3168 4453 3449 4524 Aﬁnigma-

1875 4551 2016 4606 tibus
2047 4558 2228 4602 autem
2261 4545 2491 4617 ﬂagellat
2521 4560 2537 4599 :
2580 4544 2734 4598 asino
2764 4543 3049 4606 stimulus;
3106 4546 3318 4600 tardum
3350 4549 3448 4600 du-

171 4652 390 4715 τοῦτοις
436 4653 551 4713 τοῖς
583 4649 762 4716 λόγοις
805 4645 1060 4717 σκληροῖς
1089 4645 1282 4713 κεντᾷν
1307 4681 1320 4703 ,
1366 4642 1526 4710 φόϐον
1568 4642 1763 4710 ἐμποι-

1878 4643 1948 4697 ris
1979 4640 2158 4694 verbis
2179 4654 2501 4709 compnnge,
2533 4638 2754 4694 incusso
2787 4637 2999 4689 timore.
3045 4635 3202 4692 Genti
3236 4653 3448 4692 vesana:

171 4745 375 4808 οῦν-τας
393 4761 407 4773 ·
441 4742 586 4796 ἔθνει
613 4742 669 4794 δὲ
690 4742 884 4810 ἄφρονι
923 4737 1101 4810 ῥάϐδῳ
1125 4735 1444 4798 τύπτεσθαι,
1471 4734 1596 4796 τοὺς
1616 4733 1766 4785 ἀναι-

173 4837 412 4910 σθήτους
446 4835 722 4904 οἰκέταςῆ
777 4831 1119 4903 ὑποχειρίους
1167 4829 1434 4901 ὁρίζεται·
1486 4831 1518 4898 ὴ
1569 4824 1765 4898 ῥάϐδος

170 4928 280 5000 γὰρ
315 4924 594 4997 σύμϐολόν
626 4924 742 4976 ἐστι
769 4921 1060 4984 κολάσεως.

248 5017 352 5071 Ἐκ
385 5017 496 5069 τῶν
527 5014 706 5068 ποδῶν
725 5012 842 5085 (εδ)
876 5011 1065 5073 αὑτοῦ,
1099 5029 1151 5066 κ.
1190 5030 1241 5064 τ.
1268 5011 1316 5064 λ.
1338 5010 1508 5072 Πόδας
1534 5007 1765 5063 ἐνταῦθα

172 5113 299 5174 τοὺς
332 5111 556 5172 οἰκέτας
583 5107 746 5180 φησίν
765 5119 780 5134 ⁸
810 5106 1008 5170 ὄνειδος
1046 5105 1104 5158 δὲ
1143 5104 1202 5169 ἐξ
1240 5104 1416 5157 αὐτῶν
1443 5105 1470 5156 ό
1499 5101 1766 5172 δεσπότης

172 5200 357 5271 ἐαυτῷ
411 5201 684 5261 ποιεῖται,
738 5197 768 5249 6
820 5195 1164 5249 ἀποστέλλων
1217 5194 1366 5263 λόγον
1425 5193 1487 5247 δι’
1535 5189 1767 5259 ἀγγέλου

171 5295 437 5367 ἄφρονος,
466 5292 500 5361 ἢ
534 5291 754 5362 βουλῆς,
789 5291 823 5362 ἢ
863 5289 1054 5358 σοφίας
1076 5327 1090 5350 ,
1123 5288 1155 5359 ἢ
1189 5285 1488 5358 πρεσϐείας
1511 5283 1583 5356 ,ἢ
1626 5301 1767 5352 συμ-

175 5389 406 5460 μαχίας,
447 5386 483 5457 ἢ
511 5386 688 5454 λόγων
719 5379 1082 5453 συμπαθείας.
1125 5380 1183 5432 ὐ
1212 5378 1322 5451 γὰρ
1373 5377 1563 5449 ἄφρων
1599 5374 1767 5446 ἡττᾶ-

170 5499 262 5534 ται
297 5483 365 5533 ὲν
391 5478 556 5532 παντί
577 5495 589 5508 ⁸
619 5475 848 5546 καὶγὰρ
885 5475 914 5527 6
948 5471 1152 5544 Κύριος
1186 5475 1244 5526 ὲν
1284 5469 1636 5538 Εὑαγγελίοις
1665 5481 1768 5538 φη-

173 5573 260 5626 σίν
284 5589 301 5603 ⁸
339 5573 424 5626 Οὐ
459 5569 556 5624 δεῖ
576 5567 701 5634 τοῖς
730 5565 874 5620 κυσὶ
899 5563 1129 5617 διδόναι
1154 5563 1226 5616 τὰ
1248 5561 1386 5632 ἅγια
1405 5601 1418 5626 ,
1447 5560 1590 5615 οὐδὲ
1615 5557 1770 5623 ,βάλ-

170 5667 312 5720 λειν
331 5661 476 5728 τοὺς
494 5658 866 5730 μαργαρίτας
893 5657 1234 5726 ἔμπροσθεν
1266 5650 1384 5706 τῶν
1416 5651 1652 5722 χοίρων.

244 5787 298 5820 ³⁸
333 5801 391 5839 v.
420 5784 510 5840 26.
555 5784 599 5815 ¹¹
629 5797 682 5836 ν.
711 5779 801 5834 26.

250 5880 376 5954 (a2)
405 5879 533 5936 Cod.
578 5874 955 5948 ἀπορρίπτων.

1869 4731 2034 4798 virgze
2060 4729 2483 4798 percussionem.
2520 4742 2620 4783 nec
2653 4743 2756 4782 non
2796 4728 3027 4795 stupidis
3071 4727 3288 4784 famulis
3317 4733 3444 4784 sub~

1870 4821 2102 4890 ditisque
2144 4819 2405 4877 decernit.
2439 4818 2576 4873 Nam
2607 4818 2759 4890 virga
2802 4819 3102 4888 punitionis
3141 4821 3442 4891 symbolum

1867 4923 1971 4969 03!.

1941 5005 1987 5037 "
2019 5004 2094 5058 Ex
2117 5003 2348 5071 pedibus
2370 5002 2507 5068 suis,
2531 5011 2638 5058 etc.
2667 5001 2840 5060 Pedes
2867 5020 3011 5060 nunc
3037 5004 3169 5059 dicit
3195 5003 3441 5058 famulos.

1871 5093 2231 5164 Opprobrium
2257 5094 2362 5148 sibi
2388 5093 2667 5160 conciliat,
2705 5094 2798 5165 qui
2842 5095 3063 5150 verbum
3092 5109 3190 5164 per
3219 5095 3442 5150 stultum

1878 5186 2129 5239 nuntium
2177 5185 2366 5249 mittit,
2408 5184 2524 5238 sive
2569 5185 2810 5250 consilii,
2850 5186 2966 5241 sive
2997 5184 3298 5254 sapientiae,
3329 5185 3446 5239 sive

1878 5277 2186 5349 legationis,
2235 5277 2350 5331 sive
2383 5275 2590 5331 bellica:
2638 5275 2939 5340 societatis,
2987 5275 3070 5330 vel
3125 5275 3442 5330 consolandi

1875 5383 2059 5424 causa.
2107 5365 2242 5420 Nam
2288 5366 2508 5432 stultus,
2553 5365 2605 5420 in
2638 5365 2785 5421 omni
2827 5379 2889 5420 re
2916 5363 3238 5420 imbecillus.
3268 5365 3446 5434 Quare.

1873 5471 1928 5515 et
1955 5459 2212 5514 Dominus
2227 5457 2279 5510 in
2298 5455 2604 5528 Evangeliis
2632 5456 2868 5511 ait“—":
2888 5453 3010 5510 Non
3038 5464 3238 5525 oportet
3264 5468 3463 5508 sancta-

1877 5553 2004 5605 dare
2026 5549 2264 5616 canibus,
2287 5565 2446 5618 neque
2466 5548 2788 5619 margaritas
2812 5558 2933 5603 ante
2963 5564 3148 5616 porcos
3165 5547 3446 5618 proiicere.

898 5778 1012 5820 ﬂ-"
1067 5792 1118 5831 ν,
1151 5775 1243 5832 28,
1309 5774 1355 5806 ’δ
1395 5788 1444 5831 ν,
1473 5773 1527 5827 3.
1596 5770 1641 5802 "
1675 5783 1723 5822 v.
1758 5766 1808 5820 6.
1886 5763 2009 5805 ’ω’
2047 5759 2235 5815 Matth.
2261 5775 2358 5826 vn,
2388 5759 2441 5814 6.

1950 5857 2064 5928 (es)
2098 5853 2279 5909 Ποδῶν
2295 5869 2394 5927 pro
2405 5851 2562 5916 ἐδῶν.
