3958 6548
501 381 611 439 139

1388 379 1947 440 SUPPLEMENTUM
1979 378 2071 434 AD
2103 377 2429 436 ORIGENIS
2458 376 2873 437 EXEGETICA.

3653 381 3759 436 2m

575 522 623 553 ’°
648 520 754 577 Fac
796 521 933 579 vites
964 522 1112 579 stulti
1146 525 1288 580 viam
1322 524 1539 592 malam,
1578 533 1634 581 et
1684 523 1875 581 falsam
1904 523 2081 580 scien-

2256 522 2481 596 Περίελε
2522 522 2753 595 ἄφρονος
2783 521 2903 576 ὁδὸν
2947 520 3125 594 κακὴν
3147 561 3163 588 ,
3211 522 3307 576 καὶ
3349 520 3551 591 γνῶσιν
3598 521 3755 596 ψευδῆ

506 618 635 669 tiam
669 627 698 669 ο
728 625 779 669 ιο
804 615 991 685 procul
1015 631 1227 672 amove.

481 736 486 755 ς
573 709 619 739 ³⁸
650 706 748 776 Qui
788 707 1098 776 impertitur
1121 722 1327 764 vesano
1354 708 1663 777 scientiam,
1696 708 1891 764 similis
1919 718 2004 763 est
2028 706 2079 763 ei

501 801 594 870 qui
627 800 787 863 vilem
823 799 1057 870 lapidem
1084 800 1138 855 in
1163 815 1329 856 aureo
1356 801 1559 857 annulo
1583 800 1852 865 collocat;
1890 799 1968 853 vel
1999 799 2080 853 la-

500 892 679 963 pidem
709 891 1007 963 pretiosum
1043 893 1096 947 in
1148 892 1311 949 funda
1362 909 1483 967 qua:
1534 892 1767 964 lapidem
1815 891 2077 962 lapi‘danti

499 986 749 1043 remittit.

566 1079 612 1111 ⁸⁰
640 1079 697 1136 Si
726 1080 1027 1154 dissipetur
1059 1081 1483 1153 imprudentium
1525 1090 1739 1151 stupor,
1770 1097 1880 1154 quo
1906 1099 1938 1145 a
1968 1082 2078 1147 Deo

497 1182 870 1237 recesserunt,
895 1172 1073 1228 denuo
1104 1172 1287 1226 mundi
1325 1172 1450 1248 facti
1483 1172 1548 1232 ad
1580 1172 1745 1235 Deum
1773 1170 2072 1231 accedent:

498 1262 683 1318 Omnis
732 1263 872 1318 enim
924 1280 1049 1323 caro
1082 1263 1271 1323 videbit
1323 1263 1573 1333 Salutare
1612 1261 1712 1317 Dei
1736 1263 1803 1321 ³¹.
1843 1262 1944 1317 llic
1993 1272 2078 1321 est

494 1355 1052 1420 animadvertendum,
1105 1357 1252 1435 quod
1301 1354 1634 1417 iucrassatas
1678 1366 1906 1427 peccato
1953 1357 2074 1413 aui-

494 1462 634 1509 Inas,
668 1462 861 1502 carnes
889 1447 1183 1506 stultorum
1214 1447 1535 1508 nominavit.
1561 1446 1653 1502 Sic
1688 1448 1853 1503 etiam
1888 1448 2071 1502 Domi-

490 1544 595 1593 nus
621 1538 755 1593 dixit
784 1555 799 1591 :
831 1538 954 1593 Non
986 1538 1313 1607 permanebit
1354 1539 1575 1611 spiritus
1616 1556 1764 1596 meus
1801 1541 1859 1596 in
1898 1540 2069 1603 Itami-

489 1629 665 1698 nibus,
699 1631 826 1702 quia
855 1648 1037 1687 carnes
1069 1642 1192 1686 sunt
1218 1631 1287 1689 ³².

557 1815 606 1848 ³³
644 1814 747 1882 Qui
788 1825 1074 1885 postquam
1121 1823 1403 1885 peccatum
1451 1814 1624 1881 suum'
1648 1813 1867 1883 abiecit,
1892 1815 2069 1871 denuo

487 1907 555 1962 ad
584 1905 713 1961 illud
750 1907 1057 1971 revertitur,
1106 1904 1302 1961 similis
1330 1915 1414 1961 est
1461 1906 1583 1960 caui
1614 1906 1877 1960 vomitum
1905 1920 2063 1960 suum

486 2000 805 2059 resumenti.
834 1998 927 2054 Sic
954 1998 1057 2053 fuit
1088 1997 1207 2053 Loti
1250 2012 1409 2065 uxor,
1458 2008 1517 2054 et
1550 1998 1638 2055 ille
1658 1999 1726 2058 ad
1754 2012 1915 2077 quem
1964 1997 2067 2057 im-

484 2092 719 2148 mundus
745 2091 967 2161 spiritus
1001 2089 1181 2145 rediit.

553 2184 603 2219 ”
637 2184 906 2249 Utendum
938 2183 1154 2239 esthoc
1184 2181 1346 2237 ell'ato
1389 2182 1658 2238 adversus
1706 2197 1802 2237 eos
1830 2182 1922 2252 qui
1952 2180 2068 2237 suf-

484 2277 670 2349 fragiis
697 2275 989 2335 nonnullos
1034 2275 1287 2349 indignos
1315 2272 1525 2347 eligunt
1567 2274 1634 2328 ad
1674 2274 2064 2337 sacerdotium,

479 2368 695 2424 clerove
720 2368 1021 2431 ascribunt.
1055 2365 1247 2435 Neque
1276 2368 1421 2422 enim
1461 2365 1749 2437 quisquam
1798 2381 1866 2420 ex
1905 2366 2066 2423 nobis

476 2460 618 2533 justi
641 2455 844 2533 ‘judicii
871 2460 961 2530 jus
1005 2475 1070 2515 ac
1118 2458 1428 2515 libertatem
1474 2460 1527 2514 in
1566 2458 1809 2515 Ecclesia
1862 2459 2066 2519 consti-

483 2555 629 2610 tuit:
660 2568 834 2623 neque
856 2554 970 2608 haec
998 2553 1359 2624 praerogativa
1410 2562 1598 2607 nostra
1624 2560 1728 2619 est,
1769 2552 1864 2608 sed
1906 2550 2069 2607 Chri-

479 2646 574 2712 sti,
610 2661 716 2718 qua
742 2645 1027 2716 judicavit,
1063 2655 1236 2700 semct
1259 2644 1570 2717 jqustilicans
1595 2645 1811 2701 tradere
1842 2644 1981 2710 neci,
2009 2652 2065 2705 et

480 2738 802 2808 sanguinem
829 2754 929 2810 pro
963 2738 1051 2792 illa
1079 2737 1323 2795 fundere.
1355 2736 1448 2792 Sic
1477 2737 1639 2799 etiam
1675 2737 1927 2808 quisquis
1960 2736 2065 2793 Ec-

478 2829 659 2887 clesiae
707 2830 918 2891 clavum
968 2842 1239 2898 occupare
1288 2837 1461 2898 aptat,
1505 2828 1664 2884 debet
1712 2828 2063 2903 semetipsum

477 2920 716 2989 tradere,
765 2929 822 2975 et
847 2919 1069 2990 maligni
1115 2918 1342 2974 caudam
1375 2926 1580 2986 tenere,
1612 2921 1679 2973 'ct
1705 2933 1801 2974 eos
1834 2919 1926 2989 qui
1962 2919 2063 2974 sub

478 3012 723 3091 nequitia
762 3011 952 3082 iacent
998 3011 1255 3078 liberare,
1283 3021 1351 3071 et,
1384 3011 1454 3066 ad
1486 3010 1688 3077 Christi
1724 3011 2060 3093 agnitionem

476 3104 768 3161 adducere.

547 3199 592 3231 ³⁸
631 3197 784 3255 Sicut
828 3198 881 3252 iu
918 3197 1079 3269 lignis
1108 3196 1347 3262 ﬂamma,
1402 3195 1477 3251 ita
1522 3196 1576 3250 in
1624 3193 1809 3266 pravis
1852 3198 2129 3281 cogita-6

476 3293 716 3349 tionibus
746 3291 931 3362 gliscit
972 3302 1029 3347 et
1079 3292 1187 3346 urit
1217 3291 1417 3347 mentis
1451 3291 1520 3346 ad
1558 3291 1839 3361 passiones
1871 3292 2056 3347 ardor.

474 3383 577 3441 Ubi
617 3395 798 3439 autem
848 3400 956 3438 non
998 3383 1069 3438 sit
1107 3382 1307 3452 duplex
1335 3383 1653 3447 commotio.
1685 3381 1737 3437 id
1778 3391 1861 3437 est
1890 3381 2058 3439 animi

472 3478 823 3543 ambiguitas,
860 3476 953 3530 sed
988 3473 1071 3528 vel
1100 3473 1195 3529 Dei
1225 3474 1311 3529 vel
1330 3489 1653 3528 mammonae
1671 3490 1846 3542 amor,
1870 3491 2058 3531 cessa-

474 3568 553 3621 bit
587 3567 639 3619 in
669 3565 889 3620 homine
922 3564 1204 3628 alteruter.
1239 3563 1373 3620 Nam
1407 3565 1452 3619 si
1482 3566 1666 3621 vincat
1706 3567 1798 3621 Dei
1830 3569 2057 3627 manda-

475 3668 610 3723 tum,
653 3656 783 3712 illud
822 3655 1047 3726 maligni
1084 3666 1398 3722 evanescet,
1447 3665 1502 3711 et
1545 3672 1573 3709 a
1617 3657 1823 3713 malitia
1856 3660 2058 3715 otiabi-

475 3761 565 3807 tur
594 3751 775 3806 homo.
808 3747 909 3804 Sin
933 3748 1091 3807 ambo
1117 3748 1357 3807 retinere
1391 3747 1646 3817 voluerit,
1675 3751 1784 3806 vita
1816 3752 2052 3821 excidet,

473 3851 527 3897 et
557 3839 944 3909 temporalibus
982 3841 1148 3897 etiam
1179 3838 1521 3910 spoliabitur.

541 3935 588 3968 ⁸⁸
620 3932 786 3988 Labia
834 3934 939 3997 hoc
994 3933 1116 3988 loco
1161 3932 1522 4003 cogitationes
1554 3933 1707 3989 dicit.
1736 3935 1841 4007 Qui
1873 3947 2051 3993 autem

469 4027 669 4081 mentis
694 4024 836 4079 labia
860 4038 975 4081 non.
1000 4024 1178 4094 aperit
1202 4034 1394 4079 contra
1418 4024 1736 4094 malignum,
1781 4027 1892 4082 Deo
1920 4043 2053 4082 con-

468 4114 632 4171 ﬁtens
667 4115 796 4169 vitia
829 4130 955 4180 sua,
992 4123 1263 4185 quotquot
1315 4115 1365 4170 ei
1396 4114 1485 4170 ille
1524 4115 1758 4173 inseruit
1789 4119 2050 4175 adversus

471 4208 663 4272 Deum,
719 4207 818 4263 sed
871 4207 1054 4277 potius
1106 4207 1269 4273 celat,
1299 4206 1390 4262 hic
1427 4222 1665 4265 mterore
1713 4209 1898 4265 obruit
1953 4226 2051 4273 cor

468 4315 649 4368 suum,
696 4299 863 4356 stulte
904 4300 1226 4355 existimans
1271 4314 1333 4355 se
1363 4315 1469 4356 nou
1507 4300 1710 4358 habere
1739 4314 2046 4374 peccatum,

466 4405 646 4456 neque
697 4390 914 4447 interim
969 4392 1218 4462 agnoscit
1261 4392 1352 4446 Dei
1385 4392 1767 4453 clementiam:
1798 4398 2048 4470 quiapo-

469 4483 600 4549 tius,
629 4483 933 4554 nempehis
967 4483 1040 4537 ita
1069 4484 1415 4553 sperantibus
1442 4494 1497 4539 et
1525 4485 1639 4541 haec
1682 4487 1730 4542 ei
1777 4490 2045 4547 conﬁten-

2184 614 2406 687 μακρὰν
2435 615 2659 686 ποίησον
2700 616 2794 669 ἀπ’
2823 614 3011 668 αὐτοῦ.

2264 706 2322 760 '0
2348 706 2663 778 μεταδιδοὺς
2694 707 2889 779 ἄφρονι
2921 705 3121 776 γνῶσιν
3140 746 3155 771 ,
3196 703 3385 776 ὅμοιός
3427 705 3545 757 ἐστι
3584 702 3662 777 τῷ
3684 702 3754 756 λί-

2181 797 2273 852 θον
2296 798 2492 871 ἄτιμον
2515 802 2573 854 ἐν
2609 800 2869 871 σφενδόνῃ
2920 800 3092 871 χρυσῇ
3143 796 3558 869 προσπήξαντι·
3592 796 3626 868 ἦ
3677 796 3756 849 λί-

2181 888 2271 943 θον
2301 889 2519 962 ἔντιμον
2542 893 2600 946 ἐν
2635 889 2898 963 σφενδόνῃ
2922 887 3274 961 λιθοδολούσῃ
3295 886 3600 941 λιθάσαντι.

2263 1076 2389 1130 Ἐἀν
2419 1074 2680 1147 συντριδῇ
2714 1076 2748 1146 ἡ
2784 1074 3042 1138 ἔκστασις
3067 1073 3178 1127 τῶν
3211 1073 3464 1146 ἀφρόνων
3487 1113 3502 1138 ,
3543 1072 3665 1127 καθ’
3694 1074 3757 1144 ἣν

2177 1169 2476 1243 ἐξέστησαν
2507 1168 2644 1223 Θεοῦ
2668 1210 2684 1235 ,
2719 1169 2880 1223 πάλιν
2930 1168 3159 1241 καθαροὶ
3207 1154 3491 1240 γενόμενοι
3528 1169 3754 1242 προσέρ-

2175 1277 2363 1334 χονται
2397 1260 2475 1332 τῷ
2507 1260 2652 1332 Θεῷ”
2685 1258 2862 1316 Πᾶσα
2899 1261 3013 1331 γὰρ
3032 1261 3200 1330 ’σὰρξ
3228 1259 3437 1329 ὄψεται
3467 1261 3538 1314 τὸ
3569 1259 3757 1328 Σωτή-

2167 1369 2306 1423 ριον
2322 1350 2429 1406 τοῦ
2455 1351 2627 1407 Θεοῦ.
2690 1351 3028 1423 Προσεκτέον
3057 1351 3113 1404 δὲ
3142 1336 3395 1417 ἐνταῦθα,
3420 1351 3504 1405 ὅτι
3534 1350 3635 1415 τὰς
3660 1366 3758 1405 πα·-

2174 1449 2465 1522 χυνθείσας
2491 1447 2671 1519 ψυχὰς
2694 1446 2803 1501 ἀπὸ
2831 1448 2932 1519 τῆς
2975 1447 3175 1512 κακίας
3195 1488 3209 1511 ,
3254 1446 3464 1519 σάρκας
3510 1445 3756 1517 ἀφρόνων

2173 1543 2455 1614 ὠνόμασεν
2479 1554 2494 1570 '
2525 1540 2669 1595 οὕτω
2697 1541 2792 1595 καὶ
2817 1542 2846 1595 6
2870 1540 3075 1613 Κύριός
3108 1557 3274 1611 φησιν
3295 1557 3311 1573 ·
3342 1542 3424 1595 οὐ
3470 1538 3558 1610 μὴ
3589 1556 3757 1594 κατα-

2167 1636 2345 1704 μείνῃ
2370 1633 2437 1688 τό
2465 1630 2703 1702 πνεῦμά
2734 1650 2854 1702 μου
2878 1631 2949 1687 ἐν
2984 1632 3109 1699 τοῖς
3147 1631 3515 1702 ἀνθρώποις,
3546 1630 3646 1686 διὰ
3690 1630 3755 1684 τὸ

2170 1722 2324 1782 εἶναι
2345 1725 2569 1791 αὐτοὺς
2590 1724 2845 1793 σάρκας.

2255 1819 2313 1872 '0
2341 1816 2633 1872 ἀποϐαλὼν
2655 1858 2671 1883 ,
2697 1817 2872 1889 φησι,
2913 1814 3113 1869 κακίαν
3140 1809 3306 1867 αὑτοῦ
3325 1850 3342 1876 ,
3372 1812 3469 1866 καὶ
3497 1812 3635 1884 πρὸς
3661 1814 3755 1867 ati-

2102 1872 2143 1931 Β
2169 1910 2269 1983 τὴν
2299 1909 2463 1964 πάλιν
2513 1872 2883 1981 ἐπιστρέφαςν,
2935 1906 3121 1979 ὅμοιός
3176 1905 3293 1959 ἐστι
3329 1872 3477 1958 ’κυνὶ
3522 1872 3754 1959 ἐσθίοντι

2170 2002 2261 2056 τὸν
2287 2002 2418 2057 ἴδιον
2446 2003 2668 2073 ἐμετόν’
2696 1996 2786 2055 οἷα
2822 1995 2945 2072 ἦνή
2976 1997 3072 2053 τοῦ
3106 1997 3228 2052 Λὼτ
3262 1995 3440 2069 γυνὴ,
3477 1997 3578 2051 καὶ
3619 1997 3752 2067 πρὸς

2168 2094 2228 2147 ὃν
2252 2094 2313 2148 τὸ
2343 2093 2651 2166 ἀκάθαρτον
2692 2092 2909 2164 πνεῦμα
2938 2089 3292 2163 ἐπέστρεψεν.
3340 2158 3343 2159 ν

2235 2186 2517 2260 Χρηστέον
2537 2185 2712 2258 τούτῳ
2739 2184 2816 2257 τῷ
2848 2183 2999 2257 ρητῷ
3028 2183 3164 2256 πρὸς
3200 2182 3327 2247 τοὺς
3351 2180 3754 2254 ψηφιζομένους

2167 2279 2320 2343 τινὰς
2348 2277 2457 2333 τῶν
2480 2277 2714 2345 ἀναξίων
2751 2278 2809 2331 ἐν
2840 2275 3129 2349 ἱερωσύνῃ,
3154 2273 3187 2345 ἢ
3219 2274 3278 2326 ὲν
3296 2273 3483 2345 κλήρῳ
3504 2289 3518 2304 ·
3558 2272 3621 2326 ού
3646 2271 3756 2342 γὰρ

2167 2375 2232 2428 ἐκ
2250 2373 2357 2427 τῶν
2385 2371 2507 2431 καθ’
2530 2373 2681 2445 ἡμᾶς
2709 2388 2795 2435 τις
2820 2370 2919 2439 τὴν
2963 2366 3360 2438 δικαιοκρισίαν
3400 2365 3495 2419 καὶ
3543 2364 3754 2419 ἐλευθε-

2169 2466 2290 2542 ρίαν
2339 2466 2439 2537 τῆς
2483 2464 2808 2536 Ἐκκλησίας
2858 2461 3249 2535 ἐποιήσατοσῆ
3296 2458 3539 2532 ἡμετέρα
3585 2458 3752 2520 ἐστὶν,

2168 2556 2305 2612 ἀλλά
2325 2555 2586 2630 Χριστοῦ,
2609 2556 2678 2609 δι’
2704 2554 2771 2627 ἢν
2804 2553 2986 2624 ἔκρινε
3014 2551 3311 2615 δικαιώσας
3344 2548 3537 2604 ἑαυτὸν
3571 2549 3751 2621 σφαγῇ

2164 2649 2414 2720 δοθῆναι,
2465 2648 2561 2703 καὶ
2593 2636 2822 2719 χυθῆναι
2861 2647 2922 2700 τὸ
2964 2642 3104 2716 αἷμα
3156 2643 3329 2698 αὐτοῦ’
3361 2642 3500 2713 ὑπὲρ
3541 2640 3711 2711 αὐτῆς
3734 2653 3753 2667 ⁸

2165 2741 2307 2795 οὕτω
2342 2739 2478 2794 καὶὸ
2505 2741 2612 2803 πᾶς
2641 2756 2727 2803 τις
2759 2737 3085 2811 Ἐκκλησίας
3122 2736 3317 2799 οἴακας
3346 2730 3754 2805 ἐγκεχειρίσθαι

2165 2830 2469 2903 ἐπιθυμῶν,
2502 2829 2706 2899 ὀφείλει
2740 2829 2932 2883 ἐαυτὸν
2959 2828 3208 2882 ἐκδοῦναι
3234 2867 3249 2893 ,
3281 2826 3377 2880 καὶ
3403 2825 3502 2895 τῆς
3549 2824 3755 2896 κέρκου

2164 2923 2259 2978 τοῦ
2285 2919 2526 2993 πονηροῦ
2571 2921 2879 2994 κρατῆσαι,
2910 2919 3005 2974 καὶ
3030 2921 3156 2983 τοὺς
3184 2919 3290 2971 ὑπὸ
3318 2916 3415 2988 τὴν
3449 2913 3618 2970 αὑτοῦ
3651 2931 3754 2970 κα-

2164 3017 2290 3071 κίαν
2314 3013 2699 3093 ἐλευθερῶσαι,
2725 3014 2819 3068 καὶ
2843 3015 2921 3077 είς
2943 3012 3043 3085 τὴν
3073 3010 3169 3065 τοῦ
3195 3008 3430 3081 Χριστοῦ
3454 3007 3755 3077 ἐπίγνωσιν

2163 3110 2557 3183 προσαγαγεῖν.

2236 3201 2446 3274 ’Ὠσπερ
2490 3202 2549 3259 ἐν
2584 3198 2762 3264 ξύλοις
2804 3197 2865 3251 τὸ
2899 3195 3031 3268 πῦρ,
3058 3193 3237 3261 οὕτως
3281 3196 3339 3248 ἓν
3370 3195 3629 3266 πονηροῖς
3660 3193 3754 3246 λο-

2161 3298 2385 3366 γισμοῖς
2427 3293 2609 3347 θάλλει
2647 3291 2741 3345 καὶ
2792 3288 2937 3342 καίει
2977 3289 3006 3340 ὁ
3041 3287 3178 3359 πρὸς
3223 3285 3305 3339 τάο
3336 3285 3481 3357 πάθη
3516 3284 3612 3339 τοῦ
3656 3285 3754 3339 νοῦ

2161 3386 2360 3459 θυμός’
2392 3387 2526 3440 ὅπου
2552 3383 2607 3437 δὲ
2639 3383 2739 3436 οὐκ
2768 3380 2884 3434 ἐστι
2915 3379 3171 3450 δίθυμος,
3210 3376 3458 3431 τουτέστι
3500 3376 3751 3450 δίψυχος,

2158 3478 2274 3535 ἀλλ’
2315 3478 2349 3551 ἢ
2382 3477 2460 3549 τῷ
2501 3475 2642 3546 Θεῷ,
2683 3474 2716 3546 ἢ
2752 3472 2833 3544 τῷ
2869 3472 3177 3544 μαμμωνᾷ,
3220 3468 3664 3541 ἡσυχασθήσεται
3693 3467 3756 3534 ἐξ

2158 3570 2323 3627 αὐτοῦ
2364 3571 2426 3625 τὸ
2458 3569 2515 3622 ἓν
2546 3569 2642 3622 τοῦ
2681 3567 2899 3636 ἐτέρου·
2931 3564 2967 3636 ἢ
2990 3564 3051 3617 τὸ
3099 3563 3190 3617 τοῦ
3236 3562 3372 3617 Θεοῦ
3414 3562 3755 3633 πρόσταγμα

2157 3662 2407 3734 νικῆσαν,
2451 3661 2510 3716 τὸ
2541 3658 2635 3714 τοῦ
2671 3657 2908 3730 πονηροῦ
2958 3657 3292 3728 τακήσεται,
3333 3656 3428 3710 καὶ
3464 3657 3539 3726 τῇ·
3576 3654 3754 3725 κακίᾲ

2156 3754 2605 3828 προσειρηνεύσει
2623 3770 2638 3785 ο
2677 3752 2773 3809 ἐὰν
2798 3751 2855 3805 δὲ
2882 3751 2949 3805 τὰ
2977 3750 3071 3804 δύο
3097 3750 3293 3813 ἕλοιτο,
3333 3749 3428 3801 καὶ
3465 3746 3565 3817 τῆς
3598 3745 3752 3817 ζωῆς

2153 3848 2397 3915 ἐκπέσοι,
2428 3848 2522 3901 καὶ
2550 3846 2659 3900 τῶν
2688 3844 3037 3917 προσκαίρων
3073 3840 3491 3913 στερηθήσεται.

2224 3941 2390 4012 Χείλη
2439 3940 2673 3995 ἐνταῦθα
2725 3941 2849 4003 τοὺς
2899 3936 3195 4009 λογισμούς
3243 3950 3440 4006 φησιν·
3492 3934 3521 3986 6
3560 3934 3619 3988 δέ
3676 3932 3752 3987 τὰ

2152 4035 2305 4107 χείλη
2343 4033 2437 4089 τοῦ
2480 4034 2572 4088 νοῦ
2609 4034 2683 4106 μὴ
2719 4032 2950 4102 ἀνοίγων
2988 4029 3129 4084 κατά
3162 4028 3256 4082 τοῦ
3299 4027 3561 4100 πονηροῦ,
3604 4028 3751 4100 πρδς

2149 4127 2242 4180 τὸν
2273 4126 2408 4181 Θεὸν
2452 4124 2946 4197 ἐξομολογούμενος
2974 4122 3043 4177 τὰ
3079 4122 3244 4188 κακά,
3271 4123 3372 4175 ὃσα
3404 4120 3749 4191 ὲνσπείρειεν

2150 4217 2299 4290 αὐτῷ
2335 4218 2478 4273 κατὰ
2509 4216 2605 4272 τοῦ
2637 4216 2796 4280 Θεοῦ,
2832 4216 2969 4270 ἀλλά
2999 4215 3252 4286 κρύπτει,
3293 4212 3439 4285 λύπῃ
3473 4211 3746 4265 καλύπτει

2150 4309 2343 4364 ἑαυτοῦ
2395 4309 2647 4382 καρδίαν,
2691 4307 2751 4375 ἐξ
2807 4305 3124 4376 ἀφροσύνης
3177 4302 3251 4374 μὴ
3303 4301 3539 4374 νομίζων
3594 4300 3746 4372 ἔχειν

2148 4403 2451 4474 ἁμάρτημα
2491 4403 2548 4455 ἐν
2581 4400 2825 4461 τούτοις·
2866 4400 2966 4453 ούκ
3013 4395 3170 4461 εἰδὼς
3201 4396 3299 4468 τὴν
3338 4395 3434 4448 τοῦ
3470 4393 3608 4447 Θεοῦ
3651 4393 3746 4446 εύ-

2150 4494 2511 4565 σπλαγχνίαν·
2543 4495 2623 4548 ὅτι
2670 4491 2866 4565 μᾶλλον
2904 4494 3015 4555 τοϊς
3046 4489 3218 4554 οὕτως
3256 4488 3598 4559 ὑπομένουσιν
3645 4487 3751 4541 καὶ

470 4572 636 4641 tibus,
676 4587 910 4635 coronas
949 4573 1161 4640 tribuit,
1214 4591 1312 4631 ceu
1372 4576 1615 4647 quotidie
1665 4589 1889 4650 propter
1917 4597 2041 4639 eum
2075 4569 2081 4624 ί

2182 4586 2563 4656 ξαγγέλλουσιν
2594 4583 2742 4655 αύτῷ
2778 4582 2983 4648 ταῦτα,
3026 4581 3326 4650 στεφάνους
3364 4579 3632 4650 ἀπονέμει
3663 4578 3747 4642 ὡς

467 4664 869 4725 dimicantibus.

2152 4679 2273 4735 καθ’
2297 4677 2530 4749 ἑκάστην
2556 4676 2776 4735 ἀθλοῦσι
2803 4678 2870 4730 δι’
2894 4675 3056 4729 αὐτόν

1893 4772 2047 4834 CAP.
2086 4774 2302 4833 XXVII.

538 4859 581 4891 ³⁷
604 4858 814 4922 Itludit,
845 4873 942 4928 pro
965 4861 1176 4929 gaudet,
1200 4860 1488 4919 intellexit.
1513 4861 1645 4916 Nam
1676 4880 1807 4934 pura
1835 4870 2047 4939 anima,

466 4952 591 5006 dum
610 4948 962 5005 dcliciaturin
987 4950 1217 5011 scientia
1241 4952 1519 5023 Scriptura
1530 4957 1888 5027 runngaudet
1904 4960 2041 5017 bene

464 5052 672 5096 satura.
702 5040 771 5093 At
804 5040 1015 5111 impura
1045 5042 1225 5103 anima
1273 5041 1465 5109 falsam
1495 5060 1711 5116 quoque
1751 5049 2037 5109 scientiam

465 5141 618 5204 putat
646 5132 871 5191 omnino
898 5147 1030 5197 esse,
1058 5148 1264 5189 veram.

536 5226 582 5257 ³⁸
609 5223 703 5280 Vel
734 5225 914 5283 cordis
942 5224 1115 5291 locus,
1147 5234 1231 5282 est
1260 5226 1432 5293 virtus
1453 5243 1521 5291 ac
1549 5229 1810 5299 scientia;
1843 5248 1873 5287 a
1912 5235 2036 5305 qui-

464 5319 567 5381 bus
586 5318 867 5387 alienatus
880 5318 1071 5384 homo.
1090 5316 1287 5383 incidit
1317 5319 1377 5383 in,
1404 5322 1899 5395 nequitiamatque
1955 5326 2039 5380 in-

2236 4868 2546 4941 Ὲμπαίᾶι,
2589 4871 2709 4924 ἀντὶ
2737 4868 2830 4923 τοῦ
2864 4870 3074 4940 χαίρει,
3100 4868 3259 4922 ἔλαϐε
3279 4884 3293 4899 ο
3324 4864 3479 4938 ψυχὴ
3637 4882 3749 4918 κα-

2146 4964 2317 5036 θαρὰ,
2381 4963 2783 5035 κατατρυφῶσα
2842 4963 2945 5033 τῆς
3001 4961 3255 5032 γνώσεως
3305 4961 3415 5014 τῶν
3472 4959 3737 5030 Γραφῶν,

2144 5055 2323 5127 χαίρει
2364 5055 2782 5127 ἐμπιπλαμένη·
2826 5055 2972 5127 ψυχὴ
3005 5054 3061 5109 δὲ
3106 5053 3447 5126 ἀκάθαρτος,
3491 5053 3589 5107 καὶ
3635 5052 3741 5124 τὴν

2141 5145 2486 5217 ψευδώνυμον
2519 5145 2738 5215 γνῶσιν,
2765 5145 2937 5217 ἀληθῆ
2969 5144 3185 5208 πάντως
3212 5143 3441 5214 νομίζει.

2217 5239 2288 5292 Ἢ
2316 5239 2480 5302 τόπος
2510 5237 2760 5309 καρδίας,
2796 5236 2964 5309 ἀρετὴ
3001 5240 3096 5289 καλ⁵
3125 5235 3344 5304 γνῶσις,
3373 5234 3467 5303 ἀφ’
3492 5225 3570 5286 ὧν
3592 5233 3739 5286 ἁπο-

2141 5329 2393 5397 ξενωθεὶς
2430 5328 2714 5403 ἄνθρωπος
2742 5329 2930 5385 πίπτει
2958 5332 3037 5393 είς
3065 5329 3261 5383 κακίαν
3296 5326 3390 5381 καὶ
3424 5324 3732 5394 ἀγνωσίαν,

465 5409 706 5474 δοίιίδω,
751 5410 917 5480 [itque
946 5424 1136 5469 servus
1186 5410 1407 5479 peccati
1448 5413 1609 5482 quod.
1647 5424 1850 5484 patrat.
1899 5415 2035 5481 Nam

2180 5422 2236 5476 αἱ
2263 5421 2470 5491 γίνεται
2506 5421 2692 5485 δοῦλος
2717 5422 2815 5494 τῆς
2842 5420 3115 5493 ἁμαρτίας
3156 5419 3326 5475 ποιῶν
3353 5418 3528 5490 αὑτήν
3548 5435 3560 5449 ·
3591 5414 3735 5470 καθὸ

462 5510 731 5574 quatenus
769 5502 931 5559 homo
958 5502 1241 5565 rationalis
1266 5512 1375 5571 est.
1403 5503 1698 5576 locushejus
1726 5506 1897 5573 virtus
1926 5517 2032 5565 est.

2177 5513 2248 5585 ἀρ
2277 5514 2491 5583 λογικός
2525 5517 2662 5579 ἐστι,
2686 5513 2850 5578 τόπος
2878 5512 3043 5574 αὐτοῦ
3074 5515 3108 5583 ἡ
3142 5512 3333 5585 ἀρετή.

531 5805 576 5911 1‘
604 5817 656 5911 ξ·
701 5802 783 5909 73.
808 5805 953 5911 ν”ἔ-
989 5806 1041 5864 8.
1122 5809 1165 5843 ’⁸
1214 5825 1265 5865 v.
1305 5810 1393 5871 10.
1468 5812 1668 5873 “Luc.
1703 5829 1789 5884 tn,
1837 5816 1892 5872 6.
1964 5815 2013 5911 ’³³
2049 5815 2081 5875 G

2177 5857 2190 5875 .
2236 5818 2386 5887 “,3.
2465 5817 2510 5851 ³³
2541 5832 2594 5880 v.
2629 5814 2716 5873 ll.
2796 5815 2839 5849 “
2878 5830 2925 5872 v.
2969 5815 3053 5872 Π.
3134 5813 3178 5848 ³⁸
3208 5828 3258 5871 v.
3292 5811 3385 5869 20.
3466 5810 3514 5845 ³⁵
3537 5827 3589 5868 v.
3616 5807 3716 5865 ει.

455 5870 501 5905 ³⁷
533 5890 583 5930 v.
608 5873 685 5952 7._
737 5873 783 5909 ³⁸
808 5891 859 5934 v.
887 5879 942 5933 8.
