3958 6512
224 415 321 472 Sil

290 530 439 596 Νοῦς
475 529 694 602 ἀπαθὴς
727 529 993 596 ποικίλοις
1014 529 1295 605 τέρπεται,
1338 533 1503 607 σοφίᾳ⁵
1538 535 1636 590 καὶ
1663 533 1805 606 γνὼ-
1835 540 1878 598 Α

221 638 324 687 σει,
356 620 455 676 καὶ
480 616 757 693 ὑμνῳδίᾳ⁶
794 621 920 687 νοῦς
942 622 1001 676 δὲ
1029 624 1323 697 Eumene;
1342 626 1400 680 ὲν
1434 625 1678 698 ἀγνωσία
1709 625 1805 679 καὶ

218 712 388 785 κακίᾳ
430 708 895 785 καταρρήγνυται,
937 716 1033 770 καὶ
1065 718 1147 782 εἰς
1193 716 1393 790 πτῶμα
1425 718 1643 794 ἔρχεται
1672 718 1803 771 δυσ-

221 804 367 858 ίατον
400 804 497 858 καὶ
529 802 693 877 μέγα.

283 894 443 960 Φίλος
468 896 627 968 ἡμῶν
665 894 763 950 καὶ
792 885 901 948 τῶν
933 882 1213 964 πρόπαλαι
1248 889 1522 963 πατέρων,
1560 894 1656 949 καὶ
1693 897 1804 951 τῶν

219 988 341 1058 μεθ’
377 989 547 1059 ἡμᾶς,
588 989 618 1042 6
663 986 798 1052 Θεός
848 985 1029 1038 ἐστιν’
1078 982 1241 1047 αὐτὸς
1287 981 1397 1056 γὰρ
1444 979 1629 1039 εἶπενο

213 1078 615 1147 ἐγκατέλιπον
649 1075 854 1147 πηγὴν
882 1074 1117 1141 ’ὕδατος
1157 1064 1391 1142 ζῶντος,
1428 1070 1528 1131 καὶ
1566 1071 1807 1147 ὤρυξαν

214 1162 454 1236 ἑαυτοῖς
504 1162 776 1236 λάκκους
823 1165 1390 1237 συντετριμμένους.
1421 1197 1493 1209 -
1542 1163 1806 1227 Ἐνταῦθα

212 1252 446 1328 ἀδελφὸς
473 1259 503 1312 6
535 1259 767 1331 Χριστός
810 1252 929 1312 ἔστι
970 1255 1113 1313 κατὰ
1151 1257 1342 1330 χάρινδ
1385 1258 1465 1324 είς
1502 1256 1560 1313 δὲ
1602 1256 1695 1316 τὸν
1727 1256 1807 1316 οἶ-

213 1367 308 1405 κον
348 1351 446 1406 τοῦ
491 1346 720 1422 ἀδελφοῦ
775 1368 892 1418 σου,
932 1351 1061 1406 ἀνευ
1102 1346 1211 1405 τῶν
1255 1347 1503 1419 ἐντολῶν,
1550 1342 1626 1408 ὧν
1670 1356 1805 1428 ἡμῖν

202 1442 468 1509 δέδωκεν,
514 1445 597 1508 είς
647 1442 897 1512 ἐξουσίαν
950 1436 1046 1497 τοῦ
1087 1436 1349 1498 εἰσελθεῖν
1400 1445 1482 1509 είς
1526 1442 1618 1499 τὸν
1658 1442 1805 1502 οἷκον

212 1532 408 1601 αὑτοῦ,
445 1537 722 1591 τουτέστιν
751 1539 830 1600 τίς
857 1531 957 1609 τὴν
982 1532 1092 1591 τῶν
1120 1531 1364 1608 οὐρανῶν
1401 1535 1697 1607 βασιλείαν,
1729 1538 1805 1612 μὴ

210 1627 465 1702 εἰσέλθῃς
480 1627 696 1699 ἀτυχῶν
704 1622 925 1681 τούτων’
947 1622 1183 1690 τοιοῦτος
1196 1620 1305 1700 γάρ
1319 1622 1386 1700 ἦν
1401 1624 1495 1681 καὶ
1512 1629 1540 1681 6
1552 1621 1805 1684 εἰσελθὼν

180 1720 291 1785 σείς
325 1708 656 1792 τὸνγάμον,
705 1720 781 1793 μὴ
826 1719 966 1790 ἔχων
1012 1712 1215 1791 ἔνδυμα
1262 1718 1476 1790 γάμουσ
1529 1712 1705 1786 δεθεὶς
1749 1716 1807 1776 δὲ

207 1813 407 1885 χεῖρας
431 1812 530 1867 καὶ
566 1812 734 1878 πόδας
776 1802 1039 1885 ἐξεϐλήθη
1081 1804 1176 1867 τοῦ
1207 1804 1410 1883 γάμου.
1445 1842 1515 1852 —
1552 1813 1804 1884 Ἀδελφδς

204 1904 375 1977 ἡμῶν
406 1904 643 1960 ἐνταῦθα
670 1907 699 1960 6
728 1905 836 1959 τῶν
867 1905 1115 1975 ἀγγέλων
1139 1904 1296 1977 χορός
1334 1896 1480 1959 ἐστι·
1514 1905 1655 1960 κατά
1694 1908 1803 1980 γὰρ

203 1996 305 2067 τὴν
354 1994 469 2051 τῶν
515 1996 762 2066 ἀγγέλων
802 1996 964 2066 φύσιν
1009 1997 1115 2069 πρὸ
1151 1997 1252 2069 τῆς
1298 1998 1664 2069 παραϐάσεως
1707 2001 1803 2053 καὶ

205 2088 481 2152 πτώσεως
509 2090 538 2142 6
561 2087 808 2153 διάϐολος
839 2088 949 2143 τῶν
981 2089 1227 2158 ἀγγέλων
1250 2089 1345 2144 καὶ
1374 2090 1532 2164 ἡμῶν
1554 2091 1765 2163 ὑπῆρχε
1783 2108 1798 2123 ο

208 2181 373 2251 φίλος
413 2182 472 2235 δὲ
510 2181 669 2253 ἡμῶν
708 2182 856 2235 ἐστιν
888 2184 916 2235 6
944 2181 1106 2246 Θεός*
1154 2185 1408 2254 κρεῖσσον
1438 2184 1497 2237 δὲ
1526 2183 1605 2254 τῷ
1635 2187 1801 2255 ἐγγυ-

202 2274 354 2345 τέρῳ
392 2273 490 2326 καὶ
532 2270 771 2345 ἀληθινῷ
826 2272 946 2344 Θεῷ
993 2272 1149 2344 ἡμῶν
1182 2274 1275 2329 καὶ
1317 2274 1456 2347 φίλῳ
1497 2275 1666 2345 ἐγγὺς
1708 2277 1803 2331 καὶ

203 2361 619 2432 πλησιεστέρως
653 2362 842 2429 οἰκεῖν,
867 2362 901 2433 ἦ
932 2359 1012 2434 τῷ
1042 2361 1262 2435 μακρὰν
1288 2356 1381 2417 ἀπ’
1410 2356 1576 2419 αὑτοῦ
1611 2365 1802 2420 ἑαυτὸν

204 2457 506 2527 ποιήσαντι
557 2454 823 2526 διαϐόλῳ,
877 2454 955 2520 ὡς
1008 2454 1221 2527 ἀδελφῷ
1273 2455 1556 2523 ὑπείκειν,
1604 2458 1685 2522 είς
1742 2447 1802 2513 τὸ

203 2545 608 2602 συναπολέσθαι
666 2547 834 2619 αὐτῷ.
866 2578 934 2589 —
970 2548 1257 2620 Κρείσσων
1308 2549 1338 2603 6
1397 2546 1801 2622 συναπτόμενός

204 2656 297 2708 μοι
337 2638 434 2692 διά
460 2639 562 2710 τῆς
597 2637 833 2711 ἀληθοῦς
867 2636 1143 2709 γνώσεως,
1176 2640 1315 2714 ὑπὲρ
1342 2641 1435 2697 τὸν
1462 2643 1802 2715 συναπτόμε-

199 2729 289 2784 νόν
323 2747 421 2801 μοι
454 2730 613 2800 μόνον
643 2730 731 2784 διὰ
756 2729 857 2802 τῆς
889 2730 1124 2801 φύσεως.

269 2820 388 2874 Τοῦ
422 2819 710 2893 ἀνθρώπου
747 2814 916 2886 οἶκος,
957 2824 991 2893 ἡ
1020 2823 1222 2896 ἀρετήο
1253 2821 1350 2877 ἐὰν
1385 2816 1479 2879 οὖν
1525 2824 1599 2897 μὴ
1634 2841 1801 2878 σπου-

197 2912 373 2976 δαίως
397 2911 606 2983 ταύτης
653 2913 998 2986 ἐπιμελῆται,
1042 2917 1101 2969 ὲν
1144 2915 1320 2988 καιρῷ
1353 2917 1673 2991 πειρασμῶν
1702 2918 1799 2972 ὲκ-

199 3022 400 3061 πιπτει
430 3004 620 3076 αὐτῆς.

269 3101 430 3173 Συκῆ
461 3100 695 3155 ἐνταῦθα
722 3103 757 3174 ἡ
791 3098 1104 3175 δικα.οσύνη
1146 3104 1180 3176 ἡ
1217 3103 1312 3158 τοῦ
1342 3104 1478 3160 Θεοῦ
1524 3108 1692 3171 ἐστιν,
1731 3108 1801 3179 ἢν

1422 415 1796 474 EXPOSITIO
1823 415 1894 473 IN
1921 415 2334 475 PROVERBIA.

3374 420 3482 479 ειε

1974 535 2021 569 ³⁸
2056 534 2211 591 Mens
2237 532 2627 606 cupiditatibus
2666 532 2847 591 libera
2874 532 3209 591 multimodis
3236 532 3480 591 delecta-

1908 634 2016 690 tur,
2056 624 2347 694 sapientia,
2385 633 2443 680 et
2473 624 2727 690 scientia,
2758 633 2926 695 atque
2956 623 3275 696 bymnodia.
3325 623 3481 682 Mens

1903 724 2094 772 contra
2125 714 2470 785 passiuuihus
2492 714 2756 779 obnoxia,
2782 715 3081 786 ignorantia
3100 725 3157 770 et
3193 714 3481 784 iniquitate

1904 796 2289 879 proscinditur,
2305 807 2467 876 ﬁtque
2480 822 2671 877 magna
2688 809 2841 862 ruina
2854 814 2904 864 et
2919 821 3074 880 paene
3089 807 3477 879 irreparabilis.

1973 898 2020 932 ⁵⁸
2048 897 2276 953 Amicus
2322 908 2508 954 noster
2535 908 2591 954 et
2642 898 2987 968 antiquorum
3016 906 3233 969 patrum
3282 909 3338 953 et
3383 914 3480 968 pu-

1906 999 2175 1046 sterorum
2205 1000 2541 1053 nostrorum,
2569 986 2715 1044 Deus
2731 999 2838 1045 est.
2864 986 2989 1057 Ipse
3009 991 3160 1044 enim
3191 988 3365 1046 dixit:
3393 987 3480 1042 Me

1904 1081 2292 1152 dercliquerunt
2321 1079 2519 1149 [autem
2546 1095 2698 1152 aque
2720 1080 2955 1143 uiuentis,
2983 1087 3033 1134 et
3055 1080 3351 1149 eﬁ‘odsrunt
3374 1079 3478 1137 sibi

1906 1171 2165 1227 cisternas
2195 1172 2480 1240 dissipatas
2506 1171 2574 1227 δι.
2600 1201 2672 1214 -
2696 1169 2811 1226 Hoc
2853 1171 2972 1225 loco
3016 1168 3187 1225 frater
3230 1165 3482 1226 Cliristus

1904 1274 1991 1320 est
2006 1279 2105 1336 per
2131 1266 2380 1335 gratiam.
2433 1264 2540 1319 Sed
2592 1264 2645 1318 in
2678 1263 2896 1319 domum
2930 1261 3117 1317 fratris
3146 1261 3244 1326 tui,
3276 1262 3481 1331 absque

1907 1356 2193 1427 praeceptis
2226 1369 2348 1425 qua
2391 1354 2544 1412 dedit
2581 1354 2760 1421 nobis,
2792 1363 2854 1408 ut
2903 1354 3058 1424 copia
3105 1361 3253 1408 esset
3293 1352 3480 1422 ingre~

1907 1447 2088 1507 diendi
2119 1447 2173 1502 in
2201 1447 2423 1502 domum
2453 1446 2590 1517 ejus,
2624 1447 2675 1503 id
2716 1455 2799 1504 est
2833 1447 2888 1502 in
2925 1446 3185 1505 caelorum
3225 1458 3479 1516 regnum,

1907 1556 1978 1597 ne
2004 1540 2247 1597 introeas
2280 1540 2326 1595 si
2367 1540 2455 1597 bis
2489 1540 2709 1611 inquam
2757 1554 2965 1596 careas.
3017 1538 3151 1594 Nam
3184 1538 3306 1592 talis
3333 1546 3478 1604 erat,

1905 1632 1999 1703 qui
2037 1632 2104 1687 ad
2146 1632 2365 1703 nuptias
2394 1632 2608 1687 introiit
2645 1631 2850 1702 absque
2891 1643 3043 1687 veste
3081 1629 3331 1701 nuptiali,
3385 1628 3481 1699 qui

1908 1722 2093 1794 ligatis
2124 1723 2376 1778 manibus
2403 1738 2470 1779 ac
2496 1723 2724 1792 pedibus
2755 1726 2822 1779 de
2852 1723 2945 1778 illo
2975 1723 3096 1779 loco
3120 1722 3310 1793 pulsus
3354 1720 3477 1777 fuit.

1904 1842 1980 1859 --
2007 1813 2123 1881 Vel,
2148 1814 2322 1870 frater
2343 1824 2527 1872 noster
2548 1815 2652 1871 hoc
2674 1815 2796 1871 loco
2815 1822 2900 1871 est
2919 1814 3234 1886 angelorum
3256 1815 3477 1869 chorus.

1834 1880 1878 1937 Β
1904 1907 2038 1963 Nam
2080 1922 2180 1977 pro
2209 1921 2307 1962 sua
2330 1905 2573 1977 angelica
2605 1914 2799 1961 natura
2830 1914 2959 1962 ante
2994 1880 3481 1975 transgressionem

1902 2012 1958 2059 et
2000 2001 2207 2072 lapsum
2240 1999 2492 2057 diabolus
2538 2007 2596 2056 et
2625 1998 2942 2071 angelorum
2988 2007 3045 2054 et
3086 1997 3258 2054 nostri
3310 1997 3482 2054 frater

1901 2101 2041 2150 erat.
2073 2090 2182 2146 Sed
2221 2090 2431 2146 amicus
2464 2100 2650 2146 noster
2680 2091 2820 2145 Deus
2842 2097 2947 2145 est.
2979 2087 3099 2144 iam
3123 2100 3252 2144 vero
3285 2088 3481 2147 melius

1901 2193 2007 2251 est,
2055 2183 2372 2255 proximiori
2403 2196 2642 2251 veroque
2690 2181 2801 2237 Deo
2851 2191 3039 2237 nostro
3073 2190 3241 2251 atque
3277 2182 3480 2247 amico,

1902 2288 2068 2343 prope
2088 2281 2147 2330 et
2175 2272 2481 2343 proximius
2518 2272 2790 2339 habitare,
2821 2288 2987 2343 quam
3025 2272 3078 2327 ei
3130 2272 3220 2341 qui
3265 2273 3341 2348 ab
3387 2273 3480 2329 illo

1902 2359 2090 2432 procul
2118 2375 2178 2417 se
2202 2361 2498 2427 submovit,
2528 2360 2756 2431 obsequi
2791 2368 3048 2432 tanquam
3093 2359 3273 2426 fratri,
3300 2360 3356 2418 id
3392 2370 3478 2417 est

1901 2455 2139 2522 diabolo,
2168 2464 2228 2513 ut
2251 2472 2376 2512 cum
2410 2456 2602 2513 eodem
2629 2471 2942 2528 pereamus.
2961 2485 3034 2499 —-
3060 2456 3249 2513 Melior
3280 2464 3361 2513 est
3384 2458 3477 2528 qui

1900 2547 2140 2604 cohaeret
2168 2548 2301 2604 mibi
2337 2564 2435 2619 per
2461 2563 2647 2604 veram
2680 2548 2994 2618 scientiam,
3023 2560 3186 2621 quam
3216 2549 3311 2620 Qui
3345 2549 3488 2605 mihi.

1900 2642 2137 2696 cohaeret
2163 2640 2332 2697 solius
2356 2640 2404 2696 vi
2438 2650 2667 2697 natum.

1968 2823 2016 2857 δ’
2046 2822 2294 2880 Hominis
2320 2823 2537 2891 domm,
2567 2831 2653 2880 est
2673 2823 2872 2880 virtus.
2898 2820 3017 2881 Nisi
3045 2837 3177 2895 ergo
3205 2822 3377 2894 huius
3396 2823 3475 2880 di-

1899 2916 2155 2988 ligentem
2196 2930 2383 2973 curam
2423 2925 2599 2988 gerat,
2631 2916 2995 2974 tentatiunum
3036 2922 3285 2989 tehpore
3314 2917 3382 2974 ab
3410 2932 3473 2974 ea

1969 3008 2134 3066 cidet.
2918 3044 2919 3047 η

2023 3022 2055 3063 α
2118 3049 2134 3066 .
2918 3044 2919 3047 η

1898 3022 2018 3134 af:
2042 3022 2209 3158 [ficus
2255 3101 2361 3159 hoc
2417 3100 2540 3157 loco
2582 3100 2800 3172 iustitia
2833 3100 2932 3157 Dei
2984 3109 3089 3167 est,
3130 3110 3294 3171 quam
3325 3100 3380 3155 in
3413 3115 3474 3158 ss

199 3188 248 3242 ei
279 3187 616 3257 φυτεύοντες
653 3190 712 3243 ὲν
756 3190 991 3256 ἑαυτοῖς,
1027 3191 1123 3246 καὶ
1157 3190 1365 3265 ἑτέροις
1399 3194 1680 3265 μετάφυτα
1720 3196 1798 3250 δι-

1909 3191 2037 3263 ipsis
2062 3191 2402 3263 plantantes,
2426 3193 2661 3263 aliisque
2692 3192 2942 3248 surculos
2994 3191 3474 3262 transplantandus

198 3277 408 3344 δόντες,
433 3279 529 3334 τὸν
559 3280 771 3353 καρπὸν
800 3280 971 3353 αὐτῆς
1004 3284 1267 3353 φάγονται
1298 3288 1364 3340 ὲκ
1390 3287 1570 3359 χειρὸς
1596 3287 1799 3361 Κυρίου

199 3372 292 3427 τοῦ
339 3372 509 3444 μόνου
540 3373 751 3429 δικαίου
788 3375 882 3430 καὶ
927 3376 1027 3448 τὴν
1077 3376 1421 3452 δικαιοσύνην
1469 3378 1802 3451 βραϐεύσαν-

198 3481 319 3530 τος·
362 3454 467 3522 ’καὶ
505 3468 622 3532 τοῖς
653 3466 753 3538 τὴν
789 3466 1142 3541 δικαιοσύνην
1187 3469 1355 3524 αὐτοῦ
1402 3469 1671 3541 φυλάξασι
1703 3471 1801 3526 σὺν

202 3559 391 3632 ἑαυτῷ
445 3560 778 3627 συντάττων,
834 3561 1099 3633 ἀπονέμει
1141 3560 1509 3635 δικαιοσύνην,
1554 3562 1655 3635 τὴν
1705 3563 1801 3617 καὶ

199 3651 476 3722 ἀγγέλους
516 3653 851 3723 δικαιοῦσαν,
900 3656 957 3709 ὲν
1012 3658 1077 3728 τῇ
1128 3654 1386 3728 ἀτρέπτῳ
1444 3657 1544 3728 τῆς
1592 3657 1798 3712 δικαιο-

202 3742 375 3814 σύνης
417 3743 795 3816 λαμπρότητιο
836 3745 896 3812 ὂς
941 3745 1000 3800 δὲ
1044 3747 1308 3816 φυλάσσει
1358 3747 1449 3802 τὸν
1495 3748 1653 3818 λόγον
1700 3749 1796 3804 τοῦ

199 3833 438 3906 Κυρίου,
484 3835 577 3891 τὸν
620 3835 825 3910 Κύριον
858 3836 1121 3908 φυλάσσει
1169 3841 1228 3893 ὲν
1270 3840 1338 3911 τῇ
1389 3839 1586 3912 καρδίᾳ
1631 3838 1796 3895 αὑτοῦ

199 3925 515 3999 ἀχώριστον
564 3923 704 3980 εἶναι
734 3929 829 3983 ἀπ’
868 3930 1070 3984 αὐτοῦ’
1106 3931 1470 4004 τιμηθήσεται
1512 3933 1568 3987 δὲ
1603 3934 1665 3988 ού
1701 3934 1798 4005 μό-

199 4033 291 4071 νον
319 4016 579 4072 ἐντεῦθεν
608 4019 714 4074 ὑπὸ
740 4021 849 4075 τῶν
878 4023 1145 4092 ἀγγέλων,
1170 4023 1307 4078 ἀλλά
1333 4025 1427 4078 καὶ
1460 4026 1519 4078 ὲν
1556 4025 1636 4099 τῷ
1671 4026 1798 4098 μέλ-

199 4106 352 4164 λοντι
383 4110 494 4164 ὑπὸ
520 4110 617 4165 τοῦ
646 4112 754 4165 τῶν
784 4114 1033 4183 ἀγγέλων
1062 4115 1419 4189 δημιουργοῦ.

269 4194 426 4267 Οἷον,
466 4204 569 4257 ούκ
612 4204 892 4276 ἀτιμάζων
935 4207 1028 4261 τὸν
1060 4207 1272 4279 ἄφρονα
1314 4208 1648 4279 ἀποστήσεις
1695 4210 1796 4281 τῆς

197 4292 544 4365 ἀφροσύνης,
588 4296 726 4350 ἀλλά
769 4296 1036 4352 διδάσκων
1072 4299 1235 4353 αὑτὸν
1270 4298 1461 4364 ὁποίας
1508 4298 1730 4371 ἀτιμίας
1760 4302 1794 4372 ὴ

196 4384 491 4457 ἀφροσύνη
533 4386 744 4457 γίνεται
795 4389 1055 4463 πρόξενος
1078 4408 1093 4422 ·
1136 4393 1166 4446 6
1214 4391 1325 4464 γὰρ
1364 4392 1446 4455 είς
1503 4391 1793 4464 πρόσωπον

199 4475 441 4549 ἔλεγχος,
482 4480 962 4555 ἀναισχυντότερον
994 4486 1139 4537 ποιεί
1167 4483 1259 4537 τὸν
1285 4484 1684 4555 ἁμαρτάνοντα.

270 4569 399 4623 Τῶν
438 4566 542 4624 ⁸ιόῦ
578 4572 715 4627 Θεοῦ
748 4574 1030 4646 ῥημάτων,
1073 4574 1141 4629 τὰ
1181 4574 1281 4647 μὲν
1322 4576 1404 4639 si;
1445 4573 1576 4629 υίῶν
1620 4572 1786 4646 ζωὴν,
1820 4557 1866 4614 θ

196 4657 268 4713 τά
296 4660 359 4714 δὲ
390 4663 472 4727 εἰς
499 4663 848 4735 θεραπόντων
874 4666 1206 4739 γέγραπται.

1901 3284 2180 3349 cedentes,
2210 3283 2446 3339 fructum
2478 3282 2598 3353 ejus
2623 3281 2914 3339 comedunt
2939 3280 3009 3337 de
3039 3296 3201 3336 manu
3233 3281 3472 3346 Domini,

1900 3375 1994 3447 qui
2029 3374 2380 3445 solusjustus
2413 3382 2521 3441 est,
2544 3382 2601 3430 et
2622 3371 2892 3444 justitiam
2916 3381 3257 3429 muneratur.
3284 3371 3353 3427 Et
3383 3371 3472 3439 iis,

1899 3467 1991 3536 qui
2014 3466 2288 3535 justitiam
2317 3465 2654 3531 custodiunt,
2685 3464 2829 3535 apud
2874 3477 2935 3520 se
2965 3464 3180 3536 positis,
3222 3462 3473 3520 concedit

1893 3558 2164 3630 justitiam
2195 3559 2342 3615 illam
2388 3573 2513 3630 quae
2557 3555 3238 3630 angelosipsosjustitlcat
3265 3564 3471 3612 aeterna

1892 3655 2118 3726 iustitiae
2152 3654 2423 3711 claritate.
2448 3653 2710 3723 Quisquis
2742 3651 2953 3708 Domini
2986 3650 3208 3707 verbum
3237 3650 3474 3706 custodit

1899 3749 1953 3804 in
1977 3748 2140 3805 corde
2160 3762 2278 3813 suo,
2310 3746 2595 3801 Dominum
2618 3745 2796 3817 ipsum
2823 3744 3079 3807 custodit.
3107 3757 3176 3799 ne
3195 3742 3355 3812 longe
3377 3741 3473 3797 fiat

1897 3841 1966 3897 ab
1987 3855 2075 3896 eu.
2112 3838 2288 3895 Porro
2320 3837 2679 3894 honorabitur
2708 3851 2814 3892 non
2845 3837 3007 3891 modo
3038 3849 3184 3890 nunc
3212 3835 3281 3889 ab
3307 3847 3471 3903 ange-

1896 3933 1986 3998 lis,
2047 3931 2143 3988 sed
2185 3930 2353 3986 etiam
2402 3930 2461 3985 in
2519 3927 2709 3984 futuro
2759 3926 2960 3984 szeculo
3024 3929 3093 3982 ab
3156 3923 3472 3995 angelorum

1895 4034 2162 4081 creatore.

1965 4205 2013 4239 “
2044 4203 2103 4260 Id
2132 4211 2239 4267 est.
2277 4217 2386 4259 non
2415 4214 2514 4272 per
2539 4200 2751 4256 illatum
2781 4196 3016 4254 dedecus
3053 4194 3275 4251 stultum
3311 4207 3468 4249 revoa-

1893 4296 2046 4353 cabis
2081 4312 2111 4351 a
2143 4294 2375 4351 stultitia
2399 4292 2631 4360 sua,sed
2659 4291 2839 4361 pot-ius
2862 4301 2986 4344 eum
3017 4288 3257 4344 docendo
3279 4286 3469 4356 quanti

1895 4388 2177 4446 dedecoris
2211 4385 2441 4443 stultitia
2480 4385 2567 4440 sit~
2600 4397 2790 4439 causa.
2843 4379 2977 4435 Nam
3031 4378 3386 4448 reprehensio
3415 4376 3468 4430 in

1895 4482 2092 4538 faciem
2120 4481 2330 4549 objecta
2357 4478 2823 4550 impndentiorem
2835 4473 2967 4530 facit
2990 4478 3363 4544 peccatorem.

1965 4576 2013 4608 ⁸³
2036 4574 2129 4631 Dei
2163 4572 2326 4627 verba
2359 4572 2559 4643 partim
2591 4570 2657 4625 ad
2689 4569 2943 4631 filiorum,
2976 4567 3175 4637 partim
3209 4567 3275 4621 ad
3302 4569 3471 4620 famu-

1892 4666 2066 4721 lorum
2089 4666 2376 4736 regendam
2411 4663 2576 4718 vitam
2613 4662 2812 4730 scripta
2845 4662 3079 4715 fuerunt.

1618 4762 1772 4818 CAP.
1814 4761 2051 4818 XXVIII.

274 4849 340 4903 Ei
372 4850 523 4905 ἐστιν
550 4852 794 4925 ἀνδρεῖος
824 4856 885 4911 ἐν
906 4855 1203 4921 ἀσεϐείαις,
1242 4854 1399 4911 ἔστιν
1423 4857 1666 4929 ἀνδρεῖος
1698 4858 1791 4912 καὶ

200 4937 261 4990 ἐν
299 4939 559 5010 ἀρεταῖςσ
609 4943 703 4997 καὶ
747 4946 795 4997 εί
834 4947 864 4999 6
909 4946 1151 5017 ἀνδρεῖος
1190 4947 1255 5000 ἐν
1292 4944 1570 5010 ἀσεϐείαις
1628 4963 1790 4999 coxo-

202 5032 398 5096 φαντεί
432 5033 682 5103 πτωχοὺς
700 5074 715 5100 ,
757 5037 783 5089 ό
823 5036 1067 5109 ἀνδρεῖος
1111 5040 1175 5092 ὲν
1205 5039 1425 5110 ἀρεταῖς
1478 5038 1789 5108 παρακαλεῖ

199 5121 484 5191 πτωχούς·
525 5124 721 5180 οὐκοῦν
752 5129 908 5193 πᾶςό
933 5130 1264 5202 παρακαλῶν
1299 5130 1545 5199 πτωχοὺς
1579 5131 1637 5182 ὲν
1672 5130 1791 5182 ἀσε-

200 5209 381 5277 ϐείαις
450 5218 847 5290 συμπράττειν,
895 5223 1221 5291 συκοφαπεῖ
1262 5219 1460 5281 αὐτοὺς
1510 5218 1648 5291 πρὸς
1697 5218 1789 5272 τὸν

197 5302 363 5366 Θεὸν,
396 5307 677 5364 τουτέστιν
708 5311 1122 5381 ἀντιδιαϐἀλλει,
1142 5313 1291 5376 ὅπως
1314 5310 1793 5365 συναπολεσθῶσιν

199 5395 378 5465 αὐτῷ.

284 5488 351 5538 ’0
373 5485 572 5557 λαῦρος
599 5484 756 5550 ὑετὸς
780 5488 842 5540 οὐ
875 5488 1035 5558 μόνον
1066 5490 1192 5554 τοὺς
1208 5494 1452 5563 καρποὺς
1472 5493 1791 5561 ἀπόλλυσιν,

200 5577 344 5631 ἀλλὰ
372 5580 465 5632 καὶ
486 5578 550 5632 τὸ
573 5579 862 5651 πρόσωπον
895 5581 995 5652 τῆς
1036 5582 1162 5651 γῆς,
1197 5584 1259 5637 τὸ
1283 5587 1409 5649 τοὺς
1436 5588 1679 5659 καρποὺς
1705 5588 1786 5641 δια

198 5669 355 5737 ἂιῦν,
383 5669 716 5740 ἑξεδικρίζειι⁸
743 5672 859 5726 ἔστι
896 5673 954 5727 δι
986 5674 1080 5728 καὶ
1113 5673 1273 5740 ΰετδς
1299 5677 1589 5749 είρηνικδς,
1620 5674 1786 5732 ποιῶν

1968 4857 2016 4889 ⁸⁸
2038 4855 2094 4912 Si
2123 4866 2209 4911 est
2239 4854 2395 4910 fortis
2415 4855 2467 4908 in
2494 4852 2890 4923 implentibus,
2918 4859 3003 4905 est
3028 4851 3196 4905 etiam
3227 4850 3385 4906 fortis
3408 4849 3463 4905 in

1895 4949 2215 5005 virtutibus.
2240 4948 2305 5003 Et
2331 4947 2380 5002 si
2414 4947 2572 5002 fortis
2614 4947 2668 5001 in
2699 4944 3065 5014 impietatibus
3102 4943 3464 4998 calumniatur

1894 5054 2179 5109 pauperes,
2196 5038 2287 5107 qui
2314 5036 2471 5093 fortis
2495 5045 2579 5093 est
2599 5036 2653 5091 in
2670 5036 2957 5091 virtutibus
2981 5033 3249 5089 confortat
3265 5047 3463 5102 paupe—

1900 5148 2006 5187 res.
2034 5133 2174 5199 Ergo
2196 5131 2291 5199 qui
2342 5143 2609 5199 pauperes
2645 5128 2923 5184 conlortat
2964 5130 3030 5183 ad
3060 5126 3461 5198 participandas

1897 5225 2230 5293 impietates,
2280 5221 2644 5279 calumniatur
2697 5237 2792 5278 eos
2846 5222 2984 5291 apud
3026 5222 3230 5284 Deum;
3286 5218 3339 5272 id
3376 5228 3461 5272 est

1894 5310 2141 5367 vicissim
2183 5309 2533 5375 criminatur,
2562 5319 2622 5365 ut
2648 5322 2758 5365 una
2776 5316 3022 5382 pereant.

1964 5494 2271 5550 Vehemens
2314 5492 2495 5562 pluvia
2531 5508 2636 5546 non
2682 5506 2857 5547 sutum
2914 5490 3096 5560 fruges
3126 5491 3461 5561 ρεεευιηάθιι
3566 5566 3609 5571 ,-

1890 5603 2080 5642 verum
2115 5587 2275 5642 etiam
2308 5595 2471 5640 teme
2494 5584 2711 5649 faciem,
2734 5599 2853 5654 qua:
2883 5583 3067 5655 fruges
3095 5582 3325 5654 profert,
3364 5582 3460 5637 de-

1890 5686 2092 5735 vastat.
2121 5678 2217 5736 Est
2249 5678 2421 5733 etiam
2449 5671 2598 5732 mitis
2625 5676 2830 5747 pluvia,
2860 5691 2985 5747 qua:
3030 5674 3273 5732 ﬂoridam
3325 5674 3460 5731 facit

277 5853 327 5887 ”
366 5869 414 5909 ν.
442 5856 543 5913 9.0
575 5855 617 5887 ⁸ο
653 5871 701 5911 ν.
746 5855 825 5911 10.
902 5857 943 5889 δ’
977 5854 1086 5912 Jer.
1124 5872 1184 5919 ll.
1223 5859 1306 5913 13.
1384 5859 1428 5890 ⁵⁸
1456 5874 1504 5917 γ.
1541 5859 1624 5912 l5.
1702 5856 1745 5891 ⁸³
1773 5875 1799 5910 \'

1909 5858 1943 5912 ζ.
2024 5858 2069 5890 ⁸⁸
2104 5874 2154 5912 ν.
2195 5856 2287 5913 92.
2365 5855 2409 5889 "
2446 5873 2489 5909 ν-
2527 5855 2613 5910 ‘27.
2691 5855 2733 5888 "
2763 5872 2813 5943 δ’.
2841 5854 2893 5910 5.
