3926 6524
496 415 605 473 245

1363 414 1822 473 SUPPLEMENT
1838 415 1932 473 UM
1967 415 2060 472 AD
2088 418 2416 480 ORlGENlS
2447 423 2861 484 EXEGETICA.

3633 429 3745 487 2M

497 541 654 587 terra:
689 529 901 598 faciem,
934 531 1183 587 nutriens
1209 546 1274 586 ac
1301 532 1586 588 vivillcaus
1613 533 1793 605 fruges
1824 533 1962 604 ejus.
1999 534 2068 590 Et
2095 589 2100 601 ,

2194 539 2396 606 eam;
2426 542 2486 597 τὸ
2523 544 2812 615 πρόσωπον
2842 541 2940 615 τῆς
2968 543 3094 615 γῆς,
3127 543 3222 598 καὶ
3251 544 3463 618 τρέφων
3490 544 3585 599 καὶ
3618 545 3750 610 ζωο-

495 625 792 681 vehemens
819 625 1060 694 quidem,
1091 625 1456 694 pessumdatis
1505 625 1774 697 frugibus,
1823 628 2069 685 homines

496 714 656 770 simul
684 715 1027 785 exstinguit;
1061 725 1118 771 at
1146 715 1295 772 mitis
1339 715 1531 773 alendo
1559 716 1764 790 fruges,
1792 720 2066 776 hominum

500 817 660 859 νιιίιηι
690 818 994 860 conservat.

571 985 614 1017 ⁵⁷
646 985 743 1039 Est
789 985 874 1040 lex
905 987 1126 1056 injusta,
1158 999 1212 1045 et
1241 990 1369 1046 item
1409 991 1494 1046 lex
1523 992 1688 1062 justa.
1728 991 1930 1062 Injusta
1969 993 2070 1049 ob-

500 1085 877 1162 temperantes
907 1082 1009 1136 sibi
1044 1083 1224 1153 perdit
1259 1101 1273 1151 ;
1303 1083 1452 1152 justa
1493 1101 1598 1141 non
1629 1087 1784 1140 modo
1833 1086 2066 1154 longitu-

502 1171 683 1224 dinem
712 1171 925 1226 dierum
957 1173 1169 1238 tribuit,
1203 1175 1299 1229 sed
1329 1176 1495 1230 etiam
1522 1175 1680 1247 regni
1714 1177 1975 1230 ccelorum
2013 1173 2084 1231 [it'

503 1261 757 1316 donatrix
804 1264 1308 1332 obtemperantibus
1361 1267 1486 1327 sibi.
1526 1271 1654 1338 quia
1681 1268 1785 1329 ,lex
1828 1269 1922 1322 Dei
1965 1279 2067 1324 est.

503 1352 760 1422 Quisquis
798 1369 926 1408 vero
956 1356 1123 1410 Deum
1157 1367 1326 1421 amat,
1361 1357 1535 1428 legem
1566 1373 1784 1427 quoque
1829 1359 2070 1427 ejusdem

505 1453 689 1508 amat;
716 1453 768 1496 et
797 1459 919 1514 quze
969 1445 1053 1499 lex
1099 1447 1340 1510 mandat,
1370 1457 1642 1516 operatur.
1677 1449 1795 1504 1am
1825 1451 2073 1521 quisquis

501 1531 604 1603 legi
639 1549 843 1588 morem
872 1537 1032 1606 gerit,
1069 1539 1538 1606 perturbationum
1592 1541 1831 1611 quietem
1879 1547 2074 1598 couSe—

501 1627 688 1695 quitur
711 1637 765 1681 et
796 1628 888 1682 Dei
925 1631 1284 1700 agnitionem.
1336 1634 1488 1700 Quod
1531 1635 1578 1689 si
1627 1635 1762 1706 legis
1803 1646 2074 1693 amatores

504 1734 660 1773 muro
694 1733 754 1774 se
791 1723 1190 1789 communiunt,
1227 1740 1372 1777 nunc
1399 1740 1585 1779 murus
1614 1727 1852 1795 quietem
1885 1743 1914 1782 a
1947 1744 2073 1798 per-

505 1807 910 1866 turbationibus
937 1812 1232 1882 signilicat,
1259 1825 1316 1869 et
1347 1817 1439 1870 Del
1471 1804 1753 1870 scieniiam
1782 1835 1796 1884 ;
1835 1834 1956 1889 qua:
1985 1834 2073 1874 so-

504 1901 570 1956 la:
605 1903 931 1958 rationalem
970 1916 1225 1962 naturam
1263 1909 1544 1965 custodire
1569 1920 1795 1980 queunt.

578 2080 626 2113 ⁸⁸
653 2081 711 2136 Si
743 2083 948 2138 divitia:
976 2095 1101 2140 sunt
1133 2087 1420 2155 impiorum
1459 2090 1724 2159 nequitia,
1761 2091 1864 2147 viri
1900 2101 2081 2146 autem

508 2173 784 2243 sapientes
834 2189 930 2228 eas
964 2176 1247 2244 abjieiuut,
1303 2188 1452 2246 patet
1487 2180 1785 2248 nequitiam
1836 2196 2082 2250 pessum-

513 2266 628 2318 dari
663 2281 690 2318 a
719 2266 884 2334 justis
913 2279 1074 2337 atque
1101 2271 1466 2338 sapientibus,
1499 2271 1625 2325 dum
1662 2289 1756 2342 per
1783 2275 2079 2344 spiritalem

508 2357 810 2411 doctrinam
846 2359 1088 2428 impuros
1117 2347 1184 2414 ad
1221 2361 1481 2416 virtutem
1526 2364 1813 2419 reducunt.

579 2448 624 2480 θ’
654 2447 1008 2519 Nequaquam
1053 2451 1137 2504 lex
1181 2467 1371 2522 preces
1418 2454 1736 2524 cujusquam
1774 2468 2077 2526 aversatur,

509 2541 604 2593 sed
652 2541 745 2608 qui
797 2541 920 2596 tulit
970 2543 1145 2612 legem
1200 2545 1341 2600 Deus
1389 2559 1680 2601 aversatur
1719 2547 1838 2616 ejus
1889 2566 2080 2619 preces

508 2631 601 2700 qui
651 2647 839 2686 aurem
892 2648 1044 2689 suam
1093 2636 1315 2705 avertit,
1367 2639 1656 2706 quominus
1705 2642 1890 2697 audiat
1943 2645 2079 2714 legis

507 2733 808 2777 auctorem.
832 2723 898 2778 Et
935 2725 1134 2781 Paulus
1169 2726 1245 2781 ait
1277 2748 1289 2782 :
1323 2725 1563 2783 Prwscia
1607 2740 1779 2785 autem
1807 2730 2078 2801 Scriptura

507 2817 676 2883 futuri
719 2815 769 2846 ‘°
808 2834 822 2870 :
854 2831 951 2886 pro
981 2832 1048 2872 eo
1085 2833 1148 2872 ac
1175 2818 1342 2886 dicat,
1377 2820 1482 2887 Qui
1521 2819 1858 2890 Scripturam
1907 2825 2076 2891 dedit,

509 2907 834 2978 pnesciebat
859 2907 1125 2964 futurum.
1895 2989 1897 2991 ι

583 3001 626 3032 ⁵⁸
655 3001 756 3067 Qui
807 3011 925 3056 sala
964 3001 1016 3055 in
1052 3001 1170 3070 ejus
1196 3002 1359 3058 corde
1411 3017 1441 3058 a
1497 3004 1735 3076 maligno
1780 3007 1918 3061 mala
1969 3024 2078 3064 non

511 3093 802 3149 contltetur
835 3093 967 3160 Deo,
1003 3103 1097 3148 aut
1129 3093 1240 3149 Deo
1274 3105 1430 3165 grato
1467 3096 1695 3162 homini,
1737 3113 1846 3154 non
1886 3114 2080 3155 conse-

509 3194 711 3255 quetur
739 3183 950 3240 felicem
995 3184 1064 3239 de
1105 3185 1344 3254 maligno
1387 3186 1688 3242 victoriam.
1744 3188 1846 3254 Qui
1895 3201 2075 3245 autem

510 3277 828 3342 coutltetur,
856 3276 1110 3344 diligetur
1155 3293 1184 3331 a
1239 3277 1348 3332 Deo
1397 3289 1452 3333 et
1484 3280 1553 3334 ab
1601 3279 1812 3349 angelis
1843 3281 1980 3348 ejus.
2013 3281 2080 3336 Et

508 3365 747 3421 Jacobus
771 3367 846 3420 ait
874 3386 889 3420 ;
920 3365 1257 3436 Conﬂlsmim’
1281 3368 1606 3422 alterutrum,
1634 3379 1848 3436 peccata
1888 3382 2077 3436 vestra,

512 3469 568 3512 ut
592 3459 850 3513 sanemini
893 3460 959 3511 δ’.
1007 3461 1296 3514 Psalmista
1340 3477 1558 3531 quoque
1599 3463 1675 3516 ait
1717 3482 1730 3517 :
1777 3462 2082 3532 Couﬁtebor

513 3551 766 3605 adversus
794 3569 874 3607 me
907 3553 1225 3622 injustitiam
1251 3571 1421 3607 meam
1451 3555 1698 3617 Domino,
1735 3566 1783 3608 et
1829 3570 1885 3608 tu
1927 3573 2082 3610 remt-

514 3643 634 3696 sisti
669 3643 984 3712 impietatem
1008 3645 1184 3699 cordis
1211 3647 1312 3698 mei
1341 3645 1410 3700 ⁸³.

2106 3237 2147 3295 C

586 3827 636 3861 “
682 3830 856 3899 Iniqui
909 3832 1050 3900 regis
1105 3841 1425 3901 proventus,
1475 3832 1790 3901 iniquitates
1847 3843 1977 3890 sunt
2029 3843 2085 3889 et

518 3921 653 3977 falsa
681 3921 952 3992 dogmata.
1017 3923 1146 3978 Ha‘c
1189 3923 1332 3978 enim
1369 3923 1547 3979 eidem
1584 3925 1826 3994 pendunt
1881 3925 2084 3980 subditi

513 4012 650 4079 ejus.
679 4013 1094 4070 Calumniantur
1120 4025 1302 4070 autem
1335 4016 1528 4082 Deum,
1559 4019 1651 4088 qui
1686 4017 1920 4088 maligno
1951 4019 2084 4073 obe-

515 4106 672 4159 diunt
697 4121 711 4169 ;
740 4105 866 4174 quia
899 4121 1004 4160 non
1036 4106 1166 4173 Deo,
1200 4107 1293 4161 sed
1322 4107 1544 4163 inimico
1575 4109 1693 4179 ejus
1720 4109 1937 4165 diabolo
1958 4110 2086 4165 sub-

513 4196 644 4265 jecti
675 4206 824 4251 sunt.
890 4197 1030 4263 Quia
1059 4213 1190 4252 vero
1217 4199 1357 4253 Deus
1389 4199 1502 4254 odit
1532 4201 1805 4255 diabolum
1847 4203 1920 4256 ob
1966 4217 2086 4272 per-

517 4299 681 4340 versa
722 4299 885 4354 opera
918 4287 1058 4357 ejus,
1098 4287 1188 4342 hic
1217 4288 1458 4342 vicissim
1490 4289 1860 4345 calumniatur
1909 4291 2086 4345 homi-

518 4391 616 4432 nes
651 4381 790 4449 apud
824 4381 1011 4434 Deum.
1069 4380 1170 4446 Qui
1206 4381 1321 4435 odit
1365 4383 1566 4437 laedere
1614 4384 1852 4438 animam
1908 4399 2088 4451 suam,

519 4469 736 4540 iongum
762 4470 962 4526 inﬁniti
994 4473 1178 4527 saeculi
1215 4482 1428 4542 tempus
1453 4474 1620 4530 vivet.

2169 638 2342 708 γονῶν
2387 641 2513 704 τοὺς
2557 641 2616 694 ὲν
2653 641 2790 714 αὐτῇ
2836 639 3114 715 καρπούς·
3149 629 3261 696 ¹καί
3303 639 3334 692 6
3368 639 3468 712 μὲν
3513 639 3748 713 λαῦρος,

2168 730 2260 784 διὰ
2311 731 2412 803 τὴν
2471 730 2746 788 ἀπώλειαν
2810 732 2919 788 τῶν
2969 731 3197 806 καρπῶν
3253 731 3562 787 ἀποκτείνει
3622 733 3753 796 τοὺς

2169 825 2518 898 ἀνθρώπους,
2555 827 2584 880 6
2623 827 2680 881 δὲ
2721 827 3024 900 εἰρηνικὸς,
3067 826 3154 881 διὰ
3191 826 3301 882 τῶν
3345 827 3573 900 καρπῶν
3619 825 3753 891 ζωο-

2170 933 2339 987 γονει.

2243 1013 2400 1066 Ἔστι
2444 1012 2540 1066 καὶ
2571 1012 2735 1083 νόμος
2783 1011 3128 1084 παράνομος,
3172 1010 3267 1065 καὶ
3297 1008 3460 1082 νόμος
3502 1008 3748 1072 δίκαιοςο

2171 1104 2265 1158 καὶ
2288 1107 2316 1158 6
2353 1104 2450 1176 μὲν
2512 1105 2827 1175 παράνομος
2867 1104 2994 1167 τοὺς
3039 1101 3188 1174 αὐτῷ
3235 1101 3588 1173 πειθομένους
3619 1103 3756 1156 ἀπο-

2171 1198 2283 1250 λεῖ·
2315 1199 2343 1251 6
2373 1197 2430 1251 δὲ
2451 1196 2658 1261 δίκαιος
2682 1197 2741 1250 οὐ
2776 1196 2936 1267 μόνον
2972 1196 3286 1268 μακρότητα
3309 1194 3529 1267 ἡμερῶν
3560 1193 3753 1265 δωρεῖ-

2171 1307 2291 1354 ται,
2334 1289 2471 1344 ἀλλά
2504 1287 2606 1343 καὶ
2653 1289 2928 1360 βασιλείας
2968 1287 3208 1360 οὐρανῶν
3242 1286 3499 1360 πρόξενος
3542 1287 3756 1355 γίνεται

2171 1386 2285 1446 τοῖς
2318 1382 2467 1455 αὐτῷ
2501 1382 2837 1447 ὑπείκουσιν,
2879 1382 2961 1435 ὅτι
3005 1381 3099 1434 τοῦ
3131 1379 3267 1434 Θεοῦ
3303 1381 3449 1433 ἐστι’
3495 1380 3604 1443 πᾶς
3637 1378 3695 1431 δὲ
3728 1381 3759 1431 6

2174 1474 2404 1543 ἀγαπῶν
2452 1473 2545 1528 τὸν
2595 1473 2749 1539 Θεὸν,
2801 1473 2995 1544 ἀγαπᾷ
3057 1471 3149 1526 τὸν
3193 1469 3353 1542 νόμον
3418 1467 3606 1534 αὑτοῦ,
3659 1468 3759 1521 καὶ

2175 1569 2319 1619 ποιεῖ
2348 1565 2417 1620 τά
2447 1564 2541 1619 τοῦ
2571 1566 2737 1638 νόμου
2757 1582 2770 1596 ο
2811 1567 2919 1629 πᾶς
2948 1564 3005 1617 δὲ
3037 1564 3066 1616 6
3093 1561 3261 1617 ποιῶν
3287 1561 3378 1615 τὸν
3406 1561 3589 1632 νόμον,
3621 1559 3763 1613 ἀπά-

2177 1656 2324 1710 θειαν
2355 1659 2548 1711 κτᾶται
2585 1657 2678 1710 καὶ
2711 1655 2914 1726 γνῶσιν
2956 1652 3120 1708 Θεοῦ’
3160 1656 3208 1707 εί
3251 1653 3308 1708 δὲ
3338 1655 3386 1706 0i
3431 1651 3760 1722 ἀγαπῶντες

2174 1748 2266 1800 τὸν
2296 1747 2480 1819 νόμον,
2517 1747 2958 1819 παραϐάλλουσιν
2990 1746 3202 1810 ἑαυτοῖς
3223 1747 3418 1814 τεῖχος,
3447 1742 3542 1797 νῦν
3582 1745 3766 1814 τεῖχος

2177 1838 2276 1909 τὴν
2321 1838 2588 1893 ἀπάθειαν
2624 1837 2877 1910 σημαίνει
2926 1836 3021 1891 καὶ
3056 1836 3154 1908 τὴν
3205 1834 3403 1905 γνῶσιν
3453 1833 3548 1886 τοῦ
3597 1832 3759 1898 Θεοῦ,

2186 1929 2329 2002 ἅπερ
2379 1930 2516 2002 μόνα
2560 1929 2773 1989 πέφυκε
2821 1928 3114 2001 φυλάσσειν
3164 1925 3260 1998 τὴν
3305 1924 3464 1995 φύσιν
3517 1923 3620 1996 τὴν
3671 1923 3766 1976 λο-

2197 2024 2366 2090 3qu.

2255 2059 2578 2176 ἕίγπλοῦτός
2622 2109 2832 2166 ἀσεϐῶν
2865 2109 3065 2175 κακία,
3106 2108 3296 2180 ἄνδρες
3331 2109 3388 2162 δὲ
3423 2107 3579 2178 σοφοὶ
3624 2107 3768 2161 ἀπο-

2183 2205 2430 2258 λέσουσιν
2461 2204 2643 2268 αὑτὸν,
2690 2203 2849 2274 δῆλον
2881 2203 2957 2267 ὡς
2985 2202 3184 2256 κακίαν
3222 2199 3578 2255 ἀπολλύουσιν
3607 2201 3658 2252 οι
3685 2198 3774 2252 δί’-

2184 2313 2328 2351 καιοι
2371 2295 2464 2349 καὶ
2500 2295 2681 2364 σοφοὶ,
2714 2294 2802 2348 διὰ
2850 2293 2950 2365 τῆς
2993 2293 3370 2365 πνευματικῆς
3413 2291 3773 2354 διδασκαλίας

2182 2389 2308 2451 τοὺς
2336 2385 2680 2458 ἀκαθάρτους
2703 2386 2838 2457 πρὸς
2865 2385 3063 2457 ἀρετὴν
3093 2385 3475 2455 ἐπανάγοντες.

2254 2482 2366 2553 Οὐχ
2408 2484 2437 2535 6
2482 2480 2645 2550 νόμος
2695 2478 3044 2549 βδελύσσεταί
3087 2495 3231 2541 τινος
3279 2477 3380 2549 τὴν
3432 2476 3771 2548 προσευχὴν,

2181 2572 2295 2628 ἀλλ’
2321 2576 2349 2627 6
2382 2573 2630 2636 δεδωκὼς
2664 2572 2756 2624 τὸν
2797 2571 2959 2642 νόμον
2998 2570 3166 2633 Θεὸς,
3204 2569 3296 2622 τοῦ
3332 2569 3675 2633 ἐκκλίνοντος
3705 2570 3776 2623 τὲ

2180 2662 2274 2730 οὖς
2312 2665 2497 2730 αὑτοῦ,
2533 2664 2628 2718 καὶ
2664 2664 2738 2736 μὴ
2772 2661 3073 2716 εἰσακούειν
3115 2660 3393 2725 ποιοῦντος
3422 2659 3516 2714 τοῦ
3560 2662 3726 2732 νόμου

2182 2758 2277 2812 καὶ
2315 2759 2344 2810 6
2380 2755 2592 2820 Παῦλός
2639 2771 2805 2828 φησι·
2847 2753 3218 2824 Προειδοῦσα
3265 2751 3332 2806 δὲ
3372 2755 3411 2821 ὴ
3443 2751 3658 2822 Γραφὴ
3699 2753 3776 2807 τὸ

2176 2848 2430 2918 μέλλον,
2459 2847 2579 2900 ἀντὶ
2605 2846 2726 2911 τοῦ,
2757 2847 2816 2900 '0
2841 2844 2939 2917 τὴν
2954 2844 3174 2918 Γραφὴν
3191 2842 3436 2907 δεδωκὼς
3465 2843 3776 2916 προῄδειττλ

2185 2940 2395 3011 μέλλον.

2262 3033 2320 3086 '0
2360 3031 2428 3085 τὰ
2462 3028 2855 3100 ὲνσπειρόμενα
2889 3025 2946 3079 ὲν
2977 3027 3043 3097 τῇ
3084 3023 3282 3098 καρδίᾳ
3323 3024 3488 3079 αὐτοῦ
3534 3027 3642 3081 ὑπὸ
3672 3027 3773 3081 τοῦ

2182 3123 2418 3197 πονηροῦ
2455 3120 2621 3186 κακὰ,
2666 3121 2740 3192 μὴ
2769 3117 3108 3187 ἐξαγγέλλων
3139 3117 3276 3172 αὑτά
3303 3118 3497 3190 Κυρίῳ
3537 3119 3616 3190 τῷ
3649 3119 3777 3191 Θεῷ

2178 3216 2212 3288 ἢ
2263 3215 2494 3284 θεοφιλει
2520 3211 2789 3284 ἀνθρώπῳ
2834 3209 2980 3278 (24),
3035 3210 3135 3262 οὐκ
3185 3209 3579 3282 εὐοδωθήσεται
3609 3213 3667 3264 ἐν
3703 3215 3774 3285 τῇ

2187 3307 2327 3362 κατά
2367 3304 2458 3359 τοῦ
2507 3303 2742 3376 πονηροῦ
2796 3303 2952 3376 νίκῃο
2982 3304 3010 3355 6
3055 3302 3111 3356 δὲ
3165 3301 3500 3370 ιξαγγέλλων
3546 3304 3775 3378 ἀγαπη-

2188 3403 2409 3474 θήσεται
2449 3401 2553 3453 ὑπὸ
2585 3399 2678 3452 τοῦ
2714 3397 2848 3451 Θεοῦ
2887 3398 2980 3451 καὶ
3009 3396 3118 3448 τῶν
3156 3389 3404 3466 ἀγγέλων
3436 3398 3604 3452 αὐτοῦ
3625 3417 3638 3429 ·
3678 3401 3781 3454 καὶ

2187 3496 2216 3548 6
2251 3493 2506 3554 Ἰάκωϐος
2536 3507 2700 3563 φησιν
2719 3507 2732 3520 ο
2774 3488 3084 3555 Ἅλλήλοις
3115 3488 3508 3559 esum-auem
3551 3491 3626 3544 τὰ
3656 3508 3780 3544 πα-

2179 3585 2541 3656 ραπτώματα
2573 3582 2760 3653 ὑμῶν,
2800 3583 2957 3647 ὅπως
3003 3579 3233 3648 Ιίιθῆτεο
3270 3581 3362 3635 καὶ
3406 3585 3434 3635 6
3465 3583 3784 3653 Ψαλμῳδὸς

2189 3674 2340 3731 εἶπεν
2358 3695 2372 3707 ο
2408 3676 2806 3746 Ἑξαγορεύσω
2825 3675 2952 3728 κατ’
2964 3673 3108 3744 ἐμοῦ
3125 3672 3238 3741 τὴν
3253 3673 3510 3742 ἀνομίαν
3517 3693 3640 3744 μου
3657 3679 3785 3730 Κυ-

2179 3773 2311 3841 ρίῳ,
2331 3771 2523 3825 καὶσὺ
2541 3770 2780 3839 ἀφῆκας
2794 3768 2906 3836 τὴν
2929 3765 3208 3821 ἀσέϐειαν
3223 3765 3333 3835 τῆς
3360 3769 3614 3835 καρδίας
3631 3788 3782 3839 μου.

2259 3864 2325 3915 Αἱ
2360 3863 2608 3934 πρόσοδοι
2650 3860 2741 3913 τοῦ
2792 3857 3027 3930 πονηροῦ
3061 3857 3350 3929 βασιλέως,
3396 3861 3535 3913 είσὶν
3570 3863 3628 3914 αἱ
3677 3880 3788 3916 κα.-

2191 3955 2308 4008 κίαι
2341 3955 2436 4007 καὶ
2467 3953 2534 4006 τὰ
2562 3951 2729 4024 ψευδῆ
2774 3952 3046 4022 δόγματα⁸
3088 3950 3258 4004 ταῦτα
3287 3951 3395 4022 γὰρ
3429 3952 3580 4023 αὐτῷ
3609 3971 3790 4024 προσ-

2191 4044 2461 4097 οδεύουσιν
2478 4044 2526 4095 οἱ
2546 4041 2949 4113 βασιλευόμενοι
2973 4042 3063 4094 ὑπ’
3093 4040 3278 4093 αὐτοῦ·
3311 4042 3790 4110 συκοφαντοῦνται

2192 4135 2248 4188 δὲ
2275 4135 2350 4206 τῷ
2383 4135 2500 4206 Θεῷ
2527 4137 2576 4188 οἱ
2606 4135 2683 4204 τῷ
2712 4133 2932 4204 πονηρῷ
2975 4133 3396 4205 πειθαρχοῦντες
3416 4151 3429 4164 ο
3478 4135 3562 4187 ὄτι
3595 4137 3657 4190 οὐ
3708 4138 3792 4202 τῷ

2193 4228 2332 4297 Θεῷ,
2356 4227 2490 4280 ἀλλὰ
2624 4225 2800 4298 ἐχθρῷ
2831 4223 2994 4278 αὐτοῦ
3035 4224 3112 4295 τῷ
3151 4224 3381 4296 διαϐόλῳ
3411 4226 3747 4282 ὑπόκεινται
3772 4249 3788 4260 ·

2195 4317 2318 4368 ἐπεὶ
2344 4316 2398 4368 δὲ
2429 4319 2456 4369 ὀ
2483 4315 2613 4378 Θεὸς
2649 4317 2795 4386 μισεῖ
2823 4314 2915 4367 τὸν
2940 4313 3181 4367 διάϐολον
3210 4314 3298 4368 διὰ
3327 4315 3397 4368 τὰ
3432 4316 3573 4388 ἔργα
3613 4320 3790 4373 αὑτοῦ

2195 4407 2263 4459 τὰ
2295 4406 2527 4477 πονηρὰ,
2572 4406 2734 4460 αὐτὸς
2765 4405 2924 4460 πάλιν
2951 4405 3038 4459 διά
3069 4405 3176 4457 τῶν
3207 4405 3384 4478 ἔργων
3417 4409 3585 4463 αὑτοῦ
3619 4429 3792 4466 συκο-

2199 4502 2389 4569 φαντεῖ
2417 4501 2541 4562 τοὺς
2583 4498 2902 4570 ἀνθρώπους
2933 4499 3068 4565 πρὸς
3105 4498 3195 4552 τὸν
3235 4499 3399 4553 Θεόνο
3439 4504 3468 4555 6
3505 4503 3563 4555 δὲ
3607 4507 3795 4574 μισῶν

2129 4594 2171 4649 D
2203 4591 2455 4660 ἀδικῆσαι
2487 4591 2586 4659 τὴν
2617 4589 2792 4662 ψυχὴν
2835 4589 3019 4654 αὐτοῦ,
3050 4591 3140 4643 τὸν
3174 4591 3382 4662 μακρὸν
3417 4591 3513 4646 τοῦ
3541 4595 3797 4667 ἀπεράν-

586 4762 645 4794 ’⁵⁸
693 4760 880 4816 Virum
932 4761 1022 4816 llic
1073 4762 1398 4817 homicidam
1452 4762 1587 4818 dicit
1638 4763 1937 4818 diabolum.
1991 4761 2094 4830 Qui

522 4853 754 4922 spondet
803 4867 904 4923 pro
955 4852 1236 4920 iniustitia,
1284 4855 1516 4924 spondet
1568 4871 1666 4923 pro
1726 4857 1954 4923 Satana,
2003 4857 2096 4928 qui

522 4944 792 5014 promittit
835 4946 886 5000 ei
929 4945 1196 5013 vicissim,
1243 4945 1453 5002 l‘ructus
1505 4949 1812 5017 iniquitatis
1846 4964 1906 5003 se
1933 4949 2095 5002 datu-

519 5049 664 5089 rum.
712 5065 785 5076 —
832 5035 978 5092 Gens
1027 5037 1234 5106 iniqua,
1282 5037 1539 5114 dogmata
1590 5039 1897 5094 daemonum
1943 5049 2093 5107 sunt,

522 5126 720 5193 quibus
753 5140 859 5181 non
896 5128 1128 5182 attendit
1156 5129 1295 5184 bene
1326 5130 1610 5184 institutus
1646 5128 1807 5184 illius.
1833 5129 2004 5185 Porro
2035 5129 2097 5183 ii-
2149 5152 2152 5153 ν

522 5217 652 5270 lium
687 5218 817 5274 dicit
847 5234 948 5289 pro
978 5229 1180 5274 mente.
1231 5219 1331 5285 Qui
1362 5235 1490 5274 vero
1523 5221 1689 5274 menti
1739 5222 2094 5290 impedimen-

525 5321 634 5365 tum
668 5312 837 5380 ponit,
870 5314 1162 5381 quominus
1215 5313 1280 5366 ad
1335 5327 1515 5381 pravze
1565 5313 1744 5381 gentis
1796 5315 2091 5381 nequitiam

522 5411 698 5458 semet
721 5404 964 5475 abjiciat,
998 5405 1044 5460 is
1071 5414 1327 5464 tauauatn
1363 5404 1488 5459 colli
1530 5405 1894 5459 imu‘iortalem
1921 5421 2088 5459 orna-

595 5657 636 5687 "
667 5673 716 5710 v.
745 5659 798 5711 4.
872 5656 923 5688 ⁸⁸
951 5671 1001 5713 v.
1033 5657 1086 5710 8..
1163 5655 1208 5688 δ’
1239 5669 1290 5708 v.
1316 5655 1372 5710 9.
1446 5656 1492 5688 ⁸ο
1521 5655 1641 5710 Gal.
1673 5671 1758 5719 Ill,
1781 5655 1834 5710 8.
1911 5654 1952 5686 ἰ
1983 5669 2032 5708 v.
2061 5653 2150 5708 l5.

2201 4698 2294 4734 του
2321 4681 2511 4744 αἰῶνος
2545 4682 2735 4751 χρόνον
2764 4680 3035 4751 βιώσεται.

2276 4774 2476 4842 ’Λνδρα
2533 4773 2763 4828 ἐνταῦθα
2807 4772 2973 4839 φονέα
3017 4773 3108 4825 τὸν
3150 4772 3393 4828 διάϐολόν
3435 4792 3631 4847 φησιν·
3663 4780 3695 4829 ὁ
3736 4778 3801 4832 δὲ

2203 4863 2550 4935 ἐγγυώμενος
2610 4866 2707 4935 τὴν
2769 4863 3014 4927 ἀδικίαν,
3073 4865 3335 4934 ἐγγυᾶται
3377 4866 3467 4918 τὸν
3509 4868 3800 4929 Σατανᾶν.

2204 4957 2628 5028 ὑπισχνούμενος
2655 4955 2803 5028 αὐτῷ
2838 4958 3062 5019 ἐκεῖνος,
3101 4959 3228 5020 τοὺς
3258 4959 3356 5029 τῆς
3393 4958 3610 5022 ἀδικίας
3656 4962 3796 5016 ἀποι

2199 5046 2391 5100 δώσειν
2437 5048 2701 5120 καρπούς.
2726 5081 2796 5089 ——
2823 5049 3016 5112 Ἔθνος
3042 5049 3375 5120 παράνομον,
3424 5049 3495 5102 τά
3531 5050 3801 5122 δόγματα

2199 5140 2306 5191 τῶν
2346 5141 2612 5212 δαιμόνων
2650 5143 2814 5206 ἐστὶν,
2840 5136 2921 5205 οἷς
2960 5142 3058 5212 οὐχ
3095 5140 3358 5195 ὑπακούει
3399 5142 3427 5194 6
3466 5142 3805 5209 παιδευθεὶς

2200 5232 2346 5294 υἱός·
2377 5233 2490 5285 υἱὸν
2523 5233 2577 5286 δὲ
2610 5233 2702 5286 τὸν
2744 5234 2866 5287 νοῦν
2896 5251 3058 5305 φησιν
3077 5249 3090 5265 ο
3121 5237 3150 5288 6
3177 5235 3231 5287 δὲ
3264 5233 3463 5304 ἐποχὴν
3493 5235 3669 5287 ποιῶν
3693 5239 3803 5290 τοῦ

2203 5320 2296 5374 νοῦ
2335 5323 2428 5375 τοῦ
2459 5325 2532 5394 μὴ
2575 5325 3008 5396 παραρίπτεσθαι
3031 5327 3087 5378 ὲν
3108 5328 3170 5396 τῇ
3201 5325 3294 5378 τοῦ
3325 5325 3560 5396 πονηροῦ
3594 5326 3807 5392 ἔθνους

2205 5413 2395 5484 κακίᾳ,
2436 5415 2510 5478 ώς
2539 5415 2956 5488 περιτραχήλιον
2987 5416 3190 5486 κόσμον
3220 5414 3468 5486 προξενεῖ
3496 5415 3692 5471 λαϐεῖν
3724 5423 3804 5491 τῇ

2225 5655 2270 5687 ⁸²
2292 5655 2408 5711 Jac.
2434 5672 2486 5721 ν,
2525 5655 2614 5711 16.
2690 5655 3064 5719 ll’Psal.nm,
3093 5653 3146 5708 5.
3222 5653 3271 5685 ³⁸
3299 5667 3347 5705 v.
3381 5651 3468 5707 l6.
3545 5652 3594 5685 ⁵³
3621 5669 3671 5706 v.
3708 5657 3809 5712 l7.

598 5799 710 5868 (-24)
764 5800 1020 5856 Videmus
1061 5798 1309 5868 Origenis
1362 5799 1740 5854 auctoritatem
1796 5814 1890 5867 pro
1945 5796 2259 5852 conlitch
2289 5799 2557 5868 religiosis
2627 5799 2756 5853 viris
2822 5806 3068 5868 peccata.
3127 5795 3256 5849 Item
3326 5789 3469 5848 infra
3543 5791 3616 5847 ad
3665 5807 3809 5862 cap.

527 5886 680 5936 xxix,
726 5888 864 5927 vers.
891 5869 979 5923 26.
