3958 6512
245 394 354 448 225

246 509 357 581 ιδίᾳ
386 505 536 578 ψυχῇ
566 496 840 579 ἄφθαρτον
864 507 928 558 ἐκ
963 504 1145 576 χειρὸς
1174 504 1398 578 Κυρίου.

322 687 386 746 ’0
422 689 699 763 καθαίρων
743 691 935 743 ἑαυτὸν
975 693 1040 744 ὲκ
1078 690 1187 743 τῶν
1232 688 1441 750 παθῶν,
1469 688 1564 741 καὶ
1595 688 1823 758 ἐργαζό-

243 799 412 855 μενος
444 781 542 846 τάς
576 781 795 845 ἐντολὰς
832 781 926 835 τοῦ
951 781 1109 847 Θεοῦ,
1152 779 1246 835 τοῦ
1278 779 1617 851 ψυχοτρόφου
1658 780 1824 851 ἄρτου

243 875 440 945 σοφίας
470 875 564 929 καὶ
593 873 847 942 γνώσεως
875 874 1010 928 Θεοῦ
1039 872 1482 945 ἐμπλησθήσεται
1505 888 1518 902 ⁸
1550 873 1578 925 6
1609 871 1666 924 δὲ
1697 870 1824 924 διώ-

241 984 358 1020 κων
385 964 581 1036 σχολὴν
634 962 730 1017 τοῦ
784 964 858 1035 μὴ
902 968 1075 1017 ποιεῖν
1105 963 1204 1026 τὰς
1261 961 1480 1026 έντολάς
1519 960 1615 1015 τοῦ
1658 959 1824 1027 Θεοῦ,

242 1058 620 1129 πλησθήσεται
651 1056 864 1120 πενίας.

314 1152 380 1205 Οί
418 1149 514 1204 νῦν
541 1149 849 1220 ἐλεήμονες,
891 1150 949 1201 έν
981 1146 1058 1217 τῷ
1086 1146 1240 1200 αἰῶνι
1278 1145 1356 1216 τῷ
1392 1143 1637 1216 μέλλοντι
1673 1143 1828 1216 ὲλεη-

242 1243 432 1307 θέντες
458 1242 563 1296 ὑπὸ
590 1243 683 1295 τοῦ
713 1240 867 1306 Θεοῦ,
902 1242 996 1294 καί
1025 1240 1307 1311 γενόμενοι
1333 1238 1576 1308 ἄγγελοι,
1609 1234 1830 1309 ἄρξουσι

241 1336 355 1390 τῶν
402 1335 694 1407 βασκάνων
740 1335 836 1388 καὶ
877 1332 1150 1386 πλουσίων
1201 1329 1445 1386 ἀσεϐῶν·
1488 1329 1726 1383 τοιοῦτον
1773 1328 1830 1381 δὲ

245 1428 464 1500 ἀξίωμα
509 1427 601 1483 καὶ
646 1429 759 1490 τοῖς
795 1425 1066 1498 μαθηταῖς
1115 1423 1282 1478 αὑτοῦ
1329 1421 1595 1493 ὑπέσχετο
1640 1419 1832 1475 δώσειν

240 1520 474 1594 Κύριος,
502 1521 564 1573 τὸ
596 1519 818 1574 καθίσαι
845 1519 1044 1582 αὐτοὺς
1077 1519 1170 1572 ἐπὶ
1207 1517 1415 1570 δώδεκα
1455 1514 1678 1586 θρόνων,
1715 1514 1834 1585 κρί-

239 1632 437 1676 νοντας
479 1613 686 1666 δώδεκα
730 1611 900 1681 φυλὰς
936 1610 1033 1666 τοῦ
1071 1609 1321 1681 Ἰσραήλ”
1355 1608 1542 1680 θρόνος
1586 1606 1646 1660 δέ
1685 1607 1836 1659 ἐστιν

240 1709 302 1760 ὲν
329 1701 376 1775 ᾧ
406 1709 436 1760 6
468 1704 594 1768 νοῦς
621 1703 945 1767 καθέζεται,
989 1702 1203 1773 πλήρης
1244 1697 1500 1768 γνώσεως
1535 1692 1834 1766 πνευματι-

241 1801 373 1870 κῆς,
402 1801 531 1863 τοὺς
561 1796 930 1868 πλανηθέντας
965 1794 1070 1848 ἀπὸ
1109 1793 1209 1863 τῆς
1259 1789 1569 1852 θεοσεϐείας
1616 1789 1852 1848 ὲπισυντ

1412 389 1776 448 EXPOSITIO
1798 391 1870 448 IN
1905 388 2316 449 PROVERBIA.
3390 384 3492 440 2.56

1853 513 1902 572 Α
1931 519 2040 564 tum
2069 518 2228 579 parat
2256 506 2452 561 anima:
2500 518 2612 560 sute
2647 504 2714 558 de
2753 517 2912 556 manu
2961 499 3172 556 Domini
3219 498 3492 569 recipien-

1925 602 2072 657 dum.

1997 693 2102 759 Qui
2148 706 2208 748 se
2255 698 2451 762 purgat
2505 689 2672 758 animi
2730 685 3266 758 perturbationibus,
3308 690 3362 736 et
3402 679 3494 733 Dei

1928 786 2180 842 mandata
2207 785 2548 854 exsequitur,
2575 780 2844 836 nutritore
2873 779 3182 833 animarum
3218 790 3381 846 pane,
3410 789 3497 828 sa-

1929 875 2132 945 pientia
2193 875 2452 929 nimirum
2503 881 2558 927 et
2600 870 2877 940 agnitione
2940 870 3069 932 Dei,
3133 867 3493 922 saturabitur.

1931 971 1978 1002 ³⁶
2000 968 2100 1035 Qui
2132 982 2264 1024 vero
2292 967 2464 1021 otium
2496 972 2758 1028 sectatur,
2781 962 3076 1032 quominus
3100 959 3192 1014 Dei
3241 957 3496 1013 mandata

1931 1045 2278 1128 exsequatur,
2311 1056 2358 1110 is
2389 1054 2608 1125 quidem
2649 1051 2828 1120 inopia
2859 1053 3143 1106 obruetur.

2000 1150 2046 1183 ⁵⁷
2075 1148 2180 1217 Qui
2209 1163 2354 1203 nunc
2379 1155 2505 1201 sunt
2535 1143 2942 1206 misericordes,
2975 1144 3027 1194 in
3065 1141 3248 1193 futuro
3285 1137 3499 1194 -s:eculo

1931 1241 2371 1299 misericordiam
2403 1253 2434 1293 a
2463 1239 2576 1304 Deo
2611 1235 2780 1302 nacti,
2813 1232 3051 1302 factique
3081 1231 3282 1302 anguli.
3329 1232 3502 1300 impe-

1935 1335 2134 1390 rabunt
2157 1330 2355 1386 invidis
2386 1339 2440 1386 et
2473 1328 2654 1399 impiis
2680 1325 2962 1381 divitibus.
3006 1323 3157 1377 Hane
3185 1324 3500 1392 dignitatem

1934 1429 2184 1484 daturum
2219 1441 2278 1481 se
2304 1424 2605 1496 spondebat
2650 1421 2934 1493 discipulis
2973 1422 3255 1478 Dominus.
3310 1435 3503 1488 nempe

1935 1532 2182 1574 sessuros
2234 1530 2330 1571 eos
2381 1529 2544 1586 super
2600 1513 2883 1569 duodecim
2928 1511 3170 1575 thronos,
3196 1510 3504 1578 iudicantes

1938 1611 2223 1667 duodecim
2256 1608 2433 1664 tribus
2460 1605 2682 1661 Israelis
2713 1605 2785 1660 ⁸⁸.
2820 1605 3074 1658 Throuus
3103 1608 3284 1656 autem
3327 1611 3414 1656 est
3446 1602 3499 1654 in

1937 1719 2046 1773 quo
2089 1717 2240 1757 mens
2279 1699 2452 1763 sedet,
2498 1697 2658 1768 plena
2705 1695 2950 1751 scientia:
2983 1694 3266 1765 spiritalis.
3303 1707 3423 1760 quae
3474 1707 3505 1744 a

1939 1792 2205 1863 religione
2236 1790 2422 1846 devios
2454 1785 2688 1842 reducit.
2712 1783 2968 1839 Judicare
2996 1793 3178 1838 autem
3219 1782 3323 1836 hoc
3361 1781 3506 1842 loco,

243 1893 461 1961 ἄγουσα
480 1907 495 1922 ·
524 1890 586 1944 τὸ
625 1889 682 1943 δὲ
713 1887 920 1962 κρίνειν
953 1883 1215 1947 ἐνταῦθα,
1247 1883 1306 1935 τὸ
1337 1881 1606 1936 διδάσκειν
1638 1878 1838 1950 σημαί-

1955 1882 2135 1937 locere
2190 1879 2484 1951 significat.
2543 1877 2616 1932 Ut
2658 1876 2830 1931 illud:
2867 1875 3026 1943 Aperi
3065 1890 3123 1928 os
3167 1884 3316 1927 tuum
3357 1871 3509 1926 verba

241 2002 325 2037 νει
343 2001 356 2014 ·
393 1983 471 2046 ὠς
504 1982 598 2036 καὶ
624 1981 707 2046 τίρ,
731 1982 966 2048 "Arare
995 1975 1112 2030 σὺν
1131 1975 1326 2043 στόμα
1345 1974 1504 2042 λόγῳ
1533 1969 1703 2033 Θεοῦ,
1733 1969 1832 2021 καὶ

244 2077 416 2145 κρῖνε
445 2074 643 2129 πάντα
678 2073 881 2143 ὑγιῶς,
923 2071 1044 2125 ἀντὶ
1071 2067 1192 2133 τοῦ,
1222 2067 1438 2120 δίδασκε
1459 2082 1471 2094 ·
1509 2065 1624 2135 ἅμα
1652 2063 1708 2114 δὲ
1742 2061 1835 2114 καὶ

242 2165 406 2218 τοῦτο
434 2163 626 2226 ἰστέον,
653 2163 735 2215 ὅτι
761 2164 790 2215 6
815 2161 1064 2232 ἐλεήμων
1094 2157 1377 2229 κρατήσας
1405 2155 1499 2208 τοῦ
1540 2152 1832 2224 βασκάνου,

243 2257 412 2321 αὐτὸς
448 2255 546 2327 μὲν
573 2256 634 2308 οὐ
667 2255 954 2324 γενήσεται
992 2252 1278 2323 βάσκανος,
1322 2248 1588 2320 ἐλεήμονα
1612 2244 1668 2298 δὲ
1701 2242 1836 2316 μᾶλ-

244 2347 340 2399 λον
379 2345 601 2416 ποιήσει
633 2343 724 2397 τὸν
756 2342 1044 2413 βάσκανον.

331 2436 463 2490 Ἐὰν
501 2435 814 2490 ἀποθῶνται
859 2436 908 2488 οί
941 2433 1158 2496 ἀσεϐεῖς
1201 2431 1263 2484 τὸ
1293 2425 1431 2484 εἶναι
1473 2426 1711 2490 ἀσεϐεῖς,
1743 2442 1836 2494 γε-

246 2530 508 2600 νήσονται
535 2527 763 2581 δίκαιοι·
799 2528 832 2596 ἡ
865 2523 973 2596 γὰρ
1017 2521 1262 2578 ἀπώλεια
1300 2520 1395 2574 νῦν
1427 2518 1526 2590 τὴν
1559 2516 1839 2585 ἀναίρεσιν

246 2621 356 2692 τῆς
407 2619 662 2682 ἀσεϐείας
714 2616 1004 2689 σημαίνει·
1055 2615 1199 2669 οὕτω
1246 2614 1340 2668 καὶ
1409 2610 1684 2666 Ματθαῖον
1738 2607 1835 2661 τοῦ

247 2710 544 2765 τελωνείου
605 2708 877 2771 ἀπολέσας
925 2706 954 2759 ὸ
1000 2705 1240 2777 Κύριος,
1293 2702 1641 2772 δικαιοσύνην
1693 2698 1840 2769 αὑτῴ

251 2803 584 2875 ἐχαρίσατο·
616 2799 974 2871 πληθύνονται
1000 2798 1108 2870 γὰρ
1143 2799 1192 2850 οί
1220 2795 1438 2863 δίκαιοι,
1475 2795 1603 2848 ὃταν
1634 2794 1684 2846 οί
1717 2794 1842 2847 ἀσε-

252 2896 373 2958 ϐεῖς
421 2893 790 2963 καταλείψωσι
833 2892 935 2962 τὴν
987 2889 1263 2953 ἀσέϐειαν,
1314 2889 1408 2942 καὶ⁴
1457 2889 1553 2942 σὺν
1603 2889 1715 2949 τοῖς
1762 2884 1841 2937 δι-

255 2989 440 3052 καίοις
468 2991 789 3058 γενήσονται
821 2986 1018 3039 δίκαιοι
1038 3001 1050 3015 ·
1083 2982 1328 3038 στένουσι
1358 2982 1535 3036 δὲκαὶ
1566 2985 1614 3036 oi
1648 2982 1842 3035 δίκαιοι

255 3083 355 3136 καὶ
397 3081 728 3144 ὀδυνῶνται,
761 3079 991 3151 ὁρῶντες
1031 3078 1158 3141 τοὺς
1201 3076 1415 3140 ἀσεϐεῖς
1445 3076 1502 3128 έν
1539 3076 1688 3146 τόπῳ
1743 3074 1844 3144 τῆς

258 3171 521 3236 ἀσεϐείας
553 3171 896 3242 ἱσταμένους,
919 3170 1014 3223 κα)⁸
1046 3169 1119 3242 μὴ
1150 3165 1565 3240 μετανοοῦντας.

1941 1971 2062 2037 Dei,
2097 1981 2144 2026 et
2194 1971 2392 2039 integre
2432 1968 2497 2022 de
2533 1967 2773 2021 omnibus
2813 1965 2996 2034 judice
3020 1963 3091 2029 '9,
3131 1963 3182 2018 id
3241 1969 3325 2016 est
3352 1961 3510 2016 doce.

1943 2063 2114 2120 Simul
2164 2073 2218 2117 et
2271 2063 2376 2117 hoc
2433 2060 2712 2116 sciendum
2757 2069 2865 2122 est,
2903 2057 3046 2128 quod
3095 2055 3142 2110 si
3194 2054 3512 2109 misericors

1940 2156 2121 2208 vincat
2151 2154 2414 2217 invidum,
2450 2151 2567 2221 ipse
2607 2150 2826 2218 quidem
2868 2165 2972 2202 non
3012 2149 3104 2201 liet
3133 2145 3378 2208 invidus,
3411 2145 3529 2200 sed~

1943 2249 2094 2302 illum
2132 2245 2544 2301 misericordem
2577 2244 2760 2312 potius
2790 2241 2949 2295 faciet
2985 2240 3075 2309 qui
3123 2247 3240 2292 erat
3267 2237 3504 2292 invidus.

2015 2429 2061 2461 °°
2099 2427 2157 2481 Si
2207 2426 2546 2495 impietatem
2597 2437 2753 2479 suam
2805 2422 3078 2492 deponent
3151 2419 3326 2488 impii,
3380 2415 3532 2484 justi.

1947 2521 2098 2575 licuit.
2129 2515 2263 2572 Nam
2294 2516 2527 2586 perditio
2551 2515 2654 2570 hoc
2677 2515 2818 2577 loco,
2855 2509 3158 2582 iniquitatis
3195 2507 3516 2563 exstinctis-

1948 2627 2066 2667 nem
2098 2608 2384 2680 signiﬁcat.
2415 2608 2508 2662 Sic
2538 2605 2850 2660 Mattbzeum
2896 2603 2964 2657 de
3007 2599 3210 2656 telonio
3249 2596 3512 2653 extermi-

1948 2716 2133 2760 natum
2193 2701 2456 2758 Dominus
2509 2698 2723 2767 iustitia
2793 2695 3038 2752 donavit.
3088 2690 3520 2762 Multiplicentur

1947 2801 2092 2856 enim
2141 2798 2296 2868 justi,
2347 2811 2470 2851 cmn
2524 2794 2673 2863 impii
2729 2793 3068 2863 impietatem
3110 2786 3417 2852 omiserint,
3463 2793 3521 2839 et

1949 2891 2253 2960 cumjustis
2286 2888 2418 2960 justi
2475 2887 2625 2942 ﬁent.
2680 2884 2904 2939 Interim
2949 2889 3174 2952 gemunt
3223 2879 3530 2946 delentque

1943 2984 2102 3051 justi,
2133 2983 2373 3054 quandiu
2406 2980 2599 3050 impios
2625 2978 2816 3033 vident
2845 2975 2900 3030 in
2930 2971 3227 3044 impietatis
3250 2971 3370 3028 loco
3389 2985 3521 3025 eon-

1951 3076 2165 3142 sistere,
2191 3084 2246 3129 et
2270 3072 2506 3129 nondum
2537 3068 2881 3138 resipiscere.

1697 3282 1850 3340 CAP.
1891 3282 2084 3338 XXIX.

332 3403 624 3476 Κρείσσων
669 3405 780 3478 γὰρ
824 3407 965 3477 ἀνὴρ
1011 3409 1040 3460 6
1081 3408 1140 3460 ὲν
1190 3407 1410 3478 παιδείᾳ
1450 3407 1545 3461 καὶ
1597 3403 1842 3476 νουθεσίᾳ

2022 3404 2063 3435 ⁸⁸
2093 3400 2280 3458 Melior
2301 3407 2383 3456 est
2409 3397 2554 3456 enim
2572 3395 2658 3450 vir
2679 3393 2910 3466 quicum
2937 3388 3219 3461 disciplina
3235 3395 3284 3441 et
3305 3381 3533 3440 monitis.

261 3497 477 3568 Κυρίου
519 3497 779 3568 ἐλέγχων,
821 3499 855 3568 ἢ
889 3501 918 3552 6
956 3499 1014 3552 ὲν
1057 3499 1268 3570 σκληρᾷ
1317 3497 1515 3571 καρδίᾳ
1567 3496 1848 3568 παραινῶν

264 3590 363 3642 καὶ
408 3589 840 3661 ὑπισχνούμενος
880 3590 1284 3645 συναπολαῦσαι
1327 3589 1475 3662 αὐτῷ
1503 3589 1611 3643 τῶν
1645 3590 1704 3642 ὲν
1748 3605 1849 3642 κα-

264 3679 396 3751 κίᾳο
441 3677 705 3750 ἐξαπίνης
736 3678 846 3752 γὰρ
886 3680 1219 3753 φλεγομένου
1263 3681 1428 3735 αὑτοῦ
1461 3683 1520 3734 έν
1564 3682 1631 3752 τῇ
1676 3679 1852 3751 ὀρέξει

264 3772 376 3826 τῶν
411 3769 624 3834 παθῶν,
646 3774 675 3825 6
703 3772 796 3825 ἐπὶ
831 3772 1041 3837 πάντας
1070 3773 1319 3838 θάνατος,
1346 3772 1586 3826 ἐπελθὼν
1616 3772 1708 3826 ὲπὶ
1727 3773 1853 3835 τοὺς

267 3865 392 3917 κατ’
433 3862 613 3916 αὐτῶν
640 3862 1091 3935 συμπράκτορας,
1114 3864 1214 3918 οὐκ
1242 3863 1388 3918 ἔστιν
1435 3864 1577 3928 ῐασις
1609 3865 1676 3932 τῇ
1706 3862 1850 3932 ψυχῇ

268 3954 485 4013 αὐτῶν
530 3953 632 4007 οὐκ
676 3948 830 4008 εἶπεν
875 3954 960 4019 δὲ,
997 3956 1079 4008 ὅτι
1111 3955 1467 4026 παυσαμένης
1509 3953 1610 4024 τῆς
1661 3951 1853 4021 φλογὸς

269 4048 374 4102 οὐκ
404 4046 560 4101 ἔσται
601 4049 771 4112 ῐασις,
805 4047 938 4101 ἀλλά
988 4048 1318 4119 φλεγομένου
1359 4046 1524 4101 αὑτοῦ
1565 4046 1664 4099 οὐκ
1705 4045 1855 4098 ἔσται

272 4138 444 4203 ἴασις,
487 4139 565 4202 ὡς
596 4138 808 4208 ἔχοντος
846 4139 1088 4209 δηλονότι
1129 4139 1198 4194 τὰ
1227 4138 1342 4193 τῶν
1366 4137 1554 4192 παθῶν
1584 4134 1859 4202 ὑπεκκαῷο

277 4247 453 4302 ματα,
475 4229 630 4297 ξύλα,
673 4229 885 4302 χόρτον,
915 4230 1167 4301 καλάμην
1188 4248 1200 4261 °
1238 4229 1397 4300 εἴπερ
1434 4227 1528 4282 καὶ
1567 4229 1678 4290 τοῖς
1711 4242 1859 4278 καιος

238 4317 242 4321 ’
278 4322 464 4394 μένοις
505 4322 648 4389 μετά
675 4323 767 4376 τὸν
796 4325 1046 4396 καυτῆρα
1073 4323 1316 4392 πέφυκεν
1412 4322 1597 4391 ὑγίεια
1628 4319 1857 4391 προσγίο

277 4415 488 4471 νεσθαι.

365 4503 892 4580 Ἐγκωμιαζομένων
915 4502 1025 4556 τῶν
1051 4502 1276 4557 δικαίων
1301 4504 1406 4558 ὑπὸ
1439 4505 1532 4558 τοῦ
1563 4507 1773 4579 Κυρίου
1805 4507 1862 4558 ὲν

1958 3492 2169 3551 Domini
2202 3486 2572 3560 reprehendit,
2604 3498 2767 3554 quam
2798 3482 2890 3552 qui
2925 3481 3063 3536 duro
3092 3475 3257 3533 corde
3304 3474 3528 3528 animos

1956 3583 2230 3657 peccatori
2262 3581 2430 3640 addit,
2465 3576 2791 3648 promittens
2817 3573 3044 3641 insuper
3070 3583 3128 3625 se
3155 3566 3272 3623 fore
3293 3564 3344 3621 ei
3370 3563 3529 3620 soda—

1956 3656 2063 3734 lem
2097 3674 2278 3748 gaudii
2329 3671 2478 3727 mali.
2519 3671 2763 3740 Repente
2815 3664 2981 3727 enim,
3032 3664 3158 3717 dum
3200 3657 3295 3714 ille
3325 3656 3378 3712 in
3405 3667 3531 3726 pas-

1958 3772 2174 3827 sionum
2201 3766 2443 3836 appetitu
2475 3769 2764 3828 exmstuat,
2791 3761 3013 3814 decreta
3037 3752 3290 3810 omnibus
3332 3755 3529 3810 morte,

1961 3864 2245 3933 ingruente
2274 3835 2401 3924 ejus
2429 3853 2806 3923 complicibus,
2851 3845 3062 3903 medela
3111 3857 3218 3897 non
3260 3835 3532 3906 supererit

1961 3927 2159 4007 anima:
2184 3949 2447 4020 ipsorum.
2476 3943 2589 4000 Non
2617 3953 2795 3997 autem
2826 3938 2998 3994 dixit:
3027 3933 3292 3990 Cessante
3317 3927 3532 3982 ﬂamma

1961 4046 2105 4102 haud
2131 4017 2249 4099 fore
2277 4038 2588 4102 medelam;
2635 4034 2731 4091 sed
2760 4031 2862 4103 ipsi
2896 4023 3224 4086 exmstuanti
3270 4035 3376 4076 non
3416 4017 3535 4076 fora

1964 4134 2257 4198 medelam,
2308 4127 2529 4186 habenti
2578 4123 2939 4194 cupiditatum
2992 4112 3300 4176 incentiva,
3366 4109 3533 4178 ligna,

1966 4232 2190 4292 fenum,
2227 4224 2504 4296 stipulam.
2545 4219 2682 4275 Nam
2713 4224 2766 4272 et
2790 4211 3052 4270 ambustis
3099 4217 3222 4280 post
3260 4211 3534 4262 cauterem

1967 4322 2106 4377 solet
2136 4319 2343 4374 sanitas
2368 4313 2565 4371 redire.

2040 4511 2084 4542 θ’
2108 4504 2368 4568 Laudatis
2417 4515 2447 4554 a
2507 4495 2737 4552 Domino
2784 4491 2950 4560 justis
2992 4488 3046 4542 in
3094 4483 3284 4556 iudicii
3315 4481 3423 4544 die,
3449 4479 3540 4549 qui

278 4602 350 4670 τῇ
391 4573 491 4669 τῆς
535 4573 768 4668 κρίσεως
812 4594 1026 4668 ἡμέρᾳ,
1068 4597 1116 4648 οί
1151 4596 1248 4666 τῆς
1276 4595 1454 4657 αὐτῶν
1491 4573 1706 4668 μερίδος
1746 4599 1842 4652 λαο

1971 4613 2096 4660 sunt
2133 4601 2188 4655 in
2236 4597 2452 4652 illorum
2483 4590 2722 4646 factione
2768 4585 2949 4656 populi
2995 4579 3342 4640 laetabuntur.
3373 4573 3543 4640 Quot-

281 4665 786 4761 s'sepnveﬂeovrat'
832 4665 947 4741 ὅσοι
971 4665 1053 4742 ’δέ
1091 4665 1230 4740 είσιν
1269 4686 1374 4744 ὑπὸ
1417 4665 1515 4752 τάξ
1549 4665 1722 4759 ἀρχάς
1774 4706 1842 4747 κα

1971 4701 2109 4766 quot
2145 4699 2324 4748 autem
2359 4692 2487 4742 sunt
2526 4681 2627 4738 sub
2672 4675 3071 4751 principatibus
3096 4682 3151 4728 et
3183 4665 3544 4764 potestatibus

282 4754 700 4848 τὰς-ἔξουσίας,
723 4779 817 4832 καὶ
858 4777 986 4842 τοὺς
1019 4777 1470 4851 κοσμοκράτορας
1511 4754 1604 4836 του
1624 4754 1842 4852 --κόσμοι

1970 4754 2036 4840 ac
2070 4780 2373 4838 rectoribus
2399 4773 2558 4844 hujus
2595 4769 2882 4837 mundi,bi
2916 4765 3146 4824 omnino.
3167 4771 3294 4816 tunc
3318 4754 3546 4827 ingemi—

286 4873 500 4938 τούτου,
531 4867 677 4927 οὗτοι
712 4870 928 4939 πάντως
956 4870 1078 4935 τότε
1109 4870 1406 4928 στένουσιν.

365 4966 582 5037 Πατέρα
621 4962 854 5017 ἐνταῦθα
891 4963 981 5017 τὸν
1014 4964 1145 5016 Θεόν
1193 4981 1388 5036 φησιν·
1437 4968 1466 5018 ὁ
1509 4966 1566 5020 δὲ
1603 4967 1735 5030 Θεὸς
1776 4967 1869 5026 καὶ

1975 4886 2143 4936 scent.

2049 4969 2095 5000 ⁸³
2123 4969 2341 5024 Patrem
2381 4963 2470 5020 bic
2501 4958 2638 5013 dicit
2667 4955 2857 5011 Deum.
2903 4951 3044 5006 Deus
3086 4954 3264 5001 autem
3300 4950 3356 4994 et
3388 4939 3549 4992 Pater

293 5059 483 5128 Πατὴρ
510 5055 606 5110 τοῦ
637 5055 844 5126 Κυρίου
877 5054 1034 5125 ἡμῶν
1078 5030 1539 5128 ἸησοῦνΧριστοῦ,
1582 5058 1706 5120 τοὺς
1731 5074 1842 5110 κατ‹

1981 5058 2190 5114 Domini
2233 5054 2408 5110 nostri
2434 5050 2561 5106 Jesu
2594 5045 2823 5128 Cltristi,
2850 5041 2972 5096 illos
2996 5037 3089 5112 qui
3117 5051 3146 5089 a
3178 5030 3553 5128 Christosunt

295 5117 548 5222 Χριστὸν
576 5117 1105 5218 ἐπονομαζομένους,
1140 5117 1211 5201 ’ὲν
1259 5117 1403 5220 ἔργῳ
1449 5117 1544 5204 καί
1590 5117 1733 5222 λόγω
1778 5167 1842 5203 κα

1981 5147 2336 5212 denominati,
2371 5153 2425 5198 et
2457 5124 2826 5206 rerboiatque
2874 5146 3039 5202 opere
3081 5143 3144 5182 ac
3188 5118 3450 5192 sapientia
3484 5117 3548 5169 il-

299 5210 460 5314 σοφίᾳ
485 5210 786 5310 ἑπομένους
813 5256 871 5291 τε
886 5210 996 5292 ’καὶ
1028 5210 1396 5310 μιμουμένους
1439 5238 1621 5303 αὐτὸν,

1983 5242 2091 5294 lum
2135 5210 2540 5305 subsequuntur
2579 5239 2632 5286 et
2666 5229 2966 5288 imitantur,
2995 5218 3294 5288 aspiciens,
3341 5210 3554 5314 laetatur

300 5297 527 5396 αὐτοδς,
581 5297 930 5402 έύφραίνεται
985 5297 1286 5394 ἐπ”αὑτοῖς
1310 5347 1323 5360 ι
1369 5297 1570 5401 ποιμὴν
1608 5297 1683 5383 ’δέ
1726 5297 1842 5382 ἐστι

1984 5333 2038 5387 in
2076 5329 2227 5401 ipsis.
2250 5297 2446 5382 Pastor
2473 5338 2607 5380 vero
2646 5321 2841 5381 bonus,
2873 5323 2958 5372 est
2988 5323 3160 5373 mens,
3192 5297 3558 5402 imperturba-

303 5388 525 5495 ἀγαθὸς,
546 5388 702 5487 νοῦς,
735 5421 964 5486 ἀπαθεῖς
1005 5388 1297 5493 λογισμοὺς
1333 5388 1695 5492 κεκτημένος·
1736 5423 1785 5474 εί
1818 5421 1842 5473 ὃ

1987 5433 2072 5478 tas
2097 5388 2473 5492 cogitationes
2510 5415 2744 5472 habens.
2775 5407 2930 5476 Quod
2962 5406 3006 5457 si
3040 5402 3113 5456 ita
3146 5406 3253 5463 est,
3285 5406 3421 5495 erge
3446 5388 3557 5491 με·
3601 5417 3610 5434 ι

304 5481 457 5570 τοῦτο
474 5481 500 5581 ,⁷
545 5481 742 5569 οὐκοΰν
789 5481 975 5584 ἔριφος
1009 5481 1124 5566 ἐστι
1162 5481 1422 5586 λογισμὸς
1456 5481 1707 5584 ἐμπαθης
1732 5534 1743 5544 ·
1784 5532 1842 5568 κο

1989 5517 2087 5570 dus
2114 5525 2201 5569 est
2229 5510 2488 5579 cogitatio
2515 5507 2749 5568 vitiosa;
2777 5501 2892 5557 ovis
2935 5505 3138 5558 autem,
3179 5481 3556 5579 cogitatioin-

310 5607 578 5681 πρόϐατόν
620 5607 734 5660 ἐστι
766 5605 1020 5677 λογισμὸς
1062 5605 1311 5676 ἀπαθήςο
1351 5606 1431 5659 διὸ
1474 5606 1721 5669 καὶτοὺς
1767 5607 1880 5676 ὲρί-

1989 5621 2183 5676 gcnua.
2210 5570 2502 5673 Prdpterea
2546 5596 2805 5653 Dominus
2854 5588 3034 5646 hazdos
3081 5581 3312 5640 colloeat
3341 5577 3392 5630 in
3426 5570 3559 5627 sini-

382 5819 423 5850 ἐ
449 5834 502 5873 v.
532 5816 622 5872 l9.
697 5816 740 5849 "
772 5831 824 5873 ν.
873 5816 965 5871 22.
1041 5816 1083 5850 ⁵⁸
1109 5813 1239 5871 Luc.
1267 5829 1404 5883 xxn,
1431 5813 1519 5870 30.
1594 5815 1638 5846 "
1665 5811 1823 5870 Prov.

1954 5821 2016 5872 tt,
2045 5803 2099 5860 9.
2178 5802 2221 5836 °°
2248 5818 2296 5856 ι’.
2324 5799 2414 5855 27.
2495 5797 2535 5828 ⁶¹
2567 5811 2615 5850 v.
2662 5794 2713 5848 1.
2792 5793 2841 5824 θ’
2865 5790 2991 5848 v.2.
3065 5787 3108 5819 ”
3139 5801 3192 5842 v.
3229 5785 3282 5840 3.
