  <div class='ocr_page' id='page_1' title='image "/cluster/home/n/w/nwhite01/storage/ocr_20150623/17/hvd.32044051719607/134.png"; bbox 0 0 3958 6540; ppageno 0'>
   <div class='ocr_carea' id='block_1_1' title="bbox 199 445 1708 511">
    <p class='ocr_par' dir='ltr' id='par_1_1' title="bbox 199 445 1708 511">
     <span class='ocr_line' id='line_1_1' title="bbox 199 445 1708 511; baseline -0.007 0"><span class='ocrx_word' id='word_1_1' title='bbox 199 457 280 511; x_wconf 69' lang='grc'><strong>949</strong></span> <span class='ocrx_word' id='word_1_2' title='bbox 479 465 482 468; x_wconf 79' lang='grc'><strong>’</strong></span> <span class='ocrx_word' id='word_1_3' title='bbox 1305 445 1674 505; x_wconf 76' lang='lat' dir='ltr'><strong>EXPOSITIO</strong></span> <span class='ocrx_word' id='word_1_4' title='bbox 1704 448 1708 501; x_wconf 71' lang='grc' dir='ltr'><em>Σ</em></span> 
     </span>
    </p>
   </div>
   <div class='ocr_carea' id='block_1_2' title="bbox 1823 445 2223 511">
    <p class='ocr_par' dir='ltr' id='par_1_2' title="bbox 1823 445 2223 504">
     <span class='ocr_line' id='line_1_2' title="bbox 1823 445 2223 504; baseline 0.005 -2"><span class='ocrx_word' id='word_1_5' title='bbox 1823 445 2223 504; x_wconf 64' lang='lat' dir='ltr'><strong>PBOVERBIA.</strong></span> 
     </span>
    </p>
   </div>
   <div class='ocr_carea' id='block_1_3' title="bbox 3289 445 3397 506">
    <p class='ocr_par' dir='ltr' id='par_1_3' title="bbox 3289 445 3397 506">
     <span class='ocr_line' id='line_1_3' title="bbox 3289 445 3397 506; baseline 0.019 -2"><span class='ocrx_word' id='word_1_6' title='bbox 3289 445 3397 506; x_wconf 70' lang='lat'><strong>250</strong></span> 
     </span>
    </p>
   </div>
   <div class='ocr_carea' id='block_1_4' title="bbox 197 559 1708 641">
    <p class='ocr_par' dir='ltr' id='par_1_4' title="bbox 197 565 1708 641">
     <span class='ocr_line' id='line_1_4' title="bbox 197 565 1708 641; baseline -0.004 -13"><span class='ocrx_word' id='word_1_7' title='bbox 197 572 500 641; x_wconf 78' lang='grc' dir='ltr'>πεινόφρονας</span> <span class='ocrx_word' id='word_1_8' title='bbox 527 568 557 638; x_wconf 83' lang='grc' dir='ltr'><strong>ή</strong></span> <span class='ocrx_word' id='word_1_9' title='bbox 594 565 748 633; x_wconf 81' lang='grc' dir='ltr'>δόξα,</span> <span class='ocrx_word' id='word_1_10' title='bbox 780 566 846 637; x_wconf 80' lang='grc' dir='ltr'>ἥν</span> <span class='ocrx_word' id='word_1_11' title='bbox 881 566 1128 634; x_wconf 79' lang='grc' dir='ltr'>ἐδόξαζον</span> <span class='ocrx_word' id='word_1_12' title='bbox 1161 569 1252 622; x_wconf 86' lang='grc' dir='ltr'><strong>τὸν</strong></span> <span class='ocrx_word' id='word_1_13' title='bbox 1279 569 1412 623; x_wconf 87' lang='grc' dir='ltr'>Θεὸν</span> <span class='ocrx_word' id='word_1_14' title='bbox 1441 569 1500 622; x_wconf 82' lang='grc' dir='ltr'>ἐν</span> <span class='ocrx_word' id='word_1_15' title='bbox 1533 567 1708 640; x_wconf 71' lang='grc' dir='ltr'>ὕμνοις</span> 
     </span>
    </p>
   </div>
   <div class='ocr_carea' id='block_1_5' title="bbox 1823 559 3399 641">
    <p class='ocr_par' dir='ltr' id='par_1_5' title="bbox 1824 559 3399 640">
     <span class='ocr_line' id='line_1_5' title="bbox 1824 559 3399 640; baseline -0.001 -16"><span class='ocrx_word' id='word_1_16' title='bbox 1824 569 1913 624; x_wconf 89' lang='lat' dir='ltr'><strong>die</strong></span> <span class='ocrx_word' id='word_1_17' title='bbox 1941 559 2150 640; x_wconf 73' lang='lat' dir='ltr'><strong>iudicii.</strong></span> <span class='ocrx_word' id='word_1_18' title='bbox 2189 567 2260 622; x_wconf 81' lang='lat' dir='ltr'><strong>At</strong></span> <span class='ocrx_word' id='word_1_19' title='bbox 2283 565 2524 622; x_wconf 84' lang='lat' dir='ltr'><strong>humiles</strong></span> <span class='ocrx_word' id='word_1_20' title='bbox 2552 567 2668 638; x_wconf 89' lang='lat' dir='ltr'><strong>ipsa</strong></span> <span class='ocrx_word' id='word_1_21' title='bbox 2704 565 2900 639; x_wconf 79' lang='lat' dir='ltr'><strong>gloria,</strong></span> <span class='ocrx_word' id='word_1_22' title='bbox 2930 581 3033 638; x_wconf 89' lang='lat' dir='ltr'><strong>qua</strong></span> <span class='ocrx_word' id='word_1_23' title='bbox 3082 567 3251 623; x_wconf 91' lang='lat' dir='ltr'><strong>Deum</strong></span> <span class='ocrx_word' id='word_1_24' title='bbox 3278 568 3399 638; x_wconf 75' lang='lat' dir='ltr'><strong>glo-</strong></span> 
     </span>
    </p>
   </div>
   <div class='ocr_carea' id='block_1_6' title="bbox 196 657 1708 734">
    <p class='ocr_par' dir='ltr' id='par_1_6' title="bbox 196 657 1708 734">
     <span class='ocr_line' id='line_1_6' title="bbox 196 657 1708 734; baseline -0.002 -15"><span class='ocrx_word' id='word_1_25' title='bbox 196 666 270 720; x_wconf 70' lang='grc' dir='ltr'>καὶ</span> <span class='ocrx_word' id='word_1_26' title='bbox 289 662 488 734; x_wconf 76' lang='grc' dir='ltr'><strong>τηρήσει</strong></span> <span class='ocrx_word' id='word_1_27' title='bbox 504 657 610 712; x_wconf 87' lang='grc' dir='ltr'><strong>τῶν</strong></span> <span class='ocrx_word' id='word_1_28' title='bbox 631 659 863 712; x_wconf 71' lang='grc' dir='ltr'>ἐντολῶν</span> <span class='ocrx_word' id='word_1_29' title='bbox 887 659 1071 726; x_wconf 75' lang='grc' dir='ltr'>αὐτοῦ,</span> <span class='ocrx_word' id='word_1_30' title='bbox 1096 660 1302 725; x_wconf 77' lang='grc' dir='ltr'><strong>δοξάσει</strong></span> <span class='ocrx_word' id='word_1_31' title='bbox 1335 661 1531 726; x_wconf 79' lang='grc' dir='ltr'>αὐτούς</span> <span class='ocrx_word' id='word_1_32' title='bbox 1553 679 1567 692; x_wconf 91' lang='grc'><strong>·</strong></span> <span class='ocrx_word' id='word_1_33' title='bbox 1593 661 1708 727; x_wconf 78' lang='grc' dir='ltr'>δόξα</span> 
     </span>
    </p>
   </div>
   <div class='ocr_carea' id='block_1_7' title="bbox 1823 657 3398 734">
    <p class='ocr_par' dir='ltr' id='par_1_7' title="bbox 1824 661 3398 732">
     <span class='ocr_line' id='line_1_7' title="bbox 1824 661 3398 732; baseline -0.001 -16"><span class='ocrx_word' id='word_1_34' title='bbox 1824 661 2112 717; x_wconf 87' lang='lat' dir='ltr'><strong>riiicarunt</strong></span> <span class='ocrx_word' id='word_1_35' title='bbox 2165 661 2418 732; x_wconf 86' lang='lat' dir='ltr'><strong>hymnis,</strong></span> <span class='ocrx_word' id='word_1_36' title='bbox 2474 669 2529 717; x_wconf 89' lang='lat' dir='ltr'><strong>et</strong></span> <span class='ocrx_word' id='word_1_37' title='bbox 2589 662 2970 716; x_wconf 77' lang='lat' dir='ltr'><strong>mandatorum</strong></span> <span class='ocrx_word' id='word_1_38' title='bbox 3023 663 3398 727; x_wconf 74' lang='lat' dir='ltr'><strong>observantia,</strong></span> 
     </span>
    </p>
   </div>
   <div class='ocr_carea' id='block_1_8' title="bbox 198 752 1721 830">
    <p class='ocr_par' dir='ltr' id='par_1_8' title="bbox 198 752 1721 830">
     <span class='ocr_line' id='line_1_8' title="bbox 198 752 1721 830; baseline 0.001 -25"><span class='ocrx_word' id='word_1_39' title='bbox 198 760 282 830; x_wconf 71' lang='grc' dir='ltr'><strong>γὰρ</strong></span> <span class='ocrx_word' id='word_1_40' title='bbox 307 753 425 807; x_wconf 75' lang='grc' dir='ltr'><strong>Θεοῦ</strong></span> <span class='ocrx_word' id='word_1_41' title='bbox 453 753 509 805; x_wconf 85' lang='grc' dir='ltr'><strong>τὸ</strong></span> <span class='ocrx_word' id='word_1_42' title='bbox 533 754 704 805; x_wconf 86' lang='grc' dir='ltr'>ποιεῖν</span> <span class='ocrx_word' id='word_1_43' title='bbox 735 752 836 816; x_wconf 78' lang='grc' dir='ltr'>τὰς</span> <span class='ocrx_word' id='word_1_44' title='bbox 865 753 1084 816; x_wconf 77' lang='grc' dir='ltr'>ἐντολὰς</span> <span class='ocrx_word' id='word_1_45' title='bbox 1111 754 1276 807; x_wconf 81' lang='grc' dir='ltr'>αὐτοῦ</span> <span class='ocrx_word' id='word_1_46' title='bbox 1293 771 1304 784; x_wconf 71' lang='grc' dir='ltr'><strong><em>ο</em></strong></span> <span class='ocrx_word' id='word_1_47' title='bbox 1351 753 1532 817; x_wconf 83' lang='grc' dir='ltr'>καθὼς</span> <span class='ocrx_word' id='word_1_48' title='bbox 1559 755 1721 818; x_wconf 78' lang='grc' dir='ltr'>αὐτός</span> 
     </span>
    </p>
   </div>
   <div class='ocr_carea' id='block_1_9' title="bbox 196 843 1714 921">
    <p class='ocr_par' dir='ltr' id='par_1_9' title="bbox 196 843 1714 921">
     <span class='ocr_line' id='line_1_9' title="bbox 196 843 1714 921; baseline -0.001 -20"><span class='ocrx_word' id='word_1_49' title='bbox 196 849 361 921; x_wconf 70' lang='grc' dir='ltr'>φησινό</span> <span class='ocrx_word' id='word_1_50' title='bbox 376 846 564 917; x_wconf 84' lang='grc' dir='ltr'>Κύριος</span> <span class='ocrx_word' id='word_1_51' title='bbox 588 844 704 898; x_wconf 81' lang='grc' dir='ltr'>ἀλλ’</span> <span class='ocrx_word' id='word_1_52' title='bbox 726 845 784 915; x_wconf 78' lang='grc' dir='ltr'>ἢ,</span> <span class='ocrx_word' id='word_1_53' title='bbox 813 845 959 911; x_wconf 75' lang='grc' dir='ltr'>Τοὺς</span> <span class='ocrx_word' id='word_1_54' title='bbox 983 843 1339 912; x_wconf 76' lang='grc' dir='ltr'>δοξάζοντάς</span> <span class='ocrx_word' id='word_1_55' title='bbox 1349 863 1426 915; x_wconf 84' lang='grc' dir='ltr'><strong>με</strong></span> <span class='ocrx_word' id='word_1_56' title='bbox 1448 845 1714 918; x_wconf 78' lang='grc' dir='ltr'><strong>δοξάσω·</strong></span> 
     </span>
    </p>
   </div>
   <div class='ocr_carea' id='block_1_10' title="bbox 195 937 1404 1016">
    <p class='ocr_par' dir='ltr' id='par_1_10' title="bbox 195 937 1404 1016">
     <span class='ocr_line' id='line_1_10' title="bbox 195 937 1404 1016; baseline -0.007 -18"><span class='ocrx_word' id='word_1_57' title='bbox 195 946 288 1016; x_wconf 73' lang='grc' dir='ltr'><strong>ἠδὲ</strong></span> <span class='ocrx_word' id='word_1_58' title='bbox 309 941 454 996; x_wconf 87' lang='grc' dir='ltr'>κακία</span> <span class='ocrx_word' id='word_1_59' title='bbox 486 937 640 1009; x_wconf 76' lang='grc' dir='ltr'>ὓϐριν</span> <span class='ocrx_word' id='word_1_60' title='bbox 672 937 899 1008; x_wconf 83' lang='grc' dir='ltr'><strong>λογικῆς</strong></span> <span class='ocrx_word' id='word_1_61' title='bbox 931 937 1106 1009; x_wconf 77' lang='grc' dir='ltr'>ψυχῆς</span> <span class='ocrx_word' id='word_1_62' title='bbox 1135 937 1404 1009; x_wconf 82' lang='grc' dir='ltr'>προξενεῖ.</span> 
     </span>
    </p>
   </div>
   <div class='ocr_carea' id='block_1_11' title="bbox 244 1114 1710 1191">
    <p class='ocr_par' dir='ltr' id='par_1_11' title="bbox 244 1114 1710 1191">
     <span class='ocr_line' id='line_1_11' title="bbox 244 1114 1710 1191; baseline -0.005 -15"><span class='ocrx_word' id='word_1_63' title='bbox 244 1121 464 1191; x_wconf 80' lang='grc' dir='ltr'>Κλέπτην</span> <span class='ocrx_word' id='word_1_64' title='bbox 484 1118 584 1172; x_wconf 75' lang='grc' dir='ltr'><strong>οὐκ</strong></span> <span class='ocrx_word' id='word_1_65' title='bbox 605 1116 761 1172; x_wconf 76' lang='grc' dir='ltr'>ἄλλον</span> <span class='ocrx_word' id='word_1_66' title='bbox 791 1116 935 1182; x_wconf 85' lang='grc' dir='ltr'>τινὰ,</span> <span class='ocrx_word' id='word_1_67' title='bbox 969 1117 1016 1169; x_wconf 85' lang='grc' dir='ltr'><strong>εί</strong></span> <span class='ocrx_word' id='word_1_68' title='bbox 1048 1116 1121 1188; x_wconf 82' lang='grc' dir='ltr'>μὴ</span> <span class='ocrx_word' id='word_1_69' title='bbox 1149 1116 1239 1170; x_wconf 88' lang='grc' dir='ltr'><strong>τὸν</strong></span> <span class='ocrx_word' id='word_1_70' title='bbox 1264 1114 1510 1170; x_wconf 76' lang='grc' dir='ltr'>διάϐολον</span> <span class='ocrx_word' id='word_1_71' title='bbox 1535 1115 1710 1185; x_wconf 88' lang='grc' dir='ltr'>λέγει·</span> 
     </span>
    </p>
   </div>
   <div class='ocr_carea' id='block_1_12' title="bbox 187 1205 1714 1282">
    <p class='ocr_par' dir='ltr' id='par_1_12' title="bbox 187 1205 1714 1282">
     <span class='ocr_line' id='line_1_12' title="bbox 187 1205 1714 1282; baseline -0.006 -12"><span class='ocrx_word' id='word_1_72' title='bbox 187 1219 208 1270; x_wconf 79' lang='grc'>6</span> <span class='ocrx_word' id='word_1_73' title='bbox 241 1215 288 1267; x_wconf 81' lang='grc' dir='ltr'>δὲ</span> <span class='ocrx_word' id='word_1_74' title='bbox 328 1211 664 1282; x_wconf 77' lang='grc' dir='ltr'><strong>μεριζόμενος</strong></span> <span class='ocrx_word' id='word_1_75' title='bbox 687 1248 700 1274; x_wconf 96' lang='grc'><strong>,</strong></span> <span class='ocrx_word' id='word_1_76' title='bbox 735 1209 904 1280; x_wconf 72' lang='grc' dir='ltr'>ἤγουν</span> <span class='ocrx_word' id='word_1_77' title='bbox 949 1208 1114 1279; x_wconf 84' lang='grc' dir='ltr'><strong>μέρος</strong></span> <span class='ocrx_word' id='word_1_78' title='bbox 1162 1208 1260 1279; x_wconf 83' lang='grc' dir='ltr'>μὲν</span> <span class='ocrx_word' id='word_1_79' title='bbox 1305 1205 1416 1262; x_wconf 88' lang='grc' dir='ltr'><strong>τῶν</strong></span> <span class='ocrx_word' id='word_1_80' title='bbox 1450 1207 1545 1261; x_wconf 76' lang='grc' dir='ltr'>τοῦ</span> <span class='ocrx_word' id='word_1_81' title='bbox 1579 1207 1714 1262; x_wconf 75' lang='grc' dir='ltr'>Θεοῦ</span> 
     </span>
    </p>
   </div>
   <div class='ocr_carea' id='block_1_13' title="bbox 187 1301 1712 1378">
    <p class='ocr_par' dir='ltr' id='par_1_13' title="bbox 187 1301 1712 1378">
     <span class='ocr_line' id='line_1_13' title="bbox 187 1301 1712 1378; baseline -0.002 -18"><span class='ocrx_word' id='word_1_82' title='bbox 187 1304 570 1378; x_wconf 75' lang='grc' dir='ltr'>προσταγμάτων</span> <span class='ocrx_word' id='word_1_83' title='bbox 603 1301 808 1374; x_wconf 83' lang='grc' dir='ltr'>τηρῶν,</span> <span class='ocrx_word' id='word_1_84' title='bbox 845 1301 1010 1374; x_wconf 83' lang='grc' dir='ltr'>μέρος</span> <span class='ocrx_word' id='word_1_85' title='bbox 1038 1301 1094 1354; x_wconf 83' lang='grc' dir='ltr'>δὲ</span> <span class='ocrx_word' id='word_1_86' title='bbox 1119 1301 1214 1356; x_wconf 81' lang='grc' dir='ltr'>τοῦ</span> <span class='ocrx_word' id='word_1_87' title='bbox 1251 1301 1489 1374; x_wconf 81' lang='grc' dir='ltr'>πονηροῦ</span> <span class='ocrx_word' id='word_1_88' title='bbox 1524 1302 1712 1368; x_wconf 86' lang='grc' dir='ltr'>ποιῶν,</span> 
     </span>
    </p>
   </div>
   <div class='ocr_carea' id='block_1_14' title="bbox 183 1393 1716 1468">
    <p class='ocr_par' dir='ltr' id='par_1_14' title="bbox 183 1393 1716 1468">
     <span class='ocr_line' id='line_1_14' title="bbox 183 1393 1716 1468; baseline -0.003 -17"><span class='ocrx_word' id='word_1_89' title='bbox 183 1395 304 1461; x_wconf 73' lang='grc' dir='ltr'>οὗτος</span> <span class='ocrx_word' id='word_1_90' title='bbox 335 1398 471 1468; x_wconf 87' lang='grc' dir='ltr'>μισεῖ</span> <span class='ocrx_word' id='word_1_91' title='bbox 497 1394 596 1466; x_wconf 80' lang='grc' dir='ltr'>τὴν</span> <span class='ocrx_word' id='word_1_92' title='bbox 624 1394 817 1449; x_wconf 77' lang='grc' dir='ltr'>ἑαυτοῦ</span> <span class='ocrx_word' id='word_1_93' title='bbox 847 1395 1026 1465; x_wconf 80' lang='grc' dir='ltr'>ψυχήν</span> <span class='ocrx_word' id='word_1_94' title='bbox 1047 1410 1060 1423; x_wconf 87' lang='grc'><strong>·</strong></span> <span class='ocrx_word' id='word_1_95' title='bbox 1103 1393 1300 1464; x_wconf 88' lang='grc' dir='ltr'>μικρὸν</span> <span class='ocrx_word' id='word_1_96' title='bbox 1327 1393 1436 1466; x_wconf 83' lang='grc' dir='ltr'>γὰρ</span> <span class='ocrx_word' id='word_1_97' title='bbox 1468 1394 1594 1448; x_wconf 81' lang='grc' dir='ltr'>ὅσον</span> <span class='ocrx_word' id='word_1_98' title='bbox 1622 1395 1716 1448; x_wconf 70' lang='grc' dir='ltr'><strong>καὶ</strong></span> 
     </span>
    </p>
   </div>
   <div class='ocr_carea' id='block_1_15' title="bbox 182 1483 1714 1556">
    <p class='ocr_par' dir='ltr' id='par_1_15' title="bbox 182 1483 1714 1556">
     <span class='ocr_line' id='line_1_15' title="bbox 182 1483 1714 1556; baseline -0.001 -15"><span class='ocrx_word' id='word_1_99' title='bbox 182 1489 345 1543; x_wconf 77' lang='grc' dir='ltr'>τέλειον</span> <span class='ocrx_word' id='word_1_100' title='bbox 377 1487 528 1541; x_wconf 79' lang='grc' dir='ltr'>αὐτὸν</span> <span class='ocrx_word' id='word_1_101' title='bbox 574 1486 779 1556; x_wconf 79' lang='grc' dir='ltr'>κλέψας</span> <span class='ocrx_word' id='word_1_102' title='bbox 822 1488 850 1539; x_wconf 90' lang='lat'><strong>6</strong></span> <span class='ocrx_word' id='word_1_103' title='bbox 892 1484 1136 1548; x_wconf 76' lang='grc' dir='ltr'>διάϐολος</span> <span class='ocrx_word' id='word_1_104' title='bbox 1159 1525 1174 1550; x_wconf 94' lang='grc'><strong>,</strong></span> <span class='ocrx_word' id='word_1_105' title='bbox 1207 1483 1358 1539; x_wconf 84' lang='grc' dir='ltr'><strong>θύσει</strong></span> <span class='ocrx_word' id='word_1_106' title='bbox 1387 1484 1584 1556; x_wconf 79' lang='grc' dir='ltr'>ἐαυτῷ.</span> <span class='ocrx_word' id='word_1_107' title='bbox 1651 1485 1714 1540; x_wconf 84' lang='lat'><strong>&#39;0</strong></span> 
     </span>
    </p>
   </div>
   <div class='ocr_carea' id='block_1_16' title="bbox 179 1576 1712 1648">
    <p class='ocr_par' dir='ltr' id='par_1_16' title="bbox 179 1576 1712 1648">
     <span class='ocr_line' id='line_1_16' title="bbox 179 1576 1712 1648; baseline -0.003 -14"><span class='ocrx_word' id='word_1_108' title='bbox 179 1580 400 1647; x_wconf 70' lang='grc' dir='ltr'>κλέπτης</span> <span class='ocrx_word' id='word_1_109' title='bbox 423 1578 551 1648; x_wconf 61' lang='grc' dir='ltr'>γὰρ,</span> <span class='ocrx_word' id='word_1_110' title='bbox 585 1579 771 1644; x_wconf 67' lang='grc' dir='ltr'>φησιν,</span> <span class='ocrx_word' id='word_1_111' title='bbox 801 1579 912 1631; x_wconf 83' lang='grc' dir='ltr'>οὐκ</span> <span class='ocrx_word' id='word_1_112' title='bbox 932 1577 1186 1646; x_wconf 81' lang='grc' dir='ltr'>ἔρχεται,</span> <span class='ocrx_word' id='word_1_113' title='bbox 1212 1580 1260 1630; x_wconf 82' lang='grc' dir='ltr'>εὶ</span> <span class='ocrx_word' id='word_1_114' title='bbox 1283 1577 1369 1646; x_wconf 80' lang='grc' dir='ltr'>μὴ</span> <span class='ocrx_word' id='word_1_115' title='bbox 1391 1578 1491 1633; x_wconf 77' lang='grc' dir='ltr'><strong>ἵνα</strong></span> 
     </span>
    </p>
   </div>
   <div class='ocr_carea' id='block_1_17' title="bbox 179 1665 1709 1748">
    <p class='ocr_par' dir='ltr' id='par_1_17' title="bbox 179 1665 1709 1748">
     <span class='ocr_line' id='line_1_17' title="bbox 179 1665 1709 1748; baseline -0.003 -23"><span class='ocrx_word' id='word_1_116' title='bbox 179 1672 252 1725; x_wconf 78' lang='grc' dir='ltr'>καὶ</span> <span class='ocrx_word' id='word_1_117' title='bbox 272 1671 432 1739; x_wconf 83' lang='grc' dir='ltr'>θύσῃ,</span> <span class='ocrx_word' id='word_1_118' title='bbox 463 1669 557 1724; x_wconf 73' lang='grc' dir='ltr'>καὶ</span> <span class='ocrx_word' id='word_1_119' title='bbox 591 1665 892 1737; x_wconf 77' lang='grc' dir='ltr'><strong>ἀπολέσῃ.</strong></span> <span class='ocrx_word' id='word_1_120' title='bbox 917 1701 984 1711; x_wconf 92' lang='lat'><strong>——</strong></span> <span class='ocrx_word' id='word_1_121' title='bbox 1007 1669 1208 1740; x_wconf 87' lang='grc' dir='ltr'>Ὅρκον</span> <span class='ocrx_word' id='word_1_122' title='bbox 1242 1667 1360 1722; x_wconf 79' lang='grc' dir='ltr'>εἶπε</span> <span class='ocrx_word' id='word_1_123' title='bbox 1388 1669 1478 1723; x_wconf 90' lang='grc' dir='ltr'><strong>τὸν</strong></span> <span class='ocrx_word' id='word_1_124' title='bbox 1508 1668 1672 1748; x_wconf 87' lang='grc' dir='ltr'>νόμον</span> <span class='ocrx_word' id='word_1_125' title='bbox 1696 1685 1709 1699; x_wconf 77' lang='grc' dir='ltr'><strong><em>ο</em></strong></span> 
     </span>
    </p>
   </div>
   <div class='ocr_carea' id='block_1_18' title="bbox 1821 751 3400 823">
    <p class='ocr_par' dir='ltr' id='par_1_18' title="bbox 1821 751 3400 823">
     <span class='ocr_line' id='line_1_18' title="bbox 1821 751 3400 823; baseline 0.001 -15"><span class='ocrx_word' id='word_1_126' title='bbox 1821 753 2068 809; x_wconf 82' lang='lat' dir='ltr'><strong>extollet.</strong></span> <span class='ocrx_word' id='word_1_127' title='bbox 2105 751 2289 807; x_wconf 83' lang='lat' dir='ltr'><strong>Gloria</strong></span> <span class='ocrx_word' id='word_1_128' title='bbox 2328 752 2472 807; x_wconf 92' lang='lat' dir='ltr'><strong>enim</strong></span> <span class='ocrx_word' id='word_1_129' title='bbox 2513 752 2607 807; x_wconf 83' lang='lat' dir='ltr'><strong>Dei</strong></span> <span class='ocrx_word' id='word_1_130' title='bbox 2660 761 2744 807; x_wconf 87' lang='lat' dir='ltr'><strong>est</strong></span> <span class='ocrx_word' id='word_1_131' title='bbox 2781 753 3066 823; x_wconf 60' lang='lat' dir='ltr'><strong>praeceptis</strong></span> <span class='ocrx_word' id='word_1_132' title='bbox 3100 752 3218 822; x_wconf 84' lang='lat' dir='ltr'><strong>ejus</strong></span> <span class='ocrx_word' id='word_1_133' title='bbox 3272 753 3400 809; x_wconf 77' lang='lat' dir='ltr'><strong>obe-</strong></span> 
     </span>
    </p>
   </div>
   <div class='ocr_carea' id='block_1_19' title="bbox 1819 842 3400 913">
    <p class='ocr_par' dir='ltr' id='par_1_19' title="bbox 1819 842 3400 913">
     <span class='ocr_line' id='line_1_19' title="bbox 1819 842 3400 913; baseline -0.001 -12"><span class='ocrx_word' id='word_1_134' title='bbox 1819 846 1954 901; x_wconf 84' lang='lat' dir='ltr'><strong>dire.</strong></span> <span class='ocrx_word' id='word_1_135' title='bbox 1989 844 2457 913; x_wconf 83' lang='lat' dir='ltr'><strong>Quemadmodum</strong></span> <span class='ocrx_word' id='word_1_136' title='bbox 2515 843 2631 912; x_wconf 88' lang='lat' dir='ltr'><strong>ipse</strong></span> <span class='ocrx_word' id='word_1_137' title='bbox 2682 844 2814 898; x_wconf 83' lang='lat' dir='ltr'><strong>dicit</strong></span> <span class='ocrx_word' id='word_1_138' title='bbox 2869 844 3180 899; x_wconf 78' lang='lat' dir='ltr'><strong>Dominus:</strong></span> <span class='ocrx_word' id='word_1_139' title='bbox 3215 842 3400 900; x_wconf 87' lang='lat' dir='ltr'><strong>Hono-</strong></span> 
     </span>
    </p>
   </div>
   <div class='ocr_carea' id='block_1_20' title="bbox 1819 935 3398 1006">
    <p class='ocr_par' dir='ltr' id='par_1_20' title="bbox 1819 935 3398 1006">
     <span class='ocr_line' id='line_1_20' title="bbox 1819 935 3398 1006; baseline 0 -15"><span class='ocrx_word' id='word_1_140' title='bbox 1819 947 1998 992; x_wconf 78' lang='lat' dir='ltr'><strong>rantes</strong></span> <span class='ocrx_word' id='word_1_141' title='bbox 2023 953 2103 991; x_wconf 85' lang='lat' dir='ltr'><strong>me</strong></span> <span class='ocrx_word' id='word_1_142' title='bbox 2130 937 2401 991; x_wconf 77' lang='lat' dir='ltr'><strong>honorabo</strong></span> <span class='ocrx_word' id='word_1_143' title='bbox 2425 936 2495 990; x_wconf 83' lang='lat'><strong>&quot;.</strong></span> <span class='ocrx_word' id='word_1_144' title='bbox 2539 935 2793 1006; x_wconf 81' lang='lat' dir='ltr'><strong>Nequitia</strong></span> <span class='ocrx_word' id='word_1_145' title='bbox 2831 949 2962 992; x_wconf 90' lang='lat' dir='ltr'><strong>vero</strong></span> <span class='ocrx_word' id='word_1_146' title='bbox 3007 936 3398 992; x_wconf 85' lang='lat' dir='ltr'><strong>contumeliam</strong></span> 
     </span>
    </p>
   </div>
   <div class='ocr_carea' id='block_1_21' title="bbox 1819 1030 2529 1087">
    <p class='ocr_par' dir='ltr' id='par_1_21' title="bbox 1819 1030 2529 1087">
     <span class='ocr_line' id='line_1_21' title="bbox 1819 1030 2529 1087; baseline -0.001 0"><span class='ocrx_word' id='word_1_147' title='bbox 1819 1030 2076 1087; x_wconf 81' lang='lat' dir='ltr'><strong>rationali</strong></span> <span class='ocrx_word' id='word_1_148' title='bbox 2113 1031 2311 1087; x_wconf 61' lang='lat' dir='ltr'><strong>animae</strong></span> <span class='ocrx_word' id='word_1_149' title='bbox 2344 1030 2529 1086; x_wconf 78' lang='lat' dir='ltr'><strong>infert.</strong></span> 
     </span>
    </p>
   </div>
   <div class='ocr_carea' id='block_1_22' title="bbox 1886 1122 3400 1194">
    <p class='ocr_par' dir='ltr' id='par_1_22' title="bbox 1886 1122 3400 1194">
     <span class='ocr_line' id='line_1_22' title="bbox 1886 1122 3400 1194; baseline 0 -15"><span class='ocrx_word' id='word_1_150' title='bbox 1886 1123 2085 1179; x_wconf 86' lang='lat' dir='ltr'><strong>Furem</strong></span> <span class='ocrx_word' id='word_1_151' title='bbox 2119 1122 2263 1178; x_wconf 83' lang='lat' dir='ltr'><strong>haud</strong></span> <span class='ocrx_word' id='word_1_152' title='bbox 2317 1123 2485 1179; x_wconf 88' lang='lat' dir='ltr'><strong>alium</strong></span> <span class='ocrx_word' id='word_1_153' title='bbox 2548 1123 2682 1179; x_wconf 86' lang='lat' dir='ltr'><strong>dicit</strong></span> <span class='ocrx_word' id='word_1_154' title='bbox 2729 1137 2892 1194; x_wconf 86' lang='lat' dir='ltr'><strong>quam</strong></span> <span class='ocrx_word' id='word_1_155' title='bbox 2940 1124 3237 1180; x_wconf 86' lang='lat' dir='ltr'><strong>diabolum.</strong></span> <span class='ocrx_word' id='word_1_156' title='bbox 3295 1124 3400 1192; x_wconf 86' lang='lat' dir='ltr'><strong>Qui</strong></span> 
     </span>
    </p>
   </div>
   <div class='ocr_carea' id='block_1_23' title="bbox 1816 1214 3397 1286">
    <p class='ocr_par' dir='ltr' id='par_1_23' title="bbox 1816 1214 3397 1286">
     <span class='ocr_line' id='line_1_23' title="bbox 1816 1214 3397 1286; baseline 0 -16"><span class='ocrx_word' id='word_1_157' title='bbox 1816 1228 1951 1272; x_wconf 84' lang='lat' dir='ltr'><strong>vero</strong></span> <span class='ocrx_word' id='word_1_158' title='bbox 1998 1217 2050 1270; x_wconf 92' lang='lat' dir='ltr'><strong>in</strong></span> <span class='ocrx_word' id='word_1_159' title='bbox 2095 1224 2278 1286; x_wconf 86' lang='lat' dir='ltr'><strong>partes</strong></span> <span class='ocrx_word' id='word_1_160' title='bbox 2332 1214 2627 1283; x_wconf 83' lang='lat' dir='ltr'><strong>scinditur,</strong></span> <span class='ocrx_word' id='word_1_161' title='bbox 2685 1214 2739 1269; x_wconf 91' lang='lat' dir='ltr'><strong>id</strong></span> <span class='ocrx_word' id='word_1_162' title='bbox 2795 1225 2882 1271; x_wconf 88' lang='lat' dir='ltr'><strong>est</strong></span> <span class='ocrx_word' id='word_1_163' title='bbox 2933 1216 3131 1286; x_wconf 85' lang='lat' dir='ltr'><strong>partim</strong></span> <span class='ocrx_word' id='word_1_164' title='bbox 3181 1216 3397 1286; x_wconf 87' lang='lat' dir='ltr'><strong>quidem</strong></span> 
     </span>
    </p>
   </div>
   <div class='ocr_carea' id='block_1_24' title="bbox 1817 1306 3402 1378">
    <p class='ocr_par' dir='ltr' id='par_1_24' title="bbox 1817 1306 3402 1378">
     <span class='ocr_line' id='line_1_24' title="bbox 1817 1306 3402 1378; baseline -0.001 -16"><span class='ocrx_word' id='word_1_165' title='bbox 1817 1308 2076 1362; x_wconf 83' lang='lat' dir='ltr'><strong>mandata</strong></span> <span class='ocrx_word' id='word_1_166' title='bbox 2129 1306 2224 1363; x_wconf 87' lang='lat' dir='ltr'><strong>Dei</strong></span> <span class='ocrx_word' id='word_1_167' title='bbox 2273 1307 2615 1377; x_wconf 74' lang='lat' dir='ltr'><strong>exsequitur,</strong></span> <span class='ocrx_word' id='word_1_168' title='bbox 2641 1307 2842 1376; x_wconf 88' lang='lat' dir='ltr'><strong>partim</strong></span> <span class='ocrx_word' id='word_1_169' title='bbox 2875 1321 3008 1362; x_wconf 86' lang='lat' dir='ltr'><strong>vero</strong></span> <span class='ocrx_word' id='word_1_170' title='bbox 3040 1307 3284 1378; x_wconf 77' lang='lat' dir='ltr'><strong>maligni,</strong></span> <span class='ocrx_word' id='word_1_171' title='bbox 3313 1308 3402 1361; x_wconf 85' lang='lat' dir='ltr'><strong>hic</strong></span> 
     </span>
    </p>
   </div>
   <div class='ocr_carea' id='block_1_25' title="bbox 1815 1399 3399 1470">
    <p class='ocr_par' dir='ltr' id='par_1_25' title="bbox 1815 1399 3399 1470">
     <span class='ocr_line' id='line_1_25' title="bbox 1815 1399 3399 1470; baseline -0.001 -16"><span class='ocrx_word' id='word_1_172' title='bbox 1815 1400 2052 1454; x_wconf 88' lang='lat' dir='ltr'><strong>animam</strong></span> <span class='ocrx_word' id='word_1_173' title='bbox 2111 1401 2391 1470; x_wconf 87' lang='lat' dir='ltr'><strong>propriam</strong></span> <span class='ocrx_word' id='word_1_174' title='bbox 2444 1400 2583 1455; x_wconf 89' lang='lat' dir='ltr'><strong>odit.</strong></span> <span class='ocrx_word' id='word_1_175' title='bbox 2632 1400 2679 1432; x_wconf 87' lang='lat'><strong>&quot;</strong></span> <span class='ocrx_word' id='word_1_176' title='bbox 2711 1400 2817 1454; x_wconf 89' lang='lat' dir='ltr'><strong>Sed</strong></span> <span class='ocrx_word' id='word_1_177' title='bbox 2876 1399 3025 1454; x_wconf 91' lang='lat' dir='ltr'><strong>hunc</strong></span> <span class='ocrx_word' id='word_1_178' title='bbox 3084 1399 3399 1470; x_wconf 80' lang='lat' dir='ltr'><strong>propediem</strong></span> 
     </span>
    </p>
   </div>
   <div class='ocr_carea' id='block_1_26' title="bbox 1816 1484 3398 1552">
    <p class='ocr_par' dir='ltr' id='par_1_26' title="bbox 1816 1484 3398 1552">
     <span class='ocr_line' id='line_1_26' title="bbox 1816 1484 3398 1552; baseline 0.001 -13"><span class='ocrx_word' id='word_1_179' title='bbox 1816 1493 1986 1541; x_wconf 90' lang='lat' dir='ltr'><strong>totum</strong></span> <span class='ocrx_word' id='word_1_180' title='bbox 2014 1484 2288 1542; x_wconf 72' lang='lat' dir='ltr'><strong>suﬁurans</strong></span> <span class='ocrx_word' id='word_1_181' title='bbox 2319 1487 2590 1551; x_wconf 83' lang='lat' dir='ltr'><strong>diabolus,</strong></span> <span class='ocrx_word' id='word_1_182' title='bbox 2614 1487 2718 1542; x_wconf 88' lang='lat' dir='ltr'><strong>sibi</strong></span> <span class='ocrx_word' id='word_1_183' title='bbox 2751 1487 3076 1545; x_wconf 83' lang='lat' dir='ltr'><strong>immolabit.</strong></span> <span class='ocrx_word' id='word_1_184' title='bbox 3105 1486 3398 1552; x_wconf 84' lang='lat' dir='ltr'><strong>Fureuim,</strong></span> 
     </span>
    </p>
   </div>
   <div class='ocr_carea' id='block_1_27' title="bbox 1814 1577 3398 1648">
    <p class='ocr_par' dir='ltr' id='par_1_27' title="bbox 1814 1577 3398 1648">
     <span class='ocr_line' id='line_1_27' title="bbox 1814 1577 3398 1648; baseline 0 -16"><span class='ocrx_word' id='word_1_185' title='bbox 1814 1577 1992 1647; x_wconf 90' lang='lat' dir='ltr'><strong>inquit</strong></span> <span class='ocrx_word' id='word_1_186' title='bbox 2020 1577 2272 1634; x_wconf 87' lang='lat' dir='ltr'><strong>Christus</strong></span> <span class='ocrx_word' id='word_1_187' title='bbox 2294 1578 2364 1642; x_wconf 84' lang='lat'><strong>&quot;,</strong></span> <span class='ocrx_word' id='word_1_188' title='bbox 2394 1593 2499 1632; x_wconf 82' lang='lat' dir='ltr'><strong>non</strong></span> <span class='ocrx_word' id='word_1_189' title='bbox 2521 1579 2652 1634; x_wconf 76' lang='lat' dir='ltr'><strong>venit</strong></span> <span class='ocrx_word' id='word_1_190' title='bbox 2688 1579 2795 1634; x_wconf 74' lang='lat' dir='ltr'><strong>nisi</strong></span> <span class='ocrx_word' id='word_1_191' title='bbox 2820 1589 2875 1633; x_wconf 85' lang='lat' dir='ltr'><strong>ut</strong></span> <span class='ocrx_word' id='word_1_192' title='bbox 2894 1579 3101 1648; x_wconf 71' lang='lat' dir='ltr'><strong>furatur</strong></span> <span class='ocrx_word' id='word_1_193' title='bbox 3115 1590 3162 1634; x_wconf 87' lang='lat' dir='ltr'><strong>ct</strong></span> <span class='ocrx_word' id='word_1_194' title='bbox 3185 1588 3398 1644; x_wconf 82' lang='lat' dir='ltr'><strong>mactet,</strong></span> 
     </span>
    </p>
   </div>
   <div class='ocr_carea' id='block_1_28' title="bbox 1811 1669 3397 1742">
    <p class='ocr_par' dir='ltr' id='par_1_28' title="bbox 1811 1669 3397 1742">
     <span class='ocr_line' id='line_1_28' title="bbox 1811 1669 3397 1742; baseline -0.001 -17"><span class='ocrx_word' id='word_1_195' title='bbox 1811 1681 1860 1726; x_wconf 89' lang='lat' dir='ltr'><strong>et</strong></span> <span class='ocrx_word' id='word_1_196' title='bbox 1894 1669 2600 1739; x_wconf 80' lang='lat' dir='ltr'><strong>perdat.-——Jusjurandum</strong></span> <span class='ocrx_word' id='word_1_197' title='bbox 2651 1671 2787 1726; x_wconf 73' lang='lat' dir='ltr'><strong>dixit</strong></span> <span class='ocrx_word' id='word_1_198' title='bbox 2835 1672 3031 1742; x_wconf 73' lang='lat' dir='ltr'><strong>legem.</strong></span> <span class='ocrx_word' id='word_1_199' title='bbox 3072 1672 3226 1726; x_wconf 88' lang='lat' dir='ltr'><strong>Sicut</strong></span> <span class='ocrx_word' id='word_1_200' title='bbox 3251 1671 3397 1726; x_wconf 82' lang='lat' dir='ltr'><strong>enim</strong></span> 
     </span>
    </p>
   </div>
   <div class='ocr_carea' id='block_1_29' title="bbox 176 1759 1708 1834">
    <p class='ocr_par' dir='ltr' id='par_1_29' title="bbox 176 1759 1708 1833">
     <span class='ocr_line' id='line_1_29' title="bbox 176 1759 1708 1833; baseline -0.001 -19"><span class='ocrx_word' id='word_1_201' title='bbox 176 1762 328 1833; x_wconf 79' lang='grc' dir='ltr'>ὥσπερ</span> <span class='ocrx_word' id='word_1_202' title='bbox 367 1761 467 1831; x_wconf 84' lang='grc' dir='ltr'>γὰρ</span> <span class='ocrx_word' id='word_1_203' title='bbox 506 1761 535 1814; x_wconf 89' lang='grc' dir='ltr'><strong>ό</strong></span> <span class='ocrx_word' id='word_1_204' title='bbox 573 1760 736 1832; x_wconf 82' lang='grc' dir='ltr'>ὅρκος</span> <span class='ocrx_word' id='word_1_205' title='bbox 758 1760 961 1832; x_wconf 85' lang='grc' dir='ltr'>,τίθησι</span> <span class='ocrx_word' id='word_1_206' title='bbox 986 1760 1078 1814; x_wconf 91' lang='grc' dir='ltr'><strong>τὸν</strong></span> <span class='ocrx_word' id='word_1_207' title='bbox 1108 1760 1242 1814; x_wconf 85' lang='grc' dir='ltr'>Θεὸν</span> <span class='ocrx_word' id='word_1_208' title='bbox 1273 1761 1331 1814; x_wconf 84' lang='grc' dir='ltr'><strong>ἐν</strong></span> <span class='ocrx_word' id='word_1_209' title='bbox 1357 1759 1500 1831; x_wconf 71' lang='grc' dir='ltr'><strong>ψυχῇ</strong></span> <span class='ocrx_word' id='word_1_210' title='bbox 1522 1798 1537 1822; x_wconf 90' lang='grc'><strong>,</strong></span> <span class='ocrx_word' id='word_1_211' title='bbox 1570 1759 1708 1812; x_wconf 73' lang='grc' dir='ltr'>οὕτω</span> 
     </span>
    </p>
   </div>
   <div class='ocr_carea' id='block_1_30' title="bbox 1823 1759 3399 1834">
    <p class='ocr_par' dir='ltr' id='par_1_30' title="bbox 1823 1761 3399 1834">
     <span class='ocr_line' id='line_1_30' title="bbox 1823 1761 3399 1834; baseline 0.002 -19"><span class='ocrx_word' id='word_1_212' title='bbox 1823 1761 2188 1831; x_wconf 75' lang='lat' dir='ltr'><strong>iusiurandum</strong></span> <span class='ocrx_word' id='word_1_213' title='bbox 2227 1763 2391 1817; x_wconf 92' lang='lat' dir='ltr'><strong>Deum</strong></span> <span class='ocrx_word' id='word_1_214' title='bbox 2433 1763 2486 1817; x_wconf 90' lang='lat' dir='ltr'><strong>in</strong></span> <span class='ocrx_word' id='word_1_215' title='bbox 2535 1764 2716 1818; x_wconf 87' lang='lat' dir='ltr'><strong>anima</strong></span> <span class='ocrx_word' id='word_1_216' title='bbox 2759 1765 2932 1834; x_wconf 86' lang='lat' dir='ltr'><strong>ponit,</strong></span> <span class='ocrx_word' id='word_1_217' title='bbox 2983 1764 3063 1819; x_wconf 83' lang='lat' dir='ltr'><strong>sic</strong></span> <span class='ocrx_word' id='word_1_218' title='bbox 3107 1763 3274 1818; x_wconf 88' lang='lat' dir='ltr'><strong>etiam</strong></span> <span class='ocrx_word' id='word_1_219' title='bbox 3313 1763 3399 1818; x_wconf 80' lang='lat' dir='ltr'><strong>lex</strong></span> 
     </span>
    </p>
   </div>
   <div class='ocr_carea' id='block_1_31' title="bbox 175 1851 1708 1927">
    <p class='ocr_par' dir='ltr' id='par_1_31' title="bbox 175 1851 1708 1924">
     <span class='ocr_line' id='line_1_31' title="bbox 175 1851 1708 1924; baseline -0.001 -18"><span class='ocrx_word' id='word_1_220' title='bbox 175 1855 246 1907; x_wconf 79' lang='grc' dir='ltr'><strong>καὶ</strong></span> <span class='ocrx_word' id='word_1_221' title='bbox 279 1855 303 1906; x_wconf 76' lang='grc' dir='ltr'><strong>ὁ</strong></span> <span class='ocrx_word' id='word_1_222' title='bbox 335 1853 485 1924; x_wconf 86' lang='grc' dir='ltr'>νόμος</span> <span class='ocrx_word' id='word_1_223' title='bbox 508 1853 722 1922; x_wconf 84' lang='grc' dir='ltr'>εἰσάγει</span> <span class='ocrx_word' id='word_1_224' title='bbox 745 1852 878 1906; x_wconf 82' lang='grc' dir='ltr'>Θεὸν</span> <span class='ocrx_word' id='word_1_225' title='bbox 917 1853 996 1917; x_wconf 83' lang='grc' dir='ltr'><strong>είς</strong></span> <span class='ocrx_word' id='word_1_226' title='bbox 1023 1851 1200 1924; x_wconf 75' lang='grc' dir='ltr'>ψυχήν</span> <span class='ocrx_word' id='word_1_227' title='bbox 1222 1870 1236 1888; x_wconf 66' lang='grc' dir='ltr'><strong>ο</strong></span> <span class='ocrx_word' id='word_1_228' title='bbox 1281 1852 1374 1906; x_wconf 75' lang='grc' dir='ltr'><strong>καὶ</strong></span> <span class='ocrx_word' id='word_1_229' title='bbox 1418 1853 1479 1905; x_wconf 85' lang='grc' dir='ltr'><strong>δν</strong></span> <span class='ocrx_word' id='word_1_230' title='bbox 1508 1851 1708 1924; x_wconf 81' lang='grc' dir='ltr'>τρόπον</span> 
     </span>
    </p>
   </div>
   <div class='ocr_carea' id='block_1_32' title="bbox 1823 1851 3401 1927">
    <p class='ocr_par' dir='ltr' id='par_1_32' title="bbox 1823 1855 3401 1927">
     <span class='ocr_line' id='line_1_32' title="bbox 1823 1855 3401 1927; baseline 0.001 -18"><span class='ocrx_word' id='word_1_231' title='bbox 1823 1855 1982 1911; x_wconf 91' lang='lat' dir='ltr'><strong>Deum</strong></span> <span class='ocrx_word' id='word_1_232' title='bbox 2036 1857 2090 1911; x_wconf 92' lang='lat' dir='ltr'><strong>in</strong></span> <span class='ocrx_word' id='word_1_233' title='bbox 2140 1856 2380 1910; x_wconf 89' lang='lat' dir='ltr'><strong>animam</strong></span> <span class='ocrx_word' id='word_1_234' title='bbox 2415 1855 2643 1911; x_wconf 89' lang='lat' dir='ltr'><strong>inducit.</strong></span> <span class='ocrx_word' id='word_1_235' title='bbox 2671 1855 2736 1911; x_wconf 87' lang='lat' dir='ltr'><strong>Et</strong></span> <span class='ocrx_word' id='word_1_236' title='bbox 2772 1857 3244 1927; x_wconf 83' lang='lat' dir='ltr'><strong>quemadmodum</strong></span> <span class='ocrx_word' id='word_1_237' title='bbox 3277 1872 3401 1927; x_wconf 88' lang='lat' dir='ltr'><strong>per-</strong></span> 
     </span>
    </p>
   </div>
   <div class='ocr_carea' id='block_1_33' title="bbox 173 1925 1708 2024">
    <p class='ocr_par' dir='ltr' id='par_1_33' title="bbox 173 1942 1704 2024">
     <span class='ocr_line' id='line_1_33' title="bbox 173 1942 1704 2024; baseline -0.002 -26"><span class='ocrx_word' id='word_1_238' title='bbox 173 1945 302 1999; x_wconf 78' lang='grc' dir='ltr'>πάλιν</span> <span class='ocrx_word' id='word_1_239' title='bbox 331 1946 532 2016; x_wconf 85' lang='grc' dir='ltr'>ἀναιρεῖ</span> <span class='ocrx_word' id='word_1_240' title='bbox 561 1945 595 2015; x_wconf 81' lang='grc' dir='ltr'>ὴ</span> <span class='ocrx_word' id='word_1_241' title='bbox 629 1943 884 2015; x_wconf 72' lang='grc' dir='ltr'>ἐπιορκία</span> <span class='ocrx_word' id='word_1_242' title='bbox 910 1943 1044 1997; x_wconf 88' lang='grc' dir='ltr'>Θεὸν</span> <span class='ocrx_word' id='word_1_243' title='bbox 1066 1946 1131 1997; x_wconf 78' lang='grc' dir='ltr'><strong>ἐκ</strong></span> <span class='ocrx_word' id='word_1_244' title='bbox 1157 1942 1354 2024; x_wconf 80' lang='grc' dir='ltr'>ψυχῆς,</span> <span class='ocrx_word' id='word_1_245' title='bbox 1383 1942 1524 1996; x_wconf 78' lang='grc' dir='ltr'>οὕτω</span> <span class='ocrx_word' id='word_1_246' title='bbox 1550 1943 1642 1996; x_wconf 72' lang='grc' dir='ltr'><strong>καὶ</strong></span> <span class='ocrx_word' id='word_1_247' title='bbox 1671 1943 1704 2015; x_wconf 82' lang='grc' dir='ltr'>ή</span> 
     </span>
    </p>
   </div>
   <div class='ocr_carea' id='block_1_34' title="bbox 1823 1925 3398 2024">
    <p class='ocr_par' dir='ltr' id='par_1_34' title="bbox 1823 1946 3398 2019">
     <span class='ocr_line' id='line_1_34' title="bbox 1823 1946 3398 2019; baseline 0.002 -19"><span class='ocrx_word' id='word_1_248' title='bbox 1823 1946 2016 2014; x_wconf 88' lang='lat' dir='ltr'><strong>iurium</strong></span> <span class='ocrx_word' id='word_1_249' title='bbox 2068 1946 2238 2002; x_wconf 90' lang='lat' dir='ltr'><strong>Deum</strong></span> <span class='ocrx_word' id='word_1_250' title='bbox 2282 1962 2350 2002; x_wconf 80' lang='lat' dir='ltr'><strong>ex</strong></span> <span class='ocrx_word' id='word_1_251' title='bbox 2396 1948 2577 2002; x_wconf 89' lang='lat' dir='ltr'><strong>anima</strong></span> <span class='ocrx_word' id='word_1_252' title='bbox 2625 1948 2792 2013; x_wconf 87' lang='lat' dir='ltr'><strong>delet,</strong></span> <span class='ocrx_word' id='word_1_253' title='bbox 2849 1950 2923 2003; x_wconf 92' lang='lat' dir='ltr'><strong>ita</strong></span> <span class='ocrx_word' id='word_1_254' title='bbox 2980 1949 3116 2019; x_wconf 74' lang='lat' dir='ltr'><strong>legis</strong></span> <span class='ocrx_word' id='word_1_255' title='bbox 3176 1948 3398 2004; x_wconf 84' lang='lat' dir='ltr'><strong>violatio</strong></span> 
     </span>
    </p>
   </div>
   <div class='ocr_carea' id='block_1_35' title="bbox 171 2029 1706 2109">
    <p class='ocr_par' dir='ltr' id='par_1_35' title="bbox 171 2029 1706 2109">
     <span class='ocr_line' id='line_1_35' title="bbox 171 2029 1706 2109; baseline -0.003 -19"><span class='ocrx_word' id='word_1_256' title='bbox 171 2035 436 2109; x_wconf 76' lang='grc' dir='ltr'>παρανομία</span> <span class='ocrx_word' id='word_1_257' title='bbox 457 2035 709 2089; x_wconf 79' lang='grc' dir='ltr'>ἐκϐάλλει</span> <span class='ocrx_word' id='word_1_258' title='bbox 733 2035 868 2089; x_wconf 89' lang='grc' dir='ltr'>Θεὸν</span> <span class='ocrx_word' id='word_1_259' title='bbox 892 2035 987 2089; x_wconf 85' lang='grc' dir='ltr'><strong>ἀπ’</strong></span> <span class='ocrx_word' id='word_1_260' title='bbox 1011 2034 1207 2105; x_wconf 81' lang='grc' dir='ltr'>αὐτῆς.</span> <span class='ocrx_word' id='word_1_261' title='bbox 1259 2033 1381 2088; x_wconf 86' lang='grc' dir='ltr'><strong>Ἐὰν</strong></span> <span class='ocrx_word' id='word_1_262' title='bbox 1403 2029 1516 2097; x_wconf 80' lang='grc' dir='ltr'>οὖν,</span> <span class='ocrx_word' id='word_1_263' title='bbox 1553 2033 1706 2104; x_wconf 63' lang='grc' dir='ltr'>φησι,</span> 
     </span>
    </p>
   </div>
   <div class='ocr_carea' id='block_1_36' title="bbox 171 2127 1710 2200">
    <p class='ocr_par' dir='ltr' id='par_1_36' title="bbox 171 2127 1710 2200">
     <span class='ocr_line' id='line_1_36' title="bbox 171 2127 1710 2200; baseline -0.003 -18"><span class='ocrx_word' id='word_1_264' title='bbox 171 2129 298 2199; x_wconf 77' lang='grc' dir='ltr'>νόμον</span> <span class='ocrx_word' id='word_1_265' title='bbox 321 2127 556 2192; x_wconf 79' lang='grc' dir='ltr'>τεθέντος</span> <span class='ocrx_word' id='word_1_266' title='bbox 585 2129 920 2192; x_wconf 80' lang='grc' dir='ltr'>ἀκούσαντες</span> <span class='ocrx_word' id='word_1_267' title='bbox 945 2128 1019 2200; x_wconf 79' lang='grc' dir='ltr'>μὴ</span> <span class='ocrx_word' id='word_1_268' title='bbox 1044 2127 1474 2200; x_wconf 80' lang='grc' dir='ltr'>ὲξαγορεύσωσιν</span> <span class='ocrx_word' id='word_1_269' title='bbox 1502 2127 1710 2180; x_wconf 80' lang='grc' dir='ltr'>ἑαυτῶν</span> 
     </span>
    </p>
   </div>
   <div class='ocr_carea' id='block_1_37' title="bbox 170 2217 1712 2293">
    <p class='ocr_par' dir='ltr' id='par_1_37' title="bbox 170 2217 1712 2293">
     <span class='ocr_line' id='line_1_37' title="bbox 170 2217 1712 2293; baseline -0.003 -19"><span class='ocrx_word' id='word_1_270' title='bbox 170 2222 244 2285; x_wconf 78' lang='grc' dir='ltr'>τὰς</span> <span class='ocrx_word' id='word_1_271' title='bbox 266 2221 514 2293; x_wconf 79' lang='grc' dir='ltr'>ἁμαρτίας</span> <span class='ocrx_word' id='word_1_272' title='bbox 537 2259 555 2286; x_wconf 93' lang='grc'><strong>,</strong></span> <span class='ocrx_word' id='word_1_273' title='bbox 609 2220 938 2293; x_wconf 72' lang='grc' dir='ltr'>φοϐηθέντες</span> <span class='ocrx_word' id='word_1_274' title='bbox 967 2222 1063 2274; x_wconf 56' lang='grc' dir='ltr'><strong>καὶ¹</strong></span> <span class='ocrx_word' id='word_1_275' title='bbox 1101 2219 1477 2290; x_wconf 77' lang='grc' dir='ltr'>αἰσχυνθέντες</span> <span class='ocrx_word' id='word_1_276' title='bbox 1503 2217 1712 2290; x_wconf 83' lang='grc' dir='ltr'>ἀνθρώ-</span> 
     </span>
    </p>
   </div>
   <div class='ocr_carea' id='block_1_38' title="bbox 169 2310 1712 2386">
    <p class='ocr_par' dir='ltr' id='par_1_38' title="bbox 169 2310 1712 2386">
     <span class='ocr_line' id='line_1_38' title="bbox 169 2310 1712 2386; baseline -0.002 -20"><span class='ocrx_word' id='word_1_277' title='bbox 169 2330 290 2380; x_wconf 76' lang='grc' dir='ltr'>πους,</span> <span class='ocrx_word' id='word_1_278' title='bbox 314 2313 859 2386; x_wconf 81' lang='grc' dir='ltr'>ὑποσκελισθήσονται</span> <span class='ocrx_word' id='word_1_279' title='bbox 894 2313 1032 2386; x_wconf 86' lang='grc' dir='ltr'>πρὸς</span> <span class='ocrx_word' id='word_1_280' title='bbox 1064 2312 1340 2368; x_wconf 79' lang='grc' dir='ltr'>ἀπώλειαν</span> <span class='ocrx_word' id='word_1_281' title='bbox 1363 2330 1376 2343; x_wconf 84' lang='lat'><strong><em>°</em></strong></span> <span class='ocrx_word' id='word_1_282' title='bbox 1406 2312 1548 2366; x_wconf 78' lang='grc' dir='ltr'>οὕτω</span> <span class='ocrx_word' id='word_1_283' title='bbox 1578 2310 1712 2382; x_wconf 73' lang='grc' dir='ltr'>φησὶ</span> 
     </span>
    </p>
   </div>
   <div class='ocr_carea' id='block_1_39' title="bbox 168 2404 1713 2476">
    <p class='ocr_par' dir='ltr' id='par_1_39' title="bbox 168 2404 1713 2476">
     <span class='ocr_line' id='line_1_39' title="bbox 168 2404 1713 2476; baseline -0.003 -16"><span class='ocrx_word' id='word_1_284' title='bbox 168 2408 241 2460; x_wconf 72' lang='grc' dir='ltr'><strong>καὶ</strong></span> <span class='ocrx_word' id='word_1_285' title='bbox 260 2410 284 2460; x_wconf 86' lang='grc' dir='ltr'><strong>ὁ</strong></span> <span class='ocrx_word' id='word_1_286' title='bbox 302 2408 450 2462; x_wconf 77' lang='grc' dir='ltr'><strong>Δαυῖδ</strong></span> <span class='ocrx_word' id='word_1_287' title='bbox 467 2425 480 2437; x_wconf 72' lang='grc' dir='ltr'><strong>ο</strong></span> <span class='ocrx_word' id='word_1_288' title='bbox 499 2404 696 2462; x_wconf 74' lang='grc' dir='ltr'><strong>Ἐἶπασ</strong></span> <span class='ocrx_word' id='word_1_289' title='bbox 716 2407 1118 2476; x_wconf 79' lang='grc' dir='ltr'>Ἐξαγορεύσω</span> <span class='ocrx_word' id='word_1_290' title='bbox 1134 2407 1260 2460; x_wconf 75' lang='grc' dir='ltr'>κατ’</span> <span class='ocrx_word' id='word_1_291' title='bbox 1276 2406 1423 2476; x_wconf 84' lang='grc' dir='ltr'>ἐμοῦ</span> <span class='ocrx_word' id='word_1_292' title='bbox 1441 2404 1556 2474; x_wconf 77' lang='grc' dir='ltr'><strong>τὴν</strong></span> <span class='ocrx_word' id='word_1_293' title='bbox 1574 2405 1713 2458; x_wconf 45' lang='lat' dir='ltr'><strong>(ira,</strong></span> 
     </span>
    </p>
   </div>
   <div class='ocr_carea' id='block_1_40' title="bbox 165 2497 1712 2569">
    <p class='ocr_par' dir='ltr' id='par_1_40' title="bbox 165 2497 1712 2569">
     <span class='ocr_line' id='line_1_40' title="bbox 165 2497 1712 2569; baseline -0.002 -16"><span class='ocrx_word' id='word_1_294' title='bbox 165 2498 280 2568; x_wconf 76' lang='grc' dir='ltr'>μίαν</span> <span class='ocrx_word' id='word_1_295' title='bbox 289 2517 396 2569; x_wconf 83' lang='grc' dir='ltr'><strong>μου</strong></span> <span class='ocrx_word' id='word_1_296' title='bbox 413 2498 492 2566; x_wconf 86' lang='grc' dir='ltr'>τῷ</span> <span class='ocrx_word' id='word_1_297' title='bbox 505 2500 725 2568; x_wconf 77' lang='grc' dir='ltr'>Κυρίῳ,</span> <span class='ocrx_word' id='word_1_298' title='bbox 749 2499 846 2552; x_wconf 75' lang='grc' dir='ltr'>καὶ</span> <span class='ocrx_word' id='word_1_299' title='bbox 879 2498 960 2552; x_wconf 87' lang='grc' dir='ltr'>σὺ</span> <span class='ocrx_word' id='word_1_300' title='bbox 989 2498 1232 2568; x_wconf 72' lang='grc' dir='ltr'>ἀφῆκας</span> <span class='ocrx_word' id='word_1_301' title='bbox 1272 2498 1388 2566; x_wconf 82' lang='grc' dir='ltr'><strong>τὴν</strong></span> <span class='ocrx_word' id='word_1_302' title='bbox 1427 2497 1712 2552; x_wconf 74' lang='grc' dir='ltr'>ἀσέϐειαν</span> 
     </span>
    </p>
   </div>
   <div class='ocr_carea' id='block_1_41' title="bbox 165 2590 1712 2664">
    <p class='ocr_par' dir='ltr' id='par_1_41' title="bbox 165 2590 1712 2664">
     <span class='ocr_line' id='line_1_41' title="bbox 165 2590 1712 2664; baseline 0.001 -23"><span class='ocrx_word' id='word_1_303' title='bbox 165 2590 252 2658; x_wconf 76' lang='grc' dir='ltr'>τῆς</span> <span class='ocrx_word' id='word_1_304' title='bbox 263 2593 487 2661; x_wconf 75' lang='grc' dir='ltr'><strong>καρδίας</strong></span> <span class='ocrx_word' id='word_1_305' title='bbox 505 2611 629 2661; x_wconf 88' lang='grc' dir='ltr'><strong>μου</strong></span> <span class='ocrx_word' id='word_1_306' title='bbox 652 2611 665 2623; x_wconf 85' lang='grc'><em>’</em></span> <span class='ocrx_word' id='word_1_307' title='bbox 698 2593 791 2647; x_wconf 87' lang='grc' dir='ltr'><strong>καί</strong></span> <span class='ocrx_word' id='word_1_308' title='bbox 818 2610 832 2623; x_wconf 94' lang='grc'><strong>·</strong></span> <span class='ocrx_word' id='word_1_309' title='bbox 859 2593 1008 2664; x_wconf 78' lang='grc' dir='ltr'>Λέγε</span> <span class='ocrx_word' id='word_1_310' title='bbox 1035 2593 1116 2647; x_wconf 91' lang='grc' dir='ltr'>σὺ</span> <span class='ocrx_word' id='word_1_311' title='bbox 1145 2591 1376 2661; x_wconf 79' lang='grc' dir='ltr'>πρῶτος</span> <span class='ocrx_word' id='word_1_312' title='bbox 1399 2591 1506 2657; x_wconf 81' lang='grc' dir='ltr'>τὰς</span> <span class='ocrx_word' id='word_1_313' title='bbox 1525 2591 1712 2661; x_wconf 80' lang='grc' dir='ltr'>ἀμαρ-</span> 
     </span>
    </p>
   </div>
   <div class='ocr_carea' id='block_1_42' title="bbox 164 2684 1710 2756">
    <p class='ocr_par' dir='ltr' id='par_1_42' title="bbox 164 2684 1710 2756">
     <span class='ocr_line' id='line_1_42' title="bbox 164 2684 1710 2756; baseline 0 -20"><span class='ocrx_word' id='word_1_314' title='bbox 164 2685 268 2751; x_wconf 79' lang='grc' dir='ltr'><strong>τιάς</strong></span> <span class='ocrx_word' id='word_1_315' title='bbox 304 2701 438 2752; x_wconf 82' lang='grc' dir='ltr'>σου,</span> <span class='ocrx_word' id='word_1_316' title='bbox 484 2689 589 2741; x_wconf 69' lang='lat' dir='ltr'><strong>tm</strong></span> <span class='ocrx_word' id='word_1_317' title='bbox 640 2685 958 2755; x_wconf 78' lang='grc' dir='ltr'><strong>δικαιωθῇς</strong></span> <span class='ocrx_word' id='word_1_318' title='bbox 977 2703 990 2717; x_wconf 79' lang='lat'><strong><em>°</em></strong></span> <span class='ocrx_word' id='word_1_319' title='bbox 1031 2687 1125 2739; x_wconf 73' lang='grc' dir='ltr'><strong>καὶ</strong></span> <span class='ocrx_word' id='word_1_320' title='bbox 1175 2685 1336 2740; x_wconf 74' lang='grc' dir='ltr'>πάλιν</span> <span class='ocrx_word' id='word_1_321' title='bbox 1385 2686 1414 2738; x_wconf 97' lang='lat'><strong>6</strong></span> <span class='ocrx_word' id='word_1_322' title='bbox 1458 2684 1710 2756; x_wconf 80' lang='grc' dir='ltr'>Σολομῶν</span> 
     </span>
    </p>
   </div>
   <div class='ocr_carea' id='block_1_43' title="bbox 1816 2038 3398 2110">
    <p class='ocr_par' dir='ltr' id='par_1_43' title="bbox 1816 2038 3398 2110">
     <span class='ocr_line' id='line_1_43' title="bbox 1816 2038 3398 2110; baseline -0.002 -16"><span class='ocrx_word' id='word_1_323' title='bbox 1816 2039 1989 2094; x_wconf 91' lang='lat' dir='ltr'><strong>Deum</strong></span> <span class='ocrx_word' id='word_1_324' title='bbox 2021 2053 2090 2094; x_wconf 78' lang='lat' dir='ltr'><strong>ex</strong></span> <span class='ocrx_word' id='word_1_325' title='bbox 2125 2039 2216 2094; x_wconf 90' lang='lat' dir='ltr'><strong>illa</strong></span> <span class='ocrx_word' id='word_1_326' title='bbox 2265 2039 2457 2110; x_wconf 79' lang='lat' dir='ltr'><strong>abigit.</strong></span> <span class='ocrx_word' id='word_1_327' title='bbox 2513 2038 2570 2094; x_wconf 88' lang='lat' dir='ltr'><strong>Si</strong></span> <span class='ocrx_word' id='word_1_328' title='bbox 2621 2054 2753 2110; x_wconf 75' lang='lat' dir='ltr'><strong>ergo</strong></span> <span class='ocrx_word' id='word_1_329' title='bbox 2783 2048 2965 2095; x_wconf 85' lang='lat' dir='ltr'><strong>stante</strong></span> <span class='ocrx_word' id='word_1_330' title='bbox 2998 2038 3136 2106; x_wconf 72' lang='lat' dir='ltr'><strong>lege,</strong></span> <span class='ocrx_word' id='word_1_331' title='bbox 3172 2048 3398 2108; x_wconf 79' lang='lat' dir='ltr'><strong>peccata</strong></span> 
     </span>
    </p>
   </div>
   <div class='ocr_carea' id='block_1_44' title="bbox 1816 2129 3398 2200">
    <p class='ocr_par' dir='ltr' id='par_1_44' title="bbox 1816 2129 3398 2200">
     <span class='ocr_line' id='line_1_44' title="bbox 1816 2129 3398 2200; baseline -0.003 -14"><span class='ocrx_word' id='word_1_332' title='bbox 1816 2145 1913 2186; x_wconf 87' lang='lat' dir='ltr'><strong>sua</strong></span> <span class='ocrx_word' id='word_1_333' title='bbox 1937 2131 2188 2186; x_wconf 79' lang='lat' dir='ltr'><strong>conﬁteri</strong></span> <span class='ocrx_word' id='word_1_334' title='bbox 2220 2131 2516 2198; x_wconf 88' lang='lat' dir='ltr'><strong>noluerint,</strong></span> <span class='ocrx_word' id='word_1_335' title='bbox 2550 2139 2698 2185; x_wconf 92' lang='lat' dir='ltr'><strong>metu</strong></span> <span class='ocrx_word' id='word_1_336' title='bbox 2739 2147 2804 2186; x_wconf 87' lang='lat' dir='ltr'><strong>ac</strong></span> <span class='ocrx_word' id='word_1_337' title='bbox 2848 2132 3058 2200; x_wconf 88' lang='lat' dir='ltr'><strong>pudore</strong></span> <span class='ocrx_word' id='word_1_338' title='bbox 3087 2129 3398 2192; x_wconf 82' lang='lat' dir='ltr'><strong>hominum,</strong></span> 
     </span>
    </p>
   </div>
   <div class='ocr_carea' id='block_1_45' title="bbox 1816 2222 3396 2280">
    <p class='ocr_par' dir='ltr' id='par_1_45' title="bbox 1816 2222 3396 2280">
     <span class='ocr_line' id='line_1_45' title="bbox 1816 2222 3396 2280; baseline -0.001 -1"><span class='ocrx_word' id='word_1_339' title='bbox 1816 2223 2117 2279; x_wconf 84' lang='lat' dir='ltr'><strong>exitialiter</strong></span> <span class='ocrx_word' id='word_1_340' title='bbox 2167 2224 2574 2280; x_wconf 88' lang='lat' dir='ltr'><strong>subvertentur.</strong></span> <span class='ocrx_word' id='word_1_341' title='bbox 2610 2225 2701 2278; x_wconf 81' lang='lat' dir='ltr'><strong>Sic</strong></span> <span class='ocrx_word' id='word_1_342' title='bbox 2765 2224 2842 2278; x_wconf 89' lang='lat' dir='ltr'><strong>ait</strong></span> <span class='ocrx_word' id='word_1_343' title='bbox 2894 2233 2950 2279; x_wconf 93' lang='lat' dir='ltr'><strong>et</strong></span> <span class='ocrx_word' id='word_1_344' title='bbox 2986 2222 3343 2278; x_wconf 73' lang='lat' dir='ltr'><strong>David:Dixi</strong></span> <span class='ocrx_word' id='word_1_345' title='bbox 3375 2239 3396 2278; x_wconf 88' lang='lat'><strong><em>:</em></strong></span> 
     </span>
    </p>
   </div>
   <div class='ocr_carea' id='block_1_46' title="bbox 1817 2315 3397 2386">
    <p class='ocr_par' dir='ltr' id='par_1_46' title="bbox 1817 2315 3397 2386">
     <span class='ocr_line' id='line_1_46' title="bbox 1817 2315 3397 2386; baseline -0.001 -16"><span class='ocrx_word' id='word_1_346' title='bbox 1817 2315 2122 2385; x_wconf 80' lang='lat' dir='ltr'><strong>Confitebor</strong></span> <span class='ocrx_word' id='word_1_347' title='bbox 2148 2317 2401 2370; x_wconf 80' lang='lat' dir='ltr'><strong>adversus</strong></span> <span class='ocrx_word' id='word_1_348' title='bbox 2428 2333 2510 2370; x_wconf 87' lang='lat' dir='ltr'><strong>me</strong></span> <span class='ocrx_word' id='word_1_349' title='bbox 2533 2315 2856 2386; x_wconf 77' lang='lat' dir='ltr'><strong>injustitiam</strong></span> <span class='ocrx_word' id='word_1_350' title='bbox 2883 2331 3051 2370; x_wconf 81' lang='lat' dir='ltr'><strong>meum</strong></span> <span class='ocrx_word' id='word_1_351' title='bbox 3077 2315 3320 2382; x_wconf 82' lang='lat' dir='ltr'><strong>Domino,</strong></span> <span class='ocrx_word' id='word_1_352' title='bbox 3348 2323 3397 2368; x_wconf 82' lang='lat' dir='ltr'><strong>et</strong></span> 
     </span>
    </p>
   </div>
   <div class='ocr_carea' id='block_1_47' title="bbox 1818 2405 3397 2478">
    <p class='ocr_par' dir='ltr' id='par_1_47' title="bbox 1818 2405 3397 2478">
     <span class='ocr_line' id='line_1_47' title="bbox 1818 2405 3397 2478; baseline -0.003 -15"><span class='ocrx_word' id='word_1_353' title='bbox 1818 2418 1877 2463; x_wconf 83' lang='lat' dir='ltr'><strong>tu</strong></span> <span class='ocrx_word' id='word_1_354' title='bbox 1914 2410 2163 2464; x_wconf 71' lang='lat' dir='ltr'><strong>remisisti</strong></span> <span class='ocrx_word' id='word_1_355' title='bbox 2212 2411 2536 2478; x_wconf 77' lang='lat' dir='ltr'><strong>impietatem</strong></span> <span class='ocrx_word' id='word_1_356' title='bbox 2592 2409 2770 2464; x_wconf 81' lang='lat' dir='ltr'><strong>cordis</strong></span> <span class='ocrx_word' id='word_1_357' title='bbox 2835 2408 2938 2462; x_wconf 81' lang='lat' dir='ltr'><strong>mei</strong></span> <span class='ocrx_word' id='word_1_358' title='bbox 2960 2408 3027 2460; x_wconf 80' lang='grc'><strong>⁷⁸.</strong></span> <span class='ocrx_word' id='word_1_359' title='bbox 3068 2407 3171 2462; x_wconf 86' lang='lat' dir='ltr'><strong>Et:</strong></span> <span class='ocrx_word' id='word_1_360' title='bbox 3203 2405 3298 2460; x_wconf 85' lang='lat' dir='ltr'><strong>Dic</strong></span> <span class='ocrx_word' id='word_1_361' title='bbox 3338 2416 3397 2458; x_wconf 77' lang='lat' dir='ltr'><strong>tu</strong></span> 
     </span>
    </p>
   </div>
   <div class='ocr_carea' id='block_1_48' title="bbox 1817 2499 3395 2573">
    <p class='ocr_par' dir='ltr' id='par_1_48' title="bbox 1817 2499 3395 2573">
     <span class='ocr_line' id='line_1_48' title="bbox 1817 2499 3395 2573; baseline -0.001 -20"><span class='ocrx_word' id='word_1_362' title='bbox 1817 2502 1964 2571; x_wconf 83' lang='lat' dir='ltr'><strong>prior</strong></span> <span class='ocrx_word' id='word_1_363' title='bbox 1995 2511 2210 2572; x_wconf 83' lang='lat' dir='ltr'><strong>peccata</strong></span> <span class='ocrx_word' id='word_1_364' title='bbox 2253 2510 2368 2566; x_wconf 85' lang='lat' dir='ltr'><strong>tua,</strong></span> <span class='ocrx_word' id='word_1_365' title='bbox 2411 2512 2469 2556; x_wconf 86' lang='lat' dir='ltr'><strong>ut</strong></span> <span class='ocrx_word' id='word_1_366' title='bbox 2508 2501 2819 2573; x_wconf 75' lang='lat' dir='ltr'><strong>justiﬁeeris</strong></span> <span class='ocrx_word' id='word_1_367' title='bbox 2839 2501 2906 2554; x_wconf 81' lang='grc'>⁸⁸.</span> <span class='ocrx_word' id='word_1_368' title='bbox 2959 2499 3092 2555; x_wconf 82' lang='lat' dir='ltr'><strong>item</strong></span> <span class='ocrx_word' id='word_1_369' title='bbox 3135 2499 3395 2554; x_wconf 86' lang='lat' dir='ltr'><strong>Salomon</strong></span> 
     </span>
    </p>
   </div>
   <div class='ocr_carea' id='block_1_49' title="bbox 1817 2591 3393 2664">
    <p class='ocr_par' dir='ltr' id='par_1_49' title="bbox 1817 2591 3393 2664">
     <span class='ocr_line' id='line_1_49' title="bbox 1817 2591 3393 2664; baseline 0 -19"><span class='ocrx_word' id='word_1_370' title='bbox 1817 2591 1930 2646; x_wconf 91' lang='lat' dir='ltr'><strong>ait:</strong></span> <span class='ocrx_word' id='word_1_371' title='bbox 1955 2591 2060 2657; x_wconf 84' lang='lat' dir='ltr'><strong>Qui</strong></span> <span class='ocrx_word' id='word_1_372' title='bbox 2088 2595 2254 2658; x_wconf 85' lang='lat' dir='ltr'><strong>operit</strong></span> <span class='ocrx_word' id='word_1_373' title='bbox 2276 2594 2607 2664; x_wconf 78' lang='lat' dir='ltr'><strong>iniquitatem</strong></span> <span class='ocrx_word' id='word_1_374' title='bbox 2632 2608 2806 2660; x_wconf 74' lang='lat' dir='ltr'><strong>suam,</strong></span> <span class='ocrx_word' id='word_1_375' title='bbox 2833 2609 2937 2646; x_wconf 81' lang='lat' dir='ltr'><strong>non</strong></span> <span class='ocrx_word' id='word_1_376' title='bbox 2959 2591 3393 2662; x_wconf 79' lang='lat' dir='ltr'><strong>prosperabttur;</strong></span> 
     </span>
    </p>
   </div>
   <div class='ocr_carea' id='block_1_50' title="bbox 1817 2683 3229 2754">
    <p class='ocr_par' dir='ltr' id='par_1_50' title="bbox 1817 2683 3229 2754">
     <span class='ocr_line' id='line_1_50' title="bbox 1817 2683 3229 2754; baseline -0.001 -16"><span class='ocrx_word' id='word_1_377' title='bbox 1817 2685 1908 2754; x_wconf 85' lang='lat' dir='ltr'><strong>qui</strong></span> <span class='ocrx_word' id='word_1_378' title='bbox 1935 2694 2111 2738; x_wconf 80' lang='lat' dir='ltr'><strong>autem</strong></span> <span class='ocrx_word' id='word_1_379' title='bbox 2137 2693 2355 2740; x_wconf 74' lang='lat' dir='ltr'><strong>ettarrat</strong></span> <span class='ocrx_word' id='word_1_380' title='bbox 2381 2693 2431 2740; x_wconf 83' lang='lat' dir='ltr'><strong>et</strong></span> <span class='ocrx_word' id='word_1_381' title='bbox 2464 2685 2753 2754; x_wconf 78' lang='lat' dir='ltr'><strong>vituperat,</strong></span> <span class='ocrx_word' id='word_1_382' title='bbox 2783 2684 2872 2737; x_wconf 83' lang='lat' dir='ltr'><strong>hic</strong></span> <span class='ocrx_word' id='word_1_383' title='bbox 2898 2683 3229 2752; x_wconf 77' lang='lat' dir='ltr'><strong>diligetur&quot;.</strong></span> 
     </span>
    </p>
   </div>
   <div class='ocr_carea' id='block_1_51' title="bbox 164 2779 3398 2851">
    <p class='ocr_par' dir='ltr' id='par_1_51' title="bbox 164 2779 3398 2851">
     <span class='ocr_line' id='line_1_51' title="bbox 164 2779 3398 2851; baseline 0 -18"><span class='ocrx_word' id='word_1_384' title='bbox 164 2798 318 2851; x_wconf 80' lang='grc' dir='ltr'>φησιν·</span> <span class='ocrx_word' id='word_1_385' title='bbox 383 2783 443 2836; x_wconf 90' lang='lat'><strong>&#39;0</strong></span> <span class='ocrx_word' id='word_1_386' title='bbox 503 2782 934 2838; x_wconf 76' lang='grc' dir='ltr'><strong>ἐπικαλύπτων</strong></span> <span class='ocrx_word' id='word_1_387' title='bbox 983 2782 1268 2838; x_wconf 75' lang='grc' dir='ltr'>ἀσέϐειαν</span> <span class='ocrx_word' id='word_1_388' title='bbox 1332 2780 1518 2836; x_wconf 86' lang='grc' dir='ltr'>αὐτοῦ</span> <span class='ocrx_word' id='word_1_389' title='bbox 1541 2823 1557 2850; x_wconf 90' lang='grc'><strong>,</strong></span> <span class='ocrx_word' id='word_1_390' title='bbox 1625 2782 1738 2835; x_wconf 83' lang='grc' dir='ltr'>οὐκ</span> <span class='ocrx_word' id='word_1_391' title='bbox 1789 2779 2230 2849; x_wconf 80' lang='grc' dir='ltr'>εὐοδωθήσεται</span> <span class='ocrx_word' id='word_1_392' title='bbox 2253 2797 2268 2814; x_wconf 78' lang='grc' dir='ltr'><strong>ο</strong></span> <span class='ocrx_word' id='word_1_393' title='bbox 2326 2784 2360 2836; x_wconf 81' lang='grc' dir='ltr'><em>ὀ</em></span> <span class='ocrx_word' id='word_1_394' title='bbox 2417 2780 2488 2835; x_wconf 79' lang='grc' dir='ltr'>δὲ</span> <span class='ocrx_word' id='word_1_395' title='bbox 2539 2780 2941 2850; x_wconf 72' lang='grc' dir='ltr'>ἐξηγούμενος</span> <span class='ocrx_word' id='word_1_396' title='bbox 2989 2779 3088 2834; x_wconf 76' lang='grc' dir='ltr'>καὶ</span> <span class='ocrx_word' id='word_1_397' title='bbox 3129 2779 3398 2848; x_wconf 66' lang='grc' dir='ltr'>ἐλέγχων</span> 
     </span>
    </p>
   </div>
   <div class='ocr_carea' id='block_1_52' title="bbox 163 2871 588 2943">
    <p class='ocr_par' dir='ltr' id='par_1_52' title="bbox 163 2871 588 2943">
     <span class='ocr_line' id='line_1_52' title="bbox 163 2871 588 2943; baseline 0.009 -19"><span class='ocrx_word' id='word_1_398' title='bbox 163 2871 588 2943; x_wconf 76' lang='grc' dir='ltr'>ἀγαπηθήσεται.</span> 
     </span>
    </p>
   </div>
   <div class='ocr_carea' id='block_1_53' title="bbox 217 2959 1708 3038">
    <p class='ocr_par' dir='ltr' id='par_1_53' title="bbox 217 2963 1706 3038">
     <span class='ocr_line' id='line_1_53' title="bbox 217 2963 1706 3038; baseline 0.003 -23"><span class='ocrx_word' id='word_1_399' title='bbox 217 2964 348 3016; x_wconf 83' lang='grc' dir='ltr'>Ὅσοι</span> <span class='ocrx_word' id='word_1_400' title='bbox 370 2963 746 3037; x_wconf 78' lang='grc' dir='ltr'>κατορθοῦμεν</span> <span class='ocrx_word' id='word_1_401' title='bbox 771 2963 872 3029; x_wconf 78' lang='grc' dir='ltr'><strong>τὰς</strong></span> <span class='ocrx_word' id='word_1_402' title='bbox 903 2965 1144 3030; x_wconf 77' lang='grc' dir='ltr'>ἐντολὰς,</span> <span class='ocrx_word' id='word_1_403' title='bbox 1177 2963 1556 3038; x_wconf 84' lang='grc' dir='ltr'>θεραπεύομεν</span> <span class='ocrx_word' id='word_1_404' title='bbox 1580 2965 1706 3028; x_wconf 75' lang='grc' dir='ltr'>τοὺς</span> 
     </span>
    </p>
   </div>
   <div class='ocr_carea' id='block_1_54' title="bbox 1823 2959 3396 3038">
    <p class='ocr_par' dir='ltr' id='par_1_54' title="bbox 1881 2959 3396 3033">
     <span class='ocr_line' id='line_1_54' title="bbox 1881 2959 3396 3033; baseline 0.001 -17"><span class='ocrx_word' id='word_1_405' title='bbox 1881 2961 1927 2994; x_wconf 78' lang='grc'><strong>⁸⁸</strong></span> <span class='ocrx_word' id='word_1_406' title='bbox 1953 2959 2276 3030; x_wconf 82' lang='lat' dir='ltr'><strong>Quicunque</strong></span> <span class='ocrx_word' id='word_1_407' title='bbox 2311 2959 2569 3015; x_wconf 84' lang='lat' dir='ltr'><strong>mandata</strong></span> <span class='ocrx_word' id='word_1_408' title='bbox 2607 2959 2704 3016; x_wconf 88' lang='lat' dir='ltr'><strong>Dei</strong></span> <span class='ocrx_word' id='word_1_409' title='bbox 2751 2961 3127 3027; x_wconf 75' lang='lat' dir='ltr'><strong>observamus,</strong></span> <span class='ocrx_word' id='word_1_410' title='bbox 3173 2960 3396 3033; x_wconf 73' lang='lat' dir='ltr'><strong>angelos</strong></span> 
     </span>
    </p>
   </div>
   <div class='ocr_carea' id='block_1_55' title="bbox 162 3054 1710 3132">
    <p class='ocr_par' dir='ltr' id='par_1_55' title="bbox 162 3054 1710 3132">
     <span class='ocr_line' id='line_1_55' title="bbox 162 3054 1710 3132; baseline 0.005 -26"><span class='ocrx_word' id='word_1_411' title='bbox 162 3054 409 3122; x_wconf 78' lang='grc' dir='ltr'>ἀγγέλους·</span> <span class='ocrx_word' id='word_1_412' title='bbox 452 3058 614 3110; x_wconf 76' lang='grc' dir='ltr'>αὐτοὶ</span> <span class='ocrx_word' id='word_1_413' title='bbox 640 3057 750 3128; x_wconf 81' lang='grc' dir='ltr'>γάρ</span> <span class='ocrx_word' id='word_1_414' title='bbox 794 3058 934 3111; x_wconf 77' lang='grc' dir='ltr'>εἰσιν</span> <span class='ocrx_word' id='word_1_415' title='bbox 971 3059 1021 3110; x_wconf 78' lang='lat' dir='ltr'><strong>oi</strong></span> <span class='ocrx_word' id='word_1_416' title='bbox 1064 3058 1356 3129; x_wconf 84' lang='grc' dir='ltr'>ἡγούμενοι</span> <span class='ocrx_word' id='word_1_417' title='bbox 1384 3058 1546 3132; x_wconf 80' lang='grc' dir='ltr'>ἡμῶν</span> <span class='ocrx_word' id='word_1_418' title='bbox 1576 3057 1710 3129; x_wconf 69' lang='grc' dir='ltr'><strong>(εδ),</strong></span> 
     </span>
    </p>
   </div>
   <div class='ocr_carea' id='block_1_56' title="bbox 159 3135 1714 3220">
    <p class='ocr_par' dir='ltr' id='par_1_56' title="bbox 159 3135 1714 3220">
     <span class='ocr_line' id='line_1_56' title="bbox 159 3135 1714 3220; baseline 0.005 -26"><span class='ocrx_word' id='word_1_419' title='bbox 159 3144 234 3196; x_wconf 86' lang='grc' dir='ltr'><strong>ἀπ’</strong></span> <span class='ocrx_word' id='word_1_420' title='bbox 253 3146 410 3217; x_wconf 79' lang='grc' dir='ltr'>ἀρχῆς</span> <span class='ocrx_word' id='word_1_421' title='bbox 439 3147 675 3202; x_wconf 70' lang='grc' dir='ltr'>λαϐόντε</span> <span class='ocrx_word' id='word_1_422' title='bbox 693 3164 721 3211; x_wconf 90' lang='grc' dir='ltr'>ς</span> <span class='ocrx_word' id='word_1_423' title='bbox 747 3149 914 3219; x_wconf 80' lang='grc' dir='ltr'>ἡμᾶς,</span> <span class='ocrx_word' id='word_1_424' title='bbox 945 3149 1035 3202; x_wconf 81' lang='grc' dir='ltr'><strong>ὅτε</strong></span> <span class='ocrx_word' id='word_1_425' title='bbox 1067 3148 1373 3220; x_wconf 81' lang='grc' dir='ltr'>διεμέριζεν</span> <span class='ocrx_word' id='word_1_426' title='bbox 1396 3135 1425 3202; x_wconf 94' lang='lat'><strong>6</strong></span> <span class='ocrx_word' id='word_1_427' title='bbox 1452 3147 1714 3218; x_wconf 78' lang='grc' dir='ltr'>Ὕψιστος</span> 
     </span>
    </p>
   </div>
   <div class='ocr_carea' id='block_1_57' title="bbox 160 3235 1709 3312">
    <p class='ocr_par' dir='ltr' id='par_1_57' title="bbox 160 3235 1709 3312">
     <span class='ocr_line' id='line_1_57' title="bbox 160 3235 1709 3312; baseline 0.003 -24"><span class='ocrx_word' id='word_1_428' title='bbox 160 3235 259 3308; x_wconf 56' lang='grc' dir='ltr'>ἔθνη</span> <span class='ocrx_word' id='word_1_429' title='bbox 279 3278 292 3301; x_wconf 87' lang='grc'><strong>,</strong></span> <span class='ocrx_word' id='word_1_430' title='bbox 319 3241 406 3293; x_wconf 75' lang='grc' dir='ltr'>καὶ</span> <span class='ocrx_word' id='word_1_431' title='bbox 434 3240 816 3312; x_wconf 53' lang='grc' dir='ltr'>επησενίὸρια</span> <span class='ocrx_word' id='word_1_432' title='bbox 843 3240 1012 3294; x_wconf 78' lang='grc' dir='ltr'>ἐθνῶν</span> <span class='ocrx_word' id='word_1_433' title='bbox 1037 3242 1178 3294; x_wconf 77' lang='grc' dir='ltr'>κατὰ</span> <span class='ocrx_word' id='word_1_434' title='bbox 1200 3240 1434 3312; x_wconf 82' lang='grc' dir='ltr'>ἀριθμὸν</span> <span class='ocrx_word' id='word_1_435' title='bbox 1460 3239 1709 3309; x_wconf 83' lang='grc' dir='ltr'>ἀγγέλων</span> 
     </span>
    </p>
   </div>
   <div class='ocr_carea' id='block_1_58' title="bbox 158 3328 1711 3404">
    <p class='ocr_par' dir='ltr' id='par_1_58' title="bbox 158 3328 1711 3404">
     <span class='ocr_line' id='line_1_58' title="bbox 158 3328 1711 3404; baseline 0.003 -25"><span class='ocrx_word' id='word_1_436' title='bbox 158 3328 320 3382; x_wconf 66' lang='grc' dir='ltr'>αὑτοῦ*</span> <span class='ocrx_word' id='word_1_437' title='bbox 353 3333 408 3388; x_wconf 77' lang='grc' dir='ltr'>ὲν</span> <span class='ocrx_word' id='word_1_438' title='bbox 450 3333 507 3386; x_wconf 84' lang='grc' dir='ltr'>δὲ</span> <span class='ocrx_word' id='word_1_439' title='bbox 547 3331 633 3404; x_wconf 82' lang='grc' dir='ltr'><strong>τῷ</strong></span> <span class='ocrx_word' id='word_1_440' title='bbox 675 3331 1000 3404; x_wconf 85' lang='grc' dir='ltr'>θεραπεύειν</span> <span class='ocrx_word' id='word_1_441' title='bbox 1032 3334 1179 3404; x_wconf 79' lang='grc' dir='ltr'>ἡμᾶς</span> <span class='ocrx_word' id='word_1_442' title='bbox 1217 3334 1344 3396; x_wconf 84' lang='grc' dir='ltr'>τοὺς</span> <span class='ocrx_word' id='word_1_443' title='bbox 1374 3331 1711 3403; x_wconf 78' lang='grc' dir='ltr'>ἡγουμένους</span> 
     </span>
    </p>
   </div>
   <div class='ocr_carea' id='block_1_59' title="bbox 157 3414 1708 3494">
    <p class='ocr_par' dir='ltr' id='par_1_59' title="bbox 157 3414 1708 3494">
     <span class='ocr_line' id='line_1_59' title="bbox 157 3414 1708 3494; baseline 0.004 -25"><span class='ocrx_word' id='word_1_444' title='bbox 157 3414 284 3485; x_wconf 72' lang='grc' dir='ltr'>ἡμῶν</span> <span class='ocrx_word' id='word_1_445' title='bbox 324 3421 618 3489; x_wconf 78' lang='grc' dir='ltr'>ἀγγέλους,</span> <span class='ocrx_word' id='word_1_446' title='bbox 649 3424 708 3474; x_wconf 83' lang='grc' dir='ltr'>ὲν</span> <span class='ocrx_word' id='word_1_447' title='bbox 735 3422 816 3492; x_wconf 82' lang='grc' dir='ltr'>τῷ</span> <span class='ocrx_word' id='word_1_448' title='bbox 848 3421 1114 3494; x_wconf 82' lang='grc' dir='ltr'>θελήματι</span> <span class='ocrx_word' id='word_1_449' title='bbox 1145 3421 1238 3475; x_wconf 81' lang='grc' dir='ltr'>τοῦ</span> <span class='ocrx_word' id='word_1_450' title='bbox 1277 3421 1485 3493; x_wconf 86' lang='grc' dir='ltr'>Κυρίου</span> <span class='ocrx_word' id='word_1_451' title='bbox 1505 3461 1520 3486; x_wconf 86' lang='grc'><strong>,</strong></span> <span class='ocrx_word' id='word_1_452' title='bbox 1554 3423 1613 3475; x_wconf 85' lang='grc' dir='ltr'>ὲν</span> <span class='ocrx_word' id='word_1_453' title='bbox 1638 3424 1708 3493; x_wconf 76' lang='grc' dir='ltr'>τῇ</span> 
     </span>
    </p>
   </div>
   <div class='ocr_carea' id='block_1_60' title="bbox 1810 3050 3395 3124">
    <p class='ocr_par' dir='ltr' id='par_1_60' title="bbox 1810 3050 3395 3124">
     <span class='ocr_line' id='line_1_60' title="bbox 1810 3050 3395 3124; baseline -0.001 -15"><span class='ocrx_word' id='word_1_454' title='bbox 1810 3053 2178 3109; x_wconf 87' lang='lat' dir='ltr'><strong>demeremur.</strong></span> <span class='ocrx_word' id='word_1_455' title='bbox 2229 3050 2336 3123; x_wconf 87' lang='lat' dir='ltr'><strong>ipsi</strong></span> <span class='ocrx_word' id='word_1_456' title='bbox 2384 3051 2549 3107; x_wconf 85' lang='lat' dir='ltr'><strong>duces</strong></span> <span class='ocrx_word' id='word_1_457' title='bbox 2595 3053 2770 3108; x_wconf 85' lang='lat' dir='ltr'><strong>nostri</strong></span> <span class='ocrx_word' id='word_1_458' title='bbox 2834 3063 2984 3120; x_wconf 88' lang='lat' dir='ltr'><strong>sunt,</strong></span> <span class='ocrx_word' id='word_1_459' title='bbox 3039 3063 3291 3124; x_wconf 88' lang='lat' dir='ltr'><strong>suscepta</strong></span> <span class='ocrx_word' id='word_1_460' title='bbox 3325 3055 3395 3109; x_wconf 87' lang='lat' dir='ltr'><strong>ab</strong></span> 
     </span>
    </p>
   </div>
   <div class='ocr_carea' id='block_1_61' title="bbox 1809 3144 3396 3216">
    <p class='ocr_par' dir='ltr' id='par_1_61' title="bbox 1809 3144 3396 3216">
     <span class='ocr_line' id='line_1_61' title="bbox 1809 3144 3396 3216; baseline 0.001 -16"><span class='ocrx_word' id='word_1_461' title='bbox 1809 3145 1963 3200; x_wconf 87' lang='lat' dir='ltr'><strong>initio</strong></span> <span class='ocrx_word' id='word_1_462' title='bbox 1993 3144 2157 3200; x_wconf 88' lang='lat' dir='ltr'><strong>tutela</strong></span> <span class='ocrx_word' id='word_1_463' title='bbox 2195 3154 2402 3209; x_wconf 88' lang='lat' dir='ltr'><strong>nostra,</strong></span> <span class='ocrx_word' id='word_1_464' title='bbox 2441 3158 2567 3200; x_wconf 90' lang='lat' dir='ltr'><strong>cum</strong></span> <span class='ocrx_word' id='word_1_465' title='bbox 2602 3144 2884 3201; x_wconf 82' lang='lat' dir='ltr'><strong>dividebat</strong></span> <span class='ocrx_word' id='word_1_466' title='bbox 2916 3145 3234 3202; x_wconf 81' lang='lat' dir='ltr'><strong>Altissimus</strong></span> <span class='ocrx_word' id='word_1_467' title='bbox 3265 3161 3396 3216; x_wconf 82' lang='lat' dir='ltr'><strong>gen-</strong></span> 
     </span>
    </p>
   </div>
   <div class='ocr_carea' id='block_1_62' title="bbox 1809 3235 3394 3305">
    <p class='ocr_par' dir='ltr' id='par_1_62' title="bbox 1809 3235 3394 3305">
     <span class='ocr_line' id='line_1_62' title="bbox 1809 3235 3394 3305; baseline 0 -13"><span class='ocrx_word' id='word_1_468' title='bbox 1809 3247 1914 3302; x_wconf 85' lang='lat' dir='ltr'><strong>tes,</strong></span> <span class='ocrx_word' id='word_1_469' title='bbox 1943 3236 2322 3304; x_wconf 88' lang='lat' dir='ltr'><strong>statuebatque</strong></span> <span class='ocrx_word' id='word_1_470' title='bbox 2351 3235 2490 3291; x_wconf 79' lang='lat' dir='ltr'><strong>fines</strong></span> <span class='ocrx_word' id='word_1_471' title='bbox 2518 3235 2840 3305; x_wconf 87' lang='lat' dir='ltr'><strong>populorum</strong></span> <span class='ocrx_word' id='word_1_472' title='bbox 2873 3237 3172 3292; x_wconf 87' lang='lat' dir='ltr'><strong>secundum</strong></span> <span class='ocrx_word' id='word_1_473' title='bbox 3201 3252 3394 3292; x_wconf 88' lang='lat' dir='ltr'><strong>nume-</strong></span> 
     </span>
    </p>
   </div>
   <div class='ocr_carea' id='block_1_63' title="bbox 1809 3325 3394 3398">
    <p class='ocr_par' dir='ltr' id='par_1_63' title="bbox 1809 3325 3394 3398">
     <span class='ocr_line' id='line_1_63' title="bbox 1809 3325 3394 3398; baseline 0.001 -15"><span class='ocrx_word' id='word_1_474' title='bbox 1809 3342 1928 3383; x_wconf 87' lang='lat' dir='ltr'><strong>rum</strong></span> <span class='ocrx_word' id='word_1_475' title='bbox 1962 3326 2274 3398; x_wconf 77' lang='lat' dir='ltr'><strong>angelorum</strong></span> <span class='ocrx_word' id='word_1_476' title='bbox 2326 3325 2442 3382; x_wconf 89' lang='lat' dir='ltr'><strong>Dei.</strong></span> <span class='ocrx_word' id='word_1_477' title='bbox 2479 3326 2594 3398; x_wconf 74' lang='lat' dir='ltr'><strong>Age</strong></span> <span class='ocrx_word' id='word_1_478' title='bbox 2651 3341 2784 3382; x_wconf 85' lang='lat' dir='ltr'><strong>vero</strong></span> <span class='ocrx_word' id='word_1_479' title='bbox 2833 3328 3172 3384; x_wconf 88' lang='lat' dir='ltr'><strong>demerendo</strong></span> <span class='ocrx_word' id='word_1_480' title='bbox 3227 3329 3394 3385; x_wconf 85' lang='lat' dir='ltr'><strong>duces</strong></span> 
     </span>
    </p>
   </div>
   <div class='ocr_carea' id='block_1_64' title="bbox 1808 3418 3390 3490">
    <p class='ocr_par' dir='ltr' id='par_1_64' title="bbox 1808 3418 3390 3490">
     <span class='ocr_line' id='line_1_64' title="bbox 1808 3418 3390 3490; baseline 0.001 -17"><span class='ocrx_word' id='word_1_481' title='bbox 1808 3425 2025 3474; x_wconf 86' lang='lat' dir='ltr'><strong>nostros</strong></span> <span class='ocrx_word' id='word_1_482' title='bbox 2054 3418 2301 3489; x_wconf 77' lang='lat' dir='ltr'><strong>angelos,</strong></span> <span class='ocrx_word' id='word_1_483' title='bbox 2329 3418 2658 3487; x_wconf 90' lang='lat' dir='ltr'><strong>Dominique</strong></span> <span class='ocrx_word' id='word_1_484' title='bbox 2701 3419 2980 3475; x_wconf 82' lang='lat' dir='ltr'><strong>voluntate</strong></span> <span class='ocrx_word' id='word_1_485' title='bbox 3025 3420 3390 3490; x_wconf 85' lang='lat' dir='ltr'><strong>adimplenda,</strong></span> 
     </span>
    </p>
   </div>
   <div class='ocr_carea' id='block_1_65' title="bbox 155 3508 1708 3586">
    <p class='ocr_par' dir='ltr' id='par_1_65' title="bbox 155 3508 1708 3586">
     <span class='ocr_line' id='line_1_65' title="bbox 155 3508 1708 3586; baseline 0.002 -21"><span class='ocrx_word' id='word_1_486' title='bbox 155 3508 299 3577; x_wconf 71' lang='grc' dir='ltr'>κρίσει</span> <span class='ocrx_word' id='word_1_487' title='bbox 337 3511 541 3568; x_wconf 86' lang='grc' dir='ltr'>δίκαιον</span> <span class='ocrx_word' id='word_1_488' title='bbox 600 3512 834 3585; x_wconf 77' lang='grc' dir='ltr'>ὑπάρξει</span> <span class='ocrx_word' id='word_1_489' title='bbox 879 3516 1013 3585; x_wconf 78' lang='grc' dir='ltr'>ἡμῖν</span> <span class='ocrx_word' id='word_1_490' title='bbox 1065 3513 1218 3585; x_wconf 83' lang='grc' dir='ltr'>παρὰ</span> <span class='ocrx_word' id='word_1_491' title='bbox 1269 3513 1364 3568; x_wconf 81' lang='grc' dir='ltr'>τοῦ</span> <span class='ocrx_word' id='word_1_492' title='bbox 1399 3514 1607 3586; x_wconf 80' lang='grc' dir='ltr'>Κυρίου</span> <span class='ocrx_word' id='word_1_493' title='bbox 1652 3514 1708 3568; x_wconf 77' lang='grc' dir='ltr'>ἐν</span> 
     </span>
    </p>
   </div>
   <div class='ocr_carea' id='block_1_66' title="bbox 1823 3508 3390 3586">
    <p class='ocr_par' dir='ltr' id='par_1_66' title="bbox 1830 3509 3390 3584">
     <span class='ocr_line' id='line_1_66' title="bbox 1830 3509 3390 3584; baseline 0.003 -20"><span class='ocrx_word' id='word_1_494' title='bbox 1830 3520 2009 3565; x_wconf 88' lang='lat' dir='ltr'><strong>ustum</strong></span> <span class='ocrx_word' id='word_1_495' title='bbox 2025 3526 2055 3564; x_wconf 78' lang='grc' dir='ltr'><strong>ιι</strong></span> <span class='ocrx_word' id='word_1_496' title='bbox 2079 3509 2311 3565; x_wconf 90' lang='lat' dir='ltr'><strong>Domino</strong></span> <span class='ocrx_word' id='word_1_497' title='bbox 2323 3511 2605 3581; x_wconf 62' lang='lat' dir='ltr'><strong>praemium</strong></span> <span class='ocrx_word' id='word_1_498' title='bbox 2620 3511 2708 3565; x_wconf 89' lang='lat' dir='ltr'><strong>illa</strong></span> <span class='ocrx_word' id='word_1_499' title='bbox 2725 3511 2815 3567; x_wconf 89' lang='lat' dir='ltr'><strong>die</strong></span> <span class='ocrx_word' id='word_1_500' title='bbox 2833 3527 3252 3582; x_wconf 86' lang='lat' dir='ltr'><strong>consequemur,</strong></span> <span class='ocrx_word' id='word_1_501' title='bbox 3285 3529 3390 3584; x_wconf 85' lang='lat' dir='ltr'><strong>qua</strong></span> 
     </span>
    </p>
   </div>
   <div class='ocr_carea' id='block_1_67' title="bbox 155 3599 1713 3682">
    <p class='ocr_par' dir='ltr' id='par_1_67' title="bbox 155 3599 1713 3682">
     <span class='ocr_line' id='line_1_67' title="bbox 155 3599 1713 3682; baseline 0.004 -29"><span class='ocrx_word' id='word_1_502' title='bbox 155 3599 307 3674; x_wconf 77' lang='grc' dir='ltr'>ἐκείνῃ</span> <span class='ocrx_word' id='word_1_503' title='bbox 335 3606 405 3682; x_wconf 66' lang='grc' dir='ltr'><strong>,τῇ</strong></span> <span class='ocrx_word' id='word_1_504' title='bbox 437 3605 664 3676; x_wconf 69' lang='grc' dir='ltr'>ἡμέρᾳ,</span> <span class='ocrx_word' id='word_1_505' title='bbox 695 3607 785 3659; x_wconf 83' lang='grc' dir='ltr'><strong>ὅτε</strong></span> <span class='ocrx_word' id='word_1_506' title='bbox 821 3608 999 3677; x_wconf 86' lang='grc' dir='ltr'>κρινεῖ</span> <span class='ocrx_word' id='word_1_507' title='bbox 1027 3605 1129 3676; x_wconf 80' lang='grc' dir='ltr'>τὴν</span> <span class='ocrx_word' id='word_1_508' title='bbox 1169 3606 1495 3677; x_wconf 73' lang='grc' dir='ltr'>οἰκουμένην</span> <span class='ocrx_word' id='word_1_509' title='bbox 1537 3607 1598 3659; x_wconf 80' lang='grc' dir='ltr'>ὲν</span> <span class='ocrx_word' id='word_1_510' title='bbox 1633 3605 1713 3659; x_wconf 77' lang='grc' dir='ltr'>δισ-</span> 
     </span>
    </p>
   </div>
   <div class='ocr_carea' id='block_1_68' title="bbox 153 3695 1714 3769">
    <p class='ocr_par' dir='ltr' id='par_1_68' title="bbox 153 3695 1714 3769">
     <span class='ocr_line' id='line_1_68' title="bbox 153 3695 1714 3769; baseline 0.006 -26"><span class='ocrx_word' id='word_1_511' title='bbox 153 3708 376 3768; x_wconf 71' lang='grc' dir='ltr'>ιιαιοσυνῃι</span> <span class='ocrx_word' id='word_1_512' title='bbox 447 3695 503 3750; x_wconf 74' lang='grc' dir='ltr'>εἴ</span> <span class='ocrx_word' id='word_1_513' title='bbox 542 3713 615 3766; x_wconf 90' lang='grc' dir='ltr'><strong>γε</strong></span> <span class='ocrx_word' id='word_1_514' title='bbox 648 3699 825 3750; x_wconf 81' lang='grc' dir='ltr'>πᾶσαν</span> <span class='ocrx_word' id='word_1_515' title='bbox 859 3696 958 3769; x_wconf 78' lang='grc' dir='ltr'>τὴν</span> <span class='ocrx_word' id='word_1_516' title='bbox 991 3695 1173 3767; x_wconf 80' lang='grc' dir='ltr'>κρίσιν</span> <span class='ocrx_word' id='word_1_517' title='bbox 1216 3698 1246 3750; x_wconf 94' lang='lat'><strong>6</strong></span> <span class='ocrx_word' id='word_1_518' title='bbox 1287 3697 1480 3768; x_wconf 80' lang='grc' dir='ltr'>Πατὴρ</span> <span class='ocrx_word' id='word_1_519' title='bbox 1511 3696 1714 3754; x_wconf 85' lang='grc' dir='ltr'>δέδωκε</span> 
     </span>
    </p>
   </div>
   <div class='ocr_carea' id='block_1_69' title="bbox 153 3779 358 3855">
    <p class='ocr_par' dir='ltr' id='par_1_69' title="bbox 153 3779 358 3855">
     <span class='ocr_line' id='line_1_69' title="bbox 153 3779 358 3855; baseline 0.034 -21"><span class='ocrx_word' id='word_1_520' title='bbox 153 3779 212 3850; x_wconf 74' lang='grc' dir='ltr'><strong>τῷ</strong></span> <span class='ocrx_word' id='word_1_521' title='bbox 237 3781 358 3855; x_wconf 67' lang='grc' dir='ltr'>τεῷ.</span> 
     </span>
    </p>
   </div>
   <div class='ocr_carea' id='block_1_70' title="bbox 1808 3602 3392 3678">
    <p class='ocr_par' dir='ltr' id='par_1_70' title="bbox 1808 3602 3392 3678">
     <span class='ocr_line' id='line_1_70' title="bbox 1808 3602 3392 3678; baseline 0.002 -20"><span class='ocrx_word' id='word_1_522' title='bbox 1808 3604 2070 3658; x_wconf 88' lang='lat' dir='ltr'><strong>mundum</strong></span> <span class='ocrx_word' id='word_1_523' title='bbox 2145 3602 2412 3673; x_wconf 77' lang='lat' dir='ltr'><strong>iudicabit</strong></span> <span class='ocrx_word' id='word_1_524' title='bbox 2476 3620 2596 3660; x_wconf 87' lang='lat' dir='ltr'><strong>cum</strong></span> <span class='ocrx_word' id='word_1_525' title='bbox 2648 3605 2906 3674; x_wconf 76' lang='lat' dir='ltr'><strong>iustitia:</strong></span> <span class='ocrx_word' id='word_1_526' title='bbox 2949 3607 3392 3678; x_wconf 86' lang='lat' dir='ltr'><strong>quandoquidem</strong></span> 
     </span>
    </p>
   </div>
   <div class='ocr_carea' id='block_1_71' title="bbox 1809 3691 2894 3764">
    <p class='ocr_par' dir='ltr' id='par_1_71' title="bbox 1809 3691 2894 3764">
     <span class='ocr_line' id='line_1_71' title="bbox 1809 3691 2894 3764; baseline -0.001 -12"><span class='ocrx_word' id='word_1_527' title='bbox 1809 3709 1971 3756; x_wconf 87' lang='lat' dir='ltr'><strong>omne</strong></span> <span class='ocrx_word' id='word_1_528' title='bbox 1994 3692 2263 3764; x_wconf 83' lang='lat' dir='ltr'><strong>judicium</strong></span> <span class='ocrx_word' id='word_1_529' title='bbox 2286 3691 2447 3750; x_wconf 86' lang='lat' dir='ltr'><strong>Pater</strong></span> <span class='ocrx_word' id='word_1_530' title='bbox 2474 3694 2617 3752; x_wconf 88' lang='lat' dir='ltr'><strong>Filio</strong></span> <span class='ocrx_word' id='word_1_531' title='bbox 2648 3695 2894 3752; x_wconf 88' lang='lat' dir='ltr'><strong>tradidit.</strong></span> 
     </span>
    </p>
   </div>
   <div class='ocr_carea' id='block_1_72' title="bbox 1563 3874 1953 3935">
    <p class='ocr_par' dir='ltr' id='par_1_72' title="bbox 1563 3874 1953 3935">
     <span class='ocr_line' id='line_1_72' title="bbox 1563 3874 1953 3935; baseline -0.015 0"><span class='ocrx_word' id='word_1_532' title='bbox 1563 3877 1718 3935; x_wconf 81' lang='lat' dir='ltr'><strong>CAP.</strong></span> <span class='ocrx_word' id='word_1_533' title='bbox 1757 3874 1953 3934; x_wconf 77' lang='lat' dir='ltr'><strong>XXXI.</strong></span> 
     </span>
    </p>
   </div>
   <div class='ocr_carea' id='block_1_73' title="bbox 215 3967 1705 4046">
    <p class='ocr_par' dir='ltr' id='par_1_73' title="bbox 215 3967 1705 4046">
     <span class='ocr_line' id='line_1_73' title="bbox 215 3967 1705 4046; baseline 0.003 -26"><span class='ocrx_word' id='word_1_534' title='bbox 215 3967 437 4042; x_wconf 80' lang='grc' dir='ltr'>Ἀνδρεία</span> <span class='ocrx_word' id='word_1_535' title='bbox 482 3973 639 4025; x_wconf 76' lang='grc' dir='ltr'>ἐστὶν</span> <span class='ocrx_word' id='word_1_536' title='bbox 677 3972 790 4039; x_wconf 72' lang='grc' dir='ltr'>ἕξις</span> <span class='ocrx_word' id='word_1_537' title='bbox 821 3972 1018 4046; x_wconf 80' lang='grc' dir='ltr'>ἀρίστη</span> <span class='ocrx_word' id='word_1_538' title='bbox 1049 3972 1275 4044; x_wconf 78' lang='grc' dir='ltr'>λογικῆς</span> <span class='ocrx_word' id='word_1_539' title='bbox 1316 3970 1527 4043; x_wconf 78' lang='grc' dir='ltr'>ψυχῆς,</span> <span class='ocrx_word' id='word_1_540' title='bbox 1581 3969 1705 4025; x_wconf 79' lang='grc' dir='ltr'>καθ’</span> 
     </span>
    </p>
   </div>
   <div class='ocr_carea' id='block_1_74' title="bbox 149 4057 1540 4139">
    <p class='ocr_par' dir='ltr' id='par_1_74' title="bbox 149 4057 1540 4139">
     <span class='ocr_line' id='line_1_74' title="bbox 149 4057 1540 4139; baseline -0.002 -19"><span class='ocrx_word' id='word_1_541' title='bbox 149 4057 200 4129; x_wconf 65' lang='grc' dir='ltr'>ἢν</span> <span class='ocrx_word' id='word_1_542' title='bbox 221 4061 314 4115; x_wconf 82' lang='grc' dir='ltr'><strong>τῶν</strong></span> <span class='ocrx_word' id='word_1_543' title='bbox 340 4065 741 4138; x_wconf 81' lang='grc' dir='ltr'>ἀντικειμένων</span> <span class='ocrx_word' id='word_1_544' title='bbox 768 4065 906 4137; x_wconf 74' lang='grc' dir='ltr'>αὕτη</span> <span class='ocrx_word' id='word_1_545' title='bbox 935 4066 1276 4139; x_wconf 80' lang='grc' dir='ltr'>κεκράτηκεν</span> <span class='ocrx_word' id='word_1_546' title='bbox 1308 4063 1540 4136; x_wconf 77' lang='grc' dir='ltr'>ἐχθρῶν.</span> 
     </span>
    </p>
   </div>
   <div class='ocr_carea' id='block_1_75' title="bbox 201 4153 1704 4230">
    <p class='ocr_par' dir='ltr' id='par_1_75' title="bbox 201 4153 1704 4230">
     <span class='ocr_line' id='line_1_75' title="bbox 201 4153 1704 4230; baseline 0.002 -26"><span class='ocrx_word' id='word_1_547' title='bbox 201 4153 519 4227; x_wconf 85' lang='grc' dir='ltr'>Νικήσαντες</span> <span class='ocrx_word' id='word_1_548' title='bbox 544 4159 652 4230; x_wconf 85' lang='grc' dir='ltr'>τὴν</span> <span class='ocrx_word' id='word_1_549' title='bbox 675 4159 1063 4228; x_wconf 83' lang='grc' dir='ltr'>’ἀντικειμένην</span> <span class='ocrx_word' id='word_1_550' title='bbox 1091 4157 1341 4229; x_wconf 86' lang='grc' dir='ltr'>δύναμιν,</span> <span class='ocrx_word' id='word_1_551' title='bbox 1373 4154 1704 4226; x_wconf 84' lang='grc' dir='ltr'>σκυλεύομεν</span> 
     </span>
    </p>
   </div>
   <div class='ocr_carea' id='block_1_76' title="bbox 147 4242 1706 4324">
    <p class='ocr_par' dir='ltr' id='par_1_76' title="bbox 147 4242 1706 4324">
     <span class='ocr_line' id='line_1_76' title="bbox 147 4242 1706 4324; baseline -0.001 -24"><span class='ocrx_word' id='word_1_552' title='bbox 147 4242 302 4316; x_wconf 69' lang='grc' dir='ltr'>αὐτὴν,</span> <span class='ocrx_word' id='word_1_553' title='bbox 337 4250 463 4314; x_wconf 82' lang='grc' dir='ltr'>τοὺς</span> <span class='ocrx_word' id='word_1_554' title='bbox 495 4250 635 4324; x_wconf 74' lang='grc' dir='ltr'>περὶ</span> <span class='ocrx_word' id='word_1_555' title='bbox 666 4250 839 4320; x_wconf 80' lang='grc' dir='ltr'>αὐτῆς</span> <span class='ocrx_word' id='word_1_556' title='bbox 868 4250 1062 4318; x_wconf 83' lang='grc' dir='ltr'>λόγους</span> <span class='ocrx_word' id='word_1_557' title='bbox 1092 4249 1454 4321; x_wconf 84' lang='grc' dir='ltr'>μανθάνοντες</span> <span class='ocrx_word' id='word_1_558' title='bbox 1477 4265 1491 4279; x_wconf 75' lang='grc' dir='ltr'><strong>ο</strong></span> <span class='ocrx_word' id='word_1_559' title='bbox 1525 4247 1610 4300; x_wconf 79' lang='grc' dir='ltr'>ἵνα</span> <span class='ocrx_word' id='word_1_560' title='bbox 1637 4245 1706 4299; x_wconf 84' lang='grc' dir='ltr'>τὰ</span> 
     </span>
    </p>
   </div>
   <div class='ocr_carea' id='block_1_77' title="bbox 147 4338 1708 4413">
    <p class='ocr_par' dir='ltr' id='par_1_77' title="bbox 147 4338 1708 4413">
     <span class='ocr_line' id='line_1_77' title="bbox 147 4338 1708 4413; baseline 0.003 -26"><span class='ocrx_word' id='word_1_561' title='bbox 147 4338 246 4387; x_wconf 79' lang='grc' dir='ltr'>κατ’</span> <span class='ocrx_word' id='word_1_562' title='bbox 270 4341 430 4395; x_wconf 70' lang='grc' dir='ltr'>αὐτὴν</span> <span class='ocrx_word' id='word_1_563' title='bbox 461 4342 650 4412; x_wconf 80' lang='grc' dir='ltr'>φαῦλα</span> <span class='ocrx_word' id='word_1_564' title='bbox 677 4341 812 4413; x_wconf 81' lang='grc' dir='ltr'>δῆλα</span> <span class='ocrx_word' id='word_1_565' title='bbox 836 4343 1159 4413; x_wconf 78' lang='grc' dir='ltr'>ποιήσαντες</span> <span class='ocrx_word' id='word_1_566' title='bbox 1181 4382 1195 4407; x_wconf 90' lang='grc'><strong>,</strong></span> <span class='ocrx_word' id='word_1_567' title='bbox 1228 4340 1580 4408; x_wconf 82' lang='grc' dir='ltr'>ἀπαγίδευτοι</span> <span class='ocrx_word' id='word_1_568' title='bbox 1608 4339 1708 4412; x_wconf 79' lang='grc' dir='ltr'><strong>μὲ-</strong></span> 
     </span>
    </p>
   </div>
   <div class='ocr_carea' id='block_1_78' title="bbox 150 4431 1707 4506">
    <p class='ocr_par' dir='ltr' id='par_1_78' title="bbox 150 4431 1707 4506">
     <span class='ocr_line' id='line_1_78' title="bbox 150 4431 1707 4506; baseline -0.002 -18"><span class='ocrx_word' id='word_1_569' title='bbox 150 4443 275 4494; x_wconf 81' lang='grc' dir='ltr'>νωσι,</span> <span class='ocrx_word' id='word_1_570' title='bbox 303 4437 374 4506; x_wconf 79' lang='grc' dir='ltr'>μή</span> <span class='ocrx_word' id='word_1_571' title='bbox 401 4437 643 4506; x_wconf 53' lang='grc' dir='ltr'>μόνονλοί</span> <span class='ocrx_word' id='word_1_572' title='bbox 667 4434 1046 4506; x_wconf 84' lang='grc' dir='ltr'>ἁπλούστεροι,</span> <span class='ocrx_word' id='word_1_573' title='bbox 1078 4432 1212 4486; x_wconf 81' lang='grc' dir='ltr'>ἀλλὰ</span> <span class='ocrx_word' id='word_1_574' title='bbox 1237 4432 1329 4485; x_wconf 79' lang='grc' dir='ltr'>καὶ</span> <span class='ocrx_word' id='word_1_575' title='bbox 1352 4433 1400 4485; x_wconf 79' lang='lat' dir='ltr'><strong>oi</strong></span> <span class='ocrx_word' id='word_1_576' title='bbox 1430 4431 1707 4501; x_wconf 87' lang='grc' dir='ltr'>συλλαγω-</span> 
     </span>
    </p>
   </div>
   <div class='ocr_carea' id='block_1_79' title="bbox 147 4520 1318 4598">
    <p class='ocr_par' dir='ltr' id='par_1_79' title="bbox 147 4520 1318 4598">
     <span class='ocr_line' id='line_1_79' title="bbox 147 4520 1318 4598; baseline 0.003 -25"><span class='ocrx_word' id='word_1_577' title='bbox 147 4520 370 4589; x_wconf 81' lang='grc' dir='ltr'>γηθέντες</span> <span class='ocrx_word' id='word_1_578' title='bbox 402 4526 606 4598; x_wconf 69' lang='grc' dir='ltr'>ῥαδίως</span> <span class='ocrx_word' id='word_1_579' title='bbox 643 4525 982 4594; x_wconf 77' lang='grc' dir='ltr'>ὲκφεύγωσιν</span> <span class='ocrx_word' id='word_1_580' title='bbox 1009 4526 1104 4578; x_wconf 82' lang='grc' dir='ltr'><strong>ἀπ’</strong></span> <span class='ocrx_word' id='word_1_581' title='bbox 1128 4524 1318 4594; x_wconf 79' lang='grc' dir='ltr'>αὐτῆς.</span> 
     </span>
    </p>
   </div>
   <div class='ocr_carea' id='block_1_80' title="bbox 199 4612 1709 4688">
    <p class='ocr_par' dir='ltr' id='par_1_80' title="bbox 199 4612 1709 4688">
     <span class='ocr_line' id='line_1_80' title="bbox 199 4612 1709 4688; baseline 0.003 -22"><span class='ocrx_word' id='word_1_582' title='bbox 199 4612 466 4686; x_wconf 77' lang='grc' dir='ltr'>Μηρύεται</span> <span class='ocrx_word' id='word_1_583' title='bbox 491 4617 556 4670; x_wconf 85' lang='grc' dir='ltr'><strong>τὸ</strong></span> <span class='ocrx_word' id='word_1_584' title='bbox 581 4615 731 4688; x_wconf 73' lang='grc' dir='ltr'>ἔριον</span> <span class='ocrx_word' id='word_1_585' title='bbox 751 4617 852 4669; x_wconf 68' lang='grc' dir='ltr'>καὶ</span> <span class='ocrx_word' id='word_1_586' title='bbox 871 4613 1014 4670; x_wconf 87' lang='grc' dir='ltr'>λίνον</span> <span class='ocrx_word' id='word_1_587' title='bbox 1040 4614 1206 4686; x_wconf 76' lang='grc' dir='ltr'>ψυχὴ,</span> <span class='ocrx_word' id='word_1_588' title='bbox 1232 4616 1360 4679; x_wconf 84' lang='grc' dir='ltr'>τοὺς</span> <span class='ocrx_word' id='word_1_589' title='bbox 1381 4615 1508 4684; x_wconf 80' lang='grc' dir='ltr'>περὶ</span> <span class='ocrx_word' id='word_1_590' title='bbox 1533 4615 1709 4687; x_wconf 73' lang='grc' dir='ltr'>ἐμψύ-</span> 
     </span>
    </p>
   </div>
   <div class='ocr_carea' id='block_1_81' title="bbox 148 4703 1709 4777">
    <p class='ocr_par' dir='ltr' id='par_1_81' title="bbox 148 4703 1709 4777">
     <span class='ocr_line' id='line_1_81' title="bbox 148 4703 1709 4777; baseline 0.001 -25"><span class='ocrx_word' id='word_1_591' title='bbox 148 4717 234 4768; x_wconf 78' lang='grc' dir='ltr'><strong>χων</strong></span> <span class='ocrx_word' id='word_1_592' title='bbox 273 4707 362 4756; x_wconf 75' lang='grc' dir='ltr'>καὶ</span> <span class='ocrx_word' id='word_1_593' title='bbox 409 4705 646 4777; x_wconf 64' lang='grc' dir='ltr'>ἀψύχων</span> <span class='ocrx_word' id='word_1_594' title='bbox 691 4704 882 4774; x_wconf 81' lang='grc' dir='ltr'>λόγους</span> <span class='ocrx_word' id='word_1_595' title='bbox 919 4703 1304 4774; x_wconf 79' lang='grc' dir='ltr'>γυμνάζουσα·</span> <span class='ocrx_word' id='word_1_596' title='bbox 1355 4703 1388 4775; x_wconf 84' lang='grc' dir='ltr'>ἢ</span> <span class='ocrx_word' id='word_1_597' title='bbox 1420 4704 1548 4767; x_wconf 76' lang='grc' dir='ltr'>τοὺς</span> <span class='ocrx_word' id='word_1_598' title='bbox 1579 4705 1709 4777; x_wconf 74' lang='grc' dir='ltr'>περὶ</span> 
     </span>
    </p>
   </div>
   <div class='ocr_carea' id='block_1_82' title="bbox 149 4796 1704 4869">
    <p class='ocr_par' dir='ltr' id='par_1_82' title="bbox 149 4796 1704 4869">
     <span class='ocr_line' id='line_1_82' title="bbox 149 4796 1704 4869; baseline 0.012 -22"><span class='ocrx_word' id='word_1_599' title='bbox 149 4797 422 4868; x_wconf 76' lang='grc' dir='ltr'>πρακτικῆς</span> <span class='ocrx_word' id='word_1_600' title='bbox 469 4801 569 4853; x_wconf 77' lang='grc' dir='ltr'><strong>καὶ</strong></span> <span class='ocrx_word' id='word_1_601' title='bbox 616 4798 852 4868; x_wconf 78' lang='grc' dir='ltr'>φυσικῆς</span> <span class='ocrx_word' id='word_1_602' title='bbox 895 4797 1225 4864; x_wconf 74' lang='grc' dir='ltr'>ὲξετάζουσα</span> <span class='ocrx_word' id='word_1_603' title='bbox 1271 4797 1466 4865; x_wconf 83' lang='grc' dir='ltr'>λόγους</span> <span class='ocrx_word' id='word_1_604' title='bbox 1487 4812 1503 4829; x_wconf 85' lang='grc'><strong><em>⁸</em></strong></span> <span class='ocrx_word' id='word_1_605' title='bbox 1543 4796 1704 4869; x_wconf 70' lang='grc' dir='ltr'><strong>ἧτὴν</strong></span> 
     </span>
    </p>
   </div>
   <div class='ocr_carea' id='block_1_83' title="bbox 147 4889 1706 4962">
    <p class='ocr_par' dir='ltr' id='par_1_83' title="bbox 147 4889 1706 4962">
     <span class='ocr_line' id='line_1_83' title="bbox 147 4889 1706 4962; baseline 0.003 -25"><span class='ocrx_word' id='word_1_606' title='bbox 147 4889 250 4958; x_wconf 70' lang='grc' dir='ltr'>περὶ</span> <span class='ocrx_word' id='word_1_607' title='bbox 266 4891 532 4960; x_wconf 77' lang='grc' dir='ltr'>σωμάτων</span> <span class='ocrx_word' id='word_1_608' title='bbox 555 4892 654 4948; x_wconf 72' lang='grc' dir='ltr'>καὶ</span> <span class='ocrx_word' id='word_1_609' title='bbox 674 4891 982 4962; x_wconf 86' lang='grc' dir='ltr'>ἀσωμάτων</span> <span class='ocrx_word' id='word_1_610' title='bbox 1005 4889 1236 4960; x_wconf 85' lang='grc' dir='ltr'>θεωρίαν</span> <span class='ocrx_word' id='word_1_611' title='bbox 1251 4889 1337 4943; x_wconf 74' lang='grc' dir='ltr'>διὰ</span> <span class='ocrx_word' id='word_1_612' title='bbox 1359 4890 1454 4960; x_wconf 76' lang='grc' dir='ltr'>τῆς</span> <span class='ocrx_word' id='word_1_613' title='bbox 1475 4907 1706 4962; x_wconf 88' lang='grc' dir='ltr'>πρακτι-</span> 
     </span>
    </p>
   </div>
   <div class='ocr_carea' id='block_1_84' title="bbox 149 4973 1069 5054">
    <p class='ocr_par' dir='ltr' id='par_1_84' title="bbox 149 4973 1069 5054">
     <span class='ocr_line' id='line_1_84' title="bbox 149 4973 1069 5054; baseline 0.002 -24"><span class='ocrx_word' id='word_1_614' title='bbox 149 4973 232 5044; x_wconf 76' lang='grc' dir='ltr'>κῆς</span> <span class='ocrx_word' id='word_1_615' title='bbox 254 4978 476 5035; x_wconf 72' lang='grc' dir='ltr'>ἕλκουσα</span> <span class='ocrx_word' id='word_1_616' title='bbox 513 4981 657 5054; x_wconf 83' lang='grc' dir='ltr'>πρὸς</span> <span class='ocrx_word' id='word_1_617' title='bbox 688 4980 856 5052; x_wconf 82' lang='grc' dir='ltr'>αὐτὴν</span> <span class='ocrx_word' id='word_1_618' title='bbox 882 4979 1069 5047; x_wconf 74' lang='grc' dir='ltr'>ἕξεως.</span> 
     </span>
    </p>
   </div>
   <div class='ocr_carea' id='block_1_85' title="bbox 197 5057 1706 5150">
    <p class='ocr_par' dir='ltr' id='par_1_85' title="bbox 197 5057 1706 5150">
     <span class='ocr_line' id='line_1_85' title="bbox 197 5057 1706 5150; baseline 0.003 -30"><span class='ocrx_word' id='word_1_619' title='bbox 197 5069 258 5120; x_wconf 85' lang='grc' dir='ltr'><strong>Ἤ</strong></span> <span class='ocrx_word' id='word_1_620' title='bbox 288 5072 379 5126; x_wconf 76' lang='grc' dir='ltr'><strong>καὶ</strong></span> <span class='ocrx_word' id='word_1_621' title='bbox 411 5074 514 5144; x_wconf 80' lang='grc' dir='ltr'>τὴν</span> <span class='ocrx_word' id='word_1_622' title='bbox 558 5074 628 5125; x_wconf 72' lang='grc' dir='ltr'>ἐκ</span> <span class='ocrx_word' id='word_1_623' title='bbox 659 5073 855 5136; x_wconf 85' lang='grc' dir='ltr'>νυκτὸς</span> <span class='ocrx_word' id='word_1_624' title='bbox 883 5069 1250 5143; x_wconf 83' lang='grc' dir='ltr'>ἀνισταμένην</span> <span class='ocrx_word' id='word_1_625' title='bbox 1273 5057 1471 5150; x_wconf 71' lang='grc' dir='ltr'>ψυχὴν,</span> <span class='ocrx_word' id='word_1_626' title='bbox 1500 5087 1706 5143; x_wconf 89' lang='grc' dir='ltr'>γρηγο-</span> 
     </span>
    </p>
   </div>
   <div class='ocr_carea' id='block_1_86' title="bbox 149 5158 1705 5237">
    <p class='ocr_par' dir='ltr' id='par_1_86' title="bbox 149 5158 1705 5237">
     <span class='ocr_line' id='line_1_86' title="bbox 149 5158 1705 5237; baseline 0.003 -27"><span class='ocrx_word' id='word_1_627' title='bbox 149 5158 314 5225; x_wconf 71' lang='grc' dir='ltr'>ροῦσαν</span> <span class='ocrx_word' id='word_1_628' title='bbox 358 5165 616 5237; x_wconf 77' lang='grc' dir='ltr'>εὑρίσκει</span> <span class='ocrx_word' id='word_1_629' title='bbox 666 5166 695 5218; x_wconf 90' lang='lat'><strong>6</strong></span> <span class='ocrx_word' id='word_1_630' title='bbox 744 5163 842 5234; x_wconf 80' lang='grc' dir='ltr'>τῆς</span> <span class='ocrx_word' id='word_1_631' title='bbox 885 5161 1230 5234; x_wconf 80' lang='grc' dir='ltr'>δικαιοσύνης</span> <span class='ocrx_word' id='word_1_632' title='bbox 1264 5161 1413 5232; x_wconf 79' lang='grc' dir='ltr'>ἣλιος</span> <span class='ocrx_word' id='word_1_633' title='bbox 1446 5161 1705 5232; x_wconf 74' lang='grc' dir='ltr'>νυμφίος·</span> 
     </span>
    </p>
   </div>
   <div class='ocr_carea' id='block_1_87' title="bbox 144 5237 1709 5326">
    <p class='ocr_par' dir='ltr' id='par_1_87' title="bbox 144 5237 1709 5326">
     <span class='ocr_line' id='line_1_87' title="bbox 144 5237 1709 5326; baseline 0 -21"><span class='ocrx_word' id='word_1_634' title='bbox 358 5256 416 5308; x_wconf 83' lang='grc' dir='ltr'>δὲ</span> <span class='ocrx_word' id='word_1_635' title='bbox 459 5257 560 5309; x_wconf 79' lang='grc' dir='ltr'><strong>καὶ</strong></span> <span class='ocrx_word' id='word_1_636' title='bbox 608 5254 1055 5326; x_wconf 85' lang='grc' dir='ltr'>προσευχομένην</span> <span class='ocrx_word' id='word_1_637' title='bbox 1081 5253 1176 5306; x_wconf 79' lang='grc' dir='ltr'>τοῦ</span> <span class='ocrx_word' id='word_1_638' title='bbox 1218 5253 1293 5323; x_wconf 86' lang='grc' dir='ltr'>μὴ</span> <span class='ocrx_word' id='word_1_639' title='bbox 1335 5254 1596 5323; x_wconf 74' lang='grc' dir='ltr'>ἐμπεσεῖν</span> <span class='ocrx_word' id='word_1_640' title='bbox 1630 5237 1709 5316; x_wconf 72' lang='grc' dir='ltr'>εἰς</span> 
     </span>
    </p>
   </div>
   <div class='ocr_carea' id='block_1_88' title="bbox 146 5344 1707 5417">
    <p class='ocr_par' dir='ltr' id='par_1_88' title="bbox 146 5344 1707 5417">
     <span class='ocr_line' id='line_1_88' title="bbox 146 5344 1707 5417; baseline 0.006 -28"><span class='ocrx_word' id='word_1_641' title='bbox 146 5347 437 5417; x_wconf 73' lang='grc' dir='ltr'>πειρασμὸν,</span> <span class='ocrx_word' id='word_1_642' title='bbox 453 5347 726 5416; x_wconf 83' lang='grc' dir='ltr'>λέγουσαν</span> <span class='ocrx_word' id='word_1_643' title='bbox 748 5347 831 5411; x_wconf 86' lang='grc' dir='ltr'><strong>τὸ,</strong></span> <span class='ocrx_word' id='word_1_644' title='bbox 861 5344 1213 5417; x_wconf 80' lang='grc' dir='ltr'>Ὴγρύπνησα</span> <span class='ocrx_word' id='word_1_645' title='bbox 1229 5345 1324 5398; x_wconf 76' lang='grc' dir='ltr'>καὶ</span> <span class='ocrx_word' id='word_1_646' title='bbox 1342 5346 1607 5417; x_wconf 79' lang='grc' dir='ltr'>ἐγενόμην</span> <span class='ocrx_word' id='word_1_647' title='bbox 1633 5345 1707 5410; x_wconf 81' lang='grc' dir='ltr'>ὡς</span> 
     </span>
    </p>
   </div>
   <div class='ocr_carea' id='block_1_89' title="bbox 145 5436 1706 5509">
    <p class='ocr_par' dir='ltr' id='par_1_89' title="bbox 145 5436 1706 5509">
     <span class='ocr_line' id='line_1_89' title="bbox 145 5436 1706 5509; baseline 0.002 -22"><span class='ocrx_word' id='word_1_648' title='bbox 145 5437 389 5503; x_wconf 74' lang='grc' dir='ltr'>στρουθίον</span> <span class='ocrx_word' id='word_1_649' title='bbox 419 5440 662 5509; x_wconf 74' lang='grc' dir='ltr'>μονάζον</span> <span class='ocrx_word' id='word_1_650' title='bbox 692 5439 785 5491; x_wconf 75' lang='grc' dir='ltr'><strong>ἐπὶ</strong></span> <span class='ocrx_word' id='word_1_651' title='bbox 824 5436 1071 5508; x_wconf 82' lang='grc' dir='ltr'>δώματος</span> <span class='ocrx_word' id='word_1_652' title='bbox 1093 5452 1107 5464; x_wconf 73' lang='grc' dir='ltr'><strong><em>ο</em></strong></span> <span class='ocrx_word' id='word_1_653' title='bbox 1141 5436 1338 5507; x_wconf 84' lang='grc' dir='ltr'>βρῶμα</span> <span class='ocrx_word' id='word_1_654' title='bbox 1363 5437 1419 5490; x_wconf 87' lang='grc' dir='ltr'><strong>δέ</strong></span> <span class='ocrx_word' id='word_1_655' title='bbox 1453 5439 1569 5490; x_wconf 81' lang='grc' dir='ltr'>ἐστι</span> <span class='ocrx_word' id='word_1_656' title='bbox 1600 5437 1706 5508; x_wconf 74' lang='grc' dir='ltr'><strong>ψυ-</strong></span> 
     </span>
    </p>
   </div>
   <div class='ocr_carea' id='block_1_90' title="bbox 143 5525 1704 5604">
    <p class='ocr_par' dir='ltr' id='par_1_90' title="bbox 143 5525 1704 5604">
     <span class='ocr_line' id='line_1_90' title="bbox 143 5525 1704 5604; baseline -0.019 -12"><span class='ocrx_word' id='word_1_657' title='bbox 143 5525 294 5599; x_wconf 56' lang='lat' dir='ltr'><strong>limi</strong></span> <span class='ocrx_word' id='word_1_658' title='bbox 321 5531 523 5603; x_wconf 85' lang='grc' dir='ltr'>μελέτη</span> <span class='ocrx_word' id='word_1_659' title='bbox 551 5530 665 5584; x_wconf 87' lang='grc' dir='ltr'><strong>τῶν</strong></span> <span class='ocrx_word' id='word_1_660' title='bbox 691 5531 850 5585; x_wconf 89' lang='grc' dir='ltr'>θείων</span> <span class='ocrx_word' id='word_1_661' title='bbox 874 5531 1049 5599; x_wconf 86' lang='grc' dir='ltr'>λόγων</span> <span class='ocrx_word' id='word_1_662' title='bbox 1073 5545 1086 5558; x_wconf 87' lang='grc'><strong>·</strong></span> <span class='ocrx_word' id='word_1_663' title='bbox 1118 5529 1256 5602; x_wconf 72' lang='grc' dir='ltr'>ἔργα</span> <span class='ocrx_word' id='word_1_664' title='bbox 1279 5529 1336 5590; x_wconf 79' lang='grc' dir='ltr'><strong>δὲ</strong></span> <span class='ocrx_word' id='word_1_665' title='bbox 1352 5571 1368 5598; x_wconf 65' lang='grc'><strong><em>,</em></strong></span> <span class='ocrx_word' id='word_1_666' title='bbox 1393 5532 1449 5588; x_wconf 70' lang='grc' dir='ltr'><strong>αξ</strong></span> <span class='ocrx_word' id='word_1_667' title='bbox 1475 5530 1666 5604; x_wconf 64' lang='grc' dir='ltr'>ἀρεταί</span> <span class='ocrx_word' id='word_1_668' title='bbox 1689 5546 1704 5562; x_wconf 93' lang='grc'><strong>.</strong></span> 
     </span>
    </p>
   </div>
   <div class='ocr_carea' id='block_1_91' title="bbox 197 5690 1013 5764">
    <p class='ocr_par' dir='ltr' id='par_1_91' title="bbox 197 5690 1013 5764">
     <span class='ocr_line' id='line_1_91' title="bbox 197 5690 1013 5764; baseline 0.006 -20"><span class='ocrx_word' id='word_1_669' title='bbox 197 5690 274 5744; x_wconf 82' lang='grc'><strong>⁷⁸1</strong></span> <span class='ocrx_word' id='word_1_670' title='bbox 300 5693 429 5764; x_wconf 78' lang='lat' dir='ltr'><strong>Reg.</strong></span> <span class='ocrx_word' id='word_1_671' title='bbox 465 5712 526 5760; x_wconf 82' lang='lat' dir='ltr'><strong>lt,</strong></span> <span class='ocrx_word' id='word_1_672' title='bbox 571 5693 668 5750; x_wconf 74' lang='lat'><strong>&#39;50.</strong></span> <span class='ocrx_word' id='word_1_673' title='bbox 761 5696 807 5728; x_wconf 78' lang='grc'><strong>⁷⁷</strong></span> <span class='ocrx_word' id='word_1_674' title='bbox 839 5709 892 5751; x_wconf 84' lang='lat' dir='ltr'><strong>v.</strong></span> <span class='ocrx_word' id='word_1_675' title='bbox 921 5696 1013 5750; x_wconf 70' lang='grc'><strong>24.</strong></span> 
     </span>
    </p>
   </div>
   <div class='ocr_carea' id='block_1_92' title="bbox 143 5755 1666 5824">
    <p class='ocr_par' dir='ltr' id='par_1_92' title="bbox 143 5755 1666 5824">
     <span class='ocr_line' id='line_1_92' title="bbox 143 5755 1666 5824; baseline 0.002 -9"><span class='ocrx_word' id='word_1_676' title='bbox 143 5755 242 5814; x_wconf 75' lang='lat' dir='ltr'><strong>“v.</strong></span> <span class='ocrx_word' id='word_1_677' title='bbox 270 5755 407 5818; x_wconf 70' lang='lat' dir='ltr'><strong>se.&quot;</strong></span> <span class='ocrx_word' id='word_1_678' title='bbox 436 5767 484 5798; x_wconf 72' lang='grc' dir='ltr'>οι</span> <span class='ocrx_word' id='word_1_679' title='bbox 517 5755 572 5819; x_wconf 73' lang='lat' dir='ltr'><strong>’v.</strong></span> <span class='ocrx_word' id='word_1_680' title='bbox 609 5767 691 5822; x_wconf 82' lang='lat' dir='ltr'><strong>tu.</strong></span> <span class='ocrx_word' id='word_1_681' title='bbox 772 5765 817 5797; x_wconf 65' lang='grc' dir='ltr'>δι</span> <span class='ocrx_word' id='word_1_682' title='bbox 850 5782 903 5820; x_wconf 89' lang='lat' dir='ltr'><strong>v.</strong></span> <span class='ocrx_word' id='word_1_683' title='bbox 937 5768 1023 5820; x_wconf 84' lang='grc' dir='ltr'><strong>ιι.</strong></span> <span class='ocrx_word' id='word_1_684' title='bbox 1101 5768 1148 5802; x_wconf 72' lang='grc' dir='ltr'>εδ</span> <span class='ocrx_word' id='word_1_685' title='bbox 1175 5785 1223 5824; x_wconf 84' lang='grc' dir='ltr'><strong>ν.</strong></span> <span class='ocrx_word' id='word_1_686' title='bbox 1252 5769 1341 5823; x_wconf 77' lang='grc' dir='ltr'><strong>ιδ.</strong></span> <span class='ocrx_word' id='word_1_687' title='bbox 1421 5755 1471 5798; x_wconf 62' lang='grc' dir='ltr'><strong>*ὁ</strong></span> <span class='ocrx_word' id='word_1_688' title='bbox 1490 5781 1541 5818; x_wconf 83' lang='grc' dir='ltr'><strong>ν.</strong></span> <span class='ocrx_word' id='word_1_689' title='bbox 1581 5766 1666 5819; x_wconf 72' lang='grc' dir='ltr'>ιδ.</span> 
     </span>
    </p>
   </div>
   <div class='ocr_carea' id='block_1_93' title="bbox 1109 5690 2161 5759">
    <p class='ocr_par' dir='ltr' id='par_1_93' title="bbox 1109 5690 2161 5759">
     <span class='ocr_line' id='line_1_93' title="bbox 1109 5690 2161 5759; baseline -0.01 -4"><span class='ocrx_word' id='word_1_690' title='bbox 1109 5700 1154 5732; x_wconf 81' lang='grc'>⁷³</span> <span class='ocrx_word' id='word_1_691' title='bbox 1226 5697 1385 5754; x_wconf 83' lang='lat' dir='ltr'><strong>Joan.</strong></span> <span class='ocrx_word' id='word_1_692' title='bbox 1419 5711 1474 5759; x_wconf 69' lang='grc' dir='ltr'><strong>κ,</strong></span> <span class='ocrx_word' id='word_1_693' title='bbox 1500 5694 1589 5749; x_wconf 80' lang='grc'>10.</span> <span class='ocrx_word' id='word_1_694' title='bbox 1667 5696 1710 5728; x_wconf 71' lang='grc'>⁷⁸</span> <span class='ocrx_word' id='word_1_695' title='bbox 1737 5691 1881 5748; x_wconf 71' lang='lat' dir='ltr'><strong>Psal.</strong></span> <span class='ocrx_word' id='word_1_696' title='bbox 1923 5706 2077 5756; x_wconf 72' lang='grc' dir='ltr'><strong>χχχι,</strong></span> <span class='ocrx_word' id='word_1_697' title='bbox 2107 5690 2161 5744; x_wconf 80' lang='lat'><strong>5.</strong></span> 
     </span>
    </p>
   </div>
   <div class='ocr_carea' id='block_1_94' title="bbox 1738 5760 2151 5828">
    <p class='ocr_par' dir='ltr' id='par_1_94' title="bbox 1738 5760 2151 5828">
     <span class='ocr_line' id='line_1_94' title="bbox 1738 5760 2151 5828; baseline -0.005 -10"><span class='ocrx_word' id='word_1_698' title='bbox 1738 5765 1782 5797; x_wconf 83' lang='grc'><strong>⁸⁷</strong></span> <span class='ocrx_word' id='word_1_699' title='bbox 1818 5760 1956 5818; x_wconf 75' lang='lat' dir='ltr'><strong>Psal.</strong></span> <span class='ocrx_word' id='word_1_700' title='bbox 1991 5778 2065 5828; x_wconf 87' lang='lat' dir='ltr'><strong>Cl,</strong></span> <span class='ocrx_word' id='word_1_701' title='bbox 2099 5763 2151 5817; x_wconf 92' lang='lat'><strong>8.</strong></span> 
     </span>
    </p>
   </div>
   <div class='ocr_carea' id='block_1_95' title="bbox 1881 3968 3390 4041">
    <p class='ocr_par' dir='ltr' id='par_1_95' title="bbox 1881 3968 3390 4041">
     <span class='ocr_line' id='line_1_95' title="bbox 1881 3968 3390 4041; baseline 0.002 -18"><span class='ocrx_word' id='word_1_702' title='bbox 1881 3970 1930 4002; x_wconf 81' lang='grc'><strong>⁸³</strong></span> <span class='ocrx_word' id='word_1_703' title='bbox 1951 3968 2238 4026; x_wconf 85' lang='lat' dir='ltr'><strong>Fortitudo</strong></span> <span class='ocrx_word' id='word_1_704' title='bbox 2263 3979 2346 4026; x_wconf 91' lang='lat' dir='ltr'><strong>cst</strong></span> <span class='ocrx_word' id='word_1_705' title='bbox 2383 3969 2585 4040; x_wconf 85' lang='lat' dir='ltr'><strong>optima</strong></span> <span class='ocrx_word' id='word_1_706' title='bbox 2623 3970 2862 4041; x_wconf 84' lang='lat' dir='ltr'><strong>qualitas</strong></span> <span class='ocrx_word' id='word_1_707' title='bbox 2913 3971 3112 4027; x_wconf 75' lang='lat' dir='ltr'><strong>anima:</strong></span> <span class='ocrx_word' id='word_1_708' title='bbox 3154 3971 3390 4026; x_wconf 81' lang='lat' dir='ltr'><strong>rationa-</strong></span> 
     </span>
    </p>
   </div>
   <div class='ocr_carea' id='block_1_96' title="bbox 1812 4062 3318 4134">
    <p class='ocr_par' dir='ltr' id='par_1_96' title="bbox 1812 4062 3318 4134">
     <span class='ocr_line' id='line_1_96' title="bbox 1812 4062 3318 4134; baseline 0.001 -17"><span class='ocrx_word' id='word_1_709' title='bbox 1812 4062 1896 4129; x_wconf 84' lang='lat' dir='ltr'><strong>iis,</strong></span> <span class='ocrx_word' id='word_1_710' title='bbox 1933 4077 2035 4132; x_wconf 84' lang='lat' dir='ltr'><strong>qua</strong></span> <span class='ocrx_word' id='word_1_711' title='bbox 2064 4063 2414 4118; x_wconf 84' lang='lat' dir='ltr'><strong>adversantes</strong></span> <span class='ocrx_word' id='word_1_712' title='bbox 2444 4063 2548 4116; x_wconf 86' lang='lat' dir='ltr'><strong>sibi</strong></span> <span class='ocrx_word' id='word_1_713' title='bbox 2579 4063 2828 4119; x_wconf 88' lang='lat' dir='ltr'><strong>inimicos</strong></span> <span class='ocrx_word' id='word_1_714' title='bbox 2858 4063 3038 4119; x_wconf 90' lang='lat' dir='ltr'><strong>anima</strong></span> <span class='ocrx_word' id='word_1_715' title='bbox 3076 4074 3318 4134; x_wconf 88' lang='lat' dir='ltr'><strong>superat.</strong></span> 
     </span>
    </p>
   </div>
   <div class='ocr_carea' id='block_1_97' title="bbox 1882 4155 3393 4226">
    <p class='ocr_par' dir='ltr' id='par_1_97' title="bbox 1882 4155 3393 4226">
     <span class='ocr_line' id='line_1_97' title="bbox 1882 4155 3393 4226; baseline 0.001 -16"><span class='ocrx_word' id='word_1_716' title='bbox 1882 4155 2219 4226; x_wconf 70' lang='lat' dir='ltr'><strong>“Superata</strong></span> <span class='ocrx_word' id='word_1_717' title='bbox 2266 4155 2583 4209; x_wconf 85' lang='lat' dir='ltr'><strong>adversaria</strong></span> <span class='ocrx_word' id='word_1_718' title='bbox 2623 4156 2886 4226; x_wconf 82' lang='lat' dir='ltr'><strong>potentia,</strong></span> <span class='ocrx_word' id='word_1_719' title='bbox 2932 4157 3220 4212; x_wconf 85' lang='lat' dir='ltr'><strong>manubias</strong></span> <span class='ocrx_word' id='word_1_720' title='bbox 3265 4157 3393 4212; x_wconf 90' lang='lat' dir='ltr'><strong>inde</strong></span> 
     </span>
    </p>
   </div>
   <div class='ocr_carea' id='block_1_98' title="bbox 1813 4244 3392 4318">
    <p class='ocr_par' dir='ltr' id='par_1_98' title="bbox 1813 4244 3392 4318">
     <span class='ocr_line' id='line_1_98' title="bbox 1813 4244 3392 4318; baseline 0.001 -16"><span class='ocrx_word' id='word_1_721' title='bbox 1813 4246 2076 4317; x_wconf 89' lang='lat' dir='ltr'><strong>capimus,</strong></span> <span class='ocrx_word' id='word_1_722' title='bbox 2103 4245 2468 4300; x_wconf 88' lang='lat' dir='ltr'><strong>litteraturam</strong></span> <span class='ocrx_word' id='word_1_723' title='bbox 2507 4244 2627 4313; x_wconf 79' lang='lat' dir='ltr'><strong>ejus</strong></span> <span class='ocrx_word' id='word_1_724' title='bbox 2665 4247 2928 4303; x_wconf 87' lang='lat' dir='ltr'><strong>discendo</strong></span> <span class='ocrx_word' id='word_1_725' title='bbox 2958 4265 2972 4303; x_wconf 89' lang='lat'><strong>:</strong></span> <span class='ocrx_word' id='word_1_726' title='bbox 3007 4257 3066 4302; x_wconf 90' lang='lat' dir='ltr'><strong>ut</strong></span> <span class='ocrx_word' id='word_1_727' title='bbox 3097 4248 3231 4304; x_wconf 88' lang='lat' dir='ltr'><strong>vitia</strong></span> <span class='ocrx_word' id='word_1_728' title='bbox 3273 4248 3392 4318; x_wconf 87' lang='lat' dir='ltr'><strong>ejus</strong></span> 
     </span>
    </p>
   </div>
   <div class='ocr_carea' id='block_1_99' title="bbox 1813 4337 3393 4410">
    <p class='ocr_par' dir='ltr' id='par_1_99' title="bbox 1813 4337 3393 4410">
     <span class='ocr_line' id='line_1_99' title="bbox 1813 4337 3393 4410; baseline 0.001 -18"><span class='ocrx_word' id='word_1_729' title='bbox 1813 4339 1993 4410; x_wconf 86' lang='lat' dir='ltr'><strong>palam</strong></span> <span class='ocrx_word' id='word_1_730' title='bbox 2032 4337 2321 4404; x_wconf 81' lang='lat' dir='ltr'><strong>facientes,</strong></span> <span class='ocrx_word' id='word_1_731' title='bbox 2359 4355 2466 4393; x_wconf 91' lang='lat' dir='ltr'><strong>non</strong></span> <span class='ocrx_word' id='word_1_732' title='bbox 2506 4340 2668 4394; x_wconf 87' lang='lat' dir='ltr'><strong>modo</strong></span> <span class='ocrx_word' id='word_1_733' title='bbox 2691 4349 2922 4395; x_wconf 87' lang='lat' dir='ltr'><strong>caveant</strong></span> <span class='ocrx_word' id='word_1_734' title='bbox 2951 4355 2979 4394; x_wconf 91' lang='lat' dir='ltr'><strong>a</strong></span> <span class='ocrx_word' id='word_1_735' title='bbox 3017 4339 3229 4410; x_wconf 89' lang='lat' dir='ltr'><strong>laqueis</strong></span> <span class='ocrx_word' id='word_1_736' title='bbox 3259 4342 3393 4394; x_wconf 87' lang='lat' dir='ltr'><strong>sim-</strong></span> 
     </span>
    </p>
   </div>
   <div class='ocr_carea' id='block_1_100' title="bbox 1813 4428 3393 4504">
    <p class='ocr_par' dir='ltr' id='par_1_100' title="bbox 1813 4428 3393 4504">
     <span class='ocr_line' id='line_1_100' title="bbox 1813 4428 3393 4504; baseline 0.002 -18"><span class='ocrx_word' id='word_1_737' title='bbox 1813 4431 2093 4502; x_wconf 83' lang='lat' dir='ltr'><strong>pliciores,</strong></span> <span class='ocrx_word' id='word_1_738' title='bbox 2126 4428 2412 4487; x_wconf 85' lang='lat' dir='ltr'><strong>sed&#39;etiam</strong></span> <span class='ocrx_word' id='word_1_739' title='bbox 2439 4441 2705 4504; x_wconf 90' lang='lat' dir='ltr'><strong>quotquot</strong></span> <span class='ocrx_word' id='word_1_740' title='bbox 2742 4431 2940 4487; x_wconf 89' lang='lat' dir='ltr'><strong>irretiti</strong></span> <span class='ocrx_word' id='word_1_741' title='bbox 2972 4431 3196 4487; x_wconf 74' lang='lat' dir='ltr'><strong>fuerant</strong></span> <span class='ocrx_word' id='word_1_742' title='bbox 3230 4433 3393 4489; x_wconf 86' lang='lat' dir='ltr'><strong>taciie</strong></span> 
     </span>
    </p>
   </div>
   <div class='ocr_carea' id='block_1_101' title="bbox 1810 4520 2069 4590">
    <p class='ocr_par' dir='ltr' id='par_1_101' title="bbox 1810 4520 2069 4590">
     <span class='ocr_line' id='line_1_101' title="bbox 1810 4520 2069 4590; baseline -0.008 -12"><span class='ocrx_word' id='word_1_743' title='bbox 1810 4520 2069 4590; x_wconf 73' lang='lat' dir='ltr'><strong>eﬂ‘ugiant</strong></span> 
     </span>
    </p>
   </div>
   <div class='ocr_carea' id='block_1_102' title="bbox 1880 4615 3390 4687">
    <p class='ocr_par' dir='ltr' id='par_1_102' title="bbox 1880 4615 3390 4687">
     <span class='ocr_line' id='line_1_102' title="bbox 1880 4615 3390 4687; baseline 0.002 -18"><span class='ocrx_word' id='word_1_744' title='bbox 1880 4617 1926 4648; x_wconf 81' lang='grc'><strong>⁸⁸</strong></span> <span class='ocrx_word' id='word_1_745' title='bbox 1948 4615 2152 4670; x_wconf 88' lang='lat' dir='ltr'><strong>Lanam</strong></span> <span class='ocrx_word' id='word_1_746' title='bbox 2189 4615 2475 4687; x_wconf 90' lang='lat' dir='ltr'><strong>linumque</strong></span> <span class='ocrx_word' id='word_1_747' title='bbox 2515 4625 2607 4671; x_wconf 91' lang='lat' dir='ltr'><strong>net</strong></span> <span class='ocrx_word' id='word_1_748' title='bbox 2632 4617 2837 4684; x_wconf 90' lang='lat' dir='ltr'><strong>anima,</strong></span> <span class='ocrx_word' id='word_1_749' title='bbox 2865 4632 2989 4672; x_wconf 92' lang='lat' dir='ltr'><strong>cum</strong></span> <span class='ocrx_word' id='word_1_750' title='bbox 3023 4618 3390 4672; x_wconf 86' lang='lat' dir='ltr'><strong>animatarum</strong></span> 
     </span>
    </p>
   </div>
   <div class='ocr_carea' id='block_1_103' title="bbox 1809 4708 3390 4768">
    <p class='ocr_par' dir='ltr' id='par_1_103' title="bbox 1809 4708 3390 4768">
     <span class='ocr_line' id='line_1_103' title="bbox 1809 4708 3390 4768; baseline 0.001 -6"><span class='ocrx_word' id='word_1_751' title='bbox 1809 4715 1866 4762; x_wconf 85' lang='lat' dir='ltr'><strong>et</strong></span> <span class='ocrx_word' id='word_1_752' title='bbox 1911 4708 2339 4762; x_wconf 86' lang='lat' dir='ltr'><strong>inanimatarutn</strong></span> <span class='ocrx_word' id='word_1_753' title='bbox 2393 4709 2670 4763; x_wconf 88' lang='lat' dir='ltr'><strong>doctrinas</strong></span> <span class='ocrx_word' id='word_1_754' title='bbox 2732 4709 3059 4768; x_wconf 86' lang='lat' dir='ltr'><strong>meditatur:</strong></span> <span class='ocrx_word' id='word_1_755' title='bbox 3130 4709 3219 4765; x_wconf 88' lang='lat' dir='ltr'><strong>vel</strong></span> <span class='ocrx_word' id='word_1_756' title='bbox 3267 4725 3390 4764; x_wconf 90' lang='lat' dir='ltr'><strong>cum</strong></span> 
     </span>
    </p>
   </div>
   <div class='ocr_carea' id='block_1_104' title="bbox 1813 4799 3384 4872">
    <p class='ocr_par' dir='ltr' id='par_1_104' title="bbox 1813 4799 3384 4872">
     <span class='ocr_line' id='line_1_104' title="bbox 1813 4799 3384 4872; baseline 0.002 -21"><span class='ocrx_word' id='word_1_757' title='bbox 1813 4799 2070 4869; x_wconf 70' lang='lat' dir='ltr'><strong>practica:</strong></span> <span class='ocrx_word' id='word_1_758' title='bbox 2106 4808 2160 4854; x_wconf 88' lang='lat' dir='ltr'><strong>et</strong></span> <span class='ocrx_word' id='word_1_759' title='bbox 2197 4800 2435 4872; x_wconf 70' lang='lat' dir='ltr'><strong>physica:</strong></span> <span class='ocrx_word' id='word_1_760' title='bbox 2465 4810 2746 4854; x_wconf 91' lang='lat' dir='ltr'><strong>scrutatur</strong></span> <span class='ocrx_word' id='word_1_761' title='bbox 2790 4803 3076 4856; x_wconf 86' lang='lat' dir='ltr'><strong>methodos</strong></span> <span class='ocrx_word' id='word_1_762' title='bbox 3105 4819 3119 4855; x_wconf 88' lang='lat'><strong>:</strong></span> <span class='ocrx_word' id='word_1_763' title='bbox 3145 4802 3231 4856; x_wconf 88' lang='lat' dir='ltr'><strong>vel</strong></span> <span class='ocrx_word' id='word_1_764' title='bbox 3261 4817 3384 4856; x_wconf 89' lang='lat' dir='ltr'><strong>cum</strong></span> 
     </span>
    </p>
   </div>
   <div class='ocr_carea' id='block_1_105' title="bbox 1815 4890 3382 4960">
    <p class='ocr_par' dir='ltr' id='par_1_105' title="bbox 1815 4890 3382 4960">
     <span class='ocr_line' id='line_1_105' title="bbox 1815 4890 3382 4960; baseline 0.001 -16"><span class='ocrx_word' id='word_1_765' title='bbox 1815 4890 2258 4960; x_wconf 88' lang='lat' dir='ltr'><strong>incorporeorutn</strong></span> <span class='ocrx_word' id='word_1_766' title='bbox 2289 4891 2559 4946; x_wconf 89' lang='lat' dir='ltr'><strong>theoriam</strong></span> <span class='ocrx_word' id='word_1_767' title='bbox 2588 4892 2833 4960; x_wconf 88' lang='lat' dir='ltr'><strong>practica</strong></span> <span class='ocrx_word' id='word_1_768' title='bbox 2869 4893 2934 4945; x_wconf 93' lang='lat' dir='ltr'><strong>ad</strong></span> <span class='ocrx_word' id='word_1_769' title='bbox 2969 4908 3029 4946; x_wconf 88' lang='lat' dir='ltr'><strong>se</strong></span> <span class='ocrx_word' id='word_1_770' title='bbox 3059 4893 3226 4946; x_wconf 84' lang='lat' dir='ltr'><strong>trahit</strong></span> <span class='ocrx_word' id='word_1_771' title='bbox 3255 4908 3382 4946; x_wconf 85' lang='lat' dir='ltr'><strong>con-</strong></span> 
     </span>
    </p>
   </div>
   <div class='ocr_carea' id='block_1_106' title="bbox 1814 4982 2125 5038">
    <p class='ocr_par' dir='ltr' id='par_1_106' title="bbox 1814 4982 2125 5038">
     <span class='ocr_line' id='line_1_106' title="bbox 1814 4982 2125 5038; baseline 0 0"><span class='ocrx_word' id='word_1_772' title='bbox 1814 4982 2125 5038; x_wconf 86' lang='lat' dir='ltr'><strong>suetudine.</strong></span> 
     </span>
    </p>
   </div>
   <div class='ocr_carea' id='block_1_107' title="bbox 1887 5074 3390 5148">
    <p class='ocr_par' dir='ltr' id='par_1_107' title="bbox 1887 5074 3390 5148">
     <span class='ocr_line' id='line_1_107' title="bbox 1887 5074 3390 5148; baseline 0 -18"><span class='ocrx_word' id='word_1_773' title='bbox 1887 5074 1938 5106; x_wconf 77' lang='grc'><strong>⁸⁸</strong></span> <span class='ocrx_word' id='word_1_774' title='bbox 1963 5074 2137 5130; x_wconf 69' lang='lat' dir='ltr'><strong>Noctu</strong></span> <span class='ocrx_word' id='word_1_775' title='bbox 2175 5083 2560 5145; x_wconf 80' lang='lat' dir='ltr'><strong>exsurgentem</strong></span> <span class='ocrx_word' id='word_1_776' title='bbox 2614 5078 2876 5146; x_wconf 86' lang='lat' dir='ltr'><strong>animam,</strong></span> <span class='ocrx_word' id='word_1_777' title='bbox 2909 5077 3129 5148; x_wconf 75' lang='lat' dir='ltr'><strong>vigilem</strong></span> <span class='ocrx_word' id='word_1_778' title='bbox 3185 5077 3390 5132; x_wconf 86' lang='lat' dir='ltr'><strong>invenit</strong></span> 
     </span>
    </p>
   </div>
   <div class='ocr_carea' id='block_1_108' title="bbox 1817 5163 3389 5234">
    <p class='ocr_par' dir='ltr' id='par_1_108' title="bbox 1817 5163 3389 5234">
     <span class='ocr_line' id='line_1_108' title="bbox 1817 5163 3389 5234; baseline -0.001 -14"><span class='ocrx_word' id='word_1_779' title='bbox 1817 5178 2048 5234; x_wconf 91' lang='lat' dir='ltr'><strong>sponsus</strong></span> <span class='ocrx_word' id='word_1_780' title='bbox 2072 5163 2301 5232; x_wconf 75' lang='lat' dir='ltr'><strong>juStitize</strong></span> <span class='ocrx_word' id='word_1_781' title='bbox 2341 5166 2446 5231; x_wconf 77' lang='lat' dir='ltr'><strong>sol,</strong></span> <span class='ocrx_word' id='word_1_782' title='bbox 2480 5182 2580 5222; x_wconf 89' lang='lat' dir='ltr'><strong>nec</strong></span> <span class='ocrx_word' id='word_1_783' title='bbox 2610 5182 2717 5222; x_wconf 89' lang='lat' dir='ltr'><strong>non</strong></span> <span class='ocrx_word' id='word_1_784' title='bbox 2748 5169 2909 5223; x_wconf 82' lang='lat' dir='ltr'><strong>enixe</strong></span> <span class='ocrx_word' id='word_1_785' title='bbox 2949 5177 3198 5224; x_wconf 85' lang='lat' dir='ltr'><strong>orantem</strong></span> <span class='ocrx_word' id='word_1_786' title='bbox 3241 5177 3299 5221; x_wconf 93' lang='lat' dir='ltr'><strong>ut</strong></span> <span class='ocrx_word' id='word_1_787' title='bbox 3323 5182 3389 5221; x_wconf 83' lang='lat' dir='ltr'><strong>ne</strong></span> 
     </span>
    </p>
   </div>
   <div class='ocr_carea' id='block_1_109' title="bbox 1812 5257 3390 5330">
    <p class='ocr_par' dir='ltr' id='par_1_109' title="bbox 1812 5257 3390 5330">
     <span class='ocr_line' id='line_1_109' title="bbox 1812 5257 3390 5330; baseline 0.002 -19"><span class='ocrx_word' id='word_1_788' title='bbox 1812 5257 1866 5311; x_wconf 91' lang='lat' dir='ltr'><strong>in</strong></span> <span class='ocrx_word' id='word_1_789' title='bbox 1919 5258 2269 5313; x_wconf 86' lang='lat' dir='ltr'><strong>tentationem</strong></span> <span class='ocrx_word' id='word_1_790' title='bbox 2312 5259 2560 5325; x_wconf 88' lang='lat' dir='ltr'><strong>incidat,</strong></span> <span class='ocrx_word' id='word_1_791' title='bbox 2604 5260 2986 5330; x_wconf 86' lang='lat' dir='ltr'><strong>dicentemque</strong></span> <span class='ocrx_word' id='word_1_792' title='bbox 3021 5259 3293 5330; x_wconf 75' lang='lat' dir='ltr'><strong>:Vigilavi</strong></span> <span class='ocrx_word' id='word_1_793' title='bbox 3332 5269 3390 5314; x_wconf 86' lang='lat' dir='ltr'><strong>et</strong></span> 
     </span>
    </p>
   </div>
   <div class='ocr_carea' id='block_1_110' title="bbox 1813 5347 3389 5420">
    <p class='ocr_par' dir='ltr' id='par_1_110' title="bbox 1813 5347 3389 5420">
     <span class='ocr_line' id='line_1_110' title="bbox 1813 5347 3389 5420; baseline 0.001 -18"><span class='ocrx_word' id='word_1_794' title='bbox 1813 5347 1958 5403; x_wconf 84' lang='lat' dir='ltr'><strong>iacta</strong></span> <span class='ocrx_word' id='word_1_795' title='bbox 2005 5364 2125 5403; x_wconf 82' lang='lat' dir='ltr'><strong>sunt</strong></span> <span class='ocrx_word' id='word_1_796' title='bbox 2175 5349 2325 5403; x_wconf 83' lang='lat' dir='ltr'><strong>velut</strong></span> <span class='ocrx_word' id='word_1_797' title='bbox 2356 5365 2545 5420; x_wconf 85' lang='lat' dir='ltr'><strong>passer</strong></span> <span class='ocrx_word' id='word_1_798' title='bbox 2573 5351 2930 5407; x_wconf 74' lang='lat' dir='ltr'><strong>solitarius&quot;.</strong></span> <span class='ocrx_word' id='word_1_799' title='bbox 2972 5351 3068 5405; x_wconf 85' lang='lat' dir='ltr'><strong>Est</strong></span> <span class='ocrx_word' id='word_1_800' title='bbox 3097 5360 3275 5404; x_wconf 87' lang='lat' dir='ltr'><strong>autem</strong></span> <span class='ocrx_word' id='word_1_801' title='bbox 3305 5351 3389 5406; x_wconf 78' lang='lat' dir='ltr'><strong>ci-</strong></span> 
     </span>
    </p>
   </div>
   <div class='ocr_carea' id='block_1_111' title="bbox 1814 5439 3464 5512">
    <p class='ocr_par' dir='ltr' id='par_1_111' title="bbox 1814 5439 3464 5512">
     <span class='ocr_line' id='line_1_111' title="bbox 1814 5439 3464 5512; baseline 0.002 -18"><span class='ocrx_word' id='word_1_802' title='bbox 1814 5440 1915 5495; x_wconf 92' lang='lat' dir='ltr'><strong>bus</strong></span> <span class='ocrx_word' id='word_1_803' title='bbox 1947 5441 2163 5507; x_wconf 73' lang='lat' dir='ltr'><strong>animze,</strong></span> <span class='ocrx_word' id='word_1_804' title='bbox 2198 5442 2477 5496; x_wconf 86' lang='lat' dir='ltr'><strong>meditatio</strong></span> <span class='ocrx_word' id='word_1_805' title='bbox 2507 5443 2814 5497; x_wconf 89' lang='lat' dir='ltr'><strong>divinorum</strong></span> <span class='ocrx_word' id='word_1_806' title='bbox 2845 5441 3184 5511; x_wconf 87' lang='lat' dir='ltr'><strong>eloquiorum</strong></span> <span class='ocrx_word' id='word_1_807' title='bbox 3213 5459 3227 5498; x_wconf 90' lang='lat'>:</span> <span class='ocrx_word' id='word_1_808' title='bbox 3259 5457 3389 5512; x_wconf 77' lang='lat' dir='ltr'><strong>ope-</strong></span> <span class='ocrx_word' id='word_1_809' title='bbox 3447 5439 3464 5450; x_wconf 88' lang='grc'><strong>’</strong></span> 
     </span>
    </p>
   </div>
   <div class='ocr_carea' id='block_1_112' title="bbox 1814 5531 3388 5604">
    <p class='ocr_par' dir='ltr' id='par_1_112' title="bbox 1814 5531 3388 5604">
     <span class='ocr_line' id='line_1_112' title="bbox 1814 5531 3388 5604; baseline 0.001 -19"><span class='ocrx_word' id='word_1_810' title='bbox 1814 5545 1897 5598; x_wconf 88' lang='lat' dir='ltr'><strong>ra,</strong></span> <span class='ocrx_word' id='word_1_811' title='bbox 1931 5540 2057 5586; x_wconf 91' lang='lat' dir='ltr'><strong>sunt</strong></span> <span class='ocrx_word' id='word_1_812' title='bbox 2091 5533 2359 5600; x_wconf 87' lang='lat' dir='ltr'><strong>virtutes;</strong></span> <span class='ocrx_word' id='word_1_813' title='bbox 2386 5532 2620 5598; x_wconf 72' lang='lat' dir='ltr'><strong>ancillzn,</strong></span> <span class='ocrx_word' id='word_1_814' title='bbox 2649 5546 2868 5594; x_wconf 80' lang='lat' dir='ltr'><strong>sensus.</strong></span> <span class='ocrx_word' id='word_1_815' title='bbox 2926 5531 3054 5594; x_wconf 65' lang='lat' dir='ltr'><strong>Haec</strong></span> <span class='ocrx_word' id='word_1_816' title='bbox 3097 5547 3226 5604; x_wconf 71' lang='lat' dir='ltr'><strong>ergo</strong></span> <span class='ocrx_word' id='word_1_817' title='bbox 3256 5549 3388 5588; x_wconf 87' lang='lat' dir='ltr'><strong>con-</strong></span> 
     </span>
    </p>
   </div>
   <div class='ocr_carea' id='block_1_113' title="bbox 2263 5689 3387 5760">
    <p class='ocr_par' dir='ltr' id='par_1_113' title="bbox 2263 5689 3387 5760">
     <span class='ocr_line' id='line_1_113' title="bbox 2263 5689 3387 5760; baseline 0.004 -16"><span class='ocrx_word' id='word_1_818' title='bbox 2263 5691 2308 5723; x_wconf 80' lang='grc'>⁸⁰</span> <span class='ocrx_word' id='word_1_819' title='bbox 2331 5689 2433 5747; x_wconf 85' lang='lat' dir='ltr'><strong>isa.</strong></span> <span class='ocrx_word' id='word_1_820' title='bbox 2457 5705 2610 5760; x_wconf 78' lang='lat' dir='ltr'><strong>mn,</strong></span> <span class='ocrx_word' id='word_1_821' title='bbox 2635 5691 2728 5747; x_wconf 75' lang='lat'><strong>26.</strong></span> <span class='ocrx_word' id='word_1_822' title='bbox 2802 5691 2846 5723; x_wconf 76' lang='grc'><strong>⁸³</strong></span> <span class='ocrx_word' id='word_1_823' title='bbox 2881 5691 3042 5748; x_wconf 83' lang='lat' dir='ltr'><strong>Prov.</strong></span> <span class='ocrx_word' id='word_1_824' title='bbox 3076 5707 3270 5759; x_wconf 79' lang='lat' dir='ltr'><strong>xxvm,</strong></span> <span class='ocrx_word' id='word_1_825' title='bbox 3303 5693 3387 5748; x_wconf 77' lang='grc'><strong>15.</strong></span> 
     </span>
    </p>
   </div>
   <div class='ocr_carea' id='block_1_114' title="bbox 201 5905 2272 5992">
    <p class='ocr_par' dir='ltr' id='par_1_114' title="bbox 201 5905 2272 5992">
     <span class='ocr_line' id='line_1_114' title="bbox 201 5905 2272 5992; baseline -0.002 -24"><span class='ocrx_word' id='word_1_826' title='bbox 201 5905 300 5977; x_wconf 65' lang='grc'><strong>(28)</strong></span> <span class='ocrx_word' id='word_1_827' title='bbox 332 5908 583 5967; x_wconf 74' lang='lat' dir='ltr'><strong>Observa</strong></span> <span class='ocrx_word' id='word_1_828' title='bbox 617 5909 863 5982; x_wconf 81' lang='lat' dir='ltr'><strong>Origcnis</strong></span> <span class='ocrx_word' id='word_1_829' title='bbox 900 5913 1268 5970; x_wconf 87' lang='lat' dir='ltr'><strong>testimonium</strong></span> <span class='ocrx_word' id='word_1_830' title='bbox 1300 5916 1364 5970; x_wconf 88' lang='lat' dir='ltr'><strong>de</strong></span> <span class='ocrx_word' id='word_1_831' title='bbox 1397 5912 1716 5992; x_wconf 88' lang='lat' dir='ltr'><strong>custodibus</strong></span> <span class='ocrx_word' id='word_1_832' title='bbox 1741 5911 2016 5968; x_wconf 81' lang='lat' dir='ltr'><strong>hominum</strong></span> <span class='ocrx_word' id='word_1_833' title='bbox 2049 5908 2272 5980; x_wconf 77' lang='lat' dir='ltr'><strong>augelis.</strong></span> 
     </span>
    </p>
   </div>
  </div>
